  <div class='ocr_page' id='page_1' title='image "/cluster/home/n/w/nwhite01/storage/ocr_20150623/18/coo.31924054872985/599.png"; bbox 0 0 4100 6428; ppageno 0'>
   <div class='ocr_carea' id='block_1_1' title="bbox 457 409 588 464">
    <p class='ocr_par' dir='ltr' id='par_1_1' title="bbox 457 409 588 464">
     <span class='ocr_line' id='line_1_1' title="bbox 457 409 588 464; baseline 0.015 -2"><span class='ocrx_word' id='word_1_1' title='bbox 457 409 588 464; x_wconf 77' lang='lat' dir='ltr'><strong>H71</strong></span> 
     </span>
    </p>
   </div>
   <div class='ocr_carea' id='block_1_2' title="bbox 1571 410 2533 468">
    <p class='ocr_par' dir='ltr' id='par_1_2' title="bbox 1571 410 2533 468">
     <span class='ocr_line' id='line_1_2' title="bbox 1571 410 2533 468; baseline 0 -1"><span class='ocrx_word' id='word_1_2' title='bbox 1571 412 1708 468; x_wconf 87' lang='lat' dir='ltr'><strong>TlTl</strong></span> <span class='ocrx_word' id='word_1_3' title='bbox 1748 410 2173 468; x_wconf 78' lang='lat' dir='ltr'><strong>BOSTRENSIS</strong></span> <span class='ocrx_word' id='word_1_4' title='bbox 2226 412 2533 468; x_wconf 82' lang='lat' dir='ltr'><strong>EPISCOPI</strong></span> 
     </span>
    </p>
   </div>
   <div class='ocr_carea' id='block_1_3' title="bbox 3562 422 3701 475">
    <p class='ocr_par' dir='ltr' id='par_1_3' title="bbox 3562 422 3701 475">
     <span class='ocr_line' id='line_1_3' title="bbox 3562 422 3701 475; baseline -0.014 0"><span class='ocrx_word' id='word_1_5' title='bbox 3562 422 3701 475; x_wconf 73' lang='lat'><strong>“7.!</strong></span> 
     </span>
    </p>
   </div>
   <div class='ocr_carea' id='block_1_4' title="bbox 460 522 2035 607">
    <p class='ocr_par' dir='ltr' id='par_1_4' title="bbox 460 522 2029 585">
     <span class='ocr_line' id='line_1_4' title="bbox 460 522 2029 585; baseline 0.003 -7"><span class='ocrx_word' id='word_1_6' title='bbox 460 522 673 579; x_wconf 80' lang='lat' dir='ltr'><strong>crimini</strong></span> <span class='ocrx_word' id='word_1_7' title='bbox 723 522 1002 579; x_wconf 87' lang='lat' dir='ltr'><strong>dandum:</strong></span> <span class='ocrx_word' id='word_1_8' title='bbox 1050 533 1421 581; x_wconf 76' lang='lat' dir='ltr'><strong>verumtamen</strong></span> <span class='ocrx_word' id='word_1_9' title='bbox 1475 530 1521 582; x_wconf 84' lang='lat' dir='ltr'><strong>si</strong></span> <span class='ocrx_word' id='word_1_10' title='bbox 1590 529 1874 585; x_wconf 78' lang='lat' dir='ltr'><strong>maleﬁcus</strong></span> <span class='ocrx_word' id='word_1_11' title='bbox 1925 544 2029 583; x_wconf 85' lang='lat' dir='ltr'><strong>no-</strong></span> 
     </span>
    </p>
   </div>
   <div class='ocr_carea' id='block_1_5' title="bbox 2136 522 3705 607">
    <p class='ocr_par' dir='ltr' id='par_1_5' title="bbox 2136 530 3705 607">
     <span class='ocr_line' id='line_1_5' title="bbox 2136 530 3705 607; baseline 0.002 -23"><span class='ocrx_word' id='word_1_12' title='bbox 2136 532 2322 601; x_wconf 78' lang='grc' dir='ltr'><strong>καιρὸν</strong></span> <span class='ocrx_word' id='word_1_13' title='bbox 2344 532 2645 587; x_wconf 74' lang='grc' dir='ltr'><strong>αἰτιατέον·</strong></span> <span class='ocrx_word' id='word_1_14' title='bbox 2676 530 2813 603; x_wconf 72' lang='grc' dir='ltr'><strong>πλὴν</strong></span> <span class='ocrx_word' id='word_1_15' title='bbox 2846 535 2893 586; x_wconf 86' lang='grc' dir='ltr'><strong>εί</strong></span> <span class='ocrx_word' id='word_1_16' title='bbox 2922 535 3075 588; x_wconf 82' lang='grc' dir='ltr'><strong>νυκτί</strong></span> <span class='ocrx_word' id='word_1_17' title='bbox 3101 552 3163 604; x_wconf 78' lang='grc' dir='ltr'><strong>γε</strong></span> <span class='ocrx_word' id='word_1_18' title='bbox 3192 535 3440 589; x_wconf 82' lang='grc' dir='ltr'><strong>ἐπείθετο</strong></span> <span class='ocrx_word' id='word_1_19' title='bbox 3466 537 3705 607; x_wconf 73' lang='grc' dir='ltr'><strong>κακοῦρ-</strong></span> 
     </span>
    </p>
   </div>
   <div class='ocr_carea' id='block_1_6' title="bbox 458 616 2025 689">
    <p class='ocr_par' dir='ltr' id='par_1_6' title="bbox 458 616 2025 689">
     <span class='ocr_line' id='line_1_6' title="bbox 458 616 2025 689; baseline 0.005 -19"><span class='ocrx_word' id='word_1_20' title='bbox 458 618 532 671; x_wconf 87' lang='lat' dir='ltr'><strong>cti</strong></span> <span class='ocrx_word' id='word_1_21' title='bbox 576 629 806 689; x_wconf 86' lang='lat' dir='ltr'><strong>pareret.</strong></span> <span class='ocrx_word' id='word_1_22' title='bbox 851 616 1115 673; x_wconf 88' lang='lat' dir='ltr'><strong>dormiret</strong></span> <span class='ocrx_word' id='word_1_23' title='bbox 1146 634 1321 687; x_wconf 85' lang='lat' dir='ltr'><strong>sane;</strong></span> <span class='ocrx_word' id='word_1_24' title='bbox 1370 622 1473 677; x_wconf 89' lang='lat' dir='ltr'><strong>boc</strong></span> <span class='ocrx_word' id='word_1_25' title='bbox 1510 624 1654 677; x_wconf 85' lang='lat' dir='ltr'><strong>enim</strong></span> <span class='ocrx_word' id='word_1_26' title='bbox 1707 624 1882 678; x_wconf 88' lang='lat' dir='ltr'><strong>solum</strong></span> <span class='ocrx_word' id='word_1_27' title='bbox 1916 637 2025 678; x_wconf 75' lang='lat' dir='ltr'><strong>nos</strong></span> 
     </span>
    </p>
   </div>
   <div class='ocr_carea' id='block_1_7' title="bbox 454 708 628 777">
    <p class='ocr_par' dir='ltr' id='par_1_7' title="bbox 454 708 628 777">
     <span class='ocr_line' id='line_1_7' title="bbox 454 708 628 777; baseline 0.017 -16"><span class='ocrx_word' id='word_1_28' title='bbox 454 708 628 777; x_wconf 79' lang='lat' dir='ltr'><strong>jubet.</strong></span> 
     </span>
    </p>
   </div>
   <div class='ocr_carea' id='block_1_8' title="bbox 2133 623 3702 702">
    <p class='ocr_par' dir='ltr' id='par_1_8' title="bbox 2133 623 3702 702">
     <span class='ocr_line' id='line_1_8' title="bbox 2133 623 3702 702; baseline 0.005 -28"><span class='ocrx_word' id='word_1_29' title='bbox 2133 639 2229 690; x_wconf 90' lang='grc' dir='ltr'><strong>γος</strong></span> <span class='ocrx_word' id='word_1_30' title='bbox 2270 626 2436 690; x_wconf 74' lang='grc' dir='ltr'><strong>ἄπας,</strong></span> <span class='ocrx_word' id='word_1_31' title='bbox 2478 623 2767 678; x_wconf 76' lang='grc' dir='ltr'><strong>ἐκάθευδεν</strong></span> <span class='ocrx_word' id='word_1_32' title='bbox 2804 625 2886 679; x_wconf 80' lang='grc' dir='ltr'><strong>ἄν·</strong></span> <span class='ocrx_word' id='word_1_33' title='bbox 2922 626 3080 680; x_wconf 75' lang='grc' dir='ltr'><strong>τοῦτο</strong></span> <span class='ocrx_word' id='word_1_34' title='bbox 3110 627 3216 699; x_wconf 82' lang='grc' dir='ltr'><strong>γάρ</strong></span> <span class='ocrx_word' id='word_1_35' title='bbox 3248 629 3342 681; x_wconf 72' lang='grc' dir='ltr'><strong>καὶ</strong></span> <span class='ocrx_word' id='word_1_36' title='bbox 3374 627 3531 699; x_wconf 87' lang='grc' dir='ltr'><strong>μόνον</strong></span> <span class='ocrx_word' id='word_1_37' title='bbox 3565 644 3702 702; x_wconf 76' lang='grc' dir='ltr'><strong>παρ-</strong></span> 
     </span>
    </p>
   </div>
   <div class='ocr_carea' id='block_1_9' title="bbox 2132 716 2322 784">
    <p class='ocr_par' dir='ltr' id='par_1_9' title="bbox 2132 716 2322 784">
     <span class='ocr_line' id='line_1_9' title="bbox 2132 716 2322 784; baseline 0.011 -19"><span class='ocrx_word' id='word_1_38' title='bbox 2132 716 2322 784; x_wconf 81' lang='grc' dir='ltr'><strong>εγγυᾲ.</strong></span> 
     </span>
    </p>
   </div>
   <div class='ocr_carea' id='block_1_10' title="bbox 1369 826 2792 903">
    <p class='ocr_par' dir='ltr' id='par_1_10' title="bbox 1369 826 2792 903">
     <span class='ocr_line' id='line_1_10' title="bbox 1369 826 2792 903; baseline 0.006 -22"><span class='ocrx_word' id='word_1_39' title='bbox 1369 827 1497 883; x_wconf 73' lang='lat' dir='ltr'><strong>CAP.</strong></span> <span class='ocrx_word' id='word_1_40' title='bbox 1535 826 1674 882; x_wconf 79' lang='lat' dir='ltr'><strong>XIX.</strong></span> <span class='ocrx_word' id='word_1_41' title='bbox 1719 827 1987 881; x_wconf 76' lang='lat' dir='ltr'><strong>Mendacii</strong></span> <span class='ocrx_word' id='word_1_42' title='bbox 2018 842 2137 880; x_wconf 74' lang='lat' dir='ltr'><strong>cum</strong></span> <span class='ocrx_word' id='word_1_43' title='bbox 2181 828 2406 884; x_wconf 80' lang='lat' dir='ltr'><strong>tenebris</strong></span> <span class='ocrx_word' id='word_1_44' title='bbox 2441 835 2792 903; x_wconf 70' lang='lat' dir='ltr'><strong>comparatio.</strong></span> 
     </span>
    </p>
   </div>
   <div class='ocr_carea' id='block_1_11' title="bbox 526 937 2030 998">
    <p class='ocr_par' dir='ltr' id='par_1_11' title="bbox 526 937 2030 998">
     <span class='ocr_line' id='line_1_11' title="bbox 526 937 2030 998; baseline 0.003 -8"><span class='ocrx_word' id='word_1_45' title='bbox 526 937 795 993; x_wconf 67' lang='lat' dir='ltr'><strong>Prmterea</strong></span> <span class='ocrx_word' id='word_1_46' title='bbox 857 940 1317 997; x_wconf 87' lang='lat' dir='ltr'><strong>considerandum</strong></span> <span class='ocrx_word' id='word_1_47' title='bbox 1362 950 1447 996; x_wconf 88' lang='lat' dir='ltr'><strong>est</strong></span> <span class='ocrx_word' id='word_1_48' title='bbox 1492 942 1744 998; x_wconf 89' lang='lat' dir='ltr'><strong>similiter</strong></span> <span class='ocrx_word' id='word_1_49' title='bbox 1785 943 1927 998; x_wconf 90' lang='lat' dir='ltr'><strong>inter</strong></span> <span class='ocrx_word' id='word_1_50' title='bbox 1970 958 2030 996; x_wconf 82' lang='lat' dir='ltr'><strong>se</strong></span> 
     </span>
    </p>
   </div>
   <div class='ocr_carea' id='block_1_12' title="bbox 457 1027 2029 1101">
    <p class='ocr_par' dir='ltr' id='par_1_12' title="bbox 457 1027 2029 1101">
     <span class='ocr_line' id='line_1_12' title="bbox 457 1027 2029 1101; baseline 0.002 -20"><span class='ocrx_word' id='word_1_51' title='bbox 457 1029 738 1082; x_wconf 80' lang='lat' dir='ltr'><strong>contraria</strong></span> <span class='ocrx_word' id='word_1_52' title='bbox 786 1027 959 1085; x_wconf 88' lang='lat' dir='ltr'><strong>videri</strong></span> <span class='ocrx_word' id='word_1_53' title='bbox 1001 1030 1182 1085; x_wconf 84' lang='lat' dir='ltr'><strong>lumen</strong></span> <span class='ocrx_word' id='word_1_54' title='bbox 1234 1039 1289 1086; x_wconf 91' lang='lat' dir='ltr'><strong>et</strong></span> <span class='ocrx_word' id='word_1_55' title='bbox 1318 1031 1594 1095; x_wconf 87' lang='lat' dir='ltr'><strong>tenebras,</strong></span> <span class='ocrx_word' id='word_1_56' title='bbox 1635 1033 2029 1101; x_wconf 72' lang='lat' dir='ltr'><strong>veritatemque</strong></span> 
     </span>
    </p>
   </div>
   <div class='ocr_carea' id='block_1_13' title="bbox 457 1120 2030 1193">
    <p class='ocr_par' dir='ltr' id='par_1_13' title="bbox 457 1120 2030 1193">
     <span class='ocr_line' id='line_1_13' title="bbox 457 1120 2030 1193; baseline 0.003 -19"><span class='ocrx_word' id='word_1_57' title='bbox 457 1129 509 1174; x_wconf 92' lang='lat' dir='ltr'><strong>et</strong></span> <span class='ocrx_word' id='word_1_58' title='bbox 546 1120 912 1175; x_wconf 78' lang='lat' dir='ltr'><strong>mendacium.</strong></span> <span class='ocrx_word' id='word_1_59' title='bbox 956 1120 1111 1188; x_wconf 87' lang='lat' dir='ltr'><strong>Quod</strong></span> <span class='ocrx_word' id='word_1_60' title='bbox 1140 1124 1282 1177; x_wconf 83' lang='lat' dir='ltr'><strong>enim</strong></span> <span class='ocrx_word' id='word_1_61' title='bbox 1321 1132 1405 1178; x_wconf 89' lang='lat' dir='ltr'><strong>est</strong></span> <span class='ocrx_word' id='word_1_62' title='bbox 1447 1124 1626 1179; x_wconf 90' lang='lat' dir='ltr'><strong>lumen</strong></span> <span class='ocrx_word' id='word_1_63' title='bbox 1656 1125 1893 1193; x_wconf 84' lang='lat' dir='ltr'><strong>corpori,</strong></span> <span class='ocrx_word' id='word_1_64' title='bbox 1926 1126 2030 1178; x_wconf 83' lang='lat' dir='ltr'><strong>hoc</strong></span> 
     </span>
    </p>
   </div>
   <div class='ocr_carea' id='block_1_14' title="bbox 458 1214 2030 1284">
    <p class='ocr_par' dir='ltr' id='par_1_14' title="bbox 458 1214 2030 1284">
     <span class='ocr_line' id='line_1_14' title="bbox 458 1214 2030 1284; baseline 0.002 -18"><span class='ocrx_word' id='word_1_65' title='bbox 458 1219 545 1267; x_wconf 90' lang='lat' dir='ltr'><strong>cst</strong></span> <span class='ocrx_word' id='word_1_66' title='bbox 584 1214 792 1268; x_wconf 82' lang='lat' dir='ltr'><strong>veritas</strong></span> <span class='ocrx_word' id='word_1_67' title='bbox 826 1215 1054 1280; x_wconf 68' lang='lat' dir='ltr'><strong>animae;</strong></span> <span class='ocrx_word' id='word_1_68' title='bbox 1104 1222 1159 1267; x_wconf 90' lang='lat' dir='ltr'><strong>et</strong></span> <span class='ocrx_word' id='word_1_69' title='bbox 1191 1214 1340 1284; x_wconf 84' lang='lat' dir='ltr'><strong>quod</strong></span> <span class='ocrx_word' id='word_1_70' title='bbox 1394 1216 1632 1269; x_wconf 67' lang='lat' dir='ltr'><strong>tenebrae</strong></span> <span class='ocrx_word' id='word_1_71' title='bbox 1672 1216 1868 1279; x_wconf 82' lang='lat' dir='ltr'><strong>oculis,</strong></span> <span class='ocrx_word' id='word_1_72' title='bbox 1925 1217 2030 1269; x_wconf 86' lang='lat' dir='ltr'><strong>hoc</strong></span> 
     </span>
    </p>
   </div>
   <div class='ocr_carea' id='block_1_15' title="bbox 462 1305 2031 1375">
    <p class='ocr_par' dir='ltr' id='par_1_15' title="bbox 462 1305 2031 1375">
     <span class='ocr_line' id='line_1_15' title="bbox 462 1305 2031 1375; baseline 0.004 -18"><span class='ocrx_word' id='word_1_73' title='bbox 462 1305 771 1375; x_wconf 76' lang='lat' dir='ltr'><strong>ignorantia</strong></span> <span class='ocrx_word' id='word_1_74' title='bbox 798 1313 851 1360; x_wconf 92' lang='lat' dir='ltr'><strong>et</strong></span> <span class='ocrx_word' id='word_1_75' title='bbox 882 1306 1223 1360; x_wconf 75' lang='lat' dir='ltr'><strong>mendacium</strong></span> <span class='ocrx_word' id='word_1_76' title='bbox 1263 1308 1453 1360; x_wconf 88' lang='lat' dir='ltr'><strong>menti.</strong></span> <span class='ocrx_word' id='word_1_77' title='bbox 1498 1306 1671 1362; x_wconf 73' lang='lat' dir='ltr'><strong>l-lomo</strong></span> <span class='ocrx_word' id='word_1_78' title='bbox 1706 1308 1851 1362; x_wconf 88' lang='lat' dir='ltr'><strong>enim</strong></span> <span class='ocrx_word' id='word_1_79' title='bbox 1894 1309 2031 1363; x_wconf 77' lang='lat' dir='ltr'><strong>nihil</strong></span> 
     </span>
    </p>
   </div>
   <div class='ocr_carea' id='block_1_16' title="bbox 462 1396 2030 1469">
    <p class='ocr_par' dir='ltr' id='par_1_16' title="bbox 462 1396 2030 1469">
     <span class='ocr_line' id='line_1_16' title="bbox 462 1396 2030 1469; baseline 0.004 -21"><span class='ocrx_word' id='word_1_80' title='bbox 462 1396 610 1450; x_wconf 84' lang='lat' dir='ltr'><strong>aliud</strong></span> <span class='ocrx_word' id='word_1_81' title='bbox 660 1405 744 1452; x_wconf 90' lang='lat' dir='ltr'><strong>est</strong></span> <span class='ocrx_word' id='word_1_82' title='bbox 783 1411 946 1466; x_wconf 91' lang='lat' dir='ltr'><strong>quam</strong></span> <span class='ocrx_word' id='word_1_83' title='bbox 988 1398 1169 1450; x_wconf 88' lang='lat' dir='ltr'><strong>anima</strong></span> <span class='ocrx_word' id='word_1_84' title='bbox 1231 1404 1289 1453; x_wconf 86' lang='lat' dir='ltr'><strong>et</strong></span> <span class='ocrx_word' id='word_1_85' title='bbox 1338 1413 1563 1469; x_wconf 89' lang='lat' dir='ltr'><strong>corpus.</strong></span> <span class='ocrx_word' id='word_1_86' title='bbox 1616 1398 1845 1469; x_wconf 84' lang='lat' dir='ltr'><strong>Utrique</strong></span> <span class='ocrx_word' id='word_1_87' title='bbox 1887 1402 2030 1468; x_wconf 83' lang='lat' dir='ltr'><strong>parti</strong></span> 
     </span>
    </p>
   </div>
   <div class='ocr_carea' id='block_1_17' title="bbox 462 1486 2029 1562">
    <p class='ocr_par' dir='ltr' id='par_1_17' title="bbox 462 1486 2029 1562">
     <span class='ocr_line' id='line_1_17' title="bbox 462 1486 2029 1562; baseline 0.001 -19"><span class='ocrx_word' id='word_1_88' title='bbox 462 1489 773 1559; x_wconf 81' lang='lat' dir='ltr'><strong>suppeditat</strong></span> <span class='ocrx_word' id='word_1_89' title='bbox 813 1486 978 1553; x_wconf 89' lang='lat' dir='ltr'><strong>Deus,</strong></span> <span class='ocrx_word' id='word_1_90' title='bbox 1016 1491 1231 1559; x_wconf 80' lang='lat' dir='ltr'><strong>corpori</strong></span> <span class='ocrx_word' id='word_1_91' title='bbox 1261 1491 1484 1558; x_wconf 89' lang='lat' dir='ltr'><strong>lumen;</strong></span> <span class='ocrx_word' id='word_1_92' title='bbox 1522 1508 1617 1562; x_wconf 85' lang='lat' dir='ltr'><strong>per</strong></span> <span class='ocrx_word' id='word_1_93' title='bbox 1645 1508 1847 1561; x_wconf 91' lang='lat' dir='ltr'><strong>corpus</strong></span> <span class='ocrx_word' id='word_1_94' title='bbox 1884 1495 2029 1547; x_wconf 89' lang='lat' dir='ltr'><strong>enim</strong></span> 
     </span>
    </p>
   </div>
   <div class='ocr_carea' id='block_1_18' title="bbox 462 1580 2033 1653">
    <p class='ocr_par' dir='ltr' id='par_1_18' title="bbox 462 1580 2033 1653">
     <span class='ocr_line' id='line_1_18' title="bbox 462 1580 2033 1653; baseline 0.002 -19"><span class='ocrx_word' id='word_1_95' title='bbox 462 1580 665 1635; x_wconf 86' lang='lat' dir='ltr'><strong>lumine</strong></span> <span class='ocrx_word' id='word_1_96' title='bbox 706 1595 970 1651; x_wconf 88' lang='lat' dir='ltr'><strong>corporeo</strong></span> <span class='ocrx_word' id='word_1_97' title='bbox 1002 1580 1245 1649; x_wconf 80' lang='lat' dir='ltr'><strong>fruitur;</strong></span> <span class='ocrx_word' id='word_1_98' title='bbox 1294 1599 1390 1653; x_wconf 90' lang='lat' dir='ltr'><strong>per</strong></span> <span class='ocrx_word' id='word_1_99' title='bbox 1434 1585 1673 1639; x_wconf 87' lang='lat' dir='ltr'><strong>animam</strong></span> <span class='ocrx_word' id='word_1_100' title='bbox 1716 1599 1846 1639; x_wconf 88' lang='lat' dir='ltr'><strong>vero</strong></span> <span class='ocrx_word' id='word_1_101' title='bbox 1890 1586 2033 1639; x_wconf 82' lang='lat' dir='ltr'><strong>veri-</strong></span> 
     </span>
    </p>
   </div>
   <div class='ocr_carea' id='block_1_19' title="bbox 461 1671 884 1741">
    <p class='ocr_par' dir='ltr' id='par_1_19' title="bbox 461 1671 884 1741">
     <span class='ocr_line' id='line_1_19' title="bbox 461 1671 884 1741; baseline 0.005 -17"><span class='ocrx_word' id='word_1_102' title='bbox 461 1678 570 1725; x_wconf 85' lang='lat' dir='ltr'><strong>tate</strong></span> <span class='ocrx_word' id='word_1_103' title='bbox 596 1671 884 1741; x_wconf 84' lang='lat' dir='ltr'><strong>spirituali.</strong></span> 
     </span>
    </p>
   </div>
   <div class='ocr_carea' id='block_1_20' title="bbox 530 1762 2030 1823">
    <p class='ocr_par' dir='ltr' id='par_1_20' title="bbox 530 1762 2030 1823">
     <span class='ocr_line' id='line_1_20' title="bbox 530 1762 2030 1823; baseline 0.003 -6"><span class='ocrx_word' id='word_1_104' title='bbox 530 1762 684 1817; x_wconf 84' lang='lat' dir='ltr'><strong>Sicut</strong></span> <span class='ocrx_word' id='word_1_105' title='bbox 720 1774 899 1819; x_wconf 90' lang='lat' dir='ltr'><strong>autem</strong></span> <span class='ocrx_word' id='word_1_106' title='bbox 945 1780 1055 1820; x_wconf 91' lang='lat' dir='ltr'><strong>non</strong></span> <span class='ocrx_word' id='word_1_107' title='bbox 1095 1773 1225 1820; x_wconf 88' lang='lat' dir='ltr'><strong>sunt</strong></span> <span class='ocrx_word' id='word_1_108' title='bbox 1272 1766 1507 1821; x_wconf 78' lang='lat' dir='ltr'><strong>tenebrze</strong></span> <span class='ocrx_word' id='word_1_109' title='bbox 1552 1767 1851 1823; x_wconf 83' lang='lat' dir='ltr'><strong>secundum</strong></span> <span class='ocrx_word' id='word_1_110' title='bbox 1900 1769 2030 1823; x_wconf 75' lang='lat' dir='ltr'><strong>sul)-</strong></span> 
     </span>
    </p>
   </div>
   <div class='ocr_carea' id='block_1_21' title="bbox 2203 944 3709 1021">
    <p class='ocr_par' dir='ltr' id='par_1_21' title="bbox 2203 944 3709 1021">
     <span class='ocr_line' id='line_1_21' title="bbox 2203 944 3709 1021; baseline 0.005 -24"><span class='ocrx_word' id='word_1_111' title='bbox 2203 944 2518 1018; x_wconf 83' lang='grc' dir='ltr'><strong>Θεωρητέον</strong></span> <span class='ocrx_word' id='word_1_112' title='bbox 2549 948 2614 1021; x_wconf 79' lang='grc' dir='ltr'><strong>δὴ</strong></span> <span class='ocrx_word' id='word_1_113' title='bbox 2649 949 2741 1002; x_wconf 73' lang='grc' dir='ltr'><strong>ἐπὶ</strong></span> <span class='ocrx_word' id='word_1_114' title='bbox 2775 948 3005 1015; x_wconf 80' lang='grc' dir='ltr'><strong>τούτοις,</strong></span> <span class='ocrx_word' id='word_1_115' title='bbox 3045 948 3122 1013; x_wconf 81' lang='grc' dir='ltr'><strong>ὡς</strong></span> <span class='ocrx_word' id='word_1_116' title='bbox 3146 949 3425 1017; x_wconf 80' lang='grc' dir='ltr'><strong>ἀναλόγως</strong></span> <span class='ocrx_word' id='word_1_117' title='bbox 3455 950 3709 1021; x_wconf 77' lang='grc' dir='ltr'><strong>ἀλλήλοις</strong></span> 
     </span>
    </p>
   </div>
   <div class='ocr_carea' id='block_1_22' title="bbox 2133 1038 3707 1113">
    <p class='ocr_par' dir='ltr' id='par_1_22' title="bbox 2133 1038 3707 1113">
     <span class='ocr_line' id='line_1_22' title="bbox 2133 1038 3707 1113; baseline 0.003 -22"><span class='ocrx_word' id='word_1_118' title='bbox 2133 1038 2469 1093; x_wconf 74' lang='grc' dir='ltr'><strong>ἀντικεῖσθαι</strong></span> <span class='ocrx_word' id='word_1_119' title='bbox 2497 1040 2663 1106; x_wconf 84' lang='grc' dir='ltr'><strong>δοκεῖ,</strong></span> <span class='ocrx_word' id='word_1_120' title='bbox 2683 1041 2798 1110; x_wconf 85' lang='grc' dir='ltr'><strong>φῶς</strong></span> <span class='ocrx_word' id='word_1_121' title='bbox 2831 1059 2889 1095; x_wconf 87' lang='grc' dir='ltr'><strong>τε</strong></span> <span class='ocrx_word' id='word_1_122' title='bbox 2923 1043 3015 1094; x_wconf 79' lang='grc' dir='ltr'><strong>καὶ</strong></span> <span class='ocrx_word' id='word_1_123' title='bbox 3039 1042 3247 1105; x_wconf 83' lang='grc' dir='ltr'><strong>σκότος,</strong></span> <span class='ocrx_word' id='word_1_124' title='bbox 3273 1041 3502 1113; x_wconf 86' lang='grc' dir='ltr'><strong>ἀλήθειά</strong></span> <span class='ocrx_word' id='word_1_125' title='bbox 3519 1059 3579 1096; x_wconf 87' lang='grc' dir='ltr'><strong>τε</strong></span> <span class='ocrx_word' id='word_1_126' title='bbox 3608 1045 3707 1096; x_wconf 74' lang='grc' dir='ltr'><strong>καὶ</strong></span> 
     </span>
    </p>
   </div>
   <div class='ocr_carea' id='block_1_23' title="bbox 2130 1129 3707 1205">
    <p class='ocr_par' dir='ltr' id='par_1_23' title="bbox 2130 1129 3707 1205">
     <span class='ocr_line' id='line_1_23' title="bbox 2130 1129 3707 1205; baseline 0.01 -33"><span class='ocrx_word' id='word_1_127' title='bbox 2130 1129 2348 1200; x_wconf 77' lang='grc' dir='ltr'><strong>ψεῦδος·</strong></span> <span class='ocrx_word' id='word_1_128' title='bbox 2373 1131 2511 1203; x_wconf 82' lang='grc' dir='ltr'><strong>ὅπερ</strong></span> <span class='ocrx_word' id='word_1_129' title='bbox 2536 1130 2644 1203; x_wconf 81' lang='grc' dir='ltr'><strong>γὰρ</strong></span> <span class='ocrx_word' id='word_1_130' title='bbox 2680 1131 2794 1201; x_wconf 78' lang='grc' dir='ltr'><strong>φῶς</strong></span> <span class='ocrx_word' id='word_1_131' title='bbox 2825 1132 3058 1202; x_wconf 84' lang='grc' dir='ltr'><strong>σώματι,</strong></span> <span class='ocrx_word' id='word_1_132' title='bbox 3085 1132 3247 1185; x_wconf 81' lang='grc' dir='ltr'><strong>τοῦτο</strong></span> <span class='ocrx_word' id='word_1_133' title='bbox 3278 1132 3503 1205; x_wconf 60' lang='grc' dir='ltr'><strong>ἀλήθεια</strong></span> <span class='ocrx_word' id='word_1_134' title='bbox 3530 1133 3707 1204; x_wconf 64' lang='grc' dir='ltr'><strong>ψυχῇν</strong></span> 
     </span>
    </p>
   </div>
   <div class='ocr_carea' id='block_1_24' title="bbox 2133 1222 3711 1292">
    <p class='ocr_par' dir='ltr' id='par_1_24' title="bbox 2133 1222 3711 1292">
     <span class='ocr_line' id='line_1_24' title="bbox 2133 1222 3711 1292; baseline 0.001 -18"><span class='ocrx_word' id='word_1_135' title='bbox 2133 1222 2224 1274; x_wconf 77' lang='grc' dir='ltr'><strong>καὶ</strong></span> <span class='ocrx_word' id='word_1_136' title='bbox 2263 1223 2400 1292; x_wconf 85' lang='grc' dir='ltr'><strong>ὅπερ</strong></span> <span class='ocrx_word' id='word_1_137' title='bbox 2442 1223 2630 1287; x_wconf 79' lang='grc' dir='ltr'><strong>σκότος</strong></span> <span class='ocrx_word' id='word_1_138' title='bbox 2672 1222 2991 1292; x_wconf 70' lang='grc' dir='ltr'><strong>ὀφθαλμοῖς,</strong></span> <span class='ocrx_word' id='word_1_139' title='bbox 3034 1223 3189 1276; x_wconf 75' lang='grc' dir='ltr'><strong>τοῦτο</strong></span> <span class='ocrx_word' id='word_1_140' title='bbox 3232 1222 3422 1291; x_wconf 78' lang='grc' dir='ltr'><strong>ἄγνοια</strong></span> <span class='ocrx_word' id='word_1_141' title='bbox 3458 1222 3553 1276; x_wconf 75' lang='grc' dir='ltr'><strong>καὶ</strong></span> <span class='ocrx_word' id='word_1_142' title='bbox 3584 1223 3711 1277; x_wconf 86' lang='grc' dir='ltr'><strong>σκό-</strong></span> 
     </span>
    </p>
   </div>
   <div class='ocr_carea' id='block_1_25' title="bbox 2130 1312 3708 1384">
    <p class='ocr_par' dir='ltr' id='par_1_25' title="bbox 2130 1312 3708 1384">
     <span class='ocr_line' id='line_1_25' title="bbox 2130 1312 3708 1384; baseline 0.001 -20"><span class='ocrx_word' id='word_1_143' title='bbox 2130 1329 2221 1374; x_wconf 89' lang='grc' dir='ltr'><strong>τος</strong></span> <span class='ocrx_word' id='word_1_144' title='bbox 2243 1312 2353 1379; x_wconf 82' lang='grc' dir='ltr'><strong>(ιο)</strong></span> <span class='ocrx_word' id='word_1_145' title='bbox 2381 1312 2609 1383; x_wconf 70' lang='grc' dir='ltr'><strong>διανοίᾳ.</strong></span> <span class='ocrx_word' id='word_1_146' title='bbox 2648 1312 2965 1384; x_wconf 81' lang='grc' dir='ltr'><strong>Ἀνθρωπος</strong></span> <span class='ocrx_word' id='word_1_147' title='bbox 3001 1313 3099 1383; x_wconf 82' lang='grc' dir='ltr'><strong>μὲν</strong></span> <span class='ocrx_word' id='word_1_148' title='bbox 3140 1312 3248 1383; x_wconf 86' lang='grc' dir='ltr'><strong>γάρ</strong></span> <span class='ocrx_word' id='word_1_149' title='bbox 3272 1313 3424 1366; x_wconf 79' lang='grc' dir='ltr'><strong>οὐδὲν</strong></span> <span class='ocrx_word' id='word_1_150' title='bbox 3448 1313 3633 1383; x_wconf 73' lang='grc' dir='ltr'><strong>ἕτερον</strong></span> <span class='ocrx_word' id='word_1_151' title='bbox 3671 1312 3708 1382; x_wconf 82' lang='grc' dir='ltr'><strong>ἦ</strong></span> 
     </span>
    </p>
   </div>
   <div class='ocr_carea' id='block_1_26' title="bbox 2133 1403 3715 1476">
    <p class='ocr_par' dir='ltr' id='par_1_26' title="bbox 2133 1403 3715 1476">
     <span class='ocr_line' id='line_1_26' title="bbox 2133 1403 3715 1476; baseline -0.001 -19"><span class='ocrx_word' id='word_1_152' title='bbox 2133 1403 2278 1475; x_wconf 69' lang='grc' dir='ltr'><strong>ψυχή</strong></span> <span class='ocrx_word' id='word_1_153' title='bbox 2312 1422 2370 1458; x_wconf 89' lang='grc' dir='ltr'><strong>τε</strong></span> <span class='ocrx_word' id='word_1_154' title='bbox 2399 1407 2492 1457; x_wconf 73' lang='grc' dir='ltr'><strong>καὶ</strong></span> <span class='ocrx_word' id='word_1_155' title='bbox 2521 1404 2699 1475; x_wconf 79' lang='grc' dir='ltr'><strong>σῶμα’</strong></span> <span class='ocrx_word' id='word_1_156' title='bbox 2727 1404 2879 1476; x_wconf 82' lang='grc' dir='ltr'><strong>παρά</strong></span> <span class='ocrx_word' id='word_1_157' title='bbox 2914 1405 2973 1459; x_wconf 81' lang='grc' dir='ltr'><strong>δὲ</strong></span> <span class='ocrx_word' id='word_1_158' title='bbox 3001 1404 3136 1458; x_wconf 79' lang='grc' dir='ltr'><strong>Θεοῦ</strong></span> <span class='ocrx_word' id='word_1_159' title='bbox 3159 1405 3297 1476; x_wconf 87' lang='grc' dir='ltr'><strong>πρὸς</strong></span> <span class='ocrx_word' id='word_1_160' title='bbox 3326 1404 3584 1476; x_wconf 78' lang='grc' dir='ltr'><strong>ἑκάτερον</strong></span> <span class='ocrx_word' id='word_1_161' title='bbox 3607 1403 3715 1474; x_wconf 74' lang='grc' dir='ltr'><strong>τὴν</strong></span> 
     </span>
    </p>
   </div>
   <div class='ocr_carea' id='block_1_27' title="bbox 2135 1494 3714 1567">
    <p class='ocr_par' dir='ltr' id='par_1_27' title="bbox 2135 1494 3714 1567">
     <span class='ocr_line' id='line_1_27' title="bbox 2135 1494 3714 1567; baseline 0 -20"><span class='ocrx_word' id='word_1_162' title='bbox 2135 1495 2400 1566; x_wconf 76' lang='grc' dir='ltr'><strong>χορηγίαν</strong></span> <span class='ocrx_word' id='word_1_163' title='bbox 2438 1495 2598 1566; x_wconf 78' lang='grc' dir='ltr'><strong>ἔχων,</strong></span> <span class='ocrx_word' id='word_1_164' title='bbox 2642 1495 2731 1548; x_wconf 84' lang='grc' dir='ltr'><strong>διὰ</strong></span> <span class='ocrx_word' id='word_1_165' title='bbox 2766 1495 2863 1567; x_wconf 77' lang='grc' dir='ltr'><strong>μὲν</strong></span> <span class='ocrx_word' id='word_1_166' title='bbox 2894 1494 3141 1566; x_wconf 82' lang='grc' dir='ltr'><strong>σώματος</strong></span> <span class='ocrx_word' id='word_1_167' title='bbox 3186 1494 3497 1566; x_wconf 73' lang='grc' dir='ltr'><strong>σωματικοῦ</strong></span> <span class='ocrx_word' id='word_1_168' title='bbox 3530 1494 3714 1563; x_wconf 73' lang='grc' dir='ltr'><strong>φωτὸς</strong></span> 
     </span>
    </p>
   </div>
   <div class='ocr_carea' id='block_1_28' title="bbox 2136 1582 3351 1655">
    <p class='ocr_par' dir='ltr' id='par_1_28' title="bbox 2136 1582 3351 1655">
     <span class='ocr_line' id='line_1_28' title="bbox 2136 1582 3351 1655; baseline 0 -19"><span class='ocrx_word' id='word_1_169' title='bbox 2136 1583 2417 1646; x_wconf 86' lang='grc' dir='ltr'><strong>ἀπολαύει,</strong></span> <span class='ocrx_word' id='word_1_170' title='bbox 2448 1582 2537 1636; x_wconf 82' lang='grc' dir='ltr'><strong>διὰ</strong></span> <span class='ocrx_word' id='word_1_171' title='bbox 2563 1583 2619 1637; x_wconf 84' lang='grc' dir='ltr'><strong>δὲ</strong></span> <span class='ocrx_word' id='word_1_172' title='bbox 2643 1584 2821 1654; x_wconf 76' lang='grc' dir='ltr'><strong>ψυχῆς</strong></span> <span class='ocrx_word' id='word_1_173' title='bbox 2852 1586 3048 1655; x_wconf 83' lang='grc' dir='ltr'><strong>νοητῆς</strong></span> <span class='ocrx_word' id='word_1_174' title='bbox 3075 1584 3351 1654; x_wconf 74' lang='grc' dir='ltr'><strong>ἀληθείας.</strong></span> 
     </span>
    </p>
   </div>
   <div class='ocr_carea' id='block_1_29' title="bbox 2208 1761 3712 1834">
    <p class='ocr_par' dir='ltr' id='par_1_29' title="bbox 2208 1761 3712 1834">
     <span class='ocr_line' id='line_1_29' title="bbox 2208 1761 3712 1834; baseline 0.001 -19"><span class='ocrx_word' id='word_1_175' title='bbox 2208 1763 2419 1834; x_wconf 82' lang='grc' dir='ltr'><strong>Ὥσπερ</strong></span> <span class='ocrx_word' id='word_1_176' title='bbox 2451 1762 2506 1816; x_wconf 79' lang='grc' dir='ltr'><strong>δέ</strong></span> <span class='ocrx_word' id='word_1_177' title='bbox 2551 1763 2739 1826; x_wconf 84' lang='grc' dir='ltr'><strong>σκότος</strong></span> <span class='ocrx_word' id='word_1_178' title='bbox 2786 1765 2906 1816; x_wconf 86' lang='grc' dir='ltr'><strong>κατ’</strong></span> <span class='ocrx_word' id='word_1_179' title='bbox 2949 1763 3135 1818; x_wconf 80' lang='grc' dir='ltr'><strong>οὐσίαν</strong></span> <span class='ocrx_word' id='word_1_180' title='bbox 3174 1764 3273 1834; x_wconf 77' lang='grc' dir='ltr'><strong>μὲν</strong></span> <span class='ocrx_word' id='word_1_181' title='bbox 3307 1763 3408 1832; x_wconf 72' lang='grc' dir='ltr'><strong>οὐχ</strong></span> <span class='ocrx_word' id='word_1_182' title='bbox 3449 1761 3712 1834; x_wconf 74' lang='grc' dir='ltr'><strong>ὑπάρχει,</strong></span> 
     </span>
    </p>
   </div>
   <div class='ocr_carea' id='block_1_30' title="bbox 460 1853 2035 1930">
    <p class='ocr_par' dir='ltr' id='par_1_30' title="bbox 460 1854 2032 1930">
     <span class='ocr_line' id='line_1_30' title="bbox 460 1854 2032 1930; baseline 0.003 -21"><span class='ocrx_word' id='word_1_183' title='bbox 460 1854 748 1920; x_wconf 74' lang='lat' dir='ltr'><strong>stantiam,</strong></span> <span class='ocrx_word' id='word_1_184' title='bbox 794 1855 971 1910; x_wconf 88' lang='lat' dir='ltr'><strong>solum</strong></span> <span class='ocrx_word' id='word_1_185' title='bbox 1022 1866 1204 1911; x_wconf 88' lang='lat' dir='ltr'><strong>autem</strong></span> <span class='ocrx_word' id='word_1_186' title='bbox 1257 1872 1352 1913; x_wconf 89' lang='lat' dir='ltr'><strong>eas</strong></span> <span class='ocrx_word' id='word_1_187' title='bbox 1403 1858 1661 1915; x_wconf 82' lang='lat' dir='ltr'><strong>advenire</strong></span> <span class='ocrx_word' id='word_1_188' title='bbox 1705 1861 2032 1930; x_wconf 89' lang='lat' dir='ltr'><strong>permissum</strong></span> 
     </span>
    </p>
   </div>
   <div class='ocr_carea' id='block_1_31' title="bbox 2136 1853 3715 1930">
    <p class='ocr_par' dir='ltr' id='par_1_31' title="bbox 2136 1853 3715 1926">
     <span class='ocr_line' id='line_1_31' title="bbox 2136 1853 3715 1926; baseline 0.001 -19"><span class='ocrx_word' id='word_1_189' title='bbox 2136 1856 2348 1908; x_wconf 78' lang='grc' dir='ltr'><strong>ἐπιέναι</strong></span> <span class='ocrx_word' id='word_1_190' title='bbox 2391 1853 2447 1907; x_wconf 79' lang='grc' dir='ltr'><strong>δὲ</strong></span> <span class='ocrx_word' id='word_1_191' title='bbox 2492 1854 2908 1925; x_wconf 87' lang='grc' dir='ltr'><strong>συγκεχώρηται</strong></span> <span class='ocrx_word' id='word_1_192' title='bbox 2963 1854 3143 1926; x_wconf 86' lang='grc' dir='ltr'><strong>μόνον,</strong></span> <span class='ocrx_word' id='word_1_193' title='bbox 3190 1855 3266 1918; x_wconf 88' lang='grc' dir='ltr'><strong>ὼς</strong></span> <span class='ocrx_word' id='word_1_194' title='bbox 3311 1853 3715 1916; x_wconf 70' lang='grc' dir='ltr'><strong>ἀποδέδεικται,</strong></span> 
     </span>
    </p>
   </div>
   <div class='ocr_carea' id='block_1_32' title="bbox 458 1947 2035 2012">
    <p class='ocr_par' dir='ltr' id='par_1_32' title="bbox 458 1947 2035 2012">
     <span class='ocr_line' id='line_1_32' title="bbox 458 1947 2035 2012; baseline 0.002 -9"><span class='ocrx_word' id='word_1_195' title='bbox 458 1955 564 2010; x_wconf 83' lang='lat' dir='ltr'><strong>est,</strong></span> <span class='ocrx_word' id='word_1_196' title='bbox 598 1947 741 2002; x_wconf 87' lang='lat' dir='ltr'><strong>sicut</strong></span> <span class='ocrx_word' id='word_1_197' title='bbox 768 1955 1048 2003; x_wconf 89' lang='lat' dir='ltr'><strong>ostensum</strong></span> <span class='ocrx_word' id='word_1_198' title='bbox 1078 1956 1199 2012; x_wconf 88' lang='lat' dir='ltr'><strong>est;</strong></span> <span class='ocrx_word' id='word_1_199' title='bbox 1238 1949 1319 2004; x_wconf 89' lang='lat' dir='ltr'><strong>sic</strong></span> <span class='ocrx_word' id='word_1_200' title='bbox 1349 1950 1512 2004; x_wconf 91' lang='lat' dir='ltr'><strong>etiam</strong></span> <span class='ocrx_word' id='word_1_201' title='bbox 1543 1951 1886 2005; x_wconf 85' lang='lat' dir='ltr'><strong>mendacium</strong></span> <span class='ocrx_word' id='word_1_202' title='bbox 1928 1968 2035 2006; x_wconf 89' lang='lat' dir='ltr'><strong>non</strong></span> 
     </span>
    </p>
   </div>
   <div class='ocr_carea' id='block_1_33' title="bbox 461 2036 2035 2112">
    <p class='ocr_par' dir='ltr' id='par_1_33' title="bbox 461 2036 2035 2112">
     <span class='ocr_line' id='line_1_33' title="bbox 461 2036 2035 2112; baseline 0.004 -24"><span class='ocrx_word' id='word_1_203' title='bbox 461 2045 644 2093; x_wconf 88' lang='lat' dir='ltr'><strong>manet</strong></span> <span class='ocrx_word' id='word_1_204' title='bbox 673 2036 742 2093; x_wconf 87' lang='lat' dir='ltr'><strong>ab</strong></span> <span class='ocrx_word' id='word_1_205' title='bbox 767 2037 948 2108; x_wconf 88' lang='lat' dir='ltr'><strong>aliqua</strong></span> <span class='ocrx_word' id='word_1_206' title='bbox 978 2038 1286 2094; x_wconf 86' lang='lat' dir='ltr'><strong>substantia</strong></span> <span class='ocrx_word' id='word_1_207' title='bbox 1317 2055 1414 2109; x_wconf 90' lang='lat' dir='ltr'><strong>per</strong></span> <span class='ocrx_word' id='word_1_208' title='bbox 1437 2056 1496 2096; x_wconf 91' lang='lat' dir='ltr'><strong>se</strong></span> <span class='ocrx_word' id='word_1_209' title='bbox 1519 2042 1837 2106; x_wconf 81' lang='lat' dir='ltr'><strong>exsisteute,</strong></span> <span class='ocrx_word' id='word_1_210' title='bbox 1871 2058 2035 2112; x_wconf 84' lang='lat' dir='ltr'><strong>quam</strong></span> 
     </span>
    </p>
   </div>
   <div class='ocr_carea' id='block_1_34' title="bbox 461 2130 2033 2202">
    <p class='ocr_par' dir='ltr' id='par_1_34' title="bbox 461 2130 2033 2202">
     <span class='ocr_line' id='line_1_34' title="bbox 461 2130 2033 2202; baseline 0.002 -19"><span class='ocrx_word' id='word_1_211' title='bbox 461 2130 552 2185; x_wconf 84' lang='lat' dir='ltr'><strong>ille</strong></span> <span class='ocrx_word' id='word_1_212' title='bbox 600 2130 930 2201; x_wconf 86' lang='lat' dir='ltr'><strong>principium</strong></span> <span class='ocrx_word' id='word_1_213' title='bbox 975 2130 1276 2201; x_wconf 75' lang='lat' dir='ltr'><strong>ingenitum</strong></span> <span class='ocrx_word' id='word_1_214' title='bbox 1311 2139 1491 2195; x_wconf 87' lang='lat' dir='ltr'><strong>vocat,</strong></span> <span class='ocrx_word' id='word_1_215' title='bbox 1543 2147 1720 2202; x_wconf 91' lang='lat' dir='ltr'><strong>neque</strong></span> <span class='ocrx_word' id='word_1_216' title='bbox 1756 2141 1841 2188; x_wconf 89' lang='lat' dir='ltr'><strong>est</strong></span> <span class='ocrx_word' id='word_1_217' title='bbox 1901 2134 2033 2188; x_wconf 89' lang='lat' dir='ltr'><strong>sub-</strong></span> 
     </span>
    </p>
   </div>
   <div class='ocr_carea' id='block_1_35' title="bbox 461 2223 2034 2295">
    <p class='ocr_par' dir='ltr' id='par_1_35' title="bbox 461 2223 2034 2295">
     <span class='ocr_line' id='line_1_35' title="bbox 461 2223 2034 2295; baseline 0.003 -19"><span class='ocrx_word' id='word_1_218' title='bbox 461 2223 662 2277; x_wconf 79' lang='lat' dir='ltr'><strong>stantia</strong></span> <span class='ocrx_word' id='word_1_219' title='bbox 692 2224 959 2294; x_wconf 66' lang='lat' dir='ltr'><strong>quaapiam</strong></span> <span class='ocrx_word' id='word_1_220' title='bbox 1002 2240 1100 2295; x_wconf 90' lang='lat' dir='ltr'><strong>per</strong></span> <span class='ocrx_word' id='word_1_221' title='bbox 1141 2238 1201 2279; x_wconf 89' lang='lat' dir='ltr'><strong>se</strong></span> <span class='ocrx_word' id='word_1_222' title='bbox 1239 2224 1511 2280; x_wconf 76' lang='lat' dir='ltr'><strong>exsistens</strong></span> <span class='ocrx_word' id='word_1_223' title='bbox 1552 2240 1616 2279; x_wconf 90' lang='lat' dir='ltr'><strong>ac</strong></span> <span class='ocrx_word' id='word_1_224' title='bbox 1658 2225 1866 2281; x_wconf 86' lang='lat' dir='ltr'><strong>vivens.</strong></span> <span class='ocrx_word' id='word_1_225' title='bbox 1928 2226 2034 2281; x_wconf 84' lang='lat' dir='ltr'><strong>Sed</strong></span> 
     </span>
    </p>
   </div>
   <div class='ocr_carea' id='block_1_36' title="bbox 459 2315 2036 2386">
    <p class='ocr_par' dir='ltr' id='par_1_36' title="bbox 459 2315 2036 2386">
     <span class='ocr_line' id='line_1_36' title="bbox 459 2315 2036 2386; baseline 0.003 -17"><span class='ocrx_word' id='word_1_226' title='bbox 459 2315 577 2369; x_wconf 83' lang='lat' dir='ltr'><strong>sola</strong></span> <span class='ocrx_word' id='word_1_227' title='bbox 603 2316 932 2386; x_wconf 79' lang='lat' dir='ltr'><strong>cogitatione</strong></span> <span class='ocrx_word' id='word_1_228' title='bbox 976 2331 1121 2379; x_wconf 87' lang='lat' dir='ltr'><strong>esse,</strong></span> <span class='ocrx_word' id='word_1_229' title='bbox 1166 2331 1488 2372; x_wconf 87' lang='lat' dir='ltr'><strong>concessum</strong></span> <span class='ocrx_word' id='word_1_230' title='bbox 1526 2326 1629 2382; x_wconf 90' lang='lat' dir='ltr'><strong>est,</strong></span> <span class='ocrx_word' id='word_1_231' title='bbox 1674 2326 1729 2372; x_wconf 92' lang='lat' dir='ltr'><strong>et</strong></span> <span class='ocrx_word' id='word_1_232' title='bbox 1778 2318 2036 2373; x_wconf 74' lang='lat' dir='ltr'><strong>advenire</strong></span> 
     </span>
    </p>
   </div>
   <div class='ocr_carea' id='block_1_37' title="bbox 459 2407 2034 2480">
    <p class='ocr_par' dir='ltr' id='par_1_37' title="bbox 459 2407 2034 2480">
     <span class='ocr_line' id='line_1_37' title="bbox 459 2407 2034 2480; baseline 0.003 -19"><span class='ocrx_word' id='word_1_233' title='bbox 459 2414 627 2477; x_wconf 86' lang='lat' dir='ltr'><strong>atque</strong></span> <span class='ocrx_word' id='word_1_234' title='bbox 656 2410 915 2463; x_wconf 86' lang='lat' dir='ltr'><strong>recedere</strong></span> <span class='ocrx_word' id='word_1_235' title='bbox 952 2407 1209 2464; x_wconf 86' lang='lat' dir='ltr'><strong>similiter</strong></span> <span class='ocrx_word' id='word_1_236' title='bbox 1255 2414 1314 2462; x_wconf 92' lang='lat' dir='ltr'><strong>ut</strong></span> <span class='ocrx_word' id='word_1_237' title='bbox 1342 2409 1631 2474; x_wconf 82' lang='lat' dir='ltr'><strong>tenebras;</strong></span> <span class='ocrx_word' id='word_1_238' title='bbox 1666 2410 1828 2480; x_wconf 79' lang='lat' dir='ltr'><strong>idque</strong></span> <span class='ocrx_word' id='word_1_239' title='bbox 1876 2411 2034 2465; x_wconf 89' lang='lat' dir='ltr'><strong>valde</strong></span> 
     </span>
    </p>
   </div>
   <div class='ocr_carea' id='block_1_38' title="bbox 462 2496 2036 2570">
    <p class='ocr_par' dir='ltr' id='par_1_38' title="bbox 462 2496 2036 2570">
     <span class='ocr_line' id='line_1_38' title="bbox 462 2496 2036 2570; baseline 0.001 -18"><span class='ocrx_word' id='word_1_240' title='bbox 462 2496 670 2552; x_wconf 84' lang='lat' dir='ltr'><strong>utiliter</strong></span> <span class='ocrx_word' id='word_1_241' title='bbox 699 2504 754 2552; x_wconf 89' lang='lat' dir='ltr'><strong>et</strong></span> <span class='ocrx_word' id='word_1_242' title='bbox 786 2497 1108 2553; x_wconf 88' lang='lat' dir='ltr'><strong>necessario</strong></span> <span class='ocrx_word' id='word_1_243' title='bbox 1144 2516 1157 2553; x_wconf 90' lang='lat'>:</span> <span class='ocrx_word' id='word_1_244' title='bbox 1195 2496 1303 2554; x_wconf 89' lang='lat' dir='ltr'><strong>nisi</strong></span> <span class='ocrx_word' id='word_1_245' title='bbox 1335 2498 1483 2551; x_wconf 86' lang='lat' dir='ltr'><strong>enim</strong></span> <span class='ocrx_word' id='word_1_246' title='bbox 1518 2499 1779 2570; x_wconf 81' lang='lat' dir='ltr'><strong>cogitatio</strong></span> <span class='ocrx_word' id='word_1_247' title='bbox 1811 2501 2036 2554; x_wconf 84' lang='lat' dir='ltr'><strong>menda-</strong></span> 
     </span>
    </p>
   </div>
   <div class='ocr_carea' id='block_1_39' title="bbox 460 2589 2035 2662">
    <p class='ocr_par' dir='ltr' id='par_1_39' title="bbox 460 2589 2035 2662">
     <span class='ocr_line' id='line_1_39' title="bbox 460 2589 2035 2662; baseline 0.002 -18"><span class='ocrx_word' id='word_1_248' title='bbox 460 2589 534 2644; x_wconf 86' lang='lat' dir='ltr'><strong>cii</strong></span> <span class='ocrx_word' id='word_1_249' title='bbox 582 2604 706 2645; x_wconf 85' lang='lat' dir='ltr'><strong>esse</strong></span> <span class='ocrx_word' id='word_1_250' title='bbox 756 2596 944 2659; x_wconf 89' lang='lat' dir='ltr'><strong>posset</strong></span> <span class='ocrx_word' id='word_1_251' title='bbox 989 2590 1259 2659; x_wconf 89' lang='lat' dir='ltr'><strong>permissu</strong></span> <span class='ocrx_word' id='word_1_252' title='bbox 1291 2591 1419 2652; x_wconf 87' lang='lat' dir='ltr'><strong>Dei,</strong></span> <span class='ocrx_word' id='word_1_253' title='bbox 1466 2592 1718 2646; x_wconf 79' lang='lat' dir='ltr'><strong>veritatis</strong></span> <span class='ocrx_word' id='word_1_254' title='bbox 1745 2592 1895 2662; x_wconf 77' lang='lat' dir='ltr'><strong>Optio</strong></span> <span class='ocrx_word' id='word_1_255' title='bbox 1927 2609 2035 2647; x_wconf 92' lang='lat' dir='ltr'><strong>non</strong></span> 
     </span>
    </p>
   </div>
   <div class='ocr_carea' id='block_1_40' title="bbox 463 2682 2037 2754">
    <p class='ocr_par' dir='ltr' id='par_1_40' title="bbox 463 2682 2037 2754">
     <span class='ocr_line' id='line_1_40' title="bbox 463 2682 2037 2754; baseline 0.002 -17"><span class='ocrx_word' id='word_1_256' title='bbox 463 2692 612 2738; x_wconf 80' lang='lat' dir='ltr'><strong>esset</strong></span> <span class='ocrx_word' id='word_1_257' title='bbox 656 2684 710 2736; x_wconf 88' lang='lat' dir='ltr'><strong>iu</strong></span> <span class='ocrx_word' id='word_1_258' title='bbox 739 2682 1054 2738; x_wconf 85' lang='lat' dir='ltr'><strong>hominibus</strong></span> <span class='ocrx_word' id='word_1_259' title='bbox 1082 2690 1327 2753; x_wconf 85' lang='lat' dir='ltr'><strong>spectata</strong></span> <span class='ocrx_word' id='word_1_260' title='bbox 1362 2691 1416 2740; x_wconf 90' lang='lat' dir='ltr'><strong>et</strong></span> <span class='ocrx_word' id='word_1_261' title='bbox 1456 2684 1706 2754; x_wconf 87' lang='lat' dir='ltr'><strong>probata,</strong></span> <span class='ocrx_word' id='word_1_262' title='bbox 1746 2694 1800 2739; x_wconf 90' lang='lat' dir='ltr'><strong>et</strong></span> <span class='ocrx_word' id='word_1_263' title='bbox 1832 2684 2037 2740; x_wconf 82' lang='lat' dir='ltr'><strong>frustra</strong></span> 
     </span>
    </p>
   </div>
   <div class='ocr_carea' id='block_1_41' title="bbox 462 2774 2037 2844">
    <p class='ocr_par' dir='ltr' id='par_1_41' title="bbox 462 2774 2037 2844">
     <span class='ocr_line' id='line_1_41' title="bbox 462 2774 2037 2844; baseline 0 -15"><span class='ocrx_word' id='word_1_264' title='bbox 462 2776 862 2837; x_wconf 87' lang='lat' dir='ltr'><strong>nominaretur,</strong></span> <span class='ocrx_word' id='word_1_265' title='bbox 916 2774 1020 2830; x_wconf 88' lang='lat' dir='ltr'><strong>nisi</strong></span> <span class='ocrx_word' id='word_1_266' title='bbox 1073 2776 1398 2844; x_wconf 85' lang='lat' dir='ltr'><strong>permissum</strong></span> <span class='ocrx_word' id='word_1_267' title='bbox 1440 2785 1613 2840; x_wconf 88' lang='lat' dir='ltr'><strong>esset,</strong></span> <span class='ocrx_word' id='word_1_268' title='bbox 1650 2793 1771 2832; x_wconf 89' lang='lat' dir='ltr'><strong>esse</strong></span> <span class='ocrx_word' id='word_1_269' title='bbox 1813 2778 2037 2832; x_wconf 73' lang='lat' dir='ltr'><strong>mendu-</strong></span> 
     </span>
    </p>
   </div>
   <div class='ocr_carea' id='block_1_42' title="bbox 459 2865 2038 2938">
    <p class='ocr_par' dir='ltr' id='par_1_42' title="bbox 459 2865 2038 2938">
     <span class='ocr_line' id='line_1_42' title="bbox 459 2865 2038 2938; baseline 0.002 -19"><span class='ocrx_word' id='word_1_270' title='bbox 459 2867 606 2921; x_wconf 73' lang='lat' dir='ltr'><strong>eiun</strong></span> <span class='ocrx_word' id='word_1_271' title='bbox 649 2867 1003 2938; x_wconf 80' lang='lat' dir='ltr'><strong>cogitatione.</strong></span> <span class='ocrx_word' id='word_1_272' title='bbox 1037 2865 1208 2921; x_wconf 81' lang='lat' dir='ltr'><strong>Nemo</strong></span> <span class='ocrx_word' id='word_1_273' title='bbox 1235 2868 1381 2921; x_wconf 86' lang='lat' dir='ltr'><strong>enim</strong></span> <span class='ocrx_word' id='word_1_274' title='bbox 1424 2876 1569 2924; x_wconf 88' lang='lat' dir='ltr'><strong>esset</strong></span> <span class='ocrx_word' id='word_1_275' title='bbox 1593 2870 1801 2923; x_wconf 88' lang='lat' dir='ltr'><strong>amicus</strong></span> <span class='ocrx_word' id='word_1_276' title='bbox 1838 2877 2038 2922; x_wconf 76' lang='lat' dir='ltr'><strong>ver-.ta-</strong></span> 
     </span>
    </p>
   </div>
   <div class='ocr_carea' id='block_1_43' title="bbox 461 2957 2033 3030">
    <p class='ocr_par' dir='ltr' id='par_1_43' title="bbox 461 2957 2033 3030">
     <span class='ocr_line' id='line_1_43' title="bbox 461 2957 2033 3030; baseline 0.001 -18"><span class='ocrx_word' id='word_1_277' title='bbox 461 2959 558 3024; x_wconf 86' lang='lat' dir='ltr'><strong>tis,</strong></span> <span class='ocrx_word' id='word_1_278' title='bbox 592 2958 702 3014; x_wconf 85' lang='lat' dir='ltr'><strong>nisi</strong></span> <span class='ocrx_word' id='word_1_279' title='bbox 739 2964 1063 3028; x_wconf 87' lang='lat' dir='ltr'><strong>potestatem</strong></span> <span class='ocrx_word' id='word_1_280' title='bbox 1095 2957 1323 3014; x_wconf 86' lang='lat' dir='ltr'><strong>haberet</strong></span> <span class='ocrx_word' id='word_1_281' title='bbox 1362 2961 1639 3030; x_wconf 85' lang='lat' dir='ltr'><strong>cogitandi</strong></span> <span class='ocrx_word' id='word_1_282' title='bbox 1668 2962 2033 3016; x_wconf 84' lang='lat' dir='ltr'><strong>mendacium.</strong></span> 
     </span>
    </p>
   </div>
   <div class='ocr_carea' id='block_1_44' title="bbox 459 3048 2037 3122">
    <p class='ocr_par' dir='ltr' id='par_1_44' title="bbox 459 3048 2037 3122">
     <span class='ocr_line' id='line_1_44' title="bbox 459 3048 2037 3122; baseline 0.003 -18"><span class='ocrx_word' id='word_1_283' title='bbox 459 3048 582 3106; x_wconf 75' lang='lat' dir='ltr'><strong>Non</strong></span> <span class='ocrx_word' id='word_1_284' title='bbox 612 3050 737 3106; x_wconf 90' lang='lat' dir='ltr'><strong>dico</strong></span> <span class='ocrx_word' id='word_1_285' title='bbox 774 3064 896 3105; x_wconf 88' lang='lat' dir='ltr'><strong>esse</strong></span> <span class='ocrx_word' id='word_1_286' title='bbox 922 3050 1271 3106; x_wconf 84' lang='lat' dir='ltr'><strong>mendacium</strong></span> <span class='ocrx_word' id='word_1_287' title='bbox 1302 3050 1623 3122; x_wconf 86' lang='lat' dir='ltr'><strong>adjunctum</strong></span> <span class='ocrx_word' id='word_1_288' title='bbox 1667 3053 1901 3117; x_wconf 79' lang='lat' dir='ltr'><strong>veritati,</strong></span> <span class='ocrx_word' id='word_1_289' title='bbox 1941 3053 2037 3108; x_wconf 89' lang='lat' dir='ltr'><strong>sed</strong></span> 
     </span>
    </p>
   </div>
   <div class='ocr_carea' id='block_1_45' title="bbox 460 3140 2035 3216">
    <p class='ocr_par' dir='ltr' id='par_1_45' title="bbox 460 3140 2035 3216">
     <span class='ocr_line' id='line_1_45' title="bbox 460 3140 2035 3216; baseline 0.004 -22"><span class='ocrx_word' id='word_1_290' title='bbox 460 3141 606 3212; x_wconf 85' lang='lat' dir='ltr'><strong>quod</strong></span> <span class='ocrx_word' id='word_1_291' title='bbox 650 3140 803 3212; x_wconf 80' lang='lat' dir='ltr'><strong>Optio</strong></span> <span class='ocrx_word' id='word_1_292' title='bbox 849 3141 1096 3199; x_wconf 81' lang='lat' dir='ltr'><strong>veritatis</strong></span> <span class='ocrx_word' id='word_1_293' title='bbox 1148 3159 1256 3198; x_wconf 92' lang='lat' dir='ltr'><strong>non</strong></span> <span class='ocrx_word' id='word_1_294' title='bbox 1295 3144 1575 3200; x_wconf 80' lang='lat' dir='ltr'><strong>videretur</strong></span> <span class='ocrx_word' id='word_1_295' title='bbox 1619 3160 1761 3210; x_wconf 88' lang='lat' dir='ltr'><strong>esse,</strong></span> <span class='ocrx_word' id='word_1_296' title='bbox 1803 3145 1907 3199; x_wconf 88' lang='lat' dir='ltr'><strong>nisi</strong></span> <span class='ocrx_word' id='word_1_297' title='bbox 1936 3161 2035 3216; x_wconf 89' lang='lat' dir='ltr'><strong>po-</strong></span> 
     </span>
    </p>
   </div>
   <div class='ocr_carea' id='block_1_46' title="bbox 463 3233 2035 3307">
    <p class='ocr_par' dir='ltr' id='par_1_46' title="bbox 463 3233 2035 3307">
     <span class='ocr_line' id='line_1_46' title="bbox 463 3233 2035 3307; baseline 0.004 -19"><span class='ocrx_word' id='word_1_298' title='bbox 463 3242 631 3290; x_wconf 84' lang='lat' dir='ltr'><strong>testas</strong></span> <span class='ocrx_word' id='word_1_299' title='bbox 657 3233 957 3289; x_wconf 88' lang='lat' dir='ltr'><strong>mentiendi</strong></span> <span class='ocrx_word' id='word_1_300' title='bbox 992 3235 1270 3304; x_wconf 89' lang='lat' dir='ltr'><strong>adjaccret</strong></span> <span class='ocrx_word' id='word_1_301' title='bbox 1294 3251 1307 3287; x_wconf 90' lang='lat'><strong>:</strong></span> <span class='ocrx_word' id='word_1_302' title='bbox 1334 3237 1479 3307; x_wconf 86' lang='lat' dir='ltr'><strong>quod</strong></span> <span class='ocrx_word' id='word_1_303' title='bbox 1507 3238 1725 3307; x_wconf 90' lang='lat' dir='ltr'><strong>quidem</strong></span> <span class='ocrx_word' id='word_1_304' title='bbox 1749 3239 2035 3294; x_wconf 88' lang='lat' dir='ltr'><strong>veracibus</strong></span> 
     </span>
    </p>
   </div>
   <div class='ocr_carea' id='block_1_47' title="bbox 459 3323 2037 3399">
    <p class='ocr_par' dir='ltr' id='par_1_47' title="bbox 459 3323 2037 3399">
     <span class='ocr_line' id='line_1_47' title="bbox 459 3323 2037 3399; baseline 0.004 -22"><span class='ocrx_word' id='word_1_305' title='bbox 459 3324 707 3394; x_wconf 86' lang='lat' dir='ltr'><strong>prodest,</strong></span> <span class='ocrx_word' id='word_1_306' title='bbox 740 3340 850 3380; x_wconf 92' lang='lat' dir='ltr'><strong>non</strong></span> <span class='ocrx_word' id='word_1_307' title='bbox 881 3325 1121 3380; x_wconf 78' lang='lat' dir='ltr'><strong>veritati.</strong></span> <span class='ocrx_word' id='word_1_308' title='bbox 1167 3323 1393 3396; x_wconf 86' lang='lat' dir='ltr'><strong>Oportet</strong></span> <span class='ocrx_word' id='word_1_309' title='bbox 1426 3328 1569 3384; x_wconf 90' lang='lat' dir='ltr'><strong>enim</strong></span> <span class='ocrx_word' id='word_1_310' title='bbox 1599 3344 1723 3384; x_wconf 91' lang='lat' dir='ltr'><strong>eum</strong></span> <span class='ocrx_word' id='word_1_311' title='bbox 1753 3330 1842 3399; x_wconf 91' lang='lat' dir='ltr'><strong>qui</strong></span> <span class='ocrx_word' id='word_1_312' title='bbox 1870 3344 2037 3385; x_wconf 76' lang='lat' dir='ltr'><strong>verax</strong></span> 
     </span>
    </p>
   </div>
   <div class='ocr_carea' id='block_1_48' title="bbox 459 3417 2035 3490">
    <p class='ocr_par' dir='ltr' id='par_1_48' title="bbox 459 3417 2035 3490">
     <span class='ocr_line' id='line_1_48' title="bbox 459 3417 2035 3490; baseline 0.003 -21"><span class='ocrx_word' id='word_1_313' title='bbox 459 3423 566 3478; x_wconf 87' lang='lat' dir='ltr'><strong>est,</strong></span> <span class='ocrx_word' id='word_1_314' title='bbox 592 3424 653 3470; x_wconf 88' lang='lat' dir='ltr'><strong>ut</strong></span> <span class='ocrx_word' id='word_1_315' title='bbox 680 3431 851 3485; x_wconf 87' lang='lat' dir='ltr'><strong>penes</strong></span> <span class='ocrx_word' id='word_1_316' title='bbox 887 3431 1013 3471; x_wconf 90' lang='lat' dir='ltr'><strong>eum</strong></span> <span class='ocrx_word' id='word_1_317' title='bbox 1047 3417 1118 3471; x_wconf 87' lang='lat' dir='ltr'><strong>sit</strong></span> <span class='ocrx_word' id='word_1_318' title='bbox 1156 3418 1399 3482; x_wconf 87' lang='lat' dir='ltr'><strong>mentiri,</strong></span> <span class='ocrx_word' id='word_1_319' title='bbox 1425 3433 1454 3473; x_wconf 89' lang='lat' dir='ltr'><strong>a</strong></span> <span class='ocrx_word' id='word_1_320' title='bbox 1489 3435 1598 3490; x_wconf 91' lang='lat' dir='ltr'><strong>quo</strong></span> <span class='ocrx_word' id='word_1_321' title='bbox 1628 3435 1752 3475; x_wconf 91' lang='lat' dir='ltr'><strong>cum</strong></span> <span class='ocrx_word' id='word_1_322' title='bbox 1777 3421 2035 3483; x_wconf 86' lang='lat' dir='ltr'><strong>abstinet,</strong></span> 
     </span>
    </p>
   </div>
   <div class='ocr_carea' id='block_1_49' title="bbox 456 3506 2038 3578">
    <p class='ocr_par' dir='ltr' id='par_1_49' title="bbox 456 3506 2038 3578">
     <span class='ocr_line' id='line_1_49' title="bbox 456 3506 2038 3578; baseline 0.004 -18"><span class='ocrx_word' id='word_1_323' title='bbox 456 3522 624 3563; x_wconf 75' lang='lat' dir='ltr'><strong>verax</strong></span> <span class='ocrx_word' id='word_1_324' title='bbox 652 3516 761 3563; x_wconf 90' lang='lat' dir='ltr'><strong>est.</strong></span> <span class='ocrx_word' id='word_1_325' title='bbox 800 3506 973 3563; x_wconf 87' lang='lat' dir='ltr'><strong>Posse</strong></span> <span class='ocrx_word' id='word_1_326' title='bbox 1008 3523 1139 3578; x_wconf 84' lang='lat' dir='ltr'><strong>ergo</strong></span> <span class='ocrx_word' id='word_1_327' title='bbox 1169 3510 1385 3565; x_wconf 89' lang='lat' dir='ltr'><strong>mentiri</strong></span> <span class='ocrx_word' id='word_1_328' title='bbox 1418 3510 1575 3565; x_wconf 78' lang='lat' dir='ltr'><strong>aﬂ‘ert</strong></span> <span class='ocrx_word' id='word_1_329' title='bbox 1607 3511 1945 3573; x_wconf 88' lang='lat' dir='ltr'><strong>hominibus.</strong></span> <span class='ocrx_word' id='word_1_330' title='bbox 1979 3520 2038 3567; x_wconf 88' lang='lat' dir='ltr'><strong>ut</strong></span> 
     </span>
    </p>
   </div>
   <div class='ocr_carea' id='block_1_50' title="bbox 459 3597 2041 3671">
    <p class='ocr_par' dir='ltr' id='par_1_50' title="bbox 459 3597 2041 3671">
     <span class='ocr_line' id='line_1_50' title="bbox 459 3597 2041 3671; baseline 0.004 -20"><span class='ocrx_word' id='word_1_331' title='bbox 459 3597 748 3653; x_wconf 74' lang='lat' dir='ltr'><strong>veritatem</strong></span> <span class='ocrx_word' id='word_1_332' title='bbox 778 3598 1068 3652; x_wconf 89' lang='lat' dir='ltr'><strong>mendacio</strong></span> <span class='ocrx_word' id='word_1_333' title='bbox 1094 3607 1446 3669; x_wconf 86' lang='lat' dir='ltr'><strong>anteponant.</strong></span> <span class='ocrx_word' id='word_1_334' title='bbox 1492 3598 1645 3655; x_wconf 89' lang='lat' dir='ltr'><strong>Sicut</strong></span> <span class='ocrx_word' id='word_1_335' title='bbox 1682 3603 1871 3671; x_wconf 70' lang='lat' dir='ltr'><strong>posita:</strong></span> <span class='ocrx_word' id='word_1_336' title='bbox 1896 3610 2041 3657; x_wconf 85' lang='lat' dir='ltr'><strong>tene-</strong></span> 
     </span>
    </p>
   </div>
   <div class='ocr_carea' id='block_1_51' title="bbox 458 3687 2038 3757">
    <p class='ocr_par' dir='ltr' id='par_1_51' title="bbox 458 3687 2038 3757">
     <span class='ocr_line' id='line_1_51' title="bbox 458 3687 2038 3757; baseline 0.005 -16"><span class='ocrx_word' id='word_1_337' title='bbox 458 3687 572 3743; x_wconf 62' lang='lat' dir='ltr'><strong>brae</strong></span> <span class='ocrx_word' id='word_1_338' title='bbox 616 3702 841 3744; x_wconf 84' lang='lat' dir='ltr'><strong>sensum</strong></span> <span class='ocrx_word' id='word_1_339' title='bbox 888 3688 1116 3743; x_wconf 88' lang='lat' dir='ltr'><strong>luminis</strong></span> <span class='ocrx_word' id='word_1_340' title='bbox 1183 3699 1404 3745; x_wconf 83' lang='lat' dir='ltr'><strong>movent</strong></span> <span class='ocrx_word' id='word_1_341' title='bbox 1460 3700 1515 3746; x_wconf 90' lang='lat' dir='ltr'><strong>et</strong></span> <span class='ocrx_word' id='word_1_342' title='bbox 1549 3693 1812 3757; x_wconf 78' lang='lat' dir='ltr'><strong>excitant,</strong></span> <span class='ocrx_word' id='word_1_343' title='bbox 1855 3702 2038 3749; x_wconf 90' lang='lat' dir='ltr'><strong>tamen</strong></span> 
     </span>
    </p>
   </div>
   <div class='ocr_carea' id='block_1_52' title="bbox 459 3777 2040 3851">
    <p class='ocr_par' dir='ltr' id='par_1_52' title="bbox 459 3777 2040 3851">
     <span class='ocr_line' id='line_1_52' title="bbox 459 3777 2040 3851; baseline 0.003 -17"><span class='ocrx_word' id='word_1_344' title='bbox 459 3778 606 3834; x_wconf 73' lang='lat' dir='ltr'><strong>sicut</strong></span> <span class='ocrx_word' id='word_1_345' title='bbox 648 3778 829 3832; x_wconf 89' lang='lat' dir='ltr'><strong>lumen</strong></span> <span class='ocrx_word' id='word_1_346' title='bbox 878 3778 934 3832; x_wconf 91' lang='lat' dir='ltr'><strong>in</strong></span> <span class='ocrx_word' id='word_1_347' title='bbox 976 3777 1217 3833; x_wconf 84' lang='lat' dir='ltr'><strong>tenebris</strong></span> <span class='ocrx_word' id='word_1_348' title='bbox 1257 3781 1400 3835; x_wconf 86' lang='lat' dir='ltr'><strong>lucet</strong></span> <span class='ocrx_word' id='word_1_349' title='bbox 1451 3781 1721 3851; x_wconf 85' lang='lat' dir='ltr'><strong>(dissolvit</strong></span> <span class='ocrx_word' id='word_1_350' title='bbox 1766 3784 1909 3838; x_wconf 90' lang='lat' dir='ltr'><strong>enim</strong></span> <span class='ocrx_word' id='word_1_351' title='bbox 1944 3800 2040 3839; x_wconf 84' lang='lat' dir='ltr'><strong>eas</strong></span> 
     </span>
    </p>
   </div>
   <div class='ocr_carea' id='block_1_53' title="bbox 458 3866 2039 3938">
    <p class='ocr_par' dir='ltr' id='par_1_53' title="bbox 458 3866 2039 3938">
     <span class='ocr_line' id='line_1_53' title="bbox 458 3866 2039 3938; baseline 0.004 -16"><span class='ocrx_word' id='word_1_352' title='bbox 458 3866 780 3933; x_wconf 76' lang='lat' dir='ltr'><strong>adveniens,</strong></span> <span class='ocrx_word' id='word_1_353' title='bbox 806 3868 1008 3938; x_wconf 89' lang='lat' dir='ltr'><strong>quippe</strong></span> <span class='ocrx_word' id='word_1_354' title='bbox 1037 3884 1159 3923; x_wconf 92' lang='lat' dir='ltr'><strong>cum</strong></span> <span class='ocrx_word' id='word_1_355' title='bbox 1187 3884 1295 3926; x_wconf 87' lang='lat' dir='ltr'><strong>non</strong></span> <span class='ocrx_word' id='word_1_356' title='bbox 1321 3872 1431 3926; x_wconf 86' lang='lat' dir='ltr'><strong>sint</strong></span> <span class='ocrx_word' id='word_1_357' title='bbox 1458 3874 1760 3929; x_wconf 87' lang='lat' dir='ltr'><strong>secundum</strong></span> <span class='ocrx_word' id='word_1_358' title='bbox 1786 3875 2039 3931; x_wconf 85' lang='lat' dir='ltr'><strong>substan-</strong></span> 
     </span>
    </p>
   </div>
   <div class='ocr_carea' id='block_1_54' title="bbox 458 3958 2044 4031">
    <p class='ocr_par' dir='ltr' id='par_1_54' title="bbox 458 3958 2044 4031">
     <span class='ocr_line' id='line_1_54' title="bbox 458 3958 2044 4031; baseline 0.006 -19"><span class='ocrx_word' id='word_1_359' title='bbox 458 3958 637 4031; x_wconf 70' lang='lat' dir='ltr'><strong>tiam),</strong></span> <span class='ocrx_word' id='word_1_360' title='bbox 668 3958 749 4015; x_wconf 89' lang='lat' dir='ltr'><strong>sic</strong></span> <span class='ocrx_word' id='word_1_361' title='bbox 771 3959 971 4015; x_wconf 85' lang='lat' dir='ltr'><strong>veritas</strong></span> <span class='ocrx_word' id='word_1_362' title='bbox 1004 3960 1228 4017; x_wconf 85' lang='lat' dir='ltr'><strong>vincens</strong></span> <span class='ocrx_word' id='word_1_363' title='bbox 1261 3962 1625 4029; x_wconf 86' lang='lat' dir='ltr'><strong>mendacium,</strong></span> <span class='ocrx_word' id='word_1_364' title='bbox 1656 3966 1880 4020; x_wconf 88' lang='lat' dir='ltr'><strong>omnino</strong></span> <span class='ocrx_word' id='word_1_365' title='bbox 1908 3983 2044 4021; x_wconf 86' lang='lat' dir='ltr'><strong>con-</strong></span> 
     </span>
    </p>
   </div>
   <div class='ocr_carea' id='block_1_55' title="bbox 460 4051 2041 4131">
    <p class='ocr_par' dir='ltr' id='par_1_55' title="bbox 460 4051 2041 4131">
     <span class='ocr_line' id='line_1_55' title="bbox 460 4051 2041 4131; baseline 0.006 -27"><span class='ocrx_word' id='word_1_366' title='bbox 460 4051 653 4113; x_wconf 87' lang='lat' dir='ltr'><strong>vincit.</strong></span> <span class='ocrx_word' id='word_1_367' title='bbox 676 4051 823 4122; x_wconf 85' lang='lat' dir='ltr'><strong>quod</strong></span> <span class='ocrx_word' id='word_1_368' title='bbox 864 4061 1102 4117; x_wconf 88' lang='lat' dir='ltr'><strong>nonest,</strong></span> <span class='ocrx_word' id='word_1_369' title='bbox 1153 4054 1487 4124; x_wconf 80' lang='lat' dir='ltr'><strong>cogitatione</strong></span> <span class='ocrx_word' id='word_1_370' title='bbox 1527 4071 1649 4113; x_wconf 88' lang='lat' dir='ltr'><strong>esse</strong></span> <span class='ocrx_word' id='word_1_371' title='bbox 1679 4070 1898 4128; x_wconf 88' lang='lat' dir='ltr'><strong>propter</strong></span> <span class='ocrx_word' id='word_1_372' title='bbox 1945 4075 2041 4131; x_wconf 90' lang='lat' dir='ltr'><strong>po-</strong></span> 
     </span>
    </p>
   </div>
   <div class='ocr_carea' id='block_1_56' title="bbox 459 4143 2037 4221">
    <p class='ocr_par' dir='ltr' id='par_1_56' title="bbox 459 4143 2037 4221">
     <span class='ocr_line' id='line_1_56' title="bbox 459 4143 2037 4221; baseline 0.007 -26"><span class='ocrx_word' id='word_1_373' title='bbox 459 4146 707 4197; x_wconf 76' lang='lat' dir='ltr'><strong>testatem</strong></span> <span class='ocrx_word' id='word_1_374' title='bbox 739 4143 1108 4213; x_wconf 81' lang='lat' dir='ltr'><strong>cogitationis,</strong></span> <span class='ocrx_word' id='word_1_375' title='bbox 1161 4144 1214 4199; x_wconf 89' lang='lat' dir='ltr'><strong>id</strong></span> <span class='ocrx_word' id='word_1_376' title='bbox 1244 4154 1330 4202; x_wconf 82' lang='lat' dir='ltr'><strong>est</strong></span> <span class='ocrx_word' id='word_1_377' title='bbox 1381 4148 1528 4217; x_wconf 89' lang='lat' dir='ltr'><strong>-quia</strong></span> <span class='ocrx_word' id='word_1_378' title='bbox 1569 4151 1798 4219; x_wconf 73' lang='lat' dir='ltr'><strong>cogitari</strong></span> <span class='ocrx_word' id='word_1_379' title='bbox 1838 4160 2037 4221; x_wconf 84' lang='lat' dir='ltr'><strong>potest.</strong></span> 
     </span>
    </p>
   </div>
   <div class='ocr_carea' id='block_1_57' title="bbox 461 4230 2040 4313">
    <p class='ocr_par' dir='ltr' id='par_1_57' title="bbox 461 4230 2040 4313">
     <span class='ocr_line' id='line_1_57' title="bbox 461 4230 2040 4313; baseline 0.01 -29"><span class='ocrx_word' id='word_1_380' title='bbox 461 4230 746 4297; x_wconf 84' lang='lat' dir='ltr'><strong>Quomodo</strong></span> <span class='ocrx_word' id='word_1_381' title='bbox 786 4234 930 4289; x_wconf 86' lang='lat' dir='ltr'><strong>enim</strong></span> <span class='ocrx_word' id='word_1_382' title='bbox 974 4242 1154 4305; x_wconf 83' lang='lat' dir='ltr'><strong>potest</strong></span> <span class='ocrx_word' id='word_1_383' title='bbox 1203 4239 1328 4308; x_wconf 89' lang='lat' dir='ltr'><strong>quis</strong></span> <span class='ocrx_word' id='word_1_384' title='bbox 1380 4239 1665 4296; x_wconf 84' lang='lat' dir='ltr'><strong>veritatem</strong></span> <span class='ocrx_word' id='word_1_385' title='bbox 1708 4242 1932 4313; x_wconf 82' lang='lat' dir='ltr'><strong>eligere,</strong></span> <span class='ocrx_word' id='word_1_386' title='bbox 1991 4246 2040 4300; x_wconf 85' lang='lat' dir='ltr'><strong>si</strong></span> 
     </span>
    </p>
   </div>
   <div class='ocr_carea' id='block_1_58' title="bbox 460 4323 1858 4401">
    <p class='ocr_par' dir='ltr' id='par_1_58' title="bbox 460 4323 1858 4401">
     <span class='ocr_line' id='line_1_58' title="bbox 460 4323 1858 4401; baseline 0.008 -24"><span class='ocrx_word' id='word_1_387' title='bbox 460 4323 742 4393; x_wconf 83' lang='lat' dir='ltr'><strong>suscipere</strong></span> <span class='ocrx_word' id='word_1_388' title='bbox 784 4324 1129 4381; x_wconf 88' lang='lat' dir='ltr'><strong>mendacium</strong></span> <span class='ocrx_word' id='word_1_389' title='bbox 1178 4344 1289 4384; x_wconf 93' lang='lat' dir='ltr'><strong>non</strong></span> <span class='ocrx_word' id='word_1_390' title='bbox 1324 4338 1410 4384; x_wconf 89' lang='lat' dir='ltr'><strong>est</strong></span> <span class='ocrx_word' id='word_1_391' title='bbox 1445 4346 1610 4400; x_wconf 88' lang='lat' dir='ltr'><strong>penes</strong></span> <span class='ocrx_word' id='word_1_392' title='bbox 1642 4331 1858 4401; x_wconf 87' lang='lat' dir='ltr'><strong>ipsum?</strong></span> 
     </span>
    </p>
   </div>
   <div class='ocr_carea' id='block_1_59' title="bbox 532 4413 2036 4488">
    <p class='ocr_par' dir='ltr' id='par_1_59' title="bbox 532 4413 2036 4488">
     <span class='ocr_line' id='line_1_59' title="bbox 532 4413 2036 4488; baseline 0.008 -19"><span class='ocrx_word' id='word_1_393' title='bbox 532 4413 590 4469; x_wconf 90' lang='lat' dir='ltr'><strong>Si</strong></span> <span class='ocrx_word' id='word_1_394' title='bbox 631 4416 799 4486; x_wconf 80' lang='lat' dir='ltr'><strong>igitur</strong></span> <span class='ocrx_word' id='word_1_395' title='bbox 832 4417 1050 4473; x_wconf 88' lang='lat' dir='ltr'><strong>ostendi</strong></span> <span class='ocrx_word' id='word_1_396' title='bbox 1079 4428 1267 4488; x_wconf 85' lang='lat' dir='ltr'><strong>posset</strong></span> <span class='ocrx_word' id='word_1_397' title='bbox 1310 4437 1434 4477; x_wconf 85' lang='lat' dir='ltr'><strong>esse</strong></span> <span class='ocrx_word' id='word_1_398' title='bbox 1463 4424 1715 4479; x_wconf 91' lang='lat' dir='ltr'><strong>tenebras</strong></span> <span class='ocrx_word' id='word_1_399' title='bbox 1739 4426 2036 4481; x_wconf 83' lang='lat' dir='ltr'><strong>secundum</strong></span> 
     </span>
    </p>
   </div>
   <div class='ocr_carea' id='block_1_60' title="bbox 2136 1945 3715 2018">
    <p class='ocr_par' dir='ltr' id='par_1_60' title="bbox 2136 1945 3715 2018">
     <span class='ocr_line' id='line_1_60' title="bbox 2136 1945 3715 2018; baseline -0.001 -19"><span class='ocrx_word' id='word_1_400' title='bbox 2136 1948 2226 2001; x_wconf 75' lang='grc' dir='ltr'><strong>τὸν</strong></span> <span class='ocrx_word' id='word_1_401' title='bbox 2256 1946 2419 2000; x_wconf 76' lang='grc' dir='ltr'><strong>αὑτὸν</strong></span> <span class='ocrx_word' id='word_1_402' title='bbox 2447 1946 2647 2017; x_wconf 84' lang='grc' dir='ltr'><strong>τρόπον</strong></span> <span class='ocrx_word' id='word_1_403' title='bbox 2672 1948 2766 2000; x_wconf 75' lang='grc' dir='ltr'><strong>καὶ</strong></span> <span class='ocrx_word' id='word_1_404' title='bbox 2792 1946 2986 2016; x_wconf 79' lang='grc' dir='ltr'><strong>ψεῦδος</strong></span> <span class='ocrx_word' id='word_1_405' title='bbox 3010 1945 3147 2018; x_wconf 71' lang='grc'><strong>(41),</strong></span> <span class='ocrx_word' id='word_1_406' title='bbox 3176 1946 3283 2000; x_wconf 88' lang='grc' dir='ltr'><strong>ἀπό</strong></span> <span class='ocrx_word' id='word_1_407' title='bbox 3310 1963 3453 2009; x_wconf 83' lang='grc' dir='ltr'><strong>τινος</strong></span> <span class='ocrx_word' id='word_1_408' title='bbox 3483 1946 3580 2015; x_wconf 80' lang='grc' dir='ltr'><strong>μὲν</strong></span> <span class='ocrx_word' id='word_1_409' title='bbox 3619 1947 3715 1997; x_wconf 77' lang='grc' dir='ltr'><strong>οὐ-</strong></span> 
     </span>
    </p>
   </div>
   <div class='ocr_carea' id='block_1_61' title="bbox 2139 2033 3712 2111">
    <p class='ocr_par' dir='ltr' id='par_1_61' title="bbox 2139 2033 3712 2111">
     <span class='ocr_line' id='line_1_61' title="bbox 2139 2033 3712 2111; baseline -0.001 -19"><span class='ocrx_word' id='word_1_410' title='bbox 2139 2040 2258 2102; x_wconf 90' lang='grc' dir='ltr'><strong>σίας</strong></span> <span class='ocrx_word' id='word_1_411' title='bbox 2290 2039 2631 2111; x_wconf 79' lang='grc' dir='ltr'><strong>ὑφεστηκυῖὰ</strong></span> <span class='ocrx_word' id='word_1_412' title='bbox 2660 2055 2720 2092; x_wconf 89' lang='grc' dir='ltr'><strong>τε</strong></span> <span class='ocrx_word' id='word_1_413' title='bbox 2748 2040 2841 2092; x_wconf 74' lang='grc' dir='ltr'><strong>καὶ</strong></span> <span class='ocrx_word' id='word_1_414' title='bbox 2863 2039 3030 2103; x_wconf 60' lang='lat' dir='ltr'><strong>{dicer</strong></span> <span class='ocrx_word' id='word_1_415' title='bbox 3057 2038 3271 2110; x_wconf 72' lang='grc' dir='ltr'><strong>ἐπινοίᾳ</strong></span> <span class='ocrx_word' id='word_1_416' title='bbox 3299 2038 3357 2091; x_wconf 80' lang='grc' dir='ltr'><strong>δὲ</strong></span> <span class='ocrx_word' id='word_1_417' title='bbox 3388 2039 3545 2109; x_wconf 86' lang='grc' dir='ltr'><strong>μόνον</strong></span> <span class='ocrx_word' id='word_1_418' title='bbox 3570 2033 3712 2091; x_wconf 80' lang='grc' dir='ltr'><strong>εἶναι</strong></span> 
     </span>
    </p>
   </div>
   <div class='ocr_carea' id='block_1_62' title="bbox 2137 2131 3718 2205">
    <p class='ocr_par' dir='ltr' id='par_1_62' title="bbox 2137 2131 3718 2205">
     <span class='ocr_line' id='line_1_62' title="bbox 2137 2131 3718 2205; baseline -0.001 -20"><span class='ocrx_word' id='word_1_419' title='bbox 2137 2132 2593 2205; x_wconf 80' lang='grc' dir='ltr'><strong>συγκεχώρηται,</strong></span> <span class='ocrx_word' id='word_1_420' title='bbox 2649 2131 2966 2204; x_wconf 73' lang='grc' dir='ltr'><strong>συμϐαίνειν</strong></span> <span class='ocrx_word' id='word_1_421' title='bbox 3012 2148 3072 2186; x_wconf 85' lang='grc' dir='ltr'><strong>τε</strong></span> <span class='ocrx_word' id='word_1_422' title='bbox 3132 2131 3227 2184; x_wconf 77' lang='grc' dir='ltr'><strong>καὶ</strong></span> <span class='ocrx_word' id='word_1_423' title='bbox 3279 2131 3718 2202; x_wconf 75' lang='grc' dir='ltr'><strong>ἀποσυμϐαίνειν</strong></span> 
     </span>
    </p>
   </div>
   <div class='ocr_carea' id='block_1_63' title="bbox 2136 2223 3713 2296">
    <p class='ocr_par' dir='ltr' id='par_1_63' title="bbox 2136 2223 3713 2296">
     <span class='ocr_line' id='line_1_63' title="bbox 2136 2223 3713 2296; baseline -0.001 -20"><span class='ocrx_word' id='word_1_424' title='bbox 2136 2224 2533 2296; x_wconf 84' lang='grc' dir='ltr'><strong>παραπλησίως</strong></span> <span class='ocrx_word' id='word_1_425' title='bbox 2563 2223 2641 2296; x_wconf 82' lang='grc' dir='ltr'><strong>τῷ</strong></span> <span class='ocrx_word' id='word_1_426' title='bbox 2676 2225 2875 2289; x_wconf 87' lang='grc' dir='ltr'><strong>σκότει,</strong></span> <span class='ocrx_word' id='word_1_427' title='bbox 2904 2225 3173 2278; x_wconf 72' lang='grc' dir='ltr'><strong>καὶτοῦτο</strong></span> <span class='ocrx_word' id='word_1_428' title='bbox 3199 2224 3318 2278; x_wconf 80' lang='grc' dir='ltr'><strong>λίαν</strong></span> <span class='ocrx_word' id='word_1_429' title='bbox 3342 2224 3626 2296; x_wconf 76' lang='grc' dir='ltr'><strong>χρησίμως</strong></span> <span class='ocrx_word' id='word_1_430' title='bbox 3652 2240 3713 2277; x_wconf 88' lang='grc' dir='ltr'><strong>τε</strong></span> 
     </span>
    </p>
   </div>
   <div class='ocr_carea' id='block_1_64' title="bbox 2136 2315 3717 2388">
    <p class='ocr_par' dir='ltr' id='par_1_64' title="bbox 2136 2315 3717 2388">
     <span class='ocr_line' id='line_1_64' title="bbox 2136 2315 3717 2388; baseline -0.001 -19"><span class='ocrx_word' id='word_1_431' title='bbox 2136 2315 2231 2369; x_wconf 66' lang='grc' dir='ltr'><strong>καὶ</strong></span> <span class='ocrx_word' id='word_1_432' title='bbox 2264 2316 2596 2383; x_wconf 64' lang='grc' dir='ltr'><strong>ἀναγκαίως</strong></span> <span class='ocrx_word' id='word_1_433' title='bbox 2617 2317 2667 2369; x_wconf 90' lang='grc' dir='ltr'><strong>εἰ</strong></span> <span class='ocrx_word' id='word_1_434' title='bbox 2693 2317 2801 2384; x_wconf 84' lang='grc' dir='ltr'><strong>γὰρ</strong></span> <span class='ocrx_word' id='word_1_435' title='bbox 2840 2315 2913 2386; x_wconf 83' lang='grc' dir='ltr'><strong>μὴ</strong></span> <span class='ocrx_word' id='word_1_436' title='bbox 2942 2318 3313 2388; x_wconf 74' lang='grc' dir='ltr'><strong>ἐπετέτραπτο</strong></span> <span class='ocrx_word' id='word_1_437' title='bbox 3335 2316 3563 2386; x_wconf 71' lang='grc' dir='ltr'><strong>ψεύδους</strong></span> <span class='ocrx_word' id='word_1_438' title='bbox 3593 2317 3717 2369; x_wconf 78' lang='grc' dir='ltr'><strong>ἐπί·-</strong></span> 
     </span>
    </p>
   </div>
   <div class='ocr_carea' id='block_1_65' title="bbox 2136 2404 3713 2480">
    <p class='ocr_par' dir='ltr' id='par_1_65' title="bbox 2136 2404 3713 2480">
     <span class='ocr_line' id='line_1_65' title="bbox 2136 2404 3713 2480; baseline -0.001 -18"><span class='ocrx_word' id='word_1_439' title='bbox 2136 2426 2273 2471; x_wconf 88' lang='grc' dir='ltr'><strong>νοια,</strong></span> <span class='ocrx_word' id='word_1_440' title='bbox 2302 2408 2558 2479; x_wconf 74' lang='grc' dir='ltr'><strong>ἀδόκιμος</strong></span> <span class='ocrx_word' id='word_1_441' title='bbox 2584 2407 2648 2461; x_wconf 83' lang='grc' dir='ltr'><strong>ἂν</strong></span> <span class='ocrx_word' id='word_1_442' title='bbox 2669 2404 2735 2479; x_wconf 79' lang='grc' dir='ltr'><strong>ἦν</strong></span> <span class='ocrx_word' id='word_1_443' title='bbox 2759 2408 2851 2462; x_wconf 72' lang='grc' dir='ltr'><strong>καὶ</strong></span> <span class='ocrx_word' id='word_1_444' title='bbox 2868 2408 3225 2472; x_wconf 82' lang='grc' dir='ltr'><strong>ἀϐασάνιστος</strong></span> <span class='ocrx_word' id='word_1_445' title='bbox 3248 2410 3366 2462; x_wconf 76' lang='grc' dir='ltr'><strong>κατ’</strong></span> <span class='ocrx_word' id='word_1_446' title='bbox 3388 2407 3713 2480; x_wconf 78' lang='grc' dir='ltr'><strong>ἀνθρώπους</strong></span> 
     </span>
    </p>
   </div>
   <div class='ocr_carea' id='block_1_66' title="bbox 2135 2498 3709 2571">
    <p class='ocr_par' dir='ltr' id='par_1_66' title="bbox 2135 2498 3709 2571">
     <span class='ocr_line' id='line_1_66' title="bbox 2135 2498 3709 2571; baseline -0.001 -19"><span class='ocrx_word' id='word_1_447' title='bbox 2135 2499 2236 2570; x_wconf 75' lang='grc' dir='ltr'><strong>τῆς</strong></span> <span class='ocrx_word' id='word_1_448' title='bbox 2264 2499 2522 2571; x_wconf 87' lang='grc' dir='ltr'><strong>ἀληθείας</strong></span> <span class='ocrx_word' id='word_1_449' title='bbox 2548 2502 2580 2571; x_wconf 80' lang='grc' dir='ltr'><strong>ἠ</strong></span> <span class='ocrx_word' id='word_1_450' title='bbox 2619 2500 2848 2571; x_wconf 66' lang='grc' dir='ltr'><strong>αἵρεσις</strong></span> <span class='ocrx_word' id='word_1_451' title='bbox 2889 2499 3066 2571; x_wconf 84' lang='grc' dir='ltr'><strong>μάτην</strong></span> <span class='ocrx_word' id='word_1_452' title='bbox 3092 2499 3135 2552; x_wconf 87' lang='grc' dir='ltr'><strong>δ’</strong></span> <span class='ocrx_word' id='word_1_453' title='bbox 3165 2498 3230 2553; x_wconf 85' lang='grc' dir='ltr'><strong>ἂν</strong></span> <span class='ocrx_word' id='word_1_454' title='bbox 3262 2500 3353 2552; x_wconf 73' lang='grc' dir='ltr'><strong>καὶ</strong></span> <span class='ocrx_word' id='word_1_455' title='bbox 3378 2499 3709 2569; x_wconf 67' lang='grc' dir='ltr'><strong>ὠνομάζετο.</strong></span> 
     </span>
    </p>
   </div>
   <div class='ocr_carea' id='block_1_67' title="bbox 2137 2580 3717 2663">
    <p class='ocr_par' dir='ltr' id='par_1_67' title="bbox 2137 2580 3717 2663">
     <span class='ocr_line' id='line_1_67' title="bbox 2137 2580 3717 2663; baseline -0.001 -19"><span class='ocrx_word' id='word_1_456' title='bbox 2137 2593 2188 2645; x_wconf 73' lang='grc' dir='ltr'><strong>εἰ</strong></span> <span class='ocrx_word' id='word_1_457' title='bbox 2227 2591 2301 2663; x_wconf 83' lang='grc' dir='ltr'><strong>μὴ</strong></span> <span class='ocrx_word' id='word_1_458' title='bbox 2325 2593 2385 2645; x_wconf 79' lang='grc' dir='ltr'><strong>τὸ</strong></span> <span class='ocrx_word' id='word_1_459' title='bbox 2411 2580 2604 2661; x_wconf 71' lang='grc' dir='ltr'><strong>ψεῦδος</strong></span> <span class='ocrx_word' id='word_1_460' title='bbox 2634 2590 3020 2662; x_wconf 84' lang='grc' dir='ltr'><strong>συγκεχώρητο</strong></span> <span class='ocrx_word' id='word_1_461' title='bbox 3048 2593 3113 2662; x_wconf 82' lang='grc' dir='ltr'><strong>τῇ</strong></span> <span class='ocrx_word' id='word_1_462' title='bbox 3148 2592 3377 2663; x_wconf 58' lang='grc' dir='ltr'><strong>ἐπινοίας</strong></span> <span class='ocrx_word' id='word_1_463' title='bbox 3402 2591 3575 2654; x_wconf 75' lang='grc' dir='ltr'><strong>οὐδεὶς</strong></span> <span class='ocrx_word' id='word_1_464' title='bbox 3605 2591 3717 2662; x_wconf 72' lang='grc' dir='ltr'><strong>γὰρ</strong></span> 
     </span>
    </p>
   </div>
   <div class='ocr_carea' id='block_1_68' title="bbox 2136 2678 3719 2753">
    <p class='ocr_par' dir='ltr' id='par_1_68' title="bbox 2136 2678 3719 2753">
     <span class='ocr_line' id='line_1_68' title="bbox 2136 2678 3719 2753; baseline -0.002 -18"><span class='ocrx_word' id='word_1_465' title='bbox 2136 2681 2203 2736; x_wconf 84' lang='grc' dir='ltr'><strong>ἂν</strong></span> <span class='ocrx_word' id='word_1_466' title='bbox 2236 2678 2303 2753; x_wconf 79' lang='grc' dir='ltr'><strong>ἦν</strong></span> <span class='ocrx_word' id='word_1_467' title='bbox 2337 2682 2656 2753; x_wconf 76' lang='grc' dir='ltr'><strong>φιλαλήθης,</strong></span> <span class='ocrx_word' id='word_1_468' title='bbox 2696 2683 2743 2733; x_wconf 86' lang='grc' dir='ltr'><strong>εί</strong></span> <span class='ocrx_word' id='word_1_469' title='bbox 2786 2680 2861 2752; x_wconf 83' lang='grc' dir='ltr'><strong>μὴ</strong></span> <span class='ocrx_word' id='word_1_470' title='bbox 2894 2680 3106 2736; x_wconf 77' lang='grc' dir='ltr'><strong>καὶτοῦ</strong></span> <span class='ocrx_word' id='word_1_471' title='bbox 3138 2680 3428 2750; x_wconf 66' lang='grc' dir='ltr'><strong>ψεύδεσθαι</strong></span> <span class='ocrx_word' id='word_1_472' title='bbox 3466 2681 3566 2752; x_wconf 79' lang='grc' dir='ltr'><strong>τὴν</strong></span> <span class='ocrx_word' id='word_1_473' title='bbox 3594 2682 3719 2732; x_wconf 82' lang='grc' dir='ltr'><strong>ἐπί-</strong></span> 
     </span>
    </p>
   </div>
   <div class='ocr_carea' id='block_1_69' title="bbox 2136 2769 3717 2844">
    <p class='ocr_par' dir='ltr' id='par_1_69' title="bbox 2136 2769 3717 2844">
     <span class='ocr_line' id='line_1_69' title="bbox 2136 2769 3717 2844; baseline -0.001 -18"><span class='ocrx_word' id='word_1_474' title='bbox 2136 2790 2287 2826; x_wconf 86' lang='grc' dir='ltr'><strong>νοιαν</strong></span> <span class='ocrx_word' id='word_1_475' title='bbox 2314 2769 2457 2843; x_wconf 82' lang='grc' dir='ltr'><strong>εἶχεν</strong></span> <span class='ocrx_word' id='word_1_476' title='bbox 2492 2774 2576 2843; x_wconf 79' lang='grc' dir='ltr'><strong>ἐφ’</strong></span> <span class='ocrx_word' id='word_1_477' title='bbox 2606 2772 2796 2843; x_wconf 80' lang='grc' dir='ltr'><strong>ἐαυτῷ.</strong></span> <span class='ocrx_word' id='word_1_478' title='bbox 2831 2773 2905 2826; x_wconf 87' lang='grc' dir='ltr'><strong>Οὐ</strong></span> <span class='ocrx_word' id='word_1_479' title='bbox 2934 2773 3097 2844; x_wconf 74' lang='grc' dir='ltr'><strong>φημὶ,</strong></span> <span class='ocrx_word' id='word_1_480' title='bbox 3125 2774 3205 2826; x_wconf 86' lang='grc' dir='ltr'><strong>ὅτι</strong></span> <span class='ocrx_word' id='word_1_481' title='bbox 3242 2772 3717 2844; x_wconf 78' lang='grc' dir='ltr'><strong>προσκεχαρισμέ-</strong></span> 
     </span>
    </p>
   </div>
   <div class='ocr_carea' id='block_1_70' title="bbox 2136 2856 3719 2936">
    <p class='ocr_par' dir='ltr' id='par_1_70' title="bbox 2136 2856 3719 2936">
     <span class='ocr_line' id='line_1_70' title="bbox 2136 2856 3719 2936; baseline -0.001 -17"><span class='ocrx_word' id='word_1_482' title='bbox 2136 2883 2226 2920; x_wconf 81' lang='grc' dir='ltr'><strong>νον</strong></span> <span class='ocrx_word' id='word_1_483' title='bbox 2264 2864 2328 2918; x_wconf 82' lang='grc' dir='ltr'><strong>ἂν</strong></span> <span class='ocrx_word' id='word_1_484' title='bbox 2362 2865 2447 2935; x_wconf 78' lang='grc' dir='ltr'><strong>εἴη</strong></span> <span class='ocrx_word' id='word_1_485' title='bbox 2492 2867 2557 2936; x_wconf 80' lang='grc' dir='ltr'><strong>τῇ</strong></span> <span class='ocrx_word' id='word_1_486' title='bbox 2592 2864 2820 2936; x_wconf 77' lang='grc' dir='ltr'><strong>ἀληθείᾳ</strong></span> <span class='ocrx_word' id='word_1_487' title='bbox 2859 2864 2919 2917; x_wconf 81' lang='grc' dir='ltr'><strong>τὸ</strong></span> <span class='ocrx_word' id='word_1_488' title='bbox 2947 2856 3158 2935; x_wconf 65' lang='grc' dir='ltr'><strong>ψεῦδοςξ</strong></span> <span class='ocrx_word' id='word_1_489' title='bbox 3194 2864 3309 2918; x_wconf 89' lang='grc' dir='ltr'><strong>ἀλλ’</strong></span> <span class='ocrx_word' id='word_1_490' title='bbox 3335 2865 3416 2918; x_wconf 77' lang='grc' dir='ltr'><strong>ὅτι</strong></span> <span class='ocrx_word' id='word_1_491' title='bbox 3455 2865 3554 2936; x_wconf 80' lang='grc' dir='ltr'><strong>τῆς</strong></span> <span class='ocrx_word' id='word_1_492' title='bbox 3584 2865 3719 2935; x_wconf 67' lang='grc' dir='ltr'><strong>ἄλη-ο</strong></span> 
     </span>
    </p>
   </div>
   <div class='ocr_carea' id='block_1_71' title="bbox 2138 2951 3723 3025">
    <p class='ocr_par' dir='ltr' id='par_1_71' title="bbox 2138 2951 3723 3025">
     <span class='ocr_line' id='line_1_71' title="bbox 2138 2951 3723 3025; baseline -0.002 -16"><span class='ocrx_word' id='word_1_493' title='bbox 2138 2955 2288 3018; x_wconf 81' lang='grc' dir='ltr'><strong>θείας</strong></span> <span class='ocrx_word' id='word_1_494' title='bbox 2319 2956 2352 3025; x_wconf 80' lang='grc' dir='ltr'>ὴ</span> <span class='ocrx_word' id='word_1_495' title='bbox 2386 2954 2594 3024; x_wconf 77' lang='grc' dir='ltr'><strong>αἵρεσις</strong></span> <span class='ocrx_word' id='word_1_496' title='bbox 2626 2954 2726 3007; x_wconf 82' lang='grc' dir='ltr'><strong>οὐκ</strong></span> <span class='ocrx_word' id='word_1_497' title='bbox 2760 2953 2825 3007; x_wconf 87' lang='grc' dir='ltr'><strong>ἀν</strong></span> <span class='ocrx_word' id='word_1_498' title='bbox 2857 2971 2919 3020; x_wconf 89' lang='grc' dir='ltr'><strong>γε</strong></span> <span class='ocrx_word' id='word_1_499' title='bbox 2964 2951 3101 3008; x_wconf 80' lang='grc' dir='ltr'><strong>εἶναι</strong></span> <span class='ocrx_word' id='word_1_500' title='bbox 3140 2953 3331 3019; x_wconf 81' lang='grc' dir='ltr'><strong>ἐδόκει,</strong></span> <span class='ocrx_word' id='word_1_501' title='bbox 3375 2956 3423 3006; x_wconf 88' lang='grc' dir='ltr'><strong>εί</strong></span> <span class='ocrx_word' id='word_1_502' title='bbox 3462 2954 3536 3025; x_wconf 82' lang='grc' dir='ltr'><strong>μὴ</strong></span> <span class='ocrx_word' id='word_1_503' title='bbox 3574 2971 3723 3024; x_wconf 80' lang='grc' dir='ltr'><strong>παρ-</strong></span> 
     </span>
    </p>
   </div>
   <div class='ocr_carea' id='block_1_72' title="bbox 2136 3045 3723 3119">
    <p class='ocr_par' dir='ltr' id='par_1_72' title="bbox 2136 3045 3723 3119">
     <span class='ocr_line' id='line_1_72' title="bbox 2136 3045 3723 3119; baseline 0 -20"><span class='ocrx_word' id='word_1_504' title='bbox 2136 3046 2313 3100; x_wconf 82' lang='grc' dir='ltr'><strong>έκειτο</strong></span> <span class='ocrx_word' id='word_1_505' title='bbox 2356 3046 2449 3100; x_wconf 80' lang='grc' dir='ltr'><strong>τοῦ</strong></span> <span class='ocrx_word' id='word_1_506' title='bbox 2505 3045 2796 3115; x_wconf 76' lang='grc' dir='ltr'><strong>ψεύδεσθαι</strong></span> <span class='ocrx_word' id='word_1_507' title='bbox 2851 3048 2884 3117; x_wconf 85' lang='grc' dir='ltr'><strong>ἡ</strong></span> <span class='ocrx_word' id='word_1_508' title='bbox 2935 3045 3179 3113; x_wconf 81' lang='grc' dir='ltr'><strong>ἐξουσία·</strong></span> <span class='ocrx_word' id='word_1_509' title='bbox 3232 3046 3260 3099; x_wconf 83' lang='grc' dir='ltr'><strong>ὃ</strong></span> <span class='ocrx_word' id='word_1_510' title='bbox 3304 3047 3369 3119; x_wconf 84' lang='grc' dir='ltr'><strong>δὴ</strong></span> <span class='ocrx_word' id='word_1_511' title='bbox 3418 3047 3560 3114; x_wconf 83' lang='grc' dir='ltr'><strong>ὑπὲρ</strong></span> <span class='ocrx_word' id='word_1_512' title='bbox 3604 3046 3723 3099; x_wconf 63' lang='grc' dir='ltr'><strong>τῶν</strong></span> 
     </span>
    </p>
   </div>
   <div class='ocr_carea' id='block_1_73' title="bbox 2139 3135 3721 3208">
    <p class='ocr_par' dir='ltr' id='par_1_73' title="bbox 2139 3135 3721 3208">
     <span class='ocr_line' id='line_1_73' title="bbox 2139 3135 3721 3208; baseline 0.001 -19"><span class='ocrx_word' id='word_1_513' title='bbox 2139 3136 2467 3207; x_wconf 73' lang='grc' dir='ltr'><strong>φιλαλήθων,</strong></span> <span class='ocrx_word' id='word_1_514' title='bbox 2501 3138 2600 3207; x_wconf 79' lang='grc' dir='ltr'><strong>οὐχ</strong></span> <span class='ocrx_word' id='word_1_515' title='bbox 2632 3136 2771 3207; x_wconf 82' lang='grc' dir='ltr'><strong>ὑπὲρ</strong></span> <span class='ocrx_word' id='word_1_516' title='bbox 2799 3137 2897 3207; x_wconf 83' lang='grc' dir='ltr'><strong>τῆς</strong></span> <span class='ocrx_word' id='word_1_517' title='bbox 2925 3136 3180 3204; x_wconf 80' lang='grc' dir='ltr'><strong>ἀληθείας</strong></span> <span class='ocrx_word' id='word_1_518' title='bbox 3207 3136 3341 3189; x_wconf 80' lang='grc' dir='ltr'><strong>ἐστί.</strong></span> <span class='ocrx_word' id='word_1_519' title='bbox 3378 3138 3469 3189; x_wconf 81' lang='grc' dir='ltr'><strong>Δεῖ</strong></span> <span class='ocrx_word' id='word_1_520' title='bbox 3494 3135 3602 3208; x_wconf 79' lang='grc' dir='ltr'><strong>γὰρ</strong></span> <span class='ocrx_word' id='word_1_521' title='bbox 3621 3135 3721 3191; x_wconf 68' lang='grc' dir='ltr'><strong>τὸν</strong></span> 
     </span>
    </p>
   </div>
   <div class='ocr_carea' id='block_1_74' title="bbox 2139 3227 3721 3303">
    <p class='ocr_par' dir='ltr' id='par_1_74' title="bbox 2139 3227 3721 3303">
     <span class='ocr_line' id='line_1_74' title="bbox 2139 3227 3721 3303; baseline -0.002 -18"><span class='ocrx_word' id='word_1_522' title='bbox 2139 3230 2471 3303; x_wconf 78' lang='grc' dir='ltr'><strong>ἀληθεύοντα</strong></span> <span class='ocrx_word' id='word_1_523' title='bbox 2510 3228 2653 3301; x_wconf 83' lang='grc' dir='ltr'><strong>ἔχειν</strong></span> <span class='ocrx_word' id='word_1_524' title='bbox 2685 3229 2768 3298; x_wconf 76' lang='grc' dir='ltr'><strong>ἐφ’</strong></span> <span class='ocrx_word' id='word_1_525' title='bbox 2801 3227 2977 3297; x_wconf 81' lang='grc' dir='ltr'><strong>ἐαυτῷ</strong></span> <span class='ocrx_word' id='word_1_526' title='bbox 3016 3228 3199 3282; x_wconf 75' lang='grc' dir='ltr'><strong>καὶτὸ</strong></span> <span class='ocrx_word' id='word_1_527' title='bbox 3238 3228 3525 3297; x_wconf 59' lang='grc' dir='ltr'><strong>ψεύδεσθαι</strong></span> <span class='ocrx_word' id='word_1_528' title='bbox 3565 3229 3721 3300; x_wconf 71' lang='grc' dir='ltr'><strong>αὐτῷ</strong></span> 
     </span>
    </p>
   </div>
   <div class='ocr_carea' id='block_1_75' title="bbox 2139 3319 3716 3394">
    <p class='ocr_par' dir='ltr' id='par_1_75' title="bbox 2139 3319 3716 3394">
     <span class='ocr_line' id='line_1_75' title="bbox 2139 3319 3716 3394; baseline -0.004 -14"><span class='ocrx_word' id='word_1_529' title='bbox 2139 3326 2362 3392; x_wconf 79' lang='grc' dir='ltr'><strong>ἐξεῖναι,</strong></span> <span class='ocrx_word' id='word_1_530' title='bbox 2406 3319 2466 3379; x_wconf 70' lang='grc' dir='ltr'>οὗ</span> <span class='ocrx_word' id='word_1_531' title='bbox 2512 3323 2848 3394; x_wconf 69' lang='grc' dir='ltr'><strong>ἀπεχόμενος</strong></span> <span class='ocrx_word' id='word_1_532' title='bbox 2894 3320 3171 3390; x_wconf 87' lang='grc' dir='ltr'><strong>ἀληθεύει.</strong></span> <span class='ocrx_word' id='word_1_533' title='bbox 3215 3321 3487 3393; x_wconf 77' lang='grc' dir='ltr'><strong>Προσάγει</strong></span> <span class='ocrx_word' id='word_1_534' title='bbox 3535 3324 3716 3373; x_wconf 81' lang='grc' dir='ltr'><strong>τοίνυν</strong></span> 
     </span>
    </p>
   </div>
   <div class='ocr_carea' id='block_1_76' title="bbox 2139 3411 3715 3489">
    <p class='ocr_par' dir='ltr' id='par_1_76' title="bbox 2139 3411 3715 3489">
     <span class='ocr_line' id='line_1_76' title="bbox 2139 3411 3715 3489; baseline -0.003 -19"><span class='ocrx_word' id='word_1_535' title='bbox 2139 3416 2446 3489; x_wconf 84' lang='grc' dir='ltr'><strong>ἀνθρώποις</strong></span> <span class='ocrx_word' id='word_1_536' title='bbox 2477 3416 2576 3486; x_wconf 77' lang='grc' dir='ltr'><strong>τῆς</strong></span> <span class='ocrx_word' id='word_1_537' title='bbox 2610 3414 2866 3486; x_wconf 77' lang='grc' dir='ltr'><strong>ἀληθείας</strong></span> <span class='ocrx_word' id='word_1_538' title='bbox 2901 3414 2998 3483; x_wconf 78' lang='grc' dir='ltr'><strong>τὴν</strong></span> <span class='ocrx_word' id='word_1_539' title='bbox 3047 3413 3374 3485; x_wconf 88' lang='grc' dir='ltr'><strong>προτίμησιν</strong></span> <span class='ocrx_word' id='word_1_540' title='bbox 3410 3412 3471 3465; x_wconf 85' lang='grc' dir='ltr'><strong>τὸ</strong></span> <span class='ocrx_word' id='word_1_541' title='bbox 3516 3411 3715 3476; x_wconf 81' lang='grc' dir='ltr'><strong>ἐξεῖναι</strong></span> 
     </span>
    </p>
   </div>
   <div class='ocr_carea' id='block_1_77' title="bbox 2136 3503 3714 3580">
    <p class='ocr_par' dir='ltr' id='par_1_77' title="bbox 2136 3503 3714 3580">
     <span class='ocr_line' id='line_1_77' title="bbox 2136 3503 3714 3580; baseline -0.005 -17"><span class='ocrx_word' id='word_1_542' title='bbox 2136 3508 2451 3580; x_wconf 77' lang='grc' dir='ltr'><strong>ψεύδεσθαι.</strong></span> <span class='ocrx_word' id='word_1_543' title='bbox 2500 3507 2710 3577; x_wconf 80' lang='grc' dir='ltr'><strong>Ὠσπερ</strong></span> <span class='ocrx_word' id='word_1_544' title='bbox 2753 3505 2929 3575; x_wconf 77' lang='grc' dir='ltr'><strong>φωτὸς</strong></span> <span class='ocrx_word' id='word_1_545' title='bbox 2972 3505 3219 3558; x_wconf 83' lang='grc' dir='ltr'><strong>ἀνακινεῖ</strong></span> <span class='ocrx_word' id='word_1_546' title='bbox 3255 3505 3355 3577; x_wconf 76' lang='grc' dir='ltr'><strong>τὴν</strong></span> <span class='ocrx_word' id='word_1_547' title='bbox 3388 3503 3640 3575; x_wconf 82' lang='grc' dir='ltr'><strong>αἴσθησιν</strong></span> <span class='ocrx_word' id='word_1_548' title='bbox 3680 3505 3714 3573; x_wconf 79' lang='grc' dir='ltr'><strong>ἡ</strong></span> 
     </span>
    </p>
   </div>
   <div class='ocr_carea' id='block_1_78' title="bbox 2139 3598 3713 3673">
    <p class='ocr_par' dir='ltr' id='par_1_78' title="bbox 2139 3598 3713 3673">
     <span class='ocr_line' id='line_1_78' title="bbox 2139 3598 3713 3673; baseline -0.004 -15"><span class='ocrx_word' id='word_1_549' title='bbox 2139 3605 2288 3669; x_wconf 81' lang='grc' dir='ltr'><strong>θέσις</strong></span> <span class='ocrx_word' id='word_1_550' title='bbox 2316 3603 2410 3658; x_wconf 82' lang='grc' dir='ltr'><strong>τοῦ</strong></span> <span class='ocrx_word' id='word_1_551' title='bbox 2455 3603 2702 3666; x_wconf 79' lang='grc' dir='ltr'><strong>σκότους·</strong></span> <span class='ocrx_word' id='word_1_552' title='bbox 2744 3601 2931 3673; x_wconf 78' lang='grc' dir='ltr'><strong>ὥσπερ</strong></span> <span class='ocrx_word' id='word_1_553' title='bbox 2963 3601 3145 3671; x_wconf 80' lang='grc' dir='ltr'><strong>μέντοι</strong></span> <span class='ocrx_word' id='word_1_554' title='bbox 3177 3599 3236 3652; x_wconf 85' lang='grc' dir='ltr'><strong>τὸ</strong></span> <span class='ocrx_word' id='word_1_555' title='bbox 3265 3598 3379 3667; x_wconf 69' lang='grc' dir='ltr'><strong>φῶς</strong></span> <span class='ocrx_word' id='word_1_556' title='bbox 3410 3600 3468 3651; x_wconf 80' lang='grc' dir='ltr'><strong>ἐν</strong></span> <span class='ocrx_word' id='word_1_557' title='bbox 3493 3600 3558 3669; x_wconf 82' lang='grc' dir='ltr'><strong>τῇ</strong></span> <span class='ocrx_word' id='word_1_558' title='bbox 3587 3614 3713 3651; x_wconf 86' lang='grc' dir='ltr'><strong>σκο-</strong></span> 
     </span>
    </p>
   </div>
   <div class='ocr_carea' id='block_1_79' title="bbox 2136 3688 3714 3768">
    <p class='ocr_par' dir='ltr' id='par_1_79' title="bbox 2136 3688 3714 3768">
     <span class='ocr_line' id='line_1_79' title="bbox 2136 3688 3714 3768; baseline -0.006 -19"><span class='ocrx_word' id='word_1_559' title='bbox 2136 3697 2230 3768; x_wconf 62' lang='grc' dir='ltr'><strong>τίᾳ</strong></span> <span class='ocrx_word' id='word_1_560' title='bbox 2264 3695 2443 3765; x_wconf 86' lang='grc' dir='ltr'><strong>φαίνει</strong></span> <span class='ocrx_word' id='word_1_561' title='bbox 2482 3694 2707 3762; x_wconf 80' lang='grc' dir='ltr'><strong>(διαλύει</strong></span> <span class='ocrx_word' id='word_1_562' title='bbox 2740 3693 2848 3764; x_wconf 85' lang='grc' dir='ltr'><strong>γὰρ</strong></span> <span class='ocrx_word' id='word_1_563' title='bbox 2878 3693 3008 3747; x_wconf 78' lang='grc' dir='ltr'><strong>αὐτὸ</strong></span> <span class='ocrx_word' id='word_1_564' title='bbox 3048 3691 3221 3755; x_wconf 72' lang='grc' dir='ltr'><strong>ἐπιὸν,</strong></span> <span class='ocrx_word' id='word_1_565' title='bbox 3257 3690 3352 3743; x_wconf 79' lang='grc' dir='ltr'><strong>ἅτε</strong></span> <span class='ocrx_word' id='word_1_566' title='bbox 3382 3689 3446 3760; x_wconf 82' lang='grc' dir='ltr'><strong>δὴ</strong></span> <span class='ocrx_word' id='word_1_567' title='bbox 3481 3688 3555 3760; x_wconf 83' lang='grc' dir='ltr'><strong>μὴ</strong></span> <span class='ocrx_word' id='word_1_568' title='bbox 3592 3689 3714 3741; x_wconf 82' lang='grc' dir='ltr'><strong>κατ’</strong></span> 
     </span>
    </p>
   </div>
   <div class='ocr_carea' id='block_1_80' title="bbox 2137 3780 3712 3859">
    <p class='ocr_par' dir='ltr' id='par_1_80' title="bbox 2137 3780 3712 3859">
     <span class='ocr_line' id='line_1_80' title="bbox 2137 3780 3712 3859; baseline -0.004 -17"><span class='ocrx_word' id='word_1_569' title='bbox 2137 3790 2323 3843; x_wconf 80' lang='grc' dir='ltr'><strong>οὐσίαν</strong></span> <span class='ocrx_word' id='word_1_570' title='bbox 2368 3788 2655 3859; x_wconf 82' lang='grc' dir='ltr'><strong>ὑπάρχον),</strong></span> <span class='ocrx_word' id='word_1_571' title='bbox 2700 3786 2870 3849; x_wconf 78' lang='grc' dir='ltr'><strong>οὓτως</strong></span> <span class='ocrx_word' id='word_1_572' title='bbox 2921 3786 3016 3839; x_wconf 76' lang='grc' dir='ltr'><strong>καὶ</strong></span> <span class='ocrx_word' id='word_1_573' title='bbox 3059 3787 3092 3857; x_wconf 81' lang='grc' dir='ltr'>ἡ</span> <span class='ocrx_word' id='word_1_574' title='bbox 3137 3784 3397 3857; x_wconf 78' lang='grc' dir='ltr'><strong>ἀλήθεια,</strong></span> <span class='ocrx_word' id='word_1_575' title='bbox 3432 3780 3576 3837; x_wconf 82' lang='grc' dir='ltr'><strong>κατά</strong></span> <span class='ocrx_word' id='word_1_576' title='bbox 3617 3780 3712 3835; x_wconf 72' lang='grc' dir='ltr'><strong>τοῦ</strong></span> 
     </span>
    </p>
   </div>
   <div class='ocr_carea' id='block_1_81' title="bbox 2136 3873 3721 3952">
    <p class='ocr_par' dir='ltr' id='par_1_81' title="bbox 2136 3873 3721 3952">
     <span class='ocr_line' id='line_1_81' title="bbox 2136 3873 3721 3952; baseline -0.004 -18"><span class='ocrx_word' id='word_1_577' title='bbox 2136 3880 2365 3952; x_wconf 76' lang='grc' dir='ltr'><strong>ψεύδους</strong></span> <span class='ocrx_word' id='word_1_578' title='bbox 2400 3878 2852 3952; x_wconf 76' lang='grc' dir='ltr'><strong>κρατιστεύουσα,</strong></span> <span class='ocrx_word' id='word_1_579' title='bbox 2887 3877 3151 3947; x_wconf 79' lang='grc' dir='ltr'><strong>διελέγχει</strong></span> <span class='ocrx_word' id='word_1_580' title='bbox 3181 3875 3460 3938; x_wconf 78' lang='grc' dir='ltr'><strong>παντελῶς</strong></span> <span class='ocrx_word' id='word_1_581' title='bbox 3482 3874 3614 3929; x_wconf 76' lang='grc' dir='ltr'><strong>αὐτὸ</strong></span> <span class='ocrx_word' id='word_1_582' title='bbox 3638 3873 3721 3945; x_wconf 77' lang='grc' dir='ltr'><strong>μὴ</strong></span> 
     </span>
    </p>
   </div>
   <div class='ocr_carea' id='block_1_82' title="bbox 2138 3966 3715 4044">
    <p class='ocr_par' dir='ltr' id='par_1_82' title="bbox 2138 3966 3715 4044">
     <span class='ocr_line' id='line_1_82' title="bbox 2138 3966 3715 4044; baseline -0.005 -17"><span class='ocrx_word' id='word_1_583' title='bbox 2138 3973 2220 4037; x_wconf 84' lang='grc' dir='ltr'><strong>δν,</strong></span> <span class='ocrx_word' id='word_1_584' title='bbox 2265 3972 2478 4044; x_wconf 79' lang='grc' dir='ltr'><strong>ἐπινοίᾳ</strong></span> <span class='ocrx_word' id='word_1_585' title='bbox 2523 3974 2590 4042; x_wconf 81' lang='grc' dir='ltr'><strong>τῇ</strong></span> <span class='ocrx_word' id='word_1_586' title='bbox 2645 3969 2863 4041; x_wconf 77' lang='grc' dir='ltr'><strong>ἐξουσίᾳ</strong></span> <span class='ocrx_word' id='word_1_587' title='bbox 2905 3967 2998 4022; x_wconf 73' lang='grc' dir='ltr'><strong>τοῦ</strong></span> <span class='ocrx_word' id='word_1_588' title='bbox 3029 3966 3291 4039; x_wconf 77' lang='grc' dir='ltr'><strong>λογισμοῦ</strong></span> <span class='ocrx_word' id='word_1_589' title='bbox 3322 3966 3715 4039; x_wconf 74' lang='grc' dir='ltr'><strong>παρεισιὺνιείς</strong></span> 
     </span>
    </p>
   </div>
   <div class='ocr_carea' id='block_1_83' title="bbox 2138 4059 3715 4135">
    <p class='ocr_par' dir='ltr' id='par_1_83' title="bbox 2138 4059 3715 4135">
     <span class='ocr_line' id='line_1_83' title="bbox 2138 4059 3715 4135; baseline -0.004 -17"><span class='ocrx_word' id='word_1_590' title='bbox 2138 4066 2349 4135; x_wconf 80' lang='grc' dir='ltr'><strong>αἵρεσιν</strong></span> <span class='ocrx_word' id='word_1_591' title='bbox 2378 4064 2601 4134; x_wconf 73' lang='grc' dir='ltr'><strong>ἐαυτῆςο</strong></span> <span class='ocrx_word' id='word_1_592' title='bbox 2641 4061 2757 4125; x_wconf 80' lang='grc' dir='ltr'><strong>πῶς</strong></span> <span class='ocrx_word' id='word_1_593' title='bbox 2796 4061 2907 4133; x_wconf 85' lang='grc' dir='ltr'><strong>γὰρ</strong></span> <span class='ocrx_word' id='word_1_594' title='bbox 2948 4060 3016 4115; x_wconf 82' lang='grc' dir='ltr'><strong>ἀν</strong></span> <span class='ocrx_word' id='word_1_595' title='bbox 3041 4078 3124 4124; x_wconf 85' lang='grc' dir='ltr'><strong>τις</strong></span> <span class='ocrx_word' id='word_1_596' title='bbox 3152 4060 3410 4128; x_wconf 78' lang='grc' dir='ltr'><strong>ἀλήθειαν</strong></span> <span class='ocrx_word' id='word_1_597' title='bbox 3439 4059 3632 4122; x_wconf 77' lang='grc' dir='ltr'><strong>ἕλοιτο,</strong></span> <span class='ocrx_word' id='word_1_598' title='bbox 3663 4060 3715 4112; x_wconf 78' lang='grc' dir='ltr'><strong>εί</strong></span> 
     </span>
    </p>
   </div>
   <div class='ocr_carea' id='block_1_84' title="bbox 2144 4135 3712 4229">
    <p class='ocr_par' dir='ltr' id='par_1_84' title="bbox 2144 4135 3712 4229">
     <span class='ocr_line' id='line_1_84' title="bbox 2144 4135 3712 4229; baseline -0.005 -19"><span class='ocrx_word' id='word_1_599' title='bbox 2144 4158 2218 4229; x_wconf 83' lang='grc' dir='ltr'><strong>μὴ</strong></span> <span class='ocrx_word' id='word_1_600' title='bbox 2249 4157 2343 4211; x_wconf 77' lang='grc' dir='ltr'><strong>καὶ</strong></span> <span class='ocrx_word' id='word_1_601' title='bbox 2366 4135 2460 4209; x_wconf 70' lang='grc' dir='ltr'><strong>τού</strong></span> <span class='ocrx_word' id='word_1_602' title='bbox 2484 4153 2858 4224; x_wconf 86' lang='grc' dir='ltr'><strong>ἀντικειμένου</strong></span> <span class='ocrx_word' id='word_1_603' title='bbox 2884 4151 2982 4223; x_wconf 77' lang='grc' dir='ltr'><strong>τὴν</strong></span> <span class='ocrx_word' id='word_1_604' title='bbox 3006 4152 3212 4224; x_wconf 78' lang='grc' dir='ltr'><strong>αἵρεσιν</strong></span> <span class='ocrx_word' id='word_1_605' title='bbox 3240 4151 3351 4222; x_wconf 79' lang='grc' dir='ltr'><strong>ἔχοι</strong></span> <span class='ocrx_word' id='word_1_606' title='bbox 3383 4150 3467 4221; x_wconf 74' lang='grc' dir='ltr'><strong>ἐφ’</strong></span> <span class='ocrx_word' id='word_1_607' title='bbox 3500 4149 3676 4221; x_wconf 83' lang='grc' dir='ltr'><strong>ἑαυτῷ</strong></span> <span class='ocrx_word' id='word_1_608' title='bbox 3696 4190 3712 4213; x_wconf 93' lang='grc'><strong>,</strong></span> 
     </span>
    </p>
   </div>
   <div class='ocr_carea' id='block_1_85' title="bbox 2213 4432 3711 4507">
    <p class='ocr_par' dir='ltr' id='par_1_85' title="bbox 2213 4432 3711 4507">
     <span class='ocr_line' id='line_1_85' title="bbox 2213 4432 3711 4507; baseline -0.005 -16"><span class='ocrx_word' id='word_1_609' title='bbox 2213 4438 2277 4491; x_wconf 83' lang='grc' dir='ltr'>Εἰ</span> <span class='ocrx_word' id='word_1_610' title='bbox 2313 4436 2412 4507; x_wconf 82' lang='grc' dir='ltr'><strong>μὲν</strong></span> <span class='ocrx_word' id='word_1_611' title='bbox 2436 4432 2530 4489; x_wconf 78' lang='grc' dir='ltr'><strong>οὖν</strong></span> <span class='ocrx_word' id='word_1_612' title='bbox 2555 4435 2725 4502; x_wconf 79' lang='grc' dir='ltr'><strong>δεῖξαι</strong></span> <span class='ocrx_word' id='word_1_613' title='bbox 2751 4434 2999 4499; x_wconf 79' lang='grc' dir='ltr'><strong>δυνατὸν,</strong></span> <span class='ocrx_word' id='word_1_614' title='bbox 3020 4434 3096 4498; x_wconf 85' lang='grc' dir='ltr'><strong>ὡς</strong></span> <span class='ocrx_word' id='word_1_615' title='bbox 3118 4434 3237 4487; x_wconf 83' lang='grc' dir='ltr'><strong>κατ’</strong></span> <span class='ocrx_word' id='word_1_616' title='bbox 3260 4432 3448 4486; x_wconf 83' lang='grc' dir='ltr'><strong>οὗσίαν</strong></span> <span class='ocrx_word' id='word_1_617' title='bbox 3475 4432 3711 4502; x_wconf 79' lang='grc' dir='ltr'><strong>ὑπάρχει</strong></span> 
     </span>
    </p>
   </div>
   <div class='ocr_carea' id='block_1_86' title="bbox 459 4505 2035 4597">
    <p class='ocr_par' dir='ltr' id='par_1_86' title="bbox 459 4505 2033 4580">
     <span class='ocr_line' id='line_1_86' title="bbox 459 4505 2033 4580; baseline 0.007 -20"><span class='ocrx_word' id='word_1_618' title='bbox 459 4505 841 4569; x_wconf 69' lang='lat' dir='ltr'><strong>substantiam,</strong></span> <span class='ocrx_word' id='word_1_619' title='bbox 901 4515 957 4561; x_wconf 88' lang='lat' dir='ltr'><strong>et</strong></span> <span class='ocrx_word' id='word_1_620' title='bbox 1003 4523 1113 4561; x_wconf 90' lang='lat' dir='ltr'><strong>non</strong></span> <span class='ocrx_word' id='word_1_621' title='bbox 1165 4509 1426 4566; x_wconf 89' lang='lat' dir='ltr'><strong>advenire</strong></span> <span class='ocrx_word' id='word_1_622' title='bbox 1469 4520 1524 4567; x_wconf 90' lang='lat' dir='ltr'><strong>et</strong></span> <span class='ocrx_word' id='word_1_623' title='bbox 1576 4514 1849 4580; x_wconf 88' lang='lat' dir='ltr'><strong>recedere,</strong></span> <span class='ocrx_word' id='word_1_624' title='bbox 1890 4518 2033 4573; x_wconf 80' lang='lat' dir='ltr'><strong>sicut</strong></span> 
     </span>
    </p>
   </div>
   <div class='ocr_carea' id='block_1_87' title="bbox 2136 4505 3708 4597">
    <p class='ocr_par' dir='ltr' id='par_1_87' title="bbox 2138 4505 3708 4597">
     <span class='ocr_line' id='line_1_87' title="bbox 2138 4505 3708 4597; baseline -0.005 -14"><span class='ocrx_word' id='word_1_625' title='bbox 2138 4530 2199 4583; x_wconf 80' lang='grc' dir='ltr'><strong>τὸ</strong></span> <span class='ocrx_word' id='word_1_626' title='bbox 2221 4505 2432 4591; x_wconf 79' lang='grc' dir='ltr'><strong>σκότος,</strong></span> <span class='ocrx_word' id='word_1_627' title='bbox 2456 4528 2578 4597; x_wconf 71' lang='grc' dir='ltr'><strong>οὐχὶ</strong></span> <span class='ocrx_word' id='word_1_628' title='bbox 2600 4527 2657 4581; x_wconf 87' lang='grc' dir='ltr'><strong>δέ</strong></span> <span class='ocrx_word' id='word_1_629' title='bbox 2680 4544 2744 4580; x_wconf 90' lang='grc' dir='ltr'><strong>συ</strong></span> <span class='ocrx_word' id='word_1_630' title='bbox 2752 4526 2969 4597; x_wconf 78' lang='grc' dir='ltr'><strong>μϐαίνει</strong></span> <span class='ocrx_word' id='word_1_631' title='bbox 2989 4527 3084 4581; x_wconf 73' lang='grc' dir='ltr'><strong>καὶ</strong></span> <span class='ocrx_word' id='word_1_632' title='bbox 3106 4524 3502 4596; x_wconf 81' lang='grc' dir='ltr'><strong>ἀποσυμϐαίνει</strong></span> <span class='ocrx_word' id='word_1_633' title='bbox 3526 4524 3708 4594; x_wconf 85' lang='grc' dir='ltr'><strong>μόνον,</strong></span> 
     </span>
    </p>
   </div>
   <div class='ocr_carea' id='block_1_88' title="bbox 456 4596 2038 4670">
    <p class='ocr_par' dir='ltr' id='par_1_88' title="bbox 456 4596 2038 4670">
     <span class='ocr_line' id='line_1_88' title="bbox 456 4596 2038 4670; baseline 0.006 -19"><span class='ocrx_word' id='word_1_634' title='bbox 456 4596 662 4653; x_wconf 84' lang='lat' dir='ltr'><strong>dictum</strong></span> <span class='ocrx_word' id='word_1_635' title='bbox 700 4605 806 4664; x_wconf 89' lang='lat' dir='ltr'><strong>est,</strong></span> <span class='ocrx_word' id='word_1_636' title='bbox 836 4598 964 4668; x_wconf 92' lang='lat' dir='ltr'><strong>poni</strong></span> <span class='ocrx_word' id='word_1_637' title='bbox 1008 4599 1171 4653; x_wconf 90' lang='lat' dir='ltr'><strong>etiam</strong></span> <span class='ocrx_word' id='word_1_638' title='bbox 1245 4610 1429 4670; x_wconf 86' lang='lat' dir='ltr'><strong>posset</strong></span> <span class='ocrx_word' id='word_1_639' title='bbox 1492 4601 1628 4657; x_wconf 84' lang='lat' dir='ltr'><strong>falsa</strong></span> <span class='ocrx_word' id='word_1_640' title='bbox 1671 4612 1725 4659; x_wconf 91' lang='lat' dir='ltr'><strong>et</strong></span> <span class='ocrx_word' id='word_1_641' title='bbox 1778 4607 2038 4663; x_wconf 88' lang='lat' dir='ltr'><strong>mendosa</strong></span> 
     </span>
    </p>
   </div>
   <div class='ocr_carea' id='block_1_89' title="bbox 457 4689 2039 4756">
    <p class='ocr_par' dir='ltr' id='par_1_89' title="bbox 457 4689 2039 4756">
     <span class='ocr_line' id='line_1_89' title="bbox 457 4689 2039 4756; baseline 0.008 -12"><span class='ocrx_word' id='word_1_642' title='bbox 457 4689 787 4745; x_wconf 83' lang='lat' dir='ltr'><strong>substantia.</strong></span> <span class='ocrx_word' id='word_1_643' title='bbox 848 4690 953 4744; x_wconf 89' lang='lat' dir='ltr'><strong>Sin</strong></span> <span class='ocrx_word' id='word_1_644' title='bbox 990 4705 1119 4744; x_wconf 85' lang='lat' dir='ltr'><strong>vero</strong></span> <span class='ocrx_word' id='word_1_645' title='bbox 1154 4706 1255 4745; x_wconf 88' lang='lat' dir='ltr'><strong>nec</strong></span> <span class='ocrx_word' id='word_1_646' title='bbox 1303 4693 1394 4747; x_wconf 90' lang='lat' dir='ltr'><strong>ille</strong></span> <span class='ocrx_word' id='word_1_647' title='bbox 1441 4708 1541 4748; x_wconf 90' lang='lat' dir='ltr'><strong>nec</strong></span> <span class='ocrx_word' id='word_1_648' title='bbox 1586 4695 1726 4752; x_wconf 89' lang='lat' dir='ltr'><strong>alius</strong></span> <span class='ocrx_word' id='word_1_649' title='bbox 1752 4698 2039 4756; x_wconf 84' lang='lat' dir='ltr'><strong>ostendere</strong></span> 
     </span>
    </p>
   </div>
   <div class='ocr_carea' id='block_1_90' title="bbox 459 4780 2039 4856">
    <p class='ocr_par' dir='ltr' id='par_1_90' title="bbox 459 4780 2039 4856">
     <span class='ocr_line' id='line_1_90' title="bbox 459 4780 2039 4856; baseline 0.007 -20"><span class='ocrx_word' id='word_1_650' title='bbox 459 4788 656 4852; x_wconf 81' lang='lat' dir='ltr'><strong>potest,</strong></span> <span class='ocrx_word' id='word_1_651' title='bbox 690 4796 803 4835; x_wconf 84' lang='lat' dir='ltr'><strong>non</strong></span> <span class='ocrx_word' id='word_1_652' title='bbox 847 4780 1073 4837; x_wconf 86' lang='lat' dir='ltr'><strong>dissolvi</strong></span> <span class='ocrx_word' id='word_1_653' title='bbox 1106 4783 1206 4838; x_wconf 85' lang='lat' dir='ltr'><strong>bas</strong></span> <span class='ocrx_word' id='word_1_654' title='bbox 1258 4785 1520 4840; x_wconf 88' lang='lat' dir='ltr'><strong>tenebras</strong></span> <span class='ocrx_word' id='word_1_655' title='bbox 1576 4802 1696 4856; x_wconf 77' lang='lat' dir='ltr'><strong>qua:</strong></span> <span class='ocrx_word' id='word_1_656' title='bbox 1752 4792 1817 4843; x_wconf 86' lang='lat' dir='ltr'><strong>ad</strong></span> <span class='ocrx_word' id='word_1_657' title='bbox 1861 4791 2039 4847; x_wconf 83' lang='lat' dir='ltr'><strong>instar</strong></span> 
     </span>
    </p>
   </div>
   <div class='ocr_carea' id='block_1_91' title="bbox 458 4872 2035 4947">
    <p class='ocr_par' dir='ltr' id='par_1_91' title="bbox 458 4872 2035 4947">
     <span class='ocr_line' id='line_1_91' title="bbox 458 4872 2035 4947; baseline 0.009 -22"><span class='ocrx_word' id='word_1_658' title='bbox 458 4872 663 4927; x_wconf 69' lang='lat' dir='ltr'><strong>umbrae</strong></span> <span class='ocrx_word' id='word_1_659' title='bbox 695 4873 850 4931; x_wconf 84' lang='lat' dir='ltr'><strong>tiunt.</strong></span> <span class='ocrx_word' id='word_1_660' title='bbox 902 4880 962 4927; x_wconf 92' lang='lat' dir='ltr'><strong>ut</strong></span> <span class='ocrx_word' id='word_1_661' title='bbox 991 4873 1173 4929; x_wconf 89' lang='lat' dir='ltr'><strong>lumen</strong></span> <span class='ocrx_word' id='word_1_662' title='bbox 1218 4875 1440 4944; x_wconf 91' lang='lat' dir='ltr'><strong>quidem</strong></span> <span class='ocrx_word' id='word_1_663' title='bbox 1472 4884 1636 4932; x_wconf 91' lang='lat' dir='ltr'><strong>noctu</strong></span> <span class='ocrx_word' id='word_1_664' title='bbox 1671 4880 1919 4947; x_wconf 78' lang='lat' dir='ltr'><strong>exsistat,</strong></span> <span class='ocrx_word' id='word_1_665' title='bbox 1952 4893 2035 4938; x_wconf 88' lang='lat' dir='ltr'><strong>te-</strong></span> 
     </span>
    </p>
   </div>
   <div class='ocr_carea' id='block_1_92' title="bbox 457 4963 2034 5042">
    <p class='ocr_par' dir='ltr' id='par_1_92' title="bbox 457 4963 2034 5042">
     <span class='ocr_line' id='line_1_92' title="bbox 457 4963 2034 5042; baseline 0.009 -26"><span class='ocrx_word' id='word_1_666' title='bbox 457 4963 641 5019; x_wconf 62' lang='lat' dir='ltr'><strong>nebrae</strong></span> <span class='ocrx_word' id='word_1_667' title='bbox 667 4980 803 5019; x_wconf 81' lang='lat' dir='ltr'><strong>vero</strong></span> <span class='ocrx_word' id='word_1_668' title='bbox 845 4964 1082 5020; x_wconf 85' lang='lat' dir='ltr'><strong>interdiu</strong></span> <span class='ocrx_word' id='word_1_669' title='bbox 1120 4981 1229 5021; x_wconf 93' lang='lat' dir='ltr'><strong>non</strong></span> <span class='ocrx_word' id='word_1_670' title='bbox 1270 4967 1414 5035; x_wconf 87' lang='lat' dir='ltr'><strong>sint;</strong></span> <span class='ocrx_word' id='word_1_671' title='bbox 1460 4970 1631 5040; x_wconf 82' lang='lat' dir='ltr'><strong>liquet</strong></span> <span class='ocrx_word' id='word_1_672' title='bbox 1672 4987 1850 5042; x_wconf 83' lang='lat' dir='ltr'><strong>nequc</strong></span> <span class='ocrx_word' id='word_1_673' title='bbox 1879 4990 2034 5030; x_wconf 86' lang='lat' dir='ltr'><strong>men-</strong></span> 
     </span>
    </p>
   </div>
   <div class='ocr_carea' id='block_1_93' title="bbox 455 5054 2031 5129">
    <p class='ocr_par' dir='ltr' id='par_1_93' title="bbox 455 5054 2031 5129">
     <span class='ocr_line' id='line_1_93' title="bbox 455 5054 2031 5129; baseline 0.008 -20"><span class='ocrx_word' id='word_1_674' title='bbox 455 5054 695 5121; x_wconf 87' lang='lat' dir='ltr'><strong>dacium,</strong></span> <span class='ocrx_word' id='word_1_675' title='bbox 752 5056 899 5129; x_wconf 91' lang='lat' dir='ltr'><strong>quod</strong></span> <span class='ocrx_word' id='word_1_676' title='bbox 939 5072 1063 5112; x_wconf 92' lang='lat' dir='ltr'><strong>cum</strong></span> <span class='ocrx_word' id='word_1_677' title='bbox 1116 5058 1362 5114; x_wconf 81' lang='lat' dir='ltr'><strong>tenebris</strong></span> <span class='ocrx_word' id='word_1_678' title='bbox 1390 5060 1801 5119; x_wconf 87' lang='lat' dir='ltr'><strong>similitudinem</strong></span> <span class='ocrx_word' id='word_1_679' title='bbox 1849 5064 2031 5129; x_wconf 80' lang='lat' dir='ltr'><strong>habet,</strong></span> 
     </span>
    </p>
   </div>
   <div class='ocr_carea' id='block_1_94' title="bbox 456 5147 2035 5215">
    <p class='ocr_par' dir='ltr' id='par_1_94' title="bbox 456 5147 2035 5215">
     <span class='ocr_line' id='line_1_94' title="bbox 456 5147 2035 5215; baseline 0.007 -16"><span class='ocrx_word' id='word_1_680' title='bbox 456 5161 554 5215; x_wconf 84' lang='lat' dir='ltr'><strong>per</strong></span> <span class='ocrx_word' id='word_1_681' title='bbox 597 5162 660 5201; x_wconf 88' lang='lat' dir='ltr'><strong>se</strong></span> <span class='ocrx_word' id='word_1_682' title='bbox 706 5147 975 5203; x_wconf 80' lang='lat' dir='ltr'><strong>exsistere</strong></span> <span class='ocrx_word' id='word_1_683' title='bbox 1018 5147 1194 5203; x_wconf 87' lang='lat' dir='ltr'><strong>instar</strong></span> <span class='ocrx_word' id='word_1_684' title='bbox 1234 5148 1577 5214; x_wconf 61' lang='lat' dir='ltr'><strong>substantias,</strong></span> <span class='ocrx_word' id='word_1_685' title='bbox 1642 5152 1736 5207; x_wconf 89' lang='lat' dir='ltr'><strong>sed</strong></span> <span class='ocrx_word' id='word_1_686' title='bbox 1778 5169 2035 5210; x_wconf 79' lang='lat' dir='ltr'><strong>necessa-</strong></span> 
     </span>
    </p>
   </div>
   <div class='ocr_carea' id='block_1_95' title="bbox 457 5239 2033 5316">
    <p class='ocr_par' dir='ltr' id='par_1_95' title="bbox 457 5239 2033 5316">
     <span class='ocr_line' id='line_1_95' title="bbox 457 5239 2033 5316; baseline 0.008 -26"><span class='ocrx_word' id='word_1_687' title='bbox 457 5239 545 5292; x_wconf 85' lang='lat' dir='ltr'><strong>rio</strong></span> <span class='ocrx_word' id='word_1_688' title='bbox 593 5240 855 5309; x_wconf 89' lang='lat' dir='ltr'><strong>permitti,</strong></span> <span class='ocrx_word' id='word_1_689' title='bbox 908 5247 968 5295; x_wconf 90' lang='lat' dir='ltr'><strong>ut</strong></span> <span class='ocrx_word' id='word_1_690' title='bbox 1001 5241 1333 5311; x_wconf 79' lang='lat' dir='ltr'><strong>cogitatione</strong></span> <span class='ocrx_word' id='word_1_691' title='bbox 1364 5249 1576 5298; x_wconf 85' lang='lat' dir='ltr'><strong>tantum</strong></span> <span class='ocrx_word' id='word_1_692' title='bbox 1608 5243 1701 5308; x_wconf 89' lang='lat' dir='ltr'><strong>sit,</strong></span> <span class='ocrx_word' id='word_1_693' title='bbox 1754 5245 1918 5316; x_wconf 84' lang='lat' dir='ltr'><strong>idque</strong></span> <span class='ocrx_word' id='word_1_694' title='bbox 1965 5248 2033 5303; x_wconf 87' lang='lat' dir='ltr'><strong>ad</strong></span> 
     </span>
    </p>
   </div>
   <div class='ocr_carea' id='block_1_96' title="bbox 456 5330 1200 5408">
    <p class='ocr_par' dir='ltr' id='par_1_96' title="bbox 456 5330 1200 5408">
     <span class='ocr_line' id='line_1_96' title="bbox 456 5330 1200 5408; baseline 0.009 -26"><span class='ocrx_word' id='word_1_695' title='bbox 456 5330 777 5387; x_wconf 81' lang='lat' dir='ltr'><strong>electionem</strong></span> <span class='ocrx_word' id='word_1_696' title='bbox 808 5332 1085 5388; x_wconf 84' lang='lat' dir='ltr'><strong>veritatis.</strong></span> <span class='ocrx_word' id='word_1_697' title='bbox 1182 5390 1200 5408; x_wconf 50' lang='grc' dir='ltr'><strong>ο</strong></span> 
     </span>
    </p>
   </div>
   <div class='ocr_carea' id='block_1_97' title="bbox 528 5508 2032 5585">
    <p class='ocr_par' dir='ltr' id='par_1_97' title="bbox 528 5508 2032 5585">
     <span class='ocr_line' id='line_1_97' title="bbox 528 5508 2032 5585; baseline 0.005 -23"><span class='ocrx_word' id='word_1_698' title='bbox 528 5508 637 5580; x_wconf 74' lang='grc' dir='ltr'><strong>(Ιιθ)</strong></span> <span class='ocrx_word' id='word_1_699' title='bbox 673 5510 912 5585; x_wconf 71' lang='grc' dir='ltr'><strong>Σκότος.</strong></span> <span class='ocrx_word' id='word_1_700' title='bbox 949 5509 1180 5585; x_wconf 78' lang='lat' dir='ltr'><strong>Legerat</strong></span> <span class='ocrx_word' id='word_1_701' title='bbox 1211 5509 1405 5580; x_wconf 81' lang='grc' dir='ltr'><strong>ψεῦδος</strong></span> <span class='ocrx_word' id='word_1_702' title='bbox 1432 5510 1772 5585; x_wconf 85' lang='lat' dir='ltr'><strong>anrianus,</strong></span> <span class='ocrx_word' id='word_1_703' title='bbox 1816 5522 1870 5568; x_wconf 88' lang='lat' dir='ltr'><strong>et</strong></span> <span class='ocrx_word' id='word_1_704' title='bbox 1909 5517 2032 5585; x_wconf 83' lang='lat' dir='ltr'><strong>qni-</strong></span> 
     </span>
    </p>
   </div>
   <div class='ocr_carea' id='block_1_98' title="bbox 457 5576 2031 5652">
    <p class='ocr_par' dir='ltr' id='par_1_98' title="bbox 457 5576 2031 5652">
     <span class='ocr_line' id='line_1_98' title="bbox 457 5576 2031 5652; baseline 0.006 -20"><span class='ocrx_word' id='word_1_705' title='bbox 457 5576 580 5633; x_wconf 77' lang='lat' dir='ltr'><strong>dein</strong></span> <span class='ocrx_word' id='word_1_706' title='bbox 605 5576 855 5652; x_wconf 81' lang='lat' dir='ltr'><strong>optime:</strong></span> <span class='ocrx_word' id='word_1_707' title='bbox 893 5596 1010 5652; x_wconf 81' lang='lat' dir='ltr'><strong>non</strong></span> <span class='ocrx_word' id='word_1_708' title='bbox 1032 5576 1180 5635; x_wconf 78' lang='lat' dir='ltr'><strong>enim</strong></span> <span class='ocrx_word' id='word_1_709' title='bbox 1226 5576 1623 5652; x_wconf 80' lang='lat' dir='ltr'><strong>comparantur</strong></span> <span class='ocrx_word' id='word_1_710' title='bbox 1664 5583 1754 5637; x_wconf 85' lang='lat' dir='ltr'><strong>hic</strong></span> <span class='ocrx_word' id='word_1_711' title='bbox 1795 5576 2031 5641; x_wconf 60' lang='lat' dir='ltr'><strong>tenebrae</strong></span> 
     </span>
    </p>
   </div>
   <div class='ocr_carea' id='block_1_99' title="bbox 458 5650 2030 5715">
    <p class='ocr_par' dir='ltr' id='par_1_99' title="bbox 458 5650 2030 5715">
     <span class='ocr_line' id='line_1_99' title="bbox 458 5650 2030 5715; baseline 0.008 -15"><span class='ocrx_word' id='word_1_712' title='bbox 458 5663 582 5701; x_wconf 83' lang='lat' dir='ltr'><strong>cum</strong></span> <span class='ocrx_word' id='word_1_713' title='bbox 610 5651 874 5715; x_wconf 83' lang='lat' dir='ltr'><strong>tenebris,</strong></span> <span class='ocrx_word' id='word_1_714' title='bbox 920 5650 1017 5705; x_wconf 83' lang='lat' dir='ltr'><strong>scd</strong></span> <span class='ocrx_word' id='word_1_715' title='bbox 1051 5650 1395 5705; x_wconf 85' lang='lat' dir='ltr'><strong>mendacium</strong></span> <span class='ocrx_word' id='word_1_716' title='bbox 1433 5668 1555 5706; x_wconf 81' lang='lat' dir='ltr'><strong>cum</strong></span> <span class='ocrx_word' id='word_1_717' title='bbox 1605 5663 1766 5708; x_wconf 87' lang='lat' dir='ltr'><strong>nocte</strong></span> <span class='ocrx_word' id='word_1_718' title='bbox 1794 5663 1849 5709; x_wconf 93' lang='lat' dir='ltr'><strong>et</strong></span> <span class='ocrx_word' id='word_1_719' title='bbox 1878 5668 2030 5712; x_wconf 82' lang='lat' dir='ltr'><strong>tene-</strong></span> 
     </span>
    </p>
   </div>
   <div class='ocr_carea' id='block_1_100' title="bbox 459 5717 1840 5789">
    <p class='ocr_par' dir='ltr' id='par_1_100' title="bbox 459 5717 1840 5789">
     <span class='ocr_line' id='line_1_100' title="bbox 459 5717 1840 5789; baseline 0.006 -18"><span class='ocrx_word' id='word_1_720' title='bbox 459 5717 607 5789; x_wconf 83' lang='lat' dir='ltr'><strong>bris._</strong></span> <span class='ocrx_word' id='word_1_721' title='bbox 631 5721 1087 5789; x_wconf 77' lang='lat' dir='ltr'><strong>quemadmodum</strong></span> <span class='ocrx_word' id='word_1_722' title='bbox 1117 5720 1209 5775; x_wconf 80' lang='lat' dir='ltr'><strong>lux</strong></span> <span class='ocrx_word' id='word_1_723' title='bbox 1241 5737 1366 5775; x_wconf 81' lang='lat' dir='ltr'><strong>cum</strong></span> <span class='ocrx_word' id='word_1_724' title='bbox 1396 5723 1646 5778; x_wconf 85' lang='lat' dir='ltr'><strong>veritate.</strong></span> <span class='ocrx_word' id='word_1_725' title='bbox 1678 5723 1840 5780; x_wconf 64' lang='lat' dir='ltr'><strong>Bssu.</strong></span> 
     </span>
    </p>
   </div>
   <div class='ocr_carea' id='block_1_101' title="bbox 530 5786 2028 5867">
    <p class='ocr_par' dir='ltr' id='par_1_101' title="bbox 530 5786 2028 5867">
     <span class='ocr_line' id='line_1_101' title="bbox 530 5786 2028 5867; baseline 0.007 -26"><span class='ocrx_word' id='word_1_726' title='bbox 530 5786 937 5859; x_wconf 67' lang='grc' dir='ltr'><strong>(ιη’Ψεῦὸος.</strong></span> <span class='ocrx_word' id='word_1_727' title='bbox 991 5788 1199 5844; x_wconf 86' lang='lat' dir='ltr'><strong>Desunt</strong></span> <span class='ocrx_word' id='word_1_728' title='bbox 1245 5789 1336 5847; x_wconf 81' lang='lat' dir='ltr'><strong>hic</strong></span> <span class='ocrx_word' id='word_1_729' title='bbox 1384 5792 1441 5847; x_wconf 85' lang='lat' dir='ltr'><strong>in</strong></span> <span class='ocrx_word' id='word_1_730' title='bbox 1474 5791 1663 5849; x_wconf 64' lang='lat' dir='ltr'><strong>Greco</strong></span> <span class='ocrx_word' id='word_1_731' title='bbox 1709 5794 1863 5864; x_wconf 83' lang='lat' dir='ltr'><strong>plura</strong></span> <span class='ocrx_word' id='word_1_732' title='bbox 1905 5813 2028 5867; x_wconf 70' lang='lat' dir='ltr'><strong>qua:</strong></span> 
     </span>
    </p>
   </div>
   <div class='ocr_carea' id='block_1_102' title="bbox 2140 4616 3710 4691">
    <p class='ocr_par' dir='ltr' id='par_1_102' title="bbox 2140 4616 3710 4691">
     <span class='ocr_line' id='line_1_102' title="bbox 2140 4616 3710 4691; baseline -0.004 -17"><span class='ocrx_word' id='word_1_733' title='bbox 2140 4621 2216 4686; x_wconf 83' lang='grc' dir='ltr'><strong>ὡς</strong></span> <span class='ocrx_word' id='word_1_734' title='bbox 2243 4620 2491 4691; x_wconf 79' lang='grc' dir='ltr'><strong>εἴρηται·</strong></span> <span class='ocrx_word' id='word_1_735' title='bbox 2525 4617 2711 4689; x_wconf 88' lang='grc' dir='ltr'><strong>τεθείη</strong></span> <span class='ocrx_word' id='word_1_736' title='bbox 2746 4618 2812 4673; x_wconf 83' lang='grc' dir='ltr'><strong>ἂν</strong></span> <span class='ocrx_word' id='word_1_737' title='bbox 2839 4619 2934 4672; x_wconf 73' lang='grc' dir='ltr'><strong>καὶ</strong></span> <span class='ocrx_word' id='word_1_738' title='bbox 2962 4619 3161 4690; x_wconf 75' lang='grc' dir='ltr'><strong>ψευδὴς</strong></span> <span class='ocrx_word' id='word_1_739' title='bbox 3185 4616 3375 4671; x_wconf 81' lang='grc' dir='ltr'><strong>οὐσία’</strong></span> <span class='ocrx_word' id='word_1_740' title='bbox 3413 4619 3462 4670; x_wconf 84' lang='grc' dir='ltr'><strong>εί</strong></span> <span class='ocrx_word' id='word_1_741' title='bbox 3494 4616 3552 4669; x_wconf 84' lang='grc' dir='ltr'><strong>δὲ</strong></span> <span class='ocrx_word' id='word_1_742' title='bbox 3583 4616 3710 4686; x_wconf 78' lang='grc' dir='ltr'><strong>μήτ’</strong></span> 
     </span>
    </p>
   </div>
   <div class='ocr_carea' id='block_1_103' title="bbox 2141 4706 3710 4783">
    <p class='ocr_par' dir='ltr' id='par_1_103' title="bbox 2141 4706 3710 4783">
     <span class='ocr_line' id='line_1_103' title="bbox 2141 4706 3710 4783; baseline -0.005 -16"><span class='ocrx_word' id='word_1_743' title='bbox 2141 4716 2372 4775; x_wconf 82' lang='grc' dir='ltr'><strong>ἐκεῖνος,</strong></span> <span class='ocrx_word' id='word_1_744' title='bbox 2398 4713 2535 4783; x_wconf 78' lang='grc' dir='ltr'><strong>μήτε</strong></span> <span class='ocrx_word' id='word_1_745' title='bbox 2579 4711 2739 4775; x_wconf 78' lang='grc' dir='ltr'><strong>ἄλλος</strong></span> <span class='ocrx_word' id='word_1_746' title='bbox 2775 4710 2945 4776; x_wconf 76' lang='grc' dir='ltr'><strong>δεῖξαι</strong></span> <span class='ocrx_word' id='word_1_747' title='bbox 2989 4709 3232 4774; x_wconf 87' lang='grc' dir='ltr'><strong>δύναται,</strong></span> <span class='ocrx_word' id='word_1_748' title='bbox 3265 4708 3341 4771; x_wconf 83' lang='grc' dir='ltr'><strong>ὡς</strong></span> <span class='ocrx_word' id='word_1_749' title='bbox 3374 4706 3532 4762; x_wconf 80' lang='grc' dir='ltr'><strong>τοῦτο</strong></span> <span class='ocrx_word' id='word_1_750' title='bbox 3553 4706 3617 4777; x_wconf 87' lang='grc' dir='ltr'><strong>δὴ</strong></span> <span class='ocrx_word' id='word_1_751' title='bbox 3646 4706 3710 4759; x_wconf 85' lang='grc' dir='ltr'><strong>τὺ</strong></span> 
     </span>
    </p>
   </div>
   <div class='ocr_carea' id='block_1_104' title="bbox 2146 4797 3714 4871">
    <p class='ocr_par' dir='ltr' id='par_1_104' title="bbox 2146 4797 3714 4871">
     <span class='ocr_line' id='line_1_104' title="bbox 2146 4797 3714 4871; baseline -0.003 -17"><span class='ocrx_word' id='word_1_752' title='bbox 2146 4801 2336 4864; x_wconf 89' lang='grc' dir='ltr'><strong>σκότος</strong></span> <span class='ocrx_word' id='word_1_753' title='bbox 2367 4800 2488 4871; x_wconf 72' lang='grc' dir='ltr'>οὐχὶ</span> <span class='ocrx_word' id='word_1_754' title='bbox 2517 4799 2763 4854; x_wconf 83' lang='grc' dir='ltr'><strong>διάλυτόν</strong></span> <span class='ocrx_word' id='word_1_755' title='bbox 2791 4801 2909 4853; x_wconf 89' lang='grc' dir='ltr'><strong>ἐστι</strong></span> <span class='ocrx_word' id='word_1_756' title='bbox 2943 4801 3102 4864; x_wconf 82' lang='grc' dir='ltr'><strong>σκιᾶς</strong></span> <span class='ocrx_word' id='word_1_757' title='bbox 3130 4799 3329 4869; x_wconf 86' lang='grc' dir='ltr'><strong>τρόπον</strong></span> <span class='ocrx_word' id='word_1_758' title='bbox 3361 4797 3714 4868; x_wconf 73' lang='grc' dir='ltr'><strong>γιγνόμενον,</strong></span> 
     </span>
    </p>
   </div>
   <div class='ocr_carea' id='block_1_105' title="bbox 2137 4889 3707 4964">
    <p class='ocr_par' dir='ltr' id='par_1_105' title="bbox 2137 4889 3707 4964">
     <span class='ocr_line' id='line_1_105' title="bbox 2137 4889 3707 4964; baseline -0.002 -19"><span class='ocrx_word' id='word_1_759' title='bbox 2137 4892 2213 4956; x_wconf 85' lang='grc' dir='ltr'><strong>ὡς</strong></span> <span class='ocrx_word' id='word_1_760' title='bbox 2244 4892 2306 4946; x_wconf 85' lang='grc' dir='ltr'><strong>τὸ</strong></span> <span class='ocrx_word' id='word_1_761' title='bbox 2334 4892 2433 4963; x_wconf 82' lang='grc' dir='ltr'><strong>μὲν</strong></span> <span class='ocrx_word' id='word_1_762' title='bbox 2464 4891 2580 4961; x_wconf 75' lang='grc' dir='ltr'><strong>φῶς</strong></span> <span class='ocrx_word' id='word_1_763' title='bbox 2605 4892 2872 4964; x_wconf 78' lang='grc' dir='ltr'><strong>ὑπάρχειν</strong></span> <span class='ocrx_word' id='word_1_764' title='bbox 2897 4892 2988 4945; x_wconf 77' lang='grc' dir='ltr'><strong>καὶ</strong></span> <span class='ocrx_word' id='word_1_765' title='bbox 3020 4892 3078 4944; x_wconf 85' lang='grc' dir='ltr'><strong>ἐν</strong></span> <span class='ocrx_word' id='word_1_766' title='bbox 3115 4889 3292 4954; x_wconf 77' lang='grc' dir='ltr'><strong>νυκτὶ,</strong></span> <span class='ocrx_word' id='word_1_767' title='bbox 3325 4891 3389 4943; x_wconf 83' lang='grc' dir='ltr'><strong>τὸ</strong></span> <span class='ocrx_word' id='word_1_768' title='bbox 3415 4889 3471 4943; x_wconf 81' lang='grc' dir='ltr'><strong>δέ</strong></span> <span class='ocrx_word' id='word_1_769' title='bbox 3518 4889 3707 4954; x_wconf 82' lang='grc' dir='ltr'><strong>σκότος</strong></span> 
     </span>
    </p>
   </div>
   <div class='ocr_carea' id='block_1_106' title="bbox 2138 4979 3709 5056">
    <p class='ocr_par' dir='ltr' id='par_1_106' title="bbox 2138 4979 3709 5056">
     <span class='ocr_line' id='line_1_106' title="bbox 2138 4979 3709 5056; baseline -0.003 -18"><span class='ocrx_word' id='word_1_770' title='bbox 2138 4986 2194 5038; x_wconf 84' lang='grc' dir='ltr'><strong>ἐν</strong></span> <span class='ocrx_word' id='word_1_771' title='bbox 2224 4985 2406 5056; x_wconf 78' lang='grc' dir='ltr'><strong>ἡμέρᾳ</strong></span> <span class='ocrx_word' id='word_1_772' title='bbox 2441 4984 2515 5056; x_wconf 82' lang='grc' dir='ltr'><strong>μὴ</strong></span> <span class='ocrx_word' id='word_1_773' title='bbox 2558 4983 2697 5038; x_wconf 74' lang='grc' dir='ltr'><strong>εἶναι</strong></span> <span class='ocrx_word' id='word_1_774' title='bbox 2743 4984 2802 5035; x_wconf 85' lang='grc' dir='ltr'><strong>τὸ</strong></span> <span class='ocrx_word' id='word_1_775' title='bbox 2832 4982 3109 5050; x_wconf 87' lang='grc' dir='ltr'><strong>ἀναλόγως</strong></span> <span class='ocrx_word' id='word_1_776' title='bbox 3143 4981 3264 5052; x_wconf 81' lang='grc' dir='ltr'><strong>ἕχον</strong></span> <span class='ocrx_word' id='word_1_777' title='bbox 3304 4979 3452 5051; x_wconf 83' lang='grc' dir='ltr'><strong>αὑτῷ</strong></span> <span class='ocrx_word' id='word_1_778' title='bbox 3490 4979 3709 5051; x_wconf 76' lang='grc' dir='ltr'><strong>ψεῦδος,</strong></span> 
     </span>
    </p>
   </div>
   <div class='ocr_carea' id='block_1_107' title="bbox 2138 5070 3710 5147">
    <p class='ocr_par' dir='ltr' id='par_1_107' title="bbox 2138 5070 3710 5147">
     <span class='ocr_line' id='line_1_107' title="bbox 2138 5070 3710 5147; baseline -0.003 -17"><span class='ocrx_word' id='word_1_779' title='bbox 2138 5075 2316 5147; x_wconf 86' lang='grc' dir='ltr'><strong>δῆλον,</strong></span> <span class='ocrx_word' id='word_1_780' title='bbox 2350 5076 2426 5137; x_wconf 85' lang='grc' dir='ltr'><strong>ὡς</strong></span> <span class='ocrx_word' id='word_1_781' title='bbox 2458 5074 2567 5129; x_wconf 81' lang='grc' dir='ltr'><strong>οὐδ’</strong></span> <span class='ocrx_word' id='word_1_782' title='bbox 2600 5073 2732 5127; x_wconf 75' lang='grc' dir='ltr'><strong>αὐτὸ</strong></span> <span class='ocrx_word' id='word_1_783' title='bbox 2769 5073 3074 5142; x_wconf 76' lang='grc' dir='ltr'><strong>ὑφέστηκεν</strong></span> <span class='ocrx_word' id='word_1_784' title='bbox 3110 5072 3298 5135; x_wconf 86' lang='grc' dir='ltr'><strong>οὐσίας</strong></span> <span class='ocrx_word' id='word_1_785' title='bbox 3336 5071 3536 5141; x_wconf 86' lang='grc' dir='ltr'><strong>τρόπον</strong></span> <span class='ocrx_word' id='word_1_786' title='bbox 3561 5070 3710 5134; x_wconf 72' lang='grc' dir='ltr'><strong>τινὰ,</strong></span> 
     </span>
    </p>
   </div>
   <div class='ocr_carea' id='block_1_108' title="bbox 2132 5162 3708 5236">
    <p class='ocr_par' dir='ltr' id='par_1_108' title="bbox 2132 5162 3708 5236">
     <span class='ocr_line' id='line_1_108' title="bbox 2132 5162 3708 5236; baseline 0 -18"><span class='ocrx_word' id='word_1_787' title='bbox 2132 5165 2445 5234; x_wconf 86' lang='grc' dir='ltr'><strong>ἀναγκαίως</strong></span> <span class='ocrx_word' id='word_1_788' title='bbox 2460 5164 2516 5217; x_wconf 80' lang='grc' dir='ltr'><strong>δὲ</strong></span> <span class='ocrx_word' id='word_1_789' title='bbox 2535 5165 2692 5236; x_wconf 87' lang='grc' dir='ltr'><strong>μόνον</strong></span> <span class='ocrx_word' id='word_1_790' title='bbox 2703 5165 2821 5216; x_wconf 80' lang='grc' dir='ltr'><strong>κατ’</strong></span> <span class='ocrx_word' id='word_1_791' title='bbox 2845 5164 3085 5216; x_wconf 83' lang='grc' dir='ltr'><strong>ἐπίνοιαν</strong></span> <span class='ocrx_word' id='word_1_792' title='bbox 3114 5162 3495 5231; x_wconf 81' lang='grc' dir='ltr'><strong>ἐπιγίγνεσθαι</strong></span> <span class='ocrx_word' id='word_1_793' title='bbox 3506 5178 3708 5232; x_wconf 53' lang='grc' dir='ltr'><strong>συγκεν</strong></span> 
     </span>
    </p>
   </div>
   <div class='ocr_carea' id='block_1_109' title="bbox 2134 5254 3207 5330">
    <p class='ocr_par' dir='ltr' id='par_1_109' title="bbox 2134 5254 3207 5330">
     <span class='ocr_line' id='line_1_109' title="bbox 2134 5254 3207 5330; baseline -0.004 -20"><span class='ocrx_word' id='word_1_794' title='bbox 2134 5257 2378 5330; x_wconf 86' lang='grc' dir='ltr'><strong>χώρηται</strong></span> <span class='ocrx_word' id='word_1_795' title='bbox 2401 5257 2536 5328; x_wconf 81' lang='grc' dir='ltr'><strong>πρὸς</strong></span> <span class='ocrx_word' id='word_1_796' title='bbox 2556 5256 2767 5327; x_wconf 81' lang='grc' dir='ltr'><strong>αἵρεσιν</strong></span> <span class='ocrx_word' id='word_1_797' title='bbox 2799 5255 2897 5327; x_wconf 80' lang='grc' dir='ltr'><strong>τῆς</strong></span> <span class='ocrx_word' id='word_1_798' title='bbox 2929 5254 3207 5328; x_wconf 84' lang='grc' dir='ltr'><strong>ἀληθείας.</strong></span> 
     </span>
    </p>
   </div>
   <div class='ocr_carea' id='block_1_110' title="bbox 2132 5515 3709 5585">
    <p class='ocr_par' dir='ltr' id='par_1_110' title="bbox 2132 5515 3709 5585">
     <span class='ocr_line' id='line_1_110' title="bbox 2132 5515 3709 5585; baseline -0.003 -12"><span class='ocrx_word' id='word_1_799' title='bbox 2132 5532 2356 5573; x_wconf 86' lang='lat' dir='ltr'><strong>sensum</strong></span> <span class='ocrx_word' id='word_1_800' title='bbox 2414 5534 2525 5572; x_wconf 85' lang='lat' dir='ltr'><strong>non</strong></span> <span class='ocrx_word' id='word_1_801' title='bbox 2576 5517 2738 5574; x_wconf 89' lang='lat' dir='ltr'><strong>modo</strong></span> <span class='ocrx_word' id='word_1_802' title='bbox 2784 5517 3105 5579; x_wconf 89' lang='lat' dir='ltr'><strong>obscurum,</strong></span> <span class='ocrx_word' id='word_1_803' title='bbox 3168 5516 3262 5571; x_wconf 87' lang='lat' dir='ltr'><strong>sed</strong></span> <span class='ocrx_word' id='word_1_804' title='bbox 3321 5515 3709 5585; x_wconf 79' lang='lat' dir='ltr'><strong>imperfectum</strong></span> 
     </span>
    </p>
   </div>
   <div class='ocr_carea' id='block_1_111' title="bbox 2129 5584 3704 5667">
    <p class='ocr_par' dir='ltr' id='par_1_111' title="bbox 2129 5584 3704 5667">
     <span class='ocr_line' id='line_1_111' title="bbox 2129 5584 3704 5667; baseline -0.002 -27"><span class='ocrx_word' id='word_1_805' title='bbox 2129 5591 2386 5667; x_wconf 71' lang='lat' dir='ltr'><strong>reddunt.</strong></span> <span class='ocrx_word' id='word_1_806' title='bbox 2407 5588 2517 5667; x_wconf 54' lang='lat' dir='ltr'><strong>Sic</strong></span> <span class='ocrx_word' id='word_1_807' title='bbox 2547 5590 2856 5667; x_wconf 62' lang='lat' dir='ltr'><strong>supplercm</strong></span> <span class='ocrx_word' id='word_1_808' title='bbox 2880 5607 2890 5639; x_wconf 89' lang='lat'>:</span> <span class='ocrx_word' id='word_1_809' title='bbox 2926 5588 2991 5656; x_wconf 81' lang='grc' dir='ltr'><strong>ἢν</strong></span> <span class='ocrx_word' id='word_1_810' title='bbox 3018 5586 3176 5667; x_wconf 57' lang='grc' dir='ltr'><strong>αὐτος</strong></span> <span class='ocrx_word' id='word_1_811' title='bbox 3205 5584 3498 5667; x_wconf 61' lang='grc' dir='ltr'><strong>ἀγέννητον</strong></span> <span class='ocrx_word' id='word_1_812' title='bbox 3525 5584 3704 5667; x_wconf 56' lang='grc' dir='ltr'><strong>ἀρχὴν</strong></span> 
     </span>
    </p>
   </div>
   <div class='ocr_carea' id='block_1_112' title="bbox 2128 5642 3713 5730">
    <p class='ocr_par' dir='ltr' id='par_1_112' title="bbox 2128 5642 3713 5730">
     <span class='ocr_line' id='line_1_112' title="bbox 2128 5642 3713 5730; baseline 0 -19"><span class='ocrx_word' id='word_1_813' title='bbox 2128 5658 2294 5728; x_wconf 75' lang='grc' dir='ltr'><strong>λέγει.</strong></span> <span class='ocrx_word' id='word_1_814' title='bbox 2325 5659 2459 5730; x_wconf 86' lang='grc' dir='ltr'><strong>μηδέ</strong></span> <span class='ocrx_word' id='word_1_815' title='bbox 2480 5642 2634 5712; x_wconf 65' lang='grc' dir='ltr'><strong>ἐστιν’</strong></span> <span class='ocrx_word' id='word_1_816' title='bbox 2655 5642 2812 5730; x_wconf 71' lang='grc' dir='ltr'><strong>οὐσία</strong></span> <span class='ocrx_word' id='word_1_817' title='bbox 2835 5642 3176 5730; x_wconf 72' lang='grc' dir='ltr'><strong>ὑφεστηκυῖᾶ</strong></span> <span class='ocrx_word' id='word_1_818' title='bbox 3198 5642 3265 5710; x_wconf 67' lang='grc' dir='ltr'><strong>τέ</strong></span> <span class='ocrx_word' id='word_1_819' title='bbox 3286 5658 3377 5712; x_wconf 68' lang='grc' dir='ltr'><strong>καὶ</strong></span> <span class='ocrx_word' id='word_1_820' title='bbox 3393 5642 3579 5721; x_wconf 58' lang='grc' dir='ltr'><strong>’ζῶσαδ</strong></span> <span class='ocrx_word' id='word_1_821' title='bbox 3599 5642 3713 5711; x_wconf 62' lang='lat' dir='ltr'><strong>id:</strong></span> 
     </span>
    </p>
   </div>
   <div class='ocr_carea' id='block_1_113' title="bbox 2130 5726 3049 5803">
    <p class='ocr_par' dir='ltr' id='par_1_113' title="bbox 2130 5726 3049 5803">
     <span class='ocr_line' id='line_1_113' title="bbox 2130 5726 3049 5803; baseline -0.009 -17"><span class='ocrx_word' id='word_1_822' title='bbox 2130 5726 2461 5801; x_wconf 80' lang='lat' dir='ltr'><strong>respondent</strong></span> <span class='ocrx_word' id='word_1_823' title='bbox 2494 5731 2695 5803; x_wconf 84' lang='lat' dir='ltr'><strong>optime</strong></span> <span class='ocrx_word' id='word_1_824' title='bbox 2730 5727 2939 5783; x_wconf 83' lang='lat' dir='ltr'><strong>Latina.</strong></span> <span class='ocrx_word' id='word_1_825' title='bbox 2976 5726 3049 5781; x_wconf 78' lang='lat' dir='ltr'><strong>lo.</strong></span> 
     </span>
    </p>
   </div>
  </div>
