4100 6414
362 408 501 465 1175

1441 409 1810 468 ADVERSUS
1836 410 2255 468 MANICIUEOS
2292 411 2418 467 LIB.
2460 413 2518 471 ll.

3446 412 3584 471 11ῗῶ

445 521 661 592 Ἐπειδὴ
688 518 746 573 δὲ
791 518 851 573 τὸ
882 518 1000 589 φῶς
1030 520 1149 573 κατ’
1187 520 1376 576 ούσίαν
1402 522 1698 596 ὑφέστηκε,
1742 525 1928 594 σαφῶς

2097 526 2233 594 Quia
2263 541 2390 581 vero
2414 525 2596 581 lumen
2636 524 2933 582 secundum
2967 524 3325 584 substantiam
3377 544 3472 600 per
3524 545 3583 585 se

362 618 472 689 ἀρα
503 614 595 667 καί
623 610 879 682 ἀλήθειαν
916 615 1187 681 νομίσειεν
1218 612 1285 668 ἀν
1325 631 1410 678 τις
1444 616 1565 669 κατ’
1600 617 1786 670 οὐσίαν
1819 618 1921 686 ὑφ-

2022 620 2249 681 exstitit,
2287 619 2446 690 plane
2477 616 2793 673 existimare
2831 617 2957 673 licet
2989 633 3109 674 esse
3154 621 3434 676 veritatem
3484 636 3583 691 per

363 707 605 771 εστάναι,
626 707 712 759 ἵνα
743 705 842 775 τῆς
865 705 1154 775 ἀναλογίας
1181 705 1418 777 σώζηται
1443 709 1476 779 ἠ
1505 707 1760 780 ἀκρίϐεια
1781 727 1795 739 ·
1830 710 1924 763 καὶ

2033 725 2084 765 se
2108 708 2409 765 secundum
2443 707 2825 774 substantiam,
2869 715 2929 761 ut
2962 708 3333 766 similitudinis
3362 725 3425 765 ac
3456 727 3584 781 pro-

364 801 415 855 τί
439 800 506 870 δὴ
537 798 598 852 τὺ
646 796 854 851 κωλύον
887 797 1019 850 Θεὸν
1050 797 1441 870 αύτοαλήθειαν
1484 796 1642 867 εἶναι,
1678 800 1928 872 ἡγεῖσθαί

2033 803 2291 874 portionis
2323 801 2463 855 ratio
2494 800 2676 855 limate
2715 808 2769 855 et
2812 800 3049 870 perfecte
3078 809 3358 867 servetur,
3388 802 3584 873 ecquid

363 909 422 945 τε
450 891 547 945 καὶ
581 887 856 960 νομίζειν;
887 889 935 941 εί
970 888 1079 959 γάρ
1109 889 1225 958 φῶς
1251 893 1280 943 ὁ
1302 889 1454 955 Θεὸς,
1480 891 1597 960 φῶς
1629 893 1838 963 νοητὸν,
1865 892 1926 945 ού

367 982 476 1054 γάρ
503 981 569 1052 δὴ
596 980 812 1050 ὁρατὸν.
845 980 960 1049 φῶς
1005 979 1185 1050 δῆλον,
1225 981 1301 1045 ὡς
1350 982 1606 1053 ἀλήθειαο
1659 982 1776 1052 φῶς
1820 982 1930 1054 γὰρ

364 1071 549 1143 νοερὸν
584 1071 735 1123 οὐδὲν
760 1069 906 1136 ἄλλο,
939 1070 1080 1141 πλὴν
1120 1070 1377 1141 ἀληθείας
1396 1088 1410 1101 ο
1451 1072 1601 1143 ὅμως
1628 1074 1684 1127 δὲ
1728 1074 1843 1143 φῶς
1869 1091 1929 1128 τε

363 1163 460 1216 καὶ
508 1161 870 1232 αύτοαλὴθεια
921 1162 1204 1232 τυγχάνων
1254 1165 1284 1217 ὁ
1328 1162 1461 1227 Θεὸς
1503 1164 1604 1218 οὐκ
1658 1165 1933 1238 ἀδυναμίᾳ

363 1254 588 1326 ψεύδους
619 1255 915 1325 ἀπέχεται,
959 1254 1095 1307 ἀλλά
1141 1254 1214 1326 μὴ
1267 1254 1588 1327 βουλόμενος
1626 1256 1929 1326 ψεύσασθαί

366 1361 520 1399 ποτε.
553 1345 616 1397 Εἰ
653 1343 710 1398 δέ
734 1360 799 1412 γε
846 1344 920 1415 μὴ
945 1344 1185 1409 δύναται,
1236 1346 1297 1398 ού
1337 1344 1447 1417 γὰρ
1490 1347 1688 1401 ἄτοπον
1735 1350 1928 1412 εἰπεῖν,

364 1434 548 1506 ἐπειδή
574 1452 638 1505 γε
664 1433 919 1489 οὐδέποτε
941 1434 1060 1504 οὐχὶ
1098 1433 1172 1505 μὴ
1200 1434 1468 1505 βούλεται.

2026 892 2295 963 prohibet,
2324 890 2458 960 quin
2491 888 2659 944 Deum
2712 888 2883 959 ipsam
2918 904 3014 960 per
3046 906 3104 947 se
3146 895 3421 948 veritatem
3461 908 3585 949 esse

2027 983 2404 1038 existimemus
2441 986 2497 1035 et
2545 982 2901 1051 reputemus?
2931 980 2986 1036 Si
3022 983 3164 1037 enim
3194 983 3335 1039 Deus
3363 992 3448 1039 est
3498 985 3586 1039 lu-

2031 1089 2174 1136 men,
2201 1073 2385 1127 lumen
2408 1080 2585 1126 autem
2612 1070 2970 1144 intelligibile,
2998 1089 3109 1129 non
3133 1076 3478 1145 a‘spectabile.
3503 1077 3585 1131 lu-

2029 1178 2155 1218 men
2206 1164 2415 1220 scilicet
2457 1162 2599 1219 sicut
2637 1164 2874 1232 veritas;
2916 1166 3096 1222 lumen
3133 1168 3277 1221 enim
3307 1168 3593 1238 spirituale

2030 1254 2165 1308 nihil
2195 1254 2342 1309 aliud
2370 1261 2475 1318 est,
2504 1269 2673 1325 quam
2712 1256 2894 1312 lumen
2925 1258 3201 1325 veritatis;
3231 1258 3373 1315 Deus
3405 1265 3586 1316 tamen

2031 1363 2154 1402 cum
2188 1350 2370 1403 lumen
2401 1357 2456 1404 et
2496 1349 2614 1418 ipsa
2667 1363 2764 1418 per
2805 1365 2863 1404 se
2897 1351 3098 1406 veritas
3129 1350 3222 1415 sit,
3251 1367 3279 1404 a
3310 1350 3599 1406 mendacio-

2030 1438 2288 1502 abstinet,
2323 1452 2433 1492 non
2466 1438 2593 1507 quia
2623 1436 2803 1493 deficit
2830 1439 2876 1494 ei
2907 1446 3169 1510 potestas,
3201 1441 3294 1496 sed
3320 1440 3447 1509 quia
3480 1454 3589 1494 non

364 1527 480 1581 vult
515 1538 751 1596 unquam
807 1527 1045 1581 mentiri.
1105 1525 1161 1581 Si
1207 1535 1386 1582 autem
1428 1542 1538 1582 non
1578 1534 1780 1598 potest,
1824 1543 1936 1586 non
1982 1529 2125 1584 enim
2152 1528 2451 1584 absurdum
2473 1535 2557 1585 est
2585 1530 2664 1584 sic
2693 1529 2864 1600 loqui,
2896 1530 3017 1587 ideo
3046 1547 3157 1587 non
3203 1538 3405 1602 potest,
3461 1529 3590 1601 quia

364 1640 645 1697 nunquam
682 1626 819 1681 vult.

433 1712 529 1781 Οἷς
574 1718 673 1789 μὲν
701 1718 809 1790 γάρ
850 1718 946 1771 καὶ
977 1718 1039 1771 τὸ
1092 1718 1372 1790 βούλεσθαι
1409 1723 1502 1775 καί
1542 1722 1603 1776 τὸ
1647 1723 1744 1794 μὴ,
1792 1722 1935 1778 κατὰ

2107 1719 2319 1787 Quibus
2366 1722 2512 1777 enim
2545 1719 2683 1777 velle
2729 1726 2785 1775 et
2816 1734 2927 1774 non
2962 1717 3102 1773 velle
3128 1714 3338 1770 diverse
3370 1714 3588 1778 accidit,

363 1809 616 1879 διάφορον
648 1808 849 1880 τρόπον
883 1809 1288 1881 ἐπισυμῦαίνει,
1320 1811 1532 1876 τούτοις
1573 1812 1809 1882 εὐλόγως
1839 1815 1932 1868 καὶ¹

2033 1819 2181 1866 recte
2209 1820 2263 1866 et
2288 1810 2489 1867 rationi
2516 1810 2904 1866 convenienter
2930 1807 3018 1864 his
3050 1805 3365 1862 attribuitur
3392 1819 3589 1876 posse:

363 1900 424 1953 τὸ
475 1899 733 1955 δύνασθαι
779 1899 1105 1974 ἀφώρισται.
1164 1902 1284 1975 Θεῷ
1313 1903 1371 1957 δέ
1419 1920 1503 1972 γε,
1559 1904 1742 1977 ἐπειδὴ
1790 1905 1936 1960 οὐδέ-

365 2007 495 2045 ποτε
534 1991 816 2061 συμϐαίνει
845 1992 905 2046 τὸ
938 1992 1244 2062 βούλεσθαι,
1278 1995 1340 2050 τὸ
1379 1995 1455 2066 μὴ
1487 1995 1741 2051 δύνασθαι
1768 2013 1936 2068 προσ-

365 2084 598 2138 απτέον’
654 2084 796 2138 οὓτω
828 2086 1034 2156 μέντοι,
1070 2086 1157 2141 διά
1183 2088 1245 2141 τὸ
1303 2090 1574 2161 μηδέποτε
1631 2089 1932 2161 βούλεσθαι,

365 2174 486 2246 ούχὶ
509 2175 595 2229 διὰ
624 2176 686 2229 τὸ
717 2176 791 2248 μὴ
823 2176 1082 2233 δύνασθαι
1124 2180 1326 2251 τρόπον
1366 2180 1649 2244 ἀσθενείας
1672 2181 1766 2236 καὶ
1804 2181 1934 2236 ἀδυ-

367 2267 597 2338 ναμίαςο
632 2268 692 2322 τὸ
722 2270 819 2340 μὲν
847 2270 956 2341 γὰρ
977 2271 1361 2343 δημιούργημα
1390 2273 1727 2345 πεπεδῆσθαι
1753 2272 1928 2343 φύσει,

365 2359 509 2427 λέγω
539 2358 603 2430 δὴ
640 2359 700 2413 τὸ
739 2362 1045 2431 σωματικὸν
1088 2364 1223 2433 φῶς,
1278 2365 1380 2418 οὐκ
1419 2364 1612 2434 ἄλογον
1642 2366 1831 2435 φάναι,
1858 2366 1936 2430 ὠς

370 2448 446 2520 μὴ
470 2450 556 2502 ἐπ’
581 2451 729 2522 αύτῷ
752 2448 890 2506 εἶναι
910 2453 971 2507 τὸ
999 2449 1137 2508 εῖναι
1159 2455 1295 2524 φῶς,
1321 2455 1434 2510 ἀλλ’
1466 2458 1559 2511 ἐπὶ
1578 2455 1656 2528 τῷ
1678 2461 1934 2529 ποιήσαν-

365 2558 419 2594 τι
439 2557 453 2573 ο
474 2542 569 2595 τὸν
597 2543 654 2596 δέ
682 2545 1023 2616 Δημιουργὸν
1048 2545 1452 2619 ὑποϐεϐλῆσθαι
1481 2548 1696 2618 φύσεως
1719 2550 1937 2623 ἀνάγκῃ

367 2630 488 2685 λίαν
524 2632 723 2687 ἄτοπον
756 2636 1030 2706 ἡγεῖσθαι,
1058 2636 1134 2702 ὼς
1168 2637 1242 2709 μὴ
1273 2640 1358 2692 ἐπ’
1393 2638 1541 2711 αὐτῷ
1580 2635 1720 2694 εἶναι
1760 2641 1935 2695 δοκεῖν

367 2725 430 2777 τὺ
480 2723 798 2798 ἀληθεύειν,
852 2727 985 2781 ἀλλά
1033 2728 1170 2800 πρὸς
1206 2719 1307 2798 τῆς
1354 2730 1568 2800 φύσεως
1619 2731 1934 2803 βεϐιᾶσθαι,

370 2814 615 2886 καίτοιγε
660 2818 799 2891 ὅπερ
836 2820 1017 2884 ἐστὶν,
1052 2821 1186 2875 αὐτὸ
1237 2823 1396 2893 μόνον
1443 2825 1614 2880 ἐστίν.
1677 2825 1816 2879 Ἀλλ’
1852 2820 1936 2890 οἷς

370 2907 473 2977 μὲν
510 2908 911 2983 ἐδημιούργησε
956 2912 1225 2966 ἐντέθεικε
1269 2915 1330 2967 τὸ
1376 2914 1535 2982 φύσει
1577 2916 1670 2971 καὶ
1722 2916 1937 2989 ἀνάγκῃ

368 2994 510 3053 εἶναι
552 3000 582 3054 ὅ
644 3001 811 3055 είσινο
869 3002 1018 3074 αὐτῷ
1077 3003 1260 3075 μέντοι
1313 3005 1615 3060 ἐντέθεικεν
1652 3007 1828 3072 οὐδεὶς
1875 3008 1938 3062 τὺ

370 3089 587 3162 ἀνάγκῃ
617 3086 756 3146 εἶναι
787 3091 1058 3162 ἀλήθειαν.
1113 3094 1321 3149 υύκοῦν
1360 3095 1573 3166 φύσεως
1612 3098 1710 3168 μὲν
1751 3100 1936 3154 ἐπάνω

2034 1902 2145 1958 Deo
2179 1913 2355 1958 autem
2390 1903 2647 1974 quoniam
2686 1916 2964 1973 nunquam
3014 1898 3213 1958 accidit
3250 1897 3408 1962 velle,
3454 1911 3591 1952 con.

2035 1993 2295 2049 ﬁteudum
2335 2002 2420 2049 est
2466 2008 2575 2049 non
2620 2007 2782 2064 posse
2820 2006 2944 2048 eum
2977 1990 3229 2054 mentiri;
3277 1990 3358 2045 sic
3388 1997 3589 2052 tamen,

2033 2086 2160 2157 quia
2192 2084 2401 2142 scilicet
2421 2100 2529 2140 non
2558 2092 2735 2159 potest
2767 2084 2938 2152 velle;
2973 2098 3085 2138 non
3120 2091 3300 2138 autem
3332 2082 3459 2154 quia
3483 2097 3590 2137 non

2033 2187 2211 2249 potest
2245 2179 2313 2235 ad
2363 2182 2534 2238 instar
2577 2180 2700 2251 ejus
2740 2179 2831 2234 cui
2861 2185 2945 2233 est
2982 2175 3274 2231 inﬁrmitas
3321 2182 3375 2230 et
3411 2173 3592 2229 deﬁcit

2032 2279 2321 2341 potestas:
2364 2279 2667 2328 creaturam
2698 2270 2842 2327 enim
2883 2267 3136 2339 impediri
3189 2274 3244 2322 et
3291 2265 3590 2336 constringi

2033 2371 2249 2429 natura,
2284 2365 2485 2426 lumen,
2513 2364 2757 2434 inquam,
2789 2376 3109 2432 corporeum
3137 2374 3247 2414 non
3276 2358 3476 2415 habere
3498 2373 3591 2428 pe-

2033 2470 2131 2510 ues
2154 2469 2213 2510 se
2238 2495 2254 2520 ,
2291 2465 2349 2510 ut
2383 2455 2455 2511 sit
2487 2455 2694 2522 lumen,
2736 2452 2830 2509 sed
2862 2468 3028 2524 penes
3059 2459 3334 2507 auctorem
3367 2450 3590 2505 luminis

2033 2560 2173 2611 esse,
2201 2560 2311 2600 non
2344 2553 2428 2601 est
2460 2545 2697 2600 alienum
2732 2558 2764 2599 a
2796 2544 3010 2599 ratione
3037 2543 3117 2601 sic
3148 2541 3373 2607 dicere;
3403 2549 3593 2595 aucto-

2032 2652 2148 2691 rem
2177 2652 2307 2691 vero
2331 2636 2636 2706 subjectum
2664 2651 2786 2693 esse
2815 2635 3128 2692 necessitati
3173 2641 3401 2698 naturae,
3440 2633 3593 2688 valde

2033 2725 2331 2780 absurdum
2372 2734 2455 2781 est
2493 2725 2767 2798 cogitare;
2804 2731 2865 2779 ut
2906 2740 3014 2779 non
3043 2723 3291 2780 videatur
3315 2724 3595 2794 penesip—

2035 2830 2155 2871 sum
2189 2831 2312 2872 esse
2344 2832 2532 2872 verum
2563 2817 2763 2880 dicere,
2784 2816 2879 2872 sed
2907 2831 2938 2870 a
2968 2824 3163 2870 natura
3192 2830 3289 2883 per
3318 2815 3426 2869 vim
3449 2815 3592 2884 cegi,

2033 2922 2157 2962 cum
2192 2907 2393 2978 alioqui
2420 2908 2601 2978 ipsum
2626 2908 2800 2963 solum
2834 2907 2925 2974 sit,
2951 2907 3094 2977 quod
3120 2906 3335 2976 quidem
3373 2915 3476 2961 est.
3522 2902 3595 2961 lis

2035 3006 2215 3055 tamen
2245 3015 2366 3071 quae
2391 2998 2617 3065 creavit,
2654 2999 2935 3070 imposuit,
2960 3007 3020 3053 ut
3048 3004 3241 3053 natura
3272 3006 3326 3053 et
3354 2996 3598 3053 necessi-

2041 3100 2151 3148 tate
2180 3100 2367 3149 essent
2398 3091 2543 3163 quod
2577 3098 2725 3148 sunt.
2776 3090 2887 3147 Deo
2911 3098 3095 3145 tamen
3127 3105 3288 3146 nemo
3316 3089 3594 3160 imposuit,

369 3183 401 3234 ὁ
431 3178 621 3250 φύσεις
648 3184 1193 3255 κατασκευασάμενος
1212 3199 1225 3214 ⁸
1264 3187 1425 3249 αὐτὸς
1450 3186 1507 3241 δὲ
1532 3187 1745 3257 φύσεως
1770 3191 1934 3260 ἀνάγ-

2038 3190 2097 3236 υι
2138 3183 2464 3239 necessitate
2495 3189 2707 3237 naturae
2732 3188 2877 3236 esset
2895 3181 3116 3235 veritas.
3148 3178 3325 3251 Supra
3348 3189 3596 3234 naturam

372 3289 477 3343 κης
500 3272 813 3344 ἐλεύθερος·
856 3273 999 3329 οὕτω
1029 3274 1138 3347 γὰρ
1168 3276 1384 3349 ἀληθῶς
1428 3277 1630 3346 ἀγαθὸς
1670 3280 1941 3354 ὁμολογη-

372 3365 612 3435 θήσεται.

441 3538 651 3597 Οὐκοῦν
675 3538 762 3594 διὰ
790 3539 898 3595 τῶν
922 3540 1227 3613 εἰρημένων
1261 3541 1391 3594 αὐτὸ
1422 3540 1616 3612 ψεῦδος
1646 3544 1747 3598 οὐκ
1783 3544 1934 3601 ἐστι·

367 3630 608 3703 ψεύστης
640 3630 697 3685 δέ
740 3634 770 3687 ό
818 3633 1179 3705 ψευδόμενοςο
1230 3633 1336 3687 ἀπὸ
1362 3633 1471 3706 γὰρ
1517 3634 1612 3688 τοῦ
1664 3637 1939 3707 μετιόντος

370 3721 647 3795 καλεῖται,
689 3726 788 3796 οὐχ
827 3726 856 3779 ὁ
905 3724 1297 3797 μετερχόμενος
1343 3726 1451 3779 ἀπὸ
1491 3725 1587 3779 τοῦ
1642 3728 1716 3800 μὴ
1764 3729 1934 3795 ὄντος.

258 3856 267 3869 .
368 3813 580 3880 Ψεῦδος
598 3815 728 3888 γὰρ
759 3817 865 3888 πρὸ
896 3816 992 3871 τοῦ
1041 3818 1383 3883 ἐπινοοῦντος
1421 3818 1553 3872 αὐτὸ
1589 3820 1689 3875 οὐκ
1721 3822 1788 3876 ἂν
1816 3822 1933 3894 εἷηο

370 3906 765 3979 παραπλησίως
795 3909 852 3963 δὲ
882 3911 974 3964 καὶ
1013 3910 1202 3974 σκότος
1230 3910 1292 3964 ού
1325 3909 1782 3984 δεδημιούργηται
1815 3914 1935 3985 μὲν,

370 3999 788 4070 παρεισέρχεται
817 3999 895 4065 δὲ,
929 4000 1058 4054 σκιά
1103 4000 1257 4054 τοῦδε
1292 4000 1385 4055 τοῦ
1430 4002 1630 4066 παντὸς
1657 4003 1933 4074 ὑπάρχον⁸

369 4093 509 4165 πλὴν
538 4093 662 4147 ὅσον
688 4093 751 4147 τὸ
781 4093 879 4164 μὲν
911 4092 1099 4156 σκότος
1124 4094 1185 4146 ού
1211 4093 1370 4164 μόνον
1400 4094 1717 4166 ὑποτρέχειν
1743 4113 1939 4165 συγκε-

370 4183 638 4256 χώρηται,
672 4183 809 4238 ἀλλά
850 4184 948 4239 καὶ
975 4184 1096 4238 λίαν
1140 4184 1432 4256 ὠφελίμως
1453 4201 1466 4215 °
1492 4186 1586 4240 τοῦ
1621 4187 1678 4240 δὲ
1705 4186 1936 4256 ψεύδους

365 4278 399 4348 ἠ
432 4275 647 4330 ἐπίνοια
693 4274 792 4347 τὴν
838 4274 938 4345 μὲν
982 4276 1193 4347 αἵρεσιν
1238 4275 1490 4347 διασαφεῖ
1534 4276 1637 4347 τῆς
1679 4277 1937 4350 ἀληθείας

363 4367 521 4439 παρά
556 4366 898 4439 ἀνθρὼποις’
947 4366 1347 4438 προτιμηθεῖσα
1395 4368 1453 4421 δὲ
1503 4368 1601 4440 τῆς
1642 4368 1932 4442 ἀληθείας,

361 4455 751 4528 βλαϐερωτάτη
783 4456 847 4524 γέ
874 4457 1012 4519 ἐστι,
1040 4458 1134 4509 καὶ
1157 4457 1301 4527 μάλα
1325 4474 1389 4526 γε
1433 4458 1656 4523 είκότως
1677 4473 1693 4489 ο
1739 4458 1934 4529 ψεῦδος
1965 4501 2009 4557 D

356 4548 476 4621 γὰρ
503 4547 639 4618 πρὸς
663 4546 963 4618 ἀνθρώπων
996 4549 1311 4614 ἐπινοεῖται,
1343 4549 1534 4614 σκότος
1559 4549 1618 4604 δὲ
1648 4550 1708 4604 τὸ
1738 4567 1930 4622 σωμα-

355 4638 517 4695 τικὸν
565 4638 718 4710 παρά
770 4638 906 4693 Θεοῦ
945 4641 1140 4696 κεῖται.
1169 4640 1260 4693 Διὸ
1295 4645 1401 4711 χρὴ
1438 4643 1500 4695 τὸ
1557 4643 1657 4713 μὲν
1707 4642 1932 4698 νοοῦντα

359 4727 609 4803 φεύγειν,
642 4730 703 4784 τὸ
727 4729 786 4783 δὲ
810 4730 885 4802 μὴ
911 4730 1289 4803 λοιδορεῖσθαι,
1319 4733 1632 4802 ἀναγκαίως
1665 4736 1803 4807 πρὸς
1834 4735 1930 4790 τοῦ

363 4820 709 4896 Δημιουργοῦ
735 4822 1007 4893 κείμενον.

2037 3274 2202 3345 igitur
2229 3280 2333 3336 est,
2378 3274 2472 3345 qui
2504 3282 2730 3327 naturas
2774 3270 3073 3326 fabricatus
3110 3280 3234 3338 est;
3276 3270 3392 3341 ipse
3417 3278 3603 3324 autem

2037 3366 2172 3421 liber
2200 3372 2288 3421 est
2314 3380 2346 3419 a
2379 3364 2707 3420 necessitate
2750 3372 2957 3417 naturae
2986 3380 3001 3417 :
3028 3362 3108 3416 sic
3148 3362 3293 3417 enim
3322 3375 3453 3416 vere
3498 3360 3598 3415 bo.-

2037 3466 2166 3505 num
2195 3465 2318 3507 esse
2356 3449 2757 3505 conﬁtebimur.

2106 3542 2271 3614 Igitur
2292 3558 2359 3599 ex
2386 3544 2454 3598 iis
2484 3556 2604 3613 quae
2621 3541 2765 3596 dicta
2794 3548 2942 3609 sunt,
2959 3538 3164 3612 pateﬁt,
3183 3554 3280 3610 per
3292 3554 3352 3595 se
3367 3541 3595 3597 menda-

2035 3634 2178 3688 cium
2205 3648 2312 3689 non
2339 3647 2493 3698 esse;
2518 3632 2833 3688 mendacem
2859 3646 2989 3687 vero
3008 3645 3130 3688 esse
3156 3645 3280 3686 eum
3314 3629 3410 3701 qui
3450 3645 3598 3687 men-

2036 3726 2202 3793 titur;
2234 3740 2266 3780 a
2291 3725 2585 3781 mentiente
2623 3724 2766 3778 enim
2791 3728 3019 3778 vocatur
3063 3721 3407 3778 mendacium
3435 3738 3451 3789 ;
3486 3737 3596 3777 non

2037 3825 2214 3870 autem
2246 3815 2511 3871 mentiens
2541 3821 2765 3868 vocatur
2787 3813 2857 3868 ab
2877 3829 2963 3876 eo,
2985 3813 3130 3884 quod
3172 3828 3282 3867 non
3303 3819 3408 3869 est.
3451 3812 3599 3868 blen-

2036 3907 2252 3962 dacium
2280 3907 2424 3962 enim
2452 3921 2562 3961 non
2591 3913 2772 3977 potest
2811 3920 2934 3962 esse
2965 3916 3254 3976 antequam
3289 3905 3594 3975 cogitetur:

2036 3997 2287 4054 similiter
2315 3997 2552 4054 tenebras
2591 4011 2700 4052 non
2730 4004 2863 4053 sunt
2908 4004 3124 4062 creatte,
3156 3996 3250 4051 sed
3284 3995 3593 4058 subierunt,

2039 4087 2195 4143 facta:
2228 4087 2422 4143 umbra
2457 4086 2697 4142 universi
2726 4106 2738 4140 :
2776 4094 3133 4158 praeterquam
3168 4084 3313 4155 quod
3358 4087 3598 4141 tenebra:

2035 4194 2144 4233 non
2170 4179 2346 4234 solum
2392 4177 2578 4233 subire
2619 4177 2901 4246 permissa:
2941 4184 3093 4239 sunt,
3123 4174 3217 4230 sed
3247 4176 3401 4230 valde
3430 4177 3596 4231 etiam

2035 4269 2258 4325 utiliter.
2287 4267 2552 4340 Cogitatio
2578 4282 2707 4322 vero
2747 4266 3013 4322 mendacii
3044 4265 3364 4321 electionem
3396 4266 3596 4322 verita-

2034 4359 2106 4413 tis
2130 4357 2270 4427 apud
2315 4356 2564 4411 homines
2597 4355 2861 4410 declarat.
2905 4352 3041 4408 Cum
3083 4368 3213 4410 vero
3248 4355 3597 4425 anteponitur

2035 4448 2250 4505 veritati
2276 4447 2640 4509 mendacium,
2662 4446 3110 4501 nocentissimum
3131 4455 3235 4511 est,
3260 4445 3421 4516 idque
3443 4445 3597 4502 valde

2035 4549 2433 4607 consentanea;
2465 4538 2806 4594 mendacium
2837 4538 2980 4593 enim
3002 4537 3069 4591 ab
3095 4536 3405 4593 hominibus
3433 4551 3596 4592 exeo-

2035 4631 2262 4703 gitatum
2299 4636 2404 4691 est,
2446 4628 2684 4684 teuebra:
2730 4640 2859 4681 vero
2897 4640 3172 4697 corporea:
3210 4641 3240 4680 a
3275 4625 3384 4682 Deo
3407 4625 3597 4697 positae

2036 4730 2185 4780 sunt.
2206 4720 2417 4777 Idcirco
2436 4727 2653 4792 oportet
2684 4718 2825 4775 illud
2849 4719 3066 4789 quidem
3096 4718 3310 4789 iugere;
3341 4718 3445 4773 hoc
3469 4732 3608 4773 vern-

2037 4830 2150 4872 non
2192 4813 2528 4883 vituperare,
2563 4809 2709 4881 quod
2750 4809 3063 4865 necessario
3098 4825 3129 4863 a
3153 4810 3412 4866 Creatore
3448 4810 3598 4881 posi-

2038 4916 2150 4962 tum
2183 4914 2284 4960 est.

1058 5021 1188 5077 Car.
1223 5021 1340 5078 XX.
1381 5022 1611 5077 Heneti:
1649 5025 1900 5091 stultitia,
1936 5023 2174 5094 negantis
2213 5018 2354 5080 feras
2384 5034 2417 5072 a
2444 5015 2555 5071 Deo
2583 5016 2748 5085 fuisse
2774 5025 3001 5071 creatas.

438 5161 767 5231 Λοιδορεῖται
807 5158 904 5227 μὲν
948 5157 1009 5210 ού
1048 5155 1205 5210 τοῦτο
1232 5160 1391 5227 μόνον
1430 5159 1460 5211 ό
1485 5158 1583 5222 τῆς
1613 5157 1928 5229 κενωτάτης

367 5251 504 5305 κατά
529 5250 660 5305 Θεοῦ
685 5250 1033 5323 βλασφημίας
1064 5250 1316 5322 εὑρετὴς,
1340 5249 1477 5303 ἀλλά
1502 5251 1597 5303 καὶ
1630 5249 1788 5315 ζώοις
1817 5253 1927 5314 τοῖς

365 5340 560 5411 ἀγρίαν
585 5340 746 5411 φύσιν
788 5341 938 5412 παρά
960 5340 1054 5394 τοῦ
1086 5339 1429 5413 Δημιουργοῦ
1467 5340 1709 5412 λαχοῦσι,
1741 5341 1930 5412 σαφῶς

363 5430 520 5502 δίκην
547 5431 740 5502 ἐχθροῦ
774 5429 848 5485 τά
876 5431 1053 5486 πάντα
1080 5430 1347 5499 φιλαιτίου
1370 5432 1511 5485 κατὰ
1538 5432 1646 5485 τῶν
1671 5431 1929 5504 δημιουρ-

361 5524 623 5595 γημάτων
655 5524 988 5598 κινούμενος.
1035 5521 1272 5591 Ἐλέγξει
1312 5522 1368 5575 δέ
1415 5524 1444 5576 ὁ
1472 5521 1626 5591 λόγος
1656 5522 1761 5575 τοῦ,
1781 5523 1924 5575 ἀπα-

361 5611 562 5677 τεῶνος
591 5614 691 5684 τὴν
720 5613 912 5684 ἄλογον
945 5614 1039 5668 καὶ
1067 5616 1124 5667 ἐν
1149 5612 1358 5676 τούτοις
1380 5613 1752 5685 βλασφημίαν.

431 5787 607 5863 Θηρία
639 5773 749 5863 γάρ
782 5790 995 5845 ἅπαντα
1036 5788 1340 5861 τετράποδά
1374 5804 1433 5842 τε
1471 5787 1563 5843 καὶ
1595 5786 1798 5859 ἐρπετά
1828 5804 1927 5840 κα-

2108 5151 2390 5220 Vituperat
2444 5155 2623 5204 autem
2681 5163 2789 5203 non
2836 5149 2937 5204 has
2981 5149 3156 5204 solum
3202 5149 3306 5204 iste
3338 5149 3594 5206 inauditae

2030 5253 2224 5301 contra
2267 5242 2431 5296 Deum
2466 5240 2817 5310 blasphemia:
2845 5241 3131 5307 inventor;
3158 5239 3252 5295 sed
3285 5240 3450 5295 etiam
3475 5242 3587 5295 ani-

2031 5342 2263 5397 mantes,
2288 5346 2409 5401 qua:
2453 5339 2701 5385 naturam
2732 5344 2926 5386 saevam
2970 5331 3173 5385 sortitae
3202 5339 3332 5386 sunt
3367 5345 3398 5384 a
3424 5329 3594 5387 Crea-

2031 5436 2186 5493 tore;
2217 5438 2368 5479 more
2397 5421 2601 5477 inimici
2630 5423 2726 5492 qui
2761 5422 2942 5477 omnia
2968 5436 3259 5487 accusans,
3292 5421 3348 5480 in
3375 5430 3592 5479 creatu-

2028 5531 2121 5572 ras
2158 5514 2250 5570 Dei
2297 5514 2594 5569 invehitur.
2645 5510 2751 5568 Sed
2796 5513 3185 5582 blasphemiam
3219 5520 3490 5568 amentem
3534 5523 3592 5571 et

2028 5607 2317 5663 vecordem
2349 5607 2517 5663 istius
2550 5606 2857 5677 deceptoris
2897 5608 2953 5661 in
2998 5606 3312 5676 hujusmodi
3344 5607 3593 5666 animan-

2034 5699 2183 5755 tibus
2211 5714 2392 5754 sermo
2424 5710 2602 5755 nostet
2638 5699 2946 5770 redarguet.

2106 5787 2312 5846 Omnes
2365 5791 2507 5846 enim
2547 5788 2692 5848 feras
2737 5805 2803 5846 ac
2842 5789 3068 5856 bestias,
3116 5789 3495 5863 quadrupedes
3524 5799 3593 5845 ae
