4100 6416
438 355 570 411 Η73

1581 371 1715 427 TITI
1757 374 2182 434 BOSTRENSES
2212 382 2513 440 EPISCOPI

3528 402 3668 457 H76

431 480 708 542 serpentes
735 489 858 530 cum
886 477 1181 549 vituperat,
1223 482 1444 553 perinde
1474 487 1604 542 mihi
1636 488 1816 546 facere
1848 493 1999 548 vide-

2103 495 2288 562 κίζων,
2346 501 2724 572 παραπλήσιόν
2760 521 2811 556 τι
2859 506 3085 576 πάσχειν
3127 526 3215 579 μοι
3265 511 3429 573 δοκεῖ,
3477 512 3665 588 ὥσπερ

429 576 538 628 tur,
574 575 632 620 ut
669 570 714 623 si
738 569 862 639 quis
891 587 1084 629 servus
1120 573 1336 633 deditus
1359 584 1596 647 peccatis
1621 591 1676 637 et
1704 584 1995 654 improbis-

430 658 624 722 simus,
666 660 770 713 alia
814 663 1034 731 quidem
1082 666 1290 722 domini
1324 679 1378 724 et
1407 674 1648 728 auctoris
1674 676 1759 729 sui
1800 692 1997 746 appro-

430 745 538 809 bet,
572 747 700 802 odio
730 758 909 805 autem
933 754 1130 808 habeat
1157 766 1210 811 et
1246 759 1568 815 criminetur
1610 745 1876 833 flagellum
1908 781 1998 820 so—

429 837 536 888 lum
573 839 718 906 quod
747 850 1006 911 apparet;
1053 844 1144 909 qui
1182 845 1301 915 ipso
1330 849 1550 916 quidem
1580 852 1707 905 odio
1738 854 1994 917 ostendit,

424 943 590 994 quam
636 934 1012 986 necessarium
1073 936 1144 990 sit
1187 936 1457 1007 flagellum
1492 944 1801 1011 appositum
1839 964 1850 999 :
1896 947 1994 1001 ho-

424 1019 601 1075 mines
633 1023 775 1076 enim
803 1024 990 1081 faciles
1018 1039 1072 1081 et
1098 1030 1271 1097 parati
1313 1030 1381 1083 ad
1413 1034 1733 1103 capiendam
1766 1038 1995 1093 oblivio-

424 1129 547 1166 nem
597 1126 787 1169 contra
842 1115 1034 1185 Deum,
1090 1122 1136 1175 si
1177 1123 1313 1176 nihil
1362 1123 1627 1180 haberent
1689 1130 1744 1181 in
1792 1130 1995 1185 fabrica

428 1207 615 1261 mundi
649 1207 795 1277 quod
826 1210 1046 1281 dignum
1076 1228 1197 1267 esse
1234 1221 1379 1269 metu
1425 1228 1731 1286 appareret,
1761 1222 1996 1291 amplius

429 1299 649 1365 quidem
680 1302 1038 1369 procederent
1060 1304 1243 1358 animo
1274 1314 1328 1360 et
1356 1308 1634 1365 voluntate
1667 1320 1860 1365 contra
1890 1313 1996 1368 De-

422 1405 551 1450 um;
594 1393 835 1446 accusati
877 1408 1007 1448 vero
1046 1403 1234 1451 essent
1275 1413 1385 1452 non
1413 1408 1583 1459 recte.
1619 1411 1805 1471 utpote
1847 1405 1996 1459 nulla

423 1496 483 1532 re
512 1496 700 1536 earum
734 1499 854 1552 quae
886 1496 1152 1554 apparent
1194 1489 1438 1545 excitati.
1486 1491 1599 1546 Etsi
1629 1494 1772 1546 enim
1800 1502 1995 1550 natura

422 1571 565 1625 inest
605 1573 763 1629 nobis
804 1574 1027 1631 libertas
1059 1579 1124 1632 ad
1157 1580 1465 1649 eligendum
1495 1582 1641 1652 quod
1674 1586 1868 1641 melius
1889 1596 1991 1651 est,

421 1672 605 1718 tamen
634 1673 858 1736 propter
888 1668 1161 1738 ignaviam
1209 1670 1370 1727 facile
1408 1674 1465 1727 in
1495 1675 1823 1732 oblivionem
1858 1678 1995 1731 inci-

420 1754 623 1811 (limus.
656 1756 823 1812 Multa
856 1759 1019 1830 igitur
1047 1771 1177 1815 sunt
1215 1779 1335 1833 quae
1360 1768 1672 1823 necessario
1704 1769 1988 1839 cogitatio-

2100 587 2164 639 ἂν
2201 588 2254 640 εἰ
2296 606 2379 653 τις
2409 590 2845 665 φιλαμαρτήμων
2886 595 3072 660 δοῦλος
3110 600 3204 651 καὶ
3241 598 3363 654 λίαν
3410 587 3663 674 πονηρὸς,

2096 679 2165 730 τὰ
2201 679 2299 750 μὲν
2337 681 2470 735 ἄλλα
2511 683 2605 736 τοῦ
2648 684 2903 739 δεσπότου
2937 688 3100 741 αὑτοῦ
3141 690 3496 745 ἀκαταιτίατα
3528 696 3667 748 ἁπο-

2100 770 2322 841 δέχοιτο,
2367 775 2549 845 μισοίη
2591 775 2646 828 δὲ
2692 779 2785 830 καὶ
2817 778 3088 833 διαϐάλλοι
3137 782 3376 852 μάστιγά
3419 801 3520 837 που
3567 788 3664 839 καὶ

2102 864 2260 933 μόνον
2308 868 2669 938 φαινομένην·
2716 869 2865 940 αὐτῷ
2910 889 2973 941 γε
3020 872 3097 943 τῷ
3142 878 3315 944 μισεῖν
3356 878 3384 929 ὁ
3425 877 3664 941 τοιοῦτος

2096 954 2328 1018 δεικνὺς,
2371 956 2447 1020 ὠς
2480 958 2776 1027 ἀναγκαῖον
2819 960 2879 1013 τὸ
2918 963 3347 1033 παρακείμενον*
3387 966 3661 1037 ἄνθρωποι

2095 1044 2227 1116 γὰρ,
2280 1046 2418 1118 πρὸς
2467 1048 2567 1120 τὴν
2600 1051 2741 1104 κατά
2783 1050 2918 1104 Θεοῦ
2961 1052 3127 1124 λήθην
3159 1055 3435 1125 πρόχειροι
3456 1057 3662 1126 τυγχά-

2096 1155 2310 1202 νοντες,
2354 1140 2405 1192 εἰ
2463 1140 2628 1211 μηδὲν
2669 1141 2817 1207 ἄξιον
2858 1143 3011 1206 δέους
3054 1144 3373 1215 φαινόμενον
3414 1143 3559 1217 εἶχον
3603 1148 3664 1201 ἐν

2096 1229 2462 1301 δημιουργίᾳ,
2512 1231 2673 1284 πλέον
2726 1233 2823 1303 μὲν
2876 1232 2942 1286 ἂν
2982 1232 3357 1305 ἐχωρίσθησαν
3409 1238 3663 1308 προθέσει

2095 1321 2193 1375 τοῦ
2235 1323 2392 1389 Θεοῦ,
2446 1324 2743 1396 ᾐτιάθησαν
2782 1326 2839 1379 δὲ
2888 1326 2988 1380 οὐκ
3023 1327 3290 1395 εὐλόγως,
3327 1328 3423 1382 ἆτε
3469 1327 3531 1399 δὴ
3573 1328 3664 1383 διὰ

2098 1415 2323 1486 μηδενὸς
2354 1415 2463 1469 τῶν
2520 1418 2857 1489 φαινομένων
2908 1418 3313 1490 διεγειρόμενοι.
3354 1421 3418 1473 Εἰ
3458 1419 3566 1492 γὰρ
3594 1420 3660 1492 δὴ

2095 1509 2190 1560 καὶ
2220 1506 2512 1578 πρόσεστιν
2537 1510 2667 1578 ἡμῖν
2696 1508 2853 1577 φύσει
2885 1509 2947 1562 τὸ
2964 1509 3267 1580 ἐλευθέριον
3297 1510 3432 1583 πρὸς
3452 1510 3664 1583 αἵρεσιν

2093 1597 2188 1651 τοῦ
2221 1598 2562 1669 κρείττονος,
2605 1598 2742 1654 ἀλλά
2769 1617 2832 1668 γε
2882 1599 2970 1653 διὰ
3018 1600 3300 1671 ῥᾳστώνης
3338 1601 3535 1673 ῥᾳδίως
3580 1605 3662 1666 εἰς

2094 1689 2264 1759 λήθην
2306 1689 2671 1761 ἐμπίπτομεν.
2710 1691 2887 1745 Πολλά
2930 1691 3110 1745 τοίνυν
3161 1693 3308 1746 ἐστὶν
3350 1693 3660 1761 ἀναγκαίως

2095 1779 2163 1831 τὰ
2196 1779 2529 1851 διεγείροντα
2556 1780 2631 1850 τῷ
2662 1780 2769 1835 δέει
2816 1783 2951 1852 πρὸς
2985 1782 3075 1837 τὸν
3106 1783 3238 1838 Θεὸν
3271 1782 3367 1836 τὸν
3393 1783 3659 1856 ἡμέτερον

419 1862 545 1901 nem
575 1856 821 1903 nostram
859 1852 928 1904 ad
971 1851 1141 1908 Deum
1174 1854 1371 1910 timore
1401 1858 1673 1913 excitant:
1706 1861 1848 1915 sicut
1874 1878 1993 1915 rur-

2094 1834 2384 1943 λογισμόνἰ
2411 1834 2772 1942 ὥσπερμῦθις
2795 1834 3084 1946 πάμπολλα
3109 1876 3175 1930 τὰ
3197 1834 3457 1931 κινοῦντέ
3471 1834 3664 1930 τοῦτον

420 1952 518 1993 sus
556 1939 812 2007 plurima,
848 1935 969 2011 qua:
1012 1943 1153 1999 hanc
1181 1946 1570 2016 cogitationem
1603 1965 1700 2018 per
1749 1951 1999 2023 benigni-

421 2036 609 2092 tatem,
641 2038 696 2085 et
733 2032 892 2088 bonis
947 2033 1163 2089 fruendi
1213 2036 1425 2107 c0piam
1472 2045 1526 2092 et
1574 2037 1884 2095 facultatem
1928 2043 1995 2097 ad

422 2120 661 2189 agendas
705 2122 910 2190 gratias
955 2121 1203 2178 Creatori
1253 2133 1516 2180 movent:
1562 2127 1807 2196 utrisque
1849 2129 1995 2182 enim

419 2211 723 2275 erudimur,
751 2224 803 2267 et
836 2214 1177 2270 instituimur
1210 2217 1275 2272 iis
1297 2218 1496 2287 quibus
1547 2226 1808 2288 tanquam
1837 2220 1995 2278 bonis

420 2300 673 2360 fruimur.
701 2310 756 2357 et
780 2303 849 2357 iis
879 2304 1078 2372 quibus
1109 2312 1364 2375 tanquam
1404 2304 1755 2361 horribilibus
1786 2317 1841 2362 et
1871 2323 1995 2377 per-

421 2393 766 2447 tknescendis
793 2394 1185 2453 convertimur.

2092 1962 2180 2016 διὰ
2204 1963 2565 2035 χρηστότητος
2594 1965 2687 2019 καὶ
2715 1965 3065 2031 ἀπολαύσεως
3089 1965 3307 2035 ἀγαθῶν
3336 1968 3415 2029 εἰς
3438 1966 3660 2037 χάριτος

2092 2055 2379 2124 ὁμολογίαν
2418 2055 2512 2108 τοῦ
2547 2057 2889 2129 Δημιουργοῦ
2912 2075 2925 2086 ’
2976 2059 3256 2130 ἑκατέροις
3288 2058 3397 2131 γὰρ
3425 2060 3661 2112 ἀποπαι-

2091 2145 2507 2217 δαγωγούμεθα,
2536 2142 2647 2212 οἷός
2675 2166 2735 2201 τε
2767 2150 2842 2212 ὡς
2871 2150 3040 2221 ἡδέων
3067 2149 3431 2221 ἀπολαύομεν,
3456 2150 3550 2203 καὶ
3575 2147 3662 2211 οἷς

2089 2235 2165 2301 ὡς
2197 2235 2283 2289 διὰ
2318 2236 2563 2308 φοϐερῶν
2604 2240 3058 2312 ὲπιστρεφόμεθα.

1238 2509 1368 2565 (ΖΜ).
1410 2510 1552 2566 XXI.
1598 2511 1769 2567 Nulla
1797 2514 2006 2568 malitia
2043 2515 2157 2570 sine
2192 2518 2484 2587 cognitione
2510 2527 2560 2572 et
2589 2518 2847 2574 libertate.

487 2624 642 2691 Quod
676 2625 840 2696 igitur
864 2642 1065 2682 Stevum
1097 2635 1181 2682 est
1211 2635 1427 2689 natura,
1459 2628 1724 2684 horribile
1756 2639 1858 2693 est,
1890 2631 1986 2686 sed

417 2733 524 2770 non
556 2717 793 2783 malum;
828 2718 1034 2773 malitia
1064 2718 1207 2772 enim
1247 2726 1301 2771 et
1329 2719 1570 2786 nequitia
1606 2718 1816 2775 affectio
1839 2723 1987 2790 cogi-

416 2809 643 2863 tationis
677 2817 826 2864 sunt.
873 2808 1160 2879 Appetitus
1184 2817 1364 2863 autem
1396 2810 1662 2864 naturalis
1685 2812 1765 2865 sic
1791 2812 1984 2875 factus,

417 2903 484 2954 ab
512 2901 661 2954 omni
684 2902 843 2971 culpa
872 2909 926 2956 et
956 2901 1186 2955 crimine
1215 2903 1481 2957 liberatus
1503 2912 1608 2958 est.
1640 2902 1781 2957 Deus
1804 2913 1982 2957 autem

2161 2631 2393 2703 Φοὸερὸν
2420 2633 2597 2685 τοίνυν
2629 2632 2690 2685 τὸ
2723 2634 2912 2703 ἄγριον
2939 2632 3079 2685 κατὰ
3101 2631 3279 2701 φύσιν,
3303 2632 3361 2685 οὐ
3387 2630 3621 2703 πονηρόν
3639 2646 3658 2660 '

2093 2724 2328 2795 πονηρία
2365 2722 2473 2795 γὰρ
2508 2725 2601 2778 καὶ
2646 2725 2817 2777 κακία
2864 2723 3125 2794 λογισμοῦ
3170 2723 3372 2787 πάθος·
3418 2723 3563 2794 ὁρμὴ
3598 2722 3656 2774 δὲ

2094 2814 2294 2886 φυσικὴ
2327 2814 2470 2867 οὕτω
2516 2815 2998 2886 κατεσκευασμένη
3042 2814 3221 2887 πάσης
3265 2814 3443 2878 αἰτίας
3478 2813 3657 2884 ἀπήλ-

2092 2905 2307 2960 λακται.
2343 2905 2475 2968 Θεὸς
2511 2905 2589 2970 δὲ,
2632 2907 2941 2978 φειδόμενος
2973 2904 3305 2977 ἀνθρώπων,
3340 2920 3655 2976 πεποίηκεν,

417 2991 788 3047 misericordia
824 3007 952 3063 erga
1000 2993 1247 3048 homines
1294 3001 1514 3058 motus,
1566 2993 1716 3057 fecit,
1749 3004 1808 3049 ut
1842 3005 1985 3050 metu

2092 2998 2180 3052 ἵνα
2202 2998 2278 3069 τῷ
2303 3000 2411 3053 δέει
2434 2999 2543 3052 τῶν
2572 3000 2779 3068 ἀλόγων
2807 2999 2866 3052 τὸ
2898 2999 3109 3069 λογικὸν
3133 3001 3228 3071 τῆς
3256 2997 3658 3066 καλοκαγαθίας

415 3095 470 3138 (ιι
500 3086 726 3141 horrore
752 3086 1049 3141 bestiarum
1072 3088 1281 3143 ratione
1307 3090 1629 3149 carentium,
1661 3088 1985 3158 probitatem

415 3196 536 3248 quae
570 3180 637 3234 ad
669 3190 873 3249 partem
921 3182 1153 3237 rationis
1202 3189 1508 3249 compotem
1551 3183 1805 3251 pertinet,
1849 3196 1983 3235 con-

417 3281 754 3326 sectaremur
783 3292 794 3326 :
828 3284 881 3326 et
906 3273 1042 3326 nihil
1080 3274 1132 3327 in
1164 3273 1478 3343 hujusmodi
1514 3273 1707 3328 bestiis
1751 3288 1814 3326 ac
1855 3271 1984 3329 feris

417 3362 654 3429 malum;
689 3364 833 3434 quod
864 3364 1007 3419 enim
1043 3380 1150 3418 non
1194 3366 1345 3419 novit
1374 3365 1518 3434 quod
1559 3372 1663 3429 est,
1712 3366 1985 3435 quomodo

416 3456 617 3509 malum
661 3456 782 3510 est?
837 3463 898 3510 ut
932 3457 1045 3525 jam
1093 3472 1204 3511 non
1245 3459 1426 3511 minus
1470 3457 1549 3512 sic
1597 3458 1979 3529 redarguatur,

416 3545 559 3614 quod
594 3543 924 3600 Manichacus
959 3546 1124 3600 tradit
1149 3545 1219 3601 de
1250 3546 1517 3616 nequitia,
1557 3561 1720 3617 quam
1750 3548 1905 3601 finxit
1933 3556 1988 3602 et

414 3636 719 3706 ingenitum
751 3636 1081 3706 principium
1131 3645 1294 3690 vocat
1327 3654 1341 3691 :
1390 3652 1502 3690 non
1542 3636 1688 3693 enim
1719 3637 1910 3691 tribuit
1936 3641 1986 3692 ei

413 3727 792 3795 cogitationem
834 3733 888 3781 et
926 3727 1289 3795 cognitionem
1333 3727 1605 3797 nequitiae,
1648 3744 1718 3784 ne
1752 3729 1797 3783 si
1829 3744 1987 3799 repe-

414 3819 591 3872 riatur
619 3818 820 3873 habere
865 3834 1084 3874 sensum
1130 3818 1282 3882 boni,
1329 3818 1432 3873 hac
1463 3820 1672 3875 ratione
1700 3829 1979 3891 appareat,

412 3924 522 3963 non
549 3924 671 3965 esse
703 3909 977 3979 nequitia:
1018 3910 1257 3979 cognitio
1281 3912 1425 3965 enim
1450 3912 1575 3965 boni
1605 3912 1979 3966 testimonium

410 4010 496 4055 est
526 4008 734 4055 naturae
758 4017 867 4055 non
900 4001 1073 4056 malae.
1106 4001 1436 4057 Manicharus
1467 4018 1617 4067 vero,
1648 4018 1770 4057 cum
1797 4004 1983 4074 nequi—

2096 3091 2547 3162 μεταδιώξωμεν
2585 3091 2677 3146 καὶ
2711 3090 2878 3144 κακὸν
2919 3091 2976 3142 ὲν
3022 3088 3230 3152 τούτοις
3271 3088 3450 3142 οὐδέν’
3486 3088 3514 3139 ὃ
3546 3086 3656 3156 γὰρ

2094 3185 2167 3255 μὴ
2198 3179 2338 3236 οἶδεν
2369 3184 2449 3235 ὅτι
2501 3182 2668 3245 ἐστὶν,
2698 3182 2812 3245 πῶς
2854 3182 3018 3236 κακόν
3056 3183 3234 3245 ἐστιν;
3263 3180 3338 3243 ὡς
3366 3182 3464 3250 οὐχ
3494 3175 3656 3251 ἦττον

2090 3272 2183 3325 καὶ
2219 3271 2398 3335 οὕτως
2423 3271 2501 3342 τῷ
2530 3273 2763 3327 Μάνεντι
2787 3272 2878 3326 καὶ
2907 3275 2935 3325 ὁ
2963 3273 3092 3343 περὶ
3114 3271 3211 3341 τῆς
3235 3272 3431 3335 κακίας
3464 3270 3653 3341 αὐτῆς,

2086 3365 2155 3436 ἣν
2191 3364 2535 3435 πλασάμενος
2562 3365 2733 3438 ἀρχὴν
2767 3365 3058 3434 ἀγέννητον
3083 3364 3253 3429 καλεῖ,
3274 3364 3429 3432 λόγος
3450 3363 3654 3443 διελέγ-

2087 3473 2271 3527 χεταισ
2326 3457 2584 3527 λογισμὸν
2618 3458 2716 3527 μὲν
2756 3457 2865 3528 γὰρ
2915 3458 3049 3528 αὐτῇ
3087 3458 3182 3511 καὶ
3225 3454 3425 3524 γνῶσιν
3459 3453 3657 3518 κακίας

2093 3549 2155 3602 οὐ
2188 3549 2422 3614 δίδωσιν,
2451 3550 2538 3602 ἵνα
2570 3550 2643 3620 μὴ
2674 3550 2767 3602 καὶ
2796 3549 3033 3617 τάγαθοῦ
3064 3549 3162 3621 τὴν
3188 3547 3436 3618 αἴσθησιν
3461 3546 3657 3616 ἔχουσα

2090 3657 2154 3709 γε
2199 3639 2426 3712 εὑρεθῇο
2462 3639 2603 3693 οὕτω
2644 3640 2752 3712 γὰρ
2795 3639 3135 3709 ἀποδειχθείη
3172 3638 3246 3709 μὴ
3286 3635 3418 3692 οὖσα
3459 3638 3652 3691 κακίαο

2089 3728 2289 3797 γνῶσις
2345 3728 2452 3800 γὰρ
2488 3728 2692 3798 ἀγαθοῦ
2755 3730 3030 3800 μαρτυρία
3077 3729 3294 3796 φύσεως
3342 3729 3401 3781 οὐ
3445 3728 3657 3797 κακῆς’

2090 3821 2372 3889 ἀλόγιστον
2405 3822 2462 3874 δὲ
2492 3821 2588 3875 καὶ
2616 3818 2869 3889 γνώσεως
2894 3820 3097 3891 ἔρημον
3126 3819 3293 3890 αὐτὴν
3316 3816 3654 3890 ὁριζόμενος,

2086 3914 2178 3968 τοῦ
2225 3915 2363 3986 ὅπερ
2419 3916 2534 3967 ἐστὶ
2586 3914 2681 3968 καὶ
2708 3914 2845 3985 αὐτὴ
2878 3914 2983 3985 τὴν
3029 3911 3230 3981 γνῶσιν
3284 3912 3453 3983 αὐτὴν
3495 3912 3657 3979 ἀφαι-

2091 4022 2286 4075 ρειται.

411 4093 541 4146 tiam
591 4095 780 4148 statuit
836 4094 1045 4148 ratione
1118 4107 1326 4158 carere,
1372 4098 1425 4149 et
1464 4095 1773 4166 cognitione
1826 4096 2093 4166 privatam
2148 4112 2291 4163 esse,
2331 4111 2449 4150 eam
2495 4097 2658 4151 etiam
2698 4097 2877 4164 privat
2931 4094 3249 4165 cognitione
3305 4094 3446 4165 ejus,
3510 4091 3655 4161 quod

410 4187 528 4256 ipsa
557 4194 661 4242 est.

481 4279 539 4336 Si
575 4282 719 4336 enim
743 4282 941 4336 sentiat
967 4287 1021 4334 et
1049 4287 1359 4352 cognoscat,
1386 4279 1532 4350 quod
1563 4280 1702 4334 mala
1733 4288 1836 4342 est,
1863 4294 1981 4335 sen-

407 4374 505 4428 tiet
550 4371 771 4426 omnino
805 4372 1138 4424 contrarium
1189 4370 1425 4426 evadens
1482 4369 1645 4425 bona.
1695 4367 1975 4438 Siquidem

2157 4276 2220 4329 Εἰ
2248 4274 2356 4346 γὰρ
2391 4272 2644 4343 αἴσθηται
2675 4272 2769 4325 καὶ
2793 4269 2906 4340 γνῷ
2941 4271 3310 4342 κακυνομένη,
3333 4271 3652 4341 αἰσθησεται

2087 4368 2304 4431 πάντως
2348 4366 2441 4419 τοῦ
2500 4365 2743 4419 ἐναντίου
2795 4362 3203 4435 ἀγαθυνομένηο
3262 4365 3509 4435 φωρᾶται
3548 4365 3659 4434 γὰρ

407 4464 611 4519 malum
653 4463 866 4517 ratione
907 4461 1331 4531 deprehenditur
1386 4478 1551 4517 sensu
1603 4468 1659 4515 et
1694 4475 1981 4529 compara-

2089 4457 2331 4529 λογισμῷ
2360 4457 2421 4509 τὺ
2471 4456 2641 4510 κακὸν
2690 4459 2756 4527 τῇ
2791 4454 3073 4525 αἰσθήσει,
3120 4455 3214 4509 καὶ
3258 4459 3323 4527 τῇ
3354 4455 3653 4527 παραθέσει

409 4562 556 4612 tione
591 4556 716 4611 boni
754 4562 850 4610 :ut
881 4555 927 4611 si
966 4556 1316 4610 manifestum
1381 4555 1453 4608 sit
1497 4553 1721 4616 malum,
1764 4561 1982 4605 contra-

409 4648 548 4699 rium
570 4661 788 4716 quoque
807 4646 877 4699 sit
898 4645 1244 4699 manifestum
1267 4662 1280 4710 ;
1302 4658 1461 4697 omne
1473 4643 1617 4697 enim
1642 4642 1978 4696 contrarium

407 4739 655 4812 probatio
693 4749 746 4793 et
779 4738 938 4792 index
972 4746 1057 4793 est
1101 4736 1389 4800 contrarii,
1445 4735 1754 4805 cognitione
1799 4743 1977 4787 tamen

404 4840 461 4886 ct
494 4831 723 4900 judicio.
755 4831 885 4885 Sine
927 4831 1240 4900 cognitione
1275 4829 1419 4883 enim
1451 4836 1705 4882 neutrum
1737 4835 1821 4881 est
1847 4826 1997 4880 alte-‘

404 4924 521 4978 rius
550 4923 841 4993 judicatio.
877 4922 932 4977 Si
965 4923 1127 4993 igitur
1159 4920 1401 4990 nequitia
1442 4936 1501 4975 se
1534 4920 1706 4990 ipsam
1739 4919 1976 4990 ignorat,

401 5022 456 5070 et
491 5014 825 5086 cogitatione
864 5031 973 5068 non
1003 5014 1231 5082 suscipit
1259 5013 1483 5075 malum,
1514 5027 1625 5065 non
1657 5012 1760 5066 erit
1783 5011 1978 5080 nequi-

404 5107 515 5174 tia;
547 5106 753 5162 frustra
784 5117 837 5160 et
865 5121 1005 5161 vane
1045 5104 1399 5159 accusabitur
1426 5122 1439 5169 ;
1468 5104 1713 5174 nequitia
1745 5103 1885 5157 enim
1913 5103 1977 5157 li-

404 5196 532 5249 bera
564 5211 592 5248 a
625 5197 837 5251 ratione
897 5194 1090 5251 similis
1132 5203 1212 5251 est
1254 5194 1586 5265 phrenetico,
1640 5193 1693 5247 id
1734 5206 1839 5253 cst,
1894 5191 1977 5243 fn-

403 5290 553 5343 rioso
578 5289 629 5343 in
660 5288 810 5344 febre
844 5296 940 5341 aut
977 5290 1030 5341 in
1060 5288 1165 5341 alio
1196 5304 1325 5343 casu
1352 5306 1365 5355 ;
1392 5288 1483 5357 qui
1516 5287 1658 5357 quod
1690 5285 1839 5348 facit,
1882 5300 1977 5337 ne-

402 5379 525 5441 scit,
572 5380 660 5433 cui
704 5396 896 5434 omnes
920 5381 1203 5451 ignoscere
1251 5380 1658 5444 consuevimus,
1699 5392 1762 5430 ac
1802 5375 1975 5445 magis

400 5469 619 5539 quidem
652 5472 715 5525 ad
756 5474 959 5526 luctum
996 5472 1285 5536 ﬂectimur,
1318 5487 1349 5526 a
1383 5473 1626 5540 nequitia
1677 5485 1799 5523 eum
1844 5470 1976 5522 libe-

400 5570 625 5627 rautes;
657 5581 778 5619 cum
805 5566 923 5619 sine
954 5581 1119 5620 causa
1147 5565 1400 5634 percutit,
1437 5575 1531 5617 aut
1558 5563 1721 5618 etiam
1753 5561 1971 5623 occidit,

399 5652 450 5707 si
479 5652 715 5722 gladium
737 5657 986 5725 reperiat.
1028 5655 1118 5711 Sic
1141 5657 1396 5711 omnibus
1423 5657 1526 5709 hoc
1557 5654 1847 5709 manifesto
1878 5669 1974 5723 pa-

396 5751 519 5812 tet;
554 5752 605 5798 et
653 5745 753 5804 hoc
778 5747 1047 5818 judicium
1079 5763 1369 5803 commune
1401 5754 1485 5804 est
1510 5761 1570 5801 ac
1601 5752 1809 5801 naturae
1838 5761 1971 5801 con-

2082 4550 2177 4605 τοῦ
2217 4547 2425 4618 ἀγαθοῦ
2442 4564 2455 4577 ο
2486 4548 2583 4611 ὡς,
2607 4550 2655 4601 εἰ
2683 4547 2841 4618 δῆλον
2867 4547 3123 4619 ὑπάρχοι,
3155 4549 3463 4603 τούναντίον
3488 4550 3638 4603 κατά-

2083 4644 2241 4714 δηλον
2283 4641 2470 4694 ἔσται·
2522 4640 2742 4711 ἔλεγχος
2793 4639 2901 4713 γὰρ
2960 4642 3068 4693 πᾶν
3126 4641 3368 4694 ἐναντίου
3414 4640 3652 4695 ἐναντίον

2082 4734 2279 4804 γνώσει
2314 4733 2497 4803 μέντοι
2533 4733 2629 4785 καλ⁸
2674 4732 2886 4804 κρίσει·
2934 4733 3063 4787 ἄνευ
3101 4733 3159 4786 δὲ
3192 4732 3460 4801 γνώσεως,
3507 4733 3655 4788 οὐδέ-

2080 4843 2237 4897 τερον
2281 4825 2494 4896 θατέρῳ
2532 4825 2707 4897 δῆλον.
2759 4827 2824 4880 Ei
2856 4827 3032 4879 τοίνυν
3079 4828 3173 4879 καὶ
3219 4828 3416 4899 ἑαυτὴν
3446 4829 3649 4897 ἀγνοεῖ,

2086 4920 2181 4973 καὶ¹
2212 4918 2458 4989 λογισμῷ
2515 4919 2589 4990 μὴ
2632 4920 2837 4990 μέτεισι
2868 4918 2928 4970 τὸ
2961 4919 3129 4971 κακὸν
3158 4921 3189 4988 ἡ
3224 4920 3411 4981 κακία,
3444 4920 3545 4973 οὐκ
3584 4918 3653 4975 ἂν

2082 5010 2168 5081 εἴη
2198 5010 2365 5064 κακία
2385 5028 2399 5041 ·
2445 5010 2622 5081 μάτην
2652 5010 2695 5062 δ’
2741 5009 2807 5063 ἂν
2839 5009 3122 5077 ὲγκαλοῖτο
3141 5026 3154 5039 ·
3189 5009 3440 5081 ὁμολογεῖ
3469 5010 3545 5073 δὲ,
3570 5010 3657 5065 δτι

2078 5104 2195 5155 ἐστί
2227 5101 2485 5173 λογισμοῦ
2512 5101 2679 5155 κακία
2705 5101 3125 5174 ὲλευθερουμένη
3149 5120 3162 5133 ·
3192 5102 3389 5155 αὐτίκα
3414 5106 3653 5175 φρενῖτις

2078 5198 2137 5249 ἐν
2165 5196 2482 5269 περιστάσει
2511 5195 2834 5267 πυρετῶν,ἢ
2863 5195 3019 5250 ἄλλου
3043 5197 3185 5260 τινὸς
3211 5200 3614 5267 συμπτώματος
3632 5212 3647 5227 ⁸

2077 5288 2176 5340 οὐκ
2219 5287 2437 5340 εἰδότιὸ
2474 5289 2615 5341 ποιεῖ
2656 5285 3046 5355 συγγινώσκειν
3082 5287 3319 5351 ἅπαντες
3358 5288 3649 5360 εἰώθαμεν,

2080 5378 2278 5448 μᾶλλον
2305 5378 2402 5449 μὲν
2425 5374 2516 5431 οὖν
2539 5378 2631 5430 καὶ
2655 5380 2733 5440 εἰς
2750 5372 2928 5430 οἶκτον
2959 5379 3437 5450 ἐπικαμπτόμεθα,
3455 5379 3651 5444 κακίας

2078 5470 2487 5542 ἐλευθεροῦντες
2531 5471 2621 5524 τὸν
2656 5471 2833 5541 μάτην
2872 5470 2969 5540 μὲν
3001 5470 3291 5533 τύπτοντα,
3326 5473 3374 5524 εἰ
3405 5473 3459 5525 δὲ
3499 5471 3650 5543 ξίφος

2078 5560 2249 5632 εὖροι,
2283 5562 2377 5614 καὶ
2410 5561 2717 5630 φονεύοντα.
2756 5560 2911 5615 Οὕτω
2947 5579 3010 5631 γε
3044 5564 3175 5615 πᾶσι
3205 5562 3520 5633 κατάδηλον,
3556 5565 3652 5618 καὶ

2076 5646 2257 5724 κρίσις
2287 5651 2425 5722 αὓτη
2473 5654 2625 5723 κοινή
2656 5670 2713 5705 τε
2750 5654 2843 5705 καὶ
2886 5652 3097 5720 φύσεως
3129 5653 3437 5715 ἀκολουθία,
3468 5653 3527 5706 τὸ
3574 5653 3650 5725 μὴ

2077 5744 2244 5799 κακὸν
2283 5744 2569 5815 ὀνομάζειν
2626 5744 2686 5797 τὺ
2741 5746 2840 5800 οὐκ
2874 5746 3009 5808 είδὸς
3056 5746 3083 5798 ὃ
3110 5762 3159 5799 τι
3208 5747 3327 5817 δρᾷ.
3366 5747 3432 5804 Ei
3473 5745 3649 5801 τοίνυν
