4100 6414
410 401 547 461 ΗΤῚ

1495 402 1862 458 ADVERSUS
1903 404 2326 460 MAMCHASOS
2363 405 2489 459 [ΑΒ.
2521 403 2583 458 Il.

3506 407 3647 460 1178

411 524 547 590 μήτε
587 536 649 572 το
678 519 942 588 γινῶσκον
987 519 1189 588 ἀγαθὸν
1231 520 1452 592 κληθείη
1495 523 1811 591 ἀναγκαῖον,
1844 527 1976 596 μήτε

2083 526 2399 587 sectariuni,
2440 538 2549 576 non
2591 522 2872 575 nominare
2904 522 3127 583 malum,
3157 521 3201 574 si
3238 520 3471 590 ignorat,
3501 519 3650 588 quod

408 615 470 666 ea
504 611 729 681 ἀγνοοῦν
756 612 936 675 ἑαυτὸ,
961 612 1045 664 ὅτι
1069 612 1268 676 δόξειεν
1300 612 1365 666 ἂν
1395 608 1531 667 εἶναι
1558 616 1758 669 κακία·
1787 616 1849 669 τὸ
1882 616 1979 686 μὲν

408 705 492 757 ὅτι
524 704 644 773 μηδ’
677 702 838 766 αὐτὸς
860 703 1061 774 τίθησι,
1090 704 1150 756 τὸ
1195 703 1239 756 δ’
1274 706 1355 757 ὅτι
1396 705 1846 777 πεπλανημένως,
1885 707 1980 759 καὶ

410 795 565 861 ἐκτὸς
590 795 689 865 τῆς
716 797 898 866 κοινῆς
920 796 1077 867 δόξης
1104 796 1325 866 θέμενος
1348 798 1607 868 ὁρίζεται.
1638 799 1823 862 Οὕτως
1859 800 1979 852 οὐδὲ

411 887 597 958 θηρίον
630 887 782 939 οὐδὲν
826 887 1014 950 κακὸν,
1051 887 1312 958 λογισμοῦ
1356 890 1717 960 ἐστερημένον
1737 908 1750 919 ·
1774 890 1981 961 ἄνθρω-

411 995 512 1041 πος
553 978 609 1031 δὲ
643 977 919 1049 κακοήθης
977 978 1145 1030 κακὸν
1178 977 1243 1031 ἂν
1294 977 1414 1047 εἴη,
1466 978 1711 1050 λογισμῷ
1759 979 2011 1049 μετιὼν,,

412 1070 555 1141 ἅπερ
575 1071 775 1140 ἥκιστα
805 1070 1014 1138 ἀγνοεῖ·
1041 1070 1075 1138 ἡ
1104 1068 1213 1137 γάρ
1236 1069 1330 1121 τοῦ
1356 1069 1617 1140 λογισμοῦ
1647 1074 1743 1141 τῆς
1769 1071 1981 1138 φύσεως

412 1160 692 1233 προσθήκη
723 1160 875 1231 φέρει
912 1160 1013 1229 τῆς
1042 1159 1240 1222 κακίας
1278 1160 1340 1212 τὸ
1388 1160 1659 1232 ἔγκλημα,
1708 1180 1982 1233 προκατα-

413 1252 752 1317 σκευάζουσα
799 1251 956 1320 δῆλον
989 1246 1127 1303 εἶναι
1165 1250 1227 1302 τὸ
1272 1251 1646 1323 πραττόμενον
1667 1267 1679 1280 ·
1713 1255 1746 1322 ἡ
1781 1252 1836 1305 δὲ
1881 1253 1982 1320 τῆς

412 1343 662 1411 γνώσεως
694 1343 982 1414 ἀφαίρεσις
1025 1342 1123 1412 τῆς
1158 1342 1355 1405 αἰτίας.
1402 1342 1558 1395 υῦτω
1586 1343 1649 1413 δὴ
1686 1344 1847 1412 γνοὺς
1883 1344 1982 1415 μὲν

412 1433 695 1504 ἅνθρωπος
742 1433 943 1503 ἄμφω,
980 1433 1180 1503 ἀρετήν
1212 1449 1272 1485 τε
1317 1432 1412 1485 καὶ
1460 1434 1691 1497 κακίαν,
1734 1434 1870 1505 ὅπερ
1915 1433 1982 1488 ἂν

411 1522 618 1591 ἕληται,
638 1522 825 1590 φθάνει
854 1521 961 1593 γάρ
994 1524 1027 1592 ὴ
1056 1520 1253 1589 γνῶσις
1284 1521 1382 1593 τὴν
1404 1522 1632 1593 αἵρεσιν,
1663 1524 1756 1576 ἀπ’
1776 1523 1980 1577 ἐκείνου

412 1612 688 1665 καλεῖται·
720 1612 849 1684 πρὶν
876 1611 933 1664 δὲ
970 1612 1172 1679 γνῶναι
1198 1613 1390 1682 νήπιον
1417 1613 1679 1684 ὐπάρχον,
1704 1613 1982 1686 οὐδέτερον

412 1702 519 1757 τῶν
561 1704 744 1775 ἄκρων
793 1703 1054 1757 καλεῖται.
1103 1704 1273 1773 Δῆλον
1304 1704 1481 1759 τοίνυν
1515 1706 1870 1776 πανταχόθεν,
1906 1708 1981 1769 ὡς

410 1794 486 1865 τῷ
513 1795 757 1866 λογισμῷ
784 1796 877 1849 καὶ
908 1798 974 1865 τῇ
1013 1795 1149 1865 μετά
1178 1796 1275 1866 τὴν
1307 1797 1506 1864 γνῶσιν
1542 1798 1750 1869 αἱρέσει
1783 1799 1980 1852 κακίαν

2081 615 2231 671 facit.
2269 614 2325 667 Si
2352 614 2517 683 igitur
2539 630 2711 682 neque
2737 615 2785 666 id
2823 612 2966 682 quod
2993 612 3293 682 cognoscit,
3324 612 3524 665 bonum
3553 626 3644 665 ne-

2081 704 2378 758 cessarium
2432 702 2751 767 vocabitur;
2814 703 3060 770 sequitur
3110 716 3282 770 neque
3314 701 3366 754 id
3415 700 3556 769 quod
3590 715 3651 754 se

2082 797 2258 865 ipsum
2290 804 2345 849 et
2386 795 2517 864 quid
2549 796 2640 856 sit,
2704 795 2935 863 ignorat,
2986 795 3279 863 nequitiam
3321 808 3445 849 esse
3474 810 3487 845 :
3513 806 3649 861 quo-

2080 903 2200 941 rum
2229 888 2455 941 alterum
2483 903 2655 955 neque
2678 888 2792 957 ipse
2823 887 3078 952 admittit,
3111 887 3341 941 alterum
3387 901 3516 939 vero
3553 901 3651 954 per

2080 994 2319 1032 errorem
2362 988 2415 1032 et
2452 987 2642 1033 contra
2678 994 3019 1033 communem
3052 979 3503 1032 existimationem
3537 989 3650 1032 sta-

2080 1071 2204 1125 tuit.
2244 1068 2334 1123 Sic
2356 1085 2532 1138 neque
2575 1069 2693 1124 fera
2719 1071 2828 1124 ulla
2851 1071 2991 1123 mala
3017 1079 3119 1131 est,
3155 1085 3277 1123 cum
3311 1069 3382 1124 sit
3417 1070 3647 1123 rationis

2080 1177 2276 1232 expers
2304 1180 2316 1214 :
2349 1162 2512 1215 homo
2565 1178 2695 1216 vero
2724 1163 2865 1216 male
2909 1169 3175 1223 moratus,
3206 1162 3383 1215 malus
3414 1169 3519 1226 est,
3554 1163 3645 1230 qui

2087 1254 2302 1307 ratione
2347 1260 2502 1306 utens
2529 1254 2766 1323 capessit
2809 1270 2928 1324 quae
2969 1269 3076 1307 non
3124 1255 3335 1324 ignorat
3363 1277 3374 1309 ;
3404 1255 3649 1308 accessio

2080 1345 2223 1400 enim
2241 1344 2472 1399 rationis
2500 1345 2564 1398 ad
2590 1353 2861 1410 naturam,
2891 1346 3144 1415 nequitia:
3169 1346 3373 1400 crimen
3402 1346 3607 1400 inducit
3630 1364 3646 1412 ;

2080 1449 2347 1509 praeparat
2375 1438 2519 1492 enim
2538 1440 2681 1493 ratio
2700 1439 3063 1508 cognitionem
3092 1439 3325 1492 actionis
3354 1451 3646 1509 suscepta;

2082 1531 2313 1600 privatio
2358 1537 2539 1585 autem
2579 1530 2910 1600 cognitionis
2956 1530 3192 1599 privatio
3242 1539 3327 1595 est
3375 1530 3547 1599 culpa:
3595 1538 3651 1585 et

2082 1621 2346 1676 criminis.
2377 1620 2468 1683 Sic
2490 1621 2654 1675 homo
2680 1628 2969 1691 utrumque
3000 1636 3355 1690 cognoscens,
3390 1621 3647 1676 virtutem

2084 1710 2291 1766 scilicet
2329 1718 2383 1765 et
2416 1711 2628 1775 vitium,
2680 1712 2748 1765 ab
2791 1727 2856 1765 eo
2894 1712 3037 1781 quod
3081 1712 3252 1781 eligit,
3295 1712 3647 1779 nominatur;

2083 1804 2353 1858 antecedit
2406 1803 2549 1857 enim
2612 1804 2862 1858 electioni
2906 1803 3143 1873 cognitio
3197 1821 3210 1856 :
3265 1804 3418 1872 prius
3469 1812 3647 1857 autem

410 1902 468 1938 τε
502 1887 597 1939 καὶ
644 1886 843 1958 ἀρετὴν
888 1886 1232 1958 λογιζόμεθα.
1275 1887 1357 1940 Τά
1394 1888 1572 1941 τοίνυν
1603 1889 1845 1960 ἀμέτοχα
1884 1890 1976 1943 λο-

2081 1907 2242 1963 quam
2294 1901 2607 1963 cognoscat,
2664 1894 2792 1947 dum
2829 1908 2963 1962 puer
3010 1908 3211 1963 parvus
3253 1900 3358 1955 est,
3392 1908 3422 1945 a
3452 1900 3651 1947 neutro

409 1976 607 2047 γισμοῦ
669 1976 831 2048 θηρία
887 1978 987 2031 οὐκ
1019 1978 1086 2031 ἂν
1118 1977 1203 2048 εἴη
1254 1976 1433 2041 κακὰ,
1489 1980 1610 2033 οὐδὲ
1664 1983 1730 2034 ὲκ
1781 1982 1977 2045 κακίας

410 2068 851 2139 προενηνεγμένα
877 2085 890 2099 ·
927 2070 1224 2142 ἐπειδήπερ
1254 2070 1358 2125 κᾶν
1391 2070 1569 2143 ἐκείνη
1615 2069 1786 2135 οὕτως
1840 2070 1974 2142 ἔχοι,

410 2157 507 2209 οὐκ
531 2155 596 2209 ἂν
622 2158 707 2225 εἴη
730 2157 917 2211 κακία.

2081 1991 2325 2040 extremo
2365 1985 2713 2048 nominatur,
2771 1984 2826 2039 id
2876 1992 2959 2039 est
3014 2000 3190 2054 neque
3236 1985 3411 2040 bonus
3474 2000 3651 2054 neque

2087 2077 2264 2131 malus
2298 2076 2517 2131 dicitur.
2572 2076 2936 2144 Quamobrem
2965 2093 3027 2132 ex
3063 2077 3207 2131 omni
3252 2086 3405 2148 parte
3456 2078 3645 2147 liquet,

2080 2166 2335 2221 virtutem
2376 2175 2430 2221 et
2479 2167 2668 2222 vitium
2694 2168 2915 2231 rationi,
2967 2175 3021 2222 et
3050 2176 3174 2238 post
3221 2171 3484 2223 rationem
3546 2169 3652 2223 ele-

409 2247 576 2301 ctioni
608 2248 850 2302 attribui.
904 2246 1096 2303 Bestiae
1130 2250 1295 2320 igitur
1334 2266 1453 2320 qua:
1494 2266 1604 2304 non
1651 2259 1778 2306 sunt
1822 2254 2053 2309 rationis
2108 2257 2422 2326 participes,
2469 2272 2578 2313 non
2616 2265 2743 2313 sunt
2776 2273 3031 2329 nequam,
3060 2273 3162 2312 nec
3203 2274 3234 2311 a
3258 2258 3496 2329 nequitia
3522 2273 3647 2328 pro-

409 2341 618 2408 ductae,
671 2340 799 2411 quia
857 2342 902 2397 si
951 2342 1041 2396 illa
1096 2342 1172 2397 ita
1217 2358 1276 2398 se
1327 2343 1542 2408 habeat,
1591 2360 1701 2400 non
1743 2354 1828 2401 est
1881 2347 2145 2417 nequitia.

1350 2481 1478 2537 Car.
1510 2482 1675 2539 XXII.
1718 2483 2047 2555 Serpentium
2074 2504 2137 2542 ac
2162 2489 2462 2543 morborum
2490 2492 2715 2546 utilitas.

481 2600 687 2663 Ἄλλως
715 2615 774 2651 τε
800 2598 929 2662 ίδοις
951 2596 1017 2651 ἂν
1049 2597 1307 2660 πολλάκις
1338 2598 1431 2650 καὶ
1458 2597 1566 2650 τῶν
1603 2599 1847 2669 ἑρπετῶν
1875 2601 1977 2653 αὐ-

407 2689 511 2743 τῶν
544 2691 604 2745 τὸ
647 2688 1047 2761 χαλεπώτατον,
1080 2689 1222 2758 λέγω
1264 2688 1327 2758 δὴ
1370 2689 1460 2741 τὸν
1499 2689 1596 2751 ίὸν,
1625 2691 1705 2752 εἰς
1738 2690 1979 2761 ἰατρείαν

408 2783 545 2854 πρὸς
580 2782 688 2835 τῶν
741 2780 1147 2853 ἀκριϐεστάτων
1188 2778 1388 2850 ίατρῶν
1426 2778 1851 2850 λαμϐανόμενον,
1886 2783 1980 2835 καὶ

406 2877 469 2945 τῇ
534 2873 643 2927 τῶν
674 2871 1053 2943 ἀπομάχεσθαι
1096 2870 1407 2941 δυναμένων
1450 2871 1743 2943 παραμίξει
1786 2872 1975 2927 καθαί-

408 2983 570 3038 ροντα
600 2965 709 3018 τῶν
740 2964 924 3018 παθῶν
956 2963 1102 3016 ἔστιν
1146 2964 1234 3016 ὅτε
1278 2962 1349 3015 τᾶ
1389 2962 1768 3033 χαλεπώτατα·
1796 2963 1893 3027 τάς
1923 2965 1978 3019 δὲ

407 3058 617 3129 σάρκας
660 3056 830 3119 αὐτὰς
882 3055 1084 3127 ἑτέρων
1133 3055 1289 3108 εἱδῶν
1331 3071 1390 3106 τε
1440 3054 1534 3106 καὶ
1577 3054 1810 3124 βοτανῶν
1840 3073 1978 3127 συμ-

2156 2603 2427 2661 Praaterea
2469 2606 2654 2661 videre
2687 2606 2812 2662 licet
2846 2621 3243 2678 sepenumero,
3285 2605 3427 2676 quod
3472 2612 3557 2660 est
3593 2604 3646 2658 in

2085 2696 2426 2765 serpentibus
2473 2698 2917 2753 nocentissimum
2956 2716 2972 2753 ε
3012 2712 3275 2752 venenum
3307 2696 3429 2749 dico
3471 2711 3498 2748 a
3538 2711 3651 2755 me-

2084 2784 2224 2837 dicis
2253 2784 2678 2840 absolutissimis
2710 2784 2778 2838 ad
2811 2784 3136 2837 medicinam
3164 2781 3432 2843 adhiberi,
3462 2786 3516 2833 et
3556 2780 3652 2833 mi-

2086 2883 2170 2930 sta
2215 2889 2340 2928 cum
2398 2874 2467 2929 iis
2527 2889 2647 2943 quae
2701 2880 2934 2943 possunt
2979 2872 3252 2931 auxiliari,
3295 2868 3650 2939 gravissimos

2086 2966 2309 3021 morbos
2347 2965 2617 3020 interdum
2647 2966 2949 3035 depellere;
2995 2971 3048 3019 et
3097 2979 3163 3018 ex
3198 2964 3329 3033 ipsis
3367 2963 3647 3027 carnibus,

2084 3059 2210 3114 aliis
2237 3059 2531 3129 generibus
2568 3066 2623 3112 et
2669 3058 2853 3114 herbis
2892 3056 3142 3111 admistis
3171 3057 3440 3125 optimum
3482 3070 3655 3110 reme-

406 3151 577 3220 πλοκῇ
637 3150 924 3220 φάρμακον
987 3149 1206 3215 άριστον
1272 3144 1515 3215 σώμασιν
1589 3146 1975 3211 ἀποτελούσας.

2085 3155 2234 3209 dium
2265 3155 2590 3226 corporibus
2611 3153 2828 3208 conﬁci.
2864 3154 3128 3208 Similiter
3155 3153 3211 3207 in
3256 3154 3380 3207 aliis
3411 3152 3604 3206 bestiis
3631 3168 3646 3204 :

405 3241 805 3312 Παραπλησίως
830 3240 885 3293 δὲ
915 3238 1010 3292 καὶ
1050 3239 1156 3291 τῶν
1198 3237 1371 3291 ἄλλων
1403 3237 1639 3308 θηρίων·
1696 3238 1837 3309 μέρη
1870 3239 1979 3310 γάρ

402 3351 523 3387 τινα
549 3335 641 3387 καὶ
670 3333 827 3403 μέλη,
851 3333 944 3384 καὶ
973 3326 1111 3400 αἷμα
1149 3330 1271 3383 καθ’
1315 3331 1446 3383 αὐτὸ
1480 3330 1736 3394 πολλάκις
1763 3333 1980 3403 εὐεργε-

402 3424 552 3478 τοῦσι
582 3424 904 3494 κάμνοντας.
932 3422 1056 3486 Πῶς
1084 3418 1175 3475 οὖν
1205 3423 1269 3475 ἐκ
1297 3422 1497 3486 κακίας
1525 3423 1636 3475 ἐστὶ
1680 3424 1749 3477 τά
1792 3425 1850 3477 ὲν
1884 3425 1979 3493 μέ-

405 3533 488 3585 ρει
508 3516 602 3568 καὶ
620 3512 929 3584 ὠφελοῦντα
946 3530 960 3579 ;
988 3513 1172 3566 Ταῦτα
1191 3512 1477 3582 τοιγαροῦν
1504 3514 1715 3567 ἅπαντα
1735 3515 1978 3584 χρήσιμα

406 3605 565 3675 μόνον
605 3605 671 3658 δι’
704 3602 1022 3677 ἀνθρώπους
1066 3603 1327 3674 ἡγητέον·
1378 3604 1502 3657 οὐτε
1541 3604 1598 3657 δὲ
1638 3604 1817 3673 ἀγαθά
1855 3604 1978 3659 οὐτε

402 3697 548 3751 κακά
607 3695 1094 3768 προσαγορευτέον,
1151 3694 1269 3759 δέος
1324 3696 1482 3767 μόνον
1536 3695 1844 3763 ἀνθρώποις
1887 3698 1979 3751 ἀν-

402 3789 645 3857 αγκαίως
672 3788 1000 3859 ἐμποιοῦντα
1021 3788 1156 3859 πρὸς
1172 3789 1501 3859 ἐπιστροφὴν
1534 3788 1627 3841 τοῦ
1650 3790 1974 3859 κρείττονος·

401 3880 496 3933 καὶ
526 3879 586 3932 τὸ
610 3881 777 3949 ἀργὸν
816 3879 992 3933 αὐτῶν
1016 3880 1213 3950 ἀργίας
1236 3880 1384 3951 παρά
1415 3878 1721 3949 ἀνθρώποις
1752 3880 1978 3933 κωλυτι-

402 3971 527 4025 κόν·
555 3974 731 4025 κεῖται
766 3970 877 4043 γὰρ
914 3970 1053 4025 αὐτά
1077 3971 1340 4041 μάστιγος
1366 3971 1521 4042 δίκην
1567 3972 1895 4043 φαινομένης
1917 3974 1975 4025 ὲν

399 4063 533 4134 οἴκῳ
562 4064 698 4135 πρὸς
734 4063 1075 4135 κατασκευὴν
1105 4063 1385 4126 εὐλαϐείας
1421 4064 1528 4117 τῶν
1554 4065 1797 4127 οἰκετῶν,
1828 4065 1880 4118 εῐ
1893 4083 1976 4130 τις

400 4157 707 4227 ἁργήσειεν,
730 4155 762 4226 ἢ
783 4157 837 4209 ετ
860 4173 945 4219 τις
969 4156 1310 4228 πλημμελοίη
1335 4156 1446 4209 τῶν
1466 4156 1606 4210 κατά
1633 4156 1729 4228 τὴν
1758 4158 1939 4211 ἑστίαν
1958 4176 1971 4189 ·

400 4245 524 4299 εἰδὲ
542 4250 810 4317 πονηροὺς
830 4245 975 4299 ἔστιν
998 4246 1122 4299 ἰδεῖν
1146 4246 1310 4317 μηδὲν
1331 4246 1433 4299 ὑπὸ
1459 4246 1660 4300 τούτων
1682 4246 1978 4318 βλαπτομέ-

399 4351 542 4398 νους,
570 4334 848 4404 θαύμασον
872 4334 965 4387 τοῦ
987 4335 1256 4388 Δεσπότου
1277 4335 1338 4388 τὸ
1360 4335 1695 4400 ἀνεξίκακον.
1722 4336 1884 4389 Οὐδὲν
1920 4336 1977 4390 δὲ

398 4420 557 4495 ἧττον
575 4427 790 4495 νοητέον
815 4426 913 4496 τὴν
935 4426 1341 4497 παρακειμένην
1378 4428 1613 4498 μάστιγα
1633 4445 1647 4459 ·
1669 4428 1975 4481 τούναντίον

2082 3245 2328 3316 quaedam
2358 3246 2504 3299 enim
2545 3252 2729 3314 partes
2760 3249 2813 3297 et
2862 3243 3104 3297 membra
3147 3249 3201 3295 et
3250 3242 3493 3310 sanguis,
3532 3240 3646 3294 sola

2082 3351 2146 3391 ac
2177 3352 2275 3406 per
2307 3352 2366 3393 se
2388 3335 2780 3406 aegrotantibus
2808 3333 3141 3387 conducunt.
3169 3332 3450 3397 Quomodo
3482 3332 3648 3401 igitur

2083 3435 2211 3483 sunt
2252 3443 2319 3482 ex
2350 3429 2615 3496 nequitia,
2650 3441 2772 3494 quae
2818 3440 2882 3479 ex
2917 3434 3071 3493 parte
3116 3433 3243 3478 sunt
3290 3424 3442 3477 utilia
3478 3431 3529 3475 et
3556 3423 3646 3491 ju-

2078 3519 2247 3573 vant?
2269 3518 2393 3574 Haec
2422 3519 2586 3589 igitur
2606 3519 2789 3573 omnia
2813 3515 3060 3570 ducenda
3096 3523 3220 3569 sunt
3249 3515 3401 3567 utilia
3424 3521 3645 3583 propter

2062 3602 2330 3664 homines
2361 3617 2606 3675 tantum;
2641 3624 2747 3663 non
2781 3615 2960 3660 autem
2990 3606 3312 3676 appellanda
3338 3613 3467 3659 sunt
3500 3605 3643 3658 bona

2081 3716 2258 3771 neque
2313 3702 2477 3764 mala,
2529 3717 2649 3770 qua:
2693 3699 3009 3754 hominibus
3060 3706 3271 3752 tantum
3330 3697 3644 3751 necessario

2080 3800 2282 3848 metum
2319 3791 2595 3861 injiciunt,
2630 3800 2690 3845 ut
2720 3791 2785 3844 ad
2825 3790 3020 3844 melius
3050 3789 3360 3843 institutum
3407 3804 3467 3843 se
3511 3802 3646 3842 con-

2078 3890 2290 3938 vertant
2318 3902 2330 3937 :
2361 3889 2416 3938 et
2443 3884 2613 3938 otium
2648 3882 2969 3943 bestiarum,
3012 3887 3174 3950 atque
3207 3879 3422 3933 vocatio
3451 3892 3640 3933 earum

2077 3989 2107 4027 a
2134 3972 2399 4037 vocando,
2440 3971 2583 4043 apud
2613 3970 2861 4025 homines
2895 3970 3065 4023 otium
3096 3978 3151 4023 et
3175 3969 3424 4022 inertiam
3457 3968 3643 4037 prohi-

2078 4063 2170 4119 bet
2196 4082 2210 4118 :
2237 4072 2365 4119 sunt
2386 4065 2534 4118 enim
2563 4064 2740 4133 posita
2768 4063 2884 4131 ipsa
2915 4062 3087 4116 instar
3110 4060 3305 4126 ﬂagelli
3332 4058 3643 4127 apparentis

2077 4155 2133 4209 in
2166 4154 2350 4219 domo,
2398 4160 2458 4206 ut
2497 4160 2741 4208 metuant
2781 4152 2968 4205 famuli
3023 4165 3086 4203 ac
3134 4149 3394 4213 ministri,
3439 4148 3484 4202 si
3515 4148 3642 4218 quis

2076 4260 2265 4301 eorum
2315 4259 2374 4299 se
2405 4243 2567 4297 dedat
2616 4243 2747 4304 otio,
2792 4249 2886 4295 aut
2921 4241 2968 4295 si
3008 4241 3133 4309 quis
3162 4239 3309 4293 domi
3338 4239 3640 4308 delinquat.

2079 4336 2137 4392 Si
2172 4352 2299 4392 vero
2328 4337 2596 4406 contingit
2624 4335 2807 4390 videre
2838 4334 2938 4388 has
2970 4348 3108 4403 quas
3139 4332 3401 4393 diximus,
3435 4333 3641 4388 bestias

2077 4429 2215 4483 nihil
2248 4442 2444 4482 nocere
2474 4427 2756 4497 improbis,
2788 4425 3123 4480 admiremur
3151 4424 3204 4477 in
3235 4425 3468 4478 Domino
3500 4425 3639 4478 tole-

398 4514 476 4580 δὲ,
492 4518 538 4569 εί
554 4517 778 4587 χρηστοὶ
796 4534 861 4569 πε
871 4518 1174 4588 ριπίπτοιεν
1195 4517 1422 4581 τούτοις,
1444 4518 1636 4583 ἰστέον,
1654 4519 1748 4583 ὡς,
1766 4518 1970 4589 ἀγαθοῦ

2078 4520 2309 4574 rantiam
2345 4521 2632 4574 malorum.
2662 4518 3031 4572 Nihilominus
3069 4524 3248 4571 tamen
3290 4516 3642 4571 considerare

399 4607 878 4681 πλημμελοῦντος,
932 4609 1163 4677 φείσαιτ’
1215 4610 1282 4662 ἂν
1330 4612 1467 4681 πρὸς
1518 4611 1901 4683 ὲπιστρέφειαν
1944 4614 1973 4665 ὁ

399 4701 692 4771 Δεσπότης,
745 4700 864 4770 οὐχὶ
903 4701 961 4753 δὲ
1005 4700 1098 4754 τοῦ
1138 4700 1256 4753 λίαν
1285 4701 1725 4773 ἀπεγνωσμένου.
1771 4702 1831 4758 Ὀ
1876 4706 1974 4775 μὲν

398 4794 507 4865 γάρ
534 4794 727 4863 ἰάσιμα
771 4793 1098 4863 πλημμελεῖ,
1134 4795 1163 4845 ὁ
1204 4794 1260 4846 δὲ
1304 4798 1548 4866 τηρεῖται
1596 4795 1734 4868 πρὸς
1756 4796 1973 4849 ἀνίατον

396 4885 662 4957 τιμωρίαν
683 4901 695 4912 ·
726 4882 951 4937 τοιαῦτα
984 4883 1092 4955 γάρ
1128 4885 1497 4955 ὑποδείγματα
1528 4886 1819 4956 πάμπολλα
1842 4886 1972 4939 ἴδοι-

400 4995 500 5050 μεν
537 4978 604 5033 ἂν
648 4980 706 5031 ὲν
747 4980 868 5041 ταῖς
907 4977 1078 5041 θείαις
1116 4978 1359 5048 Γραφαῖς
1384 4979 1770 5050 ὐστερυύμενα.
1802 4980 1970 5034 Μέλει

397 5072 576 5126 τοίνυν
603 5073 742 5125 πάνυ
784 5086 849 5139 γε
873 5069 991 5139 Θεῷ
1027 5070 1344 5141 ἀνθρώπου·
1389 5071 1469 5124 διὸ
1511 5071 1778 5134 παντοίως
1820 5071 1970 5141 αὐτῷ

399 5164 467 5217 τά
511 5163 867 5218 ἀνακινοῦντα
910 5163 1046 5235 πρὸς
1092 5163 1374 5217 εὐλάϐειαν
1423 5164 1839 5236 παρατέθεικεν·
1895 5164 1968 5226 ὼς

403 5255 536 5325 μηδὲ
570 5257 661 5310 τὺν
694 5255 858 5310 ὕπνον
909 5257 1246 5326 πυκνοτάτης
1289 5257 1559 5329 ὀχλήσεως
1603 5255 1966 5327 ἀπηλλάχθαι,

395 5346 535 5399 ἀλλά
558 5349 651 5400 καὶ
675 5348 883 5413 τοῦτον,
913 5348 1001 5401 διὰ
1023 5349 1307 5402 κνωδάλων
1335 5350 1495 5403 τινῶν
1524 5348 1965 5418 ὲμποδιζόμενον,

398 5436 624 5508 κέντρου
649 5438 805 5506 δίκην
830 5439 1040 5492 νύττειν
1071 5440 1161 5491 τὸν
1186 5439 1469 5509 λογισμόν·
1498 5439 1593 5492 καὶ
1616 5438 1784 5493 πολλά
1808 5456 1870 5507 γε
1901 5439 1970 5493 τὰ

398 5526 699 5599 βοηθοῦντα
720 5533 785 5600 τῇ
824 5531 1136 5601 ἀνθρωπίνῃ
1180 5530 1433 5602 ἀσθενείᾳ
1478 5531 1794 5602 θαυμασίως
1833 5531 1970 5602 πρὸς

368 5647 373 5653 ·
397 5620 703 5693 ἀνάμνησιν
721 5622 885 5676 Θεοῦ·
912 5623 979 5676 δι’
1014 5617 1087 5676 ὧν
1111 5624 1218 5696 γὰρ
1245 5624 1440 5694 πάσχει
1484 5624 1827 5695 σωματικῶς,
1863 5640 1970 5676 πα-

399 5711 510 5765 θῶν
542 5714 722 5785 ψυχῆς
748 5715 1154 5787 ἐλευθεροῦται·
1197 5717 1287 5770 καὶ
1318 5716 1383 5769 δι’
1427 5733 1503 5770 ων
1548 5715 1738 5769 παθεῖν
1771 5715 1836 5769 ἂν
1876 5715 1967 5768 δυ-

397 5806 609 5879 νηθείη,
638 5807 737 5863 κᾶν
769 5808 841 5882 μὴ
869 5809 1033 5881 πάθῃ.
1071 5810 1205 5881 πρὸς
1245 5808 1528 5864 εὐλάϐειαν
1560 5808 1963 5880 ἐπιστρέφεται.

2074 4619 2288 4682 oportet
2323 4611 2591 4682 ﬂagellum
2634 4610 3011 4681 propositum:
3045 4616 3234 4662 contra
3264 4625 3393 4664 vero
3436 4610 3484 4664 si
3512 4609 3639 4662 boni

2075 4701 2327 4756 incidunt
2360 4701 2415 4756 in
2447 4702 2545 4755 has
2583 4700 2751 4763 feras,
2785 4700 3179 4755 advertendum
3211 4708 3316 4763 est,
3347 4700 3491 4769 quod
3534 4700 3641 4754 Do-

2072 4795 2258 4851 minus
2287 4795 2432 4849 bono
2458 4793 2798 4863 delinquenti
2824 4792 3090 4863 prospicit
3123 4801 3176 4847 et
3202 4802 3376 4857 cavet,
3406 4808 3514 4846 non
3543 4808 3641 4846 au-

2073 4893 2181 4941 tem
2226 4886 2274 4940 ei
2310 4887 2404 4954 qui
2437 4885 2593 4939 valde
2624 4869 2948 4953 desperatus
2991 4892 3097 4940 est.
3132 4883 3224 4939 ille
3257 4884 3399 4939 enim
3429 4897 3638 4953 peccat,

2072 4995 2193 5050 quae
2222 4978 2404 5033 curari
2446 4984 2712 5047 possunt;
2755 4977 2843 5031 hic
2882 4993 3011 5030 vero
3044 4984 3359 5032 reservatur
3400 4978 3464 5031 ad
3509 4991 3641 5047 sup-

2072 5072 2319 5143 plicinm,
2361 5069 2509 5140 quod
2558 5070 2712 5124 evadi
2748 5085 2857 5123 non
2896 5068 3445 5139 potest:ltnjusmodi
3491 5069 3637 5123 enim

2071 5164 2317 5233 exempla
2360 5162 2627 5231 permulta
2678 5161 2732 5215 in
2773 5161 2973 5217 divinis
3003 5160 3302 5230 Scripturis
3335 5161 3521 5216 videre
3570 5176 3637 5215 ac

2071 5257 2251 5327 legere
2286 5256 2433 5310 licet.
2470 5254 2660 5325 Magna
2686 5257 2866 5324 itaque
2894 5269 3024 5309 cura
3054 5262 3138 5308 est
3168 5253 3276 5309 Deo
3301 5254 3367 5308 de
3396 5255 3634 5320 homine,

2069 5350 2420 5419 quamobrem
2453 5350 2711 5403 omnibus
2735 5349 2910 5403 modis
2940 5338 3241 5418 proposuit,
3273 5362 3394 5416 quae
3423 5361 3546 5402 eum
3568 5348 3634 5400 ad

2071 5447 2325 5499 timorem
2356 5452 2639 5499 moverent
2667 5451 2721 5498 et
2753 5445 3083 5510 excitarent;
3116 5451 3175 5496 ut
3205 5459 3381 5514 neque
3409 5458 3634 5497 somnus

2074 5535 2151 5590 illi
2193 5551 2224 5589 a
2272 5537 2601 5591 creberrima
2662 5535 2909 5589 molestia
2958 5536 3093 5589 liber
3140 5542 3319 5600 esset,
3364 5535 3496 5603 quin
3548 5534 3636 5588 hic

2073 5627 2236 5681 etiam
2266 5641 2296 5679 a
2326 5627 2651 5696 quibusdam
2685 5624 2815 5680 feris
2849 5632 2903 5680 et
2937 5625 3282 5695 serpentibus
3312 5623 3627 5694 impeditus,

2077 5716 2463 5782 cogitationem
2522 5716 2698 5770 instar
2743 5716 2950 5770 stimuli
2994 5722 3264 5785 pungeret
3307 5733 3319 5767 :
3356 5727 3420 5768 ac
3469 5713 3637 5767 multa

2074 5808 2291 5879 quidem
2317 5819 2446 5865 sunt
2472 5824 2592 5880 quae
2612 5808 2906 5864 humanam
2936 5808 3302 5890 inﬁrmitatem
3326 5805 3538 5876 juvant,
3576 5810 3637 5856 ut
