4100 6456
396 422 530 478 Ιιῖθ

1537 415 1674 470 TITI
1715 415 2141 471 BOSTRENSIS
2174 413 2477 470 EPISCOI’I
2574 437 2575 440 η

3498 414 3634 469 1180

393 544 558 596 homo
590 535 910 593 recordetur
954 531 1048 589 Dei
1098 533 1326 602 ejusque
1368 533 1690 586 memoriam
1743 534 1956 588 habeat.

2077 535 2172 586 Καὶ
2209 533 2528 604 περιπίπτει
2569 534 2896 602 σωματικοῖς
2944 531 3168 586 πάθεσιν
3201 532 3512 600 ἀναγκαίως
3543 534 3638 588 ἀν-

393 636 618 691 Mirilice
666 645 904 699 namque
955 643 1054 698 per
1100 644 1162 682 ea
1199 643 1320 696 quae
1363 642 1593 696 corpore
1651 629 1878 697 patitur,
1931 641 1963 680 a

392 726 598 780 morbis
643 724 838 775 animae
875 720 1170 782 liberatur;
1203 725 1256 770 et
1289 731 1386 786 per
1431 731 1495 771 ea
1535 731 1655 785 quae
1686 719 1794 786 pati
1837 732 1963 786 pos-

393 825 497 883 set,
537 815 787 886 quamvis
835 828 942 866 non
979 810 1238 880 patiatur,
1287 808 1352 861 ad
1389 809 1637 862 timorem
1682 810 1962 862 converti-

391 921 499 963 tur.
547 907 740 962 Incidit
791 919 1010 974 quoque
1063 903 1226 956 homo
1277 901 1591 956 necessario
1636 901 1690 954 in
1742 901 1962 956 morbos

2066 625 2301 696 θρωπος,
2335 625 2421 677 ἵνα
2460 625 2522 677 τὸ
2567 624 2944 694 χαλεπώτατον
2982 624 3073 676 καὶ
3123 624 3278 694 μόνον
3311 623 3386 686 ὡς
3424 624 3638 694 ἀληθῶς

2066 716 2238 779 πάθος
2277 716 2510 787 διαφύγῃ
2567 717 2665 786 τὴν
2717 717 3020 788 ἁμαρτίαν·
3075 716 3136 769 τὸ
3186 715 3297 787 γὰρ
3337 716 3640 786 ἀνάλγητον

2069 810 2367 862 ἀκόλαστον
2387 826 2400 840 ·
2437 811 2530 862 καὶ
2555 810 2615 862 τὸ
2648 809 2969 881 ἀτιμώρητα
3013 809 3324 880 ἁμαρτάνον
3362 807 3640 871 παντελῶς

2067 902 2458 972 διαφθείρεται.

389 1003 657 1067 corporis,
715 1007 772 1053 ut
819 1005 1124 1068 peccatum,
1178 993 1558 1063 gravissimum
1613 995 1865 1048 morbum
1905 1004 1957 1050 et
1987 997 2079 1064 qui
2110 998 2261 1052 solus
2319 1011 2444 1051 vere
2485 994 2708 1050 morbus
2743 1002 2848 1060 est,
2884 993 3106 1065 eﬂ‘ugiat
3145 993 3278 1064 :qui
3333 994 3480 1048 enim
3527 1007 3636 1048 non

389 1097 560 1152 dolet,
594 1094 964 1159 intemperans
995 1093 1112 1150 est;
1149 1095 1203 1139 et
1233 1085 1325 1153 qui
1359 1090 1547 1153 peccat
1578 1083 1818 1151 impune,
1849 1084 2093 1140 funditus
2125 1087 2284 1155 perit.

463 1187 520 1240 Si
556 1185 703 1240 enim
743 1194 851 1237 tam
893 1181 1074 1234 multis
1107 1195 1170 1230 ac
1205 1177 1372 1229 lautis
1401 1176 1466 1228 ad
1505 1175 1803 1228 timendum
1835 1191 1965 1245 pro-

395 1279 610 1350 positis,
644 1291 711 1330 ex
755 1287 946 1343 magna
990 1277 1142 1339 parte
1187 1268 1436 1321 homines
1469 1282 1533 1320 ex
1570 1269 1840 1322 vacuitate
1892 1266 1965 1319 ti-

395 1371 565 1424 moris
591 1375 892 1437 :egrotant;
917 1363 1192 1432 quomodo
1222 1361 1534 1414 convictum
1562 1367 1614 1412 et
1646 1359 1964 1413 societatem

395 1466 540 1517 inter
569 1477 628 1514 se
661 1460 857 1511 habere
883 1455 1208 1525 potuissent,
1241 1452 1284 1505 si
1320 1450 1501 1504 nullus
1528 1451 1608 1504 eis
1640 1458 1818 1503 metus
1841 1457 1966 1502 ante

394 1553 587 1609 oculos
619 1546 988 1618 impenderet?
1023 1543 1193 1597 Mollit
1224 1543 1389 1612 igitur
1417 1541 1693 1595 duriorem
1727 1549 1962 1594 mentem

394 1647 644 1705 morbus;
703 1653 756 1697 et
807 1653 1180 1708 Saepenmnero
1228 1634 1571 1703 naufragium
1635 1642 1967 1706 mercatores

393 1734 650 1807 perjuriis
678 1735 932 1784 assuetos
967 1724 1232 1787 mutavit;
1262 1732 1314 1776 et
1343 1737 1538 1776 rursus
1567 1720 1747 1789 inopia
1774 1719 1968 1787 opibus

391 1830 595 1884 elatum
634 1820 936 1891 depressit;
982 1817 1192 1871 orbitas
1240 1813 1474 1868 ﬁliorum
1516 1811 1756 1868 correxit
1793 1811 1968 1864 avari-

396 1920 486 1971 tiae
522 1922 746 1984 propter
773 1911 974 1964 liberos
1004 1906 1276 1962 deditum.

464 1995 619 2075 Quod
657 2005 702 2060 si
740 2019 847 2057 non
881 1999 1141 2060 correxit,
1167 1994 1474 2064 exemplum
1500 1993 1694 2048 saltem
1725 1993 1966 2048 sentien-

393 2103 542 2157 tibus
590 2098 869 2169 praahuit:
916 2109 980 2147 ac
1025 2092 1179 2146 liberi
1217 2087 1434 2158 quidem
1485 2087 1690 2140 nullam
1742 2100 1967 2154 prorsus

392 2196 664 2265 jacturam
723 2197 815 2243 aut
863 2188 1123 2241 damnum
1169 2183 1434 2242 lecerunt,
1478 2179 1723 2248 quinimo
1768 2177 1969 2232 benefi-

393 2288 542 2339 cium
590 2287 919 2352 acceperunt
971 2279 1039 2332 ab
1087 2272 1432 2329 institutione
1472 2272 1738 2325 malorum
1771 2284 1968 2340 pareno

397 2387 512 2431 tum
545 2375 761 2430 liberati
783 2391 797 2403 ·
837 2371 1066 2426 avaritia
1095 2377 1277 2424 autem
1312 2366 1600 2421 refellitur.

2139 1179 2201 1231 ΕΞ
2253 1178 2380 1249 γὰρ,
2424 1177 2517 1230 καὶ
2565 1176 2835 1230 τοσούτων
2874 1176 3293 1248 παρακειμένων
3330 1176 3409 1239 είς
3453 1174 3638 1244 φόϐον»

2069 1270 2300 1338 ἀφοϐίαν
2348 1270 2423 1332 ώς
2466 1269 2559 1323 ἐπὶ
2598 1269 2658 1322 τὸ
2707 1269 2838 1322 πολὺ
2878 1269 3120 1322 νοσοῦσιν
3167 1268 3478 1339 ἄνθρωποι·
3523 1266 3642 1334 πῶς

2067 1361 2133 1416 ἂν
2164 1365 2398 1415 συνεῖναι
2427 1360 2554 1430 γοῦν
2581 1361 2828 1432 ἀλλήλοις
2874 1360 3228 1431 ἐδυνήθησαν,
3273 1362 3320 1411 εί
3357 1359 3520 1429 μηδὲν
3544 1358 3644 1412 αὖ.

2067 1455 2179 1516 τοῖς
2225 1455 2344 1506 κατ’
2379 1452 2687 1522 ὀφθαλμοὺς
2728 1453 3000 1524 ἐπῄρτητο
3046 1451 3199 1515 δέος;
3245 1449 3504 1520 μαλάττει
3534 1467 3643 1503 τοι-

2067 1543 2270 1614 γαροῦν
2296 1543 2389 1596 κα)⁵
2435 1542 2588 1605 νόσος
2628 1542 2864 1594 διάνοιαν
2919 1541 3312 1612 σκληροτέραν·
3368 1539 3460 1592 καὶ
3514 1555 3643 1592 ναυ-

2071 1635 2223 1702 άγιον
2270 1634 2527 1696 πολλάκις
2567 1633 2841 1703 συμπεσὸν
2870 1633 3126 1703 ἐμπόριον
3164 1632 3418 1702 ἐπίορκον
3443 1631 3643 1702 τρόπον

2074 1725 2365 1796 μετέϐαλε·
2414 1725 2572 1778 πενία
2628 1720 2782 1788 αὖθις
2837 1725 3139 1794 κατήνεγκε
3193 1723 3284 1776 τὸν
3338 1721 3643 1793 ἐπαρθέντα

2073 1817 2322 1886 πλούτῳ·
2355 1815 2556 1870 παίδων
2596 1815 2847 1886 στέρησις
2900 1814 3233 1885 ἐσωφρόνισε
3281 1813 3372 1866 τὸν
3395 1813 3484 1867 διὰ
3519 1818 3642 1868 παῖο

2065 1902 2161 1966 δας
2187 1903 2628 1957 πλεονεκτοῦντα.

2143 1997 2206 2048 Εί
2243 1996 2300 2049 δὲ
2345 1995 2418 2066 μὴ
2455 1995 2804 2067 ἐσωφρόνισε,
2844 1994 2906 2047 τὸ
2957 1993 3258 2064 ὑπόδειγμα
3299 1996 3412 2057 τοῖς
3452 1992 3642 2047 αισθα-

2073 2085 2317 2155 νομένοις
2344 2085 2612 2156 παρέσχε·
2641 2087 2733 2138 καὶ
2767 2087 2816 2138 οἱ
2843 2086 2940 2155 μὲν
2967 2085 3154 2148 παῖδες
3181 2084 3486 2156 ἐϐλάϐησαν
3512 2102 3635 2138 παν-

2073 2176 2240 2239 τελῶς
2271 2177 2440 2240 οὐδὲν,
2469 2177 2665 2246 μᾶλλον
2697 2178 2792 2248 μὲν
2813 2173 2904 2231 οῦν
2927 2176 3394 2248 εὖηργετήθησαν,
3421 2175 3643 2246 ἀγωγῆς

2075 2267 2291 2335 φαύλων
2319 2267 2521 2336 γονέων
2546 2267 2978 2338 ἀπαλλαγέντες·
3003 2267 3074 2321 τὰ
3110 2269 3167 2322 δέ
3206 2269 3306 2340 τῆς
3331 2266 3642 2334 πλεονεξίας

2072 2358 2424 2429 διελέγχεται.

693 2510 823 2564 CAP.
857 2505 1042 2560 XXIII.
1082 2505 1306 2558 Jactura
1337 2503 1642 2557 liberorum.
1674 2500 1934 2553 Absoluta
1972 2498 2114 2553 ratio
2144 2514 2322 2551 rerum
2353 2513 2485 2567 quas
2514 2495 2656 2550 Deus
2677 2496 2956 2567 gubernat,
2991 2499 3338 2567 incomperta.

471 2625 688 2680 Rursus
707 2625 797 2678 alii
821 2637 943 2676 cum
973 2627 1228 2691 parentes
1250 2616 1451 2687 alioqui
1483 2615 1682 2686 probos
1703 2615 1964 2678 habeant,

397 2720 729 2782 moriamur,
769 2725 860 2770 aut
893 2714 1019 2784 quia
1063 2711 1232 2766 futuri
1268 2718 1424 2765 erant
1471 2709 1679 2779 indigni
1711 2709 1972 2778 genitori-

395 2812 500 2866 bus
548 2809 702 2871 suis,
751 2823 820 2861 ne
871 2807 1138 2860 bonorum
1191 2805 1347 2858 mala:
1401 2804 1667 2856 columna:
1709 2807 1966 2855 exstent:

398 2909 493 2955 aut
524 2900 568 2954 si
606 2900 765 2969 probi
796 2897 1014 2967 quidem
1049 2905 1200 2960 sunt,
1232 2895 1448 2949 evasuri
1477 2903 1653 2946 tamen
1675 2891 1823 2957 pravi
1856 2906 1972 2943 Inu-

396 2992 608 3044 tatione
631 3005 866 3052 morum,
904 2989 948 3041 si
981 2993 1326 3047 crescerent,
1359 2984 1620 3038 beneficio
1642 2982 1968 3044 adiciuntur,

399 3099 508 3138 non
543 3090 924 3153 permanentes
956 3080 1008 3132 in
1045 3078 1244 3131 malum
1279 3091 1461 3136 suum,
1494 3075 1675 3128 omnia
1720 3071 1812 3127 Dei
1842 3087 1970 3140 pro-

2151 2611 2359 2664 Ἀλλων
2399 2607 2553 2676 αὖθις
2599 2607 2657 2664 εὖ
2703 2610 3062 2682 διακειμένων
3110 2612 3452 2680 τελευτῶσιν,
3502 2615 3534 2686 ἢ
3572 2617 3642 2682 ὡς

2074 2705 2280 2769 ἀνάξιοι
2312 2705 2421 2758 τῶν
2466 2704 2748 2773 φυσάντων
2795 2706 3167 2775 γενησόμενοι,
3221 2707 3306 2760 ἵνα
3359 2708 3432 2776 μὴ
3479 2709 3644 2779 στήλη

2076 2799 2216 2867 κακὴ
2247 2796 2465 2864 ἀγαθῶν
2504 2797 2808 2850 ἀναστῶσιν
2827 2815 2841 2826 ·
2881 2797 2914 2868 ἢ
2945 2798 3136 2865 ἀγαθοί
3165 2815 3228 2867 γε
3267 2801 3645 2869 τυγχάνοντες,

2076 2893 2123 2943 εί
2153 2891 2243 2943 ἐπὶ
2265 2890 2424 2943 πλέον
2457 2889 2756 2958 αὑξηθεῐεν,
2783 2889 2857 2952 ὼς
2880 2891 2943 2942 ἐκ
2971 2889 3273 2960 μεταϐολῆς
3297 2893 3645 2963 γενησόμενοι

2077 2977 2292 3047 φαῦλοι,
2331 2977 2759 3048 εὐεργετοῦνται,
2793 2979 2865 3048 μὴ
2891 2977 3011 3031 καθ’
3048 2979 3255 3033 ἑαυτῶν
3303 2980 3645 3051 διαμένοντες

2075 3069 2140 3137 τῇ
2200 3067 2502 3137 προγνώσει
2556 3066 2647 3118 τοῦ
2709 3066 2841 3120 Θεοῦ
2904 3068 3080 3121 πάντα
3141 3069 3486 3134 διοικοῦντος.
3539 3073 3646 3128 Καὶ

399 3177 641 3232 videntia
684 3183 737 3228 et
774 3172 1201 3244 prmrognitirne
1225 3183 1322 3224 sua
1365 3168 1723 3237 gubernante.
1763 3163 1966 3216 Adio—

2077 3161 2356 3229 ἀναγκαῖοί
2394 3179 2457 3230 γε
2493 3161 2612 3214 λίαν
2653 3163 2700 3214 oi
2738 3162 2912 3230 φόϐοι,
2947 3165 3042 3216 καὶ
3075 3165 3291 3219 ποικίλα
3327 3166 3417 3220 καὶ
3446 3168 3646 3239 ἄπειρα

398 3269 528 3322 dum
570 3268 752 3335 itaque
789 3263 1086 3318 necessarii
1117 3267 1244 3315 sunt
1286 3267 1484 3320 metus,
1513 3265 1566 3308 et
1614 3253 1777 3308 variae
1811 3259 1972 3320 atque

400 3361 626 3414 inﬁnitae
657 3366 786 3414 sunt
817 3373 996 3411 causa:
1034 3370 1224 3409 eorum
1267 3367 1388 3422 qua:
1431 3350 1572 3406 Deus
1597 3348 1878 3418 dispensat
1908 3360 1973 3399 ac

401 3453 680 3522 providet;
729 3458 784 3504 et
823 3463 966 3516 szepe
1028 3447 1228 3516 smpius
1277 3444 1462 3498 eadem
1512 3448 1731 3511 propter
1790 3437 1971 3492 varias

399 3557 596 3595 causas
635 3540 913 3594 eveniunt.
960 3535 1054 3591 Ille
1104 3541 1331 3604 a-grotat
1375 3541 1598 3603 propter
1639 3539 1882 3601 peccata,
1914 3535 1974 3581 ιιι

399 3641 793 3689 convertatur:
834 3632 976 3685 alius
1005 3640 1225 3698 propter
1251 3627 1531 3686 virtutem,
1564 3631 1625 3678 ut
1664 3622 1838 3692 magis
1877 3620 1974 3674 ad-

406 3725 513 3777 huc
547 3732 900 3786 exerceatur;
935 3720 990 3773 in
1023 3718 1391 3774 testimonium
1421 3717 1547 3770 item
1583 3715 1723 3769 alius
1754 3722 1974 3783 propter

405 3811 635 3866 nimium
669 3817 976 3879 peccatum,
1014 3816 1072 3861 ut
1103 3816 1394 3877 arguatur;
1431 3815 1482 3859 et
1513 3803 1759 3873 ejusdem
1808 3817 1973 3856 casus

407 3903 570 3958 variae
598 3905 760 3957 etiam
793 3917 994 3956 causa.
1027 3899 1121 3956 Ille
1151 3899 1349 3954 amittit
1375 3914 1508 3969 opes
1537 3898 1676 3951 male
1706 3896 1784 3951 eis
1815 3911 1972 3960 usus,

405 3997 516 4052 Deo
541 4000 626 4052 sic
657 3996 734 4048 illi
771 3993 1137 4064 prospiciente
1163 4007 1226 4047 ac
1256 3998 1590 4062 praecaventc
1617 4009 1629 4044 :
1656 3989 1794 4044 alius
1819 3996 1877 4042 ut
1906 3989 1973 4042 ad

404 4093 662 4146 virtutem
694 4105 789 4158 per
815 4088 1050 4157 inopiam
1085 4103 1144 4142 se
1167 4093 1420 4141 exerceat
1451 4083 1627 4137 :alius
1659 4091 1852 4151 sponte
1877 4096 1975 4136 sua

405 4197 570 4254 grave
613 4181 825 4251 pondus
863 4179 1176 4233 divitiarum
1207 4177 1414 4246 abjicit,
1460 4192 1526 4230 ne
1579 4175 1692 4230 sint
1721 4174 1769 4229 ei
1807 4175 1977 4243 impe-

409 4276 653 4328 dimento
700 4271 764 4325 ad
799 4271 1082 4325 virtutem.
1127 4269 1314 4339 Neque
1351 4269 1506 4322 facile
1536 4267 1805 4339 quispiam
1854 4281 1978 4336 per-

406 4365 620 4435 spicere
658 4370 838 4431 potest
885 4362 1193 4415 absolutam
1246 4359 1510 4414 rationem
1563 4373 1748 4412 earum
1793 4371 1977 4410 rerum

405 4472 543 4527 quas
569 4454 709 4508 Deus
739 4453 1024 4523 gubernat,
1053 4459 1111 4506 ut
1146 4451 1457 4506 hominibus
1498 4450 1768 4505 consulat.
1794 4447 1996 4502 Pauca--

2078 3254 2156 3324 τῷ
2187 3253 2377 3324 πλήθει
2425 3253 2494 3307 τά
2535 3254 2702 3317 αἴτια,
2743 3248 2817 3307 ὧν
2858 3254 2914 3309 δέ
2946 3255 3076 3320 Θεὸς
3113 3258 3414 3329 οἰκονομεῖ·
3450 3259 3544 3312 καὶ
3579 3261 3644 3313 τὸ

2079 3347 2215 3400 αὺτά
2261 3347 2515 3411 πολλάκις
2557 3349 2643 3402 διὰ
2691 3348 2939 3413 ποικίλας
2988 3349 3286 3420 προφάσεις
3343 3351 3628 3421 συμϐαίνει

2092 3439 2149 3492 Ὀ
2184 3439 2282 3508 μὲν
2329 3439 2601 3510 unum:
2650 3440 2716 3493 δι’
2762 3441 3035 3512 ἁμαρτίας
3086 3443 3576 3513 ἐπιστρεφόμενος·
3621 3445 3652 3498 ό

2078 3531 2135 3584 δὲ
2157 3530 2223 3583 δι’
2252 3531 2450 3602 ἀρετὴν
2497 3531 2575 3585 ἔτι
2625 3532 2823 3602 μᾶλλον
2868 3534 3275 3604 γυμναζόμενος
3323 3536 3402 3598 είς
3443 3552 3650 3608 μαρτυ-

2083 3624 2233 3693 ρίαν·
2270 3623 2427 3688 άλλος
2457 3625 2544 3678 διὰ
2575 3625 2882 3698 ὑπερϐολὴν
2913 3625 3110 3690 κακίας
3143 3625 3524 3697 ἐλεγχόμενος·
3557 3631 3651 3684 καὶ

2078 3713 2172 3765 τοῦ
2221 3714 2386 3767 αὐτοῦ
2434 3714 2834 3785 συμπτώματος
2882 3715 3096 3768 ποικίλα
3131 3715 3200 3769 τὰ
3231 3717 3397 3770 αἴτια.
3437 3717 3495 3771 Ὀ
3553 3718 3650 3788 μὲν

2081 3806 2333 3858 ἐκπίπτει
2390 3806 2652 3872 πλούτου,
2700 3806 2774 3878 μὴ
2824 3806 3004 3870 καλῶς
3056 3807 3430 3878 χρησάμενος·
3495 3808 3652 3872 ἄλλος

2081 3899 2156 3961 ώς
2194 3897 2372 3960 καλῶς
2407 3899 2749 3969 χρησάμενος
2788 3899 2959 3966 φειδοῖ
3003 3899 3170 3952 Θεοῦ·
3220 3900 3376 3963 ἄλλος
3421 3899 3479 3952 δὲ
3519 3899 3654 3971 πρὸς

2081 3991 2279 4061 ἀρετὴν
2305 3988 2391 4042 διὰ
2422 3991 2609 4054 πενίας
2631 3991 3037 4061 γυμναζόμενος
3055 4008 3068 4022 ·
3099 3991 3282 4062 ἕτερος
3309 3991 3449 4045 ἐκὼν
3473 3993 3652 4064 ῥίπτει

2082 4085 2186 4134 τῶν
2220 4081 2516 4152 χρημάτων
2562 4081 2622 4135 τὸ
2669 4081 2852 4154 βάρος,
2883 4083 2957 4147 ὡς
2987 4084 3059 4155 μὴ
3094 4083 3229 4156 πρὸς
3257 4084 3458 4155 ἀρετὴν
3484 4085 3653 4154 ἐμπο-

2081 4174 2294 4236 δίζοιτο.
2324 4175 2431 4227 Καὶ
2464 4175 2562 4228 οὐκ
2590 4174 2655 4228 ἂν
2689 4175 2788 4246 μέν
2825 4193 2909 4238 τις
2939 4177 3134 4247 ῥᾳδίως
3158 4177 3362 4230 κατίδοι
3385 4177 3485 4247 τὴν
3513 4176 3654 4229 κατά

2086 4266 2248 4336 μέρος
2279 4266 2582 4339 ἀκρίϐειαν,
2617 4261 2690 4320 ὧν
2728 4268 2757 4320 ό
2813 4267 2944 4332 Θεὸς
2996 4269 3295 4341 ἀνθρώπων
3342 4269 3653 4338 φειδόμενος

2083 4360 2384 4428 οἰκονομεῖ·
2414 4358 2483 4413 τὰ
2510 4360 2566 4412 δέ
2610 4359 2764 4427 ὀλίγα
2810 4360 3333 4431 καταλαμϐανόμενα
3367 4360 3545 4424 πίστις
3572 4360 3655 4428 γί-

2082 4465 2230 4502 νεται
2261 4449 2368 4502 τῶν
2411 4451 2483 4521 μὴ
2535 4450 3118 4522 καταλαμϐανομένων.
3169 4451 3250 4505 Τὰ
3300 4453 3398 4523 μὲν
3423 4452 3532 4522 γὰρ
3559 4453 3654 4506 καὶ

408 4561 535 4602 vero
561 4560 683 4615 qua:
715 4521 1111 4612 comprehensa
1155 4550 1304 4605 sunt,
1353 4541 1513 4595 fidem
1549 4539 1755 4592 faciunt.
1787 4553 1973 4592 eorum

2081 4540 2244 4603 αὐτὸς
2288 4541 2593 4612 ἀνθρώποις
2637 4521 2942 4613 σαφηνίζει,
2982 4543 3058 4607 ὡς
3099 4543 3165 4597 ἂν
3197 4521 3368 4614 ἔχοιεν
3393 4521 3654 4598 ἀναϐάσει

407 4654 528 4708 ιμιερ
573 4653 682 4691 non
718 4646 868 4691 sunt.
903 4635 1157 4702 Quaedam
1190 4634 1335 4687 enim
1381 4633 1496 4702 ipse
1530 4630 1770 4685 declarat
1810 4629 1984 4684 homi-

410 4731 591 4789 nibus.
631 4737 688 4782 ut
717 4727 1125 4798 quodammo‘do
1160 4741 1226 4780 ex
1254 4725 1320 4779 iis
1347 4739 1466 4793 qua:
1499 4725 1762 4778 sentiunt.
1789 4737 1983 4776 ascen-

409 4820 539 4876 dere
568 4822 781 4891 possiut
806 4821 872 4874 ad
906 4835 1053 4874 eum.
1079 4817 1199 4871 Alia
1231 4832 1359 4870 vero
1389 4815 1618 4884 plurima
1647 4815 1983 4870 obscuritate

411 4914 675 4982 contegit,
714 4928 782 4966 ne
813 4919 1006 4965 contra
1039 4926 1100 4965 se
1137 4909 1227 4963 fiat
1260 4909 1519 4978 magister
1548 4924 1654 4961 non
1683 4907 1936 4961 credendi
1965 4925 1980 4961 :

414 5021 514 5061 nec
543 5005 688 5060 enim
722 5003 952 5058 decebat
986 5003 1227 5055 omnium
1255 5017 1374 5071 quae
1397 5000 1671 5069 sigillatim
1706 5001 1859 5062 fiunt,
1888 4999 1986 5055 de-

411 5097 840 5151 monstrationes
869 5109 898 5148 a
932 5093 1042 5147 Deo
1073 5108 1332 5163 poscere;
1366 5091 1634 5160 siquidem
1671 5090 1984 5160 hujusmodi

413 5189 652 5253 cognitio
701 5186 974 5241 diliieilior
1015 5193 1072 5239 et
1119 5185 1274 5254 pejor
1318 5194 1400 5238 est
1431 5200 1592 5254 quam
1638 5184 1981 5252 ignorantia;

415 5279 518 5332 hac
539 5279 683 5332 enim
724 5280 933 5332 ratione
975 5277 1238 5332 suadetur
1284 5278 1474 5337 menti,
1505 5275 1650 5345 quod
1698 5275 1982 5338 addiscat;

417 5369 618 5439 alioqui
644 5371 777 5424 nihil
803 5387 1016 5432 eorum,
1049 5386 1170 5440 qua:
1199 5369 1340 5423 Deus
1369 5369 1655 5438 gubernat,
1691 5361 1755 5420 ad
1775 5367 1983 5433 justam

416 5461 868 5530 gubernationem
905 5462 1154 5516 referret.
1187 5460 1376 5514 Melior
1400 5467 1582 5514 autem
1615 5459 1778 5512 estin
1817 5461 1984 5516 (leum

419 5551 552 5606 fides
588 5559 640 5606 et
669 5552 937 5617 charitas;
985 5560 1037 5606 et
1066 5566 1319 5622 quamvis
1350 5565 1503 5604 mens
1553 5563 1660 5602 non
1691 5547 1986 5617 perspiciat

420 5657 542 5711 quze
576 5643 728 5705 liunt,
752 5643 984 5700 mundat
1020 5653 1200 5698 tamen
1241 5650 1388 5697 recte
1429 5641 1773 5712 gubernanti.
1808 5639 1980 5711 Siqu’-

421 5731 545 5785 dem
577 5733 634 5787 in
674 5736 929 5791 omnibus
963 5737 1128 5789 rebus
1172 5733 1367 5788 adduci
1405 5731 1739 5801 argumentis
1773 5740 1826 5787 et
1858 5746 1978 5803 pro-

429 5824 762 5890 bationibus,
803 5828 982 5897 potius
1009 5835 1150 5881 esset
1186 5823 1409 5895 perfidia
1444 5821 1606 5893 quam
1630 5824 1786 5881 lldes.

2083 4631 2380 4702 κεχρῆσθαι
2416 4632 2615 4702 τρόπον
2642 4631 2763 4684 τινὰ
2793 4633 2927 4703 πρὸς
2961 4633 3144 4697 αὑτὸν,
3183 4631 3248 4684 δι’
3273 4625 3347 4685 ὧν
3389 4629 3651 4684 ἐπαισθά-

2081 4738 2259 4775 νονται
2280 4736 2291 4750 ·
2317 4719 2388 4772 τὰ
2417 4720 2473 4772 δὲ
2512 4719 2739 4774 πλεῖστα
2778 4720 3007 4791 κρύπτει
3038 4721 3104 4773 δι’
3145 4720 3431 4788 ἀσαφείας,
3463 4720 3548 4773 ἵνα
3579 4720 3653 4790 μὴ

2081 4813 2305 4883 γένηται
2347 4815 2444 4883 τῆς
2497 4813 2616 4866 καθ’
2657 4815 2846 4868 ἐαυτοῦ
2898 4831 2960 4884 γε
3008 4814 3262 4876 ἀπιστίας
3305 4813 3652 4876 διδάσκαλος·

2082 4906 2200 4960 οὐδὲ
2227 4906 2335 4977 γὰρ
2361 4908 2603 4978 προσῆκε
2630 4908 2738 4961 τῶν
2762 4908 3060 4978 γινομένων
3087 4908 3316 4961 ἑκάστου
3344 4906 3495 4978 παρά
3521 4905 3655 4960 Θεοῦ

2080 5000 2181 5068 τὴν
2216 4999 2483 5065 ἀπόδειξιν
2518 5001 2792 5053 ἀπαιτεῖν·
2818 4999 2939 5052 ἐπεί
2978 5017 3058 5052 τοι
3094 4998 3450 5070 χαλεπωτέρα
3475 4997 3655 5066 γίγνε-

2083 5110 2170 5147 ται
2208 5094 2304 5163 τῆς
2330 5094 2547 5161 ἀγνοίας
2576 5095 2608 5164 ἡ
2635 5091 2855 5163 τοιαύτη
2880 5092 3098 5161 γνῶσις,
3128 5091 3200 5154 ὡς
3234 5089 3320 5144 διὰ
3352 5089 3508 5142 τοῦτο
3531 5089 3654 5141 δυσ-

2085 5183 2400 5252 ωπουμένου
2447 5182 2542 5236 τοῦ
2586 5182 2698 5242 νοῦ,
2725 5182 2805 5234 ὅτι
2839 5181 3097 5252 μανθάνοι
3118 5199 3130 5210 ·
3168 5180 3340 5243 ἄλλως
3374 5179 3418 5231 δ’
3459 5177 3524 5232 ἂν
3553 5177 3654 5230 οὐκ

2083 5272 2148 5325 ἂν
2178 5272 2468 5342 δεξαμένου
2499 5271 2632 5335 πρὸς
2663 5272 2873 5325 δικαίαν
2897 5270 3205 5341 οἰκονομίαν
3231 5269 3382 5322 οὐδὲν
3409 5261 3483 5320 ὧν
3521 5266 3654 5319 διοι-

2082 5369 2170 5418 κεί
2205 5366 2354 5430 Θεός.
2395 5366 2623 5418 Βελτίων
2653 5365 2711 5417 δὲ
2744 5366 2778 5434 ἠ
2802 5363 2935 5435 πρὸς
2968 5362 3098 5416 Θεὸν
3122 5363 3303 5424 πίστις
3329 5377 3389 5414 τε
3417 5359 3512 5412 καὶ
3542 5357 3630 5410 διά

2086 5459 2260 5523 θεσις·
2295 5462 2386 5514 καὶ
2410 5460 2532 5530 δίχα
2557 5457 2651 5512 τοῦ
2681 5457 2917 5527 καθορᾷν
2938 5457 3029 5510 τὸν
3055 5453 3178 5508 νοῦν
3205 5454 3313 5506 τῶν
3349 5450 3628 5524 πραττομέ

2087 5571 2214 5617 νων,
2249 5552 2469 5623 θαρρεῖν
2515 5553 2580 5621 τῇ
2625 5549 2716 5603 τοῦ
2757 5547 3080 5610 διοικοῦντος
3105 5545 3387 5618 ὀρθότητι·
3415 5543 3536 5598 ἐπεί
3569 5558 3654 5596 τοι

2085 5646 2145 5698 τὸ
2177 5644 2240 5697 δι’
2266 5641 2590 5707 ἀποδείξεων
2619 5640 2893 5711 πανταχοῦ
2933 5637 3389 5712 προσϐιϐἀξεσθαι
3431 5631 3660 5691 ἀπιστία
3739 5669 3747 5673 -

2089 5737 2265 5809 σαφὴς
2301 5735 2498 5807 μᾶλλον
2531 5735 2565 5804 ἦ
2598 5733 2780 5796 πίστις
2801 5733 2866 5787 ἂν
2901 5731 3007 5802 είη.
3341 5715 3344 5720 ’
