4100 6418
460 420 591 478 1181

528 532 662 585 υὺδὲ
702 531 886 600 φίλους
927 532 1180 603 γνησίους
1232 531 1415 587 πολλοὶ
1461 534 1913 604 περιεργάζονται
1947 532 2026 603 τῷ
2055 549 2097 603 Α

456 623 793 694 ἀνεξετάστῳ
832 623 934 693 τῆς
976 625 1260 688 συνουσίας
1291 624 1352 677 τὸ
1382 626 1600 695 γνήσιον
1645 625 1916 695 νέμοντες,
1949 624 2024 688 ὡς

457 715 653 786 ῥᾳδίως
698 717 781 767 ἐπ’
818 715 1046 786 ἀπιστίᾳ
1081 714 1520 786 διαϐαλλόμενοι,
1560 718 1609 769 εί
1660 716 1925 788 μηδέποτε
1961 715 2024 768 τὸ

456 806 678 878 θαρρεῖν
704 807 911 871 τούτοις
934 808 1070 877 μετά
1089 824 1151 875 γε
1174 806 1271 878 τὴν
1294 810 1487 879 πεῖραν
1508 809 1843 879 παρέχοιντο.
1867 808 2023 861 Οῦτω

451 901 517 972 δὴ
558 903 652 955 καὶ
688 901 841 967 Θεὸς,
885 902 1120 972 μάλιστα
1169 902 1487 973 βουλόμενος
1532 907 1677 975 ἡμᾶς
1722 902 2021 957 διακεῖσθαι

454 994 591 1064 πρὸς
619 994 831 1057 ἑαυτὸν,
862 995 959 1064 οὑχ
991 992 1206 1048 ἅπασαν
1247 995 1345 1065 τῆς
1390 996 1583 1048 ἑαυτοῦ
1635 996 1887 1067 προνοίας
1922 1011 2021 1048 σα-

454 1083 665 1152 φηνίζει
704 1085 805 1157 τὴν
855 1084 1379 1156 ἐνέργειανὲθέλει
1417 1086 1525 1156 γὰρ
1559 1087 1703 1156 ἡμᾶς
1748 1084 2020 1139 πιστεύειν

449 1174 621 1245 αὐτῷ,
665 1175 727 1228 οὑ
775 1176 878 1247 μὴν
921 1178 1027 1231 οὐδ’
1074 1178 1292 1232 ἅπασαν
1337 1177 1715 1246 ἀποκρύπτει,
1761 1176 1895 1229 ἀλλά
1951 1176 2018 1229 δι’

451 1264 608 1318 ὲνὶων
633 1268 1039 1338 ὑποδειγμάτων
1064 1268 1332 1340 ὑπερείδει
1352 1267 1551 1339 τρόπον
1570 1266 1689 1320 τινὰ
1715 1267 1803 1321 τὸν
1824 1267 2017 1337 ἡμέτε-

452 1371 544 1426 ρον
568 1374 711 1412 νουν.

517 1545 579 1597 Οἱ
619 1542 719 1612 μὲν
756 1535 849 1593 οῦν
885 1539 1223 1609 εὐγνώμονες
1269 1542 1335 1610 τῇ
1378 1537 1631 1607 προθέσει
1668 1537 1761 1590 καὶ
1801 1536 2018 1589 εὐσεϐέ-

449 1651 651 1695 στατοι,
681 1633 796 1701 ἅμα
829 1649 888 1683 τε
919 1630 1266 1695 διαίσθονται,
1295 1629 1392 1683 καὶ
1436 1628 1534 1696 τὴν
1566 1628 1785 1697 μνήμην
1824 1629 1902 1689 εἰς
1930 1628 2016 1680 ἀεὶ

445 1724 849 1794 παραμένοντες
874 1720 1206 1790 διατηροῦσι,
1236 1718 1340 1787 γῆς
1375 1717 1573 1788 τρόπον
1605 1714 1815 1786 ἀγαθῆς
1843 1715 2013 1786 σπέρ-

448 1831 595 1887 ματα
631 1811 929 1882 δεξαμένης
956 1796 1245 1872 ἀνθοῦντες
1270 1807 1408 1879 πρὸς
1434 1805 1504 1859 τὰ
1531 1805 1689 1859 καλά.

1511 414 1877 474 ADVERSUS
1914 414 2332 472 MANICHEOS
2371 414 2498 470 LIB.
2542 413 2605 469 ll.

3556 412 3694 466 “Si

2200 529 2311 584 lmo
2350 530 2593 600 plerique
2625 528 2681 581 in
2712 541 2871 580 veros
2903 535 2959 581 et
2989 540 3278 596 germanos
3325 522 3535 576 amicos
3581 536 3695 575 non

2130 623 2415 692 inquirunt
2441 621 2682 681 curiose,
2719 617 3015 688 legitimam
3058 632 3122 672 ac
3151 630 3462 687 germanam
3504 613 3696 668 amici-

2125 713 2253 766 tiam
2287 712 2389 765 ltue
2415 713 2535 783 ipso
2563 709 2875 771 reddentes,
2911 705 3056 777 quod
3078 723 3201 762 cum
3224 706 3419 761 amicis
3453 705 3574 761 sine
3594 719 3693 759 cu-

2126 804 2373 858 riositate
2415 810 2709 858 versantur
2746 807 3048 868 :tanquam
3089 798 3246 854 facile
3286 800 3692 855 accusationem

2122 893 2359 963 perﬁdia:
2405 893 2770 953 incurrentes,
2806 889 2853 945 si
2893 904 3175 959 nunquam
3217 900 3340 960 post
3388 890 3691 961 periculum

2122 983 2324 1039 factum
2381 985 2516 1055 ipsis
2569 984 2868 1038 conlidant.
2940 981 3033 1036 Sic
3100 983 3264 1037 etiam
3327 981 3511 1046 Deus,
3562 995 3689 1035 cum

2120 1078 2357 1130 maxime
2396 1076 2545 1141 velit,
2593 1084 2650 1128 ιιι
2680 1075 2853 1129 simus
2894 1087 3024 1142 erga
3055 1075 3236 1143 ipsum
3268 1072 3404 1127 bene
3438 1070 3687 1134 animati,

2118 1182 2227 1222 non
2262 1181 2477 1221 omnem
2516 1167 2872 1235 providentia:
2925 1180 3037 1220 suae
3089 1165 3196 1217 vim
3245 1170 3299 1217 et
3343 1160 3687 1216 ellieientiam

2115 1259 2355 1317 declarat
2384 1278 2397 1313 :
2430 1259 2545 1311 vult
2573 1259 2717 1312 enim
2767 1269 2829 1313 ut
2859 1258 2907 1313 ei
2936 1256 3227 1311 credamus
3252 1273 3265 1318 ;
3301 1270 3477 1324 neque
3498 1268 3688 1309 rursus

2114 1366 2329 1406 omnem
2358 1367 2460 1406 nos
2483 1350 2647 1412 celat,
2671 1349 2765 1405 sed
2792 1348 3120 1420 quibusdam
3145 1349 3411 1418 exemplis
3433 1347 3691 1418 quodam-

2114 1441 2275 1495 modo
2301 1449 2536 1495 mentem
2571 1449 2819 1495 nostram
2850 1448 3143 1496 sustentat.

2184 1530 2287 1598 Qui
2319 1531 2485 1599 igitur
2526 1532 2713 1585 animo
2744 1539 2899 1601 grato
2937 1541 2989 1587 et
3030 1531 3121 1601 pio
3152 1540 3301 1592 sunt,
3350 1529 3513 1584 simul
3558 1544 3686 1584 sen—

2115 1623 2279 1685 tiunt,
2305 1632 2362 1676 et
2389 1624 2708 1677 memoriam
2736 1639 2950 1693 semper
2968 1632 3299 1677 conservant
3330 1622 3504 1677 instar
3525 1629 3689 1678 terrae

2114 1714 2266 1767 bona:
2291 1722 2443 1779 sata),
2471 1712 2826 1769 ﬂorescentes
2857 1715 2912 1768 in
2944 1714 3128 1770 studio
3158 1714 3447 1769 virtutum.

512 1907 574 1960 Οἱ
606 1905 663 1958 δὲ
691 1903 893 1955 πλείονι
938 1902 1200 1973 βαρύτητι
1234 1900 1334 1969 τῆς
1382 1896 1665 1969 συνηθείας
1699 1896 1806 1949 τῶν
1840 1896 2003 1967 ἁμαρ·

2188 1885 2292 1953 Qui
2323 1903 2455 1941 vero
2498 1894 2734 1943 mentem
2763 1889 2966 1945 habent
3014 1904 3209 1960 magna
3240 1891 3504 1960 gravitate
3550 1901 3687 1942 con-

440 1991 699 2064 τημάτων
739 1989 1070 2060 κεχωσμένοι
1111 1988 1200 2041 τὸν
1242 1986 1388 2051 νοῦν,
1422 1986 1454 2056 ἢ
1499 1985 1700 2055 ἑτέρων
1746 1984 2013 2055 προλήψει

439 2084 579 2136 κατά
606 2081 740 2135 Θεοῦ
770 2081 1121 2151 πλασμάτων,
1147 2073 1235 2133 οἷα
1256 2079 1320 2149 δὴ
1350 2078 1446 2132 καὶ
1468 2079 1496 2129 ὁ
1518 2078 1709 2147 Μάνης
1732 2076 2012 2147 ἐξήνεγκε,

438 2174 533 2226 καὶ
561 2173 689 2243 παρ’
718 2171 897 2235 ἄλλοις
929 2170 1077 2242 εὖροι
1098 2186 1183 2233 τις
1214 2169 1301 2232 ἂν,
1330 2169 1614 2238 κρούονται
1658 2166 1757 2239 μὲν
1782 2167 1880 2238 τὴν
1903 2168 2017 2222 διά-

438 2278 606 2325 νοιαν,
634 2262 1008 2333 διακρούονται
1032 2261 1088 2315 δὲ
1118 2260 1225 2315 τῶν
1258 2260 1669 2330 ὑποδειγμάτων
1695 2259 1794 2331 τὴν
1825 2258 2016 2329 αἴσθη-

439 2369 523 2407 σιν
546 2355 638 2407 καὶ
659 2355 721 2408 τὸ
741 2354 950 2424 ὄφελος.

2070 1970 2083 1979 ’
2116 1978 2423 2034 suetudinis
2469 1988 2819 2050 peccatorum
2867 1979 3120 2033 obrutam
3158 1987 3213 2034 et
3262 1978 3555 2048 oppletam,
3592 1983 3688 2031 aut

2117 2072 2511 2141 anticipatione
2551 2072 2783 2126 aliarum
2816 2081 3007 2124 contra
3037 2069 3204 2125 Deum
3247 2069 3497 2123 {letarum
3533 2068 3685 2137 cogi-

2124 2163 2413 2227 tationum,
2445 2164 2637 2234 quales
2665 2162 2990 2217 Manichacus
3029 2160 3383 2232 deprompsit,
3415 2168 3470 2214 et
3496 2159 3687 2228 quales

2120 2253 2263 2323 apud
2316 2255 2453 2308 alios
2501 2257 2880 2326 reperiuntur;
2926 2254 3178 2324 pulsatur
3227 2250 3447 2322 quidem
3494 2265 3683 2306 eorum

2118 2359 2294 2405 mens.
2331 2344 2427 2400 sed
2469 2346 2742 2415 repellunt
2783 2359 3005 2400 sensum
3053 2342 3426 2414 exemplorum
3456 2349 3511 2396 et
3539 2337 3685 2395 utili-

2114 2440 2303 2488 tatem.

960 2565 1090 2618 CAP.
1118 2561 1308 2618 XXIV.
1352 2561 1689 2617 Prwdimtur
1723 2562 1818 2616 Dei
1845 2532 2174 2630 providentia
2201 2569 2347 2623 circa
2384 2569 2642 2623 animalia
2672 2568 2875 2622 homini
2913 2565 3152 2621 inutilia.

501 2681 687 2736 Ταῦτα
712 2680 810 2751 μὲν
832 2679 1176 2751 προσκείσθω
1208 2680 1337 2750 περὶ
1370 2678 1470 2748 τῆς
1493 2678 1721 2732 καθόλου
1754 2681 2009 2751 προνοίας
2042 2666 2043 2669 η

430 2777 524 2832 τοῦ
556 2774 666 2829 τῶν
705 2775 839 2828 ὅλων
869 2773 1025 2827 Θεοῦ.
1062 2770 1170 2827 Ἦν
1210 2773 1267 2826 δὲ
1309 2774 1371 2825 τὸ
1418 2771 1803 2843 ἐξεταζόμενον
1851 2775 2005 2843 ἡμῖν,

430 2867 559 2940 περὶ
599 2865 802 2938 θηρίων
844 2866 1118 2929 ἁπάντων,
1160 2865 1254 2919 καὶ
1302 2863 1656 2919 ἀπεδείκνυτο
1709 2868 1820 2928 τοῖς
1868 2865 2009 2919 κατά

427 2959 588 3028 φύσιν
635 2958 913 3028 λογισμοῖς
953 2954 1077 3009 οὔτε
1132 2955 1277 3009 κακά
1330 2955 1454 3009 οὗτε
1502 2958 1566 3009 ὲκ
1616 2955 1812 3018 κακίας
1862 2957 2008 3019 τινὸς

424 3049 632 3104 ταῦτα’
666 3048 908 3118 χρήσιμα
948 3046 1006 3099 δὲ
1040 3045 1159 3098 λίαν
1201 3043 1506 3115 ἀνθρώποις
1542 3046 1620 3107 εἰς
1657 3045 1809 3107 δέους
1838 3062 2010 3098 κατα-

427 3139 650 3210 σκευήν.
700 3138 762 3191 El
814 3136 924 3208 γάρ
985 3135 1201 3190 ᾶπαντα
1257 3135 1326 3189 τά
1389 3135 1531 3189 κατὰ
1592 3136 1692 3205 τὴν
1748 3135 2007 3207 δημιουρ-

2183 2684 2362 2755 Atque
2410 2685 2523 2741 lucc
2569 2684 2789 2756 quidem
2842 2683 3053 2752 adjecm
3108 2682 3221 2737 sint
3267 2682 3567 2751 generatim
3614 2682 3684 2738 de

2115 2776 2453 2845 providentia
2509 2775 2601 2831 Dei
2661 2776 3061 2831 universorum.
3113 2773 3245 2827 Erat
3290 2780 3472 2827 autem
3524 2773 3683 2827 nobis

2114 2869 2345 2938 quaestio
2385 2869 2453 2924 de
2504 2869 2761 2923 omnibus
2812 2867 2972 2932 feris;
3007 2865 3551 2935 demenstratumque
3596 2874 3683 2920 est

2116 2962 2422 3016 rationibus
2450 2976 2516 3016 ex
2544 2970 2741 3015 natura
2773 2960 2955 3014 ductis
2984 2974 3160 3028 neque
3192 2959 3364 3011 mulas
3403 2972 3547 3021 esse,
3581 2972 3684 3010 nec

2113 3068 2178 3106 ex
2214 3052 2325 3107 ullo
2359 3054 2501 3106 malo
2542 3050 2816 3121 principio
2860 3047 3157 3119 profectas,
3201 3049 3361 3101 utiles
3394 3061 3521 3101 vero
3559 3060 3684 3100 esse

2113 3142 2423 3197 lmmiuiltus
2453 3142 2519 3196 ad
2555 3140 2929 3196 incutieudutn
2971 3149 3195 3192 metum.
3225 3136 3280 3192 Si
3308 3138 3451 3193 enim
3478 3152 3598 3207 qua:
3627 3137 3681 3192 in

425 3230 551 3298 γεἀν
587 3229 717 3299 ἡδέα
765 3228 922 3297 μόνον
965 3226 1226 3297 ἐτύγχανε
1273 3227 1367 3280 καὶ
1418 3226 1731 3298 ἱλαρότητος
1774 3226 2003 3297 ἔμπλεα,

2114 3235 2317 3288 mundo
2343 3234 2483 3287 facta
2510 3240 2659 3294 sunt,
2688 3232 2876 3287 suavia
2908 3238 3094 3285 essent
3116 3237 3168 3285 et
3188 3230 3478 3283 hilaritatis
3500 3229 3678 3299 plena,

426 3322 521 3374 καὶ
557 3320 722 3391 μηδὲν
758 3315 826 3389 ἦν
863 3318 1137 3381 παντελῶς
1181 3319 1242 3372 τὸ
1283 3317 1462 3390 ἠρέμα
1511 3316 1640 3385 γοῦν
1692 3317 1955 3384 ὲκφοϐοῦν
1980 3334 1995 3349 ’

425 3408 674 3478 χαλεπῶς
707 3407 773 3461 ἂν
816 3404 1000 3471 ἔδοξαν
1042 3405 1316 3477 ἄνθρωποι
1363 3402 1824 3472 παιδαγωγεῖσθαι
1862 3401 1998 3473 πρὸς

424 3499 667 3570 ἀφοϐίαν.
1863 3502 1876 3513 “

498 3592 651 3662 Ἔχει
686 3590 742 3643 δὲ
780 3588 953 3646 ταῦτα
981 3587 1076 3641 καὶ
1106 3585 1374 3648 ποικιλίας
1408 3585 1628 3654 κόσμον,
1658 3584 1751 3637 καὶ
1782 3583 1859 3653 τῷ
1893 3601 1989 3652 φο-

423 3682 570 3755 ϐερῷ
595 3679 1081 3751 καταμεμιγμένην
1112 3678 1210 3748 τὴν
1254 3677 1606 3747 εὐπρέπειαν.
1639 3675 1848 3729 Αὐτίκα
1896 3676 1992 3728 καὶ

423 3776 561 3847 πρὸς
602 3774 810 3836 τούτοις
856 3772 1004 3825 ἔστιν
1034 3770 1219 3841 ἕτερα,
1253 3768 1289 3822 ἀ
1335 3771 1470 3839 μήτε
1514 3768 1735 3839 τρέφειν
1780 3766 1994 3838 ἀνθρὼ-

423 3884 557 3929 πους
607 3865 916 3935 ἐπιτήδεια,
956 3866 1090 3934 μήτε
1154 3860 1446 3931 περιϐολὴν
1494 3859 1804 3929 ἐνδυμάτων
1850 3875 1991 3929 παρ-

421 3958 597 4028 έχειν’
636 3956 760 4026 μήτ’
807 3950 898 4007 οὖν
926 3951 1163 4024 θηριώδη
1194 3952 1288 4004 καὶ
1311 3952 1477 4022 ἄγρια
1510 3949 1787 4020 τυγχάνει,
1834 3949 1994 4019 μόνον

418 4049 477 4103 δὲ
509 4048 713 4117 κόσμον
756 4046 856 4116 τὴν
894 4043 1168 4097 ποικιλίαν
1209 4041 1540 4112 ἀναπληροῖ·
1573 4042 1668 4095 καὶ
1711 4040 1888 4111 δῆλον,
1919 4040 1994 4103 ὡς

420 4138 637 4193 ἅπαντα
661 4136 846 4207 ἦρεμά
871 4152 931 4188 τε
974 4135 1070 4188 καὶ
1118 4134 1304 4204 ἄγρια,
1338 4133 1431 4186 καὶ
1466 4131 1538 4185 τά
1579 4132 1758 4203 μέσως
1803 4131 1993 4201 ἔχοντα

418 4230 537 4294 ἑνὸς
595 4225 1011 4296 ὑποϐεϐλημένα
1061 4223 1392 4296 δημιουργίᾳ
1432 4239 1494 4276 τε
1544 4222 1637 4276 καὶ
1694 4221 1992 4292 βουλήματι

416 4320 683 4390 διαμένοι,
733 4317 831 4389 τὴν
880 4316 937 4369 δὲ
990 4314 1417 4386 ἀλληλοφθορίαν
1467 4311 1843 4381 διαφεύγοντα,
1897 4309 1990 4363 καὶ

417 4411 683 4473 ποικίλοις
714 4407 1180 4477 πλεονεκτήμασιν
1213 4404 1589 4476 ὴσιραλισμένα
1609 4420 1622 4433 ο
1652 4402 1721 4455 τά
1757 4403 1852 4472 μὲν
1880 4401 1990 4470 γὰρ

419 4502 571 4571 ἰσχὺν
605 4500 815 4570 ἄμαχον
849 4498 994 4568 ἔχει·
1027 4497 1095 4550 τά
1121 4497 1179 4550 δὲ
1212 4497 1574 4567 ἀσθενέστερα
1604 4494 1681 4564 τῷ
1707 4496 1860 4563 τάχει
1891 4493 1992 4564 τῆς
2026 4488 2067 4541 D

415 4596 629 4661 φύσεως
676 4590 775 4663 τὴν
827 4587 1099 4660 σωτηρίαν
1145 4588 1447 4660 πορίζεται,
1499 4588 1595 4641 καὶ
1642 4586 1776 4641 ἄλλα
1814 4585 1987 4648 ἄλλως

412 4683 709 4738 ὥπλισται⁸
745 4681 838 4735 καὶ
880 4680 949 4733 τά
980 4679 1238 4733 δοκοῦντα
1286 4679 1462 4734 ἄοπλα
1494 4680 1783 4751 τυγχάνειν
1829 4676 1986 4731 ἄλλον

412 4773 536 4827 τινά
560 4772 759 4845 τρόπον
805 4770 1267 4841 μεμηχανημένην
1302 4770 1414 4841 ἔχει
1451 4771 1549 4840 τὴν
1584 4770 1879 4837 ἀσφάλειαν
1902 4785 1915 4799 ’
1950 4768 1983 4839 ἢ

412 4865 522 4937 γάρ
554 4865 770 4934 πτηνῶν
816 4864 971 4933 ἔλαχε
1004 4862 1185 4932 φύσιν,
1230 4861 1263 4933 ἢ
1318 4862 1424 4915 ὑπὸ
1471 4861 1576 4931 γῆν
1624 4860 1980 4914 διαλανθάνει.

412 4957 569 5011 Οῦτω
593 4956 655 5008 τὸ
687 4957 785 5026 μὲν
810 4954 1034 5021 κόσμιον
1071 4954 1100 5005 ό
1125 4950 1465 5022 Δημιουργὸς
1502 4954 1567 5022 τῇ
1600 4950 1842 5021 ποικιλίᾳ
1884 4968 1982 5004 πε-

411 5050 684 5119 πόρισται,
719 5044 1023 5099 ὲπανιστῶν
1054 5043 1110 5096 δὲ
1158 5042 1226 5095 τὰ
1270 5042 1503 5112 διάφορα
1542 5045 1658 5106 τοῖς
1705 5044 1836 5095 πᾶσι
1865 5042 1981 5096 δια-

409 5139 672 5210 νέμειτὴν
689 5136 987 5207 ἀσφάλειαν
1019 5134 1095 5197 ὼς
1116 5133 1182 5187 ἂν
1210 5133 1379 5204 μηδὲν
1401 5133 1555 5202 γένος
1584 5135 1788 5187 τούτων
1820 5134 1981 5187 ἀσθε-

408 5230 527 5300 νείᾳ
581 5230 797 5298 φύσεως
848 5225 1105 5299 προδοθὲν
1147 5224 1552 5294 παραπόληται.
1597 5224 1753 5278 Οὕτω
1785 5226 1841 5279 δὲ
1885 5229 1981 5282 καὶ

352 5366 357 5371 .
408 5323 545 5393 πρὸς
601 5321 700 5384 τάς
749 5320 897 5391 ὥρας
939 5320 1236 5390 ὴμερίεσται
1291 5320 1604 5393 περιϐολαῖς
1635 5321 1978 5389 αὐτομάτοις,

407 5411 555 5484 θριξί
587 5428 648 5464 τε
673 5414 906 5475 πυκναῖς
936 5413 1030 5465 καὶ
1074 5429 1161 5465 στε
1173 5416 1323 5483 ρεαῖς
1345 5413 1597 5484 δέρμασι,
1622 5411 1887 5482 χειμῶνός
1917 5429 1978 5466 τε

405 5504 501 5558 καὶ
544 5505 823 5573 καύματος
874 5504 1321 5574 ἀποκρούσασθαι
1354 5506 1453 5577 τὴν
1500 5505 1701 5575 βλάϐην
1750 5507 1975 5568 ἱκανοῖς,

401 5594 501 5666 τὴν
529 5594 586 5647 δὲ
615 5594 711 5647 ἐπὶ
742 5595 846 5665 γῆς
883 5596 1164 5650 ἀνάκλισίν
1196 5613 1255 5650 τε
1300 5596 1396 5650 καὶ
1440 5596 1754 5650 ἀνάπαυλαν
1807 5598 1980 5668 εὐμα-

407 5686 666 5758 ρεστέραν
696 5686 1196 5760 ἀπεργαζομένοις.
1251 5688 1328 5753 ὡς
1386 5688 1628 5759 αὐτοφυῆ
1690 5689 1977 5761 στρωμνὴν

407 5776 721 5833 ὑποκεῖσθαι
752 5777 960 5833 δοκεῖν·
995 5781 1089 5835 καὶ
1126 5781 1194 5834 τὰ
1228 5781 1327 5852 μὲν
1359 5781 1661 5850 όλιγογόνια
1695 5781 1901 5857 έλαχεν,
1939 5781 1975 5849 ἢ

2105 3325 2350 3393 nihilque
2378 3323 2603 3377 omnino
2629 3330 2797 3381 esset,
2837 3320 2985 3389 quod
3034 3320 3116 3374 vel
3161 3319 3364 3374 sensim
3419 3327 3682 3387 pet-terte.

2102 3414 2336 3477 faceret;
2376 3428 2539 3482 grave
2567 3420 2621 3466 et
2651 3414 2848 3466 durum
2872 3412 3049 3466 visunt
3073 3419 3220 3466 esset
3244 3410 3563 3465 hominibus
3590 3408 3677 3464 in-

2100 3504 2236 3559 strui
2273 3502 2339 3556 ad
2372 3518 2478 3556 non
2510 3503 2830 3556 timendum.
3484 3563 3495 3573 .

2170 3594 2381 3649 Habent
2423 3602 2605 3647 autem
2651 3592 2762 3646 haec
2815 3592 2979 3645 etiam
3015 3588 3296 3645 varietatis
3340 3597 3591 3643 ornatum
3620 3598 3676 3644 et

2095 3684 2347 3740 decorem
2388 3699 2513 3737 cum
2552 3693 2764 3736 terrore
2805 3681 3050 3734 mistum.
3099 3678 3304 3734 Prtcter
3352 3678 3466 3733 haec
3508 3680 3672 3734 etiam

2098 3776 2360 3829 continuo
2388 3780 2515 3829 sunt
2551 3775 2655 3827 alia
2692 3774 2971 3836 animalia,
3001 3788 3123 3842 quze
3170 3787 3273 3827 nec
3312 3772 3509 3826 idonea
3543 3779 3673 3826 sunt

2100 3868 2166 3922 ad
2199 3867 2451 3923 alendum
2490 3867 2773 3930 homines,
2818 3881 2993 3937 neque
3038 3872 3268 3935 possunt
3309 3865 3549 3934 praebere
3591 3866 3673 3920 eis

2098 3962 2387 4023 vestitum;
2430 3973 2608 4027 neque
2642 3972 2839 4013 rursus
2892 3957 3065 4012 ferina
3101 3965 3232 4012 sunt
3275 3964 3330 4011 et
3364 3970 3527 4018 saeva,
3574 3955 3672 4010 sed

2100 4050 2276 4104 solum
2315 4050 2631 4105 varietatem
2682 4049 2870 4103 mundi
2917 4049 3230 4117 complent;
3292 4046 3670 4102 manifestum—

2099 4157 2205 4210 que
2244 4149 2330 4195 est
2352 4143 2532 4195 omnia
2559 4140 2814 4195 animalia
2846 4150 3154 4201 mansueta,
3186 4145 3240 4192 et
3276 4153 3385 4192 non
3418 4153 3671 4193 mansne-

2098 4243 2171 4294 ta,
2204 4238 2257 4284 et
2285 4246 2406 4300 qua:
2439 4238 2565 4285 sunt
2621 4230 2933 4298 interiecta,
2982 4228 3143 4282 unius
3182 4230 3461 4283 creatione
3481 4238 3535 4283 ct
3559 4245 3672 4285 vo-

2097 4323 2303 4377 luntate
2332 4337 2670 4391 permanere.
2695 4337 2794 4376 nec
2820 4336 2848 4374 a
2874 4336 2933 4375 se
2958 4319 3091 4390 ipsis
3127 4319 3369 4375 vicissim
3418 4321 3662 4387 interire,

2095 4414 2262 4469 variis
2302 4414 2480 4469 modis
2526 4413 2855 4470 excellenter
2899 4412 3107 4466 ntuuita
3141 4431 3154 4466 :
3186 4412 3293 4465 alia
3332 4412 3477 4466 enim
3528 4428 3664 4484 pra-

2094 4506 2206 4561 dita
2235 4514 2361 4560 sunt
2399 4505 2603 4559 invicto
2642 4505 2860 4569 rolmre,
2909 4504 3014 4558 alia
3053 4519 3182 4558 vero
3237 4503 3531 4558 inﬁrmiora
3569 4518 3663 4560 ve-

2094 4596 2313 4651 locitate
2342 4597 2573 4650 naturali
2599 4611 2657 4651 se
2680 4603 2931 4663 tuentur;
2955 4597 3060 4651 alia
3084 4598 3240 4650 aliter
3268 4604 3475 4649 armata
3499 4602 3658 4650 sunt:

2092 4670 2144 4743 et
2173 4701 2292 4758 qua:
2319 4687 2571 4742 videntur
2600 4687 2770 4742 armis
2802 4703 3011 4749 carere,
3052 4688 3156 4740 alia
3191 4688 3438 4756 quaedam
3484 4686 3660 4740 forma

2091 4777 2416 4832 munitionis
2451 4785 2565 4831 tuta
2603 4785 2765 4832 sunt:
2791 4786 2886 4830 aut
2922 4778 3065 4832 enim
3097 4786 3348 4830 naturam
3376 4776 3656 4829 volucrum

2091 4872 2283 4925 sonitu
2337 4878 2486 4932 sunt,
2539 4876 2632 4922 aut
2660 4869 2765 4923 sub
2799 4880 2946 4923 terra
2982 4870 3174 4922 latent.
3223 4866 3313 4921 Sic
3357 4866 3658 4921 fabricator

2089 4960 2276 5014 mundi
2310 4969 2561 5014 ornatum
2597 4958 2831 5012 confecit
2869 4961 3167 5025 varietate;
3211 4968 3266 5013 et
3309 4958 3559 5027 redigens
3588 4958 3656 5012 ad

2086 5050 2454 5120 aqualitatem
2486 5064 2606 5120 quae
2632 5058 2765 5103 sunt
2794 5049 3035 5112 diversa,
3081 5051 3340 5105 omnibus
3372 5048 3656 5103 distribuit

2087 5143 2372 5197 tuitionem
2404 5141 2513 5204 sui,
2563 5150 2623 5194 ut
2669 5141 2875 5194 nullum
2927 5156 3103 5211 genus
3133 5144 3325 5194 llOl‘lllll
3368 5140 3655 5194 imbecilli-

2085 5242 2197 5289 tate
2226 5242 2437 5289 natttrze
2483 5232 2757 5302 proditum
2804 5240 3007 5302 pereat.
3063 5233 3143 5286 Ad
3190 5233 3655 5287 commutationes

2086 5334 2392 5394 temporum
2426 5323 2726 5377 induuntur
2758 5323 3084 5390 tegumentis
3120 5329 3312 5390 suapte
3340 5330 3534 5374 natura
3562 5334 3654 5373 or-

2085 5418 2179 5480 tis,
2218 5423 2273 5471 ct
2313 5416 2440 5487 pilis
2466 5414 2654 5469 densis
2697 5427 2761 5466 ac
2788 5413 2945 5467 duris
2978 5412 3168 5475 coriis,
3220 5426 3341 5481 quae
3372 5411 3549 5465 hieme
3596 5421 3654 5466 et

2083 5508 2140 5563 in
2199 5518 2335 5562 aestu
2388 5508 2455 5560 ad
2521 5504 2947 5575 pmpulsandum
2991 5503 3395 5558 incommodum
3454 5502 3651 5558 idonea

2083 5609 2232 5663 sunt,
2265 5605 2319 5653 et
2348 5613 2468 5668 qua:
2498 5596 2705 5651 faciunt
2732 5606 2790 5650 ut
2822 5595 3038 5650 facilius
3070 5597 3334 5650 recubent
3352 5606 3406 5651 et
3434 5596 3649 5667 requie.

2083 5700 2259 5754 scant,
2291 5699 2352 5746 ut
2383 5691 2629 5747 videatur
2656 5698 2848 5760 suapte
2873 5690 2924 5744 vi
2959 5697 3012 5746 et
3042 5698 3245 5744 natura
3261 5691 3539 5761 supposita
3565 5691 3653 5745 eis

2084 5782 2318 5853 stragul‘
2353 5798 2454 5837 :ac
2505 5783 2698 5853 partim
2738 5780 2957 5853 quid:m
3002 5768 3193 5855 parum
3235 5781 3465 5839 fecunda
3495 5791 3645 5850 sunt,
