4100 6436
350 413 490 469 1195

1489 420 1623 475 TITI
1666 420 2092 478 BOSTRENSIS
2131 422 2439 479 EPlSCOPl

3468 424 3606 479 “8‘

350 538 446 586 aut
471 542 728 600 tanquam
757 532 991 587 difficilia
1036 535 1099 588 ad
1131 534 1454 604 capiendum
1486 576 1499 594 .
1546 547 1638 590 aut
1674 548 1929 606 tanquam
1961 598 1963 603 λ

2045 540 2107 603 b;
2139 540 2442 600 δυσάλωτα,
2473 539 2504 610 ἢ
2532 540 2606 601 ὡς
2642 538 2969 611 πολυχρόνια
2992 557 3004 569 ·
3040 540 3107 593 τὰ
3134 541 3190 593 δὲ
3220 538 3485 597 εὐάλωτα,
3513 541 3606 591 καὶ

351 626 628 678 diuturna:
673 624 835 690 vitaz;
887 626 991 678 alia
1045 642 1173 679 vero
1235 642 1355 696 quae
1421 626 1577 680 facile
1625 630 1934 697 rapiuntur,

351 726 409 769 et
451 717 517 769 ad
555 716 815 770 utendum
876 718 1121 787 quotidie
1169 719 1366 772 tradita
1416 729 1564 785 sunt,
1608 718 1939 771 fecunditate

346 821 452 862 sua
484 809 685 861 durant
723 816 778 862 et
810 818 1120 865 servantur.

2033 632 2099 699 τῇ
2135 629 2257 682 καθ’
2287 628 2500 700 ἡμέραν
2534 630 2725 698 χρήσει
2759 629 3188 701 παραδεδομένα,
3216 632 3284 700 τῇ
3314 629 3605 699 πολυγονία⁵

2034 723 2247 793 διαρκεῖ
2278 739 2336 773 τε
2368 721 2461 775 καὶ
2491 720 2739 783 σώζεται.

1456 931 1584 983 (ΖΜ).
1614 927 1777 982 XXV.
1809 926 1988 983 Nulla:
2016 928 2189 983 herbae
2221 927 2497 997 lelldferw.

424 1041 692 1095 Alimenta
726 1058 852 1096 vero
877 1042 1024 1097 aliud
1051 1042 1252 1096 animal
1278 1042 1383 1095 alia
1411 1043 1595 1106 habet,
1633 1053 1796 1112 atque
1818 1059 1932 1097 om-

346 1134 518 1191 nibus
550 1134 766 1188 abunde
798 1136 1041 1204 apposita
1076 1143 1237 1199 sunt;
1278 1135 1350 1187 ita
1389 1142 1449 1188 ut
1484 1135 1629 1188 nulla
1656 1135 1824 1187 herba
1863 1149 1929 1188 ex

351 1228 422 1281 iis
460 1227 623 1281 etiam
655 1240 777 1295 qua:
828 1224 1123 1279 mortiferae
1156 1224 1410 1279 videntur
1447 1240 1591 1286 esse,
1626 1220 1826 1278 natura
1860 1223 1932 1277 sit

351 1317 632 1372 mortifera
668 1336 681 1370 :
714 1317 857 1386 quod
898 1317 1043 1371 enim
1093 1318 1249 1371 alteri
1299 1318 1485 1386 generi
1542 1326 1724 1380 nocet,
1776 1318 1934 1372 alteri

353 1409 595 1479 prodest.
632 1408 879 1462 Salutare
905 1415 1083 1461 autem
1108 1416 1161 1461 et
1190 1408 1510 1477 pestiferum
1538 1409 1701 1463 simul
1735 1419 1932 1463 natura

348 1500 628 1569 quomodo
673 1500 773 1553 hee
821 1515 945 1554 esse
997 1508 1107 1569 poti
1126 1500 1220 1553 st?
1262 1499 1570 1554 differentia
1612 1508 1792 1555 autem
1846 1500 1933 1555 his

352 1593 621 1647 utentium
653 1592 969 1647 varietatem
999 1608 1120 1661 qnze
1153 1591 1207 1645 in
1247 1592 1332 1647 his
1377 1593 1542 1655 inest,
1576 1593 1828 1662 requirit,
1870 1600 1931 1646 ut

352 1684 409 1737 in
441 1684 810 1739 animantibus
842 1685 1053 1739 ratione
1082 1684 1397 1739 carentibus
1429 1684 1721 1754 vestigium
1754 1684 1932 1753 quod-

352 1776 476 1830 dam
533 1786 792 1845 appareat
841 1778 1089 1840 rationis,
1134 1778 1270 1847 legis
1312 1777 1523 1831 scilicet
1564 1776 1687 1845 ejus
1736 1776 1833 1844 qui
1864 1790 1928 1831 ea

350 1871 579 1924 creavit.
630 1867 776 1922 Nihil
811 1869 957 1924 enim
997 1870 1191 1922 horum
1232 1869 1470 1938 ignorat,
1513 1866 1658 1937 quod
1699 1867 1801 1921 sibi
1832 1882 1927 1921 co-

351 1970 573 2030 gnatum
601 1967 684 2013 est
715 1999 728 2020 ,
758 1976 934 2030 neque
965 1967 1185 2029 propter
1216 1966 1468 2012 naturam
1499 1958 1727 2012 ferinam
1762 1965 1814 2012 et
1843 1972 1932 2010 ra-
1965 1941 2007 1997 Β

352 2051 521 2104 tionis
547 2056 843 2118 capertem.
883 2050 1028 2119 quod
1065 2048 1380 2118 pestiferum
1416 2049 1519 2103 sibi
1554 2055 1638 2101 est
1673 2057 1931 2116 tanquam

353 2151 539 2209 aptum
578 2139 645 2193 ad
694 2138 1047 2193 nutriendum
1079 2138 1335 2193 adhibet:
1363 2138 1493 2207 quin
1529 2138 1710 2207 potius
1737 2149 1934 2188 unum-

350 2232 627 2301 quodque,
663 2230 808 2297 quod
843 2230 950 2286 sibi
980 2229 1329 2284 commodum
1360 2236 1464 2292 est,
1492 2229 1700 2298 appetit
1723 2233 1776 2281 et
1804 2240 1932 2295 pro-

350 2320 620 2389 sequitur.
672 2317 728 2372 Si
762 2319 905 2372 enim
950 2318 1129 2372 omnis
1161 2318 1326 2372 herba
1377 2325 1432 2373 et
1469 2317 1622 2371 radix
1678 2315 1934 2370 omnibus

350 2416 500 2463 esset
534 2408 942 2462 accommodata
967 2416 1023 2462 et
1050 2423 1380 2478 congruens,
1414 2408 1597 2462 minus
1629 2407 1933 2477 patefieret,

352 2502 498 2571 quod
528 2502 613 2557 lex
630 2501 911 2555 Creatoris
936 2500 1099 2555 etiam
1127 2502 1181 2555 in
1211 2500 1583 2555 animantibus
1607 2499 1819 2554 ratione
1845 2513 1937 2553 ca-

353 2594 603 2648 rentibus
633 2593 773 2662 viget
802 2600 856 2646 et
883 2592 1221 2647 dominatur.

424 2683 494 2738 At
530 2699 658 2739 vero
695 2698 817 2739 esse
856 2684 959 2737 hoc
1010 2684 1340 2753 quibusdam
1382 2698 1611 2740 nocens.
1663 2682 1790 2736 aliis
1839 2697 1938 2735 au-

357 2784 461 2829 tem
513 2773 564 2826 id
607 2774 782 2843 ipsum
832 2774 1097 2834 salutare,
1145 2772 1350 2827 clarius
1402 2771 1728 2841 sapientiam
1759 2770 1850 2825 Dei
1884 2772 1937 2824 in

356 2863 611 2917 omnibus
645 2862 936 2932 przedicat;
969 2877 1077 2931 qua
1108 2861 1312 2916 factum
1338 2869 1445 2925 est,
1470 2872 1532 2915 ut
1567 2868 1715 2915 esset
1738 2862 1793 2914 in
1828 2860 1942 2913 ani-

355 2955 637 3009 mantibus
680 2956 891 3008 ratione
934 2955 1253 3009 carentibus
1303 2955 1388 3008 vis
1430 2953 1680 3023 quaedam
1728 2960 1941 3007 natura:

356 3060 465 3115 qua
514 3061 576 3100 ea
619 3062 740 3116 quae
780 3048 1028 3116 apposita
1073 3056 1223 3110 sunt,
1270 3047 1669 3102 discernerent.
1721 3044 1853 3111 Qua:
1894 3045 1941 3100 si

358 3140 682 3194 naturaliter
713 3142 766 3193 in
807 3138 1038 3208 singulis
1067 3155 1175 3193 non
1219 3139 1444 3203 inesset,
1479 3138 1676 3193 merito
1704 3151 1769 3190 ac
1796 3144 1941 3191 recte

358 3244 423 3284 ea
461 3243 581 3299 qua)
624 3236 844 3295 nocent,
886 3238 1277 3284 accusarentur
1325 3236 1586 3298 tanquam
1626 3240 1657 3278 a
1696 3223 1939 3295 nequitia

358 3319 504 3376 edita
530 3328 582 3375 et
611 3330 749 3375 orta.

433 3414 529 3469 Sin
568 3428 702 3469 vero
763 3414 816 3467 in
865 3412 1192 3467 animalibus
1236 3411 1505 3464 naturalis
1549 3408 1797 3478 quaedam
1852 3408 1939 3461 vis

366 3506 730 3569 discernendi,
757 3505 1022 3573 judicium
1061 3502 1479 3575 praeoccupavit,
1506 3512 1557 3555 et
1589 3499 1937 3570 unumquodo

362 3616 469 3667 que
490 3601 593 3655 sibi
619 3601 955 3654 conveniens
988 3599 1176 3667 eligit;
1231 3597 1410 3651 omnis
1446 3593 1701 3650 videlicet
1746 3592 1937 3657 herba,

364 3698 417 3744 et
446 3690 601 3744 radix
630 3692 780 3745 utilis
802 3698 905 3754 est,
933 3690 1033 3744 etsi
1066 3704 1175 3742 non
1217 3686 1475 3741 omnibus
1505 3704 1518 3739 :
1561 3682 1712 3744 varia
1758 3690 1942 3736 autem

364 3788 494 3837 sunt
521 3782 669 3836 varie
697 3783 966 3838 aonosita.

2102 1043 2322 1112 Τροφὰς
2372 1042 2429 1094 δὲ
2470 1041 2656 1095 ἄλλοτε
2706 1039 2870 1105 ἄλλας
2914 1041 3027 1111 ἔχει
3052 1080 3066 1101 ,
3128 1042 3222 1095 καὶ
3270 1043 3382 1105 τοῖς
3441 1044 3616 1096 πᾶσιν

2030 1134 2262 1203 ἄφθονος
2310 1137 2342 1206 ή
2397 1134 2629 1205 χορηγία
2662 1134 2978 1205 πρόκειται·
3015 1135 3157 1188 οὕτω
3191 1132 3299 1207 γὰρ
3331 1135 3450 1189 οὐδὲ
3498 1136 3608 1188 τῶν

2033 1226 2347 1297 θανασίμων
2402 1242 2465 1294 γε
2515 1220 2653 1279 εἶναι
2698 1227 3068 1298 νομιζομένων
3117 1226 3356 1297 βοτανῶν
3383 1227 3612 1297 οὐδεμία

2032 1319 2096 1386 τῇ
2136 1316 2293 1384 φύσει
2322 1332 2386 1384 γε
2425 1315 2666 1387 ὀλέθριος
2703 1315 3027 1385 γεγένηται’
3062 1316 3123 1370 τὸ
3151 1317 3259 1387 γὰρ
3289 1317 3431 1387 ἄλλῳ
3462 1317 3610 1385 γένει

2036 1408 2317 1478 βλαϐερὸν,
2367 1408 2538 1477 ἑτέρῳ
2571 1407 2627 1460 δὲ
2659 1407 2955 1477 ὠφέλιμον.
3005 1408 3277 1479 Ὀλέθριον
3310 1409 3404 1462 καὶ
3437 1411 3612 1480 σωτή-

2035 1518 2150 1572 ριον
2184 1500 2300 1570 ἅμα
2330 1502 2396 1570 τῇ
2433 1500 2591 1569 φύσει
2619 1500 2778 1553 τοῦτο
2811 1500 2928 1564 πῶς
2961 1499 3026 1553 ἂν
3069 1500 3311 1568 γένοιτο;
3365 1502 3397 1571 ἡ
3442 1500 3499 1554 δέ
3544 1517 3608 1568 γε

2031 1592 2140 1645 τῶν
2190 1591 2485 1663 χρωμένων
2535 1590 2708 1659 γενῶν
2751 1591 2983 1664 διαφορὰ
3030 1591 3090 1644 τὸ
3138 1591 3377 1644 ποικίλον
3405 1591 3505 1661 τῆς
3552 1593 3611 1644 ὲν

2029 1684 2242 1747 τούτοις
2283 1682 2638 1754 παρασκευῆς
2681 1684 2923 1742 ἀπαιτεῖ,
2962 1683 3047 1736 ἴνα
3100 1684 3194 1736 καὶ
3238 1685 3296 1735 ὲν
3340 1686 3453 1747 τοῖς
3486 1682 3611 1735 ἀλό-

2029 1791 2150 1843 γοις
2193 1776 2338 1844 ἴχνος
2362 1775 2522 1841 λόγου
2560 1773 2796 1843 δειχθείη
2842 1774 2993 1844 νόμῳ
3037 1774 3129 1826 τοῦ
3177 1773 3613 1844 δημιουργήσανο

2032 1883 2141 1929 τος.
2200 1865 2366 1919 Οὐδὲν
2407 1864 2515 1935 γὰρ
2564 1863 2770 1918 τούτων
2811 1865 2998 1933 ἀγνοεί
3043 1862 3104 1916 τὸ
3148 1866 3344 1917 οἰκεῖον
3397 1864 3609 1935 ἑαυτῷ’

2036 1959 2157 2012 οὐδὲ
2198 1958 2287 2012 διὰ
2311 1957 2409 2028 τὴν
2439 1957 2633 2026 ἄλογον
2659 1958 2755 2011 καὶ
2783 1955 3021 2029 θηριώδη
3047 1955 3231 2024 φύσιν,
3252 1955 3327 2019 ὡς
3347 1954 3612 2025 τρόφιμον

2034 2053 2095 2106 τὸ
2122 2051 2317 2105 ἑαυτοῦ
2345 2051 2644 2122 θανάσιμον
2677 2052 3079 2123 προσφέρεται·
3113 2049 3224 2103 ἀλλ’
3261 2048 3354 2101 ἐπὶ
3381 2048 3616 2119 ἰδ-αὑτῷ

2036 2161 2097 2213 γε
2144 2144 2419 2216 ὠφέλιμον
2451 2143 2678 2197 ’ἑκαστον
2725 2145 2890 2215 ὁρμᾷ.
2940 2144 3003 2196 Et
3043 2142 3151 2213 γὰρ
3185 2142 3372 2196 ἅπασα
3416 2141 3613 2211 βοτάνη

2036 2235 2131 2287 καὶ
2168 2233 2294 2303 ῥίζα
2338 2238 2450 2297 τοῖς
2498 2236 2664 2287 πᾶσιν
2713 2233 2959 2304 ὑπῆρχεν
3009 2232 3307 2304 ἐπιτηδεία,
3337 2227 3498 2303 ἦττον
3548 2231 3616 2285 ἂν

2036 2322 2249 2393 ἐδείχθη
2306 2322 2399 2377 τοῦ
2446 2323 2948 2395 δημιουργήσαντος
2989 2326 3017 2377 ὀ
3047 2324 3231 2393 νόμος,
3270 2324 3366 2377 καὶ
3411 2326 3469 2376 ὲν
3504 2325 3615 2385 τοῖς

2037 2412 2252 2481 ἀλόγοις
2285 2411 2521 2483 κρατῶν.

2109 2675 2182 2727 Τὸ
2209 2673 2263 2727 δὲ
2298 2671 2557 2743 βλαϐερὸν
2605 2686 2790 2735 ενιοις,
2823 2670 3033 2740 ἑτέροις
3061 2669 3117 2723 δὲ
3151 2670 3318 2723 ταυτὺ
3348 2671 3616 2741 σωτήριον

2039 2766 2482 2839 παρακείμενον,
2541 2762 2909 2836 τρανεστέραν
2996 2763 3094 2834 τὴν
3156 2765 3214 2815 ὲν
3295 2764 3408 2826 τοῖς
3483 2765 3628 2816 πᾶσι

2042 2858 2232 2926 σοφίαν
2286 2854 2584 2925 κηρύττει’
2638 2854 2720 2907 ὃτι
2761 2854 2854 2907 καὶ
2902 2854 2959 2906 ὲν
2996 2856 3108 2916 τοῖς
3164 2852 3378 2921 ἀλόγοις
3410 2855 3614 2925 φυσική

2039 2949 2123 3011 τίς
2153 2948 2271 2999 ἐστι
2294 2947 2403 3000 τῶν
2436 2948 2515 3010 εἰς
2540 2946 2747 3018 τροφὴν
2785 2944 3204 3017 παρακειμένων
3251 2948 3284 3016 ἠ
3311 2946 3579 3016 διάκρισις
3601 2963 3614 2975 ·

2038 3037 2107 3112 ἦς
2160 3039 2402 3108 φυσικῶς
2444 3056 2508 3107 γε
2563 3039 2777 3109 ἑκάστῳ
2841 3039 2913 3110 μὴ
2969 3040 3214 3111 ἐνούσης,
3270 3038 3507 3107 εὐλόγως
3551 3038 3619 3092 ἄν

2038 3151 2125 3198 τις
2165 3134 2511 3204 κατηγόρησε
2549 3132 2659 3185 τῶν
2694 3131 2970 3205 βλαϐερῶν
3006 3134 3082 3198 ὡς
3133 3137 3199 3187 ὲκ
3242 3133 3438 3197 κακίας
3480 3149 3615 3205 προ-

2042 3225 2440 3297 ενηνεγμένων.

2116 3403 2179 3455 El
2226 3402 2283 3455 δέ
2326 3418 2389 3469 γε
2439 3401 2741 3472 προῦλαϐεν
2774 3404 2833 3456 ὲν
2870 3405 2980 3466 τοῖς
3011 3403 3168 3468 ζώοις
3203 3405 3234 3475 ἡ
3275 3405 3475 3475 φυσικὴ
3508 3421 3622 3459 ota-

2045 3512 2224 3566 κρισις
2263 3493 2359 3564 τὴν
2400 3494 2601 3565 κρίσιν,
2636 3493 2730 3547 καὶ
2779 3494 2841 3547 τὺ
2872 3496 3073 3548 οἰκεῖον
3103 3495 3332 3549 ἕκαστον
3382 3495 3619 3564 ἐκλέγει,

2046 3587 2198 3639 πᾶσα
2246 3583 2446 3655 δηλαδὴ
2499 3583 2694 3654 βοτάνη
2754 3585 2849 3638 καὶ
2912 3585 3035 3655 ῥίζα
3088 3589 3376 3656 χρήσιμος,
3436 3590 3484 3640 εί
3529 3590 3623 3641 καὶ

2053 3676 2126 3747 μὴ
2169 3678 2284 3739 τοῖς
2332 3677 2498 3739 πᾶσι,
2550 3677 2768 3730 ποικίλα
2814 3677 2870 3730 δὲ
2929 3677 2997 3731 τὰ
3056 3678 3313 3742 ποικίλως
3360 3680 3624 3751 παρακεί-

2054 3787 2211 3840 μενα.

1165 3895 1293 3950 (λιι.
1333 3890 1522 3947 XXVI.
1566 3889 1766 3946 Contra
1803 3889 2000 3958 ferrum
2031 3896 2079 3940 et
2115 3886 2285 3955 ignem
2328 3887 2579 3939 mentitur
2612 3885 2796 3941 Manes

440 4022 553 4076 lloc
584 4020 751 4091 igitur
786 4018 947 4073 modo
981 4016 1261 4072 Manichzei
1305 4016 1396 4085 qui
1444 4013 1627 4068 omnia
1662 4008 1943 4066 criminari

369 4114 599 4176 studuit,
639 4111 932 4165 refellenda
959 4120 1013 4166 et
1050 4108 1342 4164 evertenda
1386 4112 1470 4160 est
1499 4102 1779 4159 accusatio
1820 4102 1948 4155 her-

368 4209 560 4263 barum
609 4204 999 4275 pestilentium.
1051 4200 1141 4255 Sic
1171 4201 1315 4254 enim
1351 4206 1405 4253 et
1433 4205 1625 4251 contra
1660 4195 1863 4250 ferrum
1891 4200 1947 4247 et

369 4307 560 4354 contra
582 4299 759 4367 ignem
811 4297 1087 4358 mentitur,
1117 4294 1321 4349 faciens
1351 4292 1404 4346 in
1431 4291 1518 4346 his
1568 4298 1755 4343 contra
1785 4299 1947 4355 quam

370 4393 504 4447 vult.
536 4392 637 4458 Qui
656 4390 799 4446 enim
820 4396 1042 4443 accusat
1062 4388 1365 4452 materiam,
1389 4398 1549 4454 quam
1570 4396 1693 4435 esse
1716 4378 1951 4432 inaniter

371 4483 544 4554 ﬁngit,
591 4497 788 4537 rursus
819 4488 1041 4550 apparet
1081 4487 1342 4548 tanquam
1374 4475 1631 4529 defensor
1665 4477 1719 4524 et
1766 4474 1954 4538 patro-

2122 4007 2530 4079 Περιγραπτέον
2578 4009 2755 4061 τοίνυν
2802 4007 2990 4060 τοῦτον
3022 4007 3113 4061 τὸν
3156 4009 3356 4080 τρόπον
3401 4010 3493 4065 καὶ
3525 4012 3625 4080 τὴν

2052 4101 2190 4154 κατὰ
2236 4101 2345 4154 τῶν
2395 4101 2708 4171 θανασίμων
2758 4100 3063 4171 λεγομένων
3106 4099 3344 4171 βοτανῶν
3386 4120 3624 4173 κατηγο-

2055 4191 2176 4262 ρίαν
2223 4190 2301 4261 τῷ
2346 4192 2584 4244 Μάνεντι
2637 4190 2814 4244 πάντα
2869 4189 3174 4243 διαϐάλλειν
3229 4193 3619 4245 ἐσπουδακότι·

2051 4280 2195 4333 οὕτω
2249 4280 2356 4351 γὰρ
2410 4281 2503 4333 καὶ
2570 4280 2786 4350 σιδήρου
2840 4280 2935 4332 καί¹
2988 4281 3157 4353 πυρὸς
3212 4281 3624 4351 καταψεύδεται,

2052 4372 2360 4424 τούναντίον
2391 4370 2561 4425 ποιῶν
2594 4371 2687 4424 καὶ
2720 4373 2777 4423 ὲν
2806 4371 3036 4436 τούτοις,
3081 4367 3141 4426 οὗ
3178 4372 3453 4442 βούλεται·
3493 4392 3628 4427 κατ-

2052 4463 2268 4535 ηγορῶν
2326 4461 2435 4533 γὰρ
2464 4463 2565 4532 τῆς
2597 4461 2749 4532 ὕλης,
2782 4463 2848 4533 ἢν
2893 4460 3031 4517 εἶναι
3073 4465 3246 4535 μάτην
3276 4466 3637 4535 φαντάζεταιν

372 4592 480 4632 nus
509 4576 650 4645 ejus,
684 4575 763 4629 eis
793 4588 1128 4628 succensens
1173 4578 1437 4637 tanquam
1472 4564 1633 4618 malis
1665 4560 1759 4629 qui
1800 4565 1946 4612 male

2055 4550 2210 4616 αὖθις
2242 4553 2431 4623 ὥσπερ
2482 4570 2565 4616 τις
2619 4555 2929 4626 προστάτης
2975 4557 3067 4610 καὶ
3112 4560 3410 4629 συνήγορος
3462 4559 3631 4627 αὐτῆς

373 4671 511 4724 riam
546 4673 880 4723 consumunt
912 4687 924 4719 :
958 4664 1162 4718 ferrum
1203 4669 1383 4714 autem
1411 4667 1466 4712 et
1506 4655 1648 4726 ignis
1684 4650 1970 4705 seminata'

375 4769 504 4818 sunt
526 4764 579 4816 in
614 4769 759 4815 terra
790 4762 857 4813 ab
896 4759 1013 4828 ipso
1041 4755 1227 4812 mundi
1261 4753 1531 4813 Auctore;
1570 4748 1786 4800 inventa
1822 4754 1952 4795 vero

376 4861 505 4910 sunt
544 4854 753 4908 ratione
784 4852 853 4905 ab
895 4850 1136 4910 homine,
1189 4847 1243 4902 id
1277 4844 1387 4899 Deo
1427 4838 1784 4896 concedente.
1824 4832 1953 4886 Sine

376 4948 464 5005 bis
493 4956 676 5002 autem
706 4945 923 5015 penitus
962 4957 1153 4996 manca
1177 4947 1324 4995 esset
1356 4937 1467 4990 vita
1498 4932 1809 4987 hominum.

449 5118 663 5174 Etenim
713 5117 761 5172 si
808 5114 1075 5185 judicavit
1124 5112 1459 5166 Manichaeus
1501 5102 1759 5163 nocentia
1809 5113 1952 5163 esse,

378 5213 508 5282 quia
533 5217 864 5267 consumunt
891 5216 945 5264 et
976 5208 1299 5263 interimunt
1338 5217 1568 5273 corpora
1589 5201 1733 5257 ferro
1756 5209 1810 5257 et
1844 5202 1953 5272 igni

381 5306 598 5373 objecta
625 5344 640 5369 ,
681 5311 888 5374 quanto
924 5301 1100 5372 magis
1135 5299 1477 5370 apparebunt
1525 5295 1678 5348 utilia
1716 5301 1769 5348 et
1807 5294 1957 5349 salu-

379 5399 523 5452 taria
559 5405 781 5467 propter
812 5410 971 5450 usum
1017 5408 1177 5449 suum
1230 5392 1296 5445 ad
1325 5389 1509 5444 omnia
1557 5384 1951 5440 necessarium.

387 5488 446 5544 Si
477 5506 605 5545 vero
638 5491 822 5545 ab’dita
881 5498 1011 5544 sunt
1057 5497 1112 5544 et
1152 5487 1376 5542 latentia
1405 5485 1460 5538 in
1497 5482 1705 5536 fabrica
1745 5477 1956 5542 mundi,

386 5580 503 5635 hate
556 5590 736 5637 autem
786 5597 816 5635 a
859 5581 1131 5651 principio
1182 5579 1321 5632 ratio
1376 5574 1615 5629 hominis
1649 5571 1959 5633 adinvenit;

387 5672 474 5727 cui
502 5673 902 5743 assignabimus
920 5674 1182 5726 rationem
1211 5668 1447 5724 hominis
1472 5669 1663 5721 horum
1699 5664 1964 5721 inventri-

390 5775 507 5815 cem
532 5759 555 5813 ἲ
582 5776 651 5815 an
678 5762 934 5830 nequitiae
964 5771 1017 5816 et
1041 5761 1283 5814 materiae
1310 5775 1431 5828 qua:
1455 5757 1818 5826 cognitionem
1852 5769 1959 5808 non

394 5849 576 5919 habet,
606 5862 666 5907 ut
703 5852 1034 5908 Manichacus
1080 5859 1164 5908 cst
1196 5858 1407 5916 auctor,
1442 5863 1511 5902 an
1566 5845 1708 5903 Deo?
1736 5846 1805 5899 At
1848 5860 1961 5916 per-

2055 4646 2404 4717 ἁναφέρεται,
2434 4648 2545 4709 τοῖς
2576 4662 2639 4713 γε
2693 4645 2972 4702 δαπανῶσι
3018 4648 3116 4719 τὴν
3161 4649 3292 4721 ὓλην
3325 4651 3399 4713 ὡς
3442 4653 3631 4713 κακοῖς

2051 4739 2527 4810 ἀπεχθανόμενος⁹
2585 4738 2801 4811 σίδηρος
2847 4740 2905 4792 δὲ
2957 4742 3052 4793 καὶ
3102 4741 3213 4812 πῦρ
3260 4742 3632 4813 κατέσπαρται

2058 4831 2155 4901 μὲν
2205 4834 2261 4885 ὲν
2314 4835 2384 4903 γῇ
2452 4831 2589 4903 πρὸς
2641 4831 2734 4885 τοῦ
2789 4832 3321 4905 δημιουργήσαντος·
3370 4834 3633 4906 ἐξευρέθη

2054 4922 2111 4973 δὲ
2143 4918 2429 4991 ἀνθρώπου
2453 4919 2695 4992 λογισμῷ
2718 4924 2837 4975 κατ’
2867 4926 3168 4995 ἐπιτροπὴν
3207 4924 3343 4979 Θεοῦ
3366 4942 3379 4955 ⁸
3431 4925 3634 4978 τούτων

2055 5012 2163 5081 γὰρ
2194 5012 2360 5083 χωρὶς
2392 5011 2665 5075 παντελῶς
2692 5013 3111 5084 ἡκρωτηρίαστο
3130 5016 3435 5087 ἀνθρώποις
3451 5018 3479 5069 ό
3498 5016 3631 5086 βίος.

2127 5104 2189 5155 Εἰ
2221 5104 2329 5173 γὰρ
2381 5103 2619 5175 βλαϐερὰ
2673 5104 2808 5177 πρὸς
2856 5106 2949 5179 τοῦ
2997 5107 3275 5171 Μὰνεντος
3324 5108 3635 5177 νενόμισται

2055 5193 2134 5266 τῷ
2163 5196 2545 5267 καταφθείρειν
2571 5196 2639 5249 τὰ
2672 5196 3129 5268 παραϐαλλόμενα
3161 5198 3409 5270 σώματα,
3453 5198 3649 5267 πολλῷ-

2061 5289 2261 5359 μᾶλλον
2324 5288 2575 5359 ὠφέλιμα
2626 5306 2686 5342 τε
2751 5290 2846 5343 καὶ
2908 5292 3151 5362 σωτήρια
3212 5294 3509 5363 φανήσεται
3567 5295 3633 5362 τῇ

2059 5383 2333 5454 ἀναγκαίᾳ
2381 5384 2574 5454 χρήσει
2628 5381 2763 5453 πρὸς
2813 5382 3045 5437 ἅπαντα.
3098 5385 3162 5437 El
3204 5384 3260 5437 δὲ
3308 5384 3636 5437 λανθάνοντα

2059 5476 2353 5547 ἐνυπάρχει
2391 5478 2455 5547 τῇ
2487 5476 2837 5548 δημιουργίᾳ,
2875 5476 3162 5551 ἀνθρώπου
3186 5477 3245 5530 δὲ
3288 5476 3460 5531 ταῦτα
3487 5476 3633 5545 λογι-

2063 5569 2197 5640 σμὸς
2237 5570 2338 5637 τὴν
2369 5568 2543 5639 ἀρχὴν
2576 5565 2786 5638 ἐξεῦρε,
2833 5567 2937 5620 τίνι
2972 5568 3248 5635 λογιστέον
3281 5569 3371 5620 τὸν
3411 5567 3637 5637 εὑρόντα

2058 5659 2349 5728 λογισμόν;
2402 5653 2510 5728 ἄρα
2548 5660 2612 5727 τῇ
2660 5658 2733 5727 μὴ
2769 5656 2969 5729 ἐχούσῃ
3003 5656 3206 5725 γνῶσιν
3252 5658 3419 5727 κακίᾳ
3457 5674 3515 5708 τε
3545 5655 3636 5709 καὶ

2063 5750 2161 5821 ὕλῃ
2188 5750 2307 5803 κατ’
2333 5749 2557 5812 ἐκεῖνον,
2594 5750 2626 5819 ἢ
2659 5747 2735 5818 τῷ
2764 5746 2986 5819 ἁγαθῷξ
3040 5748 3197 5801 Ἀλλά
3227 5749 3406 5819 δῆλον,
3451 5749 3523 5811 ὡς
3551 5746 3638 5800 λο-

2063 5843 2260 5914 γισμοῦ
2297 5840 2457 5910 cogita
2495 5840 2696 5909 ἀγαθόν
2745 5858 2797 5893 τε
2845 5841 2937 5894 καὶ
2965 5842 3167 5911 ἀγαθοῦ
3196 5843 3386 5913 δῶρον.
3435 5842 3477 5893 Τ
3484 5840 3552 5893 iw
3583 5837 3639 5892 δὲ
