4100 6416
408 382 548 437 MSS

408 493 728 563 αὐτομάτως
764 484 1009 558 ἀφήλατό
1040 498 1168 535 ποτε
1200 480 1440 550 σίδηρος,
1485 480 1513 530 ό
1556 479 1622 546 τῇ
1667 475 1857 545 χρήσει

409 584 667 656 λογισμοῦ
702 581 857 653 μόνον
891 574 1325 644 ὑποϐεϐλημένος
1354 573 1446 625 καὶ⁹
1482 570 1631 641 πάσῃ
1657 568 1822 639 τέχνῃ
1859 565 1979 616 δου-

410 678 581 731 λεύων
603 692 618 741 ;

495 851 654 906 Ἀλλά
699 846 930 918 φονεύει,
967 842 1158 908 Μάνης
1185 838 1337 909 φησι,
1373 836 1439 889 δι’
1469 833 1631 887 αὑτοῦ
1675 831 1979 903 ἄνθρωπος,

412 948 506 1000 καὶ
533 944 666 1014 πρὸς
700 940 761 993 τὸ
792 937 1071 1008 ἐργαλεῖον
1098 934 1131 1003 ἡ
1183 927 1509 997 κακοτεχνία
1540 925 1633 977 τοῦ
1663 923 1947 1014 χρωμένου
1965 937 1979 951 ·

413 1038 507 1100 ὣς,
543 1010 591 1086 ei
621 1033 694 1104 μὴ
721 1028 791 1101 ἦν
833 1030 860 1082 ὁ
905 1026 1089 1079 τοῦτον
1115 1023 1203 1076 τὸν
1242 1020 1437 1092 τρόπον
1467 1014 1766 1087 χρώμενος,
1793 1014 1892 1065 οὑκ
1919 1010 1984 1064 ἄν

414 1118 476 1197 ¹γε
507 1126 683 1191 ἔδοξεν
712 1120 849 1176 εἶναι
880 1119 1097 1189 σίδηρος
1148 1112 1335 1175 κακός.
1380 1112 1442 1163 El
1484 1107 1592 1179 γὰρ
1640 1105 1985 1177 βουλεύσαιτο

415 1221 515 1291 μὲν
531 1220 558 1270 ὁ
580 1216 768 1286 φονεὺς
789 1212 983 1284 δρᾶσαι
1003 1209 1180 1276 φόνον,
1209 1204 1497 1274 διαμάρτοι
1516 1200 1571 1291 δε
1589 1199 1691 1291 τῆς
1712 1197 1982 1291 πράξεως,

414 1284 523 1378 ἀρά
540 1284 601 1374 γέ
633 1305 693 1356 ού
725 1302 904 1371 δῆλον,
936 1298 1010 1361 ὡς
1038 1298 1070 1366 ἡ
1105 1296 1200 1367 μὲν
1225 1291 1481 1363 πρόθεσις
1504 1289 1565 1340 τὸ
1586 1287 1742 1359 ἔργον
1766 1284 1988 1378 διεπρά-

415 1376 561 1464 ξατο,
596 1398 624 1449 ὁ
655 1396 711 1449 δὲ
750 1393 960 1462 σίδηρος
991 1387 1404 1457 ἀναμάρτητος;
1430 1381 1583 1435 Οῦτω
1612 1381 1695 1450 δὴ,
1727 1378 1829 1432 κᾶν
1855 1376 1986 1448 δρά-

1485 360 1857 417 ADVEltSUS
1897 349 2321 412 MANICIIJEOS
2362 345 2491 400 LIB.
2538 342 2602 432 ll.

1891 469 1985 522 τοῦ
2021 479 2059 528 Α
2092 463 2342 533 spicuum
2378 465 2462 512 est
2494 453 2817 525 sapientiam
2851 451 3083 504 rationis
3113 456 3167 503 et
3192 447 3395 521 bonum
3430 459 3574 504 esse,
3604 451 3665 499 et

3521 328 3662 387 H86

2083 568 2285 608 munus
2338 550 2486 603 boni.
2525 546 2581 599 In
2619 560 2779 614 quem
2830 551 3023 612 suapte
3065 541 3119 593 vi
3161 539 3372 592 insiluit
3419 550 3664 605 unquam

2083 646 2310 704 ferrum,
2340 640 2484 711 quod
2532 641 2653 690 usui
2693 635 2921 688 rationis
2968 641 3177 686 tantum
3217 629 3520 698 subjectum
3554 636 3664 690 est,

2082 744 2136 790 et
2170 734 2318 787 omni
2357 731 2461 784 arti
2509 729 2679 785 servit
2728 740 2791 779 ac
2835 724 3151 778 ministrat?

2153 824 2223 876 At
2248 823 2451 876 occidit
2490 821 2655 872 homo
2689 816 2857 879 ferro,
2894 816 3072 885 inquit
3111 812 3460 872 Manichacus.
3510 818 3566 864 et
3596 808 3664 863 ad

2084 916 2514 978 instrumentum
2560 910 2768 966 accedit
2821 910 3025 962 malum
3075 907 3370 960 artiﬁcium
3433 904 3662 959 utentis.

2085 1010 2251 1075 Quasi
2291 1022 2401 1061 non
2443 1014 2588 1061 esset
2632 1004 2810 1058 visum
2844 1001 3049 1056 ferrum
3105 1001 3329 1061 malum,
3363 998 3471 1053 nisi
3502 997 3665 1051 homo

2084 1103 2189 1157 hoc
2240 1101 2401 1155 modo
2432 1098 2579 1153 ferro
2621 1105 2887 1152 uteretur.
2946 1093 3003 1148 Si
3047 1093 3192 1148 enim
3234 1092 3393 1145 vellet
3431 1092 3667 1146 sicarius

2084 1194 2354 1257 occidere,
2403 1200 2457 1245 et
2481 1190 2551 1244 ab
2592 1190 2705 1243 ictu
2737 1188 3048 1252 aberraret;
3082 1200 3148 1238 an
3182 1199 3295 1239 non
3328 1184 3518 1253 liquet,
3547 1181 3670 1237 ani-

2088 1300 2177 1338 mo
2214 1282 2433 1353 quidem
2491 1297 2603 1335 non
2654 1286 3022 1349 perpetrasse,
3078 1276 3280 1331 ferrum
3337 1290 3467 1328 vero
3510 1282 3668 1327 extra

2088 1377 2303 1445 culpam
2338 1372 2498 1429 esse?
2542 1370 2634 1425 Sic
2667 1369 2920 1440 quamvis
2954 1367 3100 1423 ferro
3147 1368 3504 1437 homicidium
3547 1366 3664 1427 ﬁat,

418 1462 508 1561 σῃ,
533 1488 651 1558 οὐχ).
686 1485 900 1554 σίδηρος
923 1481 1115 1544 αἴτιος,
1140 1478 1252 1532 ἀλλ’
1275 1479 1302 1529 ὀ
1332 1475 1547 1545 σιδήρου
1580 1472 1659 1543 τῷ
1684 1470 1899 1538 τέμνειν
1918 1468 1985 1561 ού

2098 1485 2197 1523 non
2245 1476 2330 1522 est
2384 1467 2438 1520 in
2477 1466 2707 1520 crimine
2746 1472 2800 1518 et
2831 1464 2993 1533 culpa
3037 1462 3264 1526 ferrum,
3310 1462 3403 1516 sed
3434 1463 3525 1530 qui
3558 1475 3668 1515 non

597 1551 750 1646 λόγον
788 1551 1146 1646 χρησάμενος.
1184 1570 1247 1622 Εἰ
1280 1568 1337 1620 δὲ
1371 1566 1510 1636 ξύλῳ
1544 1563 1750 1624 παίσει,
1788 1562 1821 1631 ἢ
1856 1557 1989 1628 λίθῳ

2098 1559 2392 1615 secundum
2453 1558 2722 1611 rationem
2769 1571 2905 1610 usus
2945 1561 3030 1609 est
3073 1554 3219 1608 ferro
3248 1554 3315 1607 ad
3344 1551 3665 1607 secandum.

417 1671 657 1743 κρούσει,
697 1670 729 1739 ἢ
762 1667 945 1738 χερσὶν
983 1665 1138 1726 ἰδίαις
1176 1660 1483 1724 ἁποπνίξει,
1514 1652 1669 1718 αὖθις
1697 1655 1790 1708 καί
1819 1651 1991 1705 ταῦτα

2098 1651 2150 1705 Si
2196 1657 2376 1704 autem
2421 1649 2568 1718 ligno
2618 1648 2909 1718 percutiat,
2951 1656 3044 1700 aut
3075 1644 3302 1714 cuspide
3343 1644 3524 1705 feriat,
3572 1651 3669 1697 aut

418 1762 848 1832 προσαγορεύσει
910 1756 1089 1811 κακά·
1158 1753 1253 1806 καὶ
1314 1751 1491 1804 πάντα
1567 1746 1764 1819 μᾶλλον
1843 1743 1989 1797 αἴτια

2093 1741 2328 1811 pr0priis
2381 1739 2635 1793 manibus
2686 1737 3030 1807 strangulet;
3083 1751 3277 1790 rursus
3325 1735 3439 1789 haec
3491 1733 3668 1788 Mani-

419 1853 568 1924 παρά
600 1850 678 1922 τῷ
711 1850 945 1905 Μάνεντι
983 1847 1016 1917 ἧ
1059 1846 1119 1898 τὸ
1157 1844 1324 1908 ὅντως
1359 1841 1528 1895 αἴτιον
1562 1843 1590 1893 ὁ
1634 1838 1874 1901 ἑκούσιος
1906 1836 1992 1889 λο-

2098 1832 2275 1885 ehaeus
2319 1829 2614 1899 appellabit
2646 1829 2809 1892 mala,
2871 1835 2925 1882 et
2957 1828 3139 1884 omnia
3195 1828 3338 1897 apud
3384 1842 3507 1881 eum
3558 1824 3669 1879 cri-

416 1945 633 2014 γισμός.

490 1964 726 2105 fiam
761 2032 990 2104 ρηθέντα
1018 2031 1192 2084 πάντα
1228 2026 1367 2118 μετά
1409 2026 1523 2097 σιδή
1535 2022 1780 2118 ρου-οῦθ
1802 2021 1991 2118 ⁸ἀγαθὰ

414 2126 542 2179 οὔτε
594 2124 738 2183 κακὰ
782 2122 1072 2193 τυγχάνεν
1107 2114 1322 2173 ἕλκεται
1369 2119 1424 2172 δὲ
1455 2118 1591 2188 πρὸς
1634 2115 1663 2169 ὃ
1695 2116 1759 2170 ἂν
1797 2114 1991 2186 βουλη-

420 2217 537 2287 θείη
591 2216 620 2267 ὁ
671 2212 985 2285 χρώμενος,
1032 2210 1328 2282 ἐργαλείων
1378 2208 1533 2278 δίκην
1592 2204 1990 2276 παρακείμενα,

420 2306 514 2360 καὶ
535 2305 613 2376 τῷ
640 2304 906 2377 χρωμένῳ
930 2301 1246 2356 δουλεύοντα
1266 2319 1278 2332 ·
1306 2302 1449 2372 ἅπερ
1480 2301 1528 2353 εί
1565 2298 1639 2370 μὴ
1667 2297 1993 2370 παραδέδοτο

418 2397 710 2470 ἀνθρώπῳ,
759 2395 869 2448 οὔτ’
902 2396 968 2449 ἂν
999 2395 1097 2458 τάς
1139 2395 1328 2462 τέχνας
1380 2393 1523 2446 οὓτω
1565 2392 1833 2462 διήνυσεν,
1881 2388 1991 2442 οὔτ’

420 2488 489 2541 ἂν
521 2489 619 2551 τὰς
657 2488 882 2557 χρήσεις
913 2484 1012 2548 τὰς
1046 2485 1139 2537 ἀπ’
1170 2483 1348 2537 αὐτῶν
1373 2482 1530 2552 ἔσχεν
1556 2480 1851 2550 ἀφθόνους
1880 2478 1910 2531 ὃ
1936 2478 1993 2531 δὲ

417 2582 484 2653 δὴ
517 2582 720 2652 μεῖζον,
753 2580 952 2650 ἥκιστα
976 2577 1043 2631 ἂν
1079 2575 1442 2647 διεγυμνάσθη
1490 2573 1627 2645 πρὸς
1653 2573 1853 2643 ἀρετήν
1874 2587 1886 2600 ·
1916 2568 1994 2640 τῷ

420 2675 530 2746 γὰρ
561 2672 635 2745 μὴ
663 2672 804 2743 ἔχειν
848 2669 1146 2742 ἐργαλείων
1203 2668 1505 2747 παράθεσιν
1531 2664 1786 2717 ἕλκεσθαι
1830 2662 1994 2715 δυνα-

425 2765 604 2835 μένων
634 2762 768 2834 πρὸς
807 2759 1068 2832 ἐργασίαν
1090 2758 1290 2829 ἀρετῆς
1318 2772 1377 2809 τε
1407 2754 1503 2808 καὶ
1530 2753 1747 2817 κακίας,
1789 2752 1889 2805 οὒκ
1928 2750 1995 2806 ἀν

420 2871 487 2923 γε
515 2853 672 2923 ἔσχεν
706 2853 789 2921 ἐφ’
822 2849 996 2920 ἐαυτῷ
1018 2849 1117 2918 τῆς
1151 2846 1354 2918 ἀρετῆς
1384 2843 1482 2915 τὴν
1520 2842 1883 2913 προτίμησιν·
1920 2840 1996 2905 ὡς

420 2949 483 3010 ἐς
510 2945 578 2999 τὰ
608 2943 842 3015 μάλιστα
873 2942 938 2996 ἂν
971 2939 1329 3011 ἐζημιῶσθαι,
1369 2938 1464 2991 καὶ
1500 2935 1760 3007 μεγίστης
1790 2934 1998 3011 εύδοκι-

426 3040 643 3110 μήσεως
670 3032 1083 3090 ἐκπεπτωκέναι
1110 3032 1308 3093 δοκεῖν,
1333 3029 1489 3100 εἴπερ
1522 3027 1610 3081 διὰ
1636 3026 1793 3080 τοῦτο
1812 3026 1995 3096 δοκοίη

423 3130 758 3205 κακουργίας
791 3128 866 3200 μὴ
898 3124 1183 3187 ἅπτεσθαι,
1214 3125 1296 3177 ὄτι
1329 3122 1404 3192 μὴ
1435 3119 1502 3173 δι’
1539 3114 1614 3173 ὧν
1654 3119 1720 3173 ἂν
1747 3119 1996 3190 δράσειεν

424 3226 727 3295 εὐπόρησεν
744 3239 758 3253 ·
787 3222 850 3274 τὸ
877 3219 986 3292 γὰρ
1021 3216 1298 3278 παντελῶς
1329 3216 1609 3286 ἄπρακτον
1630 3210 1804 3283 ἀργόν
1824 3227 1885 3264 τε
1908 3209 1998 3265 καὶ

423 3314 629 3381 ἄδοξον.

507 3406 645 3461 Ἀλλ’
685 3407 806 3478 ὅρα,
854 3405 1075 3475 φήσειεν
1103 3401 1190 3467 ἂν,
1236 3399 1296 3453 τὸ
1335 3397 1649 3460 ἀποϐαῖνον,
1695 3409 1792 3449 και
1836 3392 1998 3447 πλέον

423 3500 577 3554 οὐδὲν
605 3498 699 3554 τοῦ
737 3496 1038 3565 ἀναγκαίου
1086 3492 1369 3564 συμϐαίνει
1389 3506 1402 3519 '
1436 3490 1662 3551 θάνατος
1684 3485 1793 3558 γὰρ
1811 3484 1872 3539 ού
1911 3483 2000 3538 διὰ

426 3594 631 3664 φονέως
663 3589 911 3661 εὓρηται,
948 3587 1083 3642 ἀλλά
1117 3586 1253 3657 πρὸς
1283 3582 1376 3637 τοῦ
1404 3577 1748 3654 Δημιουργοῦ
1775 3592 1999 3647 νενομο-

426 3684 646 3752 θέτηται
666 3700 679 3715 ο
711 3682 803 3736 καὶ
836 3680 889 3734 εί
917 3678 979 3748 γέ
1006 3696 1089 3743 τις
1120 3675 1406 3740 σπουδάζει
1438 3673 1674 3745 σίδηρον,
1701 3671 1796 3726 καὶ
1822 3668 1997 3737 ξύλον,

425 3776 518 3829 καὶ
546 3774 712 3836 λίθον,
743 3771 853 3843 πῦρ
881 3788 941 3824 τε
968 3770 1063 3824 καλ⁸
1092 3769 1234 3839 ὕδωρ
1258 3768 1352 3821 καὶ
1371 3764 1441 3819 τὰ
1464 3763 1688 3819 τοιαῦτα
1721 3762 1797 3825 ὡς
1836 3775 2002 3815 κακο⁶

425 3865 556 3920 ποιά
586 3862 870 3933 διελέγξαι,
903 3862 1009 3917 τῶν
1040 3859 1336 3933 ἐργαλείων
1364 3858 1463 3929 τὴν
1500 3856 1675 3928 ἀρχὴν
1708 3855 2000 3925 ἀφέμενος,

429 3955 588 4026 μόνον
622 3954 682 4008 τὸ
726 3952 1039 4016 ἀποϐαῖνον,
1071 3950 1216 4019 λέγω
1261 3948 1326 4020 δὴ
1358 3947 1450 4002 τὸν
1495 3947 1742 4011 θάνατον,
1792 3946 2000 4014 διελεγ-

428 4047 588 4118 χέτω,
620 4045 714 4099 καὶ
747 4044 1008 4098 δεικνύτω
1029 4041 1216 4095 τοῦτον
1240 4041 1300 4094 οὐ
1338 4039 1478 4094 κατὰ
1503 4038 1658 4107 λόγον
1698 4036 2001 4108 ὡρισμένον

429 4140 568 4213 πρὸς
594 4138 686 4191 τοῦ
712 4135 1055 4209 Δημιουργοῦ
1077 4152 1089 4163 ·
1110 4132 1391 4196 καὶοῦτως
1423 4130 1648 4184 ὕστατον
1665 4130 1811 4184 κακά
1837 4145 2004 4200 προσ-

424 4229 735 4302 αγορευέτω
781 4228 843 4282 τὸ
885 4226 1070 4290 κακῶς
1114 4224 1533 4297 συναιρούμενα.
1570 4224 1634 4276 Εί
1678 4222 1735 4276 δὲ
1775 4221 2002 4283 θάνατος

427 4322 519 4375 ὑπ’
568 4320 778 4384 οὐδενὸς
838 4312 1178 4387 ἀναδειχθείη
1226 4313 1491 4386 πονηρὸς,
1548 4311 1853 4366 τούναντίον
1905 4309 2004 4382 μὲν

425 4409 548 4479 οῦν,
605 4413 679 4475 ὡς
727 4413 817 4466 διὰ
870 4409 1080 4463 πολλῶν
1128 4408 1416 4469 δέδεικται,
1472 4405 1568 4459 καὶ
1617 4401 1891 4474 ὠφέλιμός
1938 4418 2002 4470 γε

2090 1921 2228 1977 mini
2260 1922 2438 1989 potius
2478 1918 2778 1982 dabuntur,
2810 1932 2975 1986 quam
3009 1917 3271 1985 cogitatio
3300 1914 3629 1970 voluntaria.

2164 2009 2358 2066 Omnia
2413 2010 2559 2065 enim
2611 2025 2730 2079 quae
2771 2010 2916 2063 dicta
2955 2016 3083 2063 sunt
3125 2024 3247 2062 cum
3284 2008 3452 2070 ferro,
3493 2022 3669 2076 neque

2084 2086 2257 2166 bona,
2311 2116 2487 2171 neque
2532 2102 2672 2154 mala
2715 2108 2877 2165 sunt;
2915 2101 3208 2153 trahuntur
3242 2099 3386 2153 enim
3421 2113 3528 2167 quo
3573 2098 3667 2167 qui

2095 2193 2265 2245 utitur
2288 2192 2452 2257 velit;
2485 2206 2605 2261 qua:
2629 2206 2758 2246 vero
2788 2199 2915 2247 sunt
2943 2192 3119 2262 posita
3145 2191 3319 2245 instar
3342 2190 3672 2243 instrumen-

2094 2288 2297 2346 torum,
2353 2290 2407 2336 et
2461 2282 2809 2338 deserviunt‘
2835 2284 3011 2338 uteuti
3045 2301 3058 2337 :
3088 2298 3209 2352 qua:
3247 2282 3294 2336 si
3325 2282 3528 2335 homini
3558 2295 3669 2333 non

2094 2382 2281 2431 essent
2316 2374 2539 2439 tradita,
2566 2391 2668 2431 nec
2695 2376 2925 2430 artiﬁcia
2957 2377 3037 2431 sic
3066 2389 3364 2446 perageret,
3410 2391 3511 2430 nec
3560 2375 3670 2428 uti-

2094 2467 2278 2522 litates
2315 2483 2382 2522 ex
2421 2469 2675 2523 artificiis
2714 2468 2967 2538 copiosas
2997 2468 3255 2536 haberet;
3297 2469 3518 2539 etquod
3548 2471 3670 2539 plus

2094 2566 2201 2624 est,
2252 2561 2476 2616 minime
2525 2561 2591 2615 ad
2643 2561 2899 2616 virtutem
2935 2562 3255 2617 exercitatio
3297 2562 3668 2617 adhiberetur.

2094 2646 2216 2703 Non
2267 2650 2516 2706 habendo
2553 2651 2697 2706 enim
2741 2650 2987 2721 apposita
3022 2651 3408 2712 instrumenta.
3452 2667 3574 2721 quae
3604 2652 3672 2706 ad

2097 2744 2369 2798 actionem
2418 2744 2641 2798 virtutis
2687 2745 2771 2797 vel
2819 2743 2932 2797 vitii
2982 2744 3386 2797 accommodari
3423 2755 3668 2813 possent,

2099 2848 2211 2888 non
2240 2834 2467 2889 haberet
2496 2843 2821 2905 potestatem
2847 2836 3102 2891 virtutem
3134 2837 3268 2889 vitio
3295 2836 3668 2906 praaponendi,

2099 2934 2160 2980 ut
2193 2926 2488 2979 maximam
2523 2925 2794 2995 jacturam
2826 2923 3023 2980 fecisse
3049 2926 3327 2981 videretur
3358 2936 3411 2982 et
3437 2942 3466 2980 a
3501 2929 3676 2982 maxi-

2099 3030 2185 3069 ma
2232 3015 2392 3071 laude
2435 3015 2739 3080 excidisse;
2795 3017 2840 3073 si
2897 3026 3182 3086 propterea
3233 3018 3510 3073 videretur
3564 3035 3675 3074 non

2100 3107 2387 3162 admittere
2427 3115 2584 3178 turpe
2625 3107 2853 3176 factum,
2897 3110 3026 3179 quia
3070 3124 3179 3164 non
3220 3110 3411 3164 habuit
3463 3114 3675 3181 copiam

2101 3211 2291 3252 eorum
2319 3200 2519 3268 quibus
2564 3184 2889 3269 perliceret:
2920 3201 3067 3271 quod
3110 3202 3255 3257 enim
3288 3204 3515 3257 omnino
3563 3220 3675 3258 non

2100 3288 2235 3357 agit,
2275 3289 2511 3343 otiosum
2533 3297 2618 3345 est
2646 3299 2699 3344 et
2726 3290 3037 3359 inglorium.

2172 3376 2280 3434 Sed
2324 3380 2466 3446 vide,
2504 3380 2735 3450 inquiet,
2779 3381 2923 3451 quod
2949 3396 3014 3436 ex
3059 3382 3442 3437 instrumentis
3480 3400 3676 3455 prove-

2100 3468 2203 3536 nit,
2253 3470 2428 3541 magis
2466 3471 2842 3525 necessarium
2895 3472 3128 3537 accidit;
3180 3488 3328 3528 mors
3383 3476 3528 3529 enim
3564 3493 3678 3533 non

2100 3569 2184 3617 est
2216 3562 2436 3617 inventa
2467 3562 2536 3617 ab
2572 3562 2946 3628 interfectore,
2990 3563 3087 3618 sed
3115 3580 3146 3619 a
3166 3564 3430 3621 Creatore
3460 3570 3676 3624 sancila

2100 3661 2184 3710 est
2213 3673 2226 3709 :
2258 3661 2313 3710 et
2359 3656 2405 3710 si
2438 3654 2563 3725 quis
2593 3654 2810 3710 studeat
2854 3654 3063 3710 ferrum
3097 3667 3151 3711 et
3206 3659 3414 3729 lignum
3454 3671 3509 3723 et
3540 3662 3677 3730 lapi-

2101 3746 2246 3812 dem,
2294 3749 2474 3819 ignem
2526 3756 2581 3802 et
2619 3762 2817 3818 aquam
2854 3757 2908 3802 et
2948 3750 3055 3803 alia
3100 3751 3372 3819 ejusmodi
3415 3760 3676 3823 tanquam

2100 3839 2346 3895 maleﬁca
2389 3853 2683 3905 accusare,
2727 3840 2921 3895 relicto
2970 3843 3236 3913 principio
3283 3844 3678 3900 instrumento-

2101 3945 2258 3995 rum;
2304 3927 2667 3999 reprehendat
2711 3937 2767 3985 et
2806 3940 3030 3987 accuset
3074 3932 3128 3987 id
3177 3934 3320 4003 quod
3354 3951 3421 3990 ex
3471 3937 3676 3990 instru-

2102 4020 2301 4076 mentis
2334 4023 2606 4091 provenit,
2640 4035 2870 4077 mortem
2900 4024 3046 4088 dico,
3077 4028 3378 4096 probetque
3412 4044 3521 4082 non
3555 4045 3679 4085 esse

2102 4110 2244 4166 hanc
2291 4127 2322 4165 a
2366 4112 2476 4167 Deo
2526 4113 2803 4169 decretam
2850 4123 2905 4169 et
2962 4117 3318 4171 constitutam
3372 4120 3677 4175 secundum

2103 4203 2370 4257 rationem
2408 4218 2423 4256 :
2457 4215 2617 4274 atque
2655 4205 2729 4258 ita
2772 4214 3050 4276 postremo
3094 4208 3330 4276 appellet
3358 4210 3523 4271 mala,
3556 4227 3678 4281 quae

2103 4295 2243 4349 male
2265 4295 2525 4365 adjuvant
2547 4304 2793 4352 mortem.
2831 4294 2937 4350 Sed
2970 4297 3015 4352 si
3053 4313 3211 4351 nemo
3244 4307 3419 4367 potest
3442 4302 3679 4368 probare

2104 4393 2333 4440 mortem
2367 4402 2489 4441 esse
2515 4387 2735 4451 malam,
2778 4388 2874 4442 sed
2910 4398 3101 4442 contra
3138 4391 3341 4458 potius,
3372 4397 3432 4444 ut
3455 4394 3679 4461 c0piose

423 4505 679 4576 τυγχάνει
706 4522 718 4537 ο
755 4501 872 4565 πῶς
905 4503 967 4555 οὐ
1009 4500 1271 4571 παρέλκει
1320 4498 1390 4571 τὰ
1416 4498 1483 4552 δι’
1510 4490 1586 4550 ὧν
1628 4496 1694 4550 ἂν
1730 4494 1995 4567 συμϐαίνῃ

2106 4478 2392 4548 probatum
2419 4489 2522 4542 est,
2543 4480 2728 4534 utilem
2770 4495 2922 4548 esse;
2954 4497 3024 4534 an
3058 4496 3167 4536 non
3208 4496 3677 4554 supervacaneum

427 4597 653 4651 θάνατος
675 4635 690 4659 ,
766 4594 968 4648 τούτων
1035 4593 1110 4655 ὡς
1178 4591 1362 4645 κακῶν
1429 4590 1589 4660 φύσει
1650 4588 1995 4658 κατηγορεῖν,

425 4688 525 4741 οὐκ
565 4686 782 4739 εἰδότων
836 4683 933 4754 μὲν
980 4681 1063 4750 ἐφ’
1113 4681 1143 4734 ὂ
1198 4681 1481 4735 σαλεύεται
1530 4680 1665 4751 πρὸς
1722 4679 1929 4750 ἐτέρου,

427 4778 734 4851 παρεδόθη,
782 4777 961 4847 πάσης
1023 4774 1066 4826 δ’
1126 4772 1304 4835 αἰτίας
1362 4772 1827 4843 ἀπηλλαγμένωνς
1879 4769 2001 4822 δέον

428 4873 520 4926 τὸν
543 4870 793 4926 κινοῦντα
825 4870 982 4940 μόνον
1001 4866 1160 4931 αὐτὰ,
1189 4867 1276 4919 ὅτε
1301 4866 1375 4937 μὴ
1401 4865 1694 4936 προσῆκεν,
1717 4863 2000 4933 ἄνθρωπον

428 4961 727 5017 αἰτιᾶσθαι,

2105 4578 2190 4625 est
2226 4586 2484 4625 accusare
2512 4580 2773 4641 tanquam
2813 4582 3009 4626 natura
3036 4574 3147 4627 sint
3177 4575 3338 4637 mala,
3379 4590 3441 4629 ea
3474 4593 3538 4631 ex
3562 4579 3680 4647 qui-

2106 4662 2212 4717 bus
2239 4677 2388 4717 mors
2429 4662 2661 4729 accidit;
2710 4679 2830 4733 quae
2867 4680 3044 4735 neque
3088 4665 3270 4720 sciunt
3306 4666 3373 4721 ad
3419 4683 3540 4737 quae
3569 4670 3679 4723 sint

2109 4756 2417 4811 adhibenda
2466 4757 2536 4811 ab
2587 4756 2758 4812 altero
2797 4761 2886 4812 cui
2916 4758 3117 4812 tradita
3149 4767 3307 4821 sunt,
3340 4769 3393 4816 et
3433 4762 3501 4817 ab
3530 4766 3678 4816 omni

2108 4853 2268 4922 culpa
2296 4859 2351 4906 et
2381 4851 2610 4905 crimine
2643 4858 2773 4905 sunt
2802 4851 3014 4905 libera?
3050 4867 3172 4905 cum
3203 4860 3482 4922 oporteret
3510 4853 3681 4906 homi—

2108 4959 2231 4998 nem
2287 4943 2464 4998 solum
2523 4958 2804 5007 accusare,
2866 4944 2960 5013 qui
3010 4959 3072 4999 ea
3129 4944 3490 5001 instrumenta
3550 4954 3682 5002 tunc

2110 5040 2314 5099 movet,
2346 5047 2470 5086 cum
2510 5046 2622 5085 non
2663 5032 2791 5087 licet
2826 5048 3006 5102 neque
3050 5035 3324 5089 convenit.

427 5165 556 5220 CAP.
591 5162 805 5219 XXVII.
850 5158 1005 5216 Nihil
1049 5165 1103 5215 in
1143 5159 1350 5231 fabrica
1380 5158 1562 5212 mundi
1600 5157 1820 5211 malum.
1852 5153 1981 5208 Sola
2012 5153 2244 5276 hu‘mana
2281 5149 2421 5203 ratio
2463 5148 2751 5220 aliquando
2797 5147 3006 5218 quidem
3048 5157 3258 5219 peccat,
3297 5151 3388 5204 sed
3428 5153 3591 5206 simul
3631 5161 3684 5206 ct

581 5271 589 5276 -
1859 5240 2072 5276 coaraui
2103 5239 2185 5276 ur.

1859 5239 2185 5294 coarguitur.

501 5353 659 5408 Οὕτω
689 5353 798 5425 γὰρ
840 5351 975 5423 πρὸς
1012 5346 1670 5421 ἀλήθειανοάποδέδεικται
1702 5343 1868 5415 μηδὲν
1905 5344 2004 5414 μὲν

429 5448 540 5501 τῶν
576 5445 718 5499 κατά
764 5444 864 5514 τὴν
912 5440 1274 5514 δημιουργίαν
1322 5436 1461 5491 εἶναι
1505 5436 1707 5490 κακόν·
1746 5434 1904 5506 μόνον
1945 5434 2003 5487 δὲ

431 5539 523 5592 τὸν
551 5534 890 5607 ἀνθρώπινον
910 5533 1166 5603 λογισμὸν
1187 5530 1435 5596 ἐξουσίαν
1455 5527 1768 5595 ἀναγκαίως
1794 5525 1860 5578 λα
1869 5524 2006 5596 μϐά-

434 5646 592 5684 νοντα
635 5628 779 5681 ἐστιν
821 5628 910 5680 ὅτε
962 5625 1316 5696 πλημμελεῖν,
1358 5619 1784 5693 πλημμελοῦντα
1826 5619 1882 5671 δὲ
1932 5617 2010 5669 δι-

433 5720 747 5791 ελέγχεσθαι
780 5719 958 5789 μόνον,
990 5721 1071 5772 ὅτι
1105 5716 1470 5789 προτετίμηκε
1497 5713 1556 5766 τὸ
1590 5714 1770 5781 χεῖρον
1791 5725 1804 5738 '
1841 5708 2006 5781 μηδὲν

376 5804 381 5809 θ
431 5810 488 5869 εὶ
541 5810 681 5865 κατὰ
728 5809 825 5880 τῆς
873 5808 1085 5877 φύσεως
1141 5806 1481 5876 καινοτομεῖν
1523 5801 1812 5866 δύνασθαι,
1871 5797 2004 5869 μηδὲ

2185 5337 2277 5392 Sic
2320 5354 2465 5393 enim
2498 5352 2626 5393 vere
2656 5337 2975 5392 conclusum
3011 5344 3065 5393 et
3102 5338 3411 5392 coniectum
3446 5347 3552 5407 est,
3597 5342 3684 5397 ui-

2112 5433 2188 5487 hil
2216 5434 2268 5486 in
2300 5433 2507 5487 fabrica
2547 5432 2737 5487 mundi
2770 5448 2893 5487 esse
2924 5433 3148 5487 malum.
3199 5431 3382 5487 Solam
3414 5434 3683 5492 rationem

2118 5525 2413 5579 humanam
2450 5540 2571 5594 qua:
2609 5526 2924 5580 necessario
2967 5531 3291 5595 potestatem
3321 5526 3541 5596 accipit,
3580 5526 3683 5582 ali-

2116 5616 2336 5686 quando
2385 5615 2605 5684 quidem
2664 5630 2913 5686 peccare,
2973 5623 3287 5687 peccantem
3327 5631 3458 5671 vero
3507 5616 3578 5671 ob
3628 5616 3684 5668 id

2115 5710 2292 5763 solum
2332 5708 2675 5780 reprehendi,
2728 5709 2854 5779 quia
2897 5709 3043 5779 quod
3074 5708 3315 5764 deterius
3354 5717 3493 5775 erat,
3548 5723 3685 5772 pm).-

2113 5801 2297 5872 posuit
2337 5801 2583 5869 meliori;
2637 5816 2814 5873 neque
2861 5812 3051 5858 contra
3095 5810 3347 5858 naturam
3387 5818 3548 5872 posse
3580 5801 3687 5857 alia
