4100 6422
457 347 592 399 IIS?

1615 351 1749 406 TITI
1791 351 2220 412 BOSTRENSIS
2268 354 2579 412 EPISCOPI

3561 354 3702 411 H83

454 462 586 535 quid
636 478 857 527 novare,
912 477 1014 517 nec
1048 478 1172 518 esse
1220 479 1388 535 penes
1416 481 1561 535 eum,
1595 478 1655 523 ιιι
1686 487 1807 541 qua:
1852 486 2018 543 supra

2122 475 2191 528 τὰ
2260 476 2371 530 ἅνω
2425 476 2575 529 κάτω
2644 475 2730 527 ἔτι*
2785 473 2933 543 αὐτῷ
2990 469 3130 527 εἶναι
3191 472 3398 535 ποιεῖν,
3455 469 3594 526 ἀλλά
3639 472 3703 525 τὸ

450 561 603 619 sunt,
643 554 751 607 sint
776 550 942 616 infra,
989 552 1085 607 sed
1128 554 1307 607 solum
1349 554 1528 611 facere
1562 573 1647 621 ca,
1680 576 1801 628 quae
1832 576 2031 617 sccuu»

456 647 580 702 dum
634 653 886 699 naturain
950 656 1081 701 sunt
1130 665 1148 699 :
1195 649 1449 717 quamvis
1506 661 1798 706 accusetur
1848 652 2031 711 facere

450 745 648 808 praeter
680 737 971 792 rationem.

522 829 679 883 Sicut
695 828 875 883 caades
896 834 1124 883 mortem
1149 827 1447 884 secundum
1475 837 1728 887 naturain
1746 844 2026 904 operatur,

451 921 584 975 nihil
623 921 861 989 amplius
890 921 1096 975 faciens
1127 936 1288 991 quam
1315 922 1460 991 quod
1491 932 1575 977 est
1602 928 1902 981 secundum
1933 944 2029 982 ua-

443 1019 650 1073 turam,
687 1020 1048 1081 praeterquam
1094 1011 1239 1080 quod
1281 1014 1533 1078 coarguit
1580 1030 1704 1069 cum
1744 1017 1837 1085 qui
1876 1016 2023 1073 fecit.

450 1101 665 1159 Rursus
692 1101 1026 1157 adulterium
1052 1110 1107 1156 et
1133 1102 1241 1156 alia
1271 1102 1541 1171 ejusmodi
1566 1106 1636 1160 ob
1669 1122 1787 1161 eam
1812 1116 2024 1163 tantum

439 1211 673 1252 causam
722 1207 1072 1260 accusantur,
1122 1198 1251 1267 quia
1297 1206 1429 1253 sunt
1474 1216 1662 1273 aversa
1709 1218 1739 1257 a
1793 1206 2023 1262 ratione.

440 1288 653 1343 Contra
695 1295 946 1341 naturam
986 1303 1117 1342 vero
1155 1303 1185 1342 a
1217 1287 1478 1348 Creatore
1504 1293 1858 1348 constitutam
1888 1296 2024 1350 nihil

445 1381 665 1447 penitus
692 1386 870 1451 potest
912 1380 1118 1450 aliquid
1164 1382 1290 1435 novi
1324 1382 1526 1447 moliri,
1552 1386 1753 1455 quippe
1785 1400 1908 1439 cum
1940 1388 2046 1442 ch'

440 1472 566 1542 cjus
596 1473 685 1542 qtti
720 1480 971 1525 naturam
1007 1471 1310 1529 fabricatus
1353 1482 1458 1538 cst,
1494 1476 1564 1531 sit
1590 1485 1641 1531 et
1680 1488 1895 1533 maneat
1925 1480 2023 1533 im-

450 1563 749 1619 mutabih’s.
786 1562 845 1617 In
894 1563 1031 1634 ipsis
1060 1580 1193 1619 vero
1223 1582 1344 1636 quae
1386 1568 1662 1622 naturalia
1709 1577 1859 1633 sunt,
1893 1586 2020 1641 pec-

442 1664 570 1711 cata
621 1665 908 1711 versantur
961 1657 1170 1711 nullam
1225 1659 1523 1715 novitatem
1575 1659 2017 1716 introducentia:

441 1746 624 1801 solum
649 1755 890 1816 arguunt
911 1754 971 1801 et
995 1747 1332 1801 convincunt
1356 1747 1644 1804 facientem
1676 1762 1867 1820 sponte
1891 1767 2020 1822 pee-

2132 568 2272 621 κατὰ
2300 568 2461 637 φύσιν
2497 566 2655 637 μόνον
2685 567 2836 638 δρᾷν,
2865 565 2967 620 κᾶν
2995 566 3301 637 παράλογον
3327 564 3702 637 κατηγορῆται

2132 677 2321 713 ποιειν.

2200 833 2353 903 Οἶον,
2404 839 2562 906 φόνος
2594 840 2821 894 θάνατον
2860 840 2951 893 τὸν
3007 840 3149 895 κατά
3191 839 3350 910 φύσιν
3384 840 3695 911 ἐργάζεται,

2126 931 2281 984 οὐδὲν
2315 931 2474 984 πλέον
2517 931 2684 984 ποιῶν
2728 931 2823 985 τοῦ
2861 934 3000 985 κατά
3051 932 3266 1004 φύσινῆ
3311 935 3433 986 ὅσον
3483 934 3697 1003 ἐλέγξαι

2127 1022 2219 1075 τὸν
2256 1022 2561 1093 δράσαντα³
2612 1023 2824 1092 μοιχεία
2870 1019 3060 1088 αὖθις,
3106 1024 3200 1076 καὶ
3234 1024 3303 1076 τά
3352 1024 3577 1079 τοιαῦτα

2128 1114 2421 1183 παραλόγῳ
2466 1114 2626 1185 μόνον
2673 1114 2767 1167 τοῦ
2802 1115 3062 1185 λογισμοῦ
3104 1117 3506 1187 κατηγορεῖται.
3538 1115 3698 1170 Κατὰ

2125 1204 2182 1259 δὲ
2224 1205 2322 1274 τῆς
2353 1202 2564 1273 φύσεως
2603 1205 2699 1275 τῆς
2731 1205 3041 1276 ὡρισμένης
3067 1204 3171 1258 ὑπὸ
3205 1204 3306 1258 τοῦ
3349 1202 3692 1277 Δημωυργοῦ

2126 1299 2466 1367 καινοτομεῖν
2524 1296 2801 1361 παντελῶς
2832 1297 2984 1351 οὐδὲν
3039 1297 3299 1351 δύναταιε
3353 1298 3429 1361 ὡς
3475 1298 3695 1369 ἀπαρά-

2125 1388 2287 1441 ϐατον
2334 1388 2431 1457 μὲν
2488 1383 2624 1440 εἷναί
2661 1405 2722 1441 τε
2765 1389 2860 1443 καὶ
2908 1389 3088 1460 μένειν
3117 1390 3209 1443 τὸν
3240 1390 3403 1462 νόμον
3447 1391 3542 1444 τοῦ
3593 1392 3695 1464 τὴν

2125 1477 2285 1546 φύσιν
2314 1479 2838 1551 δημιουργήσαντος.
2870 1480 2957 1532 Ἐν
2987 1480 3169 1544 αὐτοῖς
3197 1479 3253 1533 δέ
3285 1498 3386 1534 που
3418 1483 3531 1546 τοῖς
3554 1484 3695 1538 κατὰ

2125 1571 2285 1640 φύσιν
2318 1570 2640 1643 στρέφεσθαι
2665 1571 2733 1625 τὰ
2763 1573 3131 1644 ἁμαρτήματα
3151 1613 3164 1635 ,
3208 1575 3477 1645 μηδεμίαν
3508 1577 3692 1629 ὲπεισ-

2122 1663 2322 1731 ἀγοντα
2357 1662 2649 1734 καινότητα
2670 1703 2684 1727 ,
2725 1662 2758 1735 ἢ
2796 1665 2879 1717 ὅτι
2922 1665 3080 1734 μόνον
3116 1664 3227 1722 ,τὸν
3252 1710 3257 1713 ς
3278 1666 3586 1737 πράττοντα
3615 1665 3694 1720 διο

2123 1753 2335 1823 ελέγχει
2391 1753 2588 1807 ἑκόντα
2633 1753 3086 1824 πλημμελοῦντα·
3127 1756 3203 1817 ὡς
3234 1755 3334 1808 οὐκ
3385 1754 3451 1809 ἃν
3492 1756 3693 1828 ἑτέρως

444 1853 593 1904 care,
644 1846 704 1892 ut
746 1839 840 1909 qui
883 1854 993 1893 non
1032 1841 1208 1909 possit
1250 1841 1413 1896 aliter
1455 1856 1521 1895 ex
1571 1841 1774 1898 virtute
1804 1842 2017 1915 degere,

2121 1844 2413 1916 δυνηθέντα
2464 1844 2796 1917 κατορθοῦν,
2855 1848 2902 1899 εί
2962 1847 3035 1917 μὴ
3088 1846 3179 1899 καὶ
3220 1847 3281 1899 τό
3333 1864 3396 1916 γε
3451 1848 3693 1901 ἐναντίον

442 1931 551 1986 nisi
580 1946 745 2002 penes
778 1946 902 1986 eum
937 1931 1010 1985 sit
1043 1933 1381 1987 contrarium
1409 1948 1602 2003 agere;
1633 1935 1777 2005 quod
1800 1937 2019 2007 quidem

444 2026 634 2080 volens
683 2033 737 2080 et
780 2024 957 2079 libens
991 2024 1249 2091 declinat,
1299 2034 1360 2081 ut
1400 2027 1661 2083 virtutem
1717 2040 2015 2099 comparet.

446 2118 544 2176 Est
577 2120 743 2190 igitur
781 2133 1010 2174 summa:
1044 2117 1291 2173 stultitia:
1341 2126 1397 2173 et
1430 2118 1779 2188 insipientize,
1814 2120 2018 2176 ferrum

442 2219 541 2265 aut
572 2211 779 2281 lignum
812 2219 904 2264 aut
950 2210 1057 2263 alia
1090 2210 1361 2277 ejusmodi
1391 2210 1445 2264 itt
1477 2211 1687 2266 crimen
1712 2227 1931 2279 vocare,
1966 2221 2020 2267 et

442 2318 555 2357 ttcn
588 2318 713 2357 eum
745 2303 838 2372 qui
871 2302 956 2356 his
988 2309 1186 2371 printer
1214 2302 1481 2357 rationem
1511 2302 1705 2356 utitur.

519 2390 577 2446 Si
606 2392 731 2461 quis
762 2406 891 2446 vero
918 2399 1151 2462 quaerat,
1178 2406 1346 2460 quare
1375 2390 1645 2447 occiditur
1673 2393 1870 2458 homo;
1897 2407 2021 2447 rur-

443 2499 542 2539 sus
571 2482 863 2538 dicendum
902 2485 1028 2545 erit,
1060 2485 1204 2555 quod
1239 2488 1439 2554 smpius
1468 2484 1673 2539 dictmn
1707 2495 1810 2547 est,
1847 2499 2019 2555 quare

446 2573 613 2646 igitur
650 2576 811 2630 homo
840 2575 1075 2646 denique
1106 2575 1376 2631 moritur?
1399 2576 1542 2645 quod
1571 2576 1790 2647 quidem
1820 2578 1867 2633 si
1902 2591 2019 2630 ma—

441 2667 556 2721 lum
597 2682 721 2722 esse
755 2666 1099 2730 ostendatur,
1133 2677 1281 2722 recte
1310 2668 1471 2739 culpa
1510 2668 1568 2722 in
1600 2682 1726 2723 eum
1759 2669 1852 2738 qui
1888 2681 2019 2723 con-

443 2757 623 2814 stituit
654 2758 943 2813 redundat.
977 2756 1075 2812 Sin
1115 2773 1245 2812 vero
1270 2774 1383 2812 non
1415 2767 1500 2813 est
1529 2758 1691 2824 mala,
1727 2758 2019 2829 permissio

442 2859 654 2904 tantum
687 2850 808 2918 ejus
842 2849 936 2919 qui
981 2864 1071 2904 res
1118 2856 1341 2903 nostras
1376 2861 1651 2920 procurat,
1693 2849 2019 2920 inquirenda

438 2949 550 3003 est,
588 2956 759 3010 quare
788 2941 953 2994 homo
984 2941 1040 2994 in
1087 2941 1191 2995 hoc
1218 2957 1390 3011 genus
1425 2941 1617 2997 mortis
1654 2940 1866 3005 incidit,
1898 2955 2019 3013 qua}

443 3045 552 3085 non
587 3039 672 3086 est
697 3032 996 3086 secundum
1039 3038 1292 3085 naturain
1339 3031 1516 3099 mala;
1556 3039 1612 3087 et
1638 3032 1903 3087 continuo
1931 3047 2018 3087 re-

440 3123 705 3194 perietur,
730 3136 795 3177 ex
824 3122 1010 3177 multis
1040 3136 1105 3177 ac
1147 3123 1318 3178 variis
1355 3124 1539 3180 causis
1573 3123 1842 3191 accidere,
1878 3138 2017 3196 quas
2042 3165 2085 3223 ο

435 3229 765 3270 enumerare
796 3214 1074 3269 curiosum
1111 3213 1293 3269 fuerit.

511 3306 654 3362 Idem
684 3308 828 3361 enim
857 3307 1006 3377 justo
1033 3315 1088 3361 et
1131 3307 1338 3377 injusto
1371 3305 1609 3364 diversis
1654 3305 1840 3362 causis
1870 3307 2019 3362 acci-

436 3397 521 3454 dit
552 3418 566 3454 :
594 3415 703 3454 non
737 3407 796 3453 ut
820 3399 970 3469 justo
1016 3400 1089 3455 sit
1138 3400 1373 3467 damno;
1422 3414 1524 3455 nec
1561 3400 1789 3469 injusto,
1837 3406 1898 3453 ιιι
1944 3399 2018 3453 sit

439 3490 712 3561 supplicio
748 3497 802 3546 et
843 3489 1098 3545 vindictae
1156 3490 1288 3561 (non
1335 3490 1483 3545 enim
1526 3489 1672 3560 quod
1714 3490 2016 3546 secundum

440 3592 689 3636 naturam
722 3589 828 3646 est,
860 3582 1191 3651 supplicium
1216 3581 1420 3652 fuerit),
1454 3581 1548 3637 sed
1576 3591 1634 3635 ut
1672 3582 1742 3636 sit
1769 3583 2017 3652 exemplo

439 3674 563 3730 aliis
587 3675 668 3729 vel
699 3674 767 3727 ad
799 3672 1134 3744 prohibenda
1167 3674 1306 3726 mala
1343 3673 1691 3728 insanabilia.
1726 3672 2017 3744 Multaque

440 3764 561 3817 aliae
589 3774 769 3816 causa
802 3771 948 3825 sunt,
995 3770 1217 3830 propter
1257 3776 1394 3831 quas
1426 3760 1571 3818 Deus
1615 3762 1892 3817 hominem
1931 3777 2018 3818 oc-

436 3854 547 3908 cidi
585 3854 852 3924 permittit
877 3872 891 3907 :
916 3860 1134 3907 constat
1172 3860 1354 3909 tamen
1393 3854 1526 3908 nihil
1558 3855 1815 3925 amplius,
1851 3869 2014 3926 quam

438 3946 584 4014 quod
621 3946 673 3997 iu
709 3951 902 3997 natura
944 3942 1223 3998 decretum
1257 3952 1312 3999 et
1340 3943 1699 3999 constitutum
1733 3952 1838 4006 est,
1872 3943 2018 3999 acci-

437 4037 607 4090 dere:
642 4035 768 4091 licet
796 4034 940 4089 enim
980 4034 1232 4090 diversus
1264 4049 1431 4090 casus
1461 4036 1673 4090 accidat
1697 4034 1885 4101 febris,
1927 4050 2017 4090 sa-

438 4128 644 4182 tietatis
669 4126 991 4187 immodicae.
1020 4133 1113 4179 aut
1134 4134 1324 4180 contra
1352 4125 1744 4181 exinanitionis
1765 4143 1830 4182 ex
1850 4127 2012 4192 fame,

445 4221 687 4293 frigoris,
729 4229 924 4285 aestus,
954 4221 1188 4291 aggeris,
1222 4219 1591 4291 lapidationis,
1631 4219 1816 4290 gladii,
1849 4219 2011 4289 ignis,

437 4330 623 4384 aquze;
658 4323 714 4368 at
748 4313 803 4368 in
835 4313 919 4368 his
951 4312 1210 4366 omnibus
1234 4326 1402 4365 uuutn
1422 4318 1525 4368 cst.
1552 4311 1697 4380 quod
1724 4309 1851 4365 inde
1882 4324 2015 4380 pro-

439 4407 607 4462 venit.
653 4403 859 4475 Ecquid
909 4405 1052 4460 hoc?
1104 4402 1159 4457 id
1212 4403 1446 4467 scilicet,
1499 4403 1647 4473 quod
1690 4417 1720 4456 a
1753 4402 2016 4457 Creatore

2123 1930 2265 2005 εἶχεν
2313 1935 2397 2003 ἐφ’
2444 1934 2642 2005 ἐαυτῷ,
2677 1927 2737 1988 οὗ
2787 1933 2883 2006 τὴν
2930 1936 3173 1990 ἑκούσιον
3224 1937 3510 2008 ἀποφυγὴν
3553 1937 3692 2010 πρὸς

2120 2027 2321 2098 ἀρετῆς
2343 2027 2534 2098 κτῆσιν
2557 2027 2686 2098 ἔχει.
2718 2027 2926 2100 Οὐκοῦν
2963 2029 3268 2099 ἀκροτάτης
3291 2028 3475 2093 ἀνοίας
3505 2029 3691 2100 ἔργον,

2125 2119 2300 2190 μάτην
2320 2119 2534 2190 σίδηρον
2567 2119 2599 2189 ἢ
2627 2118 2782 2183 ξύλον
2812 2119 2918 2189 ἦτι
2940 2119 3046 2171 τῶν
3074 2119 3247 2174 ἄλλων
3279 2119 3692 2185 αἰτιᾶσθαι,καὶ

2123 2208 2198 2281 μὴ
2226 2209 2314 2262 τὸν
2337 2208 2615 2282 χρώμενον
2641 2209 2984 2281 παραλόγως.

2189 2382 2253 2435 El
2298 2381 2357 2434 δέ
2406 2399 2490 2445 τις
2520 2382 2707 2455 ζητοίη
2738 2382 2828 2437 διά
2868 2382 2922 2437 τί
2965 2383 3248 2453 φονεύεται
3271 2400 3335 2453 γε
3380 2383 3688 2457 ἅνθρωπος,

2119 2467 2276 2536 αὖθις
2313 2472 2410 2543 μὲν
2444 2474 2724 2544 εἰρήσεται
2750 2474 2811 2527 τὸ
2844 2473 3103 2538 πολλάκις
3137 2473 3478 2545 λελεγμένον,
3509 2474 3571 2528 τὸ
3601 2473 3690 2528 διὰ

2117 2563 2171 2617 τί
2236 2560 2330 2617 οῦν
2390 2565 2526 2628 ὅλως
2579 2567 2609 2619 ό
2665 2564 2951 2637 ἄνθρωπος
3012 2564 3378 2636 ἀποθνήσκεις
3433 2566 3572 2637 ὅπερ
3640 2567 3688 2618 εἰ

2118 2655 2353 2726 δειχθείη
2388 2656 2589 2721 κακὸν,
2629 2656 2865 2726 εὐλόγως
2905 2657 3193 2729 ἀνατρέχει
3244 2658 3385 2712 κατά
3431 2657 3524 2712 τοῦ
3559 2658 3691 2731 ὠρί-

2121 2752 2368 2819 σαντοςὴ
2406 2749 2572 2803 αἰτία.
2628 2750 2691 2803 Ei
2731 2749 2786 2803 δὲ
2823 2750 2897 2822 μὴ
2941 2751 3109 2804 κακὸν
3142 2751 3391 2815 θάνατος,
3426 2751 3528 2822 τὴν
3561 2768 3692 2820 συγι

2118 2839 2358 2911 χώρησιν
2401 2841 2559 2911 μόνον
2585 2840 2679 2894 τοῦ
2722 2842 3077 2913 προνοοῦντος
3106 2842 3215 2896 τῶν
3251 2844 3373 2896 καθ’
3415 2844 3561 2915 ἡμᾶς
3604 2843 3690 2908 ἑξ-

2118 2932 2391 2997 εταστέον,
2419 2932 2513 2986 τοῦ
2553 2932 2713 3005 χάριν
2745 2935 3029 3005 ἄνθρωπος
3059 2936 3219 3006 φόνου
3252 2939 3439 3011 τρόπῳ
3470 2942 3691 3013 περιπί-

2120 3042 2241 3079 πτει
2275 3024 2352 3096 τῷ
2390 3025 2462 3098 μὴ
2498 3026 2638 3081 κατά
2669 3025 2830 3096 φύσιν
2855 3027 3009 3099 κακῷ
3042 3029 3286 3103 θανάτῳ·
3313 3034 3407 3086 καὶ
3437 3032 3687 3106 εὑρεθείη

2119 3117 2170 3185 γ’
2204 3116 2270 3170 ἂν
2318 3117 2456 3189 αῦτη
2489 3117 2633 3172 κατά
2680 3119 2879 3184 πολλὰς
2905 3121 3000 3174 καὶ
3032 3123 3283 3188 ποικίλας
3328 3125 3505 3190 αἰτίας
3546 3142 3689 3197 συμ-

2117 3210 2399 3276 ϐαίνουσα,
2434 3211 2527 3278 οὓς
2561 3214 2850 3284 περίεργον
2878 3215 2945 3270 ἂν
2978 3217 3063 3288 είη
3098 3218 3474 3291 καταριθμεῖν.

2188 3305 2394 3373 Δικαίῳ
2422 3305 2531 3376 γὰρ
2558 3307 2652 3359 καὶ⁵
2674 3306 2844 3377 ἀδίκῳ
2875 3306 3016 3360 κατὰ
3034 3308 3289 3381 διάφορον
3316 3311 3495 3365 αἰτίαν
3525 3313 3690 3368 ταυτδ

2118 3395 2434 3466 συμϐαίνει·
2481 3395 2606 3453 οῦτε
2655 3396 2734 3467 τῷ
2779 3398 2972 3470 δικαίῳ
3017 3399 3154 3472 πρὸς
3200 3401 3426 3474 βλάϐην,
3464 3402 3587 3458 οὔτε
3612 3404 3691 3476 τῷ

2116 3487 2289 3559 ἀδίκῳ
2331 3489 2466 3556 πρὸς
2511 3490 2780 3561 τιμωρίαν
2825 3490 2915 3561 (οὐ
2958 3492 3067 3563 γὰρ
3110 3492 3178 3546 ἂν
3213 3495 3299 3564 εἵη
3345 3497 3589 3568 τιμωρία
3627 3494 3692 3550 τὸ

2116 3578 2260 3633 κατὰ
2290 3578 2506 3651 φύσιν),
2537 3581 2671 3635 ἁλλά
2711 3582 2848 3653 πρὸς
2881 3583 3205 3655 ὑπόδειγμα,
3234 3585 3268 3657 ἢ
3301 3586 3438 3658 πρὸς
3469 3587 3691 3641 κόλασιν

2117 3672 2431 3743 ἀνηκέστων
2463 3671 2667 3727 κακῶν.
2696 3674 2804 3727 Καί
2824 3674 2992 3728 πολλά
3012 3692 3074 3744 γε
3096 3676 3164 3729 τά
3185 3676 3333 3730 αἴτια
3348 3676 3442 3730 τοῦ
3476 3695 3688 3750 συγχω-

2122 3766 2236 3835 ρεῖν
2278 3763 2411 3818 Θεὸν
2455 3764 2777 3833 φονεύεσθαι
2822 3767 3140 3837 ἄνθρωπον
3192 3767 3349 3839 δῆλον
3379 3771 3582 3839 μέντοι,
3613 3770 3691 3833 ὡς

2115 3853 2269 3907 οὐδὲν
2314 3854 2474 3908 πλέον
2520 3855 2615 3909 τοῦ
2650 3857 2786 3911 κατά
2825 3858 2925 3928 τῆς
2961 3857 3175 3927 φύσεως
3211 3858 3517 3931 ὡρισμένου
3551 3878 3693 3932 συμ-

2115 3944 2321 4000 ϐαίνειο
2365 3947 2466 4002 κᾶν
2517 3948 2626 4020 γὰρ
2667 3945 2984 4025 διάφορονῇ
3039 3952 3101 4006 τὸ
3143 3951 3242 4023 τῆς
3292 3953 3686 4026 περιστάσεως,

2117 4036 2353 4107 πυρετοῦ
2396 4055 2455 4090 τε
2495 4040 2589 4093 καὶ
2621 4038 2938 4111 πλησμονῆς
2981 4041 3242 4113 ἀμέτρου,
3280 4042 3312 4113 ἢ
3358 4042 3686 4100 τούναντίον.

2117 4124 2278 4196 λιμοῦ
2300 4166 2314 4189 ,
2346 4127 2551 4198 ψύχους
2593 4145 2654 4182 τε
2712 4131 2806 4184 καὶ
2849 4131 3128 4202 καύματος
3155 4173 3168 4196 ,
3205 4131 3456 4204 χώματός
3496 4149 3557 4186 τε
3591 4134 3685 4186 καὶ

2114 4216 2416 4290 λιθασμοῦ,
2457 4220 2644 4289 ξίφους
2697 4238 2758 4275 τε
2796 4223 2892 4277 καὶ
2930 4222 3101 4295 πυρὸς
3158 4224 3252 4277 καὶ
3291 4223 3513 4289 ὓδατος·
3547 4222 3686 4278 ἀλλά

2113 4326 2180 4379 γε
2222 4314 2283 4365 ἐν
2341 4312 2551 4378 τούτοις
2601 4314 2804 4369 ἅπασιν
2841 4315 2901 4368 ἓν
2944 4332 3008 4385 γε
3053 4315 3113 4369 τὸ
3159 4316 3471 4370 ἀποϐαῖνον.
3525 4315 3592 4369 Τί
3640 4316 3686 4370 δ’

2113 4402 2179 4458 ἂν
2239 4402 2326 4476 εἴη
2383 4403 2576 4471 τοῦτο;
2630 4405 2692 4459 τδ
2740 4407 2880 4481 πρὸς
2924 4408 3029 4462 »τοῦ
3082 4408 3427 4482 Δημιουργοῦ
3505 4406 3687 4472 καλῶς

438 4508 587 4554 recte
613 4504 669 4552 et
699 4498 902 4552 utiliter
932 4496 986 4550 iu
1017 4495 1277 4551 universo
1297 4509 1496 4565 genere
1519 4495 1881 4549 constitutum
1903 4500 2008 4548 est.

2119 4511 2177 4563 γε
2217 4495 2313 4549 καὶ
2361 4498 2746 4568 προσηκόντως
2793 4499 3095 4572 ὡρισμένον
3155 4501 3300 4556 κατὰ
3343 4501 3547 4566 παντὸς
3589 4502 3683 4556 τοῦ

2110 4586 2319 4653 γένους.

1444 4721 1575 4780 CAP.
1614 4722 1849 4779 XXVIII.
1893 4723 2116 4795 Sapiens
2147 4729 2332 4784 mundi
2360 4729 2692 4799 gubernatio.

504 4843 599 4900 Sic
636 4844 820 4913 igitur.
852 4858 919 4898 ac
960 4842 1151 4899 multis
1187 4842 1351 4898 etiam
1390 4842 1514 4898 aliis
1554 4842 1733 4898 modis
1773 4843 2003 4899 demon-

432 4935 595 4994 strari
621 4943 818 5007 potest,
852 4935 987 4990 nihil
1025 4949 1151 4991 esse
1191 4934 1247 4990 in
1282 4933 1489 4990 fabrica
1538 4933 1730 4989 mundi
1764 4934 2007 5002 malum;

2188 4845 2339 4902 Οὕτω
2374 4848 2473 4919 μὲν
2507 4844 2601 4903 οὖν
2633 4851 2728 4904 καὶ
2765 4849 2906 4905 κατὰ
2939 4850 3164 4917 πολλοὺς
3201 4852 3424 4924 ἑτέρους
3454 4853 3688 4924 τρόπους

2109 4935 2342 5011 δειχθείη
2373 4940 2440 4993 ἂν
2477 4940 2629 4995 οὐδὲν
2654 4940 2765 4995 τῶν
2802 4941 2945 4997 κατά
2974 4944 3074 5015 τὴν
3108 4943 3472 5015 δημιουργίαν
3497 4944 3685 5005 κακὸν,

433 5044 610 5101 neque
636 5027 936 5100 quidquam
977 5026 1033 5082 in
1065 5026 1465 5098 gubernatione
1490 5022 1705 5087 divina,
1729 5023 1875 5094 quod
1919 5039 2012 5080 re-

2119 5026 2232 5084 οὔτε
2284 5031 2383 5101 μὲν
2428 5031 2528 5103 τῆς
2571 5031 2721 5094 θείας
2779 5032 3091 5105 οἰκονομίας
3129 5051 3183 5088 τι
3228 5032 3683 5104 διαϐεϐλημένον

432 5120 694 5194 prehendi
729 5121 927 5192 possit,
955 5118 1052 5176 sed
1090 5118 1275 5173 omnia
1318 5116 1690 5187 inexplicabili
1738 5114 2010 5186 sapientia

2119 5119 2247 5174 ἀλλά
2275 5121 2454 5175 πάντα
2488 5122 2588 5194 μὲν
2616 5123 2841 5195 ἀρρήτῳ
2869 5122 3031 5195 σοφίᾳ
3062 5124 3428 5196 γεγενημένα,
3461 5124 3686 5197 ἀρρήτῳ

433 5214 576 5268 facta
620 5227 764 5278 esse,
813 5223 867 5269 et
900 5210 1243 5284 providentia
1279 5207 1538 5265 ineffabili
1584 5206 1879 5278 gubernari
1908 5224 1921 5261 :
1948 5216 2011 5262 ut

2119 5211 2168 5266 δὲ
2200 5213 2428 5285 προνοίᾳ
2456 5214 2837 5286 διοικούμεναο
2882 5217 2959 5281 ὡς
2986 5217 3088 5270 οὐκ
3137 5216 3205 5271 ἂν
3240 5216 3326 5288 εἴη
3357 5216 3540 5288 ῥᾴδιον
3578 5212 3686 5269 τῶν

434 5323 541 5362 non
581 5307 653 5364 sit
692 5306 853 5364 facile
882 5321 1073 5362 eorum
1118 5319 1239 5375 quae
1288 5320 1319 5359 a
1369 5302 1483 5358 Deo
1522 5301 1666 5357 facta
1707 5309 1856 5367 sunt,
1890 5310 2007 5353 tum

432 5415 553 5469 quae
584 5399 798 5463 suavia,
830 5407 941 5453 tum
967 5414 1089 5470 qua:
1112 5397 1292 5452 tristia
1321 5405 1377 5452 ct
1403 5396 1633 5451 molesta
1661 5410 1784 5452 esse
1812 5393 2004 5448 viden-

434 5499 542 5552 tur,
587 5490 853 5544 rationem
890 5489 1204 5560 perspicere
1231 5500 1298 5542 ac
1336 5485 1803 5558 comprehendere
1841 5503 1856 5539 :
1887 5499 1999 5540 non

2111 5302 2246 5373 πρὸς
2277 5301 2413 5358 Θεοῦ
2443 5305 2782 5375 γιγνομένων
2808 5304 3064 5379 χρηστῶν
3095 5324 3155 5361 τε
3200 5308 3295 5360 καὶ
3337 5302 3494 5370 αὖθις
3533 5304 3685 5359 ἀνια-

2110 5393 2222 5464 ρῶν
2260 5388 2402 5449 εἶναι
2446 5394 2749 5451 δοκούντων
2789 5397 2882 5451 τὸν
2926 5397 3053 5451 νοῦν
3104 5395 3583 5468 καταμανθάνεινο
3621 5393 3684 5448 ού

2105 5487 2215 5559 γὰρ
2247 5486 2416 5558 ἐχρῆν
2440 5486 2551 5559 (42)
2579 5504 2666 5559 γε,
2700 5488 2776 5554 ὡς
2803 5487 2968 5553 ἔοικε,
2997 5487 3141 5543 κατά
3166 5489 3279 5552 τοῖς
3308 5488 3475 5543 πᾶσιν
3507 5484 3685 5558 61:51p-

507 5662 624 5737 με),
659 5665 739 5737 n1:
762 5666 873 5737 γὰρ
908 5663 1115 5731 ἐχρῆν.
1143 5660 1452 5737 Qccttrrunt
1507 5660 1612 5737 ista
1659 5659 1712 5737 in
1758 5656 2019 5737 Pa_rallel.

2120 5678 2317 5719 nmasc.
2370 5661 2476 5719 litt.
2522 5679 2577 5731 ι,
2610 5664 2698 5723 tit.
2733 5680 2889 5733 mu,
2948 5679 3069 5737 pag.
3138 5666 3261 5729 785,
3301 5681 3473 5737 eaque
3515 5664 3682 5719 habes

435 5730 583 5786 infra
612 5731 667 5786 in
699 5726 992 5801 Supplevit};
1020 5726 1141 5802 qua:
1172 5733 1266 5789 bis
1284 5729 1442 5787 libris
1467 5729 1805 5800 subiecimus
1829 5726 1856 5800 §
1891 5744 1960 5781 tv.
