4100 6408
408 353 541 408 H89
1455 347 1823 404 ADVERSUS
1864 347 2286 404 MANICIHZOS
2324 347 2448 402 LIB.
2491 349 2554 402 lt.
3515 353 3652 407 “90

405 486 518 541 χειν
548 467 644 538 τῆς
668 465 761 520 τοῦ
793 464 926 520 Θεοῦ
956 464 1152 535 σοφίας
1178 463 1290 535 (45)
1323 467 1392 518 τά
1426 468 1720 538 τεκμήρια,
1762 468 1854 521 καὶ
1882 466 1971 519 τὸν
2000 474 2024 528 Α

2032 495 2046 526 ι
2072 465 2238 527 enim,
2273 474 2330 517 ut
2355 463 2586 524 videtur,
2617 463 2900 531 oportebat
2938 471 3128 533 patere
3156 464 3416 521 omnibus
3445 465 3651 524 divina:

407 557 640 629 ἄῤῥητον
679 555 772 608 καὶ
801 555 1183 624 ἀκατάληπτον
1226 552 1349 605 νοῦν
1383 555 1562 626 πάντη
1602 557 1807 626 γυμνὸν
1838 555 1975 609 εἶναι

2078 554 2356 623 sapientia:
2391 552 2592 605 indicia
2635 560 2688 605 ct
2731 560 2966 604 mentem
3008 551 3124 615 Dei,
3161 569 3283 623 qua:
3332 570 3432 609 nec
3479 559 3653 628 expli-

406 645 745 718 άνθρώποις·
806 647 939 699 ὅπου
983 662 1045 714 γε
1093 646 1187 698 καὶ
1248 644 1508 715 βασιλέως
1551 645 1838 718 ἀνθρώπου
1879 651 1975 702 καὶ

2077 645 2188 696 cari
2223 659 2397 712 neque
2423 641 2810 711 comprehendi
2841 651 3041 710 potest,
3077 645 3302 698 omnino
3353 645 3557 700 nudam
3599 655 3653 702 ct

406 738 661 810 ἄρχοντος
711 737 857 791 ἐστιν
909 738 997 790 ὅτε
1043 737 1110 790 τὰ
1166 736 1391 789 πλεῖστα
1443 736 1550 791 τῶν
1598 737 1976 810 βουλευμάτων

2077 742 2317 802 apertam
2363 749 2484 788 esse
2529 732 2875 795 hominibus;
2925 733 3368 801 quandoquidem
3419 736 3651 803 plurima

407 829 710 898 κέκρυπται
735 829 844 897 (44)
867 845 880 858 ·
905 828 980 892 ὡς
1003 827 1096 881 καὶ
1120 827 1178 880 τὺ
1202 827 1573 900 πραττόμενον
1596 830 1787 882 ἄδολον
1813 827 1972 899 εἶναι,

2075 827 2238 881 etiam
2271 826 2511 879 hominis
2553 825 2696 894 regis
2721 824 2950 878 consilia
2985 825 3258 878 interdum
3293 828 3564 892 celantur,
3594 836 3654 882 ut

407 921 513 988 ὅτῳ
546 920 687 989 λόγῳ
714 921 1036 990 πράττεται.

2075 919 2216 987 quod
2249 919 2448 988 agitur,
2479 933 2585 986 qua
2623 916 2833 969 ratione
2864 915 2972 979 ﬁat,
3016 916 3315 985 ignoretur.

476 1011 551 1064 Ού
609 1013 786 1063 τοίνυν
828 1011 1038 1080 θαῦμα,
1075 1014 1124 1064 εί
1169 1012 1445 1084 ἄνθρωποί
1485 1031 1548 1082 γε
1595 1013 1668 1084 μὴ
1711 1015 1976 1085 χωροῦσιν

2145 1008 2320 1074 Quare
2355 1025 2461 1061 non
2517 1009 2715 1060 tnirmn
2764 1015 2870 1068 est,
2921 1007 2968 1060 si
3020 1007 3188 1060 totius
3237 1009 3651 1076 gubernationis

407 1102 537 1172 ὅλης
557 1103 653 1171 τῆς
680 1103 998 1172 διοικήσεως
1024 1101 1117 1154 τοῦ
1148 1103 1282 1156 Θεοῦ
1310 1103 1399 1156 τὸν
1423 1105 1600 1173 λόγον,
1617 1101 1697 1168 οἷς
1722 1106 1976 1176 ἁρμόττει

2078 1098 2170 1152 Dei
2201 1100 2462 1153 rationem
2509 1113 2618 1151 non
2651 1098 2978 1167 percipiunt,
3024 1114 3164 1168 quos
3211 1098 3368 1152 decet
3402 1101 3522 1154 sine
3553 1117 3654 1154 cu-

411 1194 502 1246 καὶ
533 1193 654 1263 δίχα
681 1193 774 1246 τοῦ
811 1194 1282 1264 πολυπραγμονεῖν
1316 1195 1636 1250 ὑποκεῖσθαι
1664 1200 1754 1252 καὶ
1775 1198 1978 1267 ἡσυχά-

2078 1191 2325 1245 riositate
2350 1191 2629 1259 subjectos
2660 1205 2783 1245 esse
2813 1198 2866 1244 et
2896 1191 3081 1252 silere,
3121 1200 3177 1244 et
3210 1192 3434 1245 minime
3459 1204 3650 1245 contra

413 1283 546 1348 ζειν,
581 1286 672 1338 καὶ
700 1287 897 1356 ἣκιστα
929 1287 1206 1357 ἀνταίρειν
1238 1288 1376 1341 κατά
1418 1289 1518 1357 τῆς
1563 1290 1804 1360 ἀρρήτου
1845 1290 1975 1343 διοισ

2077 1283 2316 1336 divinam
2359 1283 2806 1352 gubernationem
2853 1281 3060 1336 diCcre.
3108 1283 3261 1351 Saepe
3309 1284 3454 1336 enim
3487 1285 3655 1353 pudet

411 1375 642 1443 κήσεως.
664 1374 926 1439 Πολλάκις
945 1379 1052 1447 γάρ
1071 1377 1189 1428 οὐδὲ
1212 1377 1460 1448 τεχνίτην
1476 1379 1650 1430 εῖτουν
1672 1379 1978 1449 οἰκοδομίας

2077 1390 2178 1428 nos
2201 1375 2254 1427 in
2295 1374 2654 1427 architectum
2688 1373 2922 1441 peritum
2958 1383 3049 1425 aut
3078 1373 3464 1428 :cdilicatorem
3499 1375 3657 1428 navis

411 1465 444 1535 ἥ
477 1467 784 1534 ναυπηγίας
816 1467 848 1537 ἥ
878 1467 1239 1538 χαλκευτικῆς
1266 1469 1526 1540 ἔμπειρον
1562 1469 1864 1539 αἰδούμενοι
1891 1488 1979 1523 πε-

2077 1474 2356 1534 expertum
2401 1472 2494 1516 aut
2537 1465 2590 1517 in
2623 1465 2837 1518 l'abrum
2870 1473 3176 1534 spectatum
3221 1469 3438 1521 curiose
3473 1468 3659 1537 inqui-

416 1555 834 1627 ριεργαζόμεθα,
861 1558 1116 1612 ποιοῦντά
1146 1576 1208 1628 γε
1243 1559 1304 1612 τὸ
1331 1563 1526 1612 οἰκεῖον
1554 1560 1780 1613 ἕκαστον
1802 1578 1814 1591 ·
1845 1561 1978 1615 ἀλλά

2078 1569 2218 1616 rere,
2251 1572 2371 1609 cum
2397 1555 2630 1624 quisque
2657 1571 2848 1609 eorum
2879 1557 3021 1625 quod
3054 1558 3189 1611 artis
3213 1573 3323 1611 sure
3349 1565 3452 1622 est,
3489 1558 3654 1624 facit;

411 1649 476 1718 τῇ
504 1648 668 1718 πείρα
693 1649 1218 1714 καταπιστεύσαντες
1242 1651 1568 1722 ἐκδεχόμεθα
1589 1649 1678 1706 τοῦ
1689 1670 1812 1724 ργον
1833 1655 1974 1708 ἰδεῖν·

2078 1648 2209 1716 quin
2254 1648 2435 1717 potius
2477 1648 2850 1717 experimento
2888 1647 3104 1710 conﬁsi,
3151 1655 3554 1718 etSpectamus.
3595 1655 3656 1701 ut

414 1737 527 1792 ἐστι
558 1739 613 1793 δὲ
640 1740 726 1792 ὅτε
755 1742 848 1795 καὶ
883 1742 1262 1813 σφαλλομένων
1291 1745 1390 1796 ούκ
1414 1745 1872 1801 ἐπαισθανόαεθα.

2079 1753 2220 1808 Opus
2251 1739 2556 1792 videamus.
2600 1737 2880 1808 Contiugit
2912 1741 3075 1792 ctiatn
3117 1728 3435 1810 aliquando,
3483 1746 3541 1792 ut
3571 1739 3653 1792 la-

2011 1814 2053 1868 Β
2084 1846 2238 1898 psum
2275 1845 2462 1884 eorum
2497 1845 2605 1884 non
2638 1831 2958 1884 sentiamus.

486 1917 551 1970 Τί
581 1917 624 1970 δ’
660 1904 727 1972 ἂν
774 1917 1022 1990 εἴποιμεν
1076 1920 1202 1991 περὶ
1247 1919 1350 1989 τῆς
1397 1919 1538 1991 ὑπὲρ
1582 1921 1797 1974 ἅπαντα
1858 1920 1980 1973 νοῦν

2153 1915 2292 1980 Quid
2329 1915 2576 1970 dicenms
2603 1917 2669 1970 de
2695 1917 2962 1986 sapientia
2989 1915 3105 1979 Dei,
3135 1917 3225 1987 qui
3259 1933 3475 1974 onmem
3508 1935 3655 1978 men-

416 2008 605 2076 σοφίας
648 2006 742 2060 τοῦ
776 2007 932 2074 Θεοῦ,
961 2010 1030 2079 ἢν
1078 2009 1321 2080 προσῆκε
1366 2009 1621 2073 νοοῦντας
1675 2028 1735 2062 τε
1782 2011 1874 2064 καὶ
1905 2011 1980 2082 μὴ

2079 2012 2186 2058 tcm
2217 2013 2271 2059 ct
2304 2006 2716 2076 intelligentiam
2768 2017 3010 2078 superat,
3042 2025 3202 2078 quam
3235 2011 3452 2080 quidem
3490 2009 3653 2081 opor-

415 2099 666 2164 νοοῦντας
691 2100 1086 2172 ὲκπλήττεσθαί
1118 2119 1177 2154 τε
1220 2103 1314 2156 καὶ
1339 2104 1503 2173 τιμᾷν
1528 2119 1542 2167 ;
1590 2103 1649 2155 Εἰ
1675 2103 1731 2155 δέ
1763 2120 1864 2166 τις,
1893 2103 1981 2156 διὰ

2081 2099 2227 2151 tehat
2252 2099 2364 2152 sive
2399 2114 2521 2151 eam
2561 2099 2948 2168 intelligentes.
2984 2102 3101 2154 sive
3138 2117 3246 2154 non
3287 2102 3655 2171 intelligentes

413 2190 474 2242 τὸ
503 2191 576 2261 μὴ
628 2190 1064 2260 καταλαμϐάνειν
1089 2192 1178 2244 τὸν
1212 2193 1368 2261 λόγον
1411 2192 1520 2246 τῶν
1569 2193 1828 2246 πλειόνων
1872 2194 1980 2246 τῶν

2079 2188 2466 2258 obstupescere
2493 2197 2546 2242 et
2576 2189 2886 2245 honorare?
2921 2191 2978 2244 Si
3017 2194 3140 2262 quis
3169 2209 3296 2247 vero
3325 2196 3449 2264 quia
3494 2197 3657 2249 ratio-

416 2281 553 2352 πρὸς
583 2281 677 2334 τοῦ
714 2280 848 2334 Θεοῦ
901 2283 1232 2350 γιγνομένων
1255 2325 1269 2347 ,
1301 2284 1521 2337 ἐκπέσοι
1574 2285 1708 2356 πρὸς
1749 2285 1979 2348 ἀτόπους

2080 2296 2202 2335 nem
2253 2282 2549 2336 mimorum
2585 2299 2705 2352 quae
2748 2299 2778 2336 a
2821 2283 2926 2338 Deo
2960 2286 3114 2348 liunt,
3173 2300 3278 2339 non
3314 2289 3648 2356 assequitur,

414 2369 556 2423 κατά
590 2370 723 2422 Θεοῦ
753 2370 927 2434 δόξας,
961 2372 1291 2436 ἀθλιώτατος
1335 2374 1428 2427 καὶ
1468 2373 1586 2426 λίαν
1619 2375 1726 2445 (45)
1757 2375 1981 2445 ἀνόητος

2079 2372 2290 2428 decidat
2320 2373 2374 2427 in
2409 2375 2679 2429 absurdus
2701 2376 2769 2429 de
2803 2374 2912 2430 Deo
2951 2377 3264 2445 opiniones,
3304 2379 3650 2432 miserrimus

416 2463 444 2512 ό
473 2461 730 2524 τοιοῦτος,
768 2464 900 2533 αὐτῇ
934 2480 997 2532 γε
1025 2467 1090 2534 τῇ
1126 2466 1413 2535 τυφλότητι
1445 2467 1543 2537 τῆς
1581 2467 1716 2530 ἰδίας
1743 2468 1981 2531 διανοίας

2080 2473 2135 2522 et
2170 2467 2323 2520 valde
2355 2469 2556 2522 stultus
2595 2478 2648 2523 ct
2689 2469 2956 2539 insipiens
2987 2481 3093 2528 est.
3131 2471 3220 2526 hic
3255 2472 3371 2542 ipsa
3401 2474 3648 2526 caecitate

415 2553 594 2623 ὁδηγῷ
639 2553 949 2624 χρώμενος’
997 2555 1183 2627 ὥσπερ
1225 2560 1254 2610 ό
1296 2559 1485 2628 Μάνης
1524 2561 1552 2612 ό
1593 2559 1981 2631 χαλεπωτάτην

2080 2559 2277 2612 mentis
2321 2575 2433 2614 sua:
2483 2568 2740 2630 tanquam
2788 2563 2926 2617 duce
2965 2572 3144 2626 utens.
3193 2575 3249 2618 ut
3296 2563 3649 2626 Manichmus,

421 2645 617 2714 μανίαν
647 2646 788 2699 κατά
829 2663 892 2714 γε
925 2647 1033 2700 τῶν
1066 2648 1216 2718 αὐτῷ
1269 2647 1603 2719 πειθομένων
1653 2651 1977 2722 ἐπινοήσαςο

2083 2651 2174 2721 qui
2229 2651 2497 2706 insaniam
2541 2654 3020 2710 sceleratissimam
3063 2665 3253 2710 contra
3304 2673 3400 2713 eos
3453 2662 3544 2726 qui
3603 2659 3653 2713 ei

417 2736 539 2788 ἐπεὶ
569 2738 642 2808 μὴ
693 2738 956 2791 κατέλαϐε
989 2739 1115 2793 τίνα
1155 2741 1352 2810 τρόπον
1393 2741 1460 2794 τά
1515 2740 1635 2793 καθ’
1667 2743 1814 2812 ἡμᾶς
1849 2742 1981 2794 διοι-

2083 2744 2452 2810 crediderunt,
2500 2747 2827 2816 excogitavit
2859 2767 2870 2800 :
2903 2750 3021 2817 qui,
3063 2750 3190 2813 quia
3242 2766 3348 2802 non
3386 2749 3654 2804 intellexit

417 2830 626 2890 κεῖται,
671 2830 927 2902 δευτέραν
955 2833 1130 2902 ἀρχὴν
1177 2832 1410 2904 ἄναρχον
1456 2833 1654 2897 κακίας
1688 2833 1980 2900 ἐπλάσατο,

2082 2834 2356 2903 quomodo
2390 2844 2579 2887 nostra
2614 2833 2756 2890 Deus
2791 2837 3140 2905 gubernaret,
3176 2839 3476 2894 secundum
3507 2841 3654 2908 prin-

419 2920 508 2974 ἴνα
560 2923 650 2974 καὶ
688 2923 793 2974 τῶν
838 2923 950 2976 ἄνω
984 2925 1193 2996 σφαλῇ,
1232 2927 1326 2979 καὶ
1378 2927 1444 2979 τά
1483 2926 1632 2979 κάτω
1685 2926 1873 2997 νοῆσαι
1907 2925 1982 2999 μὴ

2083 2925 2284 2995 cipiunt
2339 2927 2641 2995 ingenitum
2685 2927 2942 2996 nequitia:
2992 2927 3166 2990 tinxit.
3212 2937 3269 2982 ut
3315 2931 3385 2984 ab
3425 2930 3492 2983 iis
3535 2945 3655 2998 qua:

420 3011 766 3084 συγχωρηθῇ,
796 3013 1015 3067 τοιαῦτα
1045 3017 1186 3069 κατά
1218 3015 1311 3068 τοῦ
1346 3016 1478 3068 Θεοῦ
1514 3017 1622 3069 τῶν
1646 3017 1780 3070 ὅλων
1811 3016 1980 3070 πλατ-

2084 3026 2212 3070 sunt
2235 3032 2397 3086 supra
2433 3016 2818 3082 delaberetur;
2851 3027 2903 3072 ct
2921 3033 2983 3072 ea
3020 3034 3140 3088 qua:
3179 3019 3321 3073 infra
3359 3029 3416 3073 ut
3449 3020 3653 3075 intelli-

416 3102 659 3173 τόμενος,
689 3101 780 3158 οἶά
806 3123 868 3173 γε
897 3106 993 3177 τὴν
1020 3107 1368 3172 ἀνεξικακίαν
1407 3108 1572 3162 αὑτοῦ
1597 3110 1692 3178 τὴν
1722 3111 1980 3165 ἀνωτάτω
2015 3169 2035 3179 η

2041 3170 2049 3179 _
2083 3116 2253 3179 geret,
2289 3125 2395 3162 non
2427 3109 2477 3163 ei
2527 3109 2944 3172 concederetur,
2981 3125 3042 3165 ca
3079 3112 3132 3164 in
3165 3110 3332 3166 Deum
3373 3113 3660 3167 universo-

419 3196 739 3265 κηρύττειν
769 3198 928 3251 διεῖλε
955 3201 1062 3271 γὰρ
1097 3199 1166 3253 τά
1199 3199 1292 3253 τοῦ
1328 3199 1484 3263 Θεοῦ,
1527 3202 1619 3254 καὶ
1648 3201 1717 3254 τά
1757 3201 1983 3257 πλεῖστά
2009 3169 2038 3226 c

2040 3170 2049 3226 :
2086 3216 2204 3253 rum
2245 3201 2475 3270 tiugens,
2516 3216 2637 3268 qua:
2665 3203 2979 3269 patientiam
3013 3203 3132 3268 ejus
3171 3203 3493 3257 altissimam
3525 3219 3659 3272 pra:-

419 3303 482 3353 γε
507 3287 737 3360 ἀνέθηκε
771 3293 833 3360 τῇ
866 3291 939 3362 μὴ
968 3291 1098 3363 οὔσῃ
1121 3293 1288 3364 κακία
1307 3311 1320 3324 ο
1353 3294 1619 3358 παντοίως
1650 3294 1984 3366 βλασφημῶν

2084 3293 2331 3347 dicarent
2361 3311 2373 3346 :
2405 3292 2587 3347 divisit
2621 3295 2764 3348 enim
2799 3307 2861 3346 ea
2902 3307 3022 3362 qua:
3048 3293 3137 3346 Dei
3183 3302 3344 3360 sunt;
3383 3302 3436 3348 et
3465 3311 3651 3349 eorum

420 3378 510 3432 τὸν
541 3382 913 3454 Δημιουργὺν,
951 3386 1014 3437 ἐκ
1059 3386 1258 3450 κακίας
1307 3386 1626 3454 συγκεῖσθαι
1667 3387 1839 3455 λέγων
1889 3388 1981 3441 τοῦ

2084 3385 2317 3454 plurima
2351 3383 2415 3435 ad
2461 3385 2755 3453 nequitiam
2787 3399 2908 3453 qua:
2959 3383 3093 3436 nihil
3146 3391 3250 3448 est,
3283 3385 3471 3439 retulit
3503 3404 3516 3438 :
3543 3401 3653 3440 om-

419 3467 554 3524 Θεοῦ
578 3471 649 3524 τά
676 3473 1094 3545 κατορθώματα.

2083 3477 2247 3532 nibus
2297 3476 2475 3530 modis
2511 3476 2566 3528 in
2613 3474 2782 3530 Deum
2824 3476 3193 3546 blasphemus.
3233 3477 3326 3547 qui
3357 3476 3455 3543 ait,
3488 3493 3652 3549 opera

2084 3568 2227 3622 bona
2267 3565 2356 3621 Dei
2397 3566 2703 3636 composita
2732 3580 2855 3620 esse
2882 3581 2948 3620 ex
2972 3565 3234 3635 nequitia.

1531 3681 1659 3738 Car.
1693 3683 1883 3738 XXIX.
1927 3685 2200 3742 Elementa
2244 3683 2558 3739 necessaria.

488 3799 553 3852 Τί
579 3799 758 3852 τοίνυν
783 3799 914 3870 φαίη
945 3799 1009 3852 ἂν
1042 3799 1170 3870 περὶ
1201 3798 1309 3852 τῶν
1340 3801 1522 3872 ἀρχῶν
1541 3802 1649 3856 τῶν
1676 3803 1978 3874 σωμάτων;

2147 3803 2286 3870 Quid
2331 3799 2497 3872 igitur
2524 3801 2732 3854 diceret
2779 3799 2846 3853 de
2875 3798 3164 3870 principiis
3197 3813 3490 3868 corporum
3534 3813 3655 3868 quae

419 3891 692 3962 Τέσσαρες
729 3891 824 3961 μὲν
850 3891 956 3961 γὰρ
986 3885 1165 3955 αὗται,
1196 3890 1232 3944 ἀ
1270 3891 1334 3961 δὴ
1371 3895 1464 3946 καὶ
1505 3893 1688 3945 καλεῖν
1729 3895 1982 3948 εἰώθασιν

2080 3903 2317 3965 quatuor
2374 3891 2644 3946 elementa
2714 3889 2974 3958 appellari
3039 3887 3481 3942 consueverunt?
3534 3904 3656 3958 qua:

417 3981 655 4052 τέσσαρα
685 3985 919 4052 στοιχεῖα
942 3998 956 4012 ·
999 3981 1140 4053 ἀπερ
1173 3983 1390 4036 ἐναντία
1429 3983 1525 4052 μὲν
1571 3984 1836 4055 ἀλλήλοις,
1889 3988 1984 4039 καὶ

2080 3986 2299 4056 quidem
2345 3985 2622 4037 contraria
2660 3981 2802 4035 inter
2845 3996 2903 4035 se
2933 3987 3081 4044 sunt,
3127 3987 3180 4032 ct
3225 3979 3464 4048 perfecte
3492 3995 3658 4050 oppo—

419 4073 661 4144 ὸ.κρι6ὠς
684 4074 1032 4145 ἀντικείμενα
1052 4091 1063 4104 °
1108 4073 1268 4128 ούδέν
1287 4074 1344 4128 δέ
1375 4075 1579 4128 τούτων
1607 4077 1888 4130 ἀποτελεῖν
1929 4095 1982 4131 τι

2081 4078 2206 4138 sita.
2237 4075 2446 4127 nullmn
2493 4080 2672 4126 autem
2708 4072 2900 4124 horum
2929 4077 3106 4139 potest
3131 4071 3430 4139 quidquam
3473 4086 3566 4139 per
3597 4086 3656 4125 se

420 4165 539 4218 καθ’
568 4166 727 4220 ἑαυτὸ
759 4165 980 4220 δύναται
1004 4183 1018 4196 ·
1044 4166 1096 4218 τί
1118 4166 1226 4238 γὰρ
1259 4165 1324 4218 ἂν
1347 4166 1431 4236 είή
1453 4167 1514 4218 τὸ
1544 4167 1704 4238 ξηρὸν
1737 4167 1862 4220 ἄνευ
1887 4168 1981 4222 τοῦ

2086 4165 2311 4219 eﬂicere.
2356 4162 2494 4228 Quid
2527 4163 2670 4216 enim
2720 4161 2846 4224 erit,
2899 4159 3109 4212 scilicet
3141 4159 3209 4212 ad
3252 4161 3653 4228 generationem

420 4256 621 4327 ὑγροῦ;
656 4257 688 4328 ἢ
712 4257 762 4310 τί
791 4257 835 4310 δ’
862 4257 927 4311 ἂν
957 4257 1042 4329 εἴη
1075 4258 1133 4310 τὸ
1158 4257 1356 4328 θερμὸν
1382 4257 1500 4328 δίχα
1526 4258 1620 4310 τοῦ
1646 4260 1886 4330 ψυχροῦ;
1918 4261 1979 4313 Et

2085 4256 2350 4325 corporis,
2401 4255 2607 4309 siccum
2645 4253 2764 4307 sine
2798 4251 3062 4305 humido?
3110 4261 3204 4305 aut
3237 4251 3370 4321 quid
3414 4251 3651 4307 calidum

418 4345 512 4403 οὖν
539 4350 795 4404 ἐναντίων
817 4350 1031 4414 σύνοδος
1064 4351 1315 4403 ἀποτελεῖ
1340 4349 1519 4420 σῶμα,
1561 4355 1687 4404 ποῖα
1719 4353 1824 4404 τῶν
1854 4369 1980 4405 τεσ-

2085 4349 2203 4402 sine
2230 4347 2463 4416 frigido?
2497 4346 2552 4398 Si
2587 4346 2752 4413 igitur
2781 4344 3183 4398 contrariorum
3227 4343 3544 4411 C(mjunctio
3571 4345 3653 4400 ef-

421 4441 602 4511 σάρων
623 4441 826 4503 ἐκεῖνος
852 4439 1111 4511 ἀναθήσει
1127 4444 1192 4512 τῇ
1223 4441 1422 4505 κακία;
1447 4441 1479 4512 ἢ
1503 4446 1629 4495 ποῖα
1654 4441 1732 4512 τῷ
1754 4443 1978 4512 ἀγαοᾦ;
2013 4463 2040 4516 ις

2034 4466 2054 4515 )
2086 4438 2192 4492 ficit
2217 4453 2438 4506 corpus,
2477 4450 2725 4505 quaenam
2771 4435 2860 4488 ille
2889 4449 2955 4488 ex
2988 4444 3223 4503 quatuor
3255 4433 3538 4487 elementis
3567 4449 3653 4486 re—

420 4532 481 4585 Εί
510 4531 618 4602 γὰρ
663 4532 720 4583 ἐν
752 4533 865 4593 τοῖς
897 4531 1062 4584 πᾶσιν
1105 4531 1307 4598 ἀγαθοῦ
1347 4548 1406 4584 τε
1442 4533 1536 4586 καὶ
1579 4533 1748 4586 κακοῦ
1787 4535 1982 4604 κρᾶσιν

2084 4529 2220 4584 feret
2261 4530 2329 4584 ad
2362 4528 2698 4596 nequitiam?
2742 4535 2836 4580 aut
2865 4540 2987 4596 quae
3035 4525 3101 4580 ad
3134 4526 3373 4580 bonum?
3419 4524 3476 4580 Si
3505 4527 3650 4579 enim

419 4621 767 4689 φαντάζεται,
803 4619 1112 4688 ἐπάναγκες
1149 4620 1342 4674 διελεῖν
1374 4622 1456 4686 είς
1483 4621 1577 4676 δύο
1610 4625 1679 4678 τὰ
1709 4623 1978 4696 τέσσαρα·

2081 4620 2416 4676 Manichacus
2443 4621 2496 4674 in
2519 4619 2776 4674 omnibus
2805 4617 3091 4674 elementis
3124 4619 3431 4672 mistionem
3448 4618 3571 4672 boni
3597 4627 3653 4671 et

419 4712 514 4768 καὶ
543 4711 717 4766 ταῦτα
747 4712 921 4765 εῖτουν
971 4711 1152 4782 ἐξίσης
1180 4711 1482 4783 διαστῆσαι,
1525 4715 1558 4785 ἢ
1594 4715 1722 4786 τρία
1760 4716 1892 4788 πρὸς
1924 4715 1984 4770 ἓν

2081 4717 2206 4770 tnali
2234 4714 2563 4785 cogitatione
2587 4713 2760 4782 ﬁngit,
2787 4727 3010 4766 necesse
3035 4719 3121 4766 est
3145 4709 3390 4766 dividere
3413 4720 3651 4781 quatuor

418 4805 671 4877 χωρίσαι.⁸
700 4803 814 4859 ἀλλ’
835 4805 974 4876 ὅπερ
999 4803 1066 4858 ἂν
1091 4805 1355 4874 ἀπονέμοι
1384 4805 1461 4875 τῷ
1490 4806 1702 4877 ἀγαθῷ,
1733 4800 1980 4880 εὑρεθείη

2083 4808 2138 4862 in
2168 4808 2300 4871 duo,
2330 4816 2384 4861 et
2409 4806 2524 4861 haec
2553 4806 2763 4860 scilicet
2789 4804 3076 4874 aequaliter
3105 4818 3398 4874 separare;
3431 4803 3515 4858 vel
3545 4806 3649 4858 tria

419 4895 486 4951 ἀν
533 4897 654 4951 καθ’
685 4897 846 4950 ἐαυτδ
883 4893 1083 4966 βλάψαι
1137 4895 1464 4966 δυνάμενον⁸
1519 4897 1669 4951 οὐδὲν
1716 4898 1824 4968 γὰρ
1873 4899 1982 4952 τῶν

2083 4899 2138 4953 in
2185 4913 2392 4952 unum:
2428 4906 2486 4951 at
2516 4897 2882 4967 quodcunque
2934 4896 3135 4948 referat
3182 4895 3247 4948 ad
3292 4894 3517 4960 bonum,
3563 4911 3650 4951 re-

415 4989 694 5060 τεσσάρων
721 4989 978 5060 ἄκρατον,
1018 4985 1113 5042 καὶ
1159 4989 1278 5059 οὐχὶ
1319 4988 1586 5060 σφαλερόν
1605 5006 1619 5018 ·
1647 4990 1845 5043 αὐτίκα
1886 4992 1982 5044 καὶ

2081 4990 2322 5062 perietur
2349 5003 2509 5057 posse
2533 5003 2630 5058 per
2659 5003 2718 5043 se
2740 5001 2974 5052 nocere;
3009 4986 3138 5054 quia
3163 4985 3374 5039 nullum
3418 5000 3484 5039 ex
3515 5002 3649 5056 qua-

417 5080 475 5131 ἐν
502 5081 572 5150 τῇ
603 5078 797 5151 κράσει
836 5078 899 5134 τὸ
930 5076 1222 5141 πλεονάζον
1269 5077 1491 5148 ὀλέθρου
1528 5078 1736 5145 γίνεται
1762 5078 1839 5148 τῷ
1878 5079 1982 5132 σὼ-

2081 5090 2208 5136 tuor
2235 5079 2520 5134 elementis
2551 5087 2635 5135 est
2670 5093 2868 5149 purum
2907 5092 2971 5131 ac
3002 5091 3234 5141 merum,
3265 5086 3320 5130 et
3361 5089 3473 5130 non
3508 5077 3652 5146 peri-

420 5186 548 5237 ματι
580 5170 888 5243 παραίτιον,
924 5169 997 5233 ὥς
1029 5187 1194 5239 φασιν
1214 5171 1264 5222 οί
1298 5171 1502 5222 τούτων
1530 5169 1800 5242 ἔμπειροι.

2080 5173 2367 5235 culosum;
2399 5185 2462 5225 ac
2491 5171 2756 5225 continuo
2780 5169 2927 5240 quod
2975 5168 3032 5223 in
3075 5168 3329 5224 mistione
3358 5167 3647 5232 redundat,

2079 5262 2310 5318 edicitur
2339 5262 2557 5332 corpori
2591 5276 2760 5316 causa
2791 5259 3069 5323 interitus,
3103 5267 3163 5313 ut
3211 5259 3367 5313 aiunt
3397 5259 3492 5330 qui
3523 5271 3653 5313 sunt

2081 5351 2138 5406 in
2164 5351 2250 5407 his
2285 5351 2445 5420 periti
2472 5359 2526 5405 et
2554 5351 2862 5408 exercitati.

484 5433 546 5484 Et
583 5432 758 5487 τοίνυν
788 5435 850 5488 τὸ
899 5435 996 5488 ιιέν
1028 5434 1230 5505 θερμὸν
1279 5431 1399 5487 καθ’
1433 5432 1596 5486 ἑαυτὸ
1640 5432 1807 5488 καίει.
1827 5433 1889 5486 τὸ
1921 5432 1982 5486 δὲ

2152 5444 2209 5498 Si
2254 5458 2384 5514 ergo
2425 5443 2664 5497 calidum
2709 5443 2930 5513 quidem
2974 5457 3073 5512 per
3117 5459 3178 5499 se
3232 5443 3360 5505 urit,
3393 5441 3651 5513 frigidum

447 5587 594 5666 ⁸(45)
639 5588 900 5669 Τῆς-τοῦ
931 5590 1093 5669 θεοῦ
1140 5591 1380 5669 cuspide.
1424 5589 1479 5644 In
1527 5589 1727 5669 Paralln.
1779 5590 1979 5646 desunt

931 5590 1093 5669 θεοῦ
1140 5591 1380 5669 cuspide.
1424 5589 1479 5644 In
1527 5589 1727 5669 Paralln.
1779 5590 1979 5646 desunt
2079 5600 2215 5664 ὅλως
2246 5613 2345 5669 pro
2376 5598 2523 5666 ὅλης.

413 5657 746 5740 imaque-ius.
775 5658 896 5714 Mox
930 5661 1076 5740 ibid_1
1092 5657 1383 5740 γνωρίμου.
1409 5677 1506 5732 pro
1541 5662 1779 5740 γυμνόν..
1966 5739 1970 5740 γ

1552 5662 1779 5740 γυμχόνο,
1966 5739 1970 5740 ν
2150 5657 2263 5740 (4'5;
2301 5670 2410 5726 Kal
2441 5657 2604 5724 alar.
2635 5666 2834 5724 Parati.
2866 5667 2958 5720 καὶ
2992 5665 3171 5722 πάλιν.

483 5727 592 5796 (Η)
632 5728 983 5798 Κέκρυπται.
1038 5727 1233 5785 Parati.
1267 5727 1819 5800 ’κρύπτεται.Ῥιιιιιο
1858 5739 1978 5799 post
