4100 6428
467 342 602 400 “91

1581 341 1719 397 TlTl
1763 341 2196 399 BOSTRENSIS
2232 345 2536 401 EPISCOPI

3563 351 3700 408 “92

461 475 592 516 vero
623 458 927 530 refrigerat,
959 459 1165 513 siccum
1200 466 1381 511 autem
1418 458 1611 521 siccat,
1645 466 1699 512 et
1736 459 2014 514 humidum

2123 463 2329 534 ψυχρδν
2356 464 2537 535 ψύχει,
2580 463 2820 535 ξηραίνει
2854 462 2909 515 δὲ
2946 462 3005 516 τὸ
3046 462 3228 535 ξηρὸν,
3267 466 3598 531 κατακλύζει
3643 474 3700 526 δὲ

462 552 744 608 humorem
795 548 1165 618 eilicit:quod
1215 548 1411 601 horum
1463 545 1572 601 Deo
1620 549 1878 603 attribuet
1929 550 2033 604 iste

464 642 693 713 planus?
725 641 903 711 ipsum
948 640 1092 694 enim
1136 654 1336 707 corpus
1381 646 1552 691 totum
1601 649 2029 694 consentaneum

464 740 549 786 est
576 745 639 784 ex
674 730 740 784 iis
768 729 1049 784 elementis
1093 728 1313 783 mistum
1354 743 1498 789 esse,
1543 743 1610 782 ex
1641 729 1840 796 quibus
1881 744 2031 783 com-

461 823 697 891 positum
740 828 823 875 est
861 830 915 874 et
949 835 1044 889 per
1090 834 1151 874 se
1188 819 1423 874 exsistit.
1478 817 1549 872 Ut
1594 830 1777 874 autem
1828 836 2028 873 unum-

458 911 713 983 quodque
742 912 1068 965 elementum
1097 911 1166 963 sit
1197 925 1263 964 ex
1290 909 1545 964 mistione
1575 924 1761 962 eorum
1794 911 2030 963 elemen-

459 1013 640 1058 torum
686 1019 753 1058 ex
803 1003 1005 1073 quibus
1049 1001 1107 1055 ﬁt
1148 1002 1330 1056 mistio
1380 1015 1699 1070 corporum,
1749 999 1865 1053 ﬁeri
1919 1015 2028 1053 non

457 1103 657 1165 potest.

527 1186 895 1249 Quamobrem
943 1186 1080 1239 ratio
1114 1201 1225 1239 non
1258 1185 1484 1255 patitur,
1537 1193 1596 1239 ut
1635 1183 1891 1254 quodque
1921 1182 2028 1237 sin-

455 1281 645 1349 gulare
689 1289 743 1334 et
773 1279 1112 1332 individuum
1142 1279 1469 1333 elementum
1500 1278 1554 1331 in
1603 1277 1712 1331 duo
1748 1278 2027 1330 contraria

459 1372 722 1441 principia
757 1371 1049 1432 dividatur,
1093 1377 1147 1425 et
1175 1370 1360 1423 mistio
1409 1369 1675 1438 cujusque
1718 1382 1910 1423 eorum
1944 1368 2029 1421 in-

453 1464 812 1517 troducatur:
846 1474 1006 1528 quam
1032 1460 1177 1512 enim
1208 1459 1658 1528 compositionem
1693 1457 2027 1528 excogitabit

455 1556 510 1609 in
556 1557 702 1611 sicco
742 1552 1000 1622 deceptor
1042 1553 1190 1607 iste?
1231 1567 1392 1622 quam
1430 1552 1737 1606 mistionem
1780 1551 1834 1604 in
1876 1562 2027 1603 mero

452 1656 507 1702 et
544 1661 678 1716 puro
728 1646 890 1714 igne?
933 1651 1027 1698 aut
1061 1660 1224 1713 quam
1273 1644 1793 1714 coagmentationem
1845 1643 1900 1696 in
1932 1642 2028 1695 fri-

450 1740 597 1810 gido,
638 1736 785 1810 quod
831 1753 895 1792 ex
942 1743 1057 1790 toto
1091 1735 1350 1808 frigidum
1386 1736 1511 1792 est?
1558 1735 1807 1791 similiter
1840 1734 1896 1788 in
1924 1735 2028 1788 hu-

452 1833 620 1886 mido.

521 1922 648 1977 Haec
671 1922 816 1977 enim
844 1920 1007 1976 unius
1030 1917 1238 1984 formae,
1274 1925 1329 1973 et
1361 1918 1639 1974 individua
1668 1920 1829 1990 plane
1859 1927 2018 1983 sunt;

449 2020 509 2065 ut
538 2011 748 2065 nullum
778 2012 970 2065 horum
1003 2023 1101 2079 per
1130 2023 1191 2063 se
1222 2008 1397 2079 possit
1437 2009 1728 2076 exsistere,
1765 2008 1859 2064 sed
1899 2008 2021 2061 aliis

444 2101 720 2170 junctum.

2051 1814 2099 1872 Β

2132 556 2192 608 τὸ
2217 556 2379 627 ὑγρόν
2404 573 2418 587 ·
2454 559 2604 608 ποῖον
2632 555 2891 624 λογιεῖται
2919 554 3123 608 τούτων
3152 558 3180 608 ὁ
3212 556 3411 621 πλάνος
3440 557 3516 629 τῷ
3545 559 3698 631 Θεῷς

2132 648 2262 700 αὐτὸ
2291 648 2389 716 μὲν
2414 646 2522 719 γὰρ
2567 646 2686 699 ὅλον
2713 647 2775 699 τὸ
2810 646 2970 717 σῶμα
2995 648 3191 716 κρᾶσιν
3218 647 3363 718 ἔχειν
3396 650 3462 702 ἐκ
3495 651 3702 706 τούτων

2131 741 2276 803 εἰκὸς
2310 740 2377 793 δι’
2410 732 2485 793 ὧν
2523 741 2616 793 καὶ
2665 742 2944 807 σύγκειται
2991 739 3082 792 καὶ
3114 740 3446 811 ὑφέστηκεν·
3491 745 3583 812 ἀφ’
3622 739 3699 798 ὧν

2129 831 2185 884 δὲ
2216 833 2249 901 ἡ
2298 834 2493 902 κρᾶσις
2525 833 2590 885 ὲκ
2638 833 2883 902 κράσεως
2924 827 3063 885 εἶναι
3114 832 3363 898 ἕκαστον,
3413 835 3513 888 οὐκ
3555 837 3701 890 ἐνδέ-

2131 939 2301 992 χεται.

2201 1181 2362 1233 Ὥστε
2389 1181 2488 1233 οὐκ
2535 1180 2647 1251 ἔχει
2677 1180 2830 1249 λόγον
2858 1180 3035 1235 αὐτῶν
3077 1198 3140 1250 γε
3170 1181 3276 1235 τῶν
3308 1181 3524 1253 ἀτόμων
3552 1200 3697 1237 στοι-

2128 1272 2289 1342 χείων
2320 1271 2547 1325 ἕκαστον
2579 1271 2963 1343 καταμερίζειν
2992 1276 3069 1337 είς
3102 1274 3347 1338 ἐναντίας
3376 1273 3467 1327 δύο
3499 1274 3692 1346 ἀρχὰς,

2129 1364 2222 1415 καὶ
2260 1365 2453 1434 κρᾶσιν
2486 1362 2664 1417 αὐτῶν
2705 1363 2936 1416 ἑκάστου
2977 1365 3343 1436 εἰσηγεῖσθαι·
3388 1366 3546 1421 ποίαν
3584 1368 3693 1440 γὰρ

2129 1457 2405 1526 ἐπινοήσει
2449 1455 2526 1525 τῷ
2580 1453 2728 1526 ξηρῷ
2775 1454 3022 1509 σύνθεσιν
3066 1459 3094 1510 ὁ
3151 1457 3383 1523 πλάνοςς
3433 1460 3592 1513 ποίαν
3634 1459 3694 1514 δὲ

2128 1549 2325 1617 κρᾶσιν
2371 1546 2450 1617 τῷ
2500 1547 2723 1618 ἀκράτῳ
2774 1547 2940 1619 πυρί;
2984 1548 3017 1617 ἢ
3068 1547 3191 1602 τίνα
3259 1551 3573 1623 συμπλοκὴν
3613 1552 3693 1623 τῷ

2114 1639 2336 1710 ¹ψυχρῷ,
2366 1639 2558 1709 ψυχρῷ
2598 1638 2770 1692 διόλου
2815 1640 3168 1709 τυγχάνοντι;
3203 1642 3595 1714 παραπλησίως
3633 1643 3692 1697 δὲ

2133 1733 2224 1786 καὶ
2249 1731 2326 1802 τῷ
2349 1731 2518 1802 ὑγρῷ.
3047 1736 3049 1739 ’

2196 1907 2459 1977 Μονοειδῆ
2489 1907 2598 1977 γὰρ
2626 1907 2718 1959 καὶ
2762 1906 3032 1977 ἀμέριστα
3066 1907 3250 1976 σαφῶς
3291 1893 3461 1962 ταῦτα
3491 1925 3581 1977 τυγ
3594 1910 3691 1979 χά-

2126 2016 2207 2052 νει
2223 2016 2234 2027 ·
2272 1997 2412 2051 ὥστε
2440 1998 2642 2050 τούτων
2664 1998 2894 2051 ἕκαστον
2920 1998 3041 2050 οὐδέ
3071 1999 3336 2071 ὑποσταίη
3361 1999 3481 2052 καθ’
3506 2000 3686 2067 ἑαυτὸ,

2125 2089 2260 2143 ἀλλά
2291 2089 2386 2142 καὶ
2416 2090 2510 2142 σὺν
2543 2088 2792 2160 ἀλλήλοις
2817 2088 2928 2159 ἔχει
2950 2089 3009 2141 τὸ
3033 2084 3190 2142 εἶναι.

1401 2233 1531 2289 αλιι.
1571 2232 1737 2287 XXX.
1778 2232 1927 2315 Ignis
1955 2232 2203 2301 optimus.
2237 2228 2464 2283 Manetis
2491 2227 2759 2282 delirium.

518 2351 725 2407 Insanit
748 2349 915 2421 igitur
945 2356 999 2405 et
1024 2349 1243 2420 quidem
1277 2350 1603 2421 gravissima
1630 2349 1863 2414 insania,
1891 2364 2016 2403 cum

448 2453 659 2516 partem
690 2444 908 2513 quidem
950 2444 1090 2514 ignis
1130 2444 1261 2497 dicit
1292 2459 1416 2499 esse
1456 2441 1606 2509 boni,
1646 2450 1855 2512 partem
1886 2456 2016 2497 vero

448 2536 597 2591 mali.
631 2534 727 2590 Est
760 2545 938 2589 autem
979 2550 1200 2590 necesse
1230 2534 1305 2588 illi
1339 2534 1444 2589 hoc
1472 2533 1652 2589 facere
1684 2533 1741 2588 in
1774 2535 2015 2589 elemen—

445 2630 544 2692 tis,
592 2635 646 2683 et
696 2627 956 2691 dividere,
1004 2643 1124 2697 qua:
1157 2626 1327 2681 dividi
1353 2641 1463 2680 non
1511 2634 1775 2697 possunt;
1810 2626 2015 2682 siccum

446 2721 592 2776 enim
622 2736 687 2775 ex
712 2726 826 2773 toto
856 2721 1061 2774 siccum
1089 2725 1192 2783 est,
1217 2725 1270 2772 et
1308 2733 1405 2788 per
1443 2732 1503 2772 se
1533 2718 1755 2772 siccitas
1783 2717 2017 2786 simplex

443 2820 531 2868 est
561 2820 614 2868 et
644 2813 807 2867 unius
839 2811 1025 2865 formae
1051 2830 1064 2864 :
1092 2818 1145 2864 et
1170 2809 1428 2879 frigidum
1471 2824 1647 2877 neque
1687 2807 2016 2878 cogitatione

443 2904 610 2958 dividi
642 2910 844 2975 potest,
899 2918 1023 2956 cum
1058 2902 1129 2956 sit
1161 2916 1330 2954 unum
1371 2914 1435 2954 ac
1483 2901 1717 2970 simplex
1756 2916 1823 2955 ex
1860 2907 2010 2965 toto;

444 2996 697 3051 similiter
730 2994 1015 3048 humidum
1044 3000 1097 3048 ct
1127 2992 1387 3047 calidum.

2191 2345 2456 2400 Μαίνεται
2503 2343 2791 2415 τοιγαροῦν
2847 2346 3039 2415 μανίαν
3095 2344 3367 2415 χαλεπὴν,
3408 2346 3538 2400 ὅταν
3593 2345 3686 2398 τοῦ

2124 2434 2294 2506 πυρὸς
2338 2433 2398 2486 τὸ
2443 2433 2542 2504 μέν
2567 2449 2621 2485 τι
2669 2432 2760 2485 τοῦ
2793 2432 2996 2501 ἀγαθοῦ
3029 2433 3249 2501 φάσκει,
3288 2433 3349 2485 τὸ
3392 2433 3449 2487 δέ
3491 2451 3545 2487 τι
3591 2433 3686 2487 τοῦ

2124 2525 2295 2582 κακοῦ
2316 2544 2328 2556 ⁸
2368 2529 2538 2581 ποιεῖν
2561 2525 2617 2578 δὲ
2652 2525 2810 2578 τοῦτο
2838 2526 3144 2594 ἐπάναγκες
3170 2525 3317 2597 αὑτῷ
3343 2528 3436 2580 καὶ
3460 2527 3554 2581 ἐπὶ
3578 2527 3687 2582 τῶν

2125 2621 2426 2690 ποιοτήτων
2450 2620 2558 2672 τῶν
2588 2617 2899 2689 στοιχείων,
2935 2618 3029 2672 καὶ
3065 2618 3286 2691 διαιρεῖν
3313 2618 3382 2672 τὰ
3424 2619 3688 2692 διαίρεσιν

2127 2713 2201 2784 μὴ
2232 2711 2590 2781 ἐπιδεχόμενα
2611 2728 2625 2741 ’
2656 2712 2775 2763 τότε
2803 2710 2911 2781 γὰρ
2957 2711 3118 2783 ξηρδν
3165 2712 3337 2764 διόλου
3374 2711 3557 2784 ξηρὸν,
3592 2716 3688 2767 καὶ

2123 2802 2486 2873 αὐτοξηρότης
2519 2801 2667 2871 ἀπλῆ
2692 2819 2749 2854 τε
2782 2803 2876 2855 καὶ
2904 2803 3180 2873 μονοειδής
3200 2821 3213 2834 ο
3260 2804 3351 2857 καὶ
3394 2806 3455 2858 τὸ
3480 2805 3686 2876 ψυχρὸν

2120 2894 2240 2948 οὐδὲ
2270 2897 2349 2957 είς
2376 2894 2617 2947 ἐπίνοιαν
2641 2893 2955 2964 διαιρέσεως
2982 2894 3155 2947 ἐλθεῖν
3183 2896 3499 2967 δυνάμενον,
3536 2899 3594 2952 ἓν
3625 2916 3685 2951 τε

2123 2987 2218 3040 καὶ
2244 2985 2449 3040 ἁπλοῦν
2495 2985 2667 3038 διόλου
2705 2986 2998 3055 τυγχάνον·
3036 2986 3177 3038 οὕτω
3206 2987 3269 3058 δὴ
3300 2989 3393 3041 καὶ
3425 2989 3486 3041 τὸ
3521 2988 3685 3061 ὑγρὸν

2122 3079 2215 3132 καὶ
2241 3079 2301 3131 τὸ
2323 3078 2543 3149 θερμόν.

514 3168 655 3235 Quid
686 3169 850 3239 igitur
892 3169 947 3221 in
979 3169 1100 3237 igne
1133 3167 1237 3222 erit
1281 3165 1417 3220 Dei?
1447 3173 1499 3220 et
1531 3164 1660 3236 quid
1691 3173 1881 3220 contra
1909 3165 2014 3220 erit

2192 3169 2257 3222 Τί
2288 3169 2465 3221 τοίνυν
2498 3168 2590 3222 τοῦ
2626 3168 2795 3239 πυρὸς
2831 3167 2980 3222 ἔσται
3008 3168 3100 3221 τοῦ
3128 3168 3334 3238 ἀγαθοῦ
3362 3170 3472 3242 (46)
3507 3173 3604 3225 καὶ
3632 3175 3685 3225 τί

441 3257 743 3327 nequitiae?
792 3256 1233 3327 quandoquidem
1277 3269 1454 3325 neque
1505 3255 1829 3310 divisionem
1873 3256 2014 3309 reci-

442 3349 543 3419 pit,
578 3364 754 3418 neque
802 3348 1113 3402 mistionem
1162 3348 1393 3416 accepit,
1430 3361 1554 3399 cum
1606 3346 1676 3400 sit
1722 3361 1917 3415 purum
1960 3354 2013 3401 et

440 3457 675 3497 merum.
705 3442 919 3510 Corpus
949 3439 1093 3494 enim
1128 3438 1388 3491 dividitur
1417 3439 1608 3493 saltem
1640 3438 2008 3507 cogitatione:

443 3549 653 3588 merum
700 3540 881 3587 autem
918 3533 1243 3588 elementum
1276 3531 1549 3600 quomodo
1598 3547 1665 3586 ex
1714 3529 2011 3585 contrariis

438 3626 803 3694 compositum
830 3639 952 3679 esse
981 3622 1153 3677 videri
1200 3622 1415 3690 potest?
1443 3622 1704 3691 quidnam
1744 3622 2010 3676 contrarii

439 3716 680 3786 cogitare
714 3716 838 3785 quis
868 3724 1044 3785 potest
1078 3715 1132 3767 in
1162 3730 1296 3784 puro
1324 3715 1481 3785 igne?

515 3808 569 3860 Si
599 3808 764 3876 igitur
796 3808 1223 3878 unumquodque
1253 3817 1336 3862 est
1368 3823 1436 3861 ex
1466 3814 1581 3861 toto
1611 3807 2007 3876 periculosum,

438 3899 648 3954 nullum
672 3913 861 3951 eorum
896 3914 990 3967 per
1012 3913 1070 3952 se
1100 3898 1396 3952 secundum
1425 3900 1697 3952 rationem
1727 3897 2006 3953 Maniclnei

437 4002 703 4061 congruet
736 3992 901 4055 bono,
925 3991 1018 4045 sed
1044 3993 1225 4062 potius
1258 3993 1441 4047 omnia
1471 3992 1778 4047 referentur
1795 3993 1862 4046 ad
1891 4007 2007 4046 ma-

437 4082 594 4137 lum:
630 4090 890 4152 praeterea
921 4100 1027 4137 non
1068 4092 1230 4139 erunt
1252 4099 1485 4152 corpora
1528 4100 1595 4138 ex
1635 4085 1809 4139 altero
1854 4098 2007 4138 com-

436 4174 635 4243 posita,
663 4175 805 4244 quod
836 4182 921 4229 est
964 4176 1201 4230 alienum
1247 4191 1275 4228 a
1311 4176 1666 4231 fundamento
1700 4175 2001 4230 Maniclmi.

507 4263 789 4332 Quomodo
813 4276 991 4322 autem
1024 4269 1294 4324 videbitur
1322 4268 1369 4322 ei
1394 4268 1448 4322 in
1487 4268 1630 4338 igne,
1652 4269 1757 4323 hoc
1779 4268 2004 4338 quidem

435 4371 559 4413 esse
589 4358 851 4420 salutare,
886 4359 1031 4428 quod
1052 4369 1135 4414 est
1163 4359 1314 4422 boni,
1348 4358 1453 4413 hoc
1492 4373 1624 4414 vero
1658 4358 2004 4413 mortiferum

434 4452 490 4499 et
527 4461 712 4511 urens,
745 4447 890 4516 quod
922 4457 1005 4502 est
1039 4448 1185 4510 mali,
1221 4447 1327 4500 nisi
1359 4448 1548 4503 insane
1582 4447 1747 4517 fingat
1793 4447 2005 4502 mistio-

2119 3260 2425 3314 τούναντίον
2472 3259 2565 3312 τοῦ
2616 3258 2821 3324 κακοῦ;
2870 3261 3030 3312 ὁπότε
3062 3260 3325 3331 διαίρεσιν
3356 3263 3455 3316 οὐκ
3502 3264 3683 3316 ἐπιδέ-

2120 3368 2298 3421 χεται,
2329 3351 2513 3421 ἐπειδὴ
2540 3364 2603 3419 γε
2637 3350 2756 3402 οὐδέ
2783 3353 2977 3421 κρᾶσιν
3004 3348 3308 3416 ἐπεδέξατο,
3341 3352 3575 3423 ἄκρατον
3602 3353 3680 3408 ὅν.

2120 3441 2194 3494 Τὸ
2226 3440 2456 3513 μὲνγὰρ
2503 3439 2561 3493 ἓν
2606 3440 2763 3510 σῶμα
2816 3442 2911 3494 καὶ
2956 3442 3242 3514 διαιρεῖται
3288 3446 3354 3514 τῇ
3388 3443 3518 3513 γοῦν
3566 3448 3685 3499 ἐπι-

2118 3533 2265 3604 νοίᾳ·
2312 3534 2373 3585 τὸ
2418 3532 2475 3585 δὲ
2535 3531 2769 3603 ἄκρατον
2824 3536 3082 3602 στοιχεῖον
3141 3534 3259 3599 πῶς
3318 3535 3378 3600 ἐξ
3429 3538 3684 3591 ἐναντίων

2121 3624 2435 3692 συγκεῖσθαι
2480 3623 2678 3689 δόξειεν
2729 3624 2827 3689 ἄνς
2882 3626 3041 3679 ποίαν
3083 3625 3141 3679 δέ
3196 3628 3289 3680 καὶ
3334 3629 3684 3700 ἐναντιότητα

2116 3715 2396 3784 λογίσηται
2428 3715 2491 3767 ἄν
2517 3732 2600 3778 τις
2634 3716 2856 3786 ἀκράτῳ
2888 3717 3053 3788 πυρί;

2185 3807 2248 3859 Et
2294 3807 2470 3859 τοίνυν
2507 3806 2733 3859 ἕκαστον
2775 3808 3071 3875 ἐπισφαλὲς
3116 3809 3290 3862 διόλου
3334 3811 3456 3864 καθ’
3498 3812 3681 3873 ἑαυτὸ,

2114 3898 2263 3951 οὐδὲν
2295 3898 2475 3952 αὐτῶν
2507 3898 2649 3952 κατά
2687 3899 2776 3951 τὸν
2804 3898 2899 3952 τοῦ
2942 3901 3216 3965 Μάνεντος
3258 3901 3414 3971 λόγον
3454 3904 3683 3974 ἁρμόσει

2112 3991 2191 4062 τῷ
2220 3990 2429 4061 ἀγαθῷ,
2455 3991 2589 4045 ἀλλά
2630 3992 2806 4044 πάντα
2849 3992 2947 4062 μὲν
2985 3994 3328 4047 ἀνακείσεται
3366 3997 3444 4067 τῷ
3488 4000 3679 4067 κακῷο

2113 4084 2211 4136 οὐκ
2233 4083 2382 4136 ἔσται
2410 4083 2465 4136 δὲ
2497 4083 2564 4135 τὰ
2598 4082 2822 4152 σώματα
2847 4083 2905 4149 ἐξ
2934 4085 3120 4156 ἐτέρου
3152 4088 3504 4159 συγκείμενα,
3528 4091 3683 4144 ἀλλο-

2110 4176 2277 4246 τρίως
2303 4178 2367 4248 τῇ
2396 4175 2490 4229 τοῦ
2513 4175 2787 4238 Μάνεντος
2817 4176 3089 4231 ὑποθέσει.

2182 4265 2306 4329 Πῶς
2335 4265 2392 4317 δὲ
2428 4263 2576 4334 αὐτῷ
2602 4264 2663 4317 τὸ
2705 4266 2801 4335 μέν
2828 4281 2881 4317 τι
2905 4264 3000 4318 τοῦ
3031 4266 3201 4336 πυρὸς
3224 4268 3364 4333 δόξει
3407 4270 3682 4343 θεραπευ-

2109 4357 2278 4421 τικὸν,
2310 4358 2431 4410 ὅσον
2455 4354 2548 4408 τοῦ
2574 4354 2800 4423 ἀγαθοῦ,
2827 4357 2885 4409 τὸ
2908 4357 2965 4409 δέ
2987 4375 3040 4409 τι
3065 4357 3305 4429 όλέθριον
3331 4362 3424 4413 καὶ
3457 4378 3685 4415 καυστι-

2111 4449 2226 4515 κὸν,
2255 4450 2377 4502 ὅσον
2405 4448 2500 4502 τοῦ
2532 4448 2724 4511 κακοῦ,
2750 4449 2798 4500 εί
2828 4449 2902 4520 μὴ
2932 4450 3026 4503 καὶ
3051 4450 3158 4505 τῶν
3192 4454 3458 4523 σωμάτων
3484 4456 3684 4526 κρᾶσιν

435 4550 559 4589 nem
584 4536 975 4590 elementorum
1011 4552 1077 4589 ex
1116 4537 1260 4590 bono
1292 4544 1345 4591 et
1374 4553 1438 4591 ex
1470 4539 1650 4592 malo?
1690 4539 1835 4608 quod
1884 4539 2004 4608 qui-

2116 4541 2310 4609 ἀγαθοῦ
2341 4558 2401 4593 τε
2426 4543 2520 4594 καὶ
2547 4541 2718 4594 κακοῦ
2750 4541 2992 4611 μανικῶς
3021 4543 3380 4611 ὲιραντὰζετο;
3413 4548 3549 4616 ὅπερ
3574 4546 3682 4599 οἰό-

435 4627 558 4682 dem
588 4628 635 4683 si
668 4635 841 4696 putet,
873 4637 1096 4696 cogetur
1144 4628 1385 4682 tribuere
1418 4628 1546 4694 Deo,
1582 4645 1704 4698 quae
1753 4630 1897 4684 volet
1938 4646 2001 4684 ex

434 4727 671 4786 quatuor
712 4719 1019 4781 elementis,
1075 4735 1195 4788 qua:
1233 4735 1298 4774 ex
1341 4728 1455 4773 toto
1495 4728 1549 4773 et
1596 4721 1873 4776 individue
1907 4723 2002 4775 tali

434 4819 630 4863 natura
671 4809 897 4879 praedita
925 4818 1088 4872 sunt,
1114 4819 1167 4864 et
1196 4819 1452 4865 cernetur
1468 4811 1714 4865 conﬁteri
1737 4813 2002 4867 exsistere

431 4917 496 4953 ex
533 4898 643 4953 Deo
681 4914 913 4961 merum,
942 4906 994 4952 et
1016 4915 1110 4968 per
1133 4915 1191 4953 ευ
1231 4915 1453 4954 nocens.
1480 4898 1680 4953 Dividit
1709 4905 1889 4952 autem
1923 4899 2003 4952 in-

431 5004 601 5044 sanus
624 4999 874 5044 naturam
907 4991 1050 5059 ignis
1090 4989 1445 5053 individuam,
1491 4990 1680 5042 dicens
1710 4988 1855 5041 aliud
1879 5002 2000 5041 esse

429 5080 485 5132 in
528 5079 650 5149 igne
682 5079 943 5139 salutare,
979 5077 1124 5131 aliud
1146 5094 1274 5132 vero
1314 5093 1481 5132 urens
1515 5095 1529 5133 :
1563 5078 1999 5147 noninlelligens

429 5171 720 5233 barbarus,
752 5172 809 5225 in
838 5187 939 5225 usu
967 5171 1107 5242 ignis
1146 5184 1265 5225 csse
1287 5170 1630 5234 divisionem,
1664 5183 1772 5222 non
1807 5169 1859 5222 iu
1901 5185 2000 5223 na-

428 5271 549 5316 tura
586 5264 726 5333 ignis
757 5282 772 5331 ;
800 5265 964 5332 hujus
991 5265 1136 5319 enim
1167 5266 1331 5318 nimia
1369 5264 1767 5334 propinquitas,
1817 5265 1999 5333 perni-

426 5355 540 5408 cies
566 5362 684 5421 est;
719 5357 994 5411 moderata
1031 5373 1160 5412 vero
1191 5358 1447 5411 distantia
1485 5372 1733 5412 securam
1773 5357 1997 5427 partici-

428 5447 699 5513 pationem
732 5450 931 5503 caloris
955 5449 1143 5515 aﬂert',
1169 5465 1291 5503 cum
1323 5450 1526 5518 alioqui
1548 5450 1662 5518 ipsa
1695 5450 1779 5503 vis
1801 5450 1992 5504 urendi

428 5538 566 5601 sola,
624 5554 745 5608 qua!
779 5541 994 5610 quidem
1035 5551 1118 5597 est
1164 5543 1327 5613 ignis,
1368 5543 1677 5597 necessaria
1715 5543 1786 5596 sit
1825 5561 1838 5595 :
1882 5542 1995 5597 haec

497 5688 609 5759 (46)
661 5692 920 5761 Ἀγαθοῦ.
966 5693 1121 5749 Boni.
1180 5694 1271 5749 Sic
1321 5711 1486 5765 supra
1550 5660 1711 5751 vertit
1767 5693 2070 5753 Turrianus

2111 4648 2267 4700 μενος
2294 4630 2767 4700 ἀναγκασθήσεται
2797 4632 3087 4701 ἀπονεῖμαι
3115 4633 3191 4703 τῷ
3220 4633 3409 4705 ἀγαθῷ
3436 4638 3542 4689 τῶν
3564 4654 3681 4689 τετυ

2106 4724 2285 4794 σάρων
2319 4723 2614 4793 στοιχείων,
2662 4724 2804 4795 ἅπερ
2852 4725 2916 4779 ἂν
2965 4725 3128 4790 θέλοι,
3170 4726 3438 4798 ὁλόκληρά
3478 4746 3536 4781 τε
3584 4731 3679 4785 καὶ

2104 4803 2404 4886 ἀδιαίρετα,
2435 4814 2604 4880 οὕτως
2646 4817 2837 4888 ἔχοντα
2870 4819 3061 4887 φύσει·
3094 4821 3188 4873 καὶ
3217 4821 3510 4891 ὀφθήσεται
3545 4825 3678 4893 δμο-

2102 4904 2275 4973 λογῶν
2318 4906 2553 4977 ὑπάρξαι
2602 4910 2694 4962 καὶ
2737 4910 2979 4962 ἐκ“Θεοῦ
3022 4911 3259 4982 ἄκρατόν
3301 4929 3360 4963 τε
3405 4902 3507 4965 ’καὶ
3553 4914 3676 4968 καθ’

2102 4997 2264 5050 ἑαυτὸ
2293 4998 2603 5067 βλαπτικὸν.
2636 5003 2842 5072 Διαιρεῖ
2866 5002 2922 5054 δὲ
2946 5003 2975 5053 ὁ
3000 5003 3221 5072 ἀνόητος
3244 5003 3339 5055 τοῦ
3369 5006 3538 5073 πυρὸς
3576 5006 3678 5076 τὴν

2102 5088 2403 5160 ἀδιαίρετον
2441 5092 2623 5160 φύσιν,
2652 5095 2712 5147 τὸ
2750 5094 3139 5166 θεραπευτικὸν
3168 5097 3351 5167 ἕτερον
3385 5098 3547 5150 αὐτοῦ
3586 5099 3676 5151 λέ-

2102 5197 2212 5247 γων
2251 5176 2411 5246 εἶναι,
2455 5185 2551 5237 καὶ
2592 5185 2654 5237 τὸ
2680 5186 2985 5240 καυστικὸν
3016 5188 3234 5258 ἕτερον·
3289 5189 3363 5260 μὴ
3406 5192 3606 5253 συνιεὶς
3648 5192 3678 5243 ὁ

2104 5268 2397 5342 βάρϐαρος,
2427 5272 2502 5336 ὡς
2530 5274 2589 5326 ἐν
2612 5276 2678 5346 τῇ
2714 5277 2905 5346 χρήσει
2944 5278 2976 5347 ἡ
3019 5277 3300 5348 διαίρεσις,
3342 5279 3455 5332 ἀλλ’
3483 5281 3585 5332 οὐκ
3615 5282 3673 5335 ἐν

2099 5365 2165 5432 τῇ
2202 5362 2357 5432 φύσει
2398 5364 2490 5417 τοῦ
2520 5367 2691 5438 πυρός
2714 5384 2727 5396 ·
2763 5368 2950 5421 τούτου
2978 5370 3084 5441 γὰρ
3115 5374 3146 5442 ἡ
3180 5372 3276 5442 μὲν
3300 5372 3538 5443 ἄμετρος
3578 5375 3673 5442 ἐγ-

2101 5453 2270 5525 γύτης
2307 5456 2586 5528 ἐπιϐουλὴ,
2627 5461 2660 5529 ἡ
2706 5459 2762 5511 δὲ
2794 5460 2988 5532 μετρία
3031 5461 3311 5525 διάστασις
3348 5463 3563 5533 ἀσφαλῆ
3605 5478 3671 5533 γε

2102 5544 2257 5615 φέρει
2296 5546 2394 5617 τὴν
2442 5548 2763 5618 μετουσίαν·
2799 5549 2973 5614 ἄλλως
3000 5568 3058 5604 τε
3090 5552 3223 5605 αὐτὸ
3265 5553 3328 5623 δὴ
3359 5552 3419 5606 τὸ
3450 5567 3674 5609 καυστι-
