4100 6426
352 376 495 435 H93

1394 355 1759 415 ADVERSUS
1797 353 2222 410 ΜΑΝῙΟΠᾸΕΟΞ
2258 351 2388 407 LIB.
2430 350 2494 405 ll.

3469 355 3606 413 1198

353 491 450 544 κὸν
473 485 566 539 τοῦ
614 481 784 552 πυρὸς
816 479 909 534 καὶ
952 477 1110 550 μόνον
1151 477 1467 544 ἀναγκαῖον,
1502 473 1638 544 ὅπερ
1686 472 1779 526 καὶ
1823 470 1935 542 πῦρ

2061 471 2180 524 :nim
2206 468 2382 523 mollit
2414 477 2468 522 et
2501 466 2780 537 liquefacit
2817 482 2880 522 ea
2911 484 3032 538 quae
3065 468 3131 524 ad
3159 486 3318 527 usum
3355 486 3614 528 necessa-

351 578 609 648 τυγχάνει
633 591 647 604 ·
678 572 835 626 τοῦτο
860 571 968 642 γὰρ
997 572 1090 624 καὶ
1120 568 1376 641 μαλάττει
1399 567 1494 620 καὶ
1520 567 1676 636 τήκει
1705 565 1772 618 τά
1800 564 1935 635 πρὸς

351 670 450 738 τὴν
474 665 663 738 χρείαν
689 661 1002 730 ἀναγκαίως
1027 656 1446 731 προσφερόμενα
1471 671 1484 684 ·
1519 654 1595 718 ὼς
1627 655 1793 726 μηδὲν
1818 653 1936 706 ἐτε-

356 763 450 833 ρόν
487 754 625 811 εἶναι
668 755 729 808 τὸ
777 752 889 824 πῦρ
930 753 964 825 ἢ
1007 753 1068 805 τὸ
1116 749 1408 805 καυστικὸν
1449 747 1650 804 αὑτοῦ·
1689 746 1855 818 μηδὲν
1879 745 1937 798 δὲ

354 853 542 922 ἓτερον
585 841 722 900 εἶναι
767 845 828 898 τὸ
857 843 1152 912 ἀναγκαῖον
1187 841 1220 913 ἦ
1254 839 1430 894 τοῦτο.
1471 839 1529 893 '0
1572 837 1630 891 δὲ
1671 837 1848 907 μάτην
1879 834 1940 888 τὸ

363 943 474 1014 πῦρ
502 938 792 1010 ὲνυϐρίζει,
819 936 940 990 λίαν
961 935 1254 1006 ἀχάριστος
1276 931 1353 986 ὢν
1381 929 1517 1002 πρὸς
1543 929 1641 992 τὰς
1671 927 1822 998 παρά
1843 926 1936 979 τοῦ

371 1029 718 1104 Δημιουργοῦ
745 1026 852 1080 τῶν
878 1024 1015 1079 ὅλων
1041 1023 1374 1096 εὐεργεσίας.

431 1127 492 1178 Εἰ
513 1123 570 1176 δέ
603 1139 684 1184 τις
729 1119 846 1192 θείη
878 1118 948 1171 τὰ
975 1118 1217 1188 τέσσαρα
1245 1115 1483 1184 στοιχεῖα
1520 1113 1586 1182 τῇ
1625 1111 1792 1180 κακίᾳ
1821 1109 1939 1161 κατ’

359 1217 570 1270 ἐκεῖνον
597 1213 917 1284 προσήκειν,
950 1209 1065 1272 πῶς
1093 1209 1157 1262 ἂν
1185 1205 1356 1261 ταῦτα
1380 1203 1452 1257 τὰ
1481 1205 1545 1256 ἐκ
1575 1203 1702 1272 μιᾶς
1728 1199 1942 1269 φύσεως

362 1307 578 1361 ἐναντία
611 1322 674 1374 γε
719 1303 848 1355 ὅντα
884 1300 1151 1372 ὑπάρχειν
1197 1297 1416 1368 δοκοίη;
1463 1295 1525 1348 Εί
1565 1293 1673 1364 γάρ
1719 1290 1944 1345 αὑτόθεν

361 1400 424 1452 τὸ
454 1397 673 1470 θερμὸν,
702 1395 762 1448 τὸ
787 1392 992 1465 ψυχρὸν
1025 1389 1311 1462 ἑτέρωθεν,
1339 1389 1373 1459 ἢ
1402 1385 1668 1441 ἀνάπαλιν
1691 1402 1703 1414 ·
1737 1386 1828 1437 καὶ
1850 1381 1944 1436 οὗ·

362 1511 470 1557 τως
504 1489 656 1554 αὖθις
690 1489 781 1543 ἐπὶ
807 1487 908 1556 τῆς
934 1485 1099 1554 ἄλλης
1131 1481 1392 1550 συζυγίας
1415 1496 1428 1508 ·
1469 1479 1607 1532 ῶστε
1645 1475 1945 1537 ἀσύστατος

365 1587 460 1640 καὶ
488 1587 521 1656 ἡ
547 1582 656 1636 τῶν
684 1579 952 1651 σωμάτων
995 1577 1189 1648 κρᾶσις
1231 1571 1374 1626 κατὰ
1403 1571 1500 1640 τὴν
1528 1567 1782 1639 τοιαύτην
1817 1567 1947 1619 ὑπό-

364 1655 536 1732 θεσιν.
568 1675 632 1727 Εί
659 1673 715 1725 δὲ
746 1669 960 1738 ἐπινοίᾳ
987 1669 1085 1738 τῆς
1123 1663 1321 1726 κακίας
1360 1661 1584 1731 ἀναθείη
1613 1659 1723 1712 τῶν
1752 1655 1949 1710 τεσσά-

367 1785 478 1842 ρων
508 1765 606 1836 τὴν
640 1764 720 1826 είς
755 1758 1102 1828 κατασκευὴν
1132 1755 1370 1826 εὕρεσιν,
1408 1749 1693 1819 σοφωτάτη
1736 1764 1799 1817 γε
1832 1746 1950 1799 λίαν

2039 563 2122 616 rio
2144 561 2509 616 adhibentur:
2546 565 2606 612 ut
2647 558 2784 612 nihil
2833 559 2978 614 aliud
3014 561 3086 616 sit
3115 563 3275 633 ignis,
3321 577 3486 633 quam
3531 566 3615 619 vis

2036 655 2160 725 ejus
2209 653 2277 707 ad
2315 650 2606 712 urendum,
2668 657 2722 704 et
2753 649 2890 703 nihil
2926 651 3073 705 aliud
3114 654 3485 709 necessarium
3547 657 3618 709 sit

2040 747 2108 802 ad
2135 747 2279 800 hunc
2325 758 2486 800 usum
2533 741 2696 811 quam
2748 741 2872 796 hoc.
2917 740 3247 799 Manichaeus
3287 759 3418 801 vero
3461 746 3619 800 valde

2041 839 2312 909 ingratiis,
2336 843 2394 891 et
2416 832 2803 890 beneficiorum
2834 832 2931 888 Dei
2971 833 3279 902 immemor,
3311 837 3510 908 ignem
3540 838 3621 892 vi-

2037 937 2294 1001 tupcrat.‘

2115 1103 2172 1158 Si
2201 1104 2326 1174 quis
2351 1113 2534 1159 autem
2561 1113 2728 1174 ponat
2762 1115 3002 1174 quatuor
3026 1104 3319 1169 elementa,
3349 1105 3498 1161 sicut
3531 1103 3623 1160 ille

2045 1192 2321 1263 Opinatur,
2367 1192 2436 1247 ad
2469 1193 2668 1248 malum
2708 1194 3003 1264 pertinere,
3031 1195 3308 1264 quomodo
3349 1193 3465 1249 btec
3505 1209 3626 1264 qua:

2046 1289 2173 1338 sunt
2185 1282 2398 1352 singula
2424 1283 2588 1338 unius
2615 1291 2845 1349 naturae,
2865 1285 3142 1338 contraria
3157 1301 3280 1341 esse
3305 1285 3627 1342 videantur!

2049 1374 2104 1430 Si
2120 1376 2262 1430 enim
2286 1374 2526 1429 calidum
2559 1383 2733 1429 estex
2759 1375 2899 1445 ipso,
2919 1375 3176 1445 frigidum
3209 1393 3276 1432 ex
3293 1377 3503 1444 altero;
3533 1386 3628 1431 aut

2048 1476 2258 1531 contra,
2285 1468 2332 1522 si
2380 1466 2640 1538 frigidum
2679 1484 2746 1522 ex
2774 1469 2912 1538 ipso,
2941 1469 3177 1523 calidum
3213 1486 3280 1524 ex
3324 1471 3542 1526 altero:
3573 1478 3628 1524 et

2049 1562 2130 1617 sic
2167 1578 2361 1619 rursus
2388 1563 2444 1617 in
2476 1562 2583 1616 alia
2612 1562 3000 1632 conjugatione
3029 1563 3133 1617 hoc
3159 1561 3513 1618 fundamento
3529 1578 3628 1633 po-

2051 1655 2174 1720 sito,
2209 1654 2395 1710 mistio
2427 1667 2720 1724 corpOrum
2768 1653 2883 1709 fieri
2915 1667 3025 1708 non
3065 1654 3284 1724 poterit.
3321 1652 3380 1708 Si
3412 1669 3540 1708 vero
3560 1655 3627 1708 ad

2050 1747 2504 1817 excogitationem
2555 1744 2814 1814 nequitiae
2865 1746 3068 1800 referat
3122 1744 3492 1800 inventionem
3528 1761 3627 1800 ex-

365 1837 777 1928 ἀναφανήσεται
823 1854 856 1922 ἡ
901 1849 1101 1919 γνῶσιν
1134 1847 1228 1901 καὶ
1270 1844 1483 1897 σύνεσιν
1531 1840 1606 1912 μὴ
1639 1838 1947 1910 κεκτημένη

2061 1839 2296 1894 struendi
2327 1837 2639 1894 mistionem
2674 1851 2990 1908 corporum,
3021 1837 3426 1908 sapientissima
3461 1852 3630 1908 appa-

367 1948 567 2002 κακία’
616 1945 692 2008 ὼς
737 1943 832 1996 καὶ
879 1938 973 1992 τοῦ
1009 1934 1351 2008 Δημιουργοῦ
1391 1931 1451 1985 τὸ
1510 1930 1764 2002 μέγιστον
1812 1929 1946 1981 ἁπο-

369 2037 631 2111 φέρεσθαι
663 2034 870 2104 θαῦμα,
907 2029 1021 2099 είγε
1067 2026 1272 2081 συνεῖδε
1310 2025 1431 2078 τίνα
1476 2022 1541 2076 ἂν
1571 2020 1771 2092 τρόπον
1815 2021 1947 2072 ὑπο-

372 2134 656 2203 στήσηται.

2051 1931 2193 1986 rebit
2220 1931 2486 2001 nequitia,
2514 1946 2636 2001 quae
2665 1930 2869 2001 alioqui
2920 1930 3290 2000 cognitionem
3325 1937 3380 1984 et
3418 1930 3626 1985 intelli-

2051 2023 2287 2092 gentiam
2316 2038 2426 2076 non
2451 2022 2640 2077 habuit
2666 2039 2680 2088 ;
2711 2023 2784 2076 ita
2815 2029 2873 2076 ut
2908 2024 3200 2077 maximam
3223 2022 3629 2078 Creatorislan-

2052 2115 2174 2170 dem
2191 2121 2244 2168 et
2268 2114 2682 2171 admirationem
2713 2116 2879 2181 ferat,
2901 2116 3169 2187 siquidem
3195 2117 3471 2188 cognovit,
3493 2132 3630 2187 quo-

2054 2205 2217 2261 modo
2240 2218 2339 2276 per
2359 2220 2417 2263 se
2443 2206 2734 2264 exsisteret
2756 2209 2964 2274 mistio,
3002 2207 3214 2263 scilicet
3244 2222 3557 2278 corporum.

437 2353 570 2409 CAP.
612 2348 802 2405 XXXI.
847 2347 1024 2403 Solent
1053 2361 1215 2416 usque
1254 2342 1385 2396 adeo
1413 2340 1596 2395 Manes
1627 2339 1873 2402 honorat,
1900 2347 1958 2392 ut
1993 2341 2164 2408 ipsum
2191 2339 2297 2395 Deo
2325 2342 2584 2412 conferat,
2612 2352 2662 2399 et
2684 2359 2749 2398 ea:
2781 2344 2895 2415 ejus
2927 2344 3226 2398 substantia
3246 2361 3359 2400 esse
3394 2344 3558 2399 dicat,

453 2471 670 2542 Ἐπειδὴ
706 2471 762 2524 δέ
801 2468 950 2540 ἥλιον
997 2465 1270 2537 σεμνύνει,
1319 2463 1414 2517 καὶ
1458 2460 1635 2533 ἀμιγῆ
1677 2455 1836 2524 εἶναι,
1877 2459 1954 2522 ὡς

371 2564 659 2633 ὑπείληφε,
689 2560 783 2614 τοῦ
814 2559 985 2614 κακοῦ
1015 2557 1326 2628 διορίζεται,
1352 2555 1486 2626 φέρε
1513 2554 1606 2606 καὶ
1640 2551 1770 2621 περὶ
1802 2550 1953 2621 ἡλίου

374 2654 682 2726 φιλαλήθως
706 2652 1009 2722 κατίδωμεν
1030 2667 1044 2680 ο
1081 2647 1377 2719 ὀφθήσεται
1405 2645 1516 2716 γὰρ
1546 2645 1666 2708 ἐνὸς
1695 2643 1803 2698 τῶν
1831 2659 1957 2695 τεσ-

375 2748 557 2820 σάρων
591 2745 868 2815 στοιχείων
896 2741 1178 2813 ὑπάρχων,
1218 2739 1362 2806 λέγω
1392 2738 1456 2809 δὴ
1484 2735 1584 2805 τῆς
1621 2734 1832 2807 θερμῆς
1861 2733 1955 2786 οὑ-

376 2839 532 2902 σίας·
570 2837 630 2892 οὐ
677 2835 904 2906 βλάπτει
939 2833 1036 2904 μὲν
1066 2830 1176 2902 γὰρ
1220 2829 1288 2882 τὰ
1315 2828 1671 2898 ὑποκείμενα,
1712 2825 1869 2896 μόνον
1900 2823 1960 2876 δέ

374 2930 659 3010 θερμαίνει
686 2929 779 2982 καὶ
802 2925 1018 2996 ὠφελεῖ,
1050 2924 1137 2977 διὰ
1159 2917 1220 2976 τδ
1244 2922 1493 2975 πλεῖστον
1519 2919 1820 2988 ἀφεστάναι
1839 2934 1850 2945 ’
1875 2911 1960 2979 οἷς

374 3023 435 3080 δέ
460 3023 621 3078 πλέον
649 3019 1019 3094 προσεγγίζει,
1049 3019 1197 3071 καίει
1220 3033 1279 3070 τε
1306 3016 1402 3070 καὶ
1427 3015 1620 3082 ἄγονον
1643 3012 1741 3083 τὴν
1775 3010 1959 3066 τοιαύο

375 3131 478 3189 την
501 3115 606 3185 γῆν
632 3111 1005 3180 ἀπεργάζεται
1031 3127 1045 3139 ·
1077 3107 1274 3163 αὐτίκα
1303 3106 1397 3160 καὶ
1422 3104 1613 3174 θέρους
1640 3102 1761 3174 ῶρᾳ
1788 3103 1960 3173 ἄκρα.
1985 3126 2027 3183 C

377 3227 470 3275 τος
497 3206 815 3282 προσϐαλὼν
842 3208 908 3276 τῇ
939 3207 1031 3274 γῇ,
1067 3200 1208 3255 κατὰ
1252 3197 1597 3270 μεσημϐρίαν
1627 3194 1799 3256 οὕτως
1831 3193 1959 3264 θερ-

382 3300 562 3373 μαίνει
620 3296 846 3366 ταύτην,
906 3294 1046 3346 ῶστε
1105 3291 1376 3361 καυτῆρος
1439 3287 1594 3357 δίκην
1657 3283 1960 3354 ὑποϐεϐλῆ-

382 3391 506 3446 σθαι
546 3389 722 3443 δοκεῖν
767 3385 1032 3455 τοῦδαφος
1057 3386 1170 3447 τοῖς
1199 3380 1538 3435 ἐπιϐαίνουσι
1583 3379 1811 3447 γυμνοῖς
1847 3379 1962 3438 τοῖς

381 3481 529 3535 ποσί.

451 3573 719 3636 Πολλάκις
761 3569 818 3624 δέ
860 3570 954 3622 καὶ
995 3569 1060 3638 τῇ
1099 3565 1258 3635 φλογὶ
1284 3565 1349 3634 τῇ
1376 3555 1574 3634 ὴλιακῇ
1619 3557 1962 3630 παραπεσόν-

381 3680 471 3728 τες
496 3655 792 3734 ἂνθρωποι,
826 3657 1004 3728 πολλῷ
1030 3674 1093 3726 γε
1124 3654 1202 3727 τῷ
1219 3653 1461 3724 καύματι
1489 3649 1876 3732 διεφθάρησαν,
1901 3646 1963 3699 τδ

382 3728 875 3829 παραμυθούμενον
916 3748 1143 3818 ἐγγύθεν
1189 3746 1262 3816 μὴ
1295 3743 1567 3815 εὑρόντες.
1608 3728 1865 3794 Μελαίνει
1906 3738 1962 3791 δέ

381 3847 456 3902 τὰ
490 3845 718 3917 σώματα
745 3845 838 3899 καὶ
866 3841 1120 3902 διακαίει,
1159 3836 1343 3906 σαφῶς
1381 3834 1452 3887 τὰ
1480 3833 1652 3904 πυρὸς
1683 3829 1920 3902 ἐνεργῶν
1945 3847 1958 3860 ·

387 3938 585 4012 μᾶλλον
616 3937 672 3990 δὲ
700 3937 870 4007 πυρὸς
897 3929 1056 3995 αὑτὸς
1093 3929 1318 4000 γόνιμός
1362 3927 1533 3988 ἐστιν,
1564 3925 1616 3977 εί
1641 3941 1723 3986 τις
1759 3925 1818 3975 ἐν
1863 3921 1964 3990 ἀγ-

383 4031 519 4101 γείῳ
551 4028 694 4098 ὓδωρ
733 4025 926 4095 ὑελίνῳ
963 4023 1220 4091 ἄντικρυς
1254 4016 1402 4086 αὑτῷ
1431 4013 1771 4087 προσαγάγοι
1791 4029 1804 4042 ·
1843 4028 1966 4064 συν-

383 4121 629 4193 αγομένη
655 4118 763 4190 γάρ
788 4116 865 4188 τῷ
889 4114 1099 4182 διαυγεῖ
1127 4109 1222 4164 τοῦ
1249 4126 1309 4162 τε
1339 4107 1532 4170 ὓδατος
1561 4105 1776 4174 καὶτῆς
1807 4102 1962 4155 ὑέλου

385 4217 484 4288 τῆς
525 4213 757 4288 ἡλιακῆς
802 4211 1016 4270 ἀκτῖνος
1048 4207 1082 4278 ἡ
1124 4202 1296 4274 ἀκμὴ,
1329 4200 1422 4254 καλ⁸
1471 4198 1608 4270 πρὸς
1640 4195 1825 4288 στενὸν
1867 4193 1965 4264 μὲν

387 4287 888 4378 παραπεμπομένη,
931 4293 1336 4372 προσομιλοῦσά
1371 4309 1434 4343 τε
1481 4290 1604 4361 ὕλῃ,
1641 4287 1838 4360 ῥᾳδίως
1873 4303 1969 4338 πυ-

392 4399 483 4471 ρὸς
525 4392 1055 4466 ἀντιλαμϐανομένῃ,
1097 4389 1214 4459 ἅμα
1252 4404 1312 4439 τε
1356 4385 1529 4437 τίκτει
1569 4380 1700 4451 πῦρ,
1729 4379 1824 4431 καὶ
1865 4391 1963 4430 σα-

2128 2460 2234 2516 Sed
2265 2463 2393 2532 quia
2429 2463 2598 2518 solem
2640 2464 2896 2530 honorat,
2933 2473 2988 2520 et
3033 2471 3094 2519 ut
3145 2464 3500 2531 existimavit,
3539 2464 3636 2519 de—

2052 2549 2228 2607 ce'rnit
2262 2568 2370 2607 non
2395 2554 2616 2610 habere.
2641 2555 2954 2611 mistiouem
2996 2556 3146 2618 mali,
3200 2569 3298 2625 age
3350 2555 3634 2611 videamus

2055 2641 2122 2697 de
2154 2641 2269 2698 sole
2289 2655 2389 2713 pro
2428 2644 2612 2699 studio
2667 2644 2956 2700 veritatis:
3011 2645 3288 2700 videbitur
3325 2645 3472 2700 enim
3515 2660 3638 2700 esse

2059 2731 2225 2790 unius
2271 2745 2339 2790 ex
2376 2742 2614 2806 quatuor
2648 2736 2955 2801 elementis,
3003 2737 3345 2799 substantiae,
3389 2737 3634 2806 inquam,

2058 2825 2284 2893 calidae;
2307 2839 2420 2880 non
2451 2825 2597 2880 enim
2634 2834 2792 2880 nocet
2820 2825 3103 2896 subjectis,
3151 2824 3246 2880 sed
3285 2824 3460 2880 solum
3490 2823 3637 2878 cale-

2059 2914 2191 2970 facit
2211 2922 2265 2971 et
2281 2916 2456 2986 juvat.
2483 2916 2614 2986 quia
2634 2915 2932 2986 plurimum
2977 2916 3143 2969 distat
3167 2933 3180 2969 :
3209 2915 3410 2985 quibus
3451 2922 3634 2968 autem

2060 3007 2490 3078 appropinquat,
2536 3008 2664 3076 urit,
2711 3014 2767 3064 et
2795 3009 2903 3062 tale
2945 3008 3122 3063 solum
3175 3006 3363 3062 sterile
3411 3004 3635 3061 reddit:

2060 3107 2115 3154 et
2147 3103 2203 3154 in
2243 3107 2434 3155 aestate
2471 3113 2597 3154 cum
2621 3099 2676 3152 in
2725 3108 2929 3154 terram
2980 3097 3115 3168 jacit
3156 3098 3340 3154 radios
3374 3112 3542 3169 puros
3582 3097 3638 3152 in

2063 3190 2308 3256 meridie,
2340 3205 2515 3259 usque
2541 3189 2680 3244 adeo
2710 3203 2834 3244 eam
2861 3188 3135 3251 calefacit,
3176 3197 3238 3242 ut
3268 3191 3638 3259 pavimentum

2062 3279 2228 3336 nudis
2264 3279 2496 3349 pedibus
2518 3279 2860 3350 suppositum
2901 3279 3078 3333 instar
3105 3279 3343 3334 incendii
3369 3281 3463 3333 sit.

2137 3547 2292 3619 Saepe
2318 3545 2502 3602 autem
2531 3541 2787 3600 homines
2821 3543 2878 3599 in
2909 3543 3183 3598 flammam
3217 3543 3349 3599 solis
3390 3535 3638 3596 inciden—

2063 3650 2147 3699 tes
2171 3641 2339 3696 nimio
2368 3643 2504 3696 testu
2536 3639 2883 3704 interierunt,
2906 3653 3015 3692 non
3053 3635 3274 3691 invento
3302 3651 3470 3706 prope
3491 3635 3638 3706 quod

2064 3735 2438 3808 refrigeraret.
2471 3719 2649 3787 Efﬁcit
2670 3740 2851 3786 autem
2895 3731 3052 3800 nigra
3082 3743 3315 3799 corpora
3341 3735 3396 3784 et
3435 3728 3638 3794 adurit,

2066 3827 2312 3899 facitque
2333 3828 2516 3898 plane,
2553 3824 2700 3896 quod
2747 3824 2890 3895 ignis
2932 3823 3110 3887 Solet;
3151 3821 3263 3875 imo
3309 3819 3430 3891 ipSe
3462 3819 3640 3890 ignem

2066 3918 2300 3975 fecunde
2339 3925 2583 3989 generat,
2616 3918 2663 3973 'si
2693 3917 2818 3987 quis
2844 3928 3040 3985 aquam
3073 3913 3126 3967 in
3161 3919 3292 3968 vase
3333 3913 3508 3966 vitreo
3541 3911 3644 3966 soli

2068 4012 2300 4066 adverSO
2323 4009 2644 4075 admoveat;
2684 4009 2766 4062 vis
2795 4005 2941 4061 enim
2976 4003 3117 4058 radii
3165 4002 3302 4057 solis
3328 4001 3510 4056 lucido
3552 4001 3645 4054 illo

2067 4112 2222 4168 aqua:
2259 4105 2314 4151 et
2357 4097 2484 4151 vitri
2519 4103 2709 4150 coacta
2753 4101 2807 4150 et
2856 4091 3124 4154 conferta,
3165 4099 3330 4160 atque
3375 4091 3432 4143 in
3472 4105 3645 4160 angu-

2068 4193 2213 4239 stum
2267 4183 2488 4253 quidem
2539 4183 2864 4238 transmissa
2909 4189 2964 4235 et
2995 4179 3253 4247 adjuncta
3287 4179 3529 4233 materia:
3563 4179 3644 4231 ia-

2067 4275 2173 4331 cile
2201 4277 2381 4346 ignem
2411 4261 2764 4344 concipienti,
2790 4272 2956 4327 simul
2980 4271 3122 4342 parit
3141 4271 3320 4340 ignem
3345 4287 3360 4336 ;
3381 4279 3436 4324 et
3461 4271 3646 4339 aperte

2069 4367 2266 4424 Suadet
2298 4383 2413 4422 non
2442 4366 2645 4422 volenti
2675 4364 3029 4429 contendere,
3060 4379 3184 4418 esse
3216 4361 3437 4432 quidem
3474 4363 3646 4417 solem

391 4445 507 4560 φῶς
895 4445 969 4555 μὴ
1008 4445 1334 4552 φιλονεικεῖν
1369 4445 1660 4536 ἐθέλοντα,⁷
1681 4473 1758 4536 ὡς
1795 4472 1960 4543 πυρὸς

2071 4456 2310 4528 speciem
2351 4457 2516 4529 ignis,
2557 4469 2624 4511 ex
2661 4454 2922 4524 operibus
2955 4466 3086 4507 vero
3127 4445 3430 4521 splendidis
3470 4447 3647 4518 ipsius

2208 4551 2238 4560 Α.
2321 4551 2333 4560 ι
2415 4549 2428 4560 ο
2718 4547 2728 4557 ι
2868 4559 2875 4560 ,
2964 4543 3057 4560 ειμι
3087 4542 3098 4560 3
3123 4539 3223 4560 I~-_._
3273 4537 3465 4560 _-"--_L
3508 4537 3646 4560 2__!_

390 4577 529 4644 εἶδος
579 4577 677 4649 μέν
733 4578 880 4629 ἐστιν
910 4575 938 4627 ὁ
991 4573 1166 4644 ἥλιος,
1211 4571 1320 4624 τῶν
1365 4569 1421 4622 δέ
1463 4570 1564 4640 τῆς
1613 4565 1969 4636 δημιουργίας

391 4669 662 4743 λαμπρῶν
705 4666 881 4740 ἔργων
929 4665 957 4716 ὁ
1003 4661 1252 4734 πρῶτος·
1303 4659 1493 4729 ἐπειδὴ
1533 4655 1628 4710 καὶ
1665 4653 1758 4708 τοῦ
1798 4653 1972 4725 πυρὸς

394 4765 429 4835 ἡ
453 4761 614 4832 φύσις
639 4757 893 4813 ἀπάντων
923 4772 987 4823 γε
1020 4753 1084 4807 ἂν
1119 4750 1365 4826 εὑρεθείη
1398 4747 1777 4819 λαμπροτέρα.

465 4851 687 4908 Πάντων
715 4847 824 4920 γὰρ
865 4846 974 4899 τῶν
1019 4844 1194 4898 ἄλλων
1239 4840 1515 4911 στοιχείων
1548 4839 1700 4892 κάτω
1740 4835 1947 4908 φερομέ

395 4963 521 5014 νων,
557 4943 616 4998 τὸ
656 4942 766 5013 πῦρ
796 4940 955 5011 μόνον
995 4940 1106 5000 τοῖς
1149 4935 1246 5007 μὲν
1275 4935 1530 4994 καυστοῖς
1571 4929 1830 5000 ἐπιπηδᾷ,
1864 4929 1975 4982 ἀνω

396 5039 453 5093 δὲ
475 5037 544 5091 τὰ
572 5035 751 5089 πάντα
774 5031 871 5103 τὴν
899 5029 1124 5100 πορείαν
1151 5026 1284 5097 ἔχει,
1319 5023 1608 5093 λεπτότητι
1651 5019 1978 5088 κουφιζόμε-

398 5148 508 5196 νον,
535 5128 630 5182 καὶ
655 5122 814 5179 αὑτόν
845 5139 906 5192 γε
933 5121 1023 5174 τὸν
1049 5120 1184 5190 ἀέρα
1226 5116 1525 5188 βαρύτατον
1549 5111 1868 5182 ἀπελέγχον,
1899 5108 1975 5180 τῷ

398 5237 463 5289 γε
521 5217 869 5289 ὑπερϐαίνειν
917 5211 1111 5266 αὑτόν·
1158 5211 1233 5273 ὡς
1283 5207 1378 5262 καὶ
1418 5206 1608 5259 τούτου
1653 5200 1976 5270 λεπτότερον

399 5309 794 5379 διαφαίνεσθαι,
830 5303 1119 5374 συγγενείᾳ
1155 5305 1222 5373 τῇ
1267 5300 1402 5373 πρὸς
1435 5297 1524 5350 τὸν
1554 5297 1726 5368 ἥλιον.
1780 5292 1838 5345 '0
1871 5290 1980 5344 τοί-

400 5419 498 5458 νυν
525 5402 714 5471 Μάνης
747 5397 1062 5461 ἐκθειάζων,
1094 5395 1168 5458 ὠς
1202 5393 1302 5463 τῆς
1328 5391 1542 5462 φύσεως
1563 5388 1692 5442 ὄντα
1722 5385 1816 5439 τοῦ
1844 5385 1980 5451 ἀγα·

402 5493 498 5548 θοῦ
525 5494 614 5547 τὸν
649 5491 821 5563 ἦλιον,
862 5487 1162 5544 κινδυνεύει
1210 5483 1488 5556 πυροειδῆ,
1543 5479 1740 5552 μᾶλλον
1781 5477 1838 5530 δὲ
1883 5491 1980 5528 σα-

406 5585 522 5656 φῶς
548 5582 786 5637 τοιοῦτον
831 5577 897 5652 δή
931 5596 1052 5633 τινα
1097 5576 1190 5630 τὸν
1230 5573 1433 5643 ἀγαθὸν
1484 5572 1744 5639 εἰσάγειν.
1790 5568 1978 5631 ’Ἥλιος

401 5679 513 5750 γὰρ
557 5676 656 5747 τῆς
706 5669 914 5744 θερμῆς
963 5671 1224 5741 ὑπάρχων
1270 5666 1478 5730 οὐσίας,
1523 5666 1589 5734 τῇ
1624 5662 1769 5716 θέσει
1811 5659 1980 5730 πυρὸς

405 5768 648 5838 διαφέρει
667 5785 679 5797 ·
704 5767 770 5835 τῇ
798 5762 1046 5833 ἐνεργείᾳ
1077 5758 1239 5813 ταὺτὸ
1271 5757 1391 5828 δρᾷ,
1419 5758 1469 5808 εί
1514 5755 1595 5827 μὴ
1627 5754 1727 5824 τῆς
1765 5750 1978 5804 διαστά-

727 5857 999 5916 ΡΑτιιοι..
1035 5849 1156 5910 Gn.
1208 5846 1440 5910 XVIII.

2069 4551 2368 4606 creationis‘
2415 4549 2596 4618 ipsum
2649 4547 2908 4617 primum,
2959 4539 3230 4614 siquidem
3273 4537 3471 4594 natura
3508 4537 3650 4610 ignis

2072 4642 2414 4715 splendidior
2447 4648 2534 4698 est
2560 4639 2839 4719 omnibus.

2143 4824 2280 4880 Cum
2339 4822 2484 4878 enim
2535 4819 2719 4875 omnia
2767 4817 2870 4871 alia
2922 4815 3191 4871 elementa
3257 4808 3514 4868 deorsum
3568 4809 3650 4864 fe-

2073 4923 2293 4978 rantur,
2331 4914 2482 4968 solus
2516 4911 2658 4981 ignis
2683 4910 2737 4963 in
2770 4921 2833 4963 ea
2865 4905 3222 4976 quidemquae
3249 4899 3498 4958 comburi
3521 4903 3651 4981 pas;-

2076 5017 2226 5071 sunt,
2260 5004 2506 5066 insultat,
2525 5011 2747 5058 sursum
2772 5014 2902 5054 vero
2925 5011 3088 5067 supra
3120 4995 3304 5051 omnia
3325 4992 3497 5048 fertur
3518 4991 3651 5047 levi—

2076 5110 2182 5156 tate
2205 5105 2324 5162 sua,
2347 5101 2639 5163 acremque
2661 5085 2839 5162 ipsum
2864 5089 3143 5146 convincit
3172 5086 3477 5159 graviorem
3504 5098 3648 5148 esse,

2076 5193 2205 5264 quia
2237 5199 2402 5260 supra
2433 5203 2556 5244 eum
2585 5187 2640 5241 in
2670 5185 2903 5240 sublime
2943 5183 3135 5249 fertur,
3178 5188 3238 5235 ut
3283 5176 3536 5235 subtilior
3575 5185 3652 5231 te-

2079 5287 2351 5354 nuiorque
2380 5287 2640 5351 appareat
2686 5291 2851 5348 quam
2881 5290 2974 5331 aer
3008 5280 3232 5346 propter
3273 5269 3650 5340 cognationem

2079 5390 2203 5431 cum
2229 5375 2364 5430 sole.
2391 5371 2546 5426 Unde
2569 5367 2898 5423 Manicltaaus
2919 5381 3043 5420 cum
3069 5365 3238 5420 solem
3264 5362 3394 5416 facit
3408 5359 3654 5416 divinum

2080 5475 2340 5538 tanquam
2379 5478 2446 5519 ex
2473 5469 2671 5517 natura
2699 5459 2848 5527 boni,
2891 5457 3107 5512 videtur
3149 5454 3382 5509 similem
3426 5450 3538 5521 igni
3569 5447 3654 5502 fa-

2082 5576 2229 5624 cere,
2253 5560 2364 5612 imo
2385 5556 2549 5611 talem
2588 5553 2900 5624 quemdam,
2940 5548 3118 5620 qualis
3154 5555 3240 5602 est
3267 5543 3433 5616 ignis,
3478 5541 3656 5596 intro-

2083 5651 2254 5709 ducit.
2280 5648 2376 5704 Sol
2420 5648 2568 5703 enim
2611 5643 2931 5701 substantiae
2960 5637 3172 5705 calidae,
3221 5637 3290 5692 ab
3319 5637 3445 5706 igne
3477 5631 3657 5687 differt

2083 5747 2151 5816 τῇ
2185 5743 2327 5796 θέσει
2350 5758 2366 5806 ;
2389 5739 2674 5796 efﬁcientia
2704 5750 2836 5792 vero
2870 5734 3015 5789 idem
3045 5739 3322 5802 operatur,
3361 5724 3468 5780 nisi
3510 5737 3656 5779 men-

3341 5821 3419 5880 38
