4100 6426
482 310 625 369 ιιοδ

1614 308 1750 362 TITI
1791 302 2216 363 BOSTRENSIS
2255 300 2561 356 EPISCUPI

3595 300 3732 354 H96

479 439 611 481 sura
646 423 916 479 distantiae
968 436 1030 476 ea
1051 437 1172 491 qua:
1218 428 1346 476 sunt
1396 421 1669 490 opposita,
1718 438 1748 476 a
1792 422 2034 476 validiori

2160 436 2295 481 σεως
2317 418 2376 469 τὸ
2405 417 2599 487 μέτρον
2624 413 2868 485 ἐξῃρεῖτο
2892 412 2958 466 τὰ
2984 413 3360 484 παρακείμενα
3382 413 3479 484 τῆς
3508 414 3735 486 ἀκμαιο-

477 516 626 588 jactu
677 517 952 570 radiorum
1002 513 1275 569 defendat.
1315 514 1571 579 Quinimo
1615 515 1871 569 omnibus
1933 514 2051 567 ani-

482 610 754 664 mantibus
794 616 848 663 et
891 608 1155 677 stirpibus
1208 621 1412 661 nocens
1465 606 1894 667 existimaretur,
1938 605 2049 659 nisi

481 703 642 757 simul
671 702 775 754 alia
820 716 947 754 cum
987 714 1052 754 eo
1097 698 1395 753 fabricator
1447 695 1637 750 mundi
1671 696 1738 749 ad
1785 695 2048 749 auxilium

479 796 716 858 fecisset,
745 809 865 863 qua:
897 793 1104 847 faciunt
1130 808 1199 846 ne
1248 791 1404 844 nobis
1436 799 1488 844 et
1518 789 1641 843 aliis
1677 788 2047 855 animantibus

478 894 705 953 noceat;
743 885 857 939 hate
892 892 1074 939 autem
1113 891 1240 939 sunt
1274 883 1497 935 latibula
1545 890 1599 936 et
1630 889 1812 948 tecta;
1867 881 2046 950 stirpi-

476 977 580 1034 bus
608 991 738 1032 vero
769 990 922 1045 aqua;
955 983 1083 1030 sunt
1112 974 1315 1028 auxilio
1349 981 1402 1028 et
1434 972 1592 1028 ﬂatus
1627 982 1936 1028 ventorum.

542 1156 723 1223 Quare
746 1157 843 1226 qui
871 1154 1133 1210 definiunt
1166 1168 1287 1208 esse
1315 1152 1567 1223 quintum
1597 1152 1925 1206 elementum
1961 1166 2044 1206 so~

474 1247 601 1313 lem,
638 1262 706 1302 ne
736 1254 925 1301 contra
955 1262 1017 1301 ea
1048 1260 1169 1315 quae
1196 1246 1340 1298 clara
1374 1252 1521 1308 sunt,
1567 1244 1915 1299 contensiose
1940 1245 2045 1300 dis-

474 1346 700 1408 putent;
745 1352 845 1392 nec
900 1338 1008 1389 ulla
1051 1335 1186 1390 ﬁdes
1228 1336 1490 1389 habeatur
1524 1334 1822 1389 Manichteo
1871 1337 2044 1390 scele-

474 1430 716 1486 stissimo
744 1435 797 1484 et
832 1428 886 1499 in
914 1426 1082 1481 Deum
1101 1427 1440 1496 blasphemo,
1474 1427 1565 1496 qui
1597 1428 1765 1481 solem
1789 1442 1912 1482 cum
1935 1426 2042 1481 Deo

471 1521 702 1584 confert,
749 1526 803 1574 et
846 1534 911 1573 ex
968 1519 1276 1574 substantia
1327 1520 1448 1588 eius
1500 1534 1623 1573 esse
1666 1519 1816 1572 dicit.
1871 1518 2042 1573 Omne

471 1614 615 1666 enim
648 1611 797 1682 quod
839 1611 943 1665 sub
1002 1618 1279 1680 aspectum
1315 1611 1482 1675 cadit,
1526 1627 1649 1665 cum
1704 1612 1776 1666 sit
1816 1626 2037 1681 corpus,

472 1710 665 1756 natura
690 1703 1004 1772 oppositum
1038 1711 1123 1756 est
1160 1700 1541 1771 inaspectabili
1588 1710 1640 1755 et
1676 1701 2035 1772 incorporeo;

2152 511 2315 581 τέρας
2359 506 2524 560 αὑτοῦ
2574 504 2898 577 προσϐολῆς.
2936 504 3101 556 Ἀλλά
3143 505 3248 576 μὴν
3277 504 3381 558 κᾶν
3421 508 3532 569 τοῖς
3565 510 3731 562 πᾶσιν

2152 599 2434 663 ἐπίϐουλος
2464 597 2720 669 ἐνομίσθη
2745 594 2902 659 ζώοις
2925 613 2982 648 τε
3013 597 3106 649 καὶ
3148 599 3353 663 φυτοῖς,
3400 597 3449 648 εί
3491 597 3565 669 μὴ
3609 616 3733 670 συγ..

2150 693 2573 762 κατεσκευάσθη
2608 710 2671 761 γε
2701 690 2849 761 αὐτῷ
2888 692 3036 762 παρά
3063 690 3155 743 τοῦ
3207 689 3544 762 Δημιουργοῦ
3593 690 3730 763 πρὸς

2149 788 2467 857 ἐπικουρίαν
2494 786 2675 856 ἔτερα,
2701 784 2766 836 δι’
2795 776 2868 837 ὧν
2909 782 2970 835 τὸ
3004 782 3138 854 πρὸς
3160 781 3310 853 ἥλιον
3334 782 3573 851 ἀσφαλὲς
3595 783 3730 852 ἡμῖν

2146 895 2205 931 τε
2252 881 2346 933 καὶ
2379 881 2490 941 τοῖς
2522 877 2702 939 ἄλλοις
2733 874 3004 945 ὑπάρχει·
3040 873 3153 925 ἔστι
3190 872 3246 925 δὲ
3291 871 3461 925 ταῦτα
3495 871 3729 925 καταδύο

2151 989 2261 1035 σεις
2291 988 2349 1024 τε
2377 970 2473 1022 καὶ
2503 969 2723 1031 σκέπαι,
2766 966 2903 1039 πρὸς
2944 964 3001 1018 δὲ
3051 965 3144 1017 καὶ
3184 966 3371 1033 φυτοῖς
3417 964 3625 1017 ὑδάτων
3672 980 3733 1017 τε

2146 1062 2398 1135 χορηγίαι
2429 1062 2523 1114 καὶ
2557 1060 2775 1130 ἀνέμων
2798 1057 2978 1112 πνοαί.

2222 1156 2379 1206 Ὥστε
2414 1155 2507 1207 καὶ
2551 1155 2600 1205 οί
2645 1152 2894 1221 πέμπτον
2943 1152 3204 1220 στοιχεῖον
3243 1147 3549 1220 ὁριζόμενοι
3590 1144 3730 1201 εἶναι

2143 1245 2233 1298 τὸν
2259 1244 2429 1314 ἥλιον,
2456 1243 2592 1313 πρὸς
2615 1260 2680 1312 γε
2713 1243 2780 1296 τὰ
2810 1242 2954 1312 σαφῆ
2989 1240 3062 1311 μὴ
3088 1237 3549 1308 φιλονεικούντων,
3575 1239 3726 1301 ὲς....

2144 1337 2237 1389 καλ⁵
2264 1335 2435 1399 οὕτως
2470 1334 2629 1397 αὐτὸς
2660 1335 2687 1386 ὁ
2718 1331 3075 1403 χαλεπώτατα
3109 1331 3320 1401 μανεὶς,
3341 1329 3431 1382 τὸν
3461 1329 3568 1383 τῶν
3590 1329 3727 1382 ὅλων

2141 1426 2478 1498 Δημιουργὸν
2520 1424 2881 1495 βλασφημῶν,
2930 1423 3126 1493 ἣκιστα
3192 1420 3525 1473 πιστευέσθω
3576 1420 3727 1489 ἦλιον

2146 1519 2449 1589 συγκρίνων
2479 1518 2618 1587 Θεῷ,
2656 1518 2749 1570 καὶ¹
2781 1519 2843 1569 ὲκ
2888 1516 2987 1585 τῆς
3024 1513 3208 1576 οὐσίας
3254 1512 3415 1567 αὐτοῦ
3459 1513 3632 1582 λέγων
3658 1507 3731 1565 εἷ-

2142 1627 2229 1663 ναι
2263 1609 2484 1663 τοῦτον·
2529 1611 2635 1661 πᾶν
2675 1610 2784 1680 γὰρ
2833 1607 3046 1680 ὁρατὸν,
3091 1607 3184 1659 ᾶτε
3223 1605 3286 1676 δὴ
3326 1604 3484 1676 σῶμα
3525 1604 3728 1676 τυγχά-

2142 1720 2255 1766 νον,
2288 1701 2665 1755 ἀντιτέτακται
2709 1699 2867 1769 φύσει
2911 1699 2989 1771 τῷ
3021 1698 3235 1770 ἀοράτῳ
3275 1698 3371 1750 καὶ
3410 1697 3721 1768 ἀσωμάτῳο

469 1794 627 1863 cujus
659 1766 796 1864 opus
826 1809 949 1849 esse
977 1801 1176 1863 potest,
1211 1799 1265 1847 et
1284 1766 1526 1864 quidem
1569 1807 1707 1863 opus
1743 1794 1900 1849 valde
1939 1793 2034 1847 mi-

2144 1786 2207 1847 οὗ
2252 1794 2409 1865 ἔργον
2456 1795 2554 1865 μὲν
2603 1766 2740 1846 εἶναι
2794 1766 3035 1856 δύναται,
3083 1766 3176 1844 καὶ
3209 1766 3366 1861 μάλα
3409 1806 3472 1859 γε
3520 1766 3727 1860 θαυμάο

468 1888 659 1953 rabile,
702 1886 1113 1942 similitudinem
1157 1899 1284 1939 vero
1332 1893 1539 1940 naturae
1578 1887 1782 1940 nullam
1840 1887 2043 1943 habere

460 1962 683 2054 potest.

540 2070 706 2127 Valde
735 2069 949 2125 diilicile
987 2079 1131 2126 esset
1172 2086 1516 2139 enumerare,
1562 2086 1899 2143 quaecunque
1938 2071 2042 2126 im-

468 2162 558 2234 pia
583 2163 674 2218 hic
703 2162 902 2234 planus
920 2163 1078 2217 libris
1116 2164 1230 2218 suis
1262 2164 1526 2231 inseruit;
1553 2165 1868 2234 vituperans
1895 2165 2042 2220 enim

465 2268 556 2309 res
602 2268 792 2309 omnes
833 2261 1092 2322 tanquam
1146 2255 1342 2318 malas,
1405 2253 1619 2309 fructus
1668 2256 1829 2310 etiam
1882 2263 2042 2312 terrae

467 2356 728 2415 tanquam
762 2345 1026 2401 nutritios
1059 2347 1303 2401 materiae
1322 2355 1548 2403 accusat
1577 2366 1590 2400 :
1620 2361 1683 2402 ac
1718 2348 1888 2405 solem
1920 2350 2041 2420 qui-

466 2437 591 2492 dem
622 2436 948 2500 admiratur,
981 2444 1035 2490 et
1052 2452 1115 2491 ex
1150 2438 1294 2492 bono
1310 2454 1433 2495 esse
1454 2440 1739 2507 decernit;
1765 2456 1888 2511 quae
1910 2457 2041 2497 vero

466 2525 563 2578 alit
592 2525 796 2588 calore,
815 2526 1014 2608 stirpes
1040 2527 1161 2581 dico
1177 2537 1233 2583 et
1254 2530 1486 2593 semina,
1513 2544 1621 2584 non
1658 2531 1823 2599 pudet
1848 2532 2043 2587 acerbe

463 2615 797 2683 vituperare,
833 2630 953 2685 qua:
983 2616 1203 2686 quidem
1234 2619 1354 2675 sine
1383 2619 1501 2674 sole
1529 2619 1624 2689 qui
1655 2635 1686 2673 a
1719 2618 1831 2674 Deo
1860 2620 2040 2677 factus

463 2712 568 2768 est.
606 2706 831 2761 omnino
862 2723 971 2764 non
1010 2710 1394 2765 consisterent.
1427 2708 1580 2765 Sicut
1614 2712 1758 2767 enim
1791 2712 1926 2766 nihil
1950 2712 2045 2783 ju-

461 2805 617 2853 varet
658 2799 762 2863 sol,
795 2800 905 2856 nisi
938 2800 1142 2857 imbres
1194 2801 1421 2858 arbores
1450 2801 1745 2872 irrigarent
1791 2811 1846 2859 et
1877 2805 2040 2861 utiles

461 2891 611 2945 venti
636 2890 966 2959 perflat-ent:
997 2893 1080 2949 sic
1116 2893 1320 2949 imbres
1355 2900 1411 2948 et
1445 2895 1553 2948 alia
1587 2893 1707 2949 sine
1750 2894 1866 2951 sole
1901 2894 2041 2951 nihil

459 2979 737 3052 iuvarent.

2060 3126 2107 3185 C

2145 1901 2258 1938 σιον
2288 1884 2467 1956 ἔργον,
2510 1885 2804 1955 ὁμοιότητα
2846 1883 2902 1937 δὲ
2940 1882 3155 1953 φύσεως
3202 1880 3338 1953 πρὸς
3376 1881 3539 1935 αὑτὸν
3577 1883 3726 1936 οὐδε-

2146 1977 2271 2046 μίαν
2303 1978 2467 2048 ἔχειν.

2215 2071 2354 2123 Ὅσα
2382 2072 2481 2142 μὲν
2499 2066 2592 2125 οῦν
2620 2074 2649 2125 ὁ
2676 2070 2875 2135 πλάνος
2900 2069 3201 2125 ἐντέθεικεν
3235 2068 3404 2140 ἀσεϐῆ
3438 2070 3550 2133 τοῖς
3574 2070 3724 2135 ἰδίοις

2144 2164 2562 2233 συγγράμμασι,
2602 2164 2735 2217 πολὺ
2766 2164 2831 2217 ἂν
2857 2164 3015 2235 ἔργον
3032 2163 3118 2234 εἴη
3141 2160 3499 2234 καταριθμεῖν
3518 2180 3531 2191 ο
3562 2162 3726 2215 λοιδο-

2146 2256 2403 2328 ρούμενος
2434 2255 2543 2326 γὰρ
2572 2258 2685 2319 τοῖς
2715 2251 2865 2308 οῦσιν
2896 2256 3095 2309 ἅπασιν
3120 2254 3196 2317 ὡς
3228 2258 3439 2319 κακοῖς,
3471 2254 3566 2308 καὶ
3593 2255 3721 2317 τοὺς

2142 2350 2388 2421 καρποὺς
2416 2351 2541 2414 τοὺς
2573 2349 2680 2403 ἀπὸ
2701 2351 2803 2421 γῆς
2831 2350 2945 2421 ἅμα
2969 2348 3261 2413 διαϐάλλει,
3293 2350 3368 2414 ὡς
3396 2350 3723 2422 θρεπτικοῦς

2139 2443 2239 2513 τῆς
2277 2440 2409 2511 ὕλης
2433 2459 2445 2472 ·
2479 2442 2574 2495 καὶ
2602 2442 2751 2513 ἥλιον
2788 2442 2886 2512 μὲν
2917 2439 3349 2512 ὑπερθαυμάζει,
3392 2441 3486 2495 καὶ
3528 2442 3593 2494 ἐκ
3627 2438 3721 2493 τοῦ

2141 2530 2348 2600 ἀγαθοῦ
2390 2549 2455 2600 γε
2495 2528 2654 2596 εἶναι,
2694 2531 2773 2595 ὥς
2804 2549 2956 2602 φησι,
3004 2531 3331 2602 διορίζεταιο
3363 2532 3399 2586 ἀ
3440 2532 3496 2585 δὲ
3533 2532 3722 2604 τρέφει

2142 2622 2449 2694 θερμαίνων
2479 2624 2622 2693 φυτά
2635 2641 2695 2678 τε
2722 2626 2817 2678 καὶ
2844 2626 3154 2694 σπέρματα,
3184 2625 3397 2697 πικρῶς
3417 2627 3517 2680 οὐκ
3543 2625 3724 2697 αἰσχύ-

2141 2731 2289 2768 νεται
2325 2714 2585 2780 κακίζων,
2619 2715 2762 2787 ἅπερ
2792 2716 2892 2769 οὐκ
2922 2716 2988 2771 ἀν
3015 2718 3244 2788 συνέστη
3268 2717 3547 2781 παντελῶς
3569 2717 3723 2790 ἡλίου

2139 2804 2260 2877 δίχα
2312 2805 2448 2877 πρὸς
2497 2804 2632 2859 Θεοῦ
2681 2807 3067 2878 γεγενημένου.
3123 2808 3212 2872 Ὠς
3293 2807 3403 2880 γάρ
3447 2809 3602 2863 οὐδὲν
3653 2809 3723 2864 ἀν

2141 2895 2349 2967 ὤνησεν
2390 2896 2559 2968 ἥλιος,
2602 2898 2653 2951 εἰ
2701 2896 2777 2968 μὴ
2825 2897 3047 2970 ϐμϐρων
3088 2899 3314 2970 ἦρδευον
3356 2901 3612 2973 χορηγίαι
3651 2900 3723 2955 τὰ

2140 2985 2307 3055 φυτὰ,
2329 2986 2425 3039 καὶ
2442 2985 2657 3057 ἀνέμων
2679 2985 2969 3057 ὠφελίμων
2990 2986 3294 3042 διεσάλευον
3325 2990 3517 3043 πνοαί·
3549 2988 3723 3056 οὕτως

2144 3074 2210 3130 ἂν
2240 3076 2436 3150 ὄμϐροι
2470 3077 2565 3133 καὶ
2601 3077 2670 3134 τὰ
2711 3078 2846 3134 ἀλλα
2870 3077 3021 3152 ἡλίου
3054 3079 3177 3152 δίχα
3212 3080 3494 3155 ὠφέλησεν
3521 3083 3588 3138 ἂν
3630 3084 3724 3138 οὐ·

2144 3168 2252 3225 δέν.

1213 3287 1340 3343 ΟΑΡ.
1380 3288 1598 3346 XXXII.
1635 3290 1842 3349 Imbres
1873 3296 2174 3356 utilissimi.
2208 3301 2286 3358 De
2311 3303 2391 3359 his
2418 3302 2650 3361 Hanetis
2680 3309 2964 3362 sattentia.

518 3403 623 3458 ille
652 3402 820 3473 igitur
850 3401 1015 3457 etiam
1044 3402 1135 3457 hic
1178 3404 1531 3462 vehementer
1571 3422 1757 3463 secum
1800 3421 2032 3483 pugnat,

457 3508 731 3550 accusans
759 3492 1022 3563 graviter,
1066 3501 1120 3548 et
1160 3492 1229 3547 ad
1272 3497 1574 3566 nequitiam
1633 3500 1877 3558 referens
1920 3503 2036 3559 fru-

458 3594 580 3642 ctus
605 3595 765 3641 terrae
787 3600 817 3638 a
841 3584 956 3639 sole
987 3584 1229 3654 alioquin
1252 3597 1467 3653 auctos,
1486 3604 1648 3659 quem
1678 3592 1837 3647 valde
1854 3594 2035 3650 admi-

456 3686 612 3733 ratur
643 3687 698 3732 et
741 3677 994 3730 honorat.
1039 3674 1246 3732 Imbres
1285 3677 1418 3732 dicit
1459 3695 1583 3738 esse
1616 3682 2035 3752 superﬂuentias

458 3768 751 3841 praesidum
784 3767 1043 3831 materiae,
1075 3768 1168 3838 qui
1190 3784 1255 3824 ex
1281 3784 1465 3826 amore
1495 3772 1743 3828 laborant
1772 3774 2035 3833 adversus

457 3867 758 3932 petestates
800 3858 961 3913 boni:
1011 3858 1101 3929 qui
1168 3874 1291 3913 cum
1340 3863 1416 3915 ita
1476 3862 1745 3928 laborent,
1800 3867 2029 3925 sudores

457 3965 648 4006 eorum
683 3964 805 4004 esse
838 3947 1046 4015 definit,
1085 3948 1138 4003 id
1166 3950 1311 4020 quod
1348 3951 1405 4005 in
1448 3953 1551 4018 eis,
1591 3962 1649 4008 ut
1685 3955 1799 4026 ipse
1849 3965 2027 4029 putat,

454 4041 696 4098 abundat
719 4049 782 4096 .et
806 4040 1109 4113 superfluit.

527 4133 730 4190 Nititur
758 4136 921 4190 etiam
951 4134 1169 4200 docere,
1207 4152 1647 4208 supervacaneos
1670 4155 1791 4195 esse
1825 4139 2031 4198 imbres

456 4230 512 4283 in
532 4243 682 4283 mare
725 4235 779 4283 et
828 4229 885 4283 in
921 4228 1040 4282 loca
1080 4230 1194 4284 sola
1231 4237 1304 4295 _et
1341 4244 1461 4300 quae
1511 4245 1622 4285 non
1667 4231 2028 4298 seminantur,

454 4315 769 4385 ellluentes;
816 4324 1076 4388 tanquam
1134 4319 1417 4374 advenerit
1466 4319 1535 4373 ad
1590 4321 2027 4376 ratiocinandum

2210 3419 2333 3490 ιΑρ’
2376 3415 2469 3475 οῦν
2504 3423 2709 3486 ἐκεῖνος
2759 3424 2994 3496 ἰσχυρῶς
3042 3423 3224 3497 ἑαυτῷ
3271 3428 3367 3481 καὶ
3414 3419 3516 3483 ὧδε
3551 3431 3720 3503 μάχε-

2134 3527 2245 3574 ται,
2289 3512 2502 3585 πικρῶς
2549 3513 2850 3569 διαϐάλλων
2906 3517 2988 3580 εἰς
3030 3516 3229 3572 κακίαν
3276 3518 3405 3584 τοὺς
3458 3520 3566 3575 ἀπὸ
3611 3522 3717 3595 γῆς

2137 3605 2402 3676 καρποὺς,
2444 3605 2532 3658 διὰ
2562 3606 2713 3678 ἡλίου
2746 3624 2809 3675 γε
2857 3607 3277 3681 αὐξανομένους,
3313 3610 3373 3664 δν
3406 3612 3547 3667 πάνυ
3587 3613 3717 3668 θαυ-

2140 3696 2298 3765 μάζει
2325 3697 2419 3750 καὶ¹
2447 3700 2600 3769 τιμᾷ.
2622 3700 2772 3763 Τοὺς
2813 3699 2869 3753 δὲ
2907 3700 3146 3773 ὄμϐρους
3192 3702 3544 3772 περιττὼσεις
3574 3700 3714 3761 εἶναι

2136 3784 2328 3854 λέγων,
2359 3786 2453 3840 καὶ
2488 3787 2595 3840 τῶν
2624 3789 2898 3860 ἀρχόντων
2921 3792 3017 3862 τῆς
3049 3791 3181 3863 ῦλης
3205 3793 3552 3865 ὲρωτιὼντων
3578 3796 3715 3870 πρὸς

2135 3876 2233 3941 τὰς
2266 3878 2357 3931 τοῦ
2399 3880 2603 3947 ἀγαθοῦ
2642 3880 2922 3953 δυνάμεις·
2962 3883 3057 3937 καὶ
3100 3883 3243 3939 οὕτω
3279 3886 3341 3956 δὴ
3373 3888 3711 3957 καμνόντων,

2140 3969 2367 4039 ἱδρῶτας
2395 3972 2590 4036 αὐτοὺς
2630 3969 2766 4026 εἶναι
2805 3975 3172 4047 διοριζὸμενος
3212 3978 3270 4029 τὸ
3306 3980 3576 4049 παρέλκον
3615 3982 3714 4035 αύ-

2136 4059 2264 4125 τῶν,
2298 4062 2372 4126 ὡς
2405 4063 2567 4125 αὐτὸς
2597 4064 2788 4119 οἴεται.

2202 4153 2312 4205 Καὶ
2354 4152 2415 4205 τὸ
2449 4153 2701 4225 περιττὸν
2744 4157 2999 4227 πειρᾷται
3044 4157 3337 4224 δεικνύναι,
3370 4158 3431 4213 τὸ
3476 4163 3570 4215 καὶ
3610 4162 3710 4234 τὴν

2134 4241 2400 4297 θάλατταν
2451 4245 2545 4298 καὶ
2578 4246 2676 4316 τὴν
2728 4245 2930 4317 ἔρημόν
2970 4265 3030 4301 τε
3078 4250 3172 4302 καὶ
3218 4249 3455 4321 ἄσπορον
3497 4250 3706 4317 ὕεσθαι,

2133 4333 2318 4406 ὥσπερ
2343 4352 2429 4397 τις
2475 4336 2706 4407 ἀκριϐὴς
2739 4336 2993 4408 λογιστὴς
3036 4338 3180 4393 κατὰ
3223 4340 3356 4394 Θεοῦ
3399 4341 3704 4414 παρελθὼν,

454 4410 744 4480 diligenter
772 4418 965 4464 contra
987 4409 1176 4475 Deum,
1208 4412 1368 4481 quasi
1404 4411 1611 4466 frustra
1641 4421 1695 4467 ct
1719 4413 1943 4484 profuse
1963 4430 2027 4469 ac

2137 4425 2203 4488 ὡς
2239 4427 2415 4496 μάτην
2447 4428 2539 4480 καὶ
2569 4426 2791 4492 ἀσώτως
2820 4428 3200 4495 ἀναλίσκοντος
3230 4429 3337 4485 τῶν
3373 4432 3580 4486 ὑδάτων
3605 4434 3710 4504 τὴν

452 4500 680 4570 prodige
719 4515 889 4570 aquas
920 4509 1228 4567 consumat,
1251 4501 1346 4572 qui
1384 4518 1495 4572 prae
1538 4519 1752 4558 summa
1790 4505 2027 4559 amentia

452 4604 564 4644 non
597 4589 766 4654 videt,
793 4589 924 4659 quid
955 4588 1126 4643 Deum
1157 4588 1369 4644 deceat.
1397 4587 1554 4654 Quod
1595 4588 1642 4644 si
1681 4588 1823 4644 Deus
1869 4590 2027 4659 ineps

453 4697 720 4753 aquarum
742 4690 910 4744 esset.
951 4679 1153 4736 faceret
1193 4679 1483 4749 diligenter
1515 4687 1573 4734 ut
1621 4681 2029 4737 accommodate

454 4775 520 4828 ad
555 4788 715 4829 nsum
739 4780 794 4827 et
816 4772 1201 4826 necessitatem
1233 4770 1538 4826 etlluerent.
1573 4768 1682 4825 Sed
1713 4772 1841 4842 quia
1873 4774 2026 4830 dives

451 4872 557 4928 est,
591 4872 645 4919 et
681 4872 791 4918 tam
818 4862 993 4928 dives,
1020 4870 1289 4933 quantum
1332 4877 1497 4917 nemo
1538 4848 1787 4919 oratione
1832 4880 2027 4922 conse-

453 4960 545 5029 qui
571 4965 767 5029 potest,
794 4957 906 5011 ιιωο
940 4957 1057 5027 ipsa
1089 4956 1373 5011 abundans
1391 4954 1653 5011 imbrium
1688 4956 1906 5012 eflluxio
1927 4959 2025 5014 de-

451 5057 723 5104 monstrat
746 5064 892 5102 mare
909 5064 975 5103 ex
1007 5063 1115 5116 quo
1147 5063 1300 5117 aqua:
1330 5048 1386 5101 in
1417 5062 1597 5104 aerem
1634 5047 1906 5114 feruntur,
1927 5066 2024 5121 per

452 5141 656 5197 imbres
670 5140 916 5211 irrigare.
952 5139 1199 5194 Solitudo
1225 5154 1353 5194 vero
1390 5147 1442 5195 et
1480 5141 1635 5195 locus
1669 5143 1764 5211 qui
1790 5158 1895 5195 non
1928 5159 2022 5197 ex-

452 5232 584 5302 cipit
610 5248 816 5295 semen,
842 5232 1155 5286 necessario
1192 5232 1430 5302 pluviam
1463 5232 1666 5302 accipit
1701 5232 1769 5286 ad
1818 5250 2022 5304 suppe-

450 5325 730 5379 ditandum
775 5325 1038 5389 fontibus,
1079 5333 1133 5381 et
1172 5326 1467 5398 aliquando
1512 5327 1617 5381 iter
1666 5326 2018 5394 facientibus,

451 5429 510 5477 ut
537 5418 814 5472 inveniant
838 5433 1010 5489 aquas
1048 5419 1327 5475 collectas.
1352 5418 1596 5489 Denique
1636 5428 1696 5473 ut
1740 5428 1886 5475 terra
1922 5436 2019 5475 ex-

451 5527 575 5580 pers
613 5512 807 5582 pluvia:
841 5515 953 5569 sole
999 5513 1234 5581 arderet,
1273 5529 1385 5569 non
1426 5514 1700 5583 sancivit;
1750 5522 1809 5569 ut
1845 5515 2018 5585 pluri-

452 5619 599 5657 mum
627 5605 772 5658 enim
797 5615 888 5660 aut
918 5621 1038 5677 per,»
1064 5604 1310 5670 flumina,
1361 5614 1455 5661 aut
1498 5592 1595 5676 per
1637 5606 1839 5661 imbres
1894 5606 2021 5661 uni-

452 5709 607 5750 versa
641 5704 782 5750 terra
808 5712 981 5754 rorem
1007 5697 1162 5753 aDeo
1190 5698 1405 5768 accipit.

2127 4517 2500 4589 παρασκευὴν,
2555 4518 2620 4571 δι’
2670 4519 2976 4592 ἀκροτάτην
3005 4520 3188 4576 ἄνοιαν
3227 4523 3288 4575 τὸ
3333 4524 3541 4595 πρέπον
3586 4524 3705 4595 Θεῷ

2130 4609 2204 4680 μὴ
2240 4608 2471 4677 βλέπωνο
2527 4610 2634 4676 Ὧς»
2662 4612 2710 4663 εἶ
2746 4611 2845 4682 μὲν
2888 4613 3162 4685 ὲπτώχευεε
3205 4618 3317 4679 τοῖς
3344 4614 3499 4671 ὕδασι
3550 4617 3703 4682 Θεὸς,

2126 4701 2326 4773 ἀκριϐῆ
2355 4703 2449 4757 καὶ
2471 4706 2536 4775 τῇ
2578 4703 2737 4775 χρείᾳ
2772 4705 3082 4779 σύμμετρον
3110 4710 3344 4761 ἐποιεῖτο
3373 4697 3576 4763 τούτων
3606 4710 3703 4780 τὴν

2126 4790 2363 4844 ἐπίδοσιν
2382 4808 2395 4822 ·
2436 4792 2624 4865 ἐπειδὴ
2658 4793 2716 4846 δὲ
2746 4793 2987 4860 πλουτεῖ,
3024 4796 3117 4850 καὶ
3145 4797 3267 4850 ὅσον
3301 4813 3362 4866 γε
3397 4797 3497 4850 οὐκ
3526 4796 3591 4851 ἄν
3618 4814 3703 4863 τις

2127 4883 2298 4935 εἰπεῖν
2326 4881 2562 4948 δύναιτο,
2604 4885 2735 4939 αὑτό
2769 4902 2831 4953 γε
2859 4885 3017 4939 τοῦτο
3046 4885 3107 4938 τὸ
3136 4886 3365 4956 ἄφθονον
3390 4888 3490 4958 τῆς
3528 4904 3706 4961 παρα-

2128 4973 2324 5043 σκευῆς
2362 4972 2623 5039 δείκνυσι,
2664 4974 2726 5027 τὸ
2758 4975 2852 5029 καὶ
2890 4975 3178 5042 θάλατταν,
3210 4976 3302 5046 ἀφ’
3340 4972 3408 5049 ἦς
3439 4978 3704 5047 ἀνακομί-

2126 5063 2207 5127 ζει
2252 5063 2386 5136 πρὸς
2432 5065 2571 5136 ἀέρα
2617 5064 2686 5119 τὰ
2739 5064 2923 5128 ὕδατα,
2963 5066 3049 5120 διὰ
3098 5067 3273 5136 νεφῶν
3322 5067 3587 5139 ἀρδεύειν.
3637 5070 3703 5122 Ἦ

2122 5154 2178 5207 δὲ
2216 5153 2416 5225 ἔρημός
2439 5173 2497 5207 τε
2532 5156 2623 5208 και
2650 5155 2889 5226 ἄσπορος
2922 5156 3233 5226 ἀναγκαίως
3260 5158 3413 5211 ὕεται
3441 5161 3577 5231 πρὸς
3606 5178 3683 5231 χει

2127 5249 2321 5318 ρηγίαν
2368 5247 2558 5320 πηγῶν
2581 5266 2592 5276 ·
2636 5248 2751 5301 ἔστι
2793 5247 2851 5301 δὲ
2883 5248 2970 5302 ὅτε
3002 5251 3234 5315 καὶτοῖς
3272 5251 3582 5322 παριοῦσιν,
3623 5253 3699 5315 ὡς

2126 5338 2191 5391 ἂν
2236 5340 2329 5391 καὶ
2375 5339 2526 5392 αὐτοί
2583 5356 2645 5407 γε
2686 5337 2895 5409 εὕροιεν
2934 5340 3140 5395 ὑδάτων
3193 5343 3535 5413 συστήματα.
3586 5345 3698 5398 Καὶ

2124 5432 2259 5495 ὅλως
2298 5432 2526 5503 ἄϐροχον
2559 5431 2663 5502 γῆν
2692 5432 2825 5504 ἡλίῳ
2859 5433 3150 5503 φλέγεσθαι
3187 5434 3345 5505 μόνον
3385 5435 3446 5489 οὔ
3477 5453 3698 5506 νενομο-

2125 5521 2349 5593 θέτηκεν
2381 5523 2456 5587 ὼς
2500 5523 2589 5575 ἐπὶ
2625 5522 2685 5575 τὸ
2725 5522 2889 5575 πολύ·
2929 5526 2961 5593 ἡ
2995 5523 3099 5595 γὰρ
3125 5522 3211 5576 διὰ
3247 5523 3508 5595 ποταμῶν
3539 5524 3571 5595 ἥ
3602 5524 3697 5595 δμ-

2125 5612 2268 5684 ϐρων
2300 5613 2487 5668 ἅπασα
2512 5615 2581 5684 γῆ
2612 5612 2746 5685 πρὸς
2776 5616 2909 5669 Θεοῦ
2935 5614 3137 5677 νοτίδος
3165 5613 3445 5668 ἀπολαύει.
