  <div class='ocr_page' id='page_1' title='image "/cluster/home/n/w/nwhite01/storage/ocr_20150623/18/coo.31924054872985/612.png"; bbox 0 0 4100 6474; ppageno 0'>
   <div class='ocr_carea' id='block_1_1' title="bbox 433 329 570 385">
    <p class='ocr_par' dir='ltr' id='par_1_1' title="bbox 433 329 570 385">
     <span class='ocr_line' id='line_1_1' title="bbox 433 329 570 385; baseline -0.007 -1"><span class='ocrx_word' id='word_1_1' title='bbox 433 329 570 385; x_wconf 78' lang='lat'><strong>“97</strong></span> 
     </span>
    </p>
   </div>
   <div class='ocr_carea' id='block_1_2' title="bbox 1510 314 2625 379">
    <p class='ocr_par' dir='ltr' id='par_1_2' title="bbox 1510 314 2625 379">
     <span class='ocr_line' id='line_1_2' title="bbox 1510 314 2625 379; baseline -0.001 -1"><span class='ocrx_word' id='word_1_2' title='bbox 1510 314 1877 378; x_wconf 80' lang='lat' dir='ltr'><strong>ADVERSUS</strong></span> <span class='ocrx_word' id='word_1_3' title='bbox 1931 318 2353 376; x_wconf 68' lang='lat' dir='ltr'><strong>MANICHEOS</strong></span> <span class='ocrx_word' id='word_1_4' title='bbox 2390 321 2517 379; x_wconf 91' lang='lat' dir='ltr'><strong>LIB.</strong></span> <span class='ocrx_word' id='word_1_5' title='bbox 2556 321 2625 377; x_wconf 85' lang='lat' dir='ltr'><strong>II.</strong></span> 
     </span>
    </p>
   </div>
   <div class='ocr_carea' id='block_1_3' title="bbox 3546 327 3685 385">
    <p class='ocr_par' dir='ltr' id='par_1_3' title="bbox 3546 327 3685 385">
     <span class='ocr_line' id='line_1_3' title="bbox 3546 327 3685 385; baseline 0.022 -3"><span class='ocrx_word' id='word_1_6' title='bbox 3546 327 3685 385; x_wconf 81' lang='lat' dir='ltr'><strong>H98</strong></span> 
     </span>
    </p>
   </div>
   <div class='ocr_carea' id='block_1_4' title="bbox 502 413 2005 488">
    <p class='ocr_par' dir='ltr' id='par_1_4' title="bbox 502 414 2005 488">
     <span class='ocr_line' id='line_1_4' title="bbox 502 414 2005 488; baseline -0.005 -15"><span class='ocrx_word' id='word_1_7' title='bbox 502 421 627 475; x_wconf 78' lang='grc' dir='ltr'>Εἴτε</span> <span class='ocrx_word' id='word_1_8' title='bbox 660 418 838 472; x_wconf 91' lang='grc' dir='ltr'>τοίνυν</span> <span class='ocrx_word' id='word_1_9' title='bbox 872 417 944 488; x_wconf 78' lang='grc' dir='ltr'>μὴ</span> <span class='ocrx_word' id='word_1_10' title='bbox 983 415 1185 487; x_wconf 82' lang='grc' dir='ltr'>βρέχοι,</span> <span class='ocrx_word' id='word_1_11' title='bbox 1219 416 1505 488; x_wconf 82' lang='grc' dir='ltr'><strong>πρόχειρος</strong></span> <span class='ocrx_word' id='word_1_12' title='bbox 1540 416 1621 479; x_wconf 87' lang='grc' dir='ltr'><strong>είς</strong></span> <span class='ocrx_word' id='word_1_13' title='bbox 1656 414 2005 486; x_wconf 74' lang='grc' dir='ltr'><strong>βλασφημίαν</strong></span> 
     </span>
    </p>
   </div>
   <div class='ocr_carea' id='block_1_5' title="bbox 2107 413 3685 488">
    <p class='ocr_par' dir='ltr' id='par_1_5' title="bbox 2184 413 3685 486">
     <span class='ocr_line' id='line_1_5' title="bbox 2184 413 3685 486; baseline 0.006 -17"><span class='ocrx_word' id='word_1_14' title='bbox 2184 413 2309 470; x_wconf 85' lang='lat' dir='ltr'><strong>Sive</strong></span> <span class='ocrx_word' id='word_1_15' title='bbox 2325 414 2497 483; x_wconf 72' lang='lat' dir='ltr'><strong>igitur</strong></span> <span class='ocrx_word' id='word_1_16' title='bbox 2528 430 2636 469; x_wconf 90' lang='lat' dir='ltr'><strong>non</strong></span> <span class='ocrx_word' id='word_1_17' title='bbox 2678 415 2850 485; x_wconf 89' lang='lat' dir='ltr'><strong>pluat,</strong></span> <span class='ocrx_word' id='word_1_18' title='bbox 2898 422 3100 486; x_wconf 75' lang='lat' dir='ltr'><strong>pra-sto</strong></span> <span class='ocrx_word' id='word_1_19' title='bbox 3127 423 3211 472; x_wconf 88' lang='lat' dir='ltr'><strong>est</strong></span> <span class='ocrx_word' id='word_1_20' title='bbox 3260 415 3590 475; x_wconf 62' lang='lat' dir='ltr'><strong>Manichacus</strong></span> <span class='ocrx_word' id='word_1_21' title='bbox 3630 430 3685 478; x_wconf 78' lang='lat' dir='ltr'><strong>et</strong></span> 
     </span>
    </p>
   </div>
   <div class='ocr_carea' id='block_1_6' title="bbox 429 505 2012 581">
    <p class='ocr_par' dir='ltr' id='par_1_6' title="bbox 429 505 2012 581">
     <span class='ocr_line' id='line_1_6' title="bbox 429 505 2012 581; baseline -0.006 -15"><span class='ocrx_word' id='word_1_22' title='bbox 429 517 459 567; x_wconf 86' lang='grc' dir='ltr'><strong>ό</strong></span> <span class='ocrx_word' id='word_1_23' title='bbox 491 510 648 581; x_wconf 77' lang='grc' dir='ltr'>ἀνὴρ,</span> <span class='ocrx_word' id='word_1_24' title='bbox 681 509 776 562; x_wconf 77' lang='grc' dir='ltr'><strong>καὶ</strong></span> <span class='ocrx_word' id='word_1_25' title='bbox 802 508 852 558; x_wconf 90' lang='grc' dir='ltr'>οἱ</span> <span class='ocrx_word' id='word_1_26' title='bbox 882 506 940 570; x_wconf 71' lang='grc' dir='ltr'>ἐξ</span> <span class='ocrx_word' id='word_1_27' title='bbox 971 505 1211 558; x_wconf 78' lang='grc' dir='ltr'>ἐκείνου·</span> <span class='ocrx_word' id='word_1_28' title='bbox 1243 506 1350 558; x_wconf 78' lang='grc' dir='ltr'>εἴτε</span> <span class='ocrx_word' id='word_1_29' title='bbox 1379 505 1581 577; x_wconf 81' lang='grc' dir='ltr'>βρέχοι,</span> <span class='ocrx_word' id='word_1_30' title='bbox 1611 505 1710 558; x_wconf 83' lang='grc' dir='ltr'><strong>οὑκ</strong></span> <span class='ocrx_word' id='word_1_31' title='bbox 1737 506 2012 575; x_wconf 80' lang='grc' dir='ltr'>ἀναχωρεῖ</span> 
     </span>
    </p>
   </div>
   <div class='ocr_carea' id='block_1_7' title="bbox 431 595 2011 675">
    <p class='ocr_par' dir='ltr' id='par_1_7' title="bbox 431 595 2011 675">
     <span class='ocr_line' id='line_1_7' title="bbox 431 595 2011 675; baseline -0.005 -19"><span class='ocrx_word' id='word_1_32' title='bbox 431 602 524 656; x_wconf 84' lang='grc' dir='ltr'><strong>τοῦ</strong></span> <span class='ocrx_word' id='word_1_33' title='bbox 559 602 733 672; x_wconf 83' lang='grc' dir='ltr'><strong>μάτην</strong></span> <span class='ocrx_word' id='word_1_34' title='bbox 778 597 1054 652; x_wconf 79' lang='grc' dir='ltr'>αἰτιᾶσθαι</span> <span class='ocrx_word' id='word_1_35' title='bbox 1100 597 1194 650; x_wconf 77' lang='grc' dir='ltr'><strong>καὶ</strong></span> <span class='ocrx_word' id='word_1_36' title='bbox 1232 596 1537 650; x_wconf 80' lang='grc' dir='ltr'>διαϐάλλειν</span> <span class='ocrx_word' id='word_1_37' title='bbox 1570 597 1702 649; x_wconf 83' lang='grc' dir='ltr'>Θεόν</span> <span class='ocrx_word' id='word_1_38' title='bbox 1729 613 1742 625; x_wconf 93' lang='grc'><strong>·</strong></span> <span class='ocrx_word' id='word_1_39' title='bbox 1789 595 1893 675; x_wconf 77' lang='grc' dir='ltr'><strong>κᾶν</strong></span> <span class='ocrx_word' id='word_1_40' title='bbox 1921 595 2011 667; x_wconf 82' lang='grc' dir='ltr'><strong>ἄρ-</strong></span> 
     </span>
    </p>
   </div>
   <div class='ocr_carea' id='block_1_8' title="bbox 428 685 2010 760">
    <p class='ocr_par' dir='ltr' id='par_1_8' title="bbox 428 685 2010 760">
     <span class='ocr_line' id='line_1_8' title="bbox 428 685 2010 760; baseline -0.004 -15"><span class='ocrx_word' id='word_1_41' title='bbox 428 709 520 745; x_wconf 78' lang='grc' dir='ltr'>τιον</span> <span class='ocrx_word' id='word_1_42' title='bbox 545 692 624 753; x_wconf 89' lang='grc' dir='ltr'><strong>είς</strong></span> <span class='ocrx_word' id='word_1_43' title='bbox 645 692 834 760; x_wconf 77' lang='grc' dir='ltr'>χεῖρας</span> <span class='ocrx_word' id='word_1_44' title='bbox 860 687 1119 749; x_wconf 85' lang='grc' dir='ltr'>λάϐωσιν,</span> <span class='ocrx_word' id='word_1_45' title='bbox 1148 686 1387 757; x_wconf 85' lang='grc' dir='ltr'>ἀρῶνται</span> <span class='ocrx_word' id='word_1_46' title='bbox 1412 687 1626 759; x_wconf 83' lang='grc' dir='ltr'>πρῶτον</span> <span class='ocrx_word' id='word_1_47' title='bbox 1650 687 1700 740; x_wconf 87' lang='grc' dir='ltr'>οἱ</span> <span class='ocrx_word' id='word_1_48' title='bbox 1722 686 1821 757; x_wconf 82' lang='grc' dir='ltr'>τῆς</span> <span class='ocrx_word' id='word_1_49' title='bbox 1847 685 2010 756; x_wconf 83' lang='grc' dir='ltr'>βλασ-</span> 
     </span>
    </p>
   </div>
   <div class='ocr_carea' id='block_1_9' title="bbox 430 777 2009 854">
    <p class='ocr_par' dir='ltr' id='par_1_9' title="bbox 430 777 2009 854">
     <span class='ocr_line' id='line_1_9' title="bbox 430 777 2009 854; baseline -0.003 -20"><span class='ocrx_word' id='word_1_50' title='bbox 430 782 643 854; x_wconf 79' lang='grc' dir='ltr'>φημίας</span> <span class='ocrx_word' id='word_1_51' title='bbox 682 778 943 851; x_wconf 72' lang='grc' dir='ltr'>μαθηταὶ,</span> <span class='ocrx_word' id='word_1_52' title='bbox 973 779 1067 832; x_wconf 71' lang='grc' dir='ltr'><strong>καὶ</strong></span> <span class='ocrx_word' id='word_1_53' title='bbox 1099 777 1272 841; x_wconf 71' lang='grc' dir='ltr'>οὕτως</span> <span class='ocrx_word' id='word_1_54' title='bbox 1320 778 1699 849; x_wconf 81' lang='grc' dir='ltr'>ἐμπιπλῶνται</span> <span class='ocrx_word' id='word_1_55' title='bbox 1734 781 1785 831; x_wconf 91' lang='grc' dir='ltr'><strong>οί</strong></span> <span class='ocrx_word' id='word_1_56' title='bbox 1824 778 2009 849; x_wconf 77' lang='grc' dir='ltr'>ἀχάρι·</span> 
     </span>
    </p>
   </div>
   <div class='ocr_carea' id='block_1_10' title="bbox 431 864 2011 941">
    <p class='ocr_par' dir='ltr' id='par_1_10' title="bbox 431 864 2011 941">
     <span class='ocr_line' id='line_1_10' title="bbox 431 864 2011 941; baseline -0.003 -15"><span class='ocrx_word' id='word_1_57' title='bbox 431 891 544 926; x_wconf 87' lang='grc' dir='ltr'>στοι</span> <span class='ocrx_word' id='word_1_58' title='bbox 569 889 581 902; x_wconf 71' lang='grc' dir='ltr'><strong>ο</strong></span> <span class='ocrx_word' id='word_1_59' title='bbox 621 873 716 926; x_wconf 73' lang='grc' dir='ltr'><strong>καὶ</strong></span> <span class='ocrx_word' id='word_1_60' title='bbox 770 871 869 941; x_wconf 81' lang='grc' dir='ltr'><strong>τῆς</strong></span> <span class='ocrx_word' id='word_1_61' title='bbox 915 869 1277 940; x_wconf 70' lang='grc' dir='ltr'><strong>δημιουργίας</strong></span> <span class='ocrx_word' id='word_1_62' title='bbox 1316 869 1529 932; x_wconf 78' lang='grc' dir='ltr'>οὐδενὸς</span> <span class='ocrx_word' id='word_1_63' title='bbox 1568 869 1628 923; x_wconf 84' lang='grc' dir='ltr'><strong>τὸ</strong></span> <span class='ocrx_word' id='word_1_64' title='bbox 1666 864 1829 939; x_wconf 85' lang='grc' dir='ltr'>ἦττον</span> <span class='ocrx_word' id='word_1_65' title='bbox 1875 871 2011 922; x_wconf 84' lang='grc' dir='ltr'>ἀπο-</span> 
     </span>
    </p>
   </div>
   <div class='ocr_carea' id='block_1_11' title="bbox 428 959 2003 1033">
    <p class='ocr_par' dir='ltr' id='par_1_11' title="bbox 428 959 2003 1033">
     <span class='ocr_line' id='line_1_11' title="bbox 428 959 2003 1033; baseline -0.002 -17"><span class='ocrx_word' id='word_1_66' title='bbox 428 963 704 1028; x_wconf 81' lang='grc' dir='ltr'>λαύοντες,</span> <span class='ocrx_word' id='word_1_67' title='bbox 740 962 1031 1033; x_wconf 82' lang='grc' dir='ltr'>ὴκόνηνται</span> <span class='ocrx_word' id='word_1_68' title='bbox 1064 961 1215 1029; x_wconf 84' lang='grc' dir='ltr'>μόνοι</span> <span class='ocrx_word' id='word_1_69' title='bbox 1246 963 1368 1015; x_wconf 82' lang='grc' dir='ltr'>κατ’</span> <span class='ocrx_word' id='word_1_70' title='bbox 1399 961 1569 1031; x_wconf 75' lang='grc' dir='ltr'>αὐτῆς</span> <span class='ocrx_word' id='word_1_71' title='bbox 1601 960 1700 1031; x_wconf 79' lang='grc' dir='ltr'>τὴν</span> <span class='ocrx_word' id='word_1_72' title='bbox 1738 959 2003 1029; x_wconf 83' lang='grc' dir='ltr'>γλῶτταν,</span> 
     </span>
    </p>
   </div>
   <div class='ocr_carea' id='block_1_12' title="bbox 433 1051 2006 1126">
    <p class='ocr_par' dir='ltr' id='par_1_12' title="bbox 433 1051 2006 1126">
     <span class='ocr_line' id='line_1_12' title="bbox 433 1051 2006 1126; baseline -0.003 -16"><span class='ocrx_word' id='word_1_73' title='bbox 433 1056 632 1126; x_wconf 85' lang='grc' dir='ltr'>μᾶλλον</span> <span class='ocrx_word' id='word_1_74' title='bbox 686 1055 743 1108; x_wconf 85' lang='grc' dir='ltr'>δὲ</span> <span class='ocrx_word' id='word_1_75' title='bbox 796 1054 938 1108; x_wconf 79' lang='grc' dir='ltr'>κατὰ</span> <span class='ocrx_word' id='word_1_76' title='bbox 994 1051 1089 1106; x_wconf 85' lang='grc' dir='ltr'><strong>τοῦ</strong></span> <span class='ocrx_word' id='word_1_77' title='bbox 1136 1052 1495 1123; x_wconf 79' lang='grc' dir='ltr'><strong>πεποιηκότος</strong></span> <span class='ocrx_word' id='word_1_78' title='bbox 1533 1054 1736 1124; x_wconf 73' lang='grc' dir='ltr'>αὑτήνο</span> <span class='ocrx_word' id='word_1_79' title='bbox 1788 1052 1885 1107; x_wconf 74' lang='grc' dir='ltr'>καὶ</span> <span class='ocrx_word' id='word_1_80' title='bbox 1930 1053 2006 1117; x_wconf 83' lang='grc' dir='ltr'>ὡς</span> 
     </span>
    </p>
   </div>
   <div class='ocr_carea' id='block_1_13' title="bbox 431 1142 2006 1220">
    <p class='ocr_par' dir='ltr' id='par_1_13' title="bbox 431 1142 2006 1220">
     <span class='ocr_line' id='line_1_13' title="bbox 431 1142 2006 1220; baseline -0.003 -20"><span class='ocrx_word' id='word_1_81' title='bbox 431 1147 663 1220; x_wconf 80' lang='grc' dir='ltr'>ἔχθιστοι</span> <span class='ocrx_word' id='word_1_82' title='bbox 690 1146 781 1200; x_wconf 88' lang='grc' dir='ltr'><strong>τοῦ</strong></span> <span class='ocrx_word' id='word_1_83' title='bbox 808 1144 941 1200; x_wconf 86' lang='grc' dir='ltr'>Θεοῦ</span> <span class='ocrx_word' id='word_1_84' title='bbox 971 1144 1255 1216; x_wconf 76' lang='grc' dir='ltr'>μετέχουσι</span> <span class='ocrx_word' id='word_1_85' title='bbox 1280 1160 1294 1175; x_wconf 83' lang='grc'><strong>·</strong></span> <span class='ocrx_word' id='word_1_86' title='bbox 1319 1145 1414 1198; x_wconf 75' lang='grc' dir='ltr'><strong>καὶ</strong></span> <span class='ocrx_word' id='word_1_87' title='bbox 1444 1144 1582 1216; x_wconf 76' lang='grc' dir='ltr'>πρὸς</span> <span class='ocrx_word' id='word_1_88' title='bbox 1609 1144 1738 1198; x_wconf 88' lang='grc' dir='ltr'>αὑτό</span> <span class='ocrx_word' id='word_1_89' title='bbox 1761 1161 1825 1213; x_wconf 89' lang='grc' dir='ltr'><strong>γε</strong></span> <span class='ocrx_word' id='word_1_90' title='bbox 1847 1142 2006 1197; x_wconf 90' lang='grc' dir='ltr'>τοῦτο</span> 
     </span>
    </p>
   </div>
   <div class='ocr_carea' id='block_1_14' title="bbox 428 1236 2005 1309">
    <p class='ocr_par' dir='ltr' id='par_1_14' title="bbox 428 1236 2005 1309">
     <span class='ocr_line' id='line_1_14' title="bbox 428 1236 2005 1309; baseline -0.004 -15"><span class='ocrx_word' id='word_1_91' title='bbox 428 1240 879 1308; x_wconf 87' lang='grc' dir='ltr'>ἀγανακτοῦντες,</span> <span class='ocrx_word' id='word_1_92' title='bbox 919 1239 999 1291; x_wconf 84' lang='grc' dir='ltr'><strong>ὅτι</strong></span> <span class='ocrx_word' id='word_1_93' title='bbox 1029 1237 1137 1289; x_wconf 82' lang='grc' dir='ltr'><strong>τῶν</strong></span> <span class='ocrx_word' id='word_1_94' title='bbox 1161 1238 1225 1290; x_wconf 81' lang='grc' dir='ltr'><strong>ὲκ</strong></span> <span class='ocrx_word' id='word_1_95' title='bbox 1250 1236 1348 1307; x_wconf 79' lang='grc' dir='ltr'>τῆς</span> <span class='ocrx_word' id='word_1_96' title='bbox 1381 1236 1739 1309; x_wconf 81' lang='grc' dir='ltr'><strong>δημιουργίας</strong></span> <span class='ocrx_word' id='word_1_97' title='bbox 1765 1239 1823 1290; x_wconf 80' lang='grc' dir='ltr'>ὲν</span> <span class='ocrx_word' id='word_1_98' title='bbox 1845 1237 2005 1308; x_wconf 82' lang='grc' dir='ltr'>χρείᾳ</span> 
     </span>
    </p>
   </div>
   <div class='ocr_carea' id='block_1_15' title="bbox 430 1315 819 1405">
    <p class='ocr_par' dir='ltr' id='par_1_15' title="bbox 430 1315 819 1405">
     <span class='ocr_line' id='line_1_15' title="bbox 430 1315 819 1405; baseline -0.003 -20"><span class='ocrx_word' id='word_1_99' title='bbox 430 1315 819 1405; x_wconf 76' lang='grc' dir='ltr'>καθεστήκασι.</span> 
     </span>
    </p>
   </div>
   <div class='ocr_carea' id='block_1_16' title="bbox 2110 506 3680 578">
    <p class='ocr_par' dir='ltr' id='par_1_16' title="bbox 2110 506 3680 578">
     <span class='ocr_line' id='line_1_16' title="bbox 2110 506 3680 578; baseline 0.005 -19"><span class='ocrx_word' id='word_1_100' title='bbox 2110 507 2204 577; x_wconf 88' lang='lat' dir='ltr'><strong>qui</strong></span> <span class='ocrx_word' id='word_1_101' title='bbox 2243 521 2369 560; x_wconf 90' lang='lat' dir='ltr'><strong>eum</strong></span> <span class='ocrx_word' id='word_1_102' title='bbox 2416 512 2718 569; x_wconf 80' lang='lat' dir='ltr'><strong>sectantur,</strong></span> <span class='ocrx_word' id='word_1_103' title='bbox 2772 506 2841 560; x_wconf 91' lang='lat' dir='ltr'><strong>ad</strong></span> <span class='ocrx_word' id='word_1_104' title='bbox 2899 507 3299 578; x_wconf 85' lang='lat' dir='ltr'><strong>blasphemiam</strong></span> <span class='ocrx_word' id='word_1_105' title='bbox 3350 506 3680 567; x_wconf 68' lang='lat' dir='ltr'><strong>Iudaicam:</strong></span> 
     </span>
    </p>
   </div>
   <div class='ocr_carea' id='block_1_17' title="bbox 2114 596 3686 673">
    <p class='ocr_par' dir='ltr' id='par_1_17' title="bbox 2114 596 3686 673">
     <span class='ocr_line' id='line_1_17' title="bbox 2114 596 3686 673; baseline 0.005 -22"><span class='ocrx_word' id='word_1_106' title='bbox 2114 599 2229 651; x_wconf 90' lang='lat' dir='ltr'><strong>sive</strong></span> <span class='ocrx_word' id='word_1_107' title='bbox 2260 597 2432 665; x_wconf 89' lang='lat' dir='ltr'><strong>pluat,</strong></span> <span class='ocrx_word' id='word_1_108' title='bbox 2462 610 2571 649; x_wconf 92' lang='lat' dir='ltr'><strong>non</strong></span> <span class='ocrx_word' id='word_1_109' title='bbox 2602 596 2802 651; x_wconf 79' lang='lat' dir='ltr'><strong>desinit</strong></span> <span class='ocrx_word' id='word_1_110' title='bbox 2839 597 3077 653; x_wconf 79' lang='lat' dir='ltr'><strong>inaniter</strong></span> <span class='ocrx_word' id='word_1_111' title='bbox 3112 614 3373 657; x_wconf 84' lang='lat' dir='ltr'><strong>accusare</strong></span> <span class='ocrx_word' id='word_1_112' title='bbox 3407 608 3461 655; x_wconf 91' lang='lat' dir='ltr'><strong>et</strong></span> <span class='ocrx_word' id='word_1_113' title='bbox 3498 617 3686 673; x_wconf 87' lang='lat' dir='ltr'><strong>repre-</strong></span> 
     </span>
    </p>
   </div>
   <div class='ocr_carea' id='block_1_18' title="bbox 2113 687 3686 758">
    <p class='ocr_par' dir='ltr' id='par_1_18' title="bbox 2113 687 3686 758">
     <span class='ocr_line' id='line_1_18' title="bbox 2113 687 3686 758; baseline 0.007 -16"><span class='ocrx_word' id='word_1_114' title='bbox 2113 688 2353 745; x_wconf 86' lang='lat' dir='ltr'><strong>hendere</strong></span> <span class='ocrx_word' id='word_1_115' title='bbox 2398 687 2684 743; x_wconf 79' lang='lat' dir='ltr'><strong>Deumzet</strong></span> <span class='ocrx_word' id='word_1_116' title='bbox 2708 701 2904 758; x_wconf 89' lang='lat' dir='ltr'><strong>panem</strong></span> <span class='ocrx_word' id='word_1_117' title='bbox 2947 688 2992 744; x_wconf 90' lang='lat' dir='ltr'><strong>si</strong></span> <span class='ocrx_word' id='word_1_118' title='bbox 3018 691 3073 744; x_wconf 92' lang='lat' dir='ltr'><strong>in</strong></span> <span class='ocrx_word' id='word_1_119' title='bbox 3115 706 3315 747; x_wconf 92' lang='lat' dir='ltr'><strong>manus</strong></span> <span class='ocrx_word' id='word_1_120' title='bbox 3352 692 3420 746; x_wconf 91' lang='lat' dir='ltr'><strong>ad</strong></span> <span class='ocrx_word' id='word_1_121' title='bbox 3459 709 3686 753; x_wconf 83' lang='lat' dir='ltr'><strong>vescen-</strong></span> 
     </span>
    </p>
   </div>
   <div class='ocr_carea' id='block_1_19' title="bbox 2112 779 3681 853">
    <p class='ocr_par' dir='ltr' id='par_1_19' title="bbox 2112 779 3681 853">
     <span class='ocr_line' id='line_1_19' title="bbox 2112 779 3681 853; baseline 0.002 -18"><span class='ocrx_word' id='word_1_122' title='bbox 2112 780 2241 835; x_wconf 91' lang='lat' dir='ltr'><strong>dum</strong></span> <span class='ocrx_word' id='word_1_123' title='bbox 2282 782 2522 845; x_wconf 82' lang='lat' dir='ltr'><strong>sumant,</strong></span> <span class='ocrx_word' id='word_1_124' title='bbox 2556 779 2791 850; x_wconf 92' lang='lat' dir='ltr'><strong>primum</strong></span> <span class='ocrx_word' id='word_1_125' title='bbox 2825 779 3076 849; x_wconf 88' lang='lat' dir='ltr'><strong>discipuli</strong></span> <span class='ocrx_word' id='word_1_126' title='bbox 3116 780 3470 853; x_wconf 66' lang='lat' dir='ltr'><strong>blasphemia:</strong></span> <span class='ocrx_word' id='word_1_127' title='bbox 3510 783 3681 841; x_wconf 86' lang='lat' dir='ltr'><strong>Deum</strong></span> 
     </span>
    </p>
   </div>
   <div class='ocr_carea' id='block_1_20' title="bbox 2114 870 3682 943">
    <p class='ocr_par' dir='ltr' id='par_1_20' title="bbox 2114 870 3682 943">
     <span class='ocr_line' id='line_1_20' title="bbox 2114 870 3682 943; baseline 0.005 -19"><span class='ocrx_word' id='word_1_128' title='bbox 2114 870 2419 926; x_wconf 81' lang='lat' dir='ltr'><strong>maledictis</strong></span> <span class='ocrx_word' id='word_1_129' title='bbox 2450 870 2814 933; x_wconf 82' lang='lat' dir='ltr'><strong>insectantur,</strong></span> <span class='ocrx_word' id='word_1_130' title='bbox 2856 878 3020 940; x_wconf 91' lang='lat' dir='ltr'><strong>atque</strong></span> <span class='ocrx_word' id='word_1_131' title='bbox 3049 872 3124 926; x_wconf 89' lang='lat' dir='ltr'><strong>ita</strong></span> <span class='ocrx_word' id='word_1_132' title='bbox 3147 872 3347 943; x_wconf 82' lang='lat' dir='ltr'><strong>ingrati</strong></span> <span class='ocrx_word' id='word_1_133' title='bbox 3379 878 3682 940; x_wconf 83' lang='lat' dir='ltr'><strong>satiantur;</strong></span> 
     </span>
    </p>
   </div>
   <div class='ocr_carea' id='block_1_21' title="bbox 2113 960 3684 1037">
    <p class='ocr_par' dir='ltr' id='par_1_21' title="bbox 2113 960 3684 1037">
     <span class='ocr_line' id='line_1_21' title="bbox 2113 960 3684 1037; baseline 0.003 -18"><span class='ocrx_word' id='word_1_134' title='bbox 2113 972 2167 1020; x_wconf 90' lang='lat' dir='ltr'><strong>et</strong></span> <span class='ocrx_word' id='word_1_135' title='bbox 2189 962 2348 1033; x_wconf 90' lang='lat' dir='ltr'><strong>quasi</strong></span> <span class='ocrx_word' id='word_1_136' title='bbox 2375 962 2513 1017; x_wconf 88' lang='lat' dir='ltr'><strong>nihil</strong></span> <span class='ocrx_word' id='word_1_137' title='bbox 2542 960 2755 1017; x_wconf 83' lang='lat' dir='ltr'><strong>fructus</strong></span> <span class='ocrx_word' id='word_1_138' title='bbox 2786 978 2852 1018; x_wconf 75' lang='lat' dir='ltr'><strong>ex</strong></span> <span class='ocrx_word' id='word_1_139' title='bbox 2875 971 3127 1018; x_wconf 88' lang='lat' dir='ltr'><strong>creatura</strong></span> <span class='ocrx_word' id='word_1_140' title='bbox 3169 966 3535 1037; x_wconf 87' lang='lat' dir='ltr'><strong>perciperent,</strong></span> <span class='ocrx_word' id='word_1_141' title='bbox 3579 969 3684 1024; x_wconf 89' lang='lat' dir='ltr'><strong>lin-</strong></span> 
     </span>
    </p>
   </div>
   <div class='ocr_carea' id='block_1_22' title="bbox 2113 1056 3681 1135">
    <p class='ocr_par' dir='ltr' id='par_1_22' title="bbox 2113 1056 3681 1135">
     <span class='ocr_line' id='line_1_22' title="bbox 2113 1056 3681 1135; baseline 0.006 -24"><span class='ocrx_word' id='word_1_142' title='bbox 2113 1072 2274 1127; x_wconf 79' lang='lat' dir='ltr'><strong>gnam</strong></span> <span class='ocrx_word' id='word_1_143' title='bbox 2300 1056 2402 1111; x_wconf 91' lang='lat' dir='ltr'><strong>soli</strong></span> <span class='ocrx_word' id='word_1_144' title='bbox 2431 1056 2487 1110; x_wconf 90' lang='lat' dir='ltr'><strong>in</strong></span> <span class='ocrx_word' id='word_1_145' title='bbox 2519 1070 2640 1110; x_wconf 90' lang='lat' dir='ltr'><strong>eam</strong></span> <span class='ocrx_word' id='word_1_146' title='bbox 2670 1066 2959 1120; x_wconf 81' lang='lat' dir='ltr'><strong>acuerunt,</strong></span> <span class='ocrx_word' id='word_1_147' title='bbox 2986 1058 3096 1113; x_wconf 90' lang='lat' dir='ltr'><strong>imo</strong></span> <span class='ocrx_word' id='word_1_148' title='bbox 3135 1058 3190 1114; x_wconf 91' lang='lat' dir='ltr'><strong>in</strong></span> <span class='ocrx_word' id='word_1_149' title='bbox 3217 1070 3498 1118; x_wconf 82' lang='lat' dir='ltr'><strong>auctorem</strong></span> <span class='ocrx_word' id='word_1_150' title='bbox 3526 1065 3681 1135; x_wconf 86' lang='lat' dir='ltr'><strong>ejus;</strong></span> 
     </span>
    </p>
   </div>
   <div class='ocr_carea' id='block_1_23' title="bbox 2111 1146 3681 1222">
    <p class='ocr_par' dir='ltr' id='par_1_23' title="bbox 2111 1146 3681 1222">
     <span class='ocr_line' id='line_1_23' title="bbox 2111 1146 3681 1222; baseline 0.006 -20"><span class='ocrx_word' id='word_1_151' title='bbox 2111 1155 2165 1203; x_wconf 92' lang='lat' dir='ltr'><strong>et</strong></span> <span class='ocrx_word' id='word_1_152' title='bbox 2191 1159 2450 1217; x_wconf 87' lang='lat' dir='ltr'><strong>tanquam</strong></span> <span class='ocrx_word' id='word_1_153' title='bbox 2484 1146 2854 1201; x_wconf 89' lang='lat' dir='ltr'><strong>inimicissimi</strong></span> <span class='ocrx_word' id='word_1_154' title='bbox 2891 1147 3005 1212; x_wconf 90' lang='lat' dir='ltr'><strong>Dei,</strong></span> <span class='ocrx_word' id='word_1_155' title='bbox 3044 1165 3108 1206; x_wconf 89' lang='lat' dir='ltr'><strong>ea</strong></span> <span class='ocrx_word' id='word_1_156' title='bbox 3144 1166 3265 1222; x_wconf 71' lang='lat' dir='ltr'><strong>quae</strong></span> <span class='ocrx_word' id='word_1_157' title='bbox 3309 1163 3438 1208; x_wconf 92' lang='lat' dir='ltr'><strong>sunt</strong></span> <span class='ocrx_word' id='word_1_158' title='bbox 3478 1163 3681 1222; x_wconf 80' lang='lat' dir='ltr'><strong>creata,</strong></span> 
     </span>
    </p>
   </div>
   <div class='ocr_carea' id='block_1_24' title="bbox 2111 1237 3680 1316">
    <p class='ocr_par' dir='ltr' id='par_1_24' title="bbox 2111 1237 3680 1316">
     <span class='ocr_line' id='line_1_24' title="bbox 2111 1237 3680 1316; baseline 0.006 -22"><span class='ocrx_word' id='word_1_159' title='bbox 2111 1240 2461 1311; x_wconf 88' lang='lat' dir='ltr'><strong>participant,</strong></span> <span class='ocrx_word' id='word_1_160' title='bbox 2478 1237 2643 1308; x_wconf 89' lang='lat' dir='ltr'><strong>idque</strong></span> <span class='ocrx_word' id='word_1_161' title='bbox 2682 1247 3089 1305; x_wconf 88' lang='lat' dir='ltr'><strong>succensentcs,</strong></span> <span class='ocrx_word' id='word_1_162' title='bbox 3125 1241 3273 1312; x_wconf 90' lang='lat' dir='ltr'><strong>quod</strong></span> <span class='ocrx_word' id='word_1_163' title='bbox 3300 1244 3381 1299; x_wconf 90' lang='lat' dir='ltr'><strong>eis</strong></span> <span class='ocrx_word' id='word_1_164' title='bbox 3420 1244 3680 1316; x_wconf 82' lang='lat' dir='ltr'><strong>indigent.</strong></span> 
     </span>
    </p>
   </div>
   <div class='ocr_carea' id='block_1_25' title="bbox 1338 1459 2758 1525">
    <p class='ocr_par' dir='ltr' id='par_1_25' title="bbox 1338 1459 2758 1525">
     <span class='ocr_line' id='line_1_25' title="bbox 1338 1459 2758 1525; baseline -0.01 0"><span class='ocrx_word' id='word_1_165' title='bbox 1338 1466 1471 1525; x_wconf 73' lang='lat' dir='ltr'><strong>CAP.</strong></span> <span class='ocrx_word' id='word_1_166' title='bbox 1516 1465 1751 1523; x_wconf 81' lang='lat' dir='ltr'><strong>XXXIII.</strong></span> <span class='ocrx_word' id='word_1_167' title='bbox 1790 1465 2102 1524; x_wconf 77' lang='lat' dir='ltr'><strong>Procreatio</strong></span> <span class='ocrx_word' id='word_1_168' title='bbox 2126 1464 2413 1519; x_wconf 79' lang='lat' dir='ltr'><strong>liberarunt</strong></span> <span class='ocrx_word' id='word_1_169' title='bbox 2440 1459 2758 1515; x_wconf 75' lang='lat' dir='ltr'><strong>necessaria.</strong></span> 
     </span>
    </p>
   </div>
   <div class='ocr_carea' id='block_1_26' title="bbox 498 1605 2002 1679">
    <p class='ocr_par' dir='ltr' id='par_1_26' title="bbox 498 1605 2002 1679">
     <span class='ocr_line' id='line_1_26' title="bbox 498 1605 2002 1679; baseline -0.002 -19"><span class='ocrx_word' id='word_1_170' title='bbox 498 1607 611 1679; x_wconf 79' lang='grc' dir='ltr'><strong>Τήν</strong></span> <span class='ocrx_word' id='word_1_171' title='bbox 638 1622 695 1658; x_wconf 88' lang='grc' dir='ltr'><strong>τε</strong></span> <span class='ocrx_word' id='word_1_172' title='bbox 728 1605 1073 1675; x_wconf 77' lang='grc' dir='ltr'>παιδογονίαν</span> <span class='ocrx_word' id='word_1_173' title='bbox 1104 1605 1432 1678; x_wconf 78' lang='grc' dir='ltr'>ὑϐρίζοντες,</span> <span class='ocrx_word' id='word_1_174' title='bbox 1468 1606 1567 1670; x_wconf 79' lang='grc' dir='ltr'><strong>τὰς</strong></span> <span class='ocrx_word' id='word_1_175' title='bbox 1599 1606 1775 1678; x_wconf 79' lang='grc' dir='ltr'>μίξεις</span> <span class='ocrx_word' id='word_1_176' title='bbox 1819 1605 2002 1668; x_wconf 81' lang='grc' dir='ltr'>αὐτοῖς</span> 
     </span>
    </p>
   </div>
   <div class='ocr_carea' id='block_1_27' title="bbox 426 1691 2004 1765">
    <p class='ocr_par' dir='ltr' id='par_1_27' title="bbox 426 1691 2004 1765">
     <span class='ocr_line' id='line_1_27' title="bbox 426 1691 2004 1765; baseline 0.001 -20"><span class='ocrx_word' id='word_1_177' title='bbox 426 1691 555 1745; x_wconf 78' lang='grc' dir='ltr'>ἄνευ</span> <span class='ocrx_word' id='word_1_178' title='bbox 591 1709 654 1761; x_wconf 91' lang='grc' dir='ltr'><strong>γε</strong></span> <span class='ocrx_word' id='word_1_179' title='bbox 679 1691 884 1762; x_wconf 85' lang='grc' dir='ltr'>ταύτης</span> <span class='ocrx_word' id='word_1_180' title='bbox 909 1693 1223 1764; x_wconf 89' lang='grc' dir='ltr'>συμϐαίνειν</span> <span class='ocrx_word' id='word_1_181' title='bbox 1252 1693 1408 1764; x_wconf 71' lang='grc'><strong>(46⁸),</strong></span> <span class='ocrx_word' id='word_1_182' title='bbox 1439 1694 1614 1748; x_wconf 89' lang='grc' dir='ltr'>δοῦλοί</span> <span class='ocrx_word' id='word_1_183' title='bbox 1638 1712 1702 1765; x_wconf 88' lang='grc' dir='ltr'><strong>γε</strong></span> <span class='ocrx_word' id='word_1_184' title='bbox 1730 1695 1883 1759; x_wconf 78' lang='grc' dir='ltr'>ὄντες</span> <span class='ocrx_word' id='word_1_185' title='bbox 1903 1694 2004 1765; x_wconf 79' lang='grc' dir='ltr'><strong>τῆς</strong></span> 
     </span>
    </p>
   </div>
   <div class='ocr_carea' id='block_1_28' title="bbox 2182 1592 3688 1670">
    <p class='ocr_par' dir='ltr' id='par_1_28' title="bbox 2182 1592 3688 1670">
     <span class='ocr_line' id='line_1_28' title="bbox 2182 1592 3688 1670; baseline 0.002 -21"><span class='ocrx_word' id='word_1_186' title='bbox 2182 1594 2619 1651; x_wconf 88' lang='lat' dir='ltr'><strong>Proereationem</strong></span> <span class='ocrx_word' id='word_1_187' title='bbox 2669 1592 2967 1648; x_wconf 88' lang='lat' dir='ltr'><strong>liberorum</strong></span> <span class='ocrx_word' id='word_1_188' title='bbox 3022 1592 3419 1650; x_wconf 88' lang='lat' dir='ltr'><strong>contumeliose</strong></span> <span class='ocrx_word' id='word_1_189' title='bbox 3469 1595 3688 1670; x_wconf 83' lang='lat' dir='ltr'><strong>vitupe-</strong></span> 
     </span>
    </p>
   </div>
   <div class='ocr_carea' id='block_1_29' title="bbox 2108 1681 3679 1751">
    <p class='ocr_par' dir='ltr' id='par_1_29' title="bbox 2108 1681 3679 1751">
     <span class='ocr_line' id='line_1_29' title="bbox 2108 1681 3679 1751; baseline 0.004 -12"><span class='ocrx_word' id='word_1_190' title='bbox 2108 1694 2254 1750; x_wconf 87' lang='lat' dir='ltr'><strong>rant,</strong></span> <span class='ocrx_word' id='word_1_191' title='bbox 2304 1684 2567 1748; x_wconf 88' lang='lat' dir='ltr'><strong>volentes,</strong></span> <span class='ocrx_word' id='word_1_192' title='bbox 2617 1689 2676 1735; x_wconf 92' lang='lat' dir='ltr'><strong>ut</strong></span> <span class='ocrx_word' id='word_1_193' title='bbox 2722 1694 2955 1751; x_wconf 92' lang='lat' dir='ltr'><strong>corpora</strong></span> <span class='ocrx_word' id='word_1_194' title='bbox 2990 1681 3109 1736; x_wconf 90' lang='lat' dir='ltr'><strong>sine</strong></span> <span class='ocrx_word' id='word_1_195' title='bbox 3154 1696 3219 1738; x_wconf 90' lang='lat' dir='ltr'><strong>ea</strong></span> <span class='ocrx_word' id='word_1_196' title='bbox 3264 1685 3679 1746; x_wconf 86' lang='lat' dir='ltr'><strong>miscerentur:</strong></span> 
     </span>
    </p>
   </div>
   <div class='ocr_carea' id='block_1_30' title="bbox 427 1773 2005 1861">
    <p class='ocr_par' dir='ltr' id='par_1_30' title="bbox 427 1786 2004 1861">
     <span class='ocr_line' id='line_1_30' title="bbox 427 1786 2004 1861; baseline 0.001 -21"><span class='ocrx_word' id='word_1_197' title='bbox 427 1786 730 1851; x_wconf 84' lang='grc' dir='ltr'>ἀναγκαίας</span> <span class='ocrx_word' id='word_1_198' title='bbox 761 1786 1009 1856; x_wconf 78' lang='grc' dir='ltr'>διαδοχῆς</span> <span class='ocrx_word' id='word_1_199' title='bbox 1033 1788 1166 1859; x_wconf 83' lang='grc' dir='ltr'>πρὸς</span> <span class='ocrx_word' id='word_1_200' title='bbox 1188 1787 1320 1841; x_wconf 83' lang='grc' dir='ltr'>Θεοῦ</span> <span class='ocrx_word' id='word_1_201' title='bbox 1353 1788 1872 1861; x_wconf 84' lang='grc' dir='ltr'>νενομοθετημένης,</span> <span class='ocrx_word' id='word_1_202' title='bbox 1891 1788 2004 1842; x_wconf 80' lang='grc' dir='ltr'>ἀλλ’</span> 
     </span>
    </p>
   </div>
   <div class='ocr_carea' id='block_1_31' title="bbox 2107 1773 3683 1861">
    <p class='ocr_par' dir='ltr' id='par_1_31' title="bbox 2109 1774 3683 1849">
     <span class='ocr_line' id='line_1_31' title="bbox 2109 1774 3683 1849; baseline 0.003 -18"><span class='ocrx_word' id='word_1_203' title='bbox 2109 1778 2203 1849; x_wconf 90' lang='lat' dir='ltr'><strong>qui</strong></span> <span class='ocrx_word' id='word_1_204' title='bbox 2259 1776 2399 1833; x_wconf 86' lang='lat' dir='ltr'><strong>servi</strong></span> <span class='ocrx_word' id='word_1_205' title='bbox 2447 1774 2670 1847; x_wconf 90' lang='lat' dir='ltr'><strong>quidem</strong></span> <span class='ocrx_word' id='word_1_206' title='bbox 2707 1781 2836 1828; x_wconf 88' lang='lat' dir='ltr'><strong>sunt</strong></span> <span class='ocrx_word' id='word_1_207' title='bbox 2875 1775 3203 1830; x_wconf 83' lang='lat' dir='ltr'><strong>necessariae</strong></span> <span class='ocrx_word' id='word_1_208' title='bbox 3249 1778 3618 1839; x_wconf 87' lang='lat' dir='ltr'><strong>successionis</strong></span> <span class='ocrx_word' id='word_1_209' title='bbox 3649 1798 3683 1836; x_wconf 92' lang='lat' dir='ltr'><strong>a</strong></span> 
     </span>
    </p>
   </div>
   <div class='ocr_carea' id='block_1_32' title="bbox 427 1871 2005 1949">
    <p class='ocr_par' dir='ltr' id='par_1_32' title="bbox 427 1871 2005 1949">
     <span class='ocr_line' id='line_1_32' title="bbox 427 1871 2005 1949; baseline 0.002 -21"><span class='ocrx_word' id='word_1_210' title='bbox 427 1871 488 1929; x_wconf 80' lang='grc' dir='ltr'><strong>οὖ</strong></span> <span class='ocrx_word' id='word_1_211' title='bbox 513 1877 612 1946; x_wconf 78' lang='grc' dir='ltr'>τῆς</span> <span class='ocrx_word' id='word_1_212' title='bbox 641 1877 853 1948; x_wconf 71' lang='grc' dir='ltr'>ἡδονῆςο</span> <span class='ocrx_word' id='word_1_213' title='bbox 884 1877 1066 1949; x_wconf 79' lang='grc' dir='ltr'>ἐχθροί</span> <span class='ocrx_word' id='word_1_214' title='bbox 1099 1894 1163 1947; x_wconf 89' lang='grc' dir='ltr'><strong>γε</strong></span> <span class='ocrx_word' id='word_1_215' title='bbox 1195 1879 1264 1932; x_wconf 89' lang='grc' dir='ltr'><strong>τά</strong></span> <span class='ocrx_word' id='word_1_216' title='bbox 1302 1879 1481 1932; x_wconf 85' lang='grc' dir='ltr'>πάντα</span> <span class='ocrx_word' id='word_1_217' title='bbox 1509 1878 1607 1949; x_wconf 81' lang='grc' dir='ltr'>τῆς</span> <span class='ocrx_word' id='word_1_218' title='bbox 1652 1878 1885 1949; x_wconf 80' lang='grc' dir='ltr'><strong>ἀληθοῦς</strong></span> <span class='ocrx_word' id='word_1_219' title='bbox 1912 1878 2005 1932; x_wconf 76' lang='grc' dir='ltr'>καὶ</span> 
     </span>
    </p>
   </div>
   <div class='ocr_carea' id='block_1_33' title="bbox 426 1966 2005 2042">
    <p class='ocr_par' dir='ltr' id='par_1_33' title="bbox 426 1966 2005 2042">
     <span class='ocr_line' id='line_1_33' title="bbox 426 1966 2005 2042; baseline 0.003 -23"><span class='ocrx_word' id='word_1_220' title='bbox 426 1968 653 2039; x_wconf 78' lang='grc' dir='ltr'>γνησίας</span> <span class='ocrx_word' id='word_1_221' title='bbox 682 1968 881 2038; x_wconf 82' lang='grc' dir='ltr'>ἀρετῆς</span> <span class='ocrx_word' id='word_1_222' title='bbox 910 1970 1003 2021; x_wconf 73' lang='grc' dir='ltr'><strong>καὶ</strong></span> <span class='ocrx_word' id='word_1_223' title='bbox 1028 1970 1127 2041; x_wconf 83' lang='grc' dir='ltr'><strong>τῆς</strong></span> <span class='ocrx_word' id='word_1_224' title='bbox 1155 1968 1430 2033; x_wconf 83' lang='grc' dir='ltr'>εὐσεϐείας</span> <span class='ocrx_word' id='word_1_225' title='bbox 1452 1970 1623 2033; x_wconf 76' lang='grc' dir='ltr'>ὄντες,</span> <span class='ocrx_word' id='word_1_226' title='bbox 1654 1966 1842 2042; x_wconf 78' lang='grc' dir='ltr'>ὥσπερ</span> <span class='ocrx_word' id='word_1_227' title='bbox 1866 1972 2005 2024; x_wconf 84' lang='grc' dir='ltr'>αίτι-</span> 
     </span>
    </p>
   </div>
   <div class='ocr_carea' id='block_1_34' title="bbox 426 2056 2007 2132">
    <p class='ocr_par' dir='ltr' id='par_1_34' title="bbox 426 2056 2007 2132">
     <span class='ocr_line' id='line_1_34' title="bbox 426 2056 2007 2132; baseline 0.003 -22"><span class='ocrx_word' id='word_1_228' title='bbox 426 2057 623 2128; x_wconf 86' lang='grc' dir='ltr'>ώμενοι</span> <span class='ocrx_word' id='word_1_229' title='bbox 675 2059 737 2111; x_wconf 86' lang='grc' dir='ltr'><strong>τὸ</strong></span> <span class='ocrx_word' id='word_1_230' title='bbox 790 2056 1013 2122; x_wconf 79' lang='grc' dir='ltr'>ἀείζωον</span> <span class='ocrx_word' id='word_1_231' title='bbox 1062 2058 1156 2113; x_wconf 91' lang='grc' dir='ltr'><strong>τοῦ</strong></span> <span class='ocrx_word' id='word_1_232' title='bbox 1197 2059 1306 2115; x_wconf 85' lang='grc' dir='ltr'>τῶν</span> <span class='ocrx_word' id='word_1_233' title='bbox 1347 2058 1649 2132; x_wconf 84' lang='grc' dir='ltr'>ἀνθρώπων</span> <span class='ocrx_word' id='word_1_234' title='bbox 1671 2061 1880 2130; x_wconf 80' lang='grc' dir='ltr'>γένους,</span> <span class='ocrx_word' id='word_1_235' title='bbox 1911 2061 2007 2114; x_wconf 74' lang='grc' dir='ltr'><strong>καὶ</strong></span> 
     </span>
    </p>
   </div>
   <div class='ocr_carea' id='block_1_35' title="bbox 426 2147 2001 2223">
    <p class='ocr_par' dir='ltr' id='par_1_35' title="bbox 426 2147 2001 2223">
     <span class='ocr_line' id='line_1_35' title="bbox 426 2147 2001 2223; baseline 0.002 -22"><span class='ocrx_word' id='word_1_236' title='bbox 426 2147 739 2219; x_wconf 85' lang='grc' dir='ltr'>βουλόμενοι</span> <span class='ocrx_word' id='word_1_237' title='bbox 763 2148 928 2203; x_wconf 84' lang='grc' dir='ltr'>αὑτοῦ</span> <span class='ocrx_word' id='word_1_238' title='bbox 954 2167 1057 2203; x_wconf 90' lang='grc' dir='ltr'><strong>που</strong></span> <span class='ocrx_word' id='word_1_239' title='bbox 1083 2152 1272 2223; x_wconf 82' lang='grc' dir='ltr'>στῆναι</span> <span class='ocrx_word' id='word_1_240' title='bbox 1292 2150 1383 2206; x_wconf 78' lang='grc' dir='ltr'>τὸν</span> <span class='ocrx_word' id='word_1_241' title='bbox 1415 2151 1613 2223; x_wconf 87' lang='grc' dir='ltr'>δρόμον</span> <span class='ocrx_word' id='word_1_242' title='bbox 1640 2151 1742 2222; x_wconf 84' lang='grc' dir='ltr'>τῆς</span> <span class='ocrx_word' id='word_1_243' title='bbox 1769 2151 2001 2221; x_wconf 75' lang='grc' dir='ltr'>φύσεωςο</span> 
     </span>
    </p>
   </div>
   <div class='ocr_carea' id='block_1_36' title="bbox 425 2237 2006 2316">
    <p class='ocr_par' dir='ltr' id='par_1_36' title="bbox 425 2237 2006 2316">
     <span class='ocr_line' id='line_1_36' title="bbox 425 2237 2006 2316; baseline 0.004 -26"><span class='ocrx_word' id='word_1_244' title='bbox 425 2237 838 2309; x_wconf 85' lang='grc' dir='ltr'>νομοθετοῦντες</span> <span class='ocrx_word' id='word_1_245' title='bbox 871 2241 951 2312; x_wconf 84' lang='grc' dir='ltr'>τῷ</span> <span class='ocrx_word' id='word_1_246' title='bbox 993 2241 1112 2313; x_wconf 84' lang='grc' dir='ltr'><strong>Θεῷ</strong></span> <span class='ocrx_word' id='word_1_247' title='bbox 1142 2241 1235 2296; x_wconf 73' lang='grc' dir='ltr'>καὶ</span> <span class='ocrx_word' id='word_1_248' title='bbox 1273 2242 1709 2312; x_wconf 86' lang='grc' dir='ltr'>ἀγανακτοῦντες</span> <span class='ocrx_word' id='word_1_249' title='bbox 1738 2243 1875 2315; x_wconf 86' lang='grc' dir='ltr'>πρὸς</span> <span class='ocrx_word' id='word_1_250' title='bbox 1904 2243 2006 2316; x_wconf 83' lang='grc' dir='ltr'>τὴν</span> 
     </span>
    </p>
   </div>
   <div class='ocr_carea' id='block_1_37' title="bbox 422 2326 2005 2406">
    <p class='ocr_par' dir='ltr' id='par_1_37' title="bbox 422 2326 2005 2406">
     <span class='ocr_line' id='line_1_37' title="bbox 422 2326 2005 2406; baseline 0.004 -26"><span class='ocrx_word' id='word_1_251' title='bbox 422 2326 753 2400; x_wconf 76' lang='grc' dir='ltr'>ἀγαθότητα,</span> <span class='ocrx_word' id='word_1_252' title='bbox 801 2330 870 2385; x_wconf 85' lang='grc' dir='ltr'>δι’</span> <span class='ocrx_word' id='word_1_253' title='bbox 918 2331 986 2403; x_wconf 80' lang='grc' dir='ltr'>ἢν</span> <span class='ocrx_word' id='word_1_254' title='bbox 1029 2331 1365 2399; x_wconf 82' lang='grc' dir='ltr'>ἀνεξικάκως</span> <span class='ocrx_word' id='word_1_255' title='bbox 1392 2330 1504 2404; x_wconf 75' lang='grc' dir='ltr'>ἔχει</span> <span class='ocrx_word' id='word_1_256' title='bbox 1535 2332 1671 2405; x_wconf 86' lang='grc' dir='ltr'>πρὸς</span> <span class='ocrx_word' id='word_1_257' title='bbox 1698 2333 1798 2406; x_wconf 79' lang='grc' dir='ltr'>τὴν</span> <span class='ocrx_word' id='word_1_258' title='bbox 1827 2333 2005 2386; x_wconf 82' lang='grc' dir='ltr'>αὑτῶν</span> 
     </span>
    </p>
   </div>
   <div class='ocr_carea' id='block_1_38' title="bbox 425 2417 797 2491">
    <p class='ocr_par' dir='ltr' id='par_1_38' title="bbox 425 2417 797 2491">
     <span class='ocr_line' id='line_1_38' title="bbox 425 2417 797 2491; baseline 0.011 -21"><span class='ocrx_word' id='word_1_259' title='bbox 425 2417 638 2491; x_wconf 80' lang='grc' dir='ltr'>βλασφη</span> <span class='ocrx_word' id='word_1_260' title='bbox 649 2420 797 2490; x_wconf 84' lang='grc' dir='ltr'>μίαν.</span> 
     </span>
    </p>
   </div>
   <div class='ocr_carea' id='block_1_39' title="bbox 492 2510 2006 2587">
    <p class='ocr_par' dir='ltr' id='par_1_39' title="bbox 492 2510 2006 2587">
     <span class='ocr_line' id='line_1_39' title="bbox 492 2510 2006 2587; baseline 0.003 -25"><span class='ocrx_word' id='word_1_261' title='bbox 492 2510 749 2580; x_wconf 86' lang='grc' dir='ltr'>Καίτοιγε</span> <span class='ocrx_word' id='word_1_262' title='bbox 797 2511 885 2566; x_wconf 80' lang='grc' dir='ltr'>διὰ</span> <span class='ocrx_word' id='word_1_263' title='bbox 936 2515 1094 2567; x_wconf 87' lang='grc' dir='ltr'>τοῦτο</span> <span class='ocrx_word' id='word_1_264' title='bbox 1145 2516 1346 2587; x_wconf 83' lang='grc' dir='ltr'>φυσική</span> <span class='ocrx_word' id='word_1_265' title='bbox 1390 2533 1477 2579; x_wconf 86' lang='grc' dir='ltr'><strong>τις</strong></span> <span class='ocrx_word' id='word_1_266' title='bbox 1527 2514 1846 2568; x_wconf 76' lang='grc' dir='ltr'>ἐνέστακται</span> <span class='ocrx_word' id='word_1_267' title='bbox 1894 2517 2006 2579; x_wconf 80' lang='grc' dir='ltr'>τοῖς</span> 
     </span>
    </p>
   </div>
   <div class='ocr_carea' id='block_1_40' title="bbox 426 2597 2007 2679">
    <p class='ocr_par' dir='ltr' id='par_1_40' title="bbox 426 2597 2007 2679">
     <span class='ocr_line' id='line_1_40' title="bbox 426 2597 2007 2679; baseline 0.006 -28"><span class='ocrx_word' id='word_1_268' title='bbox 426 2597 641 2671; x_wconf 85' lang='grc' dir='ltr'>σώμασι</span> <span class='ocrx_word' id='word_1_269' title='bbox 675 2603 875 2672; x_wconf 81' lang='grc' dir='ltr'>μίξεως</span> <span class='ocrx_word' id='word_1_270' title='bbox 913 2602 1111 2675; x_wconf 72' lang='grc' dir='ltr'>ὄρεξις,</span> <span class='ocrx_word' id='word_1_271' title='bbox 1146 2602 1223 2669; x_wconf 84' lang='grc' dir='ltr'>ὡς</span> <span class='ocrx_word' id='word_1_272' title='bbox 1266 2605 1462 2677; x_wconf 80' lang='grc' dir='ltr'>μικροῦ</span> <span class='ocrx_word' id='word_1_273' title='bbox 1503 2607 1719 2679; x_wconf 83' lang='grc' dir='ltr'>ἀνάγκῃ</span> <span class='ocrx_word' id='word_1_274' title='bbox 1755 2606 1863 2659; x_wconf 83' lang='grc' dir='ltr'>τῶν</span> <span class='ocrx_word' id='word_1_275' title='bbox 1905 2607 2007 2677; x_wconf 82' lang='grc' dir='ltr'>τῆς</span> 
     </span>
    </p>
   </div>
   <div class='ocr_carea' id='block_1_41' title="bbox 424 2688 2008 2767">
    <p class='ocr_par' dir='ltr' id='par_1_41' title="bbox 424 2688 2008 2767">
     <span class='ocr_line' id='line_1_41' title="bbox 424 2688 2008 2767; baseline 0.006 -26"><span class='ocrx_word' id='word_1_276' title='bbox 424 2688 639 2757; x_wconf 84' lang='grc' dir='ltr'>φύσεως</span> <span class='ocrx_word' id='word_1_277' title='bbox 685 2693 996 2765; x_wconf 86' lang='grc' dir='ltr'>κινημάτων</span> <span class='ocrx_word' id='word_1_278' title='bbox 1038 2694 1299 2766; x_wconf 79' lang='grc' dir='ltr'>φέρεσθαι</span> <span class='ocrx_word' id='word_1_279' title='bbox 1348 2696 1417 2749; x_wconf 83' lang='grc' dir='ltr'>τὰ</span> <span class='ocrx_word' id='word_1_280' title='bbox 1463 2694 1578 2761; x_wconf 80' lang='grc' dir='ltr'><strong>ζῶα</strong></span> <span class='ocrx_word' id='word_1_281' title='bbox 1608 2697 1745 2767; x_wconf 79' lang='grc' dir='ltr'>πρὸς</span> <span class='ocrx_word' id='word_1_282' title='bbox 1772 2695 1870 2767; x_wconf 82' lang='grc' dir='ltr'>τὴν</span> <span class='ocrx_word' id='word_1_283' title='bbox 1907 2698 2008 2767; x_wconf 81' lang='grc' dir='ltr'>τῆς</span> 
     </span>
    </p>
   </div>
   <div class='ocr_carea' id='block_1_42' title="bbox 422 2781 2005 2860">
    <p class='ocr_par' dir='ltr' id='par_1_42' title="bbox 422 2781 2005 2860">
     <span class='ocr_line' id='line_1_42' title="bbox 422 2781 2005 2860; baseline 0.003 -25"><span class='ocrx_word' id='word_1_284' title='bbox 422 2781 671 2855; x_wconf 80' lang='grc' dir='ltr'>διαδοχῆς</span> <span class='ocrx_word' id='word_1_285' title='bbox 718 2785 1010 2856; x_wconf 78' lang='grc' dir='ltr'>ἐργασίαν,</span> <span class='ocrx_word' id='word_1_286' title='bbox 1057 2786 1471 2860; x_wconf 84' lang='grc' dir='ltr'>ὑπερϐαλλούσῃ</span> <span class='ocrx_word' id='word_1_287' title='bbox 1529 2786 1620 2840; x_wconf 86' lang='grc' dir='ltr'><strong>τοῦ</strong></span> <span class='ocrx_word' id='word_1_288' title='bbox 1661 2787 2005 2859; x_wconf 86' lang='grc' dir='ltr'>Δημιουργοῦ</span> 
     </span>
    </p>
   </div>
   <div class='ocr_carea' id='block_1_43' title="bbox 427 2874 2004 2950">
    <p class='ocr_par' dir='ltr' id='par_1_43' title="bbox 427 2874 2004 2950">
     <span class='ocr_line' id='line_1_43' title="bbox 427 2874 2004 2950; baseline 0.003 -24"><span class='ocrx_word' id='word_1_289' title='bbox 427 2874 590 2946; x_wconf 74' lang='grc' dir='ltr'>σοφίᾳ</span> <span class='ocrx_word' id='word_1_290' title='bbox 618 2875 896 2929; x_wconf 79' lang='grc' dir='ltr'>καὶτοῦτο</span> <span class='ocrx_word' id='word_1_291' title='bbox 927 2876 1110 2942; x_wconf 82' lang='grc' dir='ltr'>θέντος</span> <span class='ocrx_word' id='word_1_292' title='bbox 1134 2894 1147 2909; x_wconf 88' lang='grc'><strong>·</strong></span> <span class='ocrx_word' id='word_1_293' title='bbox 1183 2878 1371 2949; x_wconf 78' lang='grc' dir='ltr'>ἐπειδὴ</span> <span class='ocrx_word' id='word_1_294' title='bbox 1423 2878 1532 2949; x_wconf 85' lang='grc' dir='ltr'>γὰρ</span> <span class='ocrx_word' id='word_1_295' title='bbox 1585 2878 1857 2950; x_wconf 74' lang='grc' dir='ltr'>μοχθηραὶ</span> <span class='ocrx_word' id='word_1_296' title='bbox 1907 2879 2004 2949; x_wconf 83' lang='grc' dir='ltr'><strong>μὲν</strong></span> 
     </span>
    </p>
   </div>
   <div class='ocr_carea' id='block_1_44' title="bbox 421 2965 2005 3043">
    <p class='ocr_par' dir='ltr' id='par_1_44' title="bbox 421 2965 2005 3043">
     <span class='ocr_line' id='line_1_44' title="bbox 421 2965 2005 3043; baseline 0.004 -25"><span class='ocrx_word' id='word_1_297' title='bbox 421 2965 668 3034; x_wconf 71' lang='grc' dir='ltr'>γυναιξὶν</span> <span class='ocrx_word' id='word_1_298' title='bbox 706 2968 762 3021; x_wconf 92' lang='grc' dir='ltr'><strong>αί</strong></span> <span class='ocrx_word' id='word_1_299' title='bbox 801 2966 1011 3036; x_wconf 83' lang='grc' dir='ltr'>ὠδῖνες,</span> <span class='ocrx_word' id='word_1_300' title='bbox 1046 2968 1314 3043; x_wconf 79' lang='grc' dir='ltr'>μοχθηραὶ</span> <span class='ocrx_word' id='word_1_301' title='bbox 1345 2969 1404 3024; x_wconf 77' lang='grc' dir='ltr'>δὲ</span> <span class='ocrx_word' id='word_1_302' title='bbox 1443 2970 1667 3043; x_wconf 79' lang='grc' dir='ltr'>ἀνδράσι</span> <span class='ocrx_word' id='word_1_303' title='bbox 1695 2987 1757 3024; x_wconf 90' lang='grc' dir='ltr'><strong>τε</strong></span> <span class='ocrx_word' id='word_1_304' title='bbox 1786 2972 1881 3024; x_wconf 82' lang='grc' dir='ltr'>καὶ</span> <span class='ocrx_word' id='word_1_305' title='bbox 1905 2988 2005 3039; x_wconf 86' lang='grc' dir='ltr'>γυ-</span> 
     </span>
    </p>
   </div>
   <div class='ocr_carea' id='block_1_45' title="bbox 339 3055 2006 3135">
    <p class='ocr_par' dir='ltr' id='par_1_45' title="bbox 339 3055 2006 3135">
     <span class='ocr_line' id='line_1_45' title="bbox 339 3055 2006 3135; baseline 0.007 -28"><span class='ocrx_word' id='word_1_306' title='bbox 339 3101 357 3115; x_wconf 87' lang='grc'><strong>,</strong></span> <span class='ocrx_word' id='word_1_307' title='bbox 421 3056 566 3120; x_wconf 71' lang='grc' dir='ltr'>ναιξὶ</span> <span class='ocrx_word' id='word_1_308' title='bbox 585 3055 693 3111; x_wconf 84' lang='grc' dir='ltr'>τῶν</span> <span class='ocrx_word' id='word_1_309' title='bbox 717 3059 1053 3130; x_wconf 84' lang='grc' dir='ltr'>γιγνομένων</span> <span class='ocrx_word' id='word_1_310' title='bbox 1081 3062 1138 3115; x_wconf 91' lang='grc' dir='ltr'>αἱ</span> <span class='ocrx_word' id='word_1_311' title='bbox 1161 3062 1483 3135; x_wconf 77' lang='grc' dir='ltr'>ἀνατροφαὶ,</span> <span class='ocrx_word' id='word_1_312' title='bbox 1503 3063 1790 3132; x_wconf 83' lang='grc' dir='ltr'>ἀναγκαῖοι</span> <span class='ocrx_word' id='word_1_313' title='bbox 1806 3063 1863 3117; x_wconf 85' lang='grc' dir='ltr'>δὲ</span> <span class='ocrx_word' id='word_1_314' title='bbox 1885 3064 2006 3119; x_wconf 86' lang='grc' dir='ltr'>λίαν</span> 
     </span>
    </p>
   </div>
   <div class='ocr_carea' id='block_1_46' title="bbox 420 3144 2075 3234">
    <p class='ocr_par' dir='ltr' id='par_1_46' title="bbox 420 3144 2075 3234">
     <span class='ocr_line' id='line_1_46' title="bbox 420 3144 2075 3234; baseline 0.011 -43"><span class='ocrx_word' id='word_1_315' title='bbox 420 3144 481 3197; x_wconf 75' lang='grc' dir='ltr'>αἱ</span> <span class='ocrx_word' id='word_1_316' title='bbox 502 3144 741 3217; x_wconf 84' lang='grc' dir='ltr'>διαδοχαί</span> <span class='ocrx_word' id='word_1_317' title='bbox 760 3164 774 3178; x_wconf 77' lang='grc' dir='ltr'><strong>ο</strong></span> <span class='ocrx_word' id='word_1_318' title='bbox 807 3149 841 3219; x_wconf 80' lang='grc' dir='ltr'><strong>ἡ</strong></span> <span class='ocrx_word' id='word_1_319' title='bbox 870 3148 968 3219; x_wconf 82' lang='grc' dir='ltr'>μὲν</span> <span class='ocrx_word' id='word_1_320' title='bbox 991 3147 1171 3219; x_wconf 77' lang='grc' dir='ltr'>ὄρεξις</span> <span class='ocrx_word' id='word_1_321' title='bbox 1199 3150 1439 3219; x_wconf 81' lang='grc' dir='ltr'>φυσικῶς</span> <span class='ocrx_word' id='word_1_322' title='bbox 1478 3154 1726 3218; x_wconf 80' lang='grc' dir='ltr'>κινεῖται,</span> <span class='ocrx_word' id='word_1_323' title='bbox 1758 3158 1852 3206; x_wconf 75' lang='grc' dir='ltr'>καὶ</span> <span class='ocrx_word' id='word_1_324' title='bbox 1881 3154 2006 3226; x_wconf 84' lang='grc' dir='ltr'>τρό-</span> <span class='ocrx_word' id='word_1_325' title='bbox 2032 3176 2075 3234; x_wconf 76' lang='lat' dir='ltr'><strong>C</strong></span> 
     </span>
    </p>
   </div>
   <div class='ocr_carea' id='block_1_47' title="bbox 420 3236 2001 3314">
    <p class='ocr_par' dir='ltr' id='par_1_47' title="bbox 420 3236 2001 3314">
     <span class='ocr_line' id='line_1_47' title="bbox 420 3236 2001 3314; baseline 0.006 -27"><span class='ocrx_word' id='word_1_326' title='bbox 420 3250 524 3288; x_wconf 85' lang='grc' dir='ltr'><strong>πον</strong></span> <span class='ocrx_word' id='word_1_327' title='bbox 546 3236 668 3289; x_wconf 87' lang='grc' dir='ltr'>τινὰ</span> <span class='ocrx_word' id='word_1_328' title='bbox 692 3236 956 3306; x_wconf 74' lang='grc' dir='ltr'>βιάζεται,</span> <span class='ocrx_word' id='word_1_329' title='bbox 985 3240 1014 3291; x_wconf 88' lang='grc' dir='ltr'><strong>ό</strong></span> <span class='ocrx_word' id='word_1_330' title='bbox 1058 3237 1114 3291; x_wconf 82' lang='grc' dir='ltr'>δὲ</span> <span class='ocrx_word' id='word_1_331' title='bbox 1156 3237 1409 3310; x_wconf 79' lang='grc' dir='ltr'>λογισμὸς</span> <span class='ocrx_word' id='word_1_332' title='bbox 1456 3238 1620 3303; x_wconf 89' lang='grc' dir='ltr'>όσίως</span> <span class='ocrx_word' id='word_1_333' title='bbox 1644 3238 1859 3312; x_wconf 85' lang='grc' dir='ltr'>δέχεται</span> <span class='ocrx_word' id='word_1_334' title='bbox 1889 3243 2001 3314; x_wconf 76' lang='grc'><strong>(47)</strong></span> 
     </span>
    </p>
   </div>
   <div class='ocr_carea' id='block_1_48' title="bbox 420 3325 2000 3405">
    <p class='ocr_par' dir='ltr' id='par_1_48' title="bbox 420 3325 2000 3405">
     <span class='ocr_line' id='line_1_48' title="bbox 420 3325 2000 3405; baseline 0.005 -28"><span class='ocrx_word' id='word_1_335' title='bbox 420 3325 877 3398; x_wconf 71' lang='grc' dir='ltr'>προύργιαιτέραν</span> <span class='ocrx_word' id='word_1_336' title='bbox 901 3326 1001 3396; x_wconf 85' lang='grc' dir='ltr'><strong>τῆς</strong></span> <span class='ocrx_word' id='word_1_337' title='bbox 1034 3326 1226 3398; x_wconf 77' lang='grc' dir='ltr'>ἡδονῆς</span> <span class='ocrx_word' id='word_1_338' title='bbox 1268 3328 1537 3382; x_wconf 86' lang='grc' dir='ltr'>ποιεῖσθαι</span> <span class='ocrx_word' id='word_1_339' title='bbox 1584 3329 1683 3401; x_wconf 83' lang='grc' dir='ltr'>τὴν</span> <span class='ocrx_word' id='word_1_340' title='bbox 1724 3330 2000 3405; x_wconf 42' lang='grc' dir='ltr'>διαδοχήνιο</span> 
     </span>
    </p>
   </div>
   <div class='ocr_carea' id='block_1_49' title="bbox 421 3416 2003 3497">
    <p class='ocr_par' dir='ltr' id='par_1_49' title="bbox 421 3416 2003 3497">
     <span class='ocr_line' id='line_1_49' title="bbox 421 3416 2003 3497; baseline -0.008 -26"><span class='ocrx_word' id='word_1_341' title='bbox 421 3418 516 3471; x_wconf 76' lang='grc' dir='ltr'>καὶ</span> <span class='ocrx_word' id='word_1_342' title='bbox 558 3416 796 3481; x_wconf 85' lang='grc' dir='ltr'>ἀναίτιος</span> <span class='ocrx_word' id='word_1_343' title='bbox 826 3417 935 3472; x_wconf 83' lang='grc' dir='ltr'><strong>τῶν</strong></span> <span class='ocrx_word' id='word_1_344' title='bbox 963 3418 1231 3489; x_wconf 84' lang='grc' dir='ltr'>σωμάτων</span> <span class='ocrx_word' id='word_1_345' title='bbox 1284 3423 1319 3491; x_wconf 85' lang='grc' dir='ltr'><strong>ή</strong></span> <span class='ocrx_word' id='word_1_346' title='bbox 1372 3420 1556 3494; x_wconf 73' lang='grc' dir='ltr'>ἡδονὴ,</span> <span class='ocrx_word' id='word_1_347' title='bbox 1602 3422 1716 3492; x_wconf 74' lang='grc' dir='ltr'>εἴγε</span> <span class='ocrx_word' id='word_1_348' title='bbox 1758 3423 2003 3497; x_wconf 73' lang='grc' dir='ltr'><strong>λογισμῷ</strong></span> 
     </span>
    </p>
   </div>
   <div class='ocr_carea' id='block_1_50' title="bbox 421 3507 1547 3584">
    <p class='ocr_par' dir='ltr' id='par_1_50' title="bbox 421 3507 1547 3584">
     <span class='ocr_line' id='line_1_50' title="bbox 421 3507 1547 3584; baseline 0.004 -24"><span class='ocrx_word' id='word_1_349' title='bbox 421 3509 518 3561; x_wconf 75' lang='grc' dir='ltr'>καὶ</span> <span class='ocrx_word' id='word_1_350' title='bbox 549 3507 699 3580; x_wconf 78' lang='grc' dir='ltr'>νόμῳ</span> <span class='ocrx_word' id='word_1_351' title='bbox 725 3507 819 3563; x_wconf 90' lang='grc' dir='ltr'><strong>τοῦ</strong></span> <span class='ocrx_word' id='word_1_352' title='bbox 855 3511 1181 3582; x_wconf 79' lang='grc' dir='ltr'>ποιήσαντος</span> <span class='ocrx_word' id='word_1_353' title='bbox 1206 3511 1547 3584; x_wconf 82' lang='grc' dir='ltr'>ἀκολουθοίη.</span> 
     </span>
    </p>
   </div>
   <div class='ocr_carea' id='block_1_51' title="bbox 492 3679 2003 3760">
    <p class='ocr_par' dir='ltr' id='par_1_51' title="bbox 492 3679 2003 3760">
     <span class='ocr_line' id='line_1_51' title="bbox 492 3679 2003 3760; baseline 0.003 -21"><span class='ocrx_word' id='word_1_354' title='bbox 492 3685 557 3739; x_wconf 87' lang='grc' dir='ltr'>Οί</span> <span class='ocrx_word' id='word_1_355' title='bbox 578 3684 634 3739; x_wconf 82' lang='grc' dir='ltr'>δὲ</span> <span class='ocrx_word' id='word_1_356' title='bbox 658 3684 757 3758; x_wconf 80' lang='grc' dir='ltr'>τὴν</span> <span class='ocrx_word' id='word_1_357' title='bbox 789 3684 1261 3758; x_wconf 57' lang='grc' dir='ltr'>ηδονηνπολλάκις</span> <span class='ocrx_word' id='word_1_358' title='bbox 1289 3679 1663 3760; x_wconf 81' lang='grc' dir='ltr'>καρπούμενοι</span> <span class='ocrx_word' id='word_1_359' title='bbox 1686 3685 1748 3741; x_wconf 75' lang='grc' dir='ltr'><strong>τὸ</strong></span> <span class='ocrx_word' id='word_1_360' title='bbox 1775 3689 1872 3743; x_wconf 87' lang='grc' dir='ltr'>ἀπ’</span> <span class='ocrx_word' id='word_1_361' title='bbox 1904 3689 2003 3742; x_wconf 82' lang='grc' dir='ltr'>αὑ-</span> 
     </span>
    </p>
   </div>
   <div class='ocr_carea' id='block_1_52' title="bbox 419 3775 2002 3854">
    <p class='ocr_par' dir='ltr' id='par_1_52' title="bbox 419 3775 2002 3854">
     <span class='ocr_line' id='line_1_52' title="bbox 419 3775 2002 3854; baseline 0.004 -25"><span class='ocrx_word' id='word_1_362' title='bbox 419 3776 521 3847; x_wconf 85' lang='grc' dir='ltr'><strong>τῆς</strong></span> <span class='ocrx_word' id='word_1_363' title='bbox 547 3775 705 3848; x_wconf 67' lang='grc' dir='ltr'>ἔργον</span> <span class='ocrx_word' id='word_1_364' title='bbox 740 3777 1051 3846; x_wconf 84' lang='grc' dir='ltr'>ἀναγκαίως</span> <span class='ocrx_word' id='word_1_365' title='bbox 1080 3778 1328 3850; x_wconf 90' lang='grc' dir='ltr'>μισοῦσι·</span> <span class='ocrx_word' id='word_1_366' title='bbox 1358 3780 1452 3834; x_wconf 78' lang='grc' dir='ltr'><strong>καὶ</strong></span> <span class='ocrx_word' id='word_1_367' title='bbox 1493 3779 2002 3854; x_wconf 69' lang='grc' dir='ltr'>παρεγγυῶσισπαρ’</span> 
     </span>
    </p>
   </div>
   <div class='ocr_carea' id='block_1_53' title="bbox 418 3870 2004 3947">
    <p class='ocr_par' dir='ltr' id='par_1_53' title="bbox 418 3870 2004 3947">
     <span class='ocr_line' id='line_1_53' title="bbox 418 3870 2004 3947; baseline 0.004 -24"><span class='ocrx_word' id='word_1_368' title='bbox 418 3870 679 3939; x_wconf 85' lang='grc' dir='ltr'>ἀγγελίαν</span> <span class='ocrx_word' id='word_1_369' title='bbox 697 3873 814 3936; x_wconf 84' lang='grc' dir='ltr'>ταῖς</span> <span class='ocrx_word' id='word_1_370' title='bbox 827 3873 1195 3944; x_wconf 83' lang='grc' dir='ltr'>ἑπαγομέναις</span> <span class='ocrx_word' id='word_1_371' title='bbox 1221 3874 1616 3946; x_wconf 81' lang='grc' dir='ltr'>ὲφαλλομέναις</span> <span class='ocrx_word' id='word_1_372' title='bbox 1644 3877 2004 3947; x_wconf 89' lang='grc' dir='ltr'>μαγγανείαις</span> 
     </span>
    </p>
   </div>
   <div class='ocr_carea' id='block_1_54' title="bbox 418 3962 2003 4038">
    <p class='ocr_par' dir='ltr' id='par_1_54' title="bbox 418 3962 2003 4038">
     <span class='ocr_line' id='line_1_54' title="bbox 418 3962 2003 4038; baseline 0.004 -23"><span class='ocrx_word' id='word_1_373' title='bbox 418 3962 522 4026; x_wconf 75' lang='grc' dir='ltr'>τὰς</span> <span class='ocrx_word' id='word_1_374' title='bbox 580 3962 870 4036; x_wconf 83' lang='grc' dir='ltr'>συλλήψεις</span> <span class='ocrx_word' id='word_1_375' title='bbox 899 3965 1099 4019; x_wconf 84' lang='grc' dir='ltr'>κλείειν</span> <span class='ocrx_word' id='word_1_376' title='bbox 1136 3983 1196 4019; x_wconf 91' lang='grc' dir='ltr'><strong>τε</strong></span> <span class='ocrx_word' id='word_1_377' title='bbox 1235 3966 1330 4021; x_wconf 76' lang='grc' dir='ltr'>καὶ</span> <span class='ocrx_word' id='word_1_378' title='bbox 1375 3966 1608 4038; x_wconf 76' lang='grc' dir='ltr'>ῥίπτειν,</span> <span class='ocrx_word' id='word_1_379' title='bbox 1656 3969 1751 4022; x_wconf 78' lang='grc' dir='ltr'><strong>καὶ</strong></span> <span class='ocrx_word' id='word_1_380' title='bbox 1781 3969 1909 4033; x_wconf 81' lang='grc' dir='ltr'>τοὺς</span> <span class='ocrx_word' id='word_1_381' title='bbox 1945 3970 2003 4021; x_wconf 74' lang='grc' dir='ltr'>ὲν</span> 
     </span>
    </p>
   </div>
   <div class='ocr_carea' id='block_1_55' title="bbox 416 4054 2002 4132">
    <p class='ocr_par' dir='ltr' id='par_1_55' title="bbox 416 4054 2002 4132">
     <span class='ocr_line' id='line_1_55' title="bbox 416 4054 2002 4132; baseline 0.004 -23"><span class='ocrx_word' id='word_1_382' title='bbox 416 4054 540 4128; x_wconf 61' lang='grc' dir='ltr'><strong>ὥρᾳ</strong></span> <span class='ocrx_word' id='word_1_383' title='bbox 564 4057 756 4121; x_wconf 90' lang='grc' dir='ltr'>τόκους</span> <span class='ocrx_word' id='word_1_384' title='bbox 793 4057 867 4130; x_wconf 83' lang='grc' dir='ltr'>μὴ</span> <span class='ocrx_word' id='word_1_385' title='bbox 900 4059 1210 4130; x_wconf 79' lang='grc' dir='ltr'>ἀναμένειν,</span> <span class='ocrx_word' id='word_1_386' title='bbox 1231 4059 1307 4124; x_wconf 83' lang='grc' dir='ltr'>ὡς</span> <span class='ocrx_word' id='word_1_387' title='bbox 1336 4059 1526 4113; x_wconf 83' lang='grc' dir='ltr'>τούτου</span> <span class='ocrx_word' id='word_1_388' title='bbox 1554 4077 1619 4130; x_wconf 87' lang='grc' dir='ltr'><strong>γε</strong></span> <span class='ocrx_word' id='word_1_389' title='bbox 1648 4060 1811 4132; x_wconf 87' lang='grc' dir='ltr'>μόνου</span> <span class='ocrx_word' id='word_1_390' title='bbox 1829 4060 2002 4115; x_wconf 82' lang='grc' dir='ltr'>δεινοῦ</span> 
     </span>
    </p>
   </div>
   <div class='ocr_carea' id='block_1_56' title="bbox 416 4148 2005 4225">
    <p class='ocr_par' dir='ltr' id='par_1_56' title="bbox 416 4148 2005 4225">
     <span class='ocr_line' id='line_1_56' title="bbox 416 4148 2005 4225; baseline 0.004 -25"><span class='ocrx_word' id='word_1_391' title='bbox 416 4149 516 4201; x_wconf 73' lang='grc' dir='ltr'><strong>καὶ</strong></span> <span class='ocrx_word' id='word_1_392' title='bbox 563 4148 818 4220; x_wconf 85' lang='grc' dir='ltr'>χαλεποῦ·</span> <span class='ocrx_word' id='word_1_393' title='bbox 854 4151 1208 4221; x_wconf 80' lang='grc' dir='ltr'>τυγχάνοντες</span> <span class='ocrx_word' id='word_1_394' title='bbox 1252 4151 1435 4224; x_wconf 77' lang='grc' dir='ltr'>ἐχθροὶ</span> <span class='ocrx_word' id='word_1_395' title='bbox 1487 4153 1587 4224; x_wconf 84' lang='grc' dir='ltr'>τῆς</span> <span class='ocrx_word' id='word_1_396' title='bbox 1619 4153 1835 4222; x_wconf 81' lang='grc' dir='ltr'>φύσεως</span> <span class='ocrx_word' id='word_1_397' title='bbox 1876 4155 2005 4225; x_wconf 82' lang='grc' dir='ltr'>ὲγη-</span> 
     </span>
    </p>
   </div>
   <div class='ocr_carea' id='block_1_57' title="bbox 413 4239 1997 4314">
    <p class='ocr_par' dir='ltr' id='par_1_57' title="bbox 413 4239 1997 4314">
     <span class='ocr_line' id='line_1_57' title="bbox 413 4239 1997 4314; baseline 0.003 -23"><span class='ocrx_word' id='word_1_398' title='bbox 413 4239 696 4311; x_wconf 84' lang='grc' dir='ltr'>γερμένοι,</span> <span class='ocrx_word' id='word_1_399' title='bbox 738 4240 938 4312; x_wconf 75' lang='grc' dir='ltr'>μᾶλλον</span> <span class='ocrx_word' id='word_1_400' title='bbox 966 4241 1023 4293; x_wconf 80' lang='grc' dir='ltr'>δὲ</span> <span class='ocrx_word' id='word_1_401' title='bbox 1073 4240 1166 4295; x_wconf 89' lang='grc' dir='ltr'><strong>τοῦ</strong></span> <span class='ocrx_word' id='word_1_402' title='bbox 1214 4241 1421 4314; x_wconf 88' lang='grc' dir='ltr'>ταύτην</span> <span class='ocrx_word' id='word_1_403' title='bbox 1473 4240 1997 4313; x_wconf 86' lang='grc' dir='ltr'>δημιουργήσαντος,</span> 
     </span>
    </p>
   </div>
   <div class='ocr_carea' id='block_1_58' title="bbox 414 4330 2003 4402">
    <p class='ocr_par' dir='ltr' id='par_1_58' title="bbox 414 4330 2003 4402">
     <span class='ocr_line' id='line_1_58' title="bbox 414 4330 2003 4402; baseline 0.002 -20"><span class='ocrx_word' id='word_1_404' title='bbox 414 4330 513 4383; x_wconf 79' lang='grc' dir='ltr'><strong>καὶ</strong></span> <span class='ocrx_word' id='word_1_405' title='bbox 563 4332 759 4401; x_wconf 88' lang='grc' dir='ltr'>μανίαν</span> <span class='ocrx_word' id='word_1_406' title='bbox 792 4331 933 4385; x_wconf 87' lang='grc' dir='ltr'><strong>κατά</strong></span> <span class='ocrx_word' id='word_1_407' title='bbox 967 4330 1119 4385; x_wconf 87' lang='grc' dir='ltr'>τοῦδε</span> <span class='ocrx_word' id='word_1_408' title='bbox 1146 4330 1239 4385; x_wconf 87' lang='grc' dir='ltr'><strong>τοῦ</strong></span> <span class='ocrx_word' id='word_1_409' title='bbox 1272 4331 1471 4395; x_wconf 84' lang='grc' dir='ltr'>παντὸς</span> <span class='ocrx_word' id='word_1_410' title='bbox 1504 4331 1855 4402; x_wconf 67' lang='grc' dir='ltr'>ἐκμαθόντες</span> <span class='ocrx_word' id='word_1_411' title='bbox 1890 4334 2003 4386; x_wconf 77' lang='grc' dir='ltr'><strong>Καὶ</strong></span> 
     </span>
    </p>
   </div>
   <div class='ocr_carea' id='block_1_59' title="bbox 409 4423 2001 4499">
    <p class='ocr_par' dir='ltr' id='par_1_59' title="bbox 409 4423 2001 4499">
     <span class='ocr_line' id='line_1_59' title="bbox 409 4423 2001 4499; baseline 0.001 -23"><span class='ocrx_word' id='word_1_412' title='bbox 409 4423 506 4479; x_wconf 76' lang='grc' dir='ltr'>διὰ</span> <span class='ocrx_word' id='word_1_413' title='bbox 558 4426 630 4492; x_wconf 88' lang='grc' dir='ltr'><strong>τί,</strong></span> <span class='ocrx_word' id='word_1_414' title='bbox 680 4425 864 4495; x_wconf 75' lang='grc' dir='ltr'>φασὶν,</span> <span class='ocrx_word' id='word_1_415' title='bbox 908 4426 1203 4497; x_wconf 75' lang='grc' dir='ltr'>ἐνυπάρχει</span> <span class='ocrx_word' id='word_1_416' title='bbox 1241 4427 1354 4490; x_wconf 87' lang='grc' dir='ltr'>τοῖς</span> <span class='ocrx_word' id='word_1_417' title='bbox 1398 4424 1644 4498; x_wconf 84' lang='grc' dir='ltr'>σώμασιν</span> <span class='ocrx_word' id='word_1_418' title='bbox 1671 4428 1706 4498; x_wconf 82' lang='grc' dir='ltr'>ἡ</span> <span class='ocrx_word' id='word_1_419' title='bbox 1735 4425 1872 4499; x_wconf 83' lang='grc' dir='ltr'>πρὸς</span> <span class='ocrx_word' id='word_1_420' title='bbox 1901 4426 2001 4490; x_wconf 83' lang='grc' dir='ltr'>τὰς</span> 
     </span>
    </p>
   </div>
   <div class='ocr_carea' id='block_1_60' title="bbox 416 4517 933 4590">
    <p class='ocr_par' dir='ltr' id='par_1_60' title="bbox 416 4517 933 4590">
     <span class='ocr_line' id='line_1_60' title="bbox 416 4517 933 4590; baseline -0.004 -17"><span class='ocrx_word' id='word_1_421' title='bbox 416 4517 596 4590; x_wconf 77' lang='grc' dir='ltr'>μίξεις</span> <span class='ocrx_word' id='word_1_422' title='bbox 638 4517 933 4589; x_wconf 81' lang='grc' dir='ltr'>ὲπιθυμία;</span> 
     </span>
    </p>
   </div>
   <div class='ocr_carea' id='block_1_61' title="bbox 492 4632 1998 4709">
    <p class='ocr_par' dir='ltr' id='par_1_61' title="bbox 492 4632 1998 4709">
     <span class='ocr_line' id='line_1_61' title="bbox 492 4632 1998 4709; baseline 0.001 -20"><span class='ocrx_word' id='word_1_423' title='bbox 492 4635 618 4699; x_wconf 85' lang='grc' dir='ltr'><strong>Πῶς</strong></span> <span class='ocrx_word' id='word_1_424' title='bbox 650 4633 695 4688; x_wconf 79' lang='grc' dir='ltr'>δ’</span> <span class='ocrx_word' id='word_1_425' title='bbox 722 4633 787 4688; x_wconf 80' lang='grc' dir='ltr'><strong>ἂν</strong></span> <span class='ocrx_word' id='word_1_426' title='bbox 815 4632 1018 4704; x_wconf 81' lang='grc' dir='ltr'>ὑπέστη</span> <span class='ocrx_word' id='word_1_427' title='bbox 1052 4633 1150 4705; x_wconf 82' lang='grc' dir='ltr'>τῆς</span> <span class='ocrx_word' id='word_1_428' title='bbox 1180 4635 1238 4687; x_wconf 84' lang='grc' dir='ltr'>ὲν</span> <span class='ocrx_word' id='word_1_429' title='bbox 1267 4633 1424 4706; x_wconf 80' lang='grc' dir='ltr'>μέρει</span> <span class='ocrx_word' id='word_1_430' title='bbox 1455 4651 1519 4704; x_wconf 89' lang='grc' dir='ltr'><strong>γε</strong></span> <span class='ocrx_word' id='word_1_431' title='bbox 1556 4636 1908 4709; x_wconf 77' lang='grc' dir='ltr'>σωφροσύνης</span> <span class='ocrx_word' id='word_1_432' title='bbox 1935 4635 1998 4689; x_wconf 85' lang='grc' dir='ltr'>τὸ</span> 
     </span>
    </p>
   </div>
   <div class='ocr_carea' id='block_1_62' title="bbox 411 4723 2007 4801">
    <p class='ocr_par' dir='ltr' id='par_1_62' title="bbox 411 4723 2007 4801">
     <span class='ocr_line' id='line_1_62' title="bbox 411 4723 2007 4801; baseline -0.009 -17"><span class='ocrx_word' id='word_1_433' title='bbox 411 4728 614 4791; x_wconf 72' lang='grc' dir='ltr'>καλλος</span> <span class='ocrx_word' id='word_1_434' title='bbox 651 4729 709 4779; x_wconf 82' lang='grc' dir='ltr'>ὲν</span> <span class='ocrx_word' id='word_1_435' title='bbox 740 4726 1067 4798; x_wconf 83' lang='grc' dir='ltr'>ἀνθρώποις,</span> <span class='ocrx_word' id='word_1_436' title='bbox 1103 4726 1151 4777; x_wconf 86' lang='grc' dir='ltr'>εἰ</span> <span class='ocrx_word' id='word_1_437' title='bbox 1190 4726 1265 4797; x_wconf 85' lang='grc' dir='ltr'>μὴ</span> <span class='ocrx_word' id='word_1_438' title='bbox 1291 4724 1452 4794; x_wconf 87' lang='grc' dir='ltr'>φύσει</span> <span class='ocrx_word' id='word_1_439' title='bbox 1487 4728 1584 4798; x_wconf 79' lang='grc' dir='ltr'>μὲν</span> <span class='ocrx_word' id='word_1_440' title='bbox 1612 4723 1681 4800; x_wconf 80' lang='grc' dir='ltr'>ἦν</span> <span class='ocrx_word' id='word_1_441' title='bbox 1721 4728 1780 4782; x_wconf 76' lang='grc' dir='ltr'><strong>τὸ</strong></span> <span class='ocrx_word' id='word_1_442' title='bbox 1823 4727 2007 4801; x_wconf 67' lang='grc' dir='ltr'>ἐρεθί-</span> 
     </span>
    </p>
   </div>
   <div class='ocr_carea' id='block_1_63' title="bbox 417 4814 1999 4891">
    <p class='ocr_par' dir='ltr' id='par_1_63' title="bbox 417 4814 1999 4891">
     <span class='ocr_line' id='line_1_63' title="bbox 417 4814 1999 4891; baseline -0.001 -17"><span class='ocrx_word' id='word_1_443' title='bbox 417 4822 532 4887; x_wconf 84' lang='grc' dir='ltr'>ζον,</span> <span class='ocrx_word' id='word_1_444' title='bbox 569 4817 772 4889; x_wconf 87' lang='grc' dir='ltr'>λογικῷ</span> <span class='ocrx_word' id='word_1_445' title='bbox 813 4817 871 4870; x_wconf 79' lang='grc' dir='ltr'>δὲ</span> <span class='ocrx_word' id='word_1_446' title='bbox 899 4816 1292 4888; x_wconf 85' lang='grc' dir='ltr'>κατεχόμενον;</span> <span class='ocrx_word' id='word_1_447' title='bbox 1317 4816 1420 4870; x_wconf 89' lang='grc' dir='ltr'><strong>ποῦ</strong></span> <span class='ocrx_word' id='word_1_448' title='bbox 1464 4816 1510 4870; x_wconf 88' lang='grc' dir='ltr'>δ’</span> <span class='ocrx_word' id='word_1_449' title='bbox 1538 4818 1604 4873; x_wconf 81' lang='grc' dir='ltr'><strong>ἂν</strong></span> <span class='ocrx_word' id='word_1_450' title='bbox 1631 4814 1699 4891; x_wconf 77' lang='grc' dir='ltr'>ἦν</span> <span class='ocrx_word' id='word_1_451' title='bbox 1732 4820 1999 4891; x_wconf 88' lang='grc' dir='ltr'>παρθενία</span> 
     </span>
    </p>
   </div>
   <div class='ocr_carea' id='block_1_64' title="bbox 419 4908 1997 4983">
    <p class='ocr_par' dir='ltr' id='par_1_64' title="bbox 419 4908 1997 4983">
     <span class='ocr_line' id='line_1_64' title="bbox 419 4908 1997 4983; baseline 0.005 -26"><span class='ocrx_word' id='word_1_452' title='bbox 419 4911 571 4983; x_wconf 75' lang='grc' dir='ltr'>παρὰ</span> <span class='ocrx_word' id='word_1_453' title='bbox 615 4908 879 4979; x_wconf 72' lang='grc' dir='ltr'>γυναιξὶν,</span> <span class='ocrx_word' id='word_1_454' title='bbox 918 4908 952 4980; x_wconf 81' lang='grc' dir='ltr'><strong>ἢ</strong></span> <span class='ocrx_word' id='word_1_455' title='bbox 1001 4910 1130 4979; x_wconf 87' lang='grc' dir='ltr'>παρ’</span> <span class='ocrx_word' id='word_1_456' title='bbox 1168 4908 1428 4980; x_wconf 84' lang='grc' dir='ltr'>ἀνδράσιν</span> <span class='ocrx_word' id='word_1_457' title='bbox 1476 4909 1847 4981; x_wconf 86' lang='grc' dir='ltr'>ἀπειρογαμία</span> <span class='ocrx_word' id='word_1_458' title='bbox 1898 4911 1997 4983; x_wconf 78' lang='grc' dir='ltr'><strong>τὴν</strong></span> 
     </span>
    </p>
   </div>
   <div class='ocr_carea' id='block_1_65' title="bbox 419 5000 1995 5074">
    <p class='ocr_par' dir='ltr' id='par_1_65' title="bbox 419 5000 1995 5074">
     <span class='ocr_line' id='line_1_65' title="bbox 419 5000 1995 5074; baseline 0.018 -32"><span class='ocrx_word' id='word_1_459' title='bbox 419 5001 602 5073; x_wconf 69' lang='grc' dir='ltr'><strong>κοινὴν</strong></span> <span class='ocrx_word' id='word_1_460' title='bbox 636 5000 987 5073; x_wconf 80' lang='grc' dir='ltr'>σωφροσύνην</span> <span class='ocrx_word' id='word_1_461' title='bbox 1020 5001 1516 5074; x_wconf 85' lang='grc' dir='ltr'>παρευδοκιμοῦσα,</span> <span class='ocrx_word' id='word_1_462' title='bbox 1538 5002 1587 5054; x_wconf 85' lang='grc' dir='ltr'><strong>εί</strong></span> <span class='ocrx_word' id='word_1_463' title='bbox 1619 5003 1694 5072; x_wconf 85' lang='grc' dir='ltr'><strong>μὴ</strong></span> <span class='ocrx_word' id='word_1_464' title='bbox 1719 5000 1995 5074; x_wconf 76' lang='grc' dir='ltr'>λογισμὸς,</span> 
     </span>
    </p>
   </div>
   <div class='ocr_carea' id='block_1_66' title="bbox 418 5085 1999 5164">
    <p class='ocr_par' dir='ltr' id='par_1_66' title="bbox 418 5085 1999 5164">
     <span class='ocr_line' id='line_1_66' title="bbox 418 5085 1999 5164; baseline -0.002 -18"><span class='ocrx_word' id='word_1_465' title='bbox 418 5093 597 5147; x_wconf 78' lang='grc' dir='ltr'>καὶτὸ</span> <span class='ocrx_word' id='word_1_466' title='bbox 628 5091 763 5164; x_wconf 82' lang='grc' dir='ltr'>πρὸς</span> <span class='ocrx_word' id='word_1_467' title='bbox 788 5090 1098 5162; x_wconf 81' lang='grc' dir='ltr'>ἁγιωσύνην</span> <span class='ocrx_word' id='word_1_468' title='bbox 1122 5089 1342 5163; x_wconf 87' lang='grc' dir='ltr'>φίλτρον</span> <span class='ocrx_word' id='word_1_469' title='bbox 1363 5085 1544 5161; x_wconf 72' lang='grc' dir='ltr'>εἴχενς</span> <span class='ocrx_word' id='word_1_470' title='bbox 1577 5090 1605 5143; x_wconf 86' lang='grc' dir='ltr'>ὅ</span> <span class='ocrx_word' id='word_1_471' title='bbox 1622 5105 1685 5157; x_wconf 89' lang='grc' dir='ltr'><strong>γε</strong></span> <span class='ocrx_word' id='word_1_472' title='bbox 1705 5092 1816 5154; x_wconf 87' lang='grc' dir='ltr'>τοῖς</span> <span class='ocrx_word' id='word_1_473' title='bbox 1842 5107 1999 5159; x_wconf 90' lang='grc' dir='ltr'>φυσι-</span> 
     </span>
    </p>
   </div>
   <div class='ocr_carea' id='block_1_67' title="bbox 419 5179 1997 5259">
    <p class='ocr_par' dir='ltr' id='par_1_67' title="bbox 419 5179 1997 5259">
     <span class='ocr_line' id='line_1_67' title="bbox 419 5179 1997 5259; baseline -0.003 -21"><span class='ocrx_word' id='word_1_474' title='bbox 419 5188 538 5251; x_wconf 84' lang='grc' dir='ltr'>κοῖς</span> <span class='ocrx_word' id='word_1_475' title='bbox 571 5183 961 5259; x_wconf 87' lang='grc' dir='ltr'>προσπαλαίον,</span> <span class='ocrx_word' id='word_1_476' title='bbox 994 5182 1322 5255; x_wconf 84' lang='grc' dir='ltr'>νικηφόρους</span> <span class='ocrx_word' id='word_1_477' title='bbox 1361 5179 1632 5259; x_wconf 79' lang='grc' dir='ltr'>ἀναδείξει</span> <span class='ocrx_word' id='word_1_478' title='bbox 1655 5180 1782 5245; x_wconf 80' lang='grc' dir='ltr'>τοὺς</span> <span class='ocrx_word' id='word_1_479' title='bbox 1816 5181 1997 5246; x_wconf 85' lang='grc' dir='ltr'>καλῶς</span> 
     </span>
    </p>
   </div>
   <div class='ocr_carea' id='block_1_68' title="bbox 418 5273 1996 5351">
    <p class='ocr_par' dir='ltr' id='par_1_68' title="bbox 418 5273 1996 5351">
     <span class='ocr_line' id='line_1_68' title="bbox 418 5273 1996 5351; baseline -0.003 -19"><span class='ocrx_word' id='word_1_480' title='bbox 418 5279 518 5351; x_wconf 78' lang='grc' dir='ltr'>τὴν</span> <span class='ocrx_word' id='word_1_481' title='bbox 551 5278 787 5351; x_wconf 75' lang='grc' dir='ltr'>ἔμφυτον</span> <span class='ocrx_word' id='word_1_482' title='bbox 811 5275 1104 5347; x_wconf 71' lang='grc' dir='ltr'>ἐπιθυμίαν</span> <span class='ocrx_word' id='word_1_483' title='bbox 1142 5273 1493 5347; x_wconf 78' lang='grc' dir='ltr'>βιαζομένους</span> <span class='ocrx_word' id='word_1_484' title='bbox 1514 5314 1529 5339; x_wconf 94' lang='grc'><strong>,</strong></span> <span class='ocrx_word' id='word_1_485' title='bbox 1564 5274 1625 5327; x_wconf 85' lang='grc' dir='ltr'><strong>ού</strong></span> <span class='ocrx_word' id='word_1_486' title='bbox 1670 5274 1807 5347; x_wconf 81' lang='grc' dir='ltr'>πρὸς</span> <span class='ocrx_word' id='word_1_487' title='bbox 1838 5273 1996 5346; x_wconf 79' lang='grc' dir='ltr'>ὓϐριν</span> 
     </span>
    </p>
   </div>
   <div class='ocr_carea' id='block_1_69' title="bbox 418 5362 1994 5440">
    <p class='ocr_par' dir='ltr' id='par_1_69' title="bbox 418 5362 1994 5440">
     <span class='ocr_line' id='line_1_69' title="bbox 418 5362 1994 5440; baseline -0.004 -17"><span class='ocrx_word' id='word_1_488' title='bbox 418 5368 521 5440; x_wconf 83' lang='grc' dir='ltr'>τῆς</span> <span class='ocrx_word' id='word_1_489' title='bbox 581 5369 814 5439; x_wconf 85' lang='grc' dir='ltr'>φύσεως,</span> <span class='ocrx_word' id='word_1_490' title='bbox 869 5366 1006 5422; x_wconf 89' lang='grc' dir='ltr'><strong>ἀλλά</strong></span> <span class='ocrx_word' id='word_1_491' title='bbox 1048 5366 1184 5438; x_wconf 81' lang='grc' dir='ltr'>πρὸς</span> <span class='ocrx_word' id='word_1_492' title='bbox 1220 5365 1450 5438; x_wconf 79' lang='grc' dir='ltr'>ἄσκησιν</span> <span class='ocrx_word' id='word_1_493' title='bbox 1483 5362 1779 5436; x_wconf 85' lang='grc' dir='ltr'>καρτερίας</span> <span class='ocrx_word' id='word_1_494' title='bbox 1812 5379 1870 5418; x_wconf 88' lang='grc' dir='ltr'><strong>τε</strong></span> <span class='ocrx_word' id='word_1_495' title='bbox 1899 5364 1994 5417; x_wconf 76' lang='grc' dir='ltr'><strong>καὶ</strong></span> 
     </span>
    </p>
   </div>
   <div class='ocr_carea' id='block_1_70' title="bbox 421 5461 942 5533">
    <p class='ocr_par' dir='ltr' id='par_1_70' title="bbox 421 5461 942 5533">
     <span class='ocr_line' id='line_1_70' title="bbox 421 5461 942 5533; baseline 0.004 -19"><span class='ocrx_word' id='word_1_496' title='bbox 421 5461 752 5533; x_wconf 82' lang='grc' dir='ltr'>ἁγιωσύνης.</span> <span class='ocrx_word' id='word_1_497' title='bbox 936 5471 942 5481; x_wconf 91' lang='grc'><strong>’</strong></span> 
     </span>
    </p>
   </div>
   <div class='ocr_carea' id='block_1_71' title="bbox 494 5632 1987 5708">
    <p class='ocr_par' dir='ltr' id='par_1_71' title="bbox 494 5632 1987 5708">
     <span class='ocr_line' id='line_1_71' title="bbox 494 5632 1987 5708; baseline -0.002 -15"><span class='ocrx_word' id='word_1_498' title='bbox 494 5637 627 5708; x_wconf 74' lang='grc' dir='ltr'><strong>(ιδ’)</strong></span> <span class='ocrx_word' id='word_1_499' title='bbox 657 5638 1028 5706; x_wconf 78' lang='grc' dir='ltr'>Συμϐαίνειν.</span> <span class='ocrx_word' id='word_1_500' title='bbox 1080 5635 1261 5693; x_wconf 84' lang='lat' dir='ltr'><strong>Monet</strong></span> <span class='ocrx_word' id='word_1_501' title='bbox 1312 5634 1633 5708; x_wconf 77' lang='lat' dir='ltr'><strong>Basnagius</strong></span> <span class='ocrx_word' id='word_1_502' title='bbox 1662 5633 1752 5690; x_wconf 88' lang='lat' dir='ltr'><strong>hic</strong></span> <span class='ocrx_word' id='word_1_503' title='bbox 1796 5632 1987 5690; x_wconf 86' lang='lat' dir='ltr'><strong>deesse</strong></span> 
     </span>
    </p>
   </div>
   <div class='ocr_carea' id='block_1_72' title="bbox 417 5705 1910 5780">
    <p class='ocr_par' dir='ltr' id='par_1_72' title="bbox 417 5705 1910 5780">
     <span class='ocr_line' id='line_1_72' title="bbox 417 5705 1910 5780; baseline -0.005 -14"><span class='ocrx_word' id='word_1_504' title='bbox 417 5705 646 5766; x_wconf 69' lang='lat' dir='ltr'><strong>verbum</strong></span> <span class='ocrx_word' id='word_1_505' title='bbox 673 5705 937 5777; x_wconf 74' lang='grc' dir='ltr'>θέλουσιν,</span> <span class='ocrx_word' id='word_1_506' title='bbox 974 5707 1119 5780; x_wconf 87' lang='lat' dir='ltr'><strong>quod</strong></span> <span class='ocrx_word' id='word_1_507' title='bbox 1151 5708 1348 5779; x_wconf 80' lang='lat' dir='ltr'><strong>legisse</strong></span> <span class='ocrx_word' id='word_1_508' title='bbox 1371 5706 1587 5764; x_wconf 89' lang='lat' dir='ltr'><strong>videtur</strong></span> <span class='ocrx_word' id='word_1_509' title='bbox 1622 5705 1910 5775; x_wconf 88' lang='lat' dir='ltr'><strong>interpres.</strong></span> 
     </span>
    </p>
   </div>
   <div class='ocr_carea' id='block_1_73' title="bbox 2109 1866 3683 1944">
    <p class='ocr_par' dir='ltr' id='par_1_73' title="bbox 2109 1866 3683 1944">
     <span class='ocr_line' id='line_1_73' title="bbox 2109 1866 3683 1944; baseline 0.004 -22"><span class='ocrx_word' id='word_1_510' title='bbox 2109 1869 2221 1924; x_wconf 91' lang='lat' dir='ltr'><strong>Deo</strong></span> <span class='ocrx_word' id='word_1_511' title='bbox 2245 1871 2490 1932; x_wconf 83' lang='lat' dir='ltr'><strong>sancitae,</strong></span> <span class='ocrx_word' id='word_1_512' title='bbox 2525 1867 2621 1923; x_wconf 89' lang='lat' dir='ltr'><strong>sed</strong></span> <span class='ocrx_word' id='word_1_513' title='bbox 2644 1882 2753 1921; x_wconf 90' lang='lat' dir='ltr'><strong>non</strong></span> <span class='ocrx_word' id='word_1_514' title='bbox 2782 1866 3109 1938; x_wconf 87' lang='lat' dir='ltr'><strong>voluptatis;</strong></span> <span class='ocrx_word' id='word_1_515' title='bbox 3134 1867 3345 1923; x_wconf 90' lang='lat' dir='ltr'><strong>inimici</strong></span> <span class='ocrx_word' id='word_1_516' title='bbox 3368 1879 3549 1927; x_wconf 87' lang='lat' dir='ltr'><strong>autem</strong></span> <span class='ocrx_word' id='word_1_517' title='bbox 3584 1888 3683 1944; x_wconf 90' lang='lat' dir='ltr'><strong>per</strong></span> 
     </span>
    </p>
   </div>
   <div class='ocr_carea' id='block_1_74' title="bbox 2108 1959 3684 2033">
    <p class='ocr_par' dir='ltr' id='par_1_74' title="bbox 2108 1959 3684 2033">
     <span class='ocr_line' id='line_1_74' title="bbox 2108 1959 3684 2033; baseline 0.004 -19"><span class='ocrx_word' id='word_1_518' title='bbox 2108 1961 2293 2014; x_wconf 87' lang='lat' dir='ltr'><strong>omnia</strong></span> <span class='ocrx_word' id='word_1_519' title='bbox 2336 1975 2479 2014; x_wconf 78' lang='lat' dir='ltr'><strong>verae</strong></span> <span class='ocrx_word' id='word_1_520' title='bbox 2520 1966 2575 2015; x_wconf 89' lang='lat' dir='ltr'><strong>et</strong></span> <span class='ocrx_word' id='word_1_521' title='bbox 2616 1973 2889 2028; x_wconf 71' lang='lat' dir='ltr'><strong>germanae</strong></span> <span class='ocrx_word' id='word_1_522' title='bbox 2923 1959 3144 2015; x_wconf 85' lang='lat' dir='ltr'><strong>virtutis</strong></span> <span class='ocrx_word' id='word_1_523' title='bbox 3188 1976 3253 2015; x_wconf 85' lang='lat' dir='ltr'><strong>ac</strong></span> <span class='ocrx_word' id='word_1_524' title='bbox 3281 1962 3525 2033; x_wconf 90' lang='lat' dir='ltr'><strong>pietatis,</strong></span> <span class='ocrx_word' id='word_1_525' title='bbox 3557 1973 3684 2022; x_wconf 63' lang='lat' dir='ltr'><strong>tan.</strong></span> 
     </span>
    </p>
   </div>
   <div class='ocr_carea' id='block_1_75' title="bbox 2109 2050 3683 2126">
    <p class='ocr_par' dir='ltr' id='par_1_75' title="bbox 2109 2050 3683 2126">
     <span class='ocr_line' id='line_1_75' title="bbox 2109 2050 3683 2126; baseline 0.003 -19"><span class='ocrx_word' id='word_1_526' title='bbox 2109 2068 2274 2123; x_wconf 90' lang='lat' dir='ltr'><strong>quam</strong></span> <span class='ocrx_word' id='word_1_527' title='bbox 2351 2060 2676 2107; x_wconf 85' lang='lat' dir='ltr'><strong>accusantes</strong></span> <span class='ocrx_word' id='word_1_528' title='bbox 2744 2050 2968 2104; x_wconf 89' lang='lat' dir='ltr'><strong>humani</strong></span> <span class='ocrx_word' id='word_1_529' title='bbox 3045 2053 3260 2123; x_wconf 76' lang='lat' dir='ltr'><strong>generis</strong></span> <span class='ocrx_word' id='word_1_530' title='bbox 3346 2057 3683 2126; x_wconf 82' lang='lat' dir='ltr'><strong>perpetuita-</strong></span> 
     </span>
    </p>
   </div>
   <div class='ocr_carea' id='block_1_76' title="bbox 2108 2142 3680 2220">
    <p class='ocr_par' dir='ltr' id='par_1_76' title="bbox 2108 2142 3680 2220">
     <span class='ocr_line' id='line_1_76' title="bbox 2108 2142 3680 2220; baseline 0.005 -23"><span class='ocrx_word' id='word_1_531' title='bbox 2108 2151 2239 2206; x_wconf 86' lang='lat' dir='ltr'><strong>tem,</strong></span> <span class='ocrx_word' id='word_1_532' title='bbox 2292 2154 2346 2199; x_wconf 92' lang='lat' dir='ltr'><strong>et</strong></span> <span class='ocrx_word' id='word_1_533' title='bbox 2392 2144 2637 2199; x_wconf 86' lang='lat' dir='ltr'><strong>volentes</strong></span> <span class='ocrx_word' id='word_1_534' title='bbox 2684 2142 2888 2197; x_wconf 88' lang='lat' dir='ltr'><strong>alicubi</strong></span> <span class='ocrx_word' id='word_1_535' title='bbox 2940 2143 3137 2199; x_wconf 84' lang='lat' dir='ltr'><strong>sistere</strong></span> <span class='ocrx_word' id='word_1_536' title='bbox 3183 2159 3504 2215; x_wconf 87' lang='lat' dir='ltr'><strong>processum</strong></span> <span class='ocrx_word' id='word_1_537' title='bbox 3559 2149 3680 2220; x_wconf 84' lang='lat' dir='ltr'><strong>ejus</strong></span> 
     </span>
    </p>
   </div>
   <div class='ocr_carea' id='block_1_77' title="bbox 2106 2231 3679 2302">
    <p class='ocr_par' dir='ltr' id='par_1_77' title="bbox 2106 2231 3679 2302">
     <span class='ocr_line' id='line_1_77' title="bbox 2106 2231 3679 2302; baseline 0.003 -14"><span class='ocrx_word' id='word_1_538' title='bbox 2106 2233 2452 2297; x_wconf 83' lang='lat' dir='ltr'><strong>naturalem,</strong></span> <span class='ocrx_word' id='word_1_539' title='bbox 2511 2232 2823 2289; x_wconf 87' lang='lat' dir='ltr'><strong>sancientes</strong></span> <span class='ocrx_word' id='word_1_540' title='bbox 2886 2231 3059 2302; x_wconf 87' lang='lat' dir='ltr'><strong>legem</strong></span> <span class='ocrx_word' id='word_1_541' title='bbox 3116 2231 3266 2300; x_wconf 88' lang='lat' dir='ltr'><strong>Deo,</strong></span> <span class='ocrx_word' id='word_1_542' title='bbox 3326 2242 3381 2291; x_wconf 89' lang='lat' dir='ltr'><strong>et</strong></span> <span class='ocrx_word' id='word_1_543' title='bbox 3444 2237 3679 2293; x_wconf 88' lang='lat' dir='ltr'><strong>bonitati</strong></span> 
     </span>
    </p>
   </div>
   <div class='ocr_carea' id='block_1_78' title="bbox 2107 2318 3680 2398">
    <p class='ocr_par' dir='ltr' id='par_1_78' title="bbox 2107 2318 3680 2398">
     <span class='ocr_line' id='line_1_78' title="bbox 2107 2318 3680 2398; baseline 0.006 -24"><span class='ocrx_word' id='word_1_544' title='bbox 2107 2318 2228 2389; x_wconf 84' lang='lat' dir='ltr'><strong>ejus</strong></span> <span class='ocrx_word' id='word_1_545' title='bbox 2263 2328 2675 2387; x_wconf 84' lang='lat' dir='ltr'><strong>succcnsentes,</strong></span> <span class='ocrx_word' id='word_1_546' title='bbox 2704 2335 2810 2393; x_wconf 91' lang='lat' dir='ltr'><strong>qua</strong></span> <span class='ocrx_word' id='word_1_547' title='bbox 2839 2334 3029 2375; x_wconf 87' lang='lat' dir='ltr'><strong>eorum</strong></span> <span class='ocrx_word' id='word_1_548' title='bbox 3050 2321 3445 2395; x_wconf 74' lang='lat' dir='ltr'><strong>blasphemiam</strong></span> <span class='ocrx_word' id='word_1_549' title='bbox 3466 2327 3680 2398; x_wconf 87' lang='lat' dir='ltr'><strong>patien-</strong></span> 
     </span>
    </p>
   </div>
   <div class='ocr_carea' id='block_1_79' title="bbox 2107 2411 2427 2466">
    <p class='ocr_par' dir='ltr' id='par_1_79' title="bbox 2107 2411 2427 2466">
     <span class='ocr_line' id='line_1_79' title="bbox 2107 2411 2427 2466; baseline 0.003 -3"><span class='ocrx_word' id='word_1_550' title='bbox 2107 2418 2189 2466; x_wconf 91' lang='lat' dir='ltr'><strong>ter</strong></span> <span class='ocrx_word' id='word_1_551' title='bbox 2214 2411 2427 2465; x_wconf 84' lang='lat' dir='ltr'><strong>tulerat.</strong></span> 
     </span>
    </p>
   </div>
   <div class='ocr_carea' id='block_1_80' title="bbox 2177 2501 3683 2577">
    <p class='ocr_par' dir='ltr' id='par_1_80' title="bbox 2177 2501 3683 2577">
     <span class='ocr_line' id='line_1_80' title="bbox 2177 2501 3683 2577; baseline 0.004 -20"><span class='ocrx_word' id='word_1_552' title='bbox 2177 2501 2317 2557; x_wconf 83' lang='lat' dir='ltr'><strong>Cum</strong></span> <span class='ocrx_word' id='word_1_553' title='bbox 2368 2502 2572 2574; x_wconf 88' lang='lat' dir='ltr'><strong>alioqui</strong></span> <span class='ocrx_word' id='word_1_554' title='bbox 2620 2506 2893 2562; x_wconf 85' lang='lat' dir='ltr'><strong>naturalis</strong></span> <span class='ocrx_word' id='word_1_555' title='bbox 2937 2504 3163 2577; x_wconf 89' lang='lat' dir='ltr'><strong>quidam</strong></span> <span class='ocrx_word' id='word_1_556' title='bbox 3221 2506 3495 2577; x_wconf 87' lang='lat' dir='ltr'><strong>appetitus</strong></span> <span class='ocrx_word' id='word_1_557' title='bbox 3546 2522 3683 2563; x_wconf 82' lang='lat' dir='ltr'><strong>con-</strong></span> 
     </span>
    </p>
   </div>
   <div class='ocr_carea' id='block_1_81' title="bbox 2107 2596 3683 2670">
    <p class='ocr_par' dir='ltr' id='par_1_81' title="bbox 2107 2596 3683 2670">
     <span class='ocr_line' id='line_1_81' title="bbox 2107 2596 3683 2670; baseline 0.002 -18"><span class='ocrx_word' id='word_1_558' title='bbox 2107 2596 2327 2652; x_wconf 86' lang='lat' dir='ltr'><strong>cubitus</strong></span> <span class='ocrx_word' id='word_1_559' title='bbox 2371 2597 2443 2653; x_wconf 90' lang='lat' dir='ltr'><strong>ob</strong></span> <span class='ocrx_word' id='word_1_560' title='bbox 2480 2612 2599 2653; x_wconf 88' lang='lat' dir='ltr'><strong>eam</strong></span> <span class='ocrx_word' id='word_1_561' title='bbox 2630 2612 2853 2656; x_wconf 91' lang='lat' dir='ltr'><strong>causam</strong></span> <span class='ocrx_word' id='word_1_562' title='bbox 2896 2599 3222 2670; x_wconf 86' lang='lat' dir='ltr'><strong>corporibus</strong></span> <span class='ocrx_word' id='word_1_563' title='bbox 3252 2601 3585 2657; x_wconf 86' lang='lat' dir='ltr'><strong>constitutus</strong></span> <span class='ocrx_word' id='word_1_564' title='bbox 3627 2611 3683 2657; x_wconf 85' lang='lat' dir='ltr'><strong>et</strong></span> 
     </span>
    </p>
   </div>
   <div class='ocr_carea' id='block_1_82' title="bbox 2106 2689 3682 2753">
    <p class='ocr_par' dir='ltr' id='par_1_82' title="bbox 2106 2689 3682 2753">
     <span class='ocr_line' id='line_1_82' title="bbox 2106 2689 3682 2753; baseline 0.003 -9"><span class='ocrx_word' id='word_1_565' title='bbox 2106 2689 2397 2745; x_wconf 85' lang='lat' dir='ltr'><strong>ordinatus</strong></span> <span class='ocrx_word' id='word_1_566' title='bbox 2446 2697 2553 2753; x_wconf 87' lang='lat' dir='ltr'><strong>est,</strong></span> <span class='ocrx_word' id='word_1_567' title='bbox 2609 2697 2670 2744; x_wconf 92' lang='lat' dir='ltr'><strong>ut</strong></span> <span class='ocrx_word' id='word_1_568' title='bbox 2709 2691 2967 2747; x_wconf 89' lang='lat' dir='ltr'><strong>animalia</strong></span> <span class='ocrx_word' id='word_1_569' title='bbox 3019 2691 3137 2748; x_wconf 83' lang='lat' dir='ltr'><strong>fere</strong></span> <span class='ocrx_word' id='word_1_570' title='bbox 3184 2693 3515 2749; x_wconf 87' lang='lat' dir='ltr'><strong>necessitate</strong></span> <span class='ocrx_word' id='word_1_571' title='bbox 3562 2709 3682 2749; x_wconf 86' lang='lat' dir='ltr'><strong>mo-</strong></span> 
     </span>
    </p>
   </div>
   <div class='ocr_carea' id='block_1_83' title="bbox 2106 2780 3683 2839">
    <p class='ocr_par' dir='ltr' id='par_1_83' title="bbox 2106 2780 3683 2839">
     <span class='ocr_line' id='line_1_83' title="bbox 2106 2780 3683 2839; baseline 0.003 -5"><span class='ocrx_word' id='word_1_572' title='bbox 2106 2786 2259 2834; x_wconf 88' lang='lat' dir='ltr'><strong>tuum</strong></span> <span class='ocrx_word' id='word_1_573' title='bbox 2313 2790 2522 2835; x_wconf 74' lang='lat' dir='ltr'><strong>naturae</strong></span> <span class='ocrx_word' id='word_1_574' title='bbox 2571 2780 2640 2835; x_wconf 91' lang='lat' dir='ltr'><strong>ad</strong></span> <span class='ocrx_word' id='word_1_575' title='bbox 2678 2781 3016 2839; x_wconf 79' lang='lat' dir='ltr'><strong>etliciendam</strong></span> <span class='ocrx_word' id='word_1_576' title='bbox 3051 2784 3458 2839; x_wconf 88' lang='lat' dir='ltr'><strong>successionem</strong></span> <span class='ocrx_word' id='word_1_577' title='bbox 3494 2782 3683 2839; x_wconf 81' lang='lat' dir='ltr'><strong>feran-</strong></span> 
     </span>
    </p>
   </div>
   <div class='ocr_carea' id='block_1_84' title="bbox 2111 2873 3680 2946">
    <p class='ocr_par' dir='ltr' id='par_1_84' title="bbox 2111 2873 3680 2946">
     <span class='ocr_line' id='line_1_84' title="bbox 2111 2873 3680 2946; baseline 0.004 -21"><span class='ocrx_word' id='word_1_578' title='bbox 2111 2880 2221 2938; x_wconf 89' lang='lat' dir='ltr'><strong>tur,</strong></span> <span class='ocrx_word' id='word_1_579' title='bbox 2271 2873 2540 2943; x_wconf 89' lang='lat' dir='ltr'><strong>sapientia</strong></span> <span class='ocrx_word' id='word_1_580' title='bbox 2580 2873 2794 2927; x_wconf 88' lang='lat' dir='ltr'><strong>inlinita</strong></span> <span class='ocrx_word' id='word_1_581' title='bbox 2827 2873 3105 2930; x_wconf 82' lang='lat' dir='ltr'><strong>Creatoris</strong></span> <span class='ocrx_word' id='word_1_582' title='bbox 3147 2875 3240 2946; x_wconf 88' lang='lat' dir='ltr'><strong>qui</strong></span> <span class='ocrx_word' id='word_1_583' title='bbox 3276 2874 3384 2930; x_wconf 88' lang='lat' dir='ltr'><strong>hoc</strong></span> <span class='ocrx_word' id='word_1_584' title='bbox 3437 2876 3680 2932; x_wconf 83' lang='lat' dir='ltr'><strong>statuit:</strong></span> 
     </span>
    </p>
   </div>
   <div class='ocr_carea' id='block_1_85' title="bbox 2108 2963 3685 3036">
    <p class='ocr_par' dir='ltr' id='par_1_85' title="bbox 2108 2963 3685 3036">
     <span class='ocr_line' id='line_1_85' title="bbox 2108 2963 3685 3036; baseline 0.003 -19"><span class='ocrx_word' id='word_1_585' title='bbox 2108 2963 2309 3017; x_wconf 90' lang='lat' dir='ltr'><strong>etenim</strong></span> <span class='ocrx_word' id='word_1_586' title='bbox 2357 2965 2487 3035; x_wconf 87' lang='lat' dir='ltr'><strong>quia</strong></span> <span class='ocrx_word' id='word_1_587' title='bbox 2541 2964 2801 3019; x_wconf 87' lang='lat' dir='ltr'><strong>laboriosi</strong></span> <span class='ocrx_word' id='word_1_588' title='bbox 2851 2975 2980 3021; x_wconf 93' lang='lat' dir='ltr'><strong>sunt</strong></span> <span class='ocrx_word' id='word_1_589' title='bbox 3023 2974 3215 3036; x_wconf 88' lang='lat' dir='ltr'><strong>partus</strong></span> <span class='ocrx_word' id='word_1_590' title='bbox 3261 2966 3576 3030; x_wconf 88' lang='lat' dir='ltr'><strong>muliebres.</strong></span> <span class='ocrx_word' id='word_1_591' title='bbox 3604 2967 3685 3021; x_wconf 89' lang='lat' dir='ltr'><strong>Ia-</strong></span> 
     </span>
    </p>
   </div>
   <div class='ocr_carea' id='block_1_86' title="bbox 2114 3051 3685 3112">
    <p class='ocr_par' dir='ltr' id='par_1_86' title="bbox 2114 3051 3685 3112">
     <span class='ocr_line' id='line_1_86' title="bbox 2114 3051 3685 3112; baseline 0.003 -5"><span class='ocrx_word' id='word_1_592' title='bbox 2114 3051 2350 3108; x_wconf 88' lang='lat' dir='ltr'><strong>boriosae</strong></span> <span class='ocrx_word' id='word_1_593' title='bbox 2396 3053 2526 3108; x_wconf 87' lang='lat' dir='ltr'><strong>item</strong></span> <span class='ocrx_word' id='word_1_594' title='bbox 2566 3052 2703 3110; x_wconf 90' lang='lat' dir='ltr'><strong>viris</strong></span> <span class='ocrx_word' id='word_1_595' title='bbox 2739 3061 2795 3110; x_wconf 89' lang='lat' dir='ltr'><strong>et</strong></span> <span class='ocrx_word' id='word_1_596' title='bbox 2835 3052 3056 3110; x_wconf 78' lang='lat' dir='ltr'><strong>feminis</strong></span> <span class='ocrx_word' id='word_1_597' title='bbox 3085 3053 3444 3112; x_wconf 88' lang='lat' dir='ltr'><strong>educationes</strong></span> <span class='ocrx_word' id='word_1_598' title='bbox 3480 3052 3685 3111; x_wconf 79' lang='lat' dir='ltr'><strong>libero-</strong></span> 
     </span>
    </p>
   </div>
   <div class='ocr_carea' id='block_1_87' title="bbox 2110 3143 3684 3215">
    <p class='ocr_par' dir='ltr' id='par_1_87' title="bbox 2110 3143 3684 3215">
     <span class='ocr_line' id='line_1_87' title="bbox 2110 3143 3684 3215; baseline 0.002 -18"><span class='ocrx_word' id='word_1_599' title='bbox 2110 3156 2258 3209; x_wconf 89' lang='lat' dir='ltr'><strong>rum,</strong></span> <span class='ocrx_word' id='word_1_600' title='bbox 2292 3144 2451 3199; x_wconf 82' lang='lat' dir='ltr'><strong>valde</strong></span> <span class='ocrx_word' id='word_1_601' title='bbox 2479 3151 2664 3199; x_wconf 87' lang='lat' dir='ltr'><strong>autem</strong></span> <span class='ocrx_word' id='word_1_602' title='bbox 2694 3143 3025 3200; x_wconf 74' lang='lat' dir='ltr'><strong>necessariae</strong></span> <span class='ocrx_word' id='word_1_603' title='bbox 3050 3144 3439 3201; x_wconf 86' lang='lat' dir='ltr'><strong>successiones</strong></span> <span class='ocrx_word' id='word_1_604' title='bbox 3470 3162 3487 3212; x_wconf 88' lang='lat'><strong>;</strong></span> <span class='ocrx_word' id='word_1_605' title='bbox 3517 3160 3684 3215; x_wconf 88' lang='lat' dir='ltr'><strong>appe-</strong></span> 
     </span>
    </p>
   </div>
   <div class='ocr_carea' id='block_1_88' title="bbox 2107 3235 3684 3307">
    <p class='ocr_par' dir='ltr' id='par_1_88' title="bbox 2107 3235 3684 3307">
     <span class='ocr_line' id='line_1_88' title="bbox 2107 3235 3684 3307; baseline 0 -15"><span class='ocrx_word' id='word_1_606' title='bbox 2107 3238 2243 3293; x_wconf 86' lang='lat' dir='ltr'><strong>titus</strong></span> <span class='ocrx_word' id='word_1_607' title='bbox 2291 3235 2514 3307; x_wconf 86' lang='lat' dir='ltr'><strong>quidem</strong></span> <span class='ocrx_word' id='word_1_608' title='bbox 2571 3236 2900 3291; x_wconf 89' lang='lat' dir='ltr'><strong>naturaliter</strong></span> <span class='ocrx_word' id='word_1_609' title='bbox 2954 3243 3137 3291; x_wconf 87' lang='lat' dir='ltr'><strong>movet</strong></span> <span class='ocrx_word' id='word_1_610' title='bbox 3182 3243 3238 3291; x_wconf 90' lang='lat' dir='ltr'><strong>et</strong></span> <span class='ocrx_word' id='word_1_611' title='bbox 3279 3235 3684 3306; x_wconf 87' lang='lat' dir='ltr'><strong>quodammodo</strong></span> 
     </span>
    </p>
   </div>
   <div class='ocr_carea' id='block_1_89' title="bbox 2104 3325 3683 3394">
    <p class='ocr_par' dir='ltr' id='par_1_89' title="bbox 2104 3325 3683 3394">
     <span class='ocr_line' id='line_1_89' title="bbox 2104 3325 3683 3394; baseline -0.001 -11"><span class='ocrx_word' id='word_1_612' title='bbox 2104 3328 2217 3384; x_wconf 86' lang='lat' dir='ltr'><strong>vim</strong></span> <span class='ocrx_word' id='word_1_613' title='bbox 2281 3326 2528 3394; x_wconf 88' lang='lat' dir='ltr'><strong>adhibet,</strong></span> <span class='ocrx_word' id='word_1_614' title='bbox 2595 3326 2740 3382; x_wconf 90' lang='lat' dir='ltr'><strong>ratio</strong></span> <span class='ocrx_word' id='word_1_615' title='bbox 2793 3334 2975 3380; x_wconf 89' lang='lat' dir='ltr'><strong>autem</strong></span> <span class='ocrx_word' id='word_1_616' title='bbox 3037 3333 3231 3381; x_wconf 89' lang='lat' dir='ltr'><strong>sancte</strong></span> <span class='ocrx_word' id='word_1_617' title='bbox 3286 3325 3683 3382; x_wconf 82' lang='lat' dir='ltr'><strong>demonstravit</strong></span> 
     </span>
    </p>
   </div>
   <div class='ocr_carea' id='block_1_90' title="bbox 2103 3414 3684 3491">
    <p class='ocr_par' dir='ltr' id='par_1_90' title="bbox 2103 3414 3684 3491">
     <span class='ocr_line' id='line_1_90' title="bbox 2103 3414 3684 3491; baseline -0.001 -18"><span class='ocrx_word' id='word_1_618' title='bbox 2103 3416 2556 3491; x_wconf 75' lang='lat' dir='ltr'><strong>praestabiliorem</strong></span> <span class='ocrx_word' id='word_1_619' title='bbox 2579 3430 2703 3472; x_wconf 90' lang='lat' dir='ltr'><strong>esse</strong></span> <span class='ocrx_word' id='word_1_620' title='bbox 2731 3414 3138 3472; x_wconf 87' lang='lat' dir='ltr'><strong>successionem</strong></span> <span class='ocrx_word' id='word_1_621' title='bbox 3164 3416 3478 3487; x_wconf 86' lang='lat' dir='ltr'><strong>voluptate;</strong></span> <span class='ocrx_word' id='word_1_622' title='bbox 3508 3425 3562 3473; x_wconf 88' lang='lat' dir='ltr'><strong>et</strong></span> <span class='ocrx_word' id='word_1_623' title='bbox 3588 3433 3684 3473; x_wconf 77' lang='lat' dir='ltr'><strong>ex-</strong></span> 
     </span>
    </p>
   </div>
   <div class='ocr_carea' id='block_1_91' title="bbox 2104 3507 3682 3581">
    <p class='ocr_par' dir='ltr' id='par_1_91' title="bbox 2104 3507 3682 3581">
     <span class='ocr_line' id='line_1_91' title="bbox 2104 3507 3682 3581; baseline -0.001 -16"><span class='ocrx_word' id='word_1_624' title='bbox 2104 3519 2189 3566; x_wconf 88' lang='lat' dir='ltr'><strong>tra</strong></span> <span class='ocrx_word' id='word_1_625' title='bbox 2234 3510 2454 3581; x_wconf 88' lang='lat' dir='ltr'><strong>culpam</strong></span> <span class='ocrx_word' id='word_1_626' title='bbox 2486 3515 2573 3564; x_wconf 91' lang='lat' dir='ltr'><strong>est</strong></span> <span class='ocrx_word' id='word_1_627' title='bbox 2610 3507 2866 3578; x_wconf 84' lang='lat' dir='ltr'><strong>voluptas</strong></span> <span class='ocrx_word' id='word_1_628' title='bbox 2891 3520 3184 3576; x_wconf 85' lang='lat' dir='ltr'><strong>corporum</strong></span> <span class='ocrx_word' id='word_1_629' title='bbox 3204 3546 3219 3572; x_wconf 91' lang='lat'><strong>,</strong></span> <span class='ocrx_word' id='word_1_630' title='bbox 3257 3508 3303 3563; x_wconf 90' lang='lat' dir='ltr'><strong>si</strong></span> <span class='ocrx_word' id='word_1_631' title='bbox 3334 3508 3552 3578; x_wconf 84' lang='lat' dir='ltr'><strong>quidem</strong></span> <span class='ocrx_word' id='word_1_632' title='bbox 3585 3524 3682 3564; x_wconf 83' lang='lat' dir='ltr'><strong>ra-</strong></span> 
     </span>
    </p>
   </div>
   <div class='ocr_carea' id='block_1_92' title="bbox 2104 3599 3176 3672">
    <p class='ocr_par' dir='ltr' id='par_1_92' title="bbox 2104 3599 3176 3672">
     <span class='ocr_line' id='line_1_92' title="bbox 2104 3599 3176 3672; baseline 0.001 -16"><span class='ocrx_word' id='word_1_633' title='bbox 2104 3603 2309 3659; x_wconf 90' lang='lat' dir='ltr'><strong>tionem</strong></span> <span class='ocrx_word' id='word_1_634' title='bbox 2337 3609 2393 3657; x_wconf 93' lang='lat' dir='ltr'><strong>et</strong></span> <span class='ocrx_word' id='word_1_635' title='bbox 2417 3601 2589 3672; x_wconf 77' lang='lat' dir='ltr'><strong>legem</strong></span> <span class='ocrx_word' id='word_1_636' title='bbox 2623 3599 2864 3656; x_wconf 88' lang='lat' dir='ltr'><strong>auctoris</strong></span> <span class='ocrx_word' id='word_1_637' title='bbox 2891 3605 3176 3669; x_wconf 89' lang='lat' dir='ltr'><strong>sequatur.</strong></span> 
     </span>
    </p>
   </div>
   <div class='ocr_carea' id='block_1_93' title="bbox 2175 3689 3679 3766">
    <p class='ocr_par' dir='ltr' id='par_1_93' title="bbox 2175 3689 3679 3766">
     <span class='ocr_line' id='line_1_93' title="bbox 2175 3689 3679 3766; baseline 0.002 -18"><span class='ocrx_word' id='word_1_638' title='bbox 2175 3693 2281 3761; x_wconf 83' lang='lat' dir='ltr'><strong>Qui</strong></span> <span class='ocrx_word' id='word_1_639' title='bbox 2318 3701 2500 3749; x_wconf 90' lang='lat' dir='ltr'><strong>autem</strong></span> <span class='ocrx_word' id='word_1_640' title='bbox 2550 3691 2752 3762; x_wconf 74' lang='lat' dir='ltr'><strong>saepius</strong></span> <span class='ocrx_word' id='word_1_641' title='bbox 2800 3691 3137 3762; x_wconf 85' lang='lat' dir='ltr'><strong>voluptatem</strong></span> <span class='ocrx_word' id='word_1_642' title='bbox 3185 3689 3490 3763; x_wconf 87' lang='lat' dir='ltr'><strong>capientes,</strong></span> <span class='ocrx_word' id='word_1_643' title='bbox 3537 3709 3679 3766; x_wconf 90' lang='lat' dir='ltr'><strong>opus</strong></span> 
     </span>
    </p>
   </div>
   <div class='ocr_carea' id='block_1_94' title="bbox 2104 3783 3679 3858">
    <p class='ocr_par' dir='ltr' id='par_1_94' title="bbox 2104 3783 3679 3858">
     <span class='ocr_line' id='line_1_94' title="bbox 2104 3783 3679 3858; baseline 0.001 -17"><span class='ocrx_word' id='word_1_644' title='bbox 2104 3786 2255 3858; x_wconf 91' lang='lat' dir='ltr'><strong>quod</strong></span> <span class='ocrx_word' id='word_1_645' title='bbox 2306 3785 2433 3841; x_wconf 89' lang='lat' dir='ltr'><strong>inde</strong></span> <span class='ocrx_word' id='word_1_646' title='bbox 2480 3784 2796 3840; x_wconf 89' lang='lat' dir='ltr'><strong>necessario</strong></span> <span class='ocrx_word' id='word_1_647' title='bbox 2845 3783 3122 3855; x_wconf 83' lang='lat' dir='ltr'><strong>provenit,</strong></span> <span class='ocrx_word' id='word_1_648' title='bbox 3177 3785 3304 3840; x_wconf 89' lang='lat' dir='ltr'><strong>odio</strong></span> <span class='ocrx_word' id='word_1_649' title='bbox 3343 3785 3569 3851; x_wconf 80' lang='lat' dir='ltr'><strong>habent.</strong></span> <span class='ocrx_word' id='word_1_650' title='bbox 3622 3797 3679 3844; x_wconf 87' lang='lat' dir='ltr'><strong>et</strong></span> 
     </span>
    </p>
   </div>
   <div class='ocr_carea' id='block_1_95' title="bbox 2104 3875 3674 3948">
    <p class='ocr_par' dir='ltr' id='par_1_95' title="bbox 2104 3875 3674 3948">
     <span class='ocr_line' id='line_1_95' title="bbox 2104 3875 3674 3948; baseline -0.001 -16"><span class='ocrx_word' id='word_1_651' title='bbox 2104 3875 2368 3932; x_wconf 88' lang='lat' dir='ltr'><strong>mandant</strong></span> <span class='ocrx_word' id='word_1_652' title='bbox 2402 3875 2484 3932; x_wconf 90' lang='lat' dir='ltr'><strong>sic</strong></span> <span class='ocrx_word' id='word_1_653' title='bbox 2525 3877 2884 3931; x_wconf 89' lang='lat' dir='ltr'><strong>commiscere</strong></span> <span class='ocrx_word' id='word_1_654' title='bbox 2914 3889 3146 3948; x_wconf 89' lang='lat' dir='ltr'><strong>corpora</strong></span> <span class='ocrx_word' id='word_1_655' title='bbox 3181 3884 3381 3947; x_wconf 70' lang='lat' dir='ltr'><strong>praeter</strong></span> <span class='ocrx_word' id='word_1_656' title='bbox 3411 3876 3674 3939; x_wconf 88' lang='lat' dir='ltr'><strong>edictum.</strong></span> 
     </span>
    </p>
   </div>
   <div class='ocr_carea' id='block_1_96' title="bbox 2106 3963 3679 4038">
    <p class='ocr_par' dir='ltr' id='par_1_96' title="bbox 2106 3963 3679 4038">
     <span class='ocr_line' id='line_1_96' title="bbox 2106 3963 3679 4038; baseline 0.001 -17"><span class='ocrx_word' id='word_1_657' title='bbox 2106 3973 2166 4021; x_wconf 92' lang='lat' dir='ltr'><strong>ut</strong></span> <span class='ocrx_word' id='word_1_658' title='bbox 2215 3973 2517 4036; x_wconf 89' lang='lat' dir='ltr'><strong>conceptus</strong></span> <span class='ocrx_word' id='word_1_659' title='bbox 2573 3963 2911 4019; x_wconf 79' lang='lat' dir='ltr'><strong>concludant</strong></span> <span class='ocrx_word' id='word_1_660' title='bbox 2956 3970 3014 4020; x_wconf 89' lang='lat' dir='ltr'><strong>et</strong></span> <span class='ocrx_word' id='word_1_661' title='bbox 3061 3964 3320 4036; x_wconf 76' lang='lat' dir='ltr'><strong>ejicihnt,</strong></span> <span class='ocrx_word' id='word_1_662' title='bbox 3376 3975 3432 4022; x_wconf 89' lang='lat' dir='ltr'><strong>et</strong></span> <span class='ocrx_word' id='word_1_663' title='bbox 3489 3975 3679 4038; x_wconf 88' lang='lat' dir='ltr'><strong>partus</strong></span> 
     </span>
    </p>
   </div>
   <div class='ocr_carea' id='block_1_97' title="bbox 2106 4059 3685 4132">
    <p class='ocr_par' dir='ltr' id='par_1_97' title="bbox 2106 4059 3685 4132">
     <span class='ocr_line' id='line_1_97' title="bbox 2106 4059 3685 4132; baseline -0.001 -16"><span class='ocrx_word' id='word_1_664' title='bbox 2106 4062 2459 4132; x_wconf 89' lang='lat' dir='ltr'><strong>tempestivos</strong></span> <span class='ocrx_word' id='word_1_665' title='bbox 2512 4068 2566 4115; x_wconf 93' lang='lat' dir='ltr'><strong>et</strong></span> <span class='ocrx_word' id='word_1_666' title='bbox 2611 4066 2857 4113; x_wconf 85' lang='lat' dir='ltr'><strong>maturos</strong></span> <span class='ocrx_word' id='word_1_667' title='bbox 2908 4071 3020 4111; x_wconf 91' lang='lat' dir='ltr'><strong>non</strong></span> <span class='ocrx_word' id='word_1_668' title='bbox 3067 4067 3413 4127; x_wconf 80' lang='lat' dir='ltr'><strong>exspectare,</strong></span> <span class='ocrx_word' id='word_1_669' title='bbox 3479 4059 3685 4131; x_wconf 83' lang='lat' dir='ltr'><strong>quippe</strong></span> 
     </span>
    </p>
   </div>
   <div class='ocr_carea' id='block_1_98' title="bbox 2104 4146 3675 4220">
    <p class='ocr_par' dir='ltr' id='par_1_98' title="bbox 2104 4146 3675 4220">
     <span class='ocr_line' id='line_1_98' title="bbox 2104 4146 3675 4220; baseline -0.001 -14"><span class='ocrx_word' id='word_1_670' title='bbox 2104 4165 2228 4206; x_wconf 85' lang='lat' dir='ltr'><strong>cum</strong></span> <span class='ocrx_word' id='word_1_671' title='bbox 2263 4152 2367 4206; x_wconf 92' lang='lat' dir='ltr'><strong>hoc</strong></span> <span class='ocrx_word' id='word_1_672' title='bbox 2408 4150 2585 4205; x_wconf 91' lang='lat' dir='ltr'><strong>solum</strong></span> <span class='ocrx_word' id='word_1_673' title='bbox 2629 4149 2703 4203; x_wconf 90' lang='lat' dir='ltr'><strong>sit</strong></span> <span class='ocrx_word' id='word_1_674' title='bbox 2740 4162 2905 4218; x_wconf 77' lang='lat' dir='ltr'><strong>grave</strong></span> <span class='ocrx_word' id='word_1_675' title='bbox 2931 4155 2982 4202; x_wconf 85' lang='lat' dir='ltr'><strong>et</strong></span> <span class='ocrx_word' id='word_1_676' title='bbox 3017 4146 3279 4215; x_wconf 87' lang='lat' dir='ltr'><strong>dilIieile;</strong></span> <span class='ocrx_word' id='word_1_677' title='bbox 3318 4148 3393 4213; x_wconf 90' lang='lat' dir='ltr'><strong>hi,</strong></span> <span class='ocrx_word' id='word_1_678' title='bbox 3427 4148 3675 4220; x_wconf 85' lang='lat' dir='ltr'><strong>inquam,</strong></span> 
     </span>
    </p>
   </div>
   <div class='ocr_carea' id='block_1_99' title="bbox 2104 4238 3681 4314">
    <p class='ocr_par' dir='ltr' id='par_1_99' title="bbox 2104 4238 3681 4314">
     <span class='ocr_line' id='line_1_99' title="bbox 2104 4238 3681 4314; baseline 0.001 -17"><span class='ocrx_word' id='word_1_679' title='bbox 2104 4244 2197 4314; x_wconf 89' lang='lat' dir='ltr'><strong>qui</strong></span> <span class='ocrx_word' id='word_1_680' title='bbox 2270 4242 2476 4297; x_wconf 91' lang='lat' dir='ltr'><strong>inimici</strong></span> <span class='ocrx_word' id='word_1_681' title='bbox 2536 4253 2748 4296; x_wconf 88' lang='lat' dir='ltr'><strong>naturae</strong></span> <span class='ocrx_word' id='word_1_682' title='bbox 2796 4238 3019 4294; x_wconf 83' lang='lat' dir='ltr'><strong>excitati</strong></span> <span class='ocrx_word' id='word_1_683' title='bbox 3086 4245 3258 4307; x_wconf 89' lang='lat' dir='ltr'><strong>sunt,</strong></span> <span class='ocrx_word' id='word_1_684' title='bbox 3324 4248 3380 4295; x_wconf 91' lang='lat' dir='ltr'><strong>et</strong></span> <span class='ocrx_word' id='word_1_685' title='bbox 3438 4241 3681 4300; x_wconf 78' lang='lat' dir='ltr'><strong>insanire</strong></span> 
     </span>
    </p>
   </div>
   <div class='ocr_carea' id='block_1_100' title="bbox 2103 4329 3680 4401">
    <p class='ocr_par' dir='ltr' id='par_1_100' title="bbox 2103 4329 3680 4401">
     <span class='ocr_line' id='line_1_100' title="bbox 2103 4329 3680 4401; baseline -0.001 -11"><span class='ocrx_word' id='word_1_686' title='bbox 2103 4342 2295 4390; x_wconf 91' lang='lat' dir='ltr'><strong>contra</strong></span> <span class='ocrx_word' id='word_1_687' title='bbox 2356 4332 2527 4388; x_wconf 87' lang='lat' dir='ltr'><strong>Deum</strong></span> <span class='ocrx_word' id='word_1_688' title='bbox 2582 4330 2823 4387; x_wconf 89' lang='lat' dir='ltr'><strong>universi</strong></span> <span class='ocrx_word' id='word_1_689' title='bbox 2876 4329 3188 4386; x_wconf 89' lang='lat' dir='ltr'><strong>didicerunt</strong></span> <span class='ocrx_word' id='word_1_690' title='bbox 3260 4349 3274 4385; x_wconf 91' lang='lat'>:</span> <span class='ocrx_word' id='word_1_691' title='bbox 3337 4333 3541 4401; x_wconf 80' lang='lat' dir='ltr'><strong>Quare,</strong></span> <span class='ocrx_word' id='word_1_692' title='bbox 3594 4334 3680 4389; x_wconf 89' lang='lat' dir='ltr'><strong>in-</strong></span> 
     </span>
    </p>
   </div>
   <div class='ocr_carea' id='block_1_101' title="bbox 2103 4421 3682 4498">
    <p class='ocr_par' dir='ltr' id='par_1_101' title="bbox 2103 4421 3682 4498">
     <span class='ocr_line' id='line_1_101' title="bbox 2103 4421 3682 4498; baseline -0.001 -16"><span class='ocrx_word' id='word_1_693' title='bbox 2103 4428 2322 4498; x_wconf 87' lang='lat' dir='ltr'><strong>quiunt,</strong></span> <span class='ocrx_word' id='word_1_694' title='bbox 2351 4425 2515 4481; x_wconf 89' lang='lat' dir='ltr'><strong>insita</strong></span> <span class='ocrx_word' id='word_1_695' title='bbox 2548 4434 2632 4481; x_wconf 90' lang='lat' dir='ltr'><strong>est</strong></span> <span class='ocrx_word' id='word_1_696' title='bbox 2659 4421 2985 4492; x_wconf 85' lang='lat' dir='ltr'><strong>corporibus</strong></span> <span class='ocrx_word' id='word_1_697' title='bbox 3012 4422 3181 4479; x_wconf 91' lang='lat' dir='ltr'><strong>libido</strong></span> <span class='ocrx_word' id='word_1_698' title='bbox 3204 4437 3497 4494; x_wconf 87' lang='lat' dir='ltr'><strong>corporum</strong></span> <span class='ocrx_word' id='word_1_699' title='bbox 3528 4441 3682 4481; x_wconf 81' lang='lat' dir='ltr'><strong>com-</strong></span> 
     </span>
    </p>
   </div>
   <div class='ocr_carea' id='block_1_102' title="bbox 2028 4515 2549 4576">
    <p class='ocr_par' dir='ltr' id='par_1_102' title="bbox 2028 4515 2549 4576">
     <span class='ocr_line' id='line_1_102' title="bbox 2028 4515 2549 4576; baseline -0.004 -4"><span class='ocrx_word' id='word_1_700' title='bbox 2028 4515 2079 4572; x_wconf 75' lang='grc' dir='ltr'><strong>Ι)</strong></span> <span class='ocrx_word' id='word_1_701' title='bbox 2106 4517 2549 4576; x_wconf 84' lang='lat' dir='ltr'><strong>miseendorum?</strong></span> 
     </span>
    </p>
   </div>
   <div class='ocr_carea' id='block_1_103' title="bbox 2178 4627 3676 4704">
    <p class='ocr_par' dir='ltr' id='par_1_103' title="bbox 2178 4627 3676 4704">
     <span class='ocr_line' id='line_1_103' title="bbox 2178 4627 3676 4704; baseline -0.003 -15"><span class='ocrx_word' id='word_1_702' title='bbox 2178 4632 2283 4689; x_wconf 90' lang='lat' dir='ltr'><strong>Sed</strong></span> <span class='ocrx_word' id='word_1_703' title='bbox 2305 4631 2580 4704; x_wconf 88' lang='lat' dir='ltr'><strong>quomodo</strong></span> <span class='ocrx_word' id='word_1_704' title='bbox 2599 4639 2746 4687; x_wconf 88' lang='lat' dir='ltr'><strong>esset</strong></span> <span class='ocrx_word' id='word_1_705' title='bbox 2776 4631 2831 4684; x_wconf 91' lang='lat' dir='ltr'><strong>in</strong></span> <span class='ocrx_word' id='word_1_706' title='bbox 2856 4628 3170 4686; x_wconf 87' lang='lat' dir='ltr'><strong>hominibus</strong></span> <span class='ocrx_word' id='word_1_707' title='bbox 3199 4629 3366 4685; x_wconf 90' lang='lat' dir='ltr'><strong>decor</strong></span> <span class='ocrx_word' id='word_1_708' title='bbox 3393 4627 3676 4700; x_wconf 78' lang='lat' dir='ltr'><strong>pudicitiae</strong></span> 
     </span>
    </p>
   </div>
   <div class='ocr_carea' id='block_1_104' title="bbox 2102 4720 3677 4799">
    <p class='ocr_par' dir='ltr' id='par_1_104' title="bbox 2102 4720 3677 4799">
     <span class='ocr_line' id='line_1_104' title="bbox 2102 4720 3677 4799; baseline -0.004 -17"><span class='ocrx_word' id='word_1_709' title='bbox 2102 4728 2344 4799; x_wconf 63' lang='lat' dir='ltr'><strong>privatae,</strong></span> <span class='ocrx_word' id='word_1_710' title='bbox 2376 4725 2484 4780; x_wconf 89' lang='lat' dir='ltr'><strong>nisi</strong></span> <span class='ocrx_word' id='word_1_711' title='bbox 2519 4735 2714 4779; x_wconf 89' lang='lat' dir='ltr'><strong>natura</strong></span> <span class='ocrx_word' id='word_1_712' title='bbox 2748 4730 2893 4779; x_wconf 86' lang='lat' dir='ltr'><strong>esset</strong></span> <span class='ocrx_word' id='word_1_713' title='bbox 2930 4723 3079 4794; x_wconf 92' lang='lat' dir='ltr'><strong>quod</strong></span> <span class='ocrx_word' id='word_1_714' title='bbox 3125 4722 3391 4786; x_wconf 86' lang='lat' dir='ltr'><strong>titillaret,</strong></span> <span class='ocrx_word' id='word_1_715' title='bbox 3422 4727 3478 4776; x_wconf 90' lang='lat' dir='ltr'><strong>et</strong></span> <span class='ocrx_word' id='word_1_716' title='bbox 3506 4720 3677 4776; x_wconf 86' lang='lat' dir='ltr'><strong>ratio-</strong></span> 
     </span>
    </p>
   </div>
   <div class='ocr_carea' id='block_1_105' title="bbox 2103 4811 3676 4886">
    <p class='ocr_par' dir='ltr' id='par_1_105' title="bbox 2103 4811 3676 4886">
     <span class='ocr_line' id='line_1_105' title="bbox 2103 4811 3676 4886; baseline -0.004 -11"><span class='ocrx_word' id='word_1_717' title='bbox 2103 4835 2173 4875; x_wconf 89' lang='lat' dir='ltr'><strong>ne</strong></span> <span class='ocrx_word' id='word_1_718' title='bbox 2211 4825 2557 4874; x_wconf 84' lang='lat' dir='ltr'><strong>coerceretur</strong></span> <span class='ocrx_word' id='word_1_719' title='bbox 2575 4816 2600 4869; x_wconf 85' lang='lat'><strong>?</strong></span> <span class='ocrx_word' id='word_1_720' title='bbox 2618 4816 2708 4870; x_wconf 88' lang='lat' dir='ltr'><strong>ubi</strong></span> <span class='ocrx_word' id='word_1_721' title='bbox 2740 4823 2887 4872; x_wconf 86' lang='lat' dir='ltr'><strong>esset</strong></span> <span class='ocrx_word' id='word_1_722' title='bbox 2917 4814 3062 4886; x_wconf 89' lang='lat' dir='ltr'><strong>apud</strong></span> <span class='ocrx_word' id='word_1_723' title='bbox 3083 4814 3341 4869; x_wconf 89' lang='lat' dir='ltr'><strong>mulieres</strong></span> <span class='ocrx_word' id='word_1_724' title='bbox 3361 4811 3676 4883; x_wconf 76' lang='lat' dir='ltr'><strong>virginitas,</strong></span> 
     </span>
    </p>
   </div>
   <div class='ocr_carea' id='block_1_106' title="bbox 2102 4903 3677 4979">
    <p class='ocr_par' dir='ltr' id='par_1_106' title="bbox 2102 4903 3677 4979">
     <span class='ocr_line' id='line_1_106' title="bbox 2102 4903 3677 4979; baseline -0.004 -15"><span class='ocrx_word' id='word_1_725' title='bbox 2102 4916 2207 4965; x_wconf 82' lang='lat' dir='ltr'><strong>aut</strong></span> <span class='ocrx_word' id='word_1_726' title='bbox 2236 4906 2381 4979; x_wconf 89' lang='lat' dir='ltr'><strong>apud</strong></span> <span class='ocrx_word' id='word_1_727' title='bbox 2423 4908 2571 4961; x_wconf 88' lang='lat' dir='ltr'><strong>viros</strong></span> <span class='ocrx_word' id='word_1_728' title='bbox 2625 4905 2941 4961; x_wconf 89' lang='lat' dir='ltr'><strong>intractatio</strong></span> <span class='ocrx_word' id='word_1_729' title='bbox 2981 4904 3320 4974; x_wconf 89' lang='lat' dir='ltr'><strong>nuptiarum,</strong></span> <span class='ocrx_word' id='word_1_730' title='bbox 3365 4903 3469 4958; x_wconf 89' lang='lat' dir='ltr'><strong>nisi</strong></span> <span class='ocrx_word' id='word_1_731' title='bbox 3534 4904 3677 4958; x_wconf 85' lang='lat' dir='ltr'><strong>ratio</strong></span> 
     </span>
    </p>
   </div>
   <div class='ocr_carea' id='block_1_107' title="bbox 2104 4997 3679 5069">
    <p class='ocr_par' dir='ltr' id='par_1_107' title="bbox 2104 4997 3679 5069">
     <span class='ocr_line' id='line_1_107' title="bbox 2104 4997 3679 5069; baseline -0.003 -12"><span class='ocrx_word' id='word_1_732' title='bbox 2104 5015 2345 5057; x_wconf 88' lang='lat' dir='ltr'><strong>amorem</strong></span> <span class='ocrx_word' id='word_1_733' title='bbox 2390 4999 2700 5056; x_wconf 88' lang='lat' dir='ltr'><strong>sanctitatis</strong></span> <span class='ocrx_word' id='word_1_734' title='bbox 2745 4997 2990 5062; x_wconf 89' lang='lat' dir='ltr'><strong>haberet,</strong></span> <span class='ocrx_word' id='word_1_735' title='bbox 3026 5014 3150 5069; x_wconf 74' lang='lat' dir='ltr'><strong>qua:</strong></span> <span class='ocrx_word' id='word_1_736' title='bbox 3198 4998 3527 5052; x_wconf 89' lang='lat' dir='ltr'><strong>naturaliter</strong></span> <span class='ocrx_word' id='word_1_737' title='bbox 3555 5011 3679 5052; x_wconf 76' lang='lat' dir='ltr'><strong>cer-</strong></span> 
     </span>
    </p>
   </div>
   <div class='ocr_carea' id='block_1_108' title="bbox 2102 5088 3675 5163">
    <p class='ocr_par' dir='ltr' id='par_1_108' title="bbox 2102 5088 3675 5163">
     <span class='ocr_line' id='line_1_108' title="bbox 2102 5088 3675 5163; baseline -0.004 -14"><span class='ocrx_word' id='word_1_738' title='bbox 2102 5102 2227 5149; x_wconf 90' lang='lat' dir='ltr'><strong>tans</strong></span> <span class='ocrx_word' id='word_1_739' title='bbox 2263 5107 2360 5149; x_wconf 88' lang='lat' dir='ltr'><strong>eos</strong></span> <span class='ocrx_word' id='word_1_740' title='bbox 2391 5093 2485 5163; x_wconf 89' lang='lat' dir='ltr'><strong>qui</strong></span> <span class='ocrx_word' id='word_1_741' title='bbox 2530 5099 2681 5146; x_wconf 86' lang='lat' dir='ltr'><strong>recte</strong></span> <span class='ocrx_word' id='word_1_742' title='bbox 2727 5088 3080 5161; x_wconf 90' lang='lat' dir='ltr'><strong>cupiditatem</strong></span> <span class='ocrx_word' id='word_1_743' title='bbox 3113 5089 3333 5145; x_wconf 88' lang='lat' dir='ltr'><strong>insitam</strong></span> <span class='ocrx_word' id='word_1_744' title='bbox 3371 5088 3675 5158; x_wconf 83' lang='lat' dir='ltr'><strong>reprimunt</strong></span> 
     </span>
    </p>
   </div>
   <div class='ocr_carea' id='block_1_109' title="bbox 2100 5182 3676 5252">
    <p class='ocr_par' dir='ltr' id='par_1_109' title="bbox 2100 5182 3676 5252">
     <span class='ocr_line' id='line_1_109' title="bbox 2100 5182 3676 5252; baseline -0.004 -10"><span class='ocrx_word' id='word_1_745' title='bbox 2100 5195 2155 5243; x_wconf 88' lang='lat' dir='ltr'><strong>et</strong></span> <span class='ocrx_word' id='word_1_746' title='bbox 2184 5187 2407 5241; x_wconf 89' lang='lat' dir='ltr'><strong>domant</strong></span> <span class='ocrx_word' id='word_1_747' title='bbox 2433 5224 2449 5250; x_wconf 95' lang='lat'><strong>,</strong></span> <span class='ocrx_word' id='word_1_748' title='bbox 2478 5183 2715 5238; x_wconf 88' lang='lat' dir='ltr'><strong>victores</strong></span> <span class='ocrx_word' id='word_1_749' title='bbox 2749 5183 3088 5238; x_wconf 87' lang='lat' dir='ltr'><strong>declararet?</strong></span> <span class='ocrx_word' id='word_1_750' title='bbox 3116 5182 3278 5252; x_wconf 88' lang='lat' dir='ltr'><strong>idque</strong></span> <span class='ocrx_word' id='word_1_751' title='bbox 3303 5198 3413 5237; x_wconf 90' lang='lat' dir='ltr'><strong>non</strong></span> <span class='ocrx_word' id='word_1_752' title='bbox 3446 5182 3512 5236; x_wconf 91' lang='lat' dir='ltr'><strong>ad</strong></span> <span class='ocrx_word' id='word_1_753' title='bbox 3547 5195 3676 5236; x_wconf 87' lang='lat' dir='ltr'><strong>con-</strong></span> 
     </span>
    </p>
   </div>
   <div class='ocr_carea' id='block_1_110' title="bbox 2103 5271 3672 5338">
    <p class='ocr_par' dir='ltr' id='par_1_110' title="bbox 2103 5271 3672 5338">
     <span class='ocr_line' id='line_1_110' title="bbox 2103 5271 3672 5338; baseline -0.001 -7"><span class='ocrx_word' id='word_1_754' title='bbox 2103 5274 2379 5332; x_wconf 87' lang='lat' dir='ltr'><strong>tumeliam</strong></span> <span class='ocrx_word' id='word_1_755' title='bbox 2410 5280 2619 5328; x_wconf 86' lang='lat' dir='ltr'><strong>naturae</strong></span> <span class='ocrx_word' id='word_1_756' title='bbox 2639 5313 2655 5338; x_wconf 82' lang='lat'><strong>,</strong></span> <span class='ocrx_word' id='word_1_757' title='bbox 2680 5271 2775 5329; x_wconf 91' lang='lat' dir='ltr'><strong>sed</strong></span> <span class='ocrx_word' id='word_1_758' title='bbox 2796 5271 2865 5326; x_wconf 90' lang='lat' dir='ltr'><strong>ad</strong></span> <span class='ocrx_word' id='word_1_759' title='bbox 2890 5272 3344 5329; x_wconf 77' lang='lat' dir='ltr'><strong>exercitationem</strong></span> <span class='ocrx_word' id='word_1_760' title='bbox 3367 5272 3672 5329; x_wconf 69' lang='lat' dir='ltr'><strong>tolerantiae</strong></span> 
     </span>
    </p>
   </div>
   <div class='ocr_carea' id='block_1_111' title="bbox 2099 5364 2518 5425">
    <p class='ocr_par' dir='ltr' id='par_1_111' title="bbox 2099 5364 2518 5425">
     <span class='ocr_line' id='line_1_111' title="bbox 2099 5364 2518 5425; baseline -0.012 -1"><span class='ocrx_word' id='word_1_761' title='bbox 2099 5378 2153 5425; x_wconf 90' lang='lat' dir='ltr'><strong>et</strong></span> <span class='ocrx_word' id='word_1_762' title='bbox 2181 5364 2518 5424; x_wconf 80' lang='lat' dir='ltr'><strong>sanctitatis?</strong></span> 
     </span>
    </p>
   </div>
   <div class='ocr_carea' id='block_1_112' title="bbox 2086 5625 3018 5704">
    <p class='ocr_par' dir='ltr' id='par_1_112' title="bbox 2086 5625 3018 5704">
     <span class='ocr_line' id='line_1_112' title="bbox 2086 5625 3018 5704; baseline -0.011 -17"><span class='ocrx_word' id='word_1_763' title='bbox 2086 5695 2090 5699; x_wconf 8' lang='grc' dir='ltr'><strong>ς</strong></span> <span class='ocrx_word' id='word_1_764' title='bbox 2165 5634 2275 5704; x_wconf 67' lang='lat' dir='ltr'><strong>(l7)</strong></span> <span class='ocrx_word' id='word_1_765' title='bbox 2316 5631 2572 5702; x_wconf 80' lang='grc' dir='ltr'>Δέχεται,</span> <span class='ocrx_word' id='word_1_766' title='bbox 2601 5630 2682 5684; x_wconf 81' lang='lat' dir='ltr'><strong>An</strong></span> <span class='ocrx_word' id='word_1_767' title='bbox 2716 5625 3018 5682; x_wconf 80' lang='grc' dir='ltr'>δέδεικταιῖ</span> 
     </span>
    </p>
   </div>
  </div>
