4100 6422
1563 273 1701 328 TITI
1741 269 2166 327 BOSTRENSIS
2206 267 2511 324 EPISCOPI
3539 270 3676 326 i300

957 399 1086 454 CAP.
1118 393 1355 450 XXXIV.
1387 392 1638 447 Giborum
1667 409 1792 445 usus
1816 391 2140 458 moderatus,
2171 389 2354 444 bonus.
2399 389 2765 454 Temperantia
2798 385 3107 440 laudabilis.

490 498 581 552 Sic
635 509 764 550 sane
810 493 945 545 cibis
990 497 1044 543 et
1095 486 1418 557 potionibus
1472 483 1829 545 delectamur,
1882 497 1990 535 non

2165 479 2320 532 Οὕτω
2367 478 2430 548 δὴ
2484 480 2709 548 τροφαῖς
2749 493 2806 529 τε
2852 475 2947 529 καὶ
2983 475 3220 546 πόμασιν
3251 473 3573 546 ἐνηδόμεθα,
3609 477 3674 529 οὐ

419 592 715 648 criminosa
751 585 1028 652 voluptate
1064 580 1308 633 fruentes
1344 595 1355 627 :
1391 573 1659 629 naturalis
1701 574 1846 627 enim
1877 573 1991 626 haec

2095 568 2522 639 διαϐεϐλημένην
2558 567 2746 638 ἡδονὴν
2775 566 3175 638 καρπούμενοι·
3208 565 3411 637 φυσικὴ
3439 566 3549 636 γάρ
3580 567 3675 621 καὶ

417 693 523 746 est,
559 693 611 737 et
654 690 833 734 tamen
860 677 1084 748 jejuniis
1129 687 1231 728 nos
1281 685 1603 726 exercemus
1639 686 1654 735 ;
1697 683 1804 721 non
1845 665 1993 736 quod

2095 658 2256 730 αῦτη,
2291 659 2383 712 καὶ
2410 659 2559 728 ὅμως
2604 656 2876 727 νηστείαις
2904 653 3406 725 διαγυμναζόμεθα,
3445 655 3506 707 οὐ
3534 655 3675 710 κατὰ

415 786 500 831 est
525 790 690 844 supra
718 781 966 826 naturam
997 773 1190 822 contra
1222 771 1475 818 naturam
1501 768 1844 822 exercentes,
1897 759 1994 813 sed

2092 752 2190 821 τῆς
2225 749 2436 820 φύσεως
2488 748 2816 819 μελετῶντες
2841 747 2900 801 rb
2927 748 3066 818 ὑπὲρ
3088 747 3266 816 φύσιν,
3296 746 3432 800 ἀλλά
3480 763 3674 816 καρτε-

424 291 559 346 H99

416 865 760 922 tolerantiam
803 862 1213 932 amplectentes,
1246 867 1299 910 et
1331 853 1501 908 Deum
1529 869 1624 923 per
1656 852 1992 906 humiliatio-

417 974 541 1013 nem
589 959 866 1028 placantes
905 961 960 1008 et
997 951 1292 1024 propitium
1339 944 1628 1000 reddentes
1659 964 1671 999 :
1704 959 1989 1014 nunquam

417 1049 866 1105 exercitationem
889 1045 1080 1116 jejunii
1109 1040 1534 1108 susciperemus,
1564 1035 1671 1091 nisi
1705 1037 1872 1091 fames
1903 1051 1990 1091 es—

420 1150 501 1196 set
531 1141 588 1196 in
617 1157 862 1211 corpore.

491 1236 704 1307 Ubique
737 1236 900 1304 igitur
955 1232 1224 1303 appetitus
1281 1231 1502 1285 asciseit
1543 1223 1760 1280 laudem
1787 1229 1841 1277 et
1867 1235 1987 1274 mo-

419 1328 591 1382 derati
635 1343 768 1382 usus
811 1326 1079 1386 ciborum,
1124 1329 1177 1377 et
1223 1319 1565 1376 abstinentia:
1598 1333 1694 1386 pro
1721 1314 1933 1368 viribus
1970 1329 1983 1365 :

419 1436 530 1474 non
586 1420 726 1474 enim
780 1432 912 1471 usus
959 1430 1173 1479 eorum,
1222 1429 1343 1484 quae
1389 1411 1688 1468 secundum
1734 1416 1986 1461 naturam

419 1519 570 1579 sunt,
607 1517 887 1581 peccatum
916 1507 1060 1577 parit
1087 1523 1100 1558 :
1129 1507 1241 1561 vini
1271 1505 1488 1576 quidem
1526 1501 1805 1556 moderata
1835 1497 1984 1566 potio

417 1603 674 1658 salutaris
707 1616 828 1656 esse
854 1607 1032 1670 potest
1057 1616 1072 1665 ;
1109 1597 1302 1652 vitium
1327 1611 1456 1651 vero
1479 1591 1757 1650 ebrietatis
1781 1605 1875 1660 per
1898 1588 1984 1641 in-

418 1693 827 1764 temperantiam
857 1690 1244 1745 introducitur.

487 1784 752 1840 Similiter
791 1798 923 1838 usus
951 1782 1059 1836 cibi
1099 1780 1400 1835 secundum
1432 1788 1684 1833 naturam
1713 1771 1980 1829 moderati

2095 844 2217 913 ρίαν
2254 843 2352 914 μὲν
2379 841 2766 912 ἀσπαζόμενοι,
2795 839 2884 894 διὰ
2909 839 2965 894 δὲ
2993 839 3372 901 ταπεινώσεως
3409 838 3501 892 τὸν
3540 838 3673 892 Θεὸν

2093 935 2482 1004 ἐξιλεούμενοι·
2531 934 2630 986 οὐκ
2671 934 2736 987 ἀν
2769 933 2826 986 δὲ
2874 932 3125 1003 νηστείας
3149 932 3379 1001 ἄσκησιν
3409 930 3672 1002 μετήλθο-

2093 1047 2213 1100 μεν,
2250 1030 2442 1099 πείνης
2471 1029 2529 1081 ἐν
2553 1026 2632 1097 τῷ
2665 1024 2878 1096 σώματι
2915 1024 2991 1095 μὴ
3024 1023 3271 1093 ἐνούσης.

2159 1185 2438 1257 Πανταχοῦ
2465 1185 2644 1240 τοίνυν
2672 1187 2705 1255 ἡ
2730 1182 2908 1255 ὄρεξις
2933 1181 3183 1252 προξενεί
3203 1182 3294 1235 καὶ¹
3324 1180 3422 1251 τῆς
3458 1178 3670 1251 συμμέ-

2087 1298 2217 1352 τρου
2254 1281 2502 1350 χρήσεως
2553 1277 2646 1330 καὶ
2670 1277 2768 1347 τῆς
2797 1274 2941 1328 κατὰ
2970 1274 3197 1344 δύναμιν
3219 1273 3429 1343 ἀποχῆς
3451 1272 3550 1342 τὴν
3577 1271 3668 1324 εὑ·

2088 1370 2372 1441 δοκίμησιν
2394 1386 2406 1400 '
2443 1371 2505 1422 οὐ
2552 1368 2660 1436 γὰρ
2711 1366 2818 1420 τῶν
2864 1366 3003 1419 κατά
3031 1363 3191 1433 φύσιν
3221 1365 3254 1434 ἡ
3297 1364 3492 1435 χρῆσις
3526 1362 3670 1415 ποιεῖ

2086 1463 2185 1531 τὴν
2217 1461 2490 1531 ἁμαρτίαν
2513 1477 2525 1490 ⁸
2571 1459 2714 1512 οἴνου
2746 1458 2852 1530 γάρ
2882 1459 2942 1512 rb
2971 1458 3189 1528 μέτριον
3217 1456 3304 1525 είη
3353 1454 3450 1526 μὲν
3486 1454 3665 1524 σωτή-

2089 1569 2221 1623 ριον·
2255 1551 2423 1623 μέθης
2455 1551 2511 1604 δὲ
2539 1551 2600 1603 τὸ
2631 1550 2801 1603 κακὸν
2826 1550 2914 1602 διά
2946 1549 3044 1619 τῆς
3066 1547 3332 1618 ἀμετρίας
3360 1545 3663 1614 εἰσάγεται.

2156 1787 2555 1863 Παραπλησίως
2581 1785 2638 1838 δὲ
2671 1787 2764 1840 καὶ
2796 1786 3003 1857 τροφῆς
3033 1786 3131 1857 τῆς
3163 1785 3303 1838 κατά
3327 1784 3543 1854 φύσεως
3560 1787 3659 1857 ἐμ-

415 1877 575 1947 culpa
603 1883 762 1930 vacat
796 1891 808 1925 :
845 1875 968 1944 gula
1016 1888 1145 1929 vero
1194 1874 1441 1943 arguitur
1471 1879 1524 1925 et
1567 1866 1984 1939 reprehenditur

2090 1881 2286 1952 μέτρου
2309 1882 2599 1952 ἀναίτιοςὴ
2626 1881 2820 1950 χρῆσις
2838 1896 2850 1908 °
2879 1878 3290 1950 γαστριμαργία
3315 1879 3370 1931 δέ
3397 1877 3473 1950 τῷ
3497 1880 3664 1950 ὑπερ-

414 1978 637 2042 propter
671 1967 920 2031 nimium,
947 1975 1000 2021 et
1033 1966 1161 2037 quia
1200 1975 1285 2021 est
1325 1972 1520 2034 praeter
1564 1962 1851 2016 rationem.
1890 1957 1981 2012 Sic

413 2065 579 2119 etiam
597 2061 673 2116 uti
693 2061 929 2130 legitime
947 2066 1000 2114 et
1027 2059 1303 2113 moderate
1328 2057 1564 2128 appetitu
1584 2051 1848 2109 miscendi
1867 2065 1982 2106 cor-

412 2157 585 2226 poris,
641 2155 864 2208 omnino
913 2157 1064 2205 caret
1111 2150 1366 2216 crimine;
1415 2157 1607 2218 praeter
1656 2147 1824 2215 legem
1881 2157 1979 2196 au-

412 2256 520 2301 tem
551 2255 605 2300 et
627 2244 982 2300 immoderate
1011 2242 1110 2306 uti,
1133 2243 1339 2296 crimen
1365 2241 1520 2295 ali‘ert
1548 2235 1974 2293 incontinentiae.

413 2337 745 2392 Manichacus
775 2335 940 2406 igitur
972 2342 1026 2388 et
1053 2334 1174 2404 ejus
1202 2335 1427 2389 asseclae
1461 2332 1593 2385 nihil
1632 2331 1841 2384 ratione
1865 2342 1983 2397 per-

414 2433 734 2502 spicientes,
775 2431 958 2484 omnia
991 2428 1232 2482 furenter
1259 2423 1607 2480 contumeliis
1637 2421 1936 2477 aﬂecerunt
1964 2437 1977 2474 :

413 2531 675 2591 tanquam
709 2522 888 2576 omnis
927 2520 1195 2591 cupiditas
1241 2518 1311 2572 sit
1361 2517 1522 2579 mala,
1559 2515 1721 2583 cujus
1761 2513 1981 2583 quidem

412 2611 608 2667 modus
643 2621 695 2666 et
726 2615 1207 2682 temperamentum
1239 2605 1537 2675 legitimum
1575 2609 1730 2657 extra
1765 2599 1980 2670 culpam

411 2713 465 2759 et
496 2705 704 2758 crimen
733 2709 817 2758 est
844 2701 1204 2756 :abstinentia
1228 2715 1357 2754 vero
1379 2711 1478 2769 pro
1498 2695 1709 2750 viribus
1739 2698 1982 2763 spectata

411 2797 530 2852 laus
561 2805 643 2851 est
672 2796 1008 2851 admirabilis
1035 2793 1265 2848 virtutis.

487 2887 543 2941 Si
559 2888 704 2943 enim
725 2888 849 2958 quis
878 2885 1162 2940 abstinens
1191 2880 1481 2937 laudabilis
1503 2885 1587 2934 est
1615 2877 1760 2948 apud
1785 2875 1976 2940 Deum,

411 2994 523 3034 non
554 2979 696 3033 male
719 2979 774 3032 in
797 2983 1071 3048 potestate
1098 2974 1218 3044 ejus
1255 2981 1359 3040 est,
1390 2973 1444 3028 id
1466 2971 1624 3041 cujus
1651 2969 1980 3024 abstinentia

410 3071 645 3125 ollicium
697 3077 780 3124 est
821 3067 1077 3138 perfectae
1114 3065 1356 3120 virtutis.
1419 3063 1653 3118 Maxima
1705 3062 1850 3116 enim
1897 3061 1981 3130 ja-

409 3174 567 3221 ctura
621 3161 807 3227 ﬁeret,
842 3161 888 3215 si
923 3161 976 3214 in
1006 3166 1277 3232 potestate
1323 3158 1442 3227 ejus
1488 3171 1598 3210 non
1648 3161 1814 3216 esset,
1861 3161 1981 3207 tan-

2088 1973 2333 2028 ϐάλλοντι
2368 1973 2671 2043 παράλογος
2705 1971 3006 2042 ἐλέγχεται.
3031 1970 3185 2024 Οῦτω
3206 1972 3269 2042 δὴ
3297 1972 3390 2024 καὶ
3412 1974 3509 2042 τῆς
3527 1971 3664 2042 πρὸς

2086 2067 2184 2130 τὰς
2219 2065 2390 2138 μίξεις
2417 2063 2648 2136 ὀρέξεως
2674 2067 2706 2136 ὴ
2751 2066 2845 2136 μὲν
2879 2065 3106 2136 νόμιμος
3135 2064 3326 2134 χρῆσις
3358 2066 3452 2117 καὶ
3489 2063 3662 2134 μέτρα

2087 2158 2428 2228 γινώσκουσα
2477 2158 2805 2229 ἀνέγκλητος
2839 2157 3142 2221 παντελῶς·
3187 2160 3220 2228 ἡ
3262 2158 3318 2210 δὲ
3349 2157 3662 2229 παράνομός

2086 2270 2145 2306 τε
2171 2252 2263 2306 καὶ
2306 2251 2541 2323 ἄμετρος
2567 2252 2664 2322 τῆς
2693 2250 2985 2313 ἀκολασίας
3014 2250 3276 2320 προσάγει
3300 2250 3360 2303 rb
3389 2249 3658 2320 ἔγκλημα.

2086 2345 2268 2415 Μηδὲν
2314 2343 2492 2396 τοίνυν
2531 2343 2609 2414 τῷ
2639 2341 2882 2414 λογισμῷ
2923 2345 3058 2414 μήτε
3091 2345 3119 2396 ὁ
3153 2343 3344 2412 Μάνης
3377 2342 3660 2412 καθεωρα-

2087 2435 2216 2499 κὼς,
2235 2437 2368 2506 μήτε
2395 2438 2443 2489 οἱ
2469 2435 2527 2500 ἐξ
2552 2437 2758 2490 ἐκείνου
2789 2438 2964 2489 πάντα
2984 2434 3238 2508 φέροντες
3265 2433 3505 2506 μανικῶς
3531 2432 3663 2487 καθ-

2090 2530 2333 2600 ύϐρισαν,
2362 2530 2436 2594 ῶς
2473 2530 2654 2600 πάσης
2695 2529 2989 2600 ἐπιθυμίας
3035 2528 3202 2600 οῦσης
3248 2528 3453 2600 κακῆς·
3487 2522 3555 2600 ἧς
3601 2528 3661 2580 rb

2091 2623 2285 2694 μέτρον
2334 2624 2430 2692 μὲν
2479 2623 2726 2694 νομίμως
2780 2623 3050 2676 ἀναίτιον·
3087 2624 3120 2692 ἡ
3162 2622 3218 2674 δὲ
3255 2621 3395 2675 κατὰ
3433 2621 3660 2693 δύναμιν

2087 2715 2265 2785 ἀποχὴ
2295 2715 2388 2767 καὶ
2417 2713 2723 2785 θαυμασίας
2753 2732 2816 2783 γε
2854 2715 3054 2786 ἀρετῆς
3090 2713 3460 2786 εύδοκίμησις.

2156 2891 2217 2943 Εἰ
2271 2890 2378 2960 γὰρ
2429 2890 2762 2960 ἀπεχόμενός
2805 2909 2889 2954 τις
2933 2890 3212 2954 ἐπαινετὸς
3249 2891 3400 2963 παρά
3428 2891 3566 2964 Θεῷ,
3597 2892 3657 2946 οὐ

2087 2982 2270 3046 κακῶς
2295 3000 2358 3050 γε
2379 2985 2554 3036 ἐκεῖνο
2573 2986 2638 3053 τῇ
2663 2983 2879 3055 ἐξουσία
2905 2984 3252 3056 παράκειται,
3273 2979 3332 3038 οῦ
3348 3001 3410 3052 γε
3429 2987 3461 3056 ή
3482 2985 3659 3056 ἀποχὴ

2086 3073 2293 3136 τελείας
2317 3074 2513 3144 ἀρετῆς
2531 3073 2858 3145 κατόρθωμα
2877 3091 2890 3104 °
2920 3075 3089 3146 ζημία
3111 3074 3219 3146 γὰρ
3233 3069 3319 3144 ῆν,
3340 3076 3387 3127 εί
3415 3075 3489 3146 μὴ
3519 3093 3659 3147 παρ-⁹

2087 3165 2262 3218 έκειτο
2289 3167 2321 3235 ἡ
2355 3164 2634 3228 ἀνωτάτω,
2659 3165 2735 3228 ὡς
2769 3165 2828 3217 οῦ
2870 3164 3026 3218 κενὸν
3057 3165 3144 3218 διά
3167 3166 3264 3237 τῆς
3289 3165 3496 3237 ἀποχῆς
3519 3167 3655 3237 ἀγα-

407 3270 572 3326 quam
627 3269 739 3308 non
789 3259 975 3323 posset
1017 3252 1103 3330 edi
1149 3251 1320 3305 virtus
1364 3265 1464 3320 per
1516 3245 1904 3302 abstinentiam
1959 3263 1972 3298 :

2082 3257 2170 3311 θὸν
2204 3257 2613 3330 ἀποφανθῆναι·
2650 3259 2775 3312 ἄνευ
2805 3257 2915 3330 γὰρ
2942 3259 3034 3311 τοῦ
3070 3258 3143 3329 μὴ
3179 3257 3402 3328 ποιῆσαι
3435 3257 3656 3312 τούναν-

408 3347 514 3401 nisi
549 3345 694 3401 enim
730 3329 1218 3400 contrarium'ﬁeri
1249 3341 1445 3412 possit,
1475 3355 1585 3395 non
1627 3344 1808 3408 potest
1861 3337 1978 3391 ﬁeri

407 3439 608 3493 malum
643 3455 658 3505 ;
686 3452 863 3508 neque
887 3451 1080 3492 rursus
1117 3435 1234 3490 ﬁeri
1259 3443 1437 3505 potest
1458 3434 1684 3496 bonum,
1714 3430 1820 3485 nisi
1854 3446 1980 3501 pos-

408 3533 478 3586 sit
516 3531 749 3594 malum,
782 3539 840 3584 ut
889 3543 1032 3598 saepe
1065 3526 1584 3582 demonstravimus.
1641 3525 1977 3580 Manichacus

2083 3350 2213 3415 τίον,
2233 3349 2350 3415 ἐξὸν
2371 3351 2590 3420 ποιῆσαι
2607 3349 2666 3402 τὸ
2681 3349 2870 3415 κακὸν,
2887 3351 2986 3403 οὐκ
3013 3350 3091 3403 ἔνι
3112 3351 3416 3404 τούναντίον
3432 3369 3659 3422 πεποιη-

2086 3442 2239 3495 κέναι
2284 3443 2460 3496 δοκεῖν
2494 3444 2553 3496 τδ
2596 3442 2821 3510 ἀγαθὸν,
2850 3442 2925 3506 ὡς
2955 3443 3215 3508 πολλάκις
3251 3442 3554 3515 ἐδείξαμεν.
3600 3445 3659 3496 Ὀ

2083 3535 2138 3587 δέ
2171 3536 2364 3606 Μάνης
2403 3535 2635 3605 τάγαθόν
2668 3553 2728 3588 τε
2761 3537 2853 3589 καὶ
2882 3536 2978 3606 τὴν
3007 3537 3204 3609 ἀρετὴν
3247 3535 3530 3609 ἀτιμάζει,
3560 3537 3658 3608 τὴν

405 3632 587 3678 autem
624 3624 827 3678 bonum
865 3628 919 3676 et
949 3619 1202 3675 virtutem
1234 3619 1546 3683 inbonorat,
1570 3633 1695 3672 cum
1739 3626 1981 3689 potesta-

2082 3626 2332 3693 ἐξουσίαν
2361 3627 2455 3680 καὶ
2482 3627 2541 3680 rb
2569 3627 2852 3700 ἐλεύθερον
2883 3627 3144 3692 κακίζων.

403 3724 514 3770 tem
545 3721 598 3769 et
632 3713 934 3768 libertatem
961 3711 1255 3782 vituperat.

474 3919 748 3975 Praeterea
795 3930 905 3970 non
957 3913 1127 3984 pudet
1180 3913 1361 3968 dicere
1409 3914 1688 3969 animatos
1733 3928 1855 3969 esse
1897 3914 1969 3968 la-

404 4015 558 4087 pides
578 4051 593 4076 ,
616 4020 670 4067 et
701 4007 1047 4064 introducere
1071 4006 1254 4060 omnia
1288 4005 1547 4069 animata,
1574 4013 1628 4059 et
1658 4021 1778 4074 quae
1799 4005 1976 4059 mani-

407 4109 545 4163 feste
585 4112 711 4161 sunt
754 4102 1072 4165 inanimata,
1110 4107 1368 4169 tanquam
1410 4098 1502 4151 illa
1543 4099 1716 4154 virtus
1749 4098 1885 4165 ,boni
1918 4098 1973 4152 in

404 4196 674 4266 lapidibus
699 4194 862 4249 etiam
899 4191 1243 4246 contineatur
1272 4207 1286 4256 ;
1324 4189 1620 4260 quiusque
1656 4189 1796 4244 adeo
1827 4190 1973 4260 quod

403 4289 473 4342 ab
529 4286 664 4356 ipsis
715 4284 1034 4344 honoratur,
1105 4281 1173 4335 ad
1233 4279 1526 4335 ludibrium
1588 4288 1644 4336 et
1707 4281 1972 4336 vilitatem

402 4379 608 4450 dejieit,
641 4385 702 4431 ut
729 4383 980 4430 naturam
1021 4375 1145 4428 boni
1180 4374 1234 4426 in
1258 4373 1530 4442 lapidibus
1555 4372 1811 4428 inanimis
1841 4373 1978 4442 liga-

1173 3801 1303 3858 ΟΜ».
1335 3799 1546 3858 XXXV.
1576 3801 1654 3857 De
1680 3805 1987 3872 corporibus
2017 3775 2326 3860 inanimbtis
2353 3805 2584 3861 Maneu's
2613 3807 2846 3862 insania.

2152 3913 2264 3966 Οὐκ
2304 3913 2618 3984 αἰσχύνεται
2651 3913 2706 3965 δὲ
2739 3911 2833 3965 καὶ
2860 3912 2986 3974 τοὺς
3023 3912 3203 3977 λίθους
3227 3913 3537 3983 ἐψυχῶσθαι
3567 3915 3657 3971 λέ-

2081 4020 2212 4074 γων,
2249 4003 2344 4057 καὶ¹
2375 4003 2444 4056 τά
2493 4004 2670 4057 πάντα
2725 4001 2964 4072 ἔμψυχα,
3004 4004 3097 4057 καὶ
3130 4001 3198 4056 τὰ
3247 4004 3432 4072 σαφῶς
3477 4006 3660 4078 ἀψυχα

2080 4096 2494 4168 εἰσηγούμενος’
2522 4097 2596 4160 ὼς
2619 4096 2712 4149 ἀπ’
2739 4095 2953 4164 ἐκείνης
2988 4095 3051 4167 δὴ
3077 4099 3174 4166 τῆς
3206 4095 3298 4150 τοῦ
3328 4097 3533 4166 ἀγαθοῦ
3568 4101 3658 4153 δυ-

2080 4189 2314 4260 νάμεως,
2345 4189 2425 4242 ἔτι
2472 4189 2568 4242 καὶ
2623 4191 2680 4240 ὲν
2726 4189 2892 4252 λίθοις
2937 4189 3339 4262 κατεχομένηςο
3403 4193 3658 4247 τοσοῦτον

2076 4281 2305 4349 κατάγει
2339 4281 2401 4334 τὸ
2428 4281 2558 4352 παρ’
2604 4279 2779 4333 αὐτῶν
2811 4279 3118 4350 τιμώμενον
3157 4283 3238 4344 είς
3284 4281 3439 4355 ὓϐριν
3475 4302 3534 4338 τε
3565 4288 3658 4340 καὶ⁹

2078 4375 2372 4438 εὐτέλειαν,
2405 4374 2545 4429 ὥστε
2570 4373 2668 4444 τὴν
2703 4373 2862 4442 φύσιν
2897 4373 2989 4426 τοῦ
3024 4373 3232 4442 ἀγαθοῦ
3263 4377 3355 4430 καὶ
3391 4379 3448 4430 ἐν
3488 4377 3657 4442 λίθοις

403 4481 510 4525 tam
541 4486 663 4525 esse
697 4469 861 4521 dicat.
899 4464 1182 4518 Allirmare
1220 4471 1403 4517 autem
1434 4463 1521 4518 sic
1548 4479 1607 4519 se
1632 4464 1835 4518 habere
1867 4464 1973 4517 ista

2082 4464 2304 4535 ἀψύχοις
2338 4465 2565 4533 φάσκειν
2600 4465 2969 4536 πεπεδῆσθαι·
3014 4466 3156 4539 άπερ
3191 4466 3363 4534 οὕτως
3393 4469 3534 4539 ἔχειν
3574 4471 3654 4524 δι-

399 4578 520 4632 qua:
549 4559 701 4625 dicit,
719 4559 896 4628 qualis
933 4556 1160 4612 insania:
1197 4555 1460 4609 indicium
1483 4570 1604 4611 esse
1631 4556 1878 4609 dicitur?
1912 4556 1970 4610 Si

397 4654 545 4708 enim
575 4652 632 4706 in
675 4649 945 4720 lapidibus
974 4647 1303 4711 continetur,
1337 4645 1486 4716 quod
1513 4661 1543 4700 a
1584 4646 1692 4702 Deo
1741 4648 1970 4702 missum

399 4755 504 4810 est,
537 4744 648 4813 jam
682 4743 814 4797 vicit
849 4740 1091 4811 nequitia
1121 4757 1136 4806 ;
1177 4746 1367 4793 contra
1395 4738 1578 4808 ligato,
1614 4739 1761 4810 quod
1801 4740 1867 4793 ad
1905 4740 1974 4792 li-

399 4835 637 4906 gandum
669 4839 912 4895 venerat,
943 4830 1077 4885 dicit
1107 4831 1302 4886 anima:
1334 4830 1575 4901 lapidum
1607 4839 1656 4886 et
1689 4832 1966 4901 lignorum

401 4927 662 4981 indicium
687 4939 810 4981 esse
842 4937 1039 4980 sonum
1066 4923 1120 4976 in
1155 4937 1278 4978 aere
1305 4923 1500 4993 lapidis
1537 4932 1591 4978 et
1620 4923 1802 4996 virgae,
1839 4933 1967 4978 tan-

397 5034 560 5088 quam
611 5016 844 5072 audierit
910 5014 1203 5084 aliquando
1262 5030 1449 5070 vocem
1507 5017 1752 5086 ipsorum
1815 5019 1970 5071 arti-

397 5111 662 5165 culatam.

469 5200 564 5255 Est
612 5207 793 5254 autem
841 5197 984 5268 apud
1029 5212 1130 5252 nos
1179 5199 1337 5252 etiam
1387 5199 1646 5269 cogitatio
1683 5207 1737 5254 et
1771 5216 1968 5255 sermo

397 5293 610 5356 animae,
639 5292 731 5362 qui
764 5305 1106 5361 nequaquam
1132 5289 1350 5344 auditur
1383 5308 1396 5356 ;
1444 5290 1591 5360 quod
1616 5293 1764 5346 enim
1796 5292 1967 5346 audi-

397 5391 508 5447 tur,
544 5397 802 5453 percusso
837 5397 963 5438 aere
1008 5396 1104 5451 per
1144 5381 1568 5436 instrumentum
1612 5395 1966 5451 corporeum,

395 5474 663 5527 auditur:
704 5473 847 5544 quod
897 5471 1116 5542 quidem
1171 5471 1376 5540 absque
1431 5477 1577 5524 motu
1627 5469 1861 5525 rationis
1904 5469 1957 5522 in

396 5565 764 5619 animantibus
825 5564 1036 5617 ratione
1100 5562 1413 5618 carentibus
1462 5562 1693 5616 inveniri
1754 5570 1952 5631 potest,

397 5671 518 5728 qua:
545 5657 779 5709 clamant
803 5656 1043 5725 quidem,
1079 5656 1174 5712 sed
1213 5672 1322 5711 non
1354 5655 1665 5721 articulate,
1702 5659 1827 5725 quia
1865 5673 1921 5710 ra
1944 5686 1963 5696 -

398 5749 546 5801 tione
576 5746 782 5815 privata
804 5754 950 5801 sunt.

2075 4557 2466 4630 ισχυρίζεσθαι,
2487 4557 2644 4619 ποίας
2669 4557 2733 4609 ἀν
2759 4574 2843 4620 τις
2866 4559 3053 4627 φήσειε
3076 4561 3271 4630 μανίας
3289 4556 3427 4614 εἶναι
3448 4566 3626 4634 τεκμή
3642 4593 3658 4605 ο

2077 4665 2223 4718 ριον;
2260 4648 2321 4699 Et
2347 4646 2455 4718 γάρ
2473 4648 2528 4698 ἐν
2551 4647 2718 4711 λίθοις
2746 4650 3031 4719 κατέχεται
3061 4651 3120 4704 τὸ
3149 4652 3298 4723 παρά
3329 4654 3419 4706 τοῦ
3446 4655 3652 4724 ἀγαθοῦ

2073 4737 2342 4808 πεμφθὲν,
2372 4737 2471 4808 ἤδη
2534 4737 2818 4808 νενίκηκεν
2860 4741 2892 4810 ἡ
2927 4742 3125 4796 κακία·
3159 4743 3464 4799 τούναντίον
3510 4746 3652 4798 δεδε-

2075 4828 2235 4897 μένου
2263 4829 2355 4881 τοῦ
2387 4828 2544 4899 δῆσαι
2580 4833 3021 4901 παραγενομένου
3039 4850 3055 4866 ο
3078 4835 3172 4886 καὶ
3195 4836 3426 4888 ποιεῖται
3449 4839 3654 4908 τεκμή-

2076 4935 2186 4988 ριον
2217 4919 2316 4989 τῆς
2339 4920 2444 4972 τῶν
2467 4920 2630 4975 λίθων
2657 4924 2752 4975 καὶ
2780 4923 2890 4975 τῶν
2925 4923 3097 4989 ξύλων
3128 4925 3304 4996 ψυχῆς
3327 4927 3418 4980 τὸν
3441 4929 3498 4981 ἐν
3529 4930 3652 5001 ἀέρι

2073 5008 2275 5062 κτύπον
2306 5009 2452 5062 λίθου
2485 5028 2544 5063 τε
2576 5012 2671 5064 καὶ
2706 5012 2923 5084 ῥάϐδου,
2949 5014 3137 5088 ὥσπερ
3175 5016 3438 5089 ἐνάρθρου
3468 5020 3651 5090 φωνῆς

2070 5101 2246 5153 αὐτῶν
2277 5101 2492 5156 πώποτε
2519 5103 2828 5168 διακούσας.

2145 5193 2300 5246 Ἔστι
2354 5195 2410 5247 δὲ
2456 5197 2550 5249 καὶ
2602 5199 2732 5268 παρ’
2770 5199 2901 5267 ἡμῖν
2942 5200 3003 5251 τὸ
3040 5200 3138 5270 μὲν
3177 5199 3468 5272 ἐνθύμημα
3498 5203 3592 5255 καὶ
3621 5205 3651 5255 ὁ

2069 5293 2223 5361 λόγος
2250 5293 2348 5363 τῆς
2368 5293 2548 5364 ψυχῆς
2571 5295 2820 5365 οὐδαμῶς
2848 5297 3178 5367 ἀκουόμενον
3198 5315 3210 5326 ·
3244 5297 3304 5350 τὸ
3345 5299 3389 5350 δ’
3426 5298 3650 5362 ἐξάκου-

2071 5401 2214 5448 στον,
2235 5385 2397 5455 ἀέρος
2423 5387 2790 5458 πληττομένου
2812 5388 2898 5440 διά
2927 5388 3017 5442 τοῦ
3051 5390 3362 5460 σωματικοῦ
3383 5392 3612 5462 ὀργάνου
3628 5409 3643 5422 ·

2067 5478 2204 5547 ὅπερ
2235 5477 2356 5546 δίχα
2382 5478 2480 5548 τῆς
2508 5479 2730 5550 λογικῆς
2754 5482 3040 5551 κινήσεως,
3069 5485 3163 5535 καὶ
3189 5485 3280 5536 ἐπὶ
3299 5484 3410 5536 τῶν
3434 5483 3649 5552 ἀλόγων

2068 5564 2213 5636 εὖροι
2259 5584 2342 5630 τις
2399 5568 2485 5631 ἀν,
2526 5569 2771 5638 βοώντων
2806 5573 2923 5642 μὲν,
2957 5572 3200 5643 ἄναρθρα
3231 5573 3310 5641 δὲ,
3343 5575 3528 5648 ἐπειδὴ
3559 5573 3649 5629 M-

2068 5675 2161 5725 γου
2202 5659 2513 5728 ἐστέρηται.
