4100 6454
369 498 500 556 1201

1433 490 1806 545 ADVERSUS
1848 488 2265 545 MKNICIUEOS
2302 490 2430 544 LIB.
2473 489 2534 543 ΠΖ

3487 487 3626 543 ﬁt}?

448 593 536 654 Ὡς
555 591 753 652 παντὸς
787 589 1054 658 σώματος,
1095 588 1194 640 κᾶν
1230 587 1434 656 ἄψυχον
1457 584 1511 661 ᾗ,
1533 589 1729 641 οἰκεῖόν
1759 587 1952 640 ἐστιτὸ

2127 585 2223 641 Est
2259 593 2437 638 autem
2475 582 2760 653 proprium
2801 583 3066 651 corporis.
3096 587 3230 637 ncet‘
3262 591 3330 636 Sll
3353 581 3623 636 inanima-

362 677 498 756 ἦχον
529 681 777 752 ἐμποιεῖν
809 681 874 749 τῇ
913 679 1048 749 πρὸς
1073 677 1162 729 τὸν
1192 677 1328 747 ἀέρα
1353 677 1555 748 πληγῇ·
1579 677 1642 729 τὸ
1672 677 1778 747 γὰρ
1804 675 1948 730 ἀσώ-

371 789 540 847 ματον
573 771 673 825 οὐκ
708 769 775 823 ἂν
810 767 1113 834 ὲξάκουστα
1173 767 1494 836 φθέγξαιτο·
1548 767 1686 838 ἀέρα
1732 767 1838 837 γὰρ
1889 768 1950 818 οὺ

365 866 614 937 πλήττει,
646 861 877 932 ὀργάνου
908 859 1002 913 τοῦ
1033 859 1355 931 πλήττοντος
1385 858 1821 930 ἀπηλλαγμένον.

453 1038 606 1092 Ἐπεί
625 1055 705 1090 τοι
741 1038 798 1090 αἱ
823 1034 1104 1106 ἀσώματοι
1127 1036 1384 1107 δυνάμεις
1408 1036 1604 1108 ἄψυχοί
1621 1054 1684 1105 γε
1710 1037 1954 1104 δόξουσιν

370 1135 456 1200 ἂν,
497 1132 686 1203 ἐπειδὴ
735 1131 1060 1196 ἐξάκουστον
1105 1131 1236 1200 παρ’
1288 1129 1464 1183 αὐτῶν
1509 1129 1660 1182 οὐδὲν
1697 1131 1776 1193 εἰς
1807 1131 1956 1201 ἡμᾶς

369 1225 850 1293 ἀφικνεῖταιοὸπερ
887 1222 1065 1274 τοίνυν
1097 1223 1263 1292 ὲχρῆν
1292 1225 1588 1294 τεκμήριον
1624 1226 1956 1296 ποιήσασθαι

368 1317 479 1373 τῶν
530 1317 809 1379 παντελῶς
838 1315 1083 1385 ἀψύχων,
1119 1314 1194 1376 ώς
1227 1313 1576 1368 κτυπούντων
1610 1315 1669 1379 ἐξ
1711 1317 1956 1389 ἀνάγκης

371 1410 454 1471 εἰς
482 1409 622 1480 ἀέρα
667 1409 844 1479 (τοῦτο
866 1407 973 1477 γὰρ
1009 1405 1168 1476 μόνου
1203 1405 1474 1476 σώματος,
1506 1409 1626 1478 οὐχὶ
1657 1410 1715 1462 δὲ
1733 1409 1953 1482 ψυχῆς),

375 1498 534 1552 τοῦτο
571 1496 865 1567 ψυχώσεως
910 1499 1133 1566 σημεῖον
1175 1495 1384 1549 ἐλαϐεν.
1444 1497 1724 1552 Ἐντεῦθεν
1763 1500 1827 1570 δὴ
1863 1501 1958 1554 καὶ

376 1589 450 1670 τὰ,
474 1588 777 1660 τετράποδα
817 1587 1009 1640 καὶτὰ
1050 1589 1292 1652 πετεινὰ,
1332 1591 1433 1643 ὅσα
1475 1592 1700 1660 χρήσεις
1749 1593 1958 1663 ἀνθρώ-

375 1697 500 1744 ποις
532 1681 643 1750 ἔχει
681 1679 908 1750 τροφῆς,
939 1678 1148 1750 βαρέως
1176 1681 1414 1733 αἰτιᾶται
1449 1683 1575 1745 τοὺς
1615 1681 1859 1747 θύοντας,
1885 1683 1961 1746 ὡς

377 1772 597 1843 ἐκείνης
627 1772 728 1841 τῆς
753 1772 1038 1842 δυνάμεως
1064 1773 1156 1825 τοῦ
1187 1773 1392 1841 ἀγαθοῦ
1433 1774 1724 1828 καὶταῦτα
1758 1777 1960 1847 ψυχού-

378 1879 500 1932 σης,
541 1863 636 1915 καὶ
681 1863 738 1914 ὲν
776 1862 958 1927 αὐτοῖς
1002 1864 1406 1935 κατεχομένης·
1431 1864 1620 1936 ὥσπερ
1648 1864 1961 1930 σπουδάζων

2054 688 2193 741 tum,
2221 692 2485 748 percusso
2535 691 2662 731 aere
2706 675 2946 728 sonitum
2993 673 3222 728 reddere
3256 693 3269 727 :
3302 675 3448 744 quod
3481 675 3626 729 enim

2055 778 2206 826 caret
2266 785 2528 840 corpore,
2600 784 2710 822 non
2777 767 2966 822 reddet
3022 783 3212 823 vocem
3273 782 3395 837 qua:
3452 767 3639 822 audiri.

2054 871 2259 932 queat;
2310 862 2440 932 quia
2472 876 2584 916 non
2635 859 2870 929 percutit
2908 873 3109 924 aerem,
3157 873 3280 914 cum
3327 861 3399 915 sit
3441 859 3509 915 ab
3542 860 3628 914 in-

2055 968 2360 1016 strumento
2391 958 2733 1029 percutientc
2757 956 3014 1012 liberum.

2126 1049 2491 1116 Quamobrem
2522 1049 2858 1116 incorporea:
2888 1051 3184 1114 potestates
3205 1046 3457 1100 inanimae
3483 1047 3634 1100 vide-

2054 1142 2286 1205 buntur,
2321 1139 2451 1209 quia
2482 1138 2618 1192 nihil
2650 1136 2794 1207 quod
2831 1151 2996 1191 sensu
3030 1137 3248 1191 auditus
3275 1136 3629 1206 percipiatur,

2056 1231 2125 1284 ab
2156 1229 2236 1284 eis
2279 1229 2347 1283 ad
2395 1227 2739 1283 nos-fertur.
2785 1225 2940 1291 Quod
2991 1226 3158 1296 igitur
3195 1226 3480 1295 oportebat
3521 1224 3634 1279 ﬁeri

2058 1323 2321 1378 indicium
2370 1336 2662 1392 corporum
2715 1336 2943 1391 prorsus
2997 1320 3179 1373 anima
3221 1321 3545 1383 carentium,
3577 1325 3636 1372 ut

2056 1431 2179 1486 quae
2210 1415 2526 1470 necessario
2558 1427 2740 1467 aerem
2776 1413 2996 1482 pulsant
3029 1413 3048 1478 (
3067 1410 3170 1466 hoc
3205 1411 3350 1465 enim
3389 1411 3637 1480 corporis

2055 1515 2161 1572 est,
2207 1521 2318 1561 non
2351 1504 2588 1576 animae),
2621 1504 2729 1558 hoc
2764 1505 2973 1573 accepit
3002 1501 3332 1556 Manichmus
3376 1510 3636 1572 tanquam

2058 1603 2277 1672 signum
2303 1597 2688 1653 animationis.
2726 1595 2865 1651 Hinc
2893 1597 3056 1652 etiam
3090 1601 3194 1659 est,
3228 1593 3374 1664 quod
3403 1595 3639 1664 graviter

2060 1700 2280 1750 accusat
2322 1708 2416 1748 eos
2454 1693 2548 1763 qui
2580 1697 2823 1746 mactant
2865 1687 3243 1760 quadrupedes
3272 1694 3326 1740 et
3364 1685 3637 1749 volucres,

2060 1802 2397 1856 quaecunque
2466 1786 2718 1847 homines
2798 1783 2866 1838 ad
2946 1779 3280 1836 vescendum
3355 1777 3638 1841 adhibent,

2063 1887 2326 1948 tanquam
2394 1879 2509 1933 haec
2554 1879 2719 1934 etiam
2773 1878 2864 1930 illa
2906 1877 3084 1930 virtus
3131 1872 3264 1930 boni
3321 1872 3540 1934 animet,
3582 1870 3643 1926 in

378 1953 706 2026 καθυϐρῖσαι
763 1955 1053 2020 παντοίως,
1100 1957 1158 2009 ὃν
1197 1957 1400 2026 ἀγαθὸν
1449 1957 1612 2028 δῆθεν
1661 1960 1960 2014 ἀποκαλεῖ·

2075 1972 2256 2041 eisque
2283 1971 2656 2025 contineatur.
2695 1968 2790 2023 Sic
2837 1967 3040 2029 studet,
3085 1975 3142 2020 ut
3181 1963 3359 2020 modis
3387 1961 3643 2018 omnibus

378 2046 678 2120 ἑρωτητέον
721 2046 785 2118 δὴ
830 2047 975 2110 τίνος
1027 2050 1300 2120 ἐπιτροπῇ
1347 2048 1522 2102 ταῦτα
1562 2050 1870 2122 ἀνθρώποις
1906 2052 1966 2117 ἐξ

377 2139 556 2209 ἀρχῆς
593 2141 672 2202 εὶς
706 2139 912 2210 τροφὴν
944 2140 1333 2211 παραδέδοται·
1371 2138 1481 2214 ἆρά
1510 2159 1574 2210 γε
1612 2143 1711 2213 τῆς
1745 2145 1964 2208 κακίας,

376 2230 454 2295 ὡς
504 2230 830 2304 ὑϐριζούσης
880 2233 940 2285 τὸ
994 2232 1226 2301 ἀγαθόν;
1268 2234 1405 2287 Ἀλλ’
1440 2236 1540 2288 οὐκ
1581 2236 1646 2290 ἄν
1686 2255 1748 2306 γε
1782 2238 1964 2309 ἐκείνη

377 2322 634 2377 τοσοῦτον
684 2323 889 2376 συνεῖδε
922 2326 1175 2397 πρᾶγμα,
1200 2326 1400 2395 γνῶσιν
1433 2329 1506 2399 μὴ
1541 2329 1848 2401 κεκτημένη
1870 2347 1882 2361 ·
1906 2331 1968 2385 οὐ

379 2414 491 2486 γὰρ
526 2415 686 2481 ἄλλος
717 2417 1049 2489 δημιουργὸς
1100 2419 1165 2472 ἂν
1222 2421 1335 2490 εἴη,
1389 2420 1510 2473 οὐδὲ
1563 2421 1974 2494 δημιουργήσας

381 2510 554 2572 ἐστὶν,
588 2508 663 2571 ὣς
706 2527 868 2580 φησιν
901 2511 929 2560 ὁ
975 2510 1128 2574 Θεὸς,
1179 2513 1272 2564 καὶ
1323 2512 1420 2584 τὴν
1470 2512 1699 2582 δύναμιν
1749 2517 1813 2568 ὲκ
1868 2515 1968 2584 τῆς

384 2598 522 2746 gata;
569 2600 782 2669 φύσεως
833 2601 1271 2673 προϐαλλόμενος
1317 2605 1410 2656 ἐπὶ
1461 2605 1823 2676 σωφρονισμῷ
1871 2608 1969 2678 τῆς

419 2689 555 2746 λης.-

419 2689 555 2762 λης.-

2065 2060 2466 2115 contumeliose
2516 2059 2812 2128 vituperet,
2857 2071 3018 2126 quem
3059 2055 3262 2110 bonum
3308 2052 3517 2108 scilicet
3549 2067 3646 2121 ap-

2065 2149 2251 2218 pellat.
2306 2146 2734 2218 lnterrogandus
2785 2145 2988 2216 quippe
3033 2154 3137 2211 est,
3179 2143 3339 2213 cujus
3383 2155 3646 2212 procura-

2065 2241 2215 2296 tione
2280 2241 2484 2297 tradita
2554 2247 2686 2298 sunt
2749 2239 2866 2294 hac
2921 2254 2949 2292 a
3001 2237 3272 2308 principio
3329 2234 3648 2290 hominibus

2066 2328 2136 2383 ad
2193 2329 2558 2384 vescendum?
2600 2343 2670 2383 an
2716 2327 2976 2398 nequitia).
3043 2337 3298 2396 tanquam
3366 2331 3648 2378 contume-

2068 2423 2220 2475 liosa:
2247 2421 2303 2475 in
2334 2422 2585 2476 bonum?
2613 2419 2684 2474 At
2710 2435 2819 2476 non
2850 2419 2954 2474 fuit
2978 2420 3069 2473 illa
3101 2424 3268 2472 tantae
3297 2416 3376 2471 rei
3399 2415 3646 2479 conscia,

2078 2521 2140 2566 ut
2188 2527 2310 2582 quae
2348 2513 2712 2584 cognitionem
2759 2528 2869 2567 non
2909 2511 3118 2567 habuit.
3169 2507 3286 2564 Non
3323 2508 3466 2563 enim
3509 2506 3650 2561 alius

2069 2614 2286 2659 creator
2319 2605 2507 2660 mundi
2537 2606 2704 2660 fuerit
2732 2623 2748 2672 ;
2785 2619 2963 2675 neque
2998 2603 3163 2670 Deus,
3198 2610 3258 2656 ut
3291 2601 3388 2667 ait,
3421 2597 3646 2660 creavit,

2067 2703 2123 2750 et
2171 2698 2432 2752 virtutem
2471 2713 2538 2753 ex
2596 2697 2820 2768 propria
2870 2703 3068 2751 natura
3116 2692 3372 2766 produxit
3413 2691 3480 2746 ad
3528 2703 3652 2746 cor-

2068 2792 2370 2846 rectionem
2401 2791 2664 2846 materiai.

1147 2890 1278 2946 CAP.
1318 2889 1562 2948 XXXVI.
1593 2892 1676 2946 Ad
1715 2894 1942 2952 hominis
1973 2902 2258 2958 utilitatem
2289 2907 2468 2959 omnia
2508 2922 2541 2958 a
2571 2903 2679 2958 Deo
2701 2912 2903 2957 creata.

454 3002 692 3074 Συνέστη
747 3003 926 3058 τοίνυν
975 3005 1043 3058 τὰ
1092 3006 1207 3070 ζῶα
1251 3007 1562 3078 σύμπαντα,
1616 3009 1970 3082 βουληθέντος

383 3095 477 3151 τοῦ
528 3096 1056 3167 δημιουργήσαντος,
1097 3100 1167 3152 τά
1197 3118 1257 3152 τε
1291 3103 1373 3163 είς
1404 3102 1610 3171 τροφὴν
1659 3104 1969 3174 ἀνθρώποις

382 3187 668 3258 ἐπιτήδεια
700 3189 796 3242 καὶ
834 3187 902 3242 τὰ
934 3190 1029 3259 μή.
1079 3190 1407 3261 Ἐπέτρεψεν
1435 3192 1542 3262 ἄρα
1571 3193 1744 3258 οὐδεὶς
1780 3197 1968 3268 ἕτερος

2148 3020 2493 3078 Exstiterunt
2552 3019 2718 3091 igitur
2760 3017 2946 3073 omnia
2991 3014 3270 3080 animalia,
3330 3014 3540 3069 volente
3587 3024 3656 3067 eo

2075 3112 2169 3182 qui
2218 3112 2448 3178 creavit,
2502 3119 2556 3167 et
2606 3126 2728 3182 quae
2771 3110 2840 3164 ad
2883 3107 3139 3163 alendum
3179 3105 3430 3163 homines
3459 3101 3656 3158 idonea

2076 3214 2226 3270 sunt,
2253 3215 2308 3261 et
2336 3221 2458 3276 qua
2496 3221 2627 3260 non.
2669 3202 2840 3257 Nemo
2869 3202 3036 3272 igitur
3067 3201 3207 3255 alius
3232 3198 3566 3270 procuravit,
3596 3205 3658 3256 ιι

383 3281 420 3352 ἢ
451 3282 480 3334 ό
523 3281 755 3350 ποιήσας
788 3279 1098 3350 ἀνθρώποις
1127 3277 1266 3334 εἶναι
1297 3282 1468 3336 ταῦτα
1491 3288 1694 3356 τροφήν
1715 3304 1729 3318 ·
1768 3289 1828 3340 οὐ
1860 3289 1968 3359 γὰρ

2075 3300 2188 3354 hac
2225 3298 2545 3353 hominibus
2572 3297 2625 3349 in
2665 3296 2850 3348 cibum
2896 3283 2958 3346 et'
2980 3291 3298 3344 alimentum
3332 3289 3655 3342 adhiberen-

383 3371 456 3427 ἂν
484 3372 698 3440 ἐπέγνω
743 3372 970 3425 καθόλου
1013 3373 1045 3442 ὴ
1087 3372 1246 3442 φύσις
1274 3375 1334 3427 τὺ
1361 3378 1631 3448 χρήσιμον
1666 3381 1849 3449 ἑαυτῇ,
1897 3378 1970 3449 μὴ

385 3465 532 3520 οὓτω
561 3465 1018 3538 νομοθετήσαντος
1037 3466 1131 3519 τοῦ
1157 3471 1519 3539 πεποιηκότος
1549 3473 1739 3543 αὐτήν.
1766 3473 1974 3525 Αὐτίκα

387 3557 487 3612 καὶ
526 3557 751 3620 πλοῦτος
800 3558 960 3625 φύσει
1012 3555 1184 3610 ταῦτα
1232 3559 1557 3630 γεγένηται,
1584 3562 1658 3624 ὡς
1706 3563 1973 3632 μηδέποτε

388 3649 492 3719 τῆς
522 3648 702 3702 αὐτῶν
726 3651 973 3720 χρήσεως
1002 3649 1402 3721 διαλειπούσης·
1437 3654 1531 3706 καὶ
1557 3653 1665 3724 ὅσῳ
1687 3671 1748 3722 γε
1777 3654 1974 3724 μᾶλλον

390 3738 511 3793 ἔνια
556 3741 622 3808 τῇ
658 3740 847 3810 χρήσει
896 3739 1220 3804 δαπανᾶται,
1261 3741 1503 3813 τοσούτῳ
1554 3744 1713 3797 πλέον
1744 3745 1974 3813 πολυγο-

387 3828 604 3901 νώτερα
625 3830 900 3899 τυγχάνει·
917 3831 1010 3883 καλ⁹
1030 3830 1097 3883 τὰ
1117 3832 1214 3901 μὲν
1236 3832 1424 3903 τρέφει
1449 3834 1606 3904 μόνον
1637 3835 1974 3906 ἀνθρώπους,

389 3921 464 3976 τὰ
490 3921 548 3972 δὲ
581 3920 674 3973 καὶ
703 3920 894 3985 ὲνδύει,
913 3920 1047 3976 ἄλλα
1069 3922 1126 3975 δὲ
1157 3924 1253 3975 καὶ
1271 3923 1434 3986 ἄλλας
1468 3925 1694 3996 χρήσεις
1724 3927 1976 3996 παρέχει,

391 4012 560 4067 δοῦλα
618 4012 778 4082 φύσει
823 4014 960 4084 πρὸς
1012 4012 1104 4066 τοῦ
1155 4014 1658 4086 δημιουργήσαντος
1708 4017 1980 4090 ἀνθρώπῳ

395 4104 903 4174 κατεσκευασμένα.
933 4104 1096 4159 Ὅθεν
1132 4105 1229 4160 καὶ
1263 4106 1625 4163 ὑποτέτακται
1666 4112 1758 4164 καὶ
1786 4111 1854 4163 τὰ
1886 4129 1979 4182 με-

396 4198 546 4270 γάλα
577 4197 654 4269 τῷ
676 4196 824 4268 ὄγκῳ
850 4198 1041 4270 πράως
1071 4200 1308 4262 εἴκοντα,
1339 4200 1433 4252 καὶ
1459 4200 1529 4254 τὰ
1557 4203 1614 4254 ἐν
1651 4203 1776 4273 ἀέρι
1817 4205 1979 4275 τέχνη

392 4288 495 4343 τοῦ
525 4287 787 4358 λογισμοῦ
823 4287 1220 4358 καθελκόμενα,
1251 4291 1347 4343 καὶ
1385 4290 1453 4343 τὰ
1485 4294 1542 4344 ὲν
1573 4291 1756 4344 ὕδασιν
1781 4293 1981 4361 ἀναγό-

396 4396 564 4452 μενα,
595 4380 689 4432 καὶ
721 4378 918 4448 μᾶλλον
941 4380 1142 4443 ἐκεῖνα,
1175 4381 1275 4434 ὅσα
1300 4397 1363 4450 γε
1389 4382 1446 4434 τὸ
1466 4383 1732 4453 χρήσιμον
1768 4383 1979 4455 ἀνθρώ-

392 4487 525 4534 ποις
557 4468 882 4538 ἀποπληροῖ.
921 4467 1076 4522 Οὕτω
1113 4470 1290 4541 δῆλον,
1312 4471 1387 4535 ὡς
1419 4473 1518 4525 οὐκ
1545 4472 1821 4543 ἅνθρωποι
1853 4475 1980 4526 ἑαυη

389 4566 515 4626 τοῖς
546 4561 833 4616 ἐϐιάσαντο
856 4559 1004 4630 παρά
1021 4561 1080 4614 τὸ
1104 4560 1353 4634 βούλημα
1369 4564 1460 4617 τοῦ
1479 4564 1982 4636 δημιουργήσαντος

2075 3399 2183 3452 tur,
2206 3389 2309 3444 nisi
2333 3388 2426 3458 qui
2456 3402 2520 3442 ea
2551 3386 2759 3440 creavit
2792 3405 2804 3440 :
2837 3399 2945 3437 non
2971 3383 3117 3436 enim
3143 3381 3403 3435 universa
3432 3387 3652 3443 natura,

2074 3483 2203 3552 quid
2262 3482 2364 3536 sibi
2418 3481 2550 3534 utile
2597 3489 2765 3543 esset,
2813 3475 3182 3546 cognovisset,
3237 3473 3348 3529 nisi
3384 3473 3481 3542 qui
3535 3486 3655 3527 eam

2077 3571 2236 3638 fecit,
2272 3570 2351 3626 sic
2391 3571 2683 3626 sanxisset.
2723 3568 2805 3622 Ex
2848 3582 2961 3638 quo
2996 3565 3261 3621 continuo
3303 3563 3510 3619 factum
3547 3569 3655 3628 est,

2078 3671 2136 3717 ut
2168 3665 2281 3718 hate
2323 3662 2523 3717 fuerint
2564 3661 2768 3716 divitiae
2811 3668 3030 3724 natura,
3079 3657 3282 3729 quippe
3345 3672 3467 3712 cum
3521 3673 3659 3710 nun-

2077 3770 2242 3823 quam
2274 3769 2462 3808 earum
2507 3769 2641 3807 usus
2669 3751 2886 3806 deﬁciat
2913 3767 2932 3815 ,'
2967 3759 3021 3805 et
3060 3764 3168 3820 quo
3202 3747 3377 3820 magis
3409 3747 3660 3819 quaedam

2078 3863 2181 3902 usu
2218 3853 2646 3910 consumuntur,
2676 3860 2742 3899 eo
2777 3849 2914 3898 sunt.
2938 3841 3293 3897 diuturniora
3320 3860 3335 3910 ;
3366 3856 3430 3896 ac
3462 3842 3660 3912 partim

2079 3938 2301 4009 quidem
2359 3939 2512 3992 alunt
2560 3937 2835 4002 homines,
2887 3933 3087 4006 partim
3139 3935 3401 4001 vestiunt,
3455 3942 3515 3987 et
3555 3933 3661 3986 alia

2081 4031 2218 4085 alios
2261 4046 2394 4084 usus
2443 4029 2709 4098 praebent,
2755 4027 2899 4082 facta
2945 4033 3144 4081 natura
3177 4026 3390 4082 homini
3434 4041 3591 4080 serva
3628 4039 3660 4078 α

2080 4121 2358 4175 Creatore.
2405 4117 2557 4173 Unde
2605 4118 2851 4188 subjecta
2888 4126 3016 4171 sunt
3062 4116 3111 4171 ei
3147 4115 3335 4184 etiam,
3377 4131 3498 4185 quae
3532 4122 3662 4169 sunt

2081 4219 2235 4265 vasta
2269 4208 2432 4271 mole,
2465 4214 2749 4262 mansuete
2788 4203 3097 4259 obedientia
3129 4220 3144 4270 ;
3180 4211 3234 4257 et
3281 4216 3402 4273 quae
3450 4201 3504 4255 in
3538 4216 3663 4255 aere

2084 4298 2317 4354 artiﬁcio
2344 4297 2579 4350 rationis.
2603 4295 2670 4349 ad
2705 4310 2807 4349 nos
2840 4291 3158 4355 trahuntur,
3187 4298 3248 4346 et.
3272 4305 3392 4359 qua;
3420 4290 3473 4343 in
3505 4291 3666 4358 aquis

2081 4393 2412 4454 educuntur,
2445 4397 2608 4458 atque
2645 4403 2708 4442 ea
2736 4385 2909 4456 magis
2937 4399 3060 4454 quae
3090 4383 3386 4437 utilitatem
3418 4379 3664 4434 homini-

2083 4483 2187 4538 bus
2211 4481 2450 4552 explent.
2501 4479 2592 4533 Sic
2637 4485 2804 4550 patet,
2849 4490 2960 4531 non
2999 4474 3250 4531 homines
3285 4473 3392 4531 sibi
3427 4487 3523 4543 per
3552 4471 3662 4526 vim

2085 4574 2346 4629 animalia
2370 4573 2585 4629 ratione
2614 4569 2858 4627 carentia
2891 4568 3214 4638 subjecisse,
3249 4573 3443 4636 prteter
3469 4565 3663 4622 volun-

389 4657 476 4711 τὰ
502 4655 692 4724 ἄλογα·
728 4652 863 4707 ἀλλὰ
902 4653 995 4705 καὶ
1031 4653 1192 4724 νόμος
1219 4656 1403 4719 αὐτοῖς
1437 4656 1669 4721 ὑπέταξε
1700 4657 1793 4710 τοῦ
1831 4662 1974 4731 ποιή-

2089 4676 2256 4722 tatem
2290 4669 2411 4735 ejus
2439 4665 2530 4735 qui
2561 4679 2624 4720 ea
2649 4663 2890 4730 creavit;
2917 4662 3050 4734 quin
3076 4661 3256 4731 potius
3280 4661 3363 4716 lex
3381 4657 3672 4714 Creatoris

397 4767 598 4813 σαντος
624 4749 819 4804 ταῦτα.

477 4843 612 4913 Φαίη
643 4843 686 4896 δ’
722 4842 788 4897 ἂν
814 4847 843 4897 ὀ
874 4845 1087 4914 Μάνης,
1121 4841 1198 4904 ὡς
1230 4840 1352 4893 οὐδὲ
1386 4839 1512 4909 βοῦν
1545 4840 1766 4904 εὐσεϐὲς
1798 4843 1985 4914 ἀρόσει

402 4937 856 5008 παραϐεὸλῆσθαι
881 4937 979 5007 τῆς
1019 4936 1144 5005 γῆς,
1176 4935 1264 4987 ἵνα
1299 4933 1372 5004 μὴ
1422 4933 1517 4986 καὶ
1549 4935 1689 4987 πάνυ
1729 4935 1988 4988 καταδου-

403 5031 633 5089 λοῦσθαι
666 5029 864 5094 δόξειεν
895 5031 928 5100 ἡ
956 5028 1093 5098 πρὸς
1121 5024 1215 5080 τοῦ
1246 5023 1448 5093 ἀγαθοῦ
1483 5024 1792 5095 πεμφθεῖσα
1817 5025 1987 5096 ψυχή.

405 5125 524 5182 Καὶ
567 5122 686 5186 πῶς
725 5120 789 5174 ἂν
832 5119 1074 5192 γεωργία
1116 5117 1342 5186 συσταίη
1371 5131 1385 5179 ;
1421 5115 1538 5179 πῶς
1570 5117 1615 5170 δ’
1647 5116 1713 5170 ἂν
1747 5117 1806 5170 τὸ
1835 5117 1990 5185 γένος

407 5215 771 5289 παραμείνειε
804 5213 863 5266 τὸ
906 5212 1014 5265 τῶν
1062 5210 1363 5282 ἀνθρώπων
1397 5209 1799 5280 διαγινόμενον;
1835 5209 2008 5263 Οὕτω·

406 5309 568 5380 παρά
614 5310 740 5370 τοὺς
777 5307 988 5368 κοινοὺς
1029 5305 1322 5374 λογισμοὺς
1366 5304 1543 5357 πάντα
1585 5301 1722 5357 κατά
1765 5303 1862 5373 τῆς
1900 5302 1993 5374 δη-

411 5401 711 5474 μιουργίας
740 5402 769 5452 ὀ
811 5397 1078 5460 παντοίως
1105 5397 1310 5460 Μανεὶς
1344 5396 1636 5449 ἐπλάσατο.
1688 5394 1856 5448 Δοῦλα
1883 5394 1997 5466 γὰρ

406 5490 662 5562 φυσικῶς
687 5489 974 5562 ἀνθρώπου
1004 5489 1070 5541 τὰ
1099 5489 1282 5558 ἥμερα
1315 5488 1432 5553 ζῶα
1457 5488 1767 5557 γεγένηται,
1807 5489 1899 5540 καὶ
1925 5490 1990 5558 τῇ

403 5578 606 5637 τούτου
649 5583 843 5652 χρήσει
877 5580 1306 5652 παραϐέϐληται.
1351 5580 1523 5633 Δοῦλα
1569 5579 1625 5632 δὲ
1658 5579 1778 5632 καθ’
1808 5580 2000 5649 ἕτερον

404 5672 572 5739 λόγον
615 5672 711 5725 καὶ
739 5671 806 5724 τὰ
837 5671 1089 5743 ἀνήμερα
1121 5671 1257 5740 πρὸς
1294 5672 1358 5740 τῇ
1393 5669 1616 5741 ῥηθείσῃ
1644 5668 1812 5739 αἰτίᾳ,
1855 5666 1996 5721 ὥστε

405 5763 664 5837 λογισμῷ
698 5762 791 5815 τὸν
830 5762 1113 5832 ἄνθρωπον
1159 5761 1375 5815 πάντων
1417 5760 1526 5814 τῶν
1554 5759 1764 5828 ἀλόγων
1807 5777 1996 5830 κρατι-

415 5856 674 5911 στεύειν·
708 5852 841 5908 Θεοῦ
880 5853 936 5906 δὲ
968 5853 1356 5925 ἐπιτρέποντος
1397 5853 1486 5906 διὰ
1522 5852 1768 5916 ποικίλας
1796 5852 1994 5916 αἰτίας,

415 5948 486 6002 οὐ
515 5948 654 6004 λέων
685 5947 848 6019 μόνον
875 5945 934 5999 τὸ
961 5943 1334 6016 ἀλκιμώτατον
1367 5945 1570 6016 θηρίον,
1599 5945 1630 6014 ἦ
1665 5962 1715 5997 τι
1758 5944 1865 5999 τῶν
1905 5945 1997 6000 ἄλ-

2087 4753 2204 4807 haec
2233 4753 2313 4807 eis
2350 4752 2606 4821 subjecit.

2160 4845 2304 4900 Dicit
2335 4845 2500 4900 etiam
2534 4844 2889 4909 Manichacus,
2922 4844 3150 4914 impium
3173 4857 3294 4898 esse
3319 4841 3512 4897 bovem
3540 4856 3664 4894 ara-

2089 4936 2224 4991 tioni
2259 4943 2420 4990 terrae
2457 4935 2752 5004 applicare,
2785 4949 2855 4988 ne
2896 4933 3076 4986 anima
3113 4947 3142 4985 a
3175 4930 3283 4985 Deo
3305 4931 3507 4994 missa,
3547 4929 3666 4983 vale

2089 5027 2154 5083 de
2176 5028 2444 5083 servitute
2463 5041 2656 5096 pressa
2675 5025 2942 5080 videatur.
2963 5024 3029 5078 Et
3046 5024 3319 5095 quomodo
3330 5023 3666 5094 agricultura

2092 5119 2392 5175 sustentari
2445 5119 2671 5188 posset?
2717 5117 2992 5187 quomodo
3025 5117 3230 5171 durans
3272 5130 3445 5186 genus
3485 5114 3665 5168 homi-

2091 5226 2220 5266 num
2273 5209 2690 5280 perseveraret?
2738 5207 2828 5263 Sic
2875 5207 3209 5263 Manichzeus
3252 5205 3436 5262 omnia
3470 5211 3675 5275 praeter.

2091 5318 2419 5357 communes
2462 5302 2715 5358 notiones
2762 5310 2954 5358 contra
3002 5300 3336 5356 creationem
3380 5299 3534 5354 varie
3582 5296 3669 5350 fu-

2091 5410 2218 5450 rens
2254 5394 2429 5448 ﬁnxit.
2474 5392 2642 5449 Serva
2683 5393 2828 5449 enim
2881 5391 3118 5448 hominis
3162 5390 3481 5446 naturaliter
3514 5403 3667 5443 man-

2096 5491 2254 5540 sueta
2293 5483 2550 5538 animalia
2593 5483 2734 5538 facta
2784 5489 2933 5548 sunt,
2970 5491 3024 5539 et
3065 5482 3189 5538 usui
3218 5481 3339 5552 ejus
3369 5481 3664 5538 destinata.

2094 5576 2214 5631 Non
2261 5584 2545 5631 mansueta
2598 5583 2779 5631 autem
2825 5575 2932 5629 alia
2975 5573 3190 5630 ratione
3237 5588 3416 5639 serva,
3470 5580 3668 5643 praeter

2095 5682 2316 5724 causam
2343 5668 2564 5733 dictam,
2598 5677 2657 5722 ut
2689 5668 2853 5723 homo
2875 5667 3084 5722 ratione
3110 5667 3163 5721 in
3191 5667 3372 5722 omnia
3411 5664 3669 5719 animalia

2095 5760 2310 5816 ratione
2370 5761 2613 5816 carentia
2688 5759 3083 5827 dominaretur,
3149 5757 3260 5815 Deo
3337 5759 3408 5814 ob
3484 5758 3688 5814 varias.

2098 5866 2298 5907 causas
2347 5850 2398 5908 id
2444 5857 2772 5922 procurante
2824 5866 2840 5902 :
2898 5851 3102 5920 alioqui
3147 5866 3257 5905 non
3301 5851 3386 5906 leo
3428 5857 3672 5915 tantum,

2102 5943 2216 6000 fera
2249 5942 2576 6013 fortissima,
2620 5951 2712 6000 aut
2761 5943 2941 6016 aliqua
2981 5943 3083 6000 alia
3115 5943 3440 6019 huiusmodi
3470 5941 3674 6007 bestia,
