4100 6428
412 476 554 536 12θῦ

1556 492 1693 549 TITI
1731 493 2161 557 BOSTRENSIS
2197 502 2507 560 EPISCOPI

3526 515 3666 575 1201

413 604 511 651 aut
557 611 779 667 serpens
827 598 1103 657 hominem
1146 603 1408 668 vinceret,
1459 608 1553 662 sed
1600 612 1759 667 culex
1798 613 1984 683 etiam,

2095 620 2203 676 λων
2233 621 2440 695 θηρίων
2474 623 2507 695 ἢ
2558 622 2823 695 ἑρπετῶν,
2877 624 3163 697 ἀνθρώπου
3208 630 3531 703 κρατήσειεν
3569 631 3659 703 ἂν,

414 692 510 740 aut
536 686 680 741 aliud
712 702 780 743 ex
806 689 1072 746 minimis.
1104 690 1304 747 Verum
1339 701 1533 751 natura
1566 696 1801 755 ferarum
1832 704 1992 759 aliter

411 783 576 835 etiam
615 796 778 851 quam
813 781 1023 839 dictum
1061 793 1169 850 est,
1210 786 1277 841 ad
1309 795 1589 858 aspectum
1619 799 1673 846 et
1703 796 1990 865 experien-

408 870 544 924 tiam
573 871 887 930 hominibus
926 874 1159 936 diversis
1204 881 1270 937 de
1309 880 1491 937 causis
1533 886 1840 940 necessaria
1880 896 1985 943 est.

2097 714 2233 768 ἀλλά
2276 717 2371 769 καὶ
2402 714 2599 786 κώνωψ
2628 716 2662 786 ἡ
2692 734 2744 770 τι
2781 717 2888 772 τῶν
2915 719 3088 774 ἄλλων
3122 720 3472 792 βραχυτάτων
3506 742 3662 799 περν-

2096 807 2343 876 γένοιτο·
2386 807 2524 879 πλὴν
2556 807 2761 879 Θηρίων
2799 809 2957 879 φύσις
2995 813 3090 866 καὶ
3116 812 3289 878 ἄλλως
3326 816 3417 870 τδν
3444 816 3663 888 είρημέ-

2097 917 2186 952 νον
2219 899 2419 970 τρόπον
2469 901 2549 962 εἰς
2580 899 2732 969 ὄψεις
2773 902 2940 966 ἐστὶν,
2985 903 3065 956 ὅτι
3109 904 3203 957 καὶ
3234 906 3313 969 είς
3345 909 3537 978 πεῖραν
3571 905 3667 962 ἀν-

2096 989 2333 1062 θρώποις
2363 989 2502 1044 κατά
2535 991 2825 1063 διαφόρους
2852 993 3031 1056 αἰτίας
3055 993 3343 1062 ἀναγκαία.

1254 1104 1381 1159 Car.
1423 1105 1684 1161 XXXVII.
1727 1106 1792 1160 In
1820 1108 2027 1177 fabrica
2055 1107 2239 1161 mundi
2270 1107 2531 1177 sapientia
2554 1106 2846 1163 Creatoris.

485 1182 594 1239 Sed
615 1186 743 1256 quia
765 1188 833 1242 ad
861 1190 1069 1261 singula
1098 1208 1218 1261 quae
1235 1193 1327 1249 ille
1354 1205 1589 1267 nugatur
1616 1206 1672 1252 et
1708 1198 1880 1268 lingit,
1908 1216 1997 1255 re-

415 1278 690 1345 spondere
705 1289 761 1335 et
781 1296 1074 1339 occurrere
1092 1284 1324 1341 delirum
1340 1302 1463 1344 esse
1478 1289 1694 1345 videtur
1716 1306 1741 1363 ιν
1752 1298 1999 1347 contem-

412 1366 673 1437 plandum
691 1379 773 1426 est
795 1373 1200 1444 intelligentiam
1225 1375 1446 1433 habenti
1466 1377 1588 1435 sine
1602 1378 1993 1450 disputatione,

415 1460 689 1528 quomodo
737 1464 901 1522 unius
946 1467 1117 1522 verbo
1176 1469 1362 1524 omnia
1414 1478 1599 1542 aptata
1666 1480 1816 1529 sunt.
1873 1472 1995 1528 Una

415 1552 501 1607 lex
532 1554 811 1614 Creatoris
859 1558 915 1613 in
953 1561 1216 1618 omnibus
1258 1562 1597 1630 dominatur,
1654 1572 1711 1622 et
1753 1566 1893 1620 nihil
1939 1566 1997 1620 in

413 1644 580 1703 rebus
614 1657 861 1720 pugnat,
890 1666 1069 1725 neque
1110 1653 1239 1710 belli
1274 1654 1539 1712 indicium
1568 1657 1653 1712 vel
1684 1657 1990 1714 dissensio-

413 1735 502 1793 nis
569 1738 628 1794 in
700 1743 971 1800 creaturis
1026 1756 1298 1817 apparet;
1360 1749 1495 1820 quin
1570 1750 1753 1820 potius
1804 1749 1987 1805 omnia

414 1828 662 1897 (homine
695 1834 917 1905 quidem
950 1841 1232 1913 peccante)
1260 1857 1448 1913 pacem
1486 1844 1632 1900 inter
1671 1860 1732 1902 se
1761 1844 1986 1910 habent,

412 1930 477 1977 ut
518 1939 642 1996 qua:
672 1925 744 1982 ab
771 1944 884 1986 uno
914 1932 1069 2002 pacis
1099 1940 1155 1989 et
1182 1935 1385 2005 quietis
1435 1944 1703 1994 statutum
1764 1952 1992 2008 accepe-

413 2025 584 2084 runt;
629 2034 662 2076 a
707 2036 818 2092 quo
860 2021 967 2079 hoc
1015 2025 1193 2096 ipsum
1243 2028 1389 2099 quod
1442 2037 1595 2096 sunt,
1637 2045 1669 2085 a
1717 2030 1992 2102 principio

413 2109 643 2167 habent.
695 2110 989 2186 Conspirat
1029 2117 1176 2173 enim
1214 2133 1339 2175 cum
1382 2120 1550 2176 rebus
1586 2135 1710 2191 quae
1747 2120 1806 2175 in
1842 2127 1990 2175 terra

414 2209 566 2270 sunt,
625 2204 825 2263 caelum
884 2206 1101 2278 pluens,
1146 2225 1272 2266 cum
1330 2219 1543 2283 tempus
1592 2214 1869 2285 postulat;
1925 2228 1991 2269 ac

414 2309 615 2352 rursus
652 2296 895 2367 pluviam
933 2301 1196 2367 sustinet,
1219 2317 1345 2357 cum
1377 2318 1519 2375 opus
1550 2312 1636 2361 est
1664 2306 1783 2361 solo
1809 2306 1992 2362 calore

415 2385 486 2441 ad
544 2388 937 2445 maturandum
989 2410 1007 2447 :
1060 2391 1143 2448 sol
1194 2401 1377 2449 autem
1424 2409 1526 2451 suo
1581 2395 1816 2451 circuitu
1872 2396 1992 2468 lege

416 2478 663 2535 auctoris
714 2480 1020 2536 constituto
1060 2481 1224 2539 elﬁcit
1271 2492 1648 2556 tempestates,
1698 2502 1986 2559 nunquam

311 2580 319 2588 '
413 2582 512 2625 eas
551 2577 921 2636 commutans,
962 2572 1210 2644 quinimo
1257 2591 1430 2631 unum
1495 2577 1745 2633 ordinem
1800 2592 1990 2634 earum

414 2659 810 2718 immutabilem
838 2670 1013 2733 tenet,
1047 2677 1471 2739 perseveratque
1505 2669 1561 2724 in
1593 2677 1789 2726 natura
1814 2672 1994 2726 varie-

414 2761 503 2810 tas
559 2769 574 2806 :
631 2761 795 2827 atque
856 2772 971 2812 una
1035 2765 1091 2813 et
1143 2758 1333 2814 eadem
1384 2775 1609 2826 summa,
1657 2763 1993 2832 conspiratio

415 2853 582 2917 supra
627 2855 683 2904 et
725 2848 870 2904 infra
914 2850 1181 2905 cernitur.
1215 2850 1335 2911 Nox
1372 2860 1553 2908 autem
1602 2856 1756 2912 omni
1793 2856 1993 2912 smculo

416 2939 723 3008 permansit
774 2941 895 2997 sine
947 2940 1314 2996 inconstantia
1367 2942 1634 3000 adversus
1671 2946 1838 3010 diem,
1881 2962 1993 3004 non

416 3038 571 3086 mota
610 3030 844 3087 fortuito
884 3041 939 3088 et
989 3042 1213 3089 carente
1252 3034 1465 3091 ratione
1505 3035 1615 3092 diei
1666 3038 1991 3103 succedens,

418 3122 515 3180 sed
581 3124 851 3194 sapientia
929 3126 1172 3181 auctoris
1225 3126 1476 3182 addendo
1527 3135 1583 3184 et
1638 3130 1994 3186 subducendo

415 3220 766 3285 temperata;
826 3215 991 3287 idque
1049 3232 1158 3271 non
1202 3218 1340 3276 alias
1394 3219 1574 3285 aliter,
1629 3220 1763 3292 quin
1810 3223 1992 3292 potius

2178 1197 2317 1251 Ἀλλ’
2344 1197 2532 1269 ἐπειδὴ
2578 1199 2717 1271 πρὸς
2760 1199 2989 1253 ἕκαστον
3029 1193 3102 1252 ὧν
3145 1199 3351 1261 ἐκεῖνος
3392 1197 3670 1270 ἀδολεσχεί

2089 1306 2150 1342 τε
2188 1290 2283 1343 καὶ
2316 1290 2630 1353 πλάττεται,
2678 1290 2841 1362 λῆρος
2872 1291 2937 1345 ἂν
2972 1292 3173 1358 δόξειεν
3204 1288 3341 1345 εἷναι
3377 1290 3439 1344 τὸ
3487 1291 3666 1360 λέγειν

2090 1401 2151 1438 τε
2177 1384 2275 1438 καὶ
2308 1385 2555 1456 ἀπαντᾷν
2578 1402 2592 1416 ·
2637 1386 2939 1458 θεωρητέον
2974 1386 3068 1439 καὶ
3112 1385 3233 1456 δίχα
3269 1384 3427 1453 λόγου
3469 1383 3547 1455 τῷ
3573 1401 3667 1438 κε-

2091 1476 2348 1548 κτημένῳ
2392 1475 2624 1541 σύνεσιν,
2665 1478 2813 1540 ὅπως
2860 1478 2957 1548 μὲν
3005 1477 3122 1540 ὲνὺς
3161 1477 3406 1547 ἥρμοστο
3431 1475 3575 1546 λόγῳ
3597 1474 3669 1530 τά

2093 1569 2411 1639 σύμπαντω
2440 1562 2519 1631 εἷς
2553 1567 2611 1621 δὲ
2641 1569 2803 1639 νόμος
2846 1567 2939 1621 τοῦ
2982 1566 3323 1639 Δημιουργοῦ
3354 1566 3497 1620 κατά
3533 1566 3670 1621 πάν-

2091 1678 2200 1715 των
2224 1663 2436 1733 κρατεῖ,
2477 1661 2573 1715 καὶ⁵
2606 1660 2756 1714 οὐδὲν
2791 1662 2849 1713 ὲν
2882 1663 2995 1737 τοῖς
3027 1656 3145 1713 οὖσι
3173 1659 3516 1730 διαμάχεται,
3549 1655 3669 1711 οὐδὲ

2089 1753 2331 1824 πολέμου
2361 1754 2658 1825 τεκμήριον
2683 1754 2718 1825 ἢ
2752 1752 3017 1824 διχονοίας
3042 1755 3101 1807 ὲν
3124 1755 3234 1816 τοῖς
3262 1752 3669 1823 δημιουργήμαο

2090 1863 2175 1900 σιν
2200 1846 2575 1917 ὑποφαίνεται,
2606 1846 2720 1900 ἀλλ’
2747 1845 3036 1919 είρηνεύει,
3063 1845 3199 1899 Θεοῦ
3233 1861 3299 1915 γε
3331 1843 3669 1915 συμπλέκον-

2087 1953 2178 2002 τος
2199 1936 2270 1992 τά
2298 1937 2475 1991 πάντα
2503 1937 2640 2009 πρὸς
2680 1936 2908 2009 ἄλληλα,
2936 1935 3011 2000 ὡς
3041 1935 3130 2005 ὑφ’
3159 1934 3279 1999 ἐνὸς
3309 1932 3545 1988 λαϐόντα
3567 1932 3667 2004 τῆς

2089 2031 2315 2102 εἰρήνης
2337 2030 2433 2083 καὶ
2462 2030 2560 2100 τῆς
2585 2028 2815 2100 ἡσυχίας
2837 2021 2899 2081 τδ
2932 2026 3202 2098 σύνθημα,
3242 2027 3372 2097 παρ’
3402 2016 3465 2077 οὗ
3491 2024 3582 2078 καὶ
3604 2022 3669 2078 τδ

2091 2119 2354 2190 εἶναιτὴν
2403 2121 2578 2194 ἀρχὴν
2623 2120 2833 2184 τούτοις
2879 2119 3127 2191 ὑπῆρξε·
3173 2118 3413 2188 συμπνεῖ
3453 2133 3514 2169 τε
3555 2114 3667 2186 γὰρ

2089 2218 2202 2280 τοῖς
2231 2216 2324 2269 ἐπὶ
2362 2215 2465 2286 γῆς
2511 2213 2833 2286 πράγμασιν
2871 2210 3100 2284 οὐρανὸς
3135 2209 3264 2273 ὕων,
3307 2209 3436 2263 ὅταν
3480 2206 3674 2280 καιρὸς

2090 2308 2317 2379 ἀπαιτῇ,
2346 2307 2441 2360 καὶ
2467 2302 2622 2370 αὖθις
2652 2306 2859 2376 ἀνέχων
2885 2303 2977 2358 τὸν
2998 2302 3170 2368 ὑετὸν,
3194 2303 3322 2356 ὅταν
3345 2300 3441 2373 δέῃ
3472 2298 3670 2371 θερμό-

2089 2417 2211 2473 τητι
2256 2400 2396 2474 μόνῃ
2436 2397 2880 2469 τελεσφορεῖσθαι
2919 2395 2988 2450 τά
3014 2395 3187 2465 φυτάο
3223 2393 3376 2465 ἥλιος
3408 2392 3467 2445 δὲ
3504 2406 3671 2463 μετα-

2091 2492 2293 2547 ϐαίνων
2322 2493 2474 2564 νόμῳ
2504 2489 2600 2545 τοῦ
2648 2490 2972 2561 ποιήσαντος
3012 2487 3112 2552 τάς
3161 2485 3312 2557 ὥρας
3356 2483 3669 2556 ἐργάζεται,

2090 2585 2427 2640 ἐναλλάττων
2460 2584 2714 2638 οὐδέποτε
2743 2581 2968 2645 ταύτας,
3002 2581 3131 2651 μίαν
3162 2579 3221 2633 δὲ
3256 2577 3357 2649 τὴν
3397 2576 3552 2643 τάξιν
3581 2574 3676 2629 αὑ-

2090 2679 2201 2733 τῶν
2230 2676 2584 2750 ἀπαράϐατον
2615 2673 2898 2737 δεικνύων,
2929 2671 3024 2726 καὶ
3061 2672 3288 2743 ἐμμένει
3318 2684 3385 2739 γε
3415 2669 3484 2740 τῇ
3513 2666 3672 2738 φύσει

2090 2772 2152 2824 τὸ
2177 2770 2466 2841 διάφορον·
2511 2766 2609 2838 μία
2652 2765 2708 2819 δὲ
2748 2764 2841 2819 καὶ
2883 2765 2916 2835 ἡ
2949 2763 3087 2833 αὐτὴ
3122 2760 3369 2831 φαίνεται
3402 2758 3674 2829 σύμπνοια

2091 2860 2200 2914 τῶν
2232 2861 2346 2915 ἄνω
2375 2876 2437 2912 τε
2469 2858 2568 2912 καὶ
2610 2855 2719 2910 τῶν
2762 2854 2916 2909 κάτω
2957 2852 3093 2925 πρὸς
3125 2852 3434 2924 ἀκρίϐειαν.
3468 2848 3584 2917 Νὺξ
3613 2847 3673 2901 δὲ

2095 2952 2231 3025 πρὸς
2264 2950 2476 3022 ἡμέραν
2521 2946 2883 3011 ἀστασίαστος
2922 2945 3158 3017 διέμεινε
3197 2943 3289 2997 τὸν
3334 2941 3507 2996 αἰῶνα
3539 2940 3675 3012 σύμ-

2093 3061 2296 3105 παντα,
2331 3042 2429 3095 οὐκ
2454 3040 2636 3109 ἀλόγῳ
2666 3041 2808 3110 φορᾷ
2836 3036 2933 3108 τὴν
2967 3035 3217 3107 διαδοχὴν
3248 3033 3384 3105 πρὸς
3411 3032 3508 3105 τὴν
3536 3035 3681 3103 ἡμέ-

2095 3152 2194 3206 ραν
2228 3133 2447 3204 ἕχουσα,
2482 3130 2618 3185 ἀλλά
2644 3130 2809 3201 σοφία
2833 3127 2926 3182 τοῦ
2949 3124 3314 3198 Δημιουργοῦ,
3338 3123 3676 3195 προσθήκαις

2092 3247 2154 3283 τε
2198 3227 2294 3282 καὶ
2345 3225 2669 3297 ἀφαιρέσεσι
2722 3221 3061 3294 μετρουμένη
3087 3236 3100 3250 ⁸
3156 3218 3250 3272 καὶ
3291 3217 3412 3271 οὐδὲ
3451 3214 3680 3280 ταύταις·

416 3305 769 3363 manifestum
829 3322 893 3362 ac
940 3320 1150 3364 certum
1205 3316 1291 3365 est
1345 3317 1560 3381 tempus
1616 3312 1951 3368 accessionis
1974 3332 1995 3381 ;_

2094 3320 2280 3377 ἄλλοτε
2320 3318 2516 3391 ἄλλως,
2547 3316 2681 3370 ἀλλά
2722 3315 2878 3386 δῆλος
2922 3312 3021 3384 μὲν
3067 3309 3404 3382 προσθήκης,
3434 3307 3587 3398 δῆλός
3611 3323 3676 3361 τε

416 3398 769 3456 manifestum
817 3399 946 3455 item
976 3406 1031 3456 et
1058 3407 1272 3456 certum
1324 3411 1535 3472 tempus
1587 3402 1992 3459 subductionis.

416 3490 631 3550 Rursus
682 3493 767 3550 sol
818 3507 927 3547 non
973 3501 1234 3564 gravatur
1266 3493 1412 3548 nocti
1455 3494 1782 3560 succedere,
1820 3511 1996 3567 neque

416 3585 805 3642 contumeliam
866 3585 1017 3641 ducit
1058 3585 1232 3655 legem
1284 3584 1612 3654 Creatoris;
1665 3586 1762 3643 sed
1811 3588 1995 3658 potius

416 3685 572 3727 more
618 3671 778 3742 probi
836 3672 1002 3734 servi,
1057 3670 1310 3727 conlecto
1361 3675 1479 3729 sine
1526 3674 1835 3730 cessatione
1880 3676 1992 3730 ulla

416 3775 584 3817 cursu
631 3761 762 3825 diei,
812 3762 1037 3829 recedit,
1088 3773 1148 3817 ut
1194 3764 1246 3819 ei
1289 3766 1372 3820 lex
1440 3764 1700 3836 imposita
1733 3774 1840 3830 cst,
1870 3766 1996 3821 dili-

419 3860 611 3924 genter
651 3867 712 3909 se
746 3852 978 3920 abdcas,
1024 3862 1084 3909 ut
1117 3870 1225 3911 nox
1264 3857 1502 3928 spatium
1548 3858 1652 3913 sibi
1685 3858 1994 3915 dimensum

419 3944 670 4015 recipiat.

491 4034 634 4102 Quid
661 4050 791 4092 vero
814 4035 883 4093 de
915 4043 1060 4093 terra
1092 4044 1148 4094 et
1185 4038 1325 4093 mari
1356 4037 1529 4105 dices,
1568 4039 1841 4111 quomodo
1877 4056 1995 4097 am-

420 4126 491 4182 bo
521 4128 771 4184 terminis
803 4128 1220 4200 circumscripta
1252 4131 1418 4186 sunt?
1447 4129 1597 4188 Licet
1620 4130 1807 4188 videre
1842 4149 1994 4189 mare

418 4216 676 4274 ﬂuctibus
723 4217 958 4287 elatum,
999 4220 1119 4291 lege
1168 4227 1349 4276 autem
1397 4221 1468 4276 ab
1505 4220 1710 4292 impetu
1750 4221 1995 4292 prohibi-

416 4315 556 4375 tum,
606 4318 662 4366 et
709 4308 760 4366 vi
791 4319 1076 4367 ventorum
1129 4312 1424 4383 impulsum
1481 4314 1539 4368 in
1578 4322 1803 4376 terram,
1846 4323 1991 4369 metu

419 4410 600 4458 autem
624 4403 761 4474 legis
783 4411 1087 4460 retrorsum
1117 4404 1379 4461 reﬂexum
1411 4424 1427 4460 :
1458 4407 1707 4477 quamvis
1730 4421 1839 4460 non
1873 4422 1995 4459 mu-

419 4509 516 4551 rus
553 4495 940 4551 adamantinus
973 4496 1176 4551 auxilio
1210 4505 1295 4552 est
1326 4498 1400 4563 ei,
1434 4512 1501 4553 ne
1539 4512 1691 4553 mare
1718 4496 1901 4553 emuat
1940 4504 1994 4551 et

419 4588 650 4644 inundet
691 4595 916 4656 terram,
953 4596 1008 4644 et
1033 4603 1147 4643 non
1188 4588 1409 4643 obealiat
1452 4589 1671 4643 auctori
1698 4602 1817 4643 suo.
1852 4587 1991 4653 Quin

2094 3413 2194 3482 τῆς
2221 3407 2563 3481 ἀφαιρέσεως
2588 3408 2616 3460 ὁ
2654 3403 2863 3477 καιρός.
2898 3398 3063 3465 Αὖθις
3088 3400 3145 3454 δὲ
3174 3399 3324 3471 ἥλιος
3353 3401 3413 3452 ού
3447 3397 3676 3469 βαρύνε-

2094 3519 2183 3562 ται
2214 3500 2317 3571 τῆς
2347 3497 2540 3562 νυκτὸς
2577 3497 2676 3568 τὴν
2703 3494 2971 3566 διαδοχὴν,
2995 3492 3115 3546 οὐδὲ
3145 3491 3302 3562 ὓϐριν
3341 3491 3550 3560 ἡγεῖται
3582 3486 3675 3540 τὸν

2094 3593 2256 3664 νόμον
2306 3591 2401 3649 τοῦ
2460 3589 2959 3661 δημιουργήσαντος
2980 3601 2993 3613 ·
3061 3584 3174 3639 ἀλλ’
3228 3580 3433 3651 ἀγαθοῦ
3486 3579 3685 3634 δούλου

2094 3683 2293 3754 τρόπον
2336 3680 2560 3743 τελέσας
2608 3677 2872 3732 ἀπνευστὶ
2914 3676 3012 3745 τῆς
3055 3674 3265 3746 ἡμέρας
3309 3672 3399 3726 τὸν
3450 3672 3673 3743 δρόμον,

2095 3775 2370 3846 ἀναχωρεῖ
2398 3764 2521 3845 γεῇ
2554 3771 2717 3843 νόμος
2751 3767 2902 3840 αὐτῷ
2938 3766 3141 3838 σπουδῇ
3175 3764 3568 3837 κρυπτόμενος,
3597 3764 3675 3826 ὡς

2096 3865 2162 3921 ἂν
2188 3867 2248 3919 τὸ
2281 3867 2481 3919 οἰκεῖον
2511 3863 2705 3936 μέτρον
2728 3866 2762 3934 ἡ
2790 3862 2885 3928 νὺξ
2909 3857 3176 3930 ἀπολάϐῃ.

2166 4045 2232 4099 Τί
2257 4044 2301 4099 δ’
2330 4044 2395 4098 ἂν
2425 4042 2600 4106 εἴποις
2631 4040 2759 4113 περὶ
2779 4040 2880 4111 γῆς
2913 4055 2969 4095 τε
3000 4037 3093 4091 καὶ
3115 4036 3402 4106 θαλάττης,
3431 4031 3507 4097 ὡς
3537 4033 3673 4086 ἕκα-

2098 4157 2220 4194 στον
2266 4137 2445 4192 αὐτῶν
2492 4138 2604 4209 ὅρῳ
2649 4135 2757 4187 τινί
2808 4132 3281 4204 περιγέγραπται;
3339 4127 3475 4180 Ἀλλ’
3525 4126 3672 4179 ἔστιν

2099 4231 2226 4285 ίδεῖν
2275 4230 2373 4300 τὴν
2415 4227 2686 4281 θάλατταν
2735 4223 3105 4295 κυρτουμένην
3150 4221 3247 4291 μὲν
3280 4221 3400 4283 ’τοῖς
3438 4218 3673 4288 κύμασι,

2095 4324 2243 4395 νόμῳ
2266 4323 2322 4376 δὲ
2353 4320 2454 4391 τῆς
2483 4318 2672 4387 ἐφόδου
2699 4315 3047 4385 κωλυομένην
3071 4329 3084 4343 ·
3117 4313 3211 4366 καὶ
3240 4312 3343 4365 ὑπὸ
3386 4311 3483 4380 μὲν
3510 4325 3672 4361 πνευ-

2099 4418 2282 4489 μάτων
2324 4413 2509 4485 βιαίων
2549 4409 2689 4464 κατά
2730 4408 2832 4480 γῆς
2876 4406 3212 4477 ὼθουμένην,
3261 4403 3408 4474 φόϐῳ
3463 4402 3519 4456 δὲ
3573 4400 3669 4455 τοῦ

2094 4509 2257 4579 νόμου
2292 4508 2370 4569 είς
2394 4504 2634 4557 τούπίσω
2662 4500 3075 4571 ἀνακλωμένην⁶
3113 4498 3286 4555 καίτοι
3314 4512 3377 4564 γε
3399 4495 3498 4548 οὐκ
3535 4494 3670 4547 ἀδαο

2098 4598 2349 4670 μάντινον
2386 4598 2565 4665 τεῖχος
2591 4594 2726 4664 αὐτῇ
2760 4591 2944 4665 βοηθεῖ
2968 4590 3103 4663 πρὸς
3128 4589 3189 4643 τὸ
3217 4588 3290 4660 μὴ
3316 4587 3504 4660 ῥεῦσαι
3529 4586 3672 4640 κατά

421 4682 530 4735 imo
564 4679 701 4735 satis
734 4685 819 4735 est
861 4678 1330 4749 propugnaculum
1378 4686 1538 4733 terra;
1580 4678 1840 4734 adversus
1876 4693 1992 4732 ma-

2093 4691 2191 4762 τῆς
2236 4690 2357 4758 γῆς,
2398 4687 2491 4741 καὶ
2531 4684 2819 4755 ἀπειθῆσαι
2865 4681 3014 4753 αύτῷ
3053 4680 3131 4752 τῷ
3182 4683 3485 4750 ποιήσαντι.
3529 4678 3669 4744 Ἀλλ’

418 4788 479 4828 re
499 4772 729 4829 verbum
776 4772 896 4842 ejus
937 4772 1029 4842 qui
1078 4770 1229 4836 fecit,
1283 4782 1605 4842 coercetque
1634 4764 1833 4838 arena;
1861 4771 1993 4842 quin

421 4864 602 4934 potius
650 4865 736 4919 lex
786 4862 1006 4918 cohibet
1044 4872 1097 4920 et
1141 4863 1278 4919 foris
1328 4863 1491 4919 ﬂatus
1538 4870 1827 4919 ventorum
1877 4865 1994 4920 vio-

418 4955 614 5021 lentos,
650 4964 726 5011 σει
776 4954 928 5010 intus
976 4954 1269 5010 ﬂuxionem
1327 4970 1615 5027 aquarum,
1671 4961 1733 5009 ut
1788 4955 1992 5010 nullam

415 5055 626 5119 partem
653 5053 815 5103 terrae
843 5046 1071 5102 inundet
1097 5047 1434 5118 aqua_maris
1458 5065 1472 5113 ;
1505 5054 1558 5102 et
1581 5054 1849 5103 creatura:
1871 5049 1994 5119 qui-

414 5139 535 5196 dem
592 5138 781 5195 amicaa
834 5144 889 5194 et
929 5145 1190 5210 tanquam
1242 5138 1384 5194 inter
1417 5155 1476 5195 se
1510 5155 1781 5212 germanae
1821 5155 1991 5195 unum

415 5245 541 5286 vere
573 5236 855 5285 auctorem
904 5228 1010 5285 sibi
1059 5228 1345 5283 ascribunt
1379 5243 1442 5282 ac
1478 5229 1820 5299 profitentur.
1857 5228 1992 5295 Quis

414 5323 558 5377 enim
602 5337 845 5396 unquam
887 5319 1184 5376 historicus
1224 5319 1466 5390 scripsit,
1516 5320 1572 5374 in
1612 5321 1752 5376 ccelo
1783 5328 1989 5374 motum

416 5413 585 5467 stella:
611 5413 667 5468 in
695 5412 912 5470 stellam
937 5411 1141 5467 factum
1165 5425 1287 5467 esse
1314 5428 1328 5465 :
1366 5419 1459 5464 aut
1482 5409 1537 5464 in
1559 5419 1708 5466 terra
1735 5408 1990 5465 animalia

417 5499 647 5554 alterum
677 5515 851 5571 genus
886 5515 1256 5571 oppugnasse,
1303 5505 1362 5551 ut
1402 5498 1579 5568 ipsum
1620 5499 1866 5555 delerent
1898 5505 1992 5551 aut

419 5588 535 5658 ipsa
556 5599 746 5646 contra
770 5591 1110 5647 delerentur?
1137 5590 1241 5646 Sed
1268 5589 1451 5659 potius
1474 5606 1817 5662 quaecunque
1842 5588 1990 5644 aliud

420 5677 478 5731 in
505 5676 650 5733 aliud
678 5680 969 5736 incurrunt
995 5688 1053 5737 et
1080 5681 1379 5743 invadunt,
1413 5682 1685 5751 sapientia
1707 5682 1989 5738 Creatoris

420 5772 685 5823 statutum
732 5779 819 5827 est
873 5771 998 5838 hoc,
1053 5778 1114 5825 ut
1168 5787 1289 5843 qua:
1323 5771 1600 5827 abundant
1660 5786 1990 5830 consuman-

419 5869 511 5914 tur
539 5875 555 5922 ;
584 5874 707 5929 qua
740 5868 794 5916 et
821 5876 943 5920 esse
971 5871 1025 5920 et
1054 5862 1324 5929 consumi,
1361 5872 1650 5936 utrumque
1677 5866 1988 5925 hominibus

427 5948 670 6019 prodest.
1249 5982 1267 5994 -
1850 5955 1862 5968 '

2096 4783 2255 4853 ἀρκεί
2292 4779 2574 4853 περίϐολον
2623 4774 2762 4832 εἶναι
2806 4779 2872 4847 τῇ
2904 4777 2973 4846 γῇ
3023 4773 3160 4845 πρὸς
3197 4773 3295 4844 τὴν
3337 4771 3607 4826 Θάλατταν
3638 4771 3669 4824 ὁ

2094 4874 2247 4943 λόγος
2276 4871 2371 4926 τοῦ
2405 4872 2747 4943 ποιήσαντος,
2792 4869 2885 4922 καὶ
2924 4867 3148 4938 ψάμμος
3194 4865 3430 4941 κατέχει,
3469 4863 3668 4935 μᾶλλον

2093 4964 2149 5018 δὲ
2177 4965 2339 5036 νόμος
2384 4963 2591 5034 ἐπέχει,
2630 4963 2723 5016 καὶ
2759 4960 2879 5032 βίαν
2921 4959 3028 5013 τῶν
3077 4957 3273 5022 ἔξωθεν
3319 4956 3665 5027 πνευμάτων,

2095 5056 2188 5113 καὶ
2209 5055 2362 5129 ῥύσιν
2395 5055 2624 5119 ὑδάτων,
2653 5054 2792 5107 ὥστε
2822 5054 2915 5107 καὶ
2953 5054 3117 5125 μηδὲν
3143 5052 3243 5122 τῆς
3271 5050 3371 5121 γῆς
3401 5047 3671 5102 κατακλυσ-

2096 5147 2283 5220 σθῆναι
2306 5164 2320 5178 ·
2358 5147 2453 5202 καὶ
2501 5145 2630 5216 φίλα
2671 5163 2734 5215 γε
2771 5145 2846 5209 ὡς
2882 5145 3131 5217 ἀλλήλοις
3168 5140 3303 5198 εἶναι
3346 5140 3551 5211 ἀδελφά
3574 5139 3670 5212 δη-

2097 5240 2501 5310 μιουργήματα,
2553 5237 2649 5290 ἕνα
2700 5235 2837 5307 πρὸς
2888 5235 3143 5306 ἀλήθειαν
3188 5235 3279 5288 τὸν
3336 5230 3670 5303 δημιουργὸν

2094 5330 2528 5401 ἐπιγραφόμενα.
2565 5328 2663 5392 Τίς
2688 5327 2797 5398 γὰρ
2831 5328 3079 5399 ἱστόρησε
3108 5324 3349 5388 πώποτε,
3388 5323 3463 5387 ὡς
3491 5324 3547 5375 ὲν
3574 5323 3668 5375 οὐ-

2096 5421 2241 5492 ρανῷ
2277 5421 2374 5493 μὲν
2405 5421 2580 5493 ἀστὴρ
2621 5421 2812 5492 ἀστέρι
2857 5418 3148 5488 ἐπανέστη,
3185 5417 3277 5470 ἐπὶ
3316 5416 3419 5486 γῆς
3459 5414 3515 5467 δὲ
3552 5412 3671 5479 ζῶα

2095 5513 2263 5585 ἑτέρῳ
2286 5512 2432 5582 γένει
2463 5512 2842 5583 διεμαχέσατο,
2868 5511 2943 5574 ὡς
2966 5509 3241 5579 ἐξαλεῖψαι
3266 5507 3446 5570 τοῦτο,
3478 5506 3512 5577 ἢ
3543 5506 3671 5558 τού-

2093 5603 2302 5656 ναντίον
2355 5602 2772 5674 ὲξαλειφθῆναις
2819 5599 2981 5654 Ἀλλά
3039 5598 3132 5653 καὶ
3182 5599 3279 5652 ὅσα
3339 5596 3466 5651 ἄλλο
3522 5595 3669 5666 ἄλλῳ

2094 5693 2291 5759 ἔπεισι,
2321 5696 2412 5748 καὶ
2455 5695 2629 5750 ταῦτα
2676 5694 2837 5765 σοφίᾳ
2879 5691 2972 5746 τοῦ
3006 5689 3343 5762 Δημιουργοῦ
3378 5687 3665 5758 νενομοθέ-

2061 5823 2067 5829 ι
2091 5803 2269 5859 τηται,
2300 5786 2361 5840 τὸ
2388 5785 2676 5851 πλεονάζον
2698 5786 2876 5841 αὐτῶν
2909 5783 3351 5856 παραναλίσκειν,
3379 5774 3455 5836 ὧν
3482 5782 3576 5834 καὶ
3602 5776 3671 5835 τὸ

2094 5870 2228 5931 εἶναι
2254 5876 2346 5930 καὶ
2374 5875 2432 5930 τὸ
2460 5875 2793 5931 δαπανᾶσθαι
2834 5874 2973 5946 ὑπὲρ
3007 5872 3305 5945 ἀνθρώπων
3334 5870 3587 5941 ἑκάτερα.
