4100 6412
413 446 552 506 1105

1481 455 1850 512 ADVERSUS
1890 455 2315 511 MANICHIEOS
2351 455 2477 510 LIB.
2520 456 2581 512 II.

3522 458 3661 516 1206

484 565 547 617 Εἰ
580 564 635 617 δέ
668 582 747 630 τις
781 564 923 619 ἐλθοι
955 565 1031 637 τῷ
1063 566 1204 636 λόγῳ
1242 568 1333 621 καὶ
1371 570 1505 639 πρὸς
1544 571 1713 636 αὐτάς
1744 572 1851 625 τῶν
1892 591 1986 626 σω-

2168 571 2226 627 Si
2265 572 2389 643 quis
2440 580 2619 625 autem
2656 570 2724 625 ad
2757 571 2872 640 ipsa
2910 573 3176 642 principia
3211 587 3500 643 corporum
3531 589 3666 629 con-

412 653 599 726 μάτων
639 655 737 719 τὰς
779 656 973 728 ἀρχὰς.
1012 658 1106 710 καὶ
1147 658 1381 729 τέτταρα
1422 659 1522 730 μὲν
1578 666 1814 733 στοιχεῖα
1855 681 1989 716 κατ-

414 745 534 807 ίδοι,
559 748 624 818 τῇ
655 747 698 800 δ’
725 749 1057 820 ἐναντιότητι
1083 749 1219 821 πρὸς
1245 752 1560 820 συμφωνίαν
1593 754 1989 826 κεραννύμενα,

409 837 573 892 πλέον
608 838 673 893 ἂν
710 840 1008 912 ἐκπλαγείη
1050 840 1157 893 τῶν
1196 841 1363 896 ὄντων
1399 843 1497 916 τὴν
1543 847 1882 916 συμφωνίαν,
1916 847 1991 911 ὡς

409 932 504 1001 ἀφ’
532 932 648 995 ἐνός
676 948 750 1000 γε,
767 933 998 1003 ἐχόντων
1028 934 1121 986 καὶ
1148 934 1306 1003 μόνου
1336 934 1397 987 τὸ
1431 931 1571 988 εἶναι
1599 953 1612 966 ·
1643 937 1853 1002 τούτοις
1884 940 1993 1010 γὰρ

410 1026 445 1091 ή
479 1024 790 1094 ἐναντιότης
818 1024 997 1093 φιλίας
1036 1026 1293 1097 ἀφορμή·
1331 1027 1425 1080 καὶ
1456 1028 1516 1081 τὸ
1553 1028 1858 1099 μαχόμενον
1893 1030 1993 1100 τῆς

412 1112 628 1180 φύσεως
668 1116 849 1177 αὐτοῖς
893 1117 1114 1187 εἰρήνης
1161 1117 1261 1186 τῆς
1306 1119 1569 1172 ἀνωτάτω
1611 1121 1927 1190 παραίτιον·
1957 1121 1993 1175 ἃ

408 1202 470 1274 δὴ
504 1204 743 1277 τέσσαρα
781 1206 877 1274 μέν
917 1207 1063 1258 ἐστιν
1110 1205 1348 1277 ἀριθμῷ,
1380 1207 1437 1263 ἓν
1477 1209 1533 1262 δὲ
1583 1211 1989 1281 συνερχόμενον.

409 1296 626 1351 Μᾶλλον
655 1297 711 1351 δὲ
761 1300 855 1353 καὶ
899 1300 1142 1371 ἀλλήλων
1189 1301 1513 1371 ἐπιδεόμενα
1564 1303 1700 1368 πρὸς
1746 1304 1806 1357 τὸ
1854 1299 1992 1357 εἶναι

408 1392 546 1460 αὐτῇ
579 1407 640 1458 γε
682 1394 749 1463 τῇ
784 1394 1117 1463 ἐναντιότητι
1160 1393 1408 1465 ἀλλήλοις
1454 1398 1868 1468 ἐπικουροῦντα,
1902 1399 1994 1451 καὶ

411 1484 469 1534 ἐν
498 1481 745 1552 ἀλλήλοις
774 1482 1146 1553 κρυπτόμενα,
1175 1485 1268 1537 καὶ
1300 1484 1365 1538 δι’
1396 1485 1639 1555 ἀλλήλων
1672 1488 1988 1558 φαινόμενα·

413 1573 607 1645 μικρὸν
644 1575 741 1645 μὲν
766 1570 857 1627 οῦν
900 1577 1094 1638 εἰπεῖν,
1125 1575 1201 1639 ὡς
1239 1577 1299 1629 οὐ
1345 1576 1671 1649 ψυχρίζεται
1706 1580 1765 1632 τὸ
1794 1580 1992 1650 θερμὸν

408 1665 516 1718 ὑπὸ
543 1663 635 1717 τοῦ
678 1664 909 1737 ψυχροῦ,
940 1667 1061 1719 ούδέ
1095 1668 1327 1738 ἐσϐέσθη
1360 1669 1464 1722 ὑπὸ
1504 1670 1597 1722 τοῦ
1636 1671 1801 1744 ὑγροῦ
1826 1690 1838 1702 ·
1874 1673 1992 1726 οὐδὲ

406 1754 753 1826 κατεφλέχθη
791 1758 887 1827 μὲν
924 1758 983 1811 τὸ
1018 1756 1179 1829 ξηρὸν
1222 1759 1326 1812 ύπὸ
1359 1760 1452 1813 τοῦ
1493 1762 1683 1833 πυρὸς,
1722 1762 1989 1834 κατελύθη

406 1847 463 1901 δὲ
491 1849 593 1902 ὑπὸ
620 1850 713 1902 τοῦ
743 1851 909 1922 ὑγροῦ
927 1869 939 1881 ·
976 1852 1234 1916 σύστασις
1255 1855 1361 1924 γὰρ
1384 1854 1627 1925 ἀλλήλων
1662 1856 1835 1908 ταῦτα
1864 1856 1992 1909 θαυ-

2097 664 2389 721 sideranda
2426 665 2630 728 veniat,
2658 670 2713 719 et
2749 669 2983 733 quatuor
3026 665 3292 720 elementa
3333 666 3665 737 contemple-

2095 766 2206 825 tur,
2229 756 2686 829 quemadmodum
2714 771 2903 813 eorum
2927 758 3259 827 conspiratio
3279 772 3343 813 ac
3365 769 3665 813 concentus

2095 864 2162 904 ex
2192 848 2487 904 contrariis
2528 846 2803 917 pendeat;
2838 847 3010 916 magis
3053 847 3288 915 stupebit
3334 862 3665 903 consensum

2095 957 2303 1007 rerum,
2337 950 2395 996 ut
2418 955 2556 1011 ~quae
2612 940 2680 993 ab
2727 954 2835 993 uno
2884 945 2937 994 et
2991 939 3107 995 solo
3149 939 3253 993 hoc
3292 938 3471 1010 ipsum
3518 939 3665 1010 quod

2096 1043 2248 1097 sunt,
2288 1034 2526 1088 habeant
2574 1051 2588 1088 :
2633 1033 2689 1087 in
2717 1032 2804 1087 his
2833 1031 2976 1086 enim
3009 1040 3242 1102 quatuor
3274 1032 3575 1095 elementis,
3609 1031 3666 1085 id

2095 1126 2242 1199 quod
2273 1126 2607 1182 contrarium
2643 1132 2748 1191 est,
2777 1124 3031 1178 amicitia:
3070 1138 3238 1177 causa
3264 1132 3389 1189 est;
3429 1132 3482 1177 et
3520 1123 3666 1194 quod

2095 1222 2150 1276 in
2204 1220 2284 1275 eis
2315 1225 2512 1273 natura
2548 1223 2772 1287 pugnat,
2805 1231 3074 1271 summam
3119 1230 3306 1286 pacem
3346 1214 3472 1269 facit
3502 1233 3517 1279 ;
3548 1230 3668 1285 quae

2095 1309 2313 1382 quidem
2344 1315 2582 1379 quatuor
2616 1321 2845 1361 numero
2878 1313 3026 1370 sunt,
3063 1321 3230 1360 unum
3260 1321 3387 1361 vero
3431 1306 3667 1360 conﬂata

2094 1418 2159 1457 ac
2185 1416 2481 1457 concursu.
2509 1398 2650 1464 Quin
2682 1399 2863 1469 potius
2892 1414 2950 1453 se
2980 1398 3114 1468 ipsis
3143 1398 3284 1453 inter
3315 1412 3374 1453 se
3400 1397 3665 1467 indigent,

2096 1500 2154 1548 ut
2187 1494 2298 1549 sint
2331 1511 2347 1561 ;
2378 1499 2432 1546 et
2471 1492 2588 1560 ipsa
2628 1498 2824 1544 natura
2847 1490 3109 1544 contrarii
3144 1505 3203 1544 se
3236 1489 3479 1544 vicissim
3513 1489 3669 1558 adju-

2093 1593 2243 1650 vant,
2291 1592 2345 1639 et
2384 1585 2437 1639 in
2492 1599 2551 1639 se
2602 1583 2741 1654 ipsis
2788 1584 2931 1637 inter
2970 1598 3029 1638 se
3073 1582 3253 1636 abdita
3296 1591 3442 1645 sunt,
3482 1590 3537 1637 et
3573 1598 3668 1651 per

2095 1694 2154 1733 se
2202 1678 2320 1748 ipsa
2367 1678 2509 1733 inter
2544 1691 2603 1732 se
2632 1682 2937 1746 apparent;
2981 1683 3066 1744 et,
3104 1683 3164 1730 ut
3203 1674 3423 1746 paulum
3464 1674 3663 1737 dicam,

2092 1783 2272 1837 neque
2300 1752 2539 1822 calidum
2567 1766 2753 1837 frigidi
2784 1766 2987 1835 lrigore
3013 1765 3273 1836 frigescit,
3308 1780 3409 1820 nec
3438 1764 3667 1819 humore

2092 1858 2301 1913 humidi
2352 1858 2721 1929 exstinguitur
2754 1875 2766 1909 :
2806 1873 2981 1927 neque
3006 1858 3213 1912 siccum
3253 1856 3322 1911 ab
3360 1856 3485 1927 igne
3514 1869 3669 1910 com-

412 1940 624 2011 μασίως
666 1943 1026 1997 ἐνδιαιτᾶται·
1067 1944 1161 1997 καὶ
1207 1943 1353 2011 δόξαι
1390 1944 1456 1999 ἂν
1484 1945 1595 2018 πῦρ
1632 1948 1787 2018 μόνον
1820 1946 1899 2009 ὃν,
1930 1949 1986 2001 ού

2091 1948 2311 2002 bustum
2344 1957 2427 2005 est
2456 1988 2471 2013 ,
2504 1964 2607 2003 nec
2644 1948 2712 2002 ab
2749 1948 2971 2002 humido
3004 1947 3235 2001 humore
3256 1943 3556 2015 perfusum.
3585 1943 3666 1998 Ex

408 2030 594 2102 μέντοι
619 2032 743 2104 δίχα
768 2028 933 2105 ὑγροῦ
964 2035 1059 2087 καὶ
1100 2033 1286 2105 ξηροῦ,
1320 2030 1400 2097 οἷς
1423 2052 1485 2102 γε
1513 2037 1844 2107 τρεφόμενον
1876 2037 1990 2090 δια-

403 2121 648 2194 λάμπει.
695 2123 883 2196 ὥσπερ
930 2127 1025 2178 καὶ
1066 2125 1135 2178 τὰ
1178 2125 1310 2180 ἄλλα
1340 2126 1589 2198 ἀλλήλοις
1630 2128 1833 2181 ένεστιν
1877 2130 1984 2200 ἀφῇ

406 2215 569 2285 μόνον
592 2215 926 2288 ἐμφαίνοντα
960 2216 1060 2289 τὴν
1088 2216 1458 2287 ἐναντιότητα,
1478 2220 1618 2272 οὕτω
1657 2220 1841 2291 μέντοι
1867 2220 1988 2289 φιλ-

404 2306 650 2379 άλληλα,
695 2308 771 2374 ὡς
832 2309 1087 2381 οὐδεμίαν
1144 2309 1438 2379 διαφωνίαν
1510 2311 1652 2382 ἔχειν
1706 2312 1983 2367 δοκοῦντα.

402 2399 593 2453 Ταῦτα
610 2399 666 2454 δὲ
690 2400 789 2473 τὴν
814 2402 1051 2474 ἄρρητον
1082 2403 1272 2473 σοφίαν
1293 2403 1551 2476 κηρύττει
1573 2406 1668 2459 καὶ
1695 2406 1983 2460 σιωπῶντα

399 2490 495 2545 τοῦ
540 2492 657 2556 ἐνὸς
689 2493 1009 2564 ἀγεννήτου,
1051 2496 1140 2565 ὑφ’
1184 2490 1245 2551 οῦ
1293 2496 1358 2567 δὴ
1410 2497 1506 2551 καὶ
1544 2499 1810 2569 γενόμενα
1859 2515 1984 2553 συν-

401 2582 648 2655 εκράθη·
687 2587 749 2639 οὺ
791 2585 897 2658 γὰρ
925 2586 991 2658 δὴ
1040 2587 1199 2659 σῶμα
1248 2588 1447 2657 γένοιτ’
1479 2588 1548 2642 ἂν
1589 2589 1647 2656 ἐξ
1680 2590 1797 2653 ἑνός
1841 2607 1984 2655 τινος

401 2678 499 2731 καὶ
522 2677 695 2732 ἁπλοῦ
731 2680 1025 2751 στοιχείου·
1068 2683 1263 2754 κράσει
1294 2683 1403 2755 γὰρ
1437 2681 1662 2752 συσταίη
1694 2680 1760 2735 ἂν
1800 2681 1980 2754 σῶμα.

402 2768 540 2822 Ποία
571 2768 628 2824 δὲ
673 2772 869 2843 κρᾶσις
920 2771 1088 2844 ξηροῦ
1139 2775 1232 2827 καὶ
1283 2773 1483 2845 μόνου;
1534 2773 1662 2827 ποία
1702 2771 1891 2843 ὑγροῦ,
1936 2774 1987 2826 εί

402 2859 524 2915 καθ’
551 2860 713 2915 ἐαυτδ
739 2861 1029 2933 τυγχάνεις

2091 2040 2177 2113 bis
2204 2041 2349 2095 enim
2392 2041 2536 2095 inter
2561 2055 2621 2094 se
2654 2040 2954 2094 constituta
2984 2045 3134 2102 sunt,
3165 2048 3218 2093 et.
3247 2036 3579 2100 consistunt,
3612 2044 3667 2091 et

2091 2132 2148 2186 in
2181 2147 2240 2193 se
2275 2131 2414 2201 ipsis
2443 2131 2766 2186 mirabiliter
2797 2132 2986 2186 insunt
3037 2147 3052 2184 :
3094 2144 3158 2184 ac
3197 2129 3415 2200 putabis
3446 2127 3664 2198 quidem

2089 2225 2268 2281 solum
2316 2226 2498 2295 ignem
2545 2239 2690 2287 esse,
2736 2239 2847 2279 non
2882 2232 3062 2278 tamen
3104 2223 3311 2291 absque
3357 2219 3584 2274 humido
3613 2226 3667 2273 et

2090 2315 2261 2380 sicco,
2293 2314 2494 2386 quibus
2527 2313 2746 2384 quidem
2787 2313 2953 2367 alitur
2978 2322 3030 2367 et
3060 2312 3309 2383 splendet
3346 2331 3358 2366 :
3392 2310 3534 2366 sicut
3562 2310 3665 2365 alla

2088 2407 2147 2462 in
2174 2422 2236 2463 se
2267 2406 2403 2477 ipsis
2451 2405 2667 2472 insunt,
2694 2413 2846 2461 tactu
2891 2412 3102 2459 tantum
3136 2404 3475 2459 contrarium
3524 2402 3667 2457 indi-

2090 2496 2321 2564 cantia;
2364 2496 2448 2551 sic
2496 2504 2679 2551 tamen
2727 2496 2832 2551 sibi
2874 2495 3016 2551 inter
3044 2510 3104 2550 se
3146 2494 3341 2558 amica,
3368 2498 3430 2547 ut
3457 2491 3663 2547 nullam

2088 2586 2418 2644 discordiam
2452 2587 2657 2644 habere
2690 2587 3003 2643 videantur.
3048 2585 3175 2642 Haec
3217 2590 3402 2641 autem
3441 2583 3666 2639 silentio

2087 2680 2391 2751 praedicant
2430 2679 2807 2735 admirabilem
2846 2678 3014 2734 unius
3056 2676 3285 2749 ingeniti
3318 2673 3663 2745 sapientiam,

2089 2786 2121 2827 a
2150 2786 2261 2842 quo
2290 2770 2435 2826 facta
2473 2778 2663 2841 postea
2700 2778 2958 2825 concreta
3004 2784 3068 2824 ac
3099 2770 3261 2826 mista
3320 2774 3450 2824 sunt
3498 2784 3515 2821 :
3552 2780 3663 2820 non
3724 2772 3727 2775 '

2076 2863 2239 2923 .enim
2271 2878 2474 2934 corpus
2511 2878 2581 2918 ex
2608 2879 2719 2919 uno
2747 2863 3003 2935 quapiam
3035 2871 3091 2919 et
3118 2860 3356 2932 simplici
3392 2859 3664 2917 elemento

403 2958 522 3041 ﬁeri
548 2965 727 3029 potest
753 2975 766 3011 :
801 2958 1058 3014 mistione
1082 2959 1227 3015 enim
1253 2968 1308 3015 et
1334 2961 1686 3016 concretione
1704 2961 1979 3017 conﬂatur.
2000 2974 2224 3030 corpus.
2255 2958 2388 3026 Quae
2420 2964 2604 3014 autem
2654 2958 2934 3014 concretio
2965 2972 3031 3013 ac
3078 2956 3262 3014 mistio
3309 2971 3435 3013 esse
3489 2955 3665 3026 possit

404 3055 537 3110 sicci
568 3054 819 3109 tantum?
851 3069 972 3125 quae
1005 3056 1212 3112 humidi
1244 3057 1464 3117 solum?

1308 3151 1437 3204 Car.
1478 3148 1764 3204 XXXVIII.
1800 3151 2043 3205 Vat-ictas
2076 3150 2133 3203 in
2169 3150 2434 3203 creatione
2467 3149 2786 3205 necessaria.

474 3245 685 3299 Οὐκοῦν
724 3247 999 3316 ἀναγκαία
1028 3250 1061 3316 ἡ
1093 3246 1333 3300 ποικιλία
1365 3247 1498 3318 πρὸς
1524 3248 1623 3317 τὴν
1654 3248 1773 3310 ἐνὸς
1803 3246 1986 3317 σώμα-

2164 3242 2335 3313 Igitur
2393 3246 2706 3300 necessaria
2782 3251 2870 3298 est
2931 3242 3171 3298 varietas
3219 3243 3289 3300 ad
3352 3245 3664 3303 mistionem

402 3352 495 3400 τος
516 3339 715 3407 κρᾶσιν
735 3356 749 3370 ·
783 3338 1056 3407 ἀναγκαία
1087 3339 1144 3392 δὲ
1177 3341 1210 3409 ἡ
1241 3339 1444 3393 τούτων
1483 3339 1794 3410 ἐναντιότης
1833 3341 1983 3391 ἐπει-

403 3429 609 3501 γομένη
653 3430 787 3502 πρὸς
815 3431 1043 3502 ἑνότητα
1069 3434 1149 3494 είς
1188 3432 1372 3502 θαῦμα
1401 3431 1495 3484 τοῦ
1543 3432 1984 3503 δημιουργήσαν-

402 3537 527 3583 τος·
556 3520 713 3574 ἆτινα
757 3522 817 3575 ού
848 3522 1062 3592 πρῶτον
1095 3522 1217 3576 καθ’
1249 3523 1419 3576 ἐαυτὰ
1464 3524 1714 3594 συνέστη,
1761 3525 1853 3577 καὶ
1892 3522 1984 3576 οὗ-

402 3627 513 3673 τως
562 3612 842 3683 συνῆλθεν·
895 3612 1031 3665 ἀλλὰ
1076 3611 1173 3683 τὴν
1223 3613 1434 3681 γένεσιν
1476 3614 1572 3667 σὺν
1616 3613 1859 3683 ἀλλήλοις
1893 3613 1987 3667 λα-

404 3702 588 3769 ϐόντα,
624 3705 719 3758 καὶ
759 3705 875 3775 ἅμα
913 3704 1199 3775 γενόμενα,
1221 3708 1340 3769 ταῖς
1372 3705 1657 3777 αἰσθήσεσι
1702 3705 1944 3777 διεκρίθη
1967 3724 1981 3737 ·

405 3792 659 3866 σώματος
684 3797 794 3867 γὰρ
816 3798 1169 3863 ὑποστάντος,
1207 3798 1303 3851 καὶ
1326 3797 1483 3865 λόγος
1513 3797 1608 3850 καὶ
1635 3797 1760 3861 νοῦς
1784 3797 1987 3868 διέκρι-

404 3904 494 3940 νεν
519 3887 766 3958 αίσθήσει
798 3888 866 3941 τὰ
894 3891 1233 3961 συνημμένα.
1263 3889 1426 3941 Ὥστε
1459 3888 1664 3941 τούτων
1694 3887 1918 3959 ὕστερον
1952 3889 1985 3958 ἡ

404 3979 715 4050 ἐναντιότης
753 3980 1009 4052 ἐφωράθη
1052 3985 1119 4053 τῇ
1152 3981 1402 4051 αἰσθήσει
1439 3979 1532 4032 τοῦ
1558 3980 1852 4051 γενομένου
1880 3980 1988 4034 σώ-

407 4087 596 4139 ματος,
639 4073 776 4141 ὅπερ
823 4072 882 4137 ἐξ
929 4073 1108 4127 αὐτῶν
1158 4073 1295 4143 πρὸς
1333 4073 1395 4126 τὸ
1434 4068 1570 4125 εἶναι
1628 4072 1893 4143 [συνέστη
1927 4091 1986 4127 τε

403 4162 501 4217 sui.
532 4165 921 4234 συγκέκραται,
963 4166 1024 4218 οὐ
1059 4165 1324 4236 πρότερον
1355 4166 1719 4236 γενομένωνῆ
1756 4167 1889 4219 αὐτὸ
1927 4166 1990 4217 τὸ

407 4253 596 4325 σῶμα,
652 4255 789 4308 ἀλλὰ
827 4256 924 4309 σὺν
966 4255 1113 4326 αὑτῷ
1177 4254 1385 4327 ἀρχὴν]
1420 4254 1690 4309 λαϐόντων
1725 4254 1861 4326 (48).
1894 4256 1989 4318 Τίς

404 4344 472 4397 ἂν
527 4344 663 4417 πρὸς
708 4345 866 4411 ἀξίαν
924 4347 1266 4417 θαυμάσειε,
1313 4348 1414 4419 τήν
1481 4363 1541 4399 τε
1605 4345 1834 4417 δύναμιν
1895 4347 1989 4399 τοῦ

403 4437 769 4508 Δημιουργοῦ,
805 4438 894 4491 καὶ
926 4437 1024 4508 τὴν
1060 4438 1376 4509 συμφωνίαν
1417 4437 1528 4491 τῶν
1562 4438 1885 4508 γινομένων,
1915 4438 1992 4501 ὡς

2087 3334 2338 3404 corporis
2391 3353 2405 3390 :
2457 3335 2770 3389 necessaria
2818 3334 2945 3386 item
2993 3342 3186 3387 natura
3234 3338 3660 3405 contrariorum,

2086 3441 2207 3495 quae
2237 3426 2291 3479 in
2316 3426 2561 3480 auctoris
2597 3425 3015 3480 admirationem
3047 3426 3113 3481 ad
3136 3431 3663 3498 coagmentatiouem

2085 3516 2250 3571 unius
2297 3523 2483 3587 urget:
2510 3532 2631 3586 qua:
2659 3515 2880 3587 quidem
2906 3531 3015 3570 non
3050 3517 3282 3587 primum
3322 3533 3419 3589 per
3447 3534 3505 3573 se
3547 3520 3664 3575 sola

2087 3612 2379 3667 constituta
2398 3618 2545 3673 sunt,
2571 3617 2732 3679 atque
2749 3610 2824 3663 ita
2840 3610 3089 3664 coierunt
3109 3629 3123 3677 ;
3145 3609 3241 3665 sed
3261 3618 3441 3667 ortum
3458 3613 3664 3681 pariter

2087 3704 2230 3758 inter
2254 3719 2315 3758 se
2348 3702 2616 3772 capientia
2636 3742 2652 3766 ,
2682 3707 2737 3755 et
2769 3701 2929 3755 simul
2959 3708 3019 3755 ut
3047 3701 3191 3756 facta
3219 3709 3368 3769 sunt,
3410 3705 3663 3760 sensibus

2089 3801 2217 3850 sunt
2256 3793 2572 3864 dijudicata.
2615 3791 2751 3846 Cum
2797 3792 2943 3847 enim
2989 3807 3189 3864 corpus
3220 3809 3316 3865 per
3345 3810 3405 3851 se
3430 3795 3661 3861 exstitit,

2088 3888 2232 3942 ratio
2263 3894 2317 3941 et
2352 3902 2508 3941 mens
2537 3887 2833 3955 conjuncta
2866 3896 2919 3940 et
2947 3894 3227 3951 concreta,
3260 3903 3426 3943 sensu
3457 3886 3666 3944 discer-

2088 3979 2191 4033 nit.
2242 3977 2609 4045 Quamobrem
2654 3978 3291 4034 natura-contrariorum
3338 3988 3532 4049 postea
3569 3979 3666 4035 de-

2087 4070 2355 4141 prehensa
2380 4078 2464 4125 est
2496 4085 2661 4125 sensu
2687 4071 2958 4140 corporis,
2993 4072 3136 4141 quod
3162 4087 3229 4127 ex
3263 4072 3400 4142 ipsis
3430 4088 3665 4129 concre-

2090 4167 2205 4213 tum
2259 4167 2314 4213 et
2354 4166 2713 4229 temperatum
2758 4166 2863 4213 est.
2910 4160 3042 4223 Quae
3090 4158 3308 4227 quidem
3357 4174 3466 4212 non
3512 4159 3666 4229 prius

2091 4258 2242 4314 sunt,
2274 4265 2437 4320 quam
2474 4266 2676 4321 corpus
2717 4250 2892 4319 ipsum
2924 4268 2939 4317 ;
2970 4249 3067 4304 sed
3102 4250 3264 4304 simul
3286 4265 3409 4303 cum
3434 4266 3498 4306 eo
3527 4252 3667 4309 inci-

2092 4343 2246 4413 piunt
2278 4358 2421 4397 esse.
2455 4341 2589 4408 Quis
2626 4342 2789 4411 digne
2819 4356 2882 4395 ac
2909 4350 3168 4406 meretur,
3200 4340 3458 4395 admirari
3486 4353 3667 4412 potest

2091 4443 2414 4506 potestatem
2442 4434 2741 4497 Creatoris,
2778 4441 2833 4487 et
2863 4432 3213 4492 concordiam
3248 4447 3310 4486 ac
3338 4440 3668 4488 concentum

404 4526 593 4597 ἄμαχα
636 4527 731 4579 καὶ
774 4530 1025 4598 εἰρηναῖα
1054 4529 1122 4582 τὰ
1165 4530 1363 4594 πάντα,
1412 4528 1553 4601 πλήν
1591 4545 1655 4597 γε
1688 4527 1986 4601 ἀνθρώπων

2092 4527 2510 4584 creaturarum?
2530 4542 2692 4597 quam
2725 4527 2780 4580 in
2814 4540 2947 4595 pace
2970 4526 3080 4579 sint
3108 4534 3162 4581 et
3188 4524 3309 4581 sine
3337 4540 3519 4596 pugna
3547 4539 3668 4581 om-

403 4618 620 4681 ἀδικίας
642 4634 656 4682 ;

485 4711 735 4783 Ἐστήκει
768 4707 860 4765 οῦν
908 4714 940 4781 ἡ
986 4712 1312 4784 δημιουργία
1357 4714 1640 4785 σύμπασα,
1684 4727 1979 4786 κινουμένη

405 4801 507 4873 μὲν
535 4803 634 4875 τὴν
665 4804 800 4858 ίδίαν
828 4806 922 4858 καὶ
954 4803 1215 4858 εὔτακτον
1252 4805 1488 4877 κίνησιν,
1513 4807 1768 4877 ἀκίνητον
1795 4809 1851 4861 δέ
1876 4808 1987 4861 δια-

400 4891 644 4964 τηροῦσα
674 4893 765 4945 τὺν
802 4894 887 4961 ἐφ’
917 4894 1082 4963 ἐαυτῇ
1117 4893 1210 4946 τοῦ
1252 4896 1613 4966 πεποιηκότος
1641 4897 1826 4965 νόμον.
1874 4896 1984 4949 Καὶ

399 4985 485 5049 τίς
510 4984 575 5039 ἂν
603 4984 837 5057 θέλοιτο,⁸
857 4987 907 5038 εί
937 4985 1036 5049 τὰς
1074 4986 1353 5057 αἰσθήσεις
1389 4986 1621 5055 ὑγιαίνοι
1650 4987 1748 5056 τῆς
1780 4986 1979 5057 ψυχῆς,

400 5073 604 5129 τούτων
628 5075 800 5138 οὕτως
824 5076 1076 5145 ἐχόντων,
1116 5076 1210 5129 καὶ
1239 5075 1319 5129 ἔτι
1360 5076 1743 5148 ἀναριθμήτων
1785 5076 1981 5141 ἄλλων,

400 5167 438 5220 ὃ.
469 5169 645 5221 πάντα
676 5166 800 5221 νοῦν
833 5167 1170 5239 ὑπερϐαίνει,
1203 5166 1367 5237 ἄλλην
1408 5153 1708 5238 μὲν’ἀρχὴν
1736 5166 1813 5235 τῷ
1840 5167 1983 5237 λόγῳ

400 5259 626 5323 πλάσαι,
659 5261 967 5331 ἀντεγεῖραι
998 5260 1053 5312 δὲ
1081 5258 1287 5329 ταύτην
1327 5259 1655 5323 άπεναντίας
1689 5257 1781 5312 τοῦ
1821 5259 1982 5329 μόνου

402 5351 696 5422 ἀγεννήτου
748 5352 917 5416 Θεοῦ;
953 5351 1248 5422 Σύμφωνον
1296 5351 1395 5421 μὲν
1438 5349 1547 5422 γὰρ
1599 5352 1692 5404 καὶ
1738 5350 1984 5421 ἀπαράλ-

400 5437 601 5493 λακτον
628 5441 803 5512 ἀρχὴν
838 5442 1254 5513 ὀνειροπολῆσαι
1284 5442 1558 5511 περιττὸν,
1583 5442 1682 5511 τῆς
1719 5442 1846 5511 μιᾶς
1879 5442 1980 5512 ἀρ-

402 5525 638 5600 κούσης·
698 5531 946 5583 ἐναντίαν
990 5532 1047 5585 δὲ
1096 5532 1452 5595 ὑποπτεῦσαι,
1504 5530 1678 5602 πάντη
1738 5530 1984 5601 μανικὸν,

405 5622 515 5675 τῶν
546 5622 682 5675 ὅλων
711 5623 1161 5694 συμφωνούντων,
1197 5624 1291 5677 καὶ
1319 5623 1562 5694 ποικιλίᾳ
1594 5625 1692 5694 μὲν
1716 5639 1987 5693 κεκοσμη-

410 5711 607 5783 μένων,
639 5714 802 5785 σοφίᾳ.
832 5700 890 5767 δὲ
919 5714 1014 5767 τοῦ
1054 5718 1377 5786 ποιήσαντος
1416 5715 1476 5767 τὸ
1518 5713 1752 5785 χρηστὸν
1784 5714 1881 5766 καὶ
1924 5714 1987 5768 τὸ

2015 4603 2059 4657 D
2086 4619 2200 4681 nia,
2225 4628 2446 4688 excepta
2489 4617 2755 4686 injustitia
2783 4617 3062 4671 hominum
3086 4617 3109 4670 ?

2162 4709 2454 4764 Permanet
2497 4709 2663 4779 igitur
2692 4723 2757 4762 ac
2795 4714 3105 4778 perseverat
3143 4707 3323 4761 omnis
3368 4704 3577 4760 fabrica
3607 4707 3664 4760 in

2093 4817 2193 4857 suo
2220 4810 2273 4855 et
2312 4801 2567 4855 ordinato
2598 4808 2770 4863 motu,
2804 4813 3139 4854 conservans
3178 4798 3234 4852 in
3264 4813 3323 4852 se
3353 4797 3660 4853 immutabi-

2092 4895 2197 4949 lem
2227 4894 2399 4964 legem
2433 4892 2695 4947 auctoris.
2732 4889 2935 4961 Ecquis
2963 4891 3112 4954 velit,
3144 4889 3192 4944 si
3237 4904 3432 4945 sensus
3471 4889 3671 4945 anima:

2094 4998 2261 5041 Sanos
2307 4984 2527 5049 habeat,
2581 4998 2708 5037 cum
2754 4983 2871 5038 haec
2914 4983 2989 5036 ita
3033 4982 3164 5043 sint,
3193 4982 3248 5034 in
3300 4979 3512 5034 inﬁnita
3559 4981 3664 5034 alia

2091 5090 2214 5147 qua:
2255 5088 2473 5129 omnem
2521 5079 3093 5143 mentemsuperant,
3142 5070 3288 5125 aliud
3334 5069 3665 5141 principiqu

2091 5169 2423 5239 cogitatione
2450 5167 2687 5238 lingere,
2712 5173 2765 5222 et
2807 5166 2913 5221 hoc
2946 5164 3050 5222 soli
3074 5164 3186 5219 Deo
3212 5164 3454 5235 ingenito
3491 5178 3668 5232 oppou

2090 5259 2267 5313 nere?
2322 5256 2564 5314 Concors
2627 5257 2773 5311 enim
2834 5262 2888 5312 et
2933 5254 3281 5311 consentiens
3331 5254 3667 5324 principium

2090 5350 2366 5405 somniare
2420 5364 2823 5418 supervacuum
2864 5355 2970 5412 est,
3006 5362 3132 5402 cum
3171 5362 3341 5401 unum
3382 5344 3662 5413 sulliciat;

2088 5441 2427 5497 contrarium
2453 5456 2584 5496 vero
2614 5440 2906 5511 suspicari,
2938 5438 3131 5495 furiosi
3159 5453 3386 5509 prorsus
3413 5446 3515 5501 est,
3539 5451 3664 5492 cum

2089 5534 2349 5589 universa
2396 5534 2540 5587 inter
2595 5548 2656 5588 se
2706 5531 3080 5595 consentiant,
3128 5531 3392 5586 varietate
3442 5528 3681 5601 quidem

2086 5633 2303 5690 ornata,
2338 5625 2396 5680 in
2452 5624 2655 5696 quibus
2697 5622 2962 5695 sapientia
3003 5622 3120 5678 veri
3167 5622 3408 5677 auctoris
3459 5619 3664 5674 factum

2088 5725 2217 5785 est,
2266 5724 2328 5772 ut
2383 5718 2593 5775 sanitas
2647 5727 2702 5773 et
2754 5715 3125 5787 tranquillitas
3167 5729 3290 5769 cum
3348 5703 3671 5770 austeritate

474 5826 587 5906 (ιβ)
627 5827 1067 5906 Λαόὁγτῳνεεις
1102 5828 1394 5906 interprete
1419 5830 1587 5901 liquet
1633 5829 1720 5885 hic
1753 5827 1954 5900 aliquid
1988 5828 2200 5890 deesse.
2233 5833 2410 5906 (Quod
2441 5850 2543 5893 nos
2572 5833 2913 5892 restituendo
2953 5850 3020 5890 ex
3068 5831 3309 5904 ejusdem
3356 5826 3675 5899 interpretis

395 5898 660 5974 ﬁssione
684 5898 841 5965 uncis
872 5899 1212 5956 inclusimus.
1251 5898 1434 5971 EDIT.)
