4100 6460
427 434 571 492 i207

1570 423 1706 478 TITI
1746 419 2173 490 BOSTRENSIS
2211 419 2510 476 EPISCOPI

3536 411 3674 474 120.8

427 556 686 621 appareat
713 564 732 610 ;
759 547 888 614 quia
915 540 1094 595 omnis
1123 537 1368 595 suavitas
1396 538 1561 594 nimis
1591 554 1764 604 mera,
1795 554 1990 594 nocens

2106 537 2340 608 γαληνὸν
2385 538 2502 606 μετ’
2549 533 2862 606 ἐμϐριθείας
2906 532 3313 603 ἐμφαινόντωνο
3363 532 3440 595 ὡς
3489 531 3677 588 ἅπασα

425 653 513 700 est
564 648 620 696 et
666 638 875 692 ratione
909 634 1087 687 aliena
1145 651 1156 685 :
1212 631 1476 687 severitas
1533 645 1664 686 vero
1705 641 1759 685 et
1812 639 1998 698 auste-

425 718 564 788 ritas
589 729 726 792 sola,
762 726 1049 783 suavitatis
1089 739 1307 794 expers,
1343 723 1410 777 ad
1449 723 1718 778 feritatem
1745 732 1799 777 et
1838 723 2000 776 inlut-

425 811 744 879 manitatem
796 825 1024 890 spectat.
1056 816 1357 886 Utrumque
1379 823 1558 870 autem
1583 815 1807 885 corrigit
1827 822 1880 868 et
1905 814 2000 869 de-

426 917 610 979 lectat,
645 911 915 969 exhilarat
941 917 994 965 et
1025 909 1263 964 deterret
1297 927 1311 962 :
1354 908 1624 978 promittit
1650 907 1997 971 suavitatem,

425 1013 480 1060 et
525 1005 765 1058 minatur
809 1010 1074 1056 terrorem
1119 1017 1133 1054 :
1185 997 1460 1068 protendit
1507 988 1656 1066 spem
1704 997 1996 1060 donorum,

426 1109 480 1152 et
517 1093 863 1152 subostendit
917 1091 1214 1162 periculum
1261 1089 1693 1161 suppliciorum;
1744 1106 1813 1144 ne
1852 1091 1994 1145 ratio

423 1203 616 1245 eorum
645 1177 740 1258 qui
785 1186 841 1241 in
883 1186 1044 1241 terris
1073 1191 1385 1250 versantur,
1418 1182 1650 1237 mollitia
1689 1191 1745 1236 et
1777 1182 2000 1236 laxitate

427 1275 774 1345 propriarum
801 1288 982 1328 rerum
1011 1272 1066 1326 in
1102 1271 1372 1342 ignaviam
1407 1270 1793 1343 demergatur;
1824 1285 1999 1342 neque

427 1373 692 1438 perpetuo
735 1371 880 1419 metu
926 1378 1185 1433 percussa
1225 1378 1369 1418 caaca
1402 1361 1493 1416 fiat
1534 1361 1677 1434 :_sed
1712 1364 1895 1433 potius
1926 1376 1996 1416 ex

429 1462 661 1524 utraque
699 1463 852 1524 parte
893 1461 946 1507 et
997 1453 1061 1509 ad
1098 1454 1349 1508 timorem
1391 1451 1486 1508 Dei
1531 1460 1585 1508 et
1627 1453 1696 1506 ad
1738 1453 1993 1508 virtutem

430 1545 768 1600 instituatur.

2111 629 2209 702 μὲν
2237 628 2536 700 χρηστότης
2559 627 2790 696 ἄκρατος
2818 624 2958 689 λίαν,
2985 624 3283 695 ὲπιϐλαϐής
3318 640 3375 677 τε
3421 624 3511 677 καὶ
3549 623 3678 678 ἀλο-

2105 733 2232 788 γος·
2289 718 2574 790 ἐμϐρίθεια
2627 717 2682 769 δὲ
2739 717 2831 769 καὶ
2887 715 3225 786 αύστηρὸτης
3282 713 3401 772 καθ’
3454 715 3676 784 ἑαυτὴν,

2109 811 2474 881 χρηστότητος
2517 807 2836 880 ἀμοιροῦσα,
2875 806 3010 876 πρὸς
3055 806 3351 875 ἀγριότητα
3384 804 3478 856 καὶ
3507 804 3682 856 ἀπαν-

2110 901 2354 972 θρωπίαν
2395 901 2517 970 ὁρᾷ.
2580 899 2842 969 Ἑκάτερα
2865 897 2920 949 δὲ
2957 895 3197 949 παιδεύει
3230 912 3289 947 τε
3330 895 3423 948 καὶ
3473 894 3678 964 ἡδύνει,

2107 991 2298 1063 τέρπει
2340 1009 2400 1043 τε
2443 991 2537 1044 καὶ
2584 989 2836 1058 ἐκφοϐεῖ·
2881 985 3269 1056 ἐπαγγέλλεται
3315 985 3678 1056 χρηστότητα,

2103 1083 2198 1134 καὶ
2228 1081 2440 1135 ἀπειλεῖ
2486 1082 2722 1152 φοϐερά·
2775 1080 3043 1152 προτείνει
3091 1075 3276 1149 δώρων
3326 1076 3535 1139 ἐλπίδα,
3583 1075 3682 1128 καὶ

2110 1176 2501 1246 παραδείκνυσι
2544 1173 2818 1244 τιμωριῶν
2861 1171 3102 1226 κίνδυνον
3123 1187 3135 1200 ·
3177 1166 3248 1234 ὼς
3275 1168 3339 1223 ἂν
3365 1170 3392 1222 ὁ
3419 1167 3680 1238 λογισμὸς

2104 1265 2211 1317 τῶν
2265 1265 2355 1318 ἐπὶ
2402 1265 2506 1335 γῆς
2555 1263 2981 1332 πολιτευομένων
3045 1263 3178 1332 μήτε
3227 1259 3510 1330 χαυνάῑητι
3566 1258 3682 1312 τῶν

2103 1354 2275 1424 ἡδέων
2308 1352 2719 1424 καταϐαπτισθῇ
2763 1352 2898 1422 πρὸς
2934 1352 3167 1421 ἄμετρον
3200 1349 3497 1422 ῥᾳστώνην,
3535 1349 3677 1419 μήτε

2103 1443 2432 1515 ἀδιαλείπτῳ
2469 1443 2576 1496 δέει
2613 1443 2720 1496 τῶν
2761 1444 2940 1513 φόϐων
2986 1441 3332 1509 διεκπλαγεὶς
3372 1439 3628 1511 πληρωθῇ
3652 1456 3672 1471 ’

2102 1537 2217 1590 ἀλλ’
2255 1536 2595 1607 ἑκατέρωθεν
2644 1537 2878 1608 μετρίως
2914 1533 3302 1605 παιδαγωγηθῇ
3344 1533 3478 1605 πρὸς
3512 1530 3678 1587 εὐλά-

2102 1629 2255 1683 ϐειάν
2278 1647 2336 1682 τε
2361 1631 2451 1684 καὶ
2475 1631 2694 1702 ἀρετήν.

2593 1754 3652 1782 ---------.

1389 1895 1820 1972 PREFATIO
1862 1911 1946 1973 lN
1991 1913 2292 1974 LIBRUM
2337 1912 2721 1974 TERTIUM.

499 2076 630 2143 Quae
658 2075 1035 2147 superioribus
1059 2074 1213 2129 libris
1241 2081 1357 2129 tum
1391 2089 1457 2129 ex
1487 2075 1652 2132 rebus
1681 2078 1815 2148 ipsis
1833 2117 1848 2142 ,
1880 2085 1990 2132 tum

2169 2079 2249 2132 Τὰ
2283 2079 2383 2151 μὲν
2409 2074 2504 2133 οὖν
2525 2078 2796 2150 έμπροθεν
2817 2077 2879 2131 ἔκ
2905 2093 2963 2130 τε
2992 2079 3098 2129 τῶν
3121 2078 3460 2148 πραγμάτων
3490 2080 3673 2136 αὐτῶν

429 2184 494 2225 ex
541 2168 926 2224 communibus
973 2168 1293 2223 notionibus
1340 2167 1485 2222 dicta
1534 2179 1697 2236 sunt,
1746 2170 1999 2228 fortassis

425 2261 668 2315 omnium
719 2260 814 2330 qui
844 2267 997 2315 extra
1029 2256 1340 2318 Ecclesiam.
1377 2266 1540 2324 sunt,
1592 2269 1828 2316 mentem
1880 2276 2000 2314 mu-

428 2352 546 2407 nire
575 2359 838 2422 possunt,
875 2358 938 2404 ut
967 2349 1362 2419 blasphemiam
1400 2347 1681 2406 Manichaai
1717 2351 1773 2406 in
1809 2362 1999 2406 aucto-

427 2458 542 2497 rem
589 2441 832 2498 universi
876 2456 984 2496 non
1033 2440 1342 2496 admittant.
1387 2439 1524 2506 Quia
1555 2457 1686 2497 vero
1713 2444 1874 2498 aliam
1906 2458 1999 2498 ve-

424 2533 699 2590 nationem
745 2540 936 2588 contra
993 2548 1087 2589 eos
1125 2533 1220 2604 qui
1261 2533 1406 2587 intra
1450 2531 1755 2589 Ecclesiam
1834 2542 1993 2597 sunt,

425 2637 645 2693 gravem
673 2622 890 2693 quidem
918 2623 1063 2677 illam
1089 2629 1144 2677 et
1170 2623 1533 2693 periculosam
1562 2625 1861 2680 meditatus
1889 2636 1994 2689 est,

421 2714 668 2784 quatdam
695 2714 751 2770 in
775 2713 1076 2785 Scripturis
1100 2715 1306 2770 sanctis
1340 2713 1487 2768 dicta
1517 2715 1584 2770 ad
1613 2731 1770 2771 suam
1803 2715 1995 2773 falsam

422 2807 732 2862 doctrinam
765 2821 862 2877 per
893 2807 1001 2861 vim
1029 2807 1362 2876 detorquens
1389 2824 1403 2860 :
1437 2813 1655 2877 tempus
1683 2815 1768 2862 est
1795 2848 1809 2869 ,
1842 2815 1902 2862 ut
1929 2824 1996 2863 ex

422 2897 624 2953 divinis
657 2896 960 2967 Scripturis
992 2895 1398 2952 confutationes
1431 2907 1624 2953 contra
1657 2913 1780 2952 eum
1823 2900 1996 2968 agite-

426 2999 552 3041 mus
572 3023 587 3051 ,
622 2985 694 3040 ad
722 2984 1080 3040 muniendum
1111 2998 1206 3040 eos
1235 2985 1331 3055 qui
1362 2985 1495 3054 ipsis
1531 2983 1830 3055 Scripturis
1868 3002 1995 3053 san-

423 3077 527 3129 ctis
559 3072 812 3138 credunt,
836 3073 930 3143 qui
955 3073 1210 3130 absurdis
1239 3084 1294 3130 et
1321 3073 1776 3143 improbabilibus
1804 3092 1992 3132 earum

424 3165 970 3237 interpretationibus
1018 3167 1290 3222 interdum
1343 3168 1414 3224 ab
1455 3168 1550 3222 illo
1602 3167 1990 3238 decipiuntur;

420 3258 576 3313 vario
599 3258 744 3314 enim
775 3256 992 3326 fallendi
1024 3258 1252 3322 artificio
1281 3274 1522 3314 errorem
1552 3275 1710 3330 quem
1743 3259 1992 3330 adjutore

420 3350 636 3407 diabolo
658 3352 982 3421 excogitavit
1004 3391 1019 3414 ,
1059 3351 1276 3414 firmare
1303 3352 1538 3419 nititur;
1578 3352 1723 3422 apud
1759 3353 1990 3423 gentiles

2101 2171 2195 2222 καὶ
2215 2169 2326 2221 τῶν
2343 2169 2536 2222 κοινῶν
2561 2168 2776 2221 ἐννοιῶν
2787 2170 2833 2219 εί
2842 2183 2907 2238 ρη
2916 2166 3071 2236 μένα,
3099 2167 3316 2220 πάντων
3337 2166 3402 2220 ἂν
3429 2169 3556 2235 ἴσως
3577 2171 3671 2225 καὶ

2097 2261 2207 2315 τῶν
2231 2261 2388 2323 ἐκτὸς
2399 2261 2497 2330 τῆς
2512 2259 2834 2330 Ἐκκλησίας
2856 2259 2944 2310 τὸν
2959 2257 3082 2312 νοῦν
3093 2257 3466 2327 ἁσφαλίσαιτο,
3497 2261 3669 2332 μηδαο

2099 2353 2218 2424 μῶς
2254 2351 2572 2424 προσίεσθαι
2597 2351 2689 2403 τοῦ
2711 2350 2983 2411 Μάνεντος
3005 2349 3103 2419 τὴν
3128 2348 3269 2400 κατὰ
3289 2349 3383 2402 τοῦ
3411 2352 3673 2422 Δημιουρ-

2097 2445 2196 2514 γοῦ
2225 2445 2334 2498 τῶν
2369 2444 2506 2498 ὅλων
2534 2442 2900 2513 βλασφημίαν.
2945 2441 3157 2511 Ἐπειδὴ
3188 2441 3244 2493 δὲ
3277 2440 3450 2512 Θήραν
3480 2443 3668 2513 ἑτέραν

2097 2539 2237 2592 κατὰ
2266 2537 2372 2592 τῶν
2407 2537 2516 2590 άπὸ
2542 2537 2643 2607 τῆς
2671 2535 2991 2606 Ἐκκλησίας
3029 2535 3364 2606 μεμελέτηκε
3407 2535 3582 2608 δεινήν
3606 2553 3667 2590 τε

2098 2632 2193 2684 καὶ
2223 2629 2489 2700 χαλεπὴν,
2510 2631 2695 2700 ῥήσεις
2721 2626 2874 2691 τινάς
2906 2627 3013 2680 τῶν
3035 2627 3203 2696 ἁγίων
3238 2627 3467 2698 Γραφῶν
3491 2628 3669 2681 ἐκϐια-

2097 2720 2319 2793 ζόμενος
2366 2721 2501 2791 πρὸς
2548 2721 2648 2790 τὴν
2698 2719 2860 2773 αὑτοῦ
2901 2719 3287 2788 ψευδολογίαν
3330 2718 3448 2790 ὥρα
3471 2719 3534 2790 δὴ
3571 2719 3664 2772 καὶ

2093 2814 2222 2876 τοὺς
2254 2812 2361 2865 ἀπὸ
2390 2811 2498 2864 τῶν
2526 2811 2683 2864 θείων
2709 2809 2940 2880 Γραφῶν
2969 2809 3221 2879 ἐλέγχους
3251 2811 3372 2862 κατ’
3408 2809 3570 2863 αὐτοῦ
3591 2827 3664 2863 κι-

2097 2902 2434 2973 νῆσαι,πρδς
2463 2900 2759 2969 ἀσφάλειαν
2782 2899 2888 2952 τῶν
2915 2900 3275 2952 πιστευόντων
3307 2902 3423 2962 ταῖς
3447 2900 3667 2952 ἀλλοκό-

2092 3012 2205 3059 τοις
2225 2995 2318 3048 καὶ
2342 2995 2460 3047 λίαν
2485 2991 2765 3054 ἀπιθάνοις
2790 2991 3104 3062 ἑρμηνείαις
3127 2990 3271 3044 ἔστιν
3291 2992 3378 3043 ὅτε
3402 2990 3536 3062 πρὸς
3557 2990 3666 3044 τῶν

2094 3087 2301 3140 ἐκείνου
2349 3086 2742 3156 πλανωμένων·
2777 3085 3035 3146 ποικίλως
3081 3084 3188 3154 γὰρ
3241 3083 3558 3153 μεθοδεύων,
3595 3083 3665 3152 ἢν

2093 3175 2352 3244 ἐπενόησε
2409 3175 2694 3245 συνεργεία
2743 3174 2837 3228 τοῦ
2886 3173 3128 3227 διαϐόλου
3174 3173 3401 3243 πλάνην,
3459 3173 3662 3242 ἰσχύειν

2093 3269 2384 3338 ἐπιχειρεῖ·
2428 3268 2554 3338 παρ’
2588 3266 2810 3336 Ἕλλησι
2857 3267 2954 3337 μὲν
2995 3266 3056 3318 οὐ
3096 3265 3164 3318 τὰ
3196 3266 3416 3318 ἐκείνων
3435 3262 3662 3333 ἀνατρέ-

2093 3375 2230 3422 πων,
2245 3358 2313 3412 τὰ
2335 3359 2391 3411 δὲ
2424 3358 2626 3412 ἐλάττω
2652 3357 2796 3412 κακὰ
2819 3357 2955 3428 πρὸς
2978 3356 3481 3428 μείζονα-ἀσεϐείας
3501 3356 3668 3425 ὄγκον

421 3443 636 3514 quidem
669 3419 1086 3508 non—refellens
1121 3443 1338 3496 illorum
1371 3419 1662 3514 dogmata:
1702 3419 1823 3512 quae
1861 3458 1990 3497 vero

2095 3419 2349 3522 ἐξαίρων,
2385 3450 2816 3522 κακοηθέστερον
2858 3419 3208 3522 ἰΕλληνισμδν
3231 3452 3537 3522 ὲφηγεῖται.

418 3532 630 3587 minora
661 3533 810 3610 mala
837 3540 998 3601 sunt,
1037 3533 1093 3586 in
1141 3532 1405 3602 majorem
1451 3532 1649 3587 molem
1699 3533 1992 3602 impietatis

417 3621 716 3696 extollens,
745 3622 1145 3698 pervcrsiorem
1174 3621 1568 3698 Hellenismum
1599 3624 1918 3679 introducit.

486 3709 697 3777 Quibus
739 3711 853 3767 fere
897 3712 965 3767 ad
1011 3715 1194 3768 omnia
1224 3697 1499 3769 consimili
1531 3715 1788 3784 opinione
1816 3717 1990 3768 mala-

415 3815 540 3857 rum
568 3808 622 3857 et
652 3801 913 3864 falsarum
944 3802 1313 3858 doctrinarum
1343 3804 1775 3868 circumvectus,
1804 3818 1991 3859 acces-

417 3892 626 3950 sionem
659 3891 940 3947 fictionum
969 3909 1190 3950 suarum
1218 3895 1464 3949 immittit
1493 3912 1506 3948 :
1541 3894 1686 3965 apud
1723 3893 1990 3951 Christia-

420 3998 523 4041 nos
554 3997 684 4040 vero
713 3984 920 4041 scilicet
952 4001 1072 4056 quae
1100 3985 1538 4042 Christianorum
1573 3997 1736 4052 sunt,
1768 4002 1989 4057 aggres-

421 4091 517 4130 sus
539 4114 554 4138 ,
585 4083 640 4131 et
667 4075 1046 4150 probabilitate
1071 4076 1313 4132 nominis
1342 4076 1588 4144 Christi,
1613 4085 1667 4132 et
1696 4076 1984 4131 verborum

420 4165 716 4238 Scriptura:
737 4207 752 4234 ,
778 4175 830 4223 et
859 4168 1140 4223 modestiae
1166 4170 1348 4239 specie
1366 4207 1383 4233 ,
1416 4169 1604 4240 lupum
1636 4167 1856 4239 quidem
1892 4168 1984 4238 qui

414 4266 499 4316 est
524 4260 676 4332 ipse,
718 4260 866 4316 intus
902 4260 1069 4332 tegit,
1098 4262 1295 4332 pellem
1327 4276 1458 4317 vero
1486 4261 1606 4316 ovis
1639 4261 1985 4316 extrinsecus

415 4351 674 4418 indutus,
707 4351 939 4408 efﬁcitur
973 4352 1111 4410 falsa
1146 4353 1299 4408 stella
1328 4353 1516 4424 gregi:
1554 4362 1717 4423 atque
1761 4352 1836 4405 ita
1882 4351 1985 4405 im.—

412 4445 860 4518 prudentioribus
884 4452 939 4501 et
969 4446 1151 4512 minus
1179 4447 1419 4504 cordatis
1445 4454 1606 4503 nocet
1623 4486 1639 4511 ,
1667 4446 1756 4502 cui
1790 4461 1986 4516 propo-

412 4535 577 4609 situm
602 4543 721 4600 est,
751 4536 1080 4608 impietatem
1108 4538 1343 4592 maxime
1369 4538 1614 4592 omnium
1643 4551 1839 4594 novam
1869 4546 1986 4591 tum

414 4644 444 4682 a
477 4642 570 4693 se,
601 4636 716 4683 tum
748 4628 818 4683 ab
847 4629 968 4683 aliis
997 4628 1272 4698 colligere.
1310 4627 1378 4682 Ut
1406 4637 1587 4683 autem
1615 4627 1799 4683 nullus
1825 4626 1985 4682 Chri-

409 4719 621 4790 stianus
646 4719 943 4790 novitatem
973 4735 1163 4775 eorum
1197 4719 1464 4774 malorum
1494 4734 1618 4790 quae
1646 4719 1980 4789 collegisset,
2016 4756 2060 4810 Β

407 4811 712 4884 expendere
744 4811 937 4874 saltem
969 4819 1023 4866 et
1053 4811 1405 4866 considerare
1437 4809 1846 4881 aggrederetur,
1877 4810 1978 4865 Pa-

408 4904 669 4974 racletum
697 4918 758 4959 se
785 4902 1110 4973 appellavit,
1143 4917 1244 4956 usu
1274 4902 1513 4972 nominis
1532 4941 1548 4966 ,
1575 4901 1719 4972 quod
1751 4917 1858 4958 non
1887 4919 1979 4959 so-

406 4993 528 5064 lum
551 5009 716 5066 supra
755 4993 1058 5064 hominem,
1096 4995 1192 5048 sed
1227 5008 1394 5066 supra
1420 4993 1668 5064 angelum
1701 5005 1804 5060 est,
1823 4993 1980 5062 falla-

404 5086 544 5141 ciam
589 5101 748 5156 suam
788 5095 978 5157 tegens
1015 5100 1080 5139 ac
1124 5084 1520 5153 dissimulans;
1555 5094 1616 5139 ut
1651 5085 1978 5154 auctoritate

403 5177 784 5248 appellationis
809 5177 1099 5248 proba-bili,
1125 5177 1374 5233 homines
1394 5177 1598 5249 alioqui
1626 5176 1803 5241 stulti,
1825 5175 1979 5231 nullo

404 5268 651 5340 adhibito
691 5269 937 5342 judicio,
966 5285 1088 5341 quae
1131 5268 1294 5333 dicit,
1339 5269 1821 5338 amplecterentur.
1852 5267 1970 5334 Ali-

401 5356 620 5426 quando
645 5345 818 5426 etia'm,
837 5371 1092 5432 tanquam
1123 5359 1400 5430 apostolus
1426 5356 1553 5414 Iesu
1577 5357 1817 5423 Christi,
1847 5357 1975 5428 bar-

401 5446 550 5504 baris
582 5465 813 5522 genere,
845 5449 988 5524 idem
1019 5465 1216 5522 genere
1247 5458 1302 5506 et
1333 5457 1514 5504 mente
1561 5450 1842 5521 barbarus
1875 5451 1977 5504 im-

405 5539 657 5606 pietatem
698 5557 793 5611 per
825 5543 1088 5616 epistolas
1111 5541 1296 5598 tradit.
1335 5539 1440 5612 sed
1473 5540 1539 5596 de
1570 5541 1657 5597 his
1690 5549 1901 5612 postea.

475 5628 551 5682 Ex
584 5630 910 5704 scripturis,
935 5650 1057 5706 qua;
1075 5641 1203 5705 sunt
1226 5631 1446 5700 Veteris
1461 5629 1793 5700 Testamenti
1811 5673 1826 5695 ,
1853 5632 1975 5687 illas

405 5720 634 5780 ascribit
652 5725 923 5792 nequitiae,
947 5741 1111 5800 quam
1135 5733 1324 5790 vocat,
1346 5725 1519 5796 legem
1541 5725 1751 5779 scilicet
1772 5734 1826 5796 et
1848 5740 1975 5794 pro-

407 5811 601 5880 phetas
624 5827 639 5864 ·.
675 5811 962 5883 Evangelia
997 5831 1124 5870 vero
1151 5823 1203 5870 et
1239 5816 1448 5886 reliqua
1495 5813 1628 5870 Novi
1664 5813 1974 5873 Testamen-

2162 3708 2257 3776 Οἷς
2285 3713 2469 3783 σχεδὸν
2498 3714 2635 3785 πρὸς
2666 3715 2883 3770 ἃπασαν
2927 3715 3451 3789 συμπεριαγόμενος,
3475 3717 3662 3787 φασιν,

2086 3803 2340 3876 ὁμοδοξία
2381 3806 2566 3859 κακῶν
2600 3806 2880 3878 σφαλερῶν
2913 3808 3248 3878 μαθημάτων
3277 3808 3378 3879 τὴν
3418 3809 3663 3880 προσθή-

2088 3916 2192 3968 κην
2241 3899 2348 3951 τῶν
2392 3896 2586 3952 ἑαυτοῦ
2628 3897 2960 3969 πλασμάτων
2987 3896 3390 3970 παρεμϐάλλει·
3426 3897 3575 3970 παρὰ
3602 3898 3664 3952 δὲ

2087 3992 2430 4062 Χριστιανοίς
2472 3991 2540 4043 τὰ
2565 3990 2912 4056 Χριστιανῶν,
2939 3989 3100 4060 δῆθεν
3132 3990 3349 4060 μετιὼν,
3371 3978 3473 4044 ’καὶ
3503 3992 3663 4047 πιθα-

2087 4082 2265 4152 νότητι
2289 4081 2550 4153 ὀνόματός
2570 4099 2628 4134 τε
2655 4081 2887 4154 Χριστοῦ
2916 4082 3010 4134 καὶ
3039 4083 3296 4152 ῥημάτων
3315 4082 3414 4153 τῆς
3438 4082 3660 4153 Γραφῆς

2089 4173 2387 4236 ἐπιεικείας
2410 4172 2664 4244 ἐμφάσει,
2698 4173 2788 4224 τὸν
2809 4173 2908 4243 μὲν
2938 4172 3120 4236 λύκον,
3143 4174 3280 4244 ὅπερ
3300 4173 3464 4237 αὐτός
3484 4175 3658 4236 ἐστιν,

2087 4264 2296 4318 ἔνδοθεν
2340 4265 2577 4327 σκέπων,
2605 4265 2666 4317 τὸ
2688 4265 2744 4319 δὲ
2778 4264 2968 4317 κώδιον
2999 4264 3195 4331 ἔξωθεν
3229 4265 3658 4336 πριτιθέμενος,

2084 4356 2268 4426 ἀπάτη
2318 4355 2546 4426 ἀστέρος
2595 4354 2673 4424 τῷ
2725 4354 2960 4424 ποιμνίῳ
2998 4354 3274 4423 γίγνεται·
3308 4355 3401 4407 καὶ
3424 4354 3564 4407 οὕτω
3593 4354 3662 4425 δὴ

2083 4449 2209 4511 τοὺς
2238 4444 2400 4519 ἦττον
2420 4447 2696 4517 ἔμφρονας
2717 4444 3081 4514 καταλάμπει,
3117 4446 3210 4498 καὶ
3237 4444 3299 4516 δὴ
3329 4444 3663 4516 προθέμενος

2085 4543 2408 4610 καινοτάτην
2435 4538 2687 4592 ἀσέϐειαν
2712 4537 3062 4609 ὲρανίσασθαι
3098 4537 3226 4608 παρ’
3250 4537 3443 4590 ἑαυτοῦ
3474 4554 3533 4589 τε
3567 4538 3662 4590 mi.

2085 4626 2215 4697 παρ’
2253 4625 2447 4680 άλλων.
2490 4625 2576 4687 Ὠς
2603 4623 2667 4677 ἂν
2703 4624 2889 4694 μηδεὶς
2914 4624 3022 4677 τῶν
3054 4624 3394 4696 Χριστιανῶν
3418 4627 3660 4695 ἐπεγνω-

2085 4718 2258 4770 κὸτων
2301 4715 2572 4782 ἐξετάζειν
2609 4714 3074 4787 γοῦν-ἐπιχειροίη
3112 4716 3212 4786 τὴν
3237 4716 3530 4788 καινότητα
3552 4717 3661 4770 τῶν

2089 4807 2468 4879 ηρανισμένων
2512 4807 2602 4860 ὑπ’
2637 4807 2799 4862 αὑτοῦ
2827 4807 3035 4871 κακῶν,
3063 4807 3415 4878 Παράκλητον
3442 4811 3662 4880 προσεῖ-

2085 4914 2186 4950 πεν
2215 4895 2427 4960 ἑαυτὸν,
2453 4896 2712 4966 ὀνόματος
2734 4897 2832 4968 οὐχ
2857 4897 2995 4966 ὑπὲρ
3014 4896 3297 4967 ἄνθρωπον
3320 4897 3500 4968 μόνον,
3525 4897 3662 4952 ἀλλὰ

2084 4989 2176 5041 καὶ
2221 4988 2359 5060 ὑπὲρ
2390 4988 2639 5058 ἄγγελον,
2662 4990 2852 5060 χρήσει
2885 4989 2945 5042 τὸ
2981 4989 3256 5060 ἀπατηλὸν
3291 4990 3538 5044 σκέπων⁶
3569 4991 3658 5044 ἵνα

2081 5078 2160 5151 τῷ
2213 5079 2510 5152 ἀξιοπίστῳ
2563 5081 2664 5152 τῆς
2714 5081 3082 5153 προσηγορίας
3129 5064 3456 5152 ὰδιαῖιρίτως
3478 5084 3527 5136 οἱ
3561 5081 3656 5136 καὶ

2081 5170 2255 5240 άλλως
2288 5171 2505 5241 ἀνόητοι
2556 5171 2817 5240 δέχωνται
2860 5170 2928 5223 τὰ
2966 5171 3254 5240 λεγόμενα.
3295 5173 3452 5226 Ἐστι
3486 5172 3531 5226 δ’
3566 5175 3656 5227 ὅτε

2081 5260 2178 5324 καὶ
2201 5261 2276 5326 ὡς
2302 5260 2597 5323 ἀπόστολος
2635 5259 2809 5331 Ἰησοῦ
2838 5261 3074 5332 Χριστοῦ
3101 5261 3396 5334 βαρϐάροις
3419 5262 3480 5316 τὸ
3502 5263 3657 5331 γένος

2080 5359 2108 5410 ὁ
2143 5353 2417 5426 βάρϐαρος
2445 5355 2538 5407 καὶ
2573 5353 2729 5420 γένος
2763 5353 2856 5405 καὶ
2883 5351 3107 5423 γνώμην
3130 5353 3227 5424 τὴν
3249 5351 3504 5406 ἀσέϐειαν
3539 5354 3657 5405 ἐπι-

2079 5447 2309 5502 στέλλει.
2341 5445 2450 5499 Καὶ
2484 5445 2610 5515 περὶ
2642 5443 2741 5514 μὲν
2771 5443 2974 5495 τούτων
2999 5441 3244 5513 ὕστερον.

2145 5622 2266 5676 Τῶν
2297 5621 2353 5674 δὲ
2381 5619 2613 5692 Γραφῶν
2638 5618 2736 5682 τὰς
2762 5617 2860 5688 μὲν
2889 5615 3248 5688 παλαιοτέρας
3272 5616 3555 5686 ἀνατίθησι
3579 5618 3645 5688 τῇ

2079 5715 2215 5787 πρὸς
2253 5713 2417 5766 αὑτοῦ
2449 5710 2714 5784 λεγομένῃ
2736 5710 2921 5780 κακίᾳ,
2945 5709 3106 5779 νόμον
3133 5725 3190 5765 τε
3218 5709 3310 5762 καὶ
3333 5706 3642 5780 προφήτας·

2079 5813 2145 5867 τὰ
2171 5812 2226 5867 δὲ
2252 5810 2562 5879 Εὐαγγέλια
2607 5810 2698 5864 καὶ
2729 5807 2796 5862 τὰ
2840 5807 3003 5861 λοιπὰ
3027 5807 3124 5878 τῆς
3145 5806 3353 5877 Καινῆς
3376 5803 3648 5872 Διαθήκης
