4100 6406
391 394 533 455 1209

1486 404 1851 466 ADVERSUS
1888 408 2313 474 MANICIUEOS
2348 419 2476 476 LIB.
2512 420 2592 478 Ill.

3498 439 3637 494 1210

393 506 875 622 μαθημαιταὲρταρᾶι
897 508 995 581 μὲν
1026 510 1120 565 τοῦ
1145 512 1371 581 ἀγαθοῦ,
1394 515 1469 581 ὡς
1496 517 1687 585 οἴεται,
1719 522 1962 580 δεδόσθαι

2066 529 2109 585 ti
2139 545 2170 586 a
2198 532 2343 588 bono
2374 534 2500 590 data
2527 551 2649 592 esse
2673 535 2828 606 dicit,
2846 546 2904 595 ut
2929 549 3102 613 putat.
3138 544 3242 602 Sed
3268 562 3368 604 nec
3384 550 3499 605 haec
3518 555 3641 622 qui-

391 598 577 668 φησίν.
603 599 735 653 Οὐδὲ
775 600 947 654 ταῦτα
1005 602 1110 674 μὴν
1157 607 1185 659 ό
1228 605 1329 675 τῆς
1366 606 1716 684 βλασφημίας
1745 616 1970 689 εὑρετὴς

389 693 776 767 διισχυρίζεται
827 694 894 747 δι’
940 695 1062 751 ὂλου
1117 697 1442 770 καθαρεύειν
1490 702 1616 771 τοῦ,
1660 704 1736 769 ῶς
1784 724 1967 777 φησιν,

390 788 631 841 ἐναντίου
653 786 808 842 Θεοῦ·
825 790 1151 863 ἐνυπάρχειν
1176 793 1232 857 δὲ
1259 795 1355 847 καὶ
1377 796 1604 864 τούτοις,
1623 799 1810 875 ὥσπερ
1831 804 1972 858 κατά

389 896 512 932 τινα
552 879 720 951 μίξιν,
752 880 924 935 πολλά
956 882 1058 954 τῆς
1098 884 1387 951 ὑπ”αὐτοῦ
1434 889 1771 964 καλουμένης
1809 894 1965 967 ὕλης·

391 970 488 1024 καὶ
516 972 733 1042 χρῆναι,
767 972 940 1027 ταῦτα
974 975 1312 1046 περιελόντα.
1351 979 1485 1050 μόνα
1520 982 1641 1036 καθ’
1672 985 1840 1040 ἐαυτά
1871 1005 1973 1041 κα-

390 1062 655 1130 ταλιπεῖν,
688 1063 726 1119 ἆ
748 1068 815 1137 τῇ
838 1064 932 1119 τοῦ
958 1065 1164 1135 ἀγαθοῦ
1196 1069 1371 1142 μερίδι
1399 1070 1692 1141 λογίζεται.

462 1155 618 1210 Οὕτω
640 1156 751 1209 τῶν
784 1156 954 1227 ἁγίων
980 1158 1210 1230 Γραφῶν
1238 1161 1336 1230 τὴν
1357 1162 1657 1235 διόρθωσιν,
1676 1167 1751 1232 ὡς
1777 1167 1967 1234 οἴεται,

390 1245 516 1299 καθ’
533 1246 725 1301 ἑαυτὸν
753 1249 1285 1320 μεταχειριζόμενος,
1321 1253 1411 1306 καὶ
1446 1254 1532 1309 διά
1555 1256 1710 1311 τοῦτο
1740 1260 1970 1329 μάλιστα

391 1336 604 1406 τολμῶν
656 1334 1034 1409 Παράκλητος’
1074 1335 1212 1395 εἶναι
1257 1343 1455 1410 δοκεῖν,
1498 1345 1567 1399 τὰ
1615 1349 1712 1419 μὲν
1754 1349 1971 1405 πλείονα

394 1428 743 1499 περιγράφει,
787 1429 992 1500 βραχέα
1026 1431 1120 1484 καὶ
1147 1432 1479 1495 καταλιπὼν.
1514 1437 1607 1489 καὶ
1634 1439 1730 1509 τῆς
1762 1440 1971 1512 Καινῆς

390 1516 669 1592 Διαθήκης
711 1518 979 1576 ποθοῦντα
1020 1521 1130 1577 τῶν
1173 1524 1450 1593 συγγενῶν
1494 1526 1668 1598 λόγων
1697 1528 1796 1602 τὴν
1831 1549 1971 1604 συμ-

480 1611 620 1666 νίαν.

480 1628 620 1666 νιαν.

391 1628 645 1755 φωΟίέται
677 1702 777 1774 μὲν
802 1704 983 1775 πᾶσαν
1005 1681 1301 1775 ἀσφάλειαν
1318 1706 1429 1779 (49)
1451 1711 1869 1780 περιτεθεῖσθαι,
1896 1714 1971 1780 ὡς

393 1792 533 1863 μόνα
555 1792 618 1863 δὴ
640 1794 707 1849 τὰ
730 1794 1004 1866 δυνάμενα
1033 1797 1445 1868 προσέλκεσθαι,
1475 1802 1610 1873 πρὸς
1634 1802 1670 1857 ἃ
1690 1805 1974 1876 τερατεύε-

387 1897 477 1935 ται
507 1881 913 1948 καταλελοιπώς
934 1902 948 1916 ·
986 1885 1139 1939 οὐδὲν
1164 1887 1221 1940 δὲ
1248 1883 1409 1960 ἦττον
1438 1890 1533 1943 καὶ
1574 1890 1746 1946 ταῦτα
1782 1893 1969 1964 σαφῶς

388 1970 555 2040 αὐτοῦ
601 1972 860 2046 διελέγχει
912 1974 1011 2045 τὴν
1063 1976 1301 2050 ἄμετρον
1356 1982 1572 2051 μανίαν,
1608 1983 1703 2049 ὡς,
1750 1986 1967 2042 ὲπειδάν

388 2063 519 2134 περὶ
546 2064 688 2122 αὑτά
709 2066 957 2139 γένηται,
988 2067 1124 2125 Θεοῦ
1158 2071 1511 2145 παρέχοντος,
1536 2073 1697 2139 δείξει
1730 2077 1916 2147 σαφῶς
1938 2081 1967 2133 ό

386 2153 565 2223 λόγος.

456 2245 705 2309 Δεικτέον
726 2245 782 2300 δὲ
806 2247 1043 2318 πρῶτον,
1060 2250 1208 2315 ὅπως
1227 2251 1417 2322 ἄλογον
1441 2258 1673 2311 ποιεῖται
1700 2257 1798 2330 τὴν
1826 2260 1968 2315 κατά

384 2335 496 2391 τῶν
534 2336 905 2410 ἀρχαιστέρων
945 2341 1118 2410 ἁγίων
1168 2342 1400 2415 Γραφῶν
1446 2345 1812 2420 βλασφημίαν,
1864 2369 1967 2405 πα-

384 2427 681 2501 λαιοτέροις
716 2431 816 2502 μὲν
848 2432 1016 2486 αὐτοῦ
1045 2439 1303 2506 πονηροῖς
1342 2439 1569 2510 ἀνδράσι
1612 2442 1704 2495 καὶ
1732 2442 1839 2496 ἀπὸ
1866 2447 1966 2516 τῆς

398 2519 726 2591 Ἐκκλησίας
763 2523 1197 2595 ἀποκηρυχθεϊσι
1244 2529 1386 2583 κατὰ
1415 2530 1573 2584 τοῦτο
1606 2535 1963 2606 συνενεχθεὶς,

382 2612 452 2681 τῇ
499 2611 544 2663 δ’
576 2611 800 2684 ἀσεϐείᾳ
832 2615 1041 2679 πάντας
1092 2619 1336 2685 ἐκείνους
1369 2623 1855 2695 ὑπερϐαλλόμενος.
1901 2628 1965 2682 Εἰ

386 2702 488 2773 μὲν
513 2698 629 2769 οὖν,
664 2704 916 2777 καθάπερ
942 2706 1203 2780 Ἕλληνες
1230 2712 1516 2766 ἀπιποῦσι
1546 2716 1822 2781 παντελῶς
1846 2722 1965 2783 ταῖς

384 2793 648 2863 ἱστορίαις
695 2792 804 2848 τῶν
860 2796 1115 2867 Γραφῶν,
1161 2799 1304 2855 οὕτω
1338 2801 1402 2874 δὴ
1436 2804 1686 2869 κάκεῖνος
1725 2808 1965 2863 ἀπιστῶν

379 2882 610 2952 ιφασκε,
645 2886 965 2959 μηδαμῶςῆ
993 2887 1070 2953 ὡς
1101 2889 1259 2962 ἔτυχε
1293 2892 1360 2946 τά
1390 2894 1577 2949 αὐτόθι
1611 2897 1965 2972 ἱστορούμενα

382 2977 688 3045 γεγονέναι,
712 2978 825 3033 οὔτ’
856 2980 923 3035 ἂν
971 2983 1134 3053 ἡμεῖς
1161 3001 1215 3038 τι
1243 2984 1380 3055 πρὸς
1409 2988 1572 3041 αὑτὸν
1604 2990 1736 3061 περὶ
1762 2992 1964 3047 τούτων

380 3066 701 3139 ικινοῦμεν,
753 3066 863 3122 οὔτ’
904 3069 971 3124 ἂν
1023 3071 1186 3135 αὐτὸς
1236 3072 1407 3143 μείζω
1472 3073 1563 3127 τὸν
1617 3073 1835 3148 ἔλεγχον
1876 3077 1965 3134 διὰ

379 3154 586 3211 τούτων
612 3158 929 3230 ὑπέμεινεν.

467 3250 619 3304 Ἐπεὶ
635 3250 695 3304 δὲ
717 3251 817 3323 τὴν
853 3252 953 3322 μὲν
973 3253 1230 3324 ἀλήθειαν
1261 3254 1441 3320 αὐτοῖς
1463 3255 1556 3310 τοῦ
1586 3244 1775 3323 Ὀντος
1802 3277 1964 3329 γεγο-

383 3343 536 3398 νέναι
565 3343 980 3416 προσομολογεῖ,
1020 3345 1199 3399 αἰτίαν
1238 3346 1298 3399 δὲ
1329 3347 1533 3404 τούτων
1567 3345 1704 3405 εἶναι
1745 3351 1841 3424 τὴν
1887 3353 1962 3424 μὴ

378 3429 544 3490 οὖσαν
576 3434 773 3489 κακίαν
797 3436 948 3506 φησί·
974 3436 1116 3508 ’φέρε
1144 3438 1239 3491 καὶ
1259 3436 1354 3491 νῦν
1387 3440 1782 3513 ἀποδείξωμεν,
1815 3444 1963 3507 ὅπως

379 3526 478 3590 τὰς
505 3526 744 3598 μεγάλας
766 3528 1045 3599 ἐνεργείας
1079 3529 1385 3601 ἀνατίθησι,
1414 3532 1510 3589 καὶ
1531 3532 1601 3585 τὰ
1623 3534 1793 3605 μείζω
1826 3534 1961 3589 θαύ-

383 3634 529 3689 ματα
568 3620 637 3690 τῇ
691 3617 1085 3691 διαϐαλλομένῃ
1130 3620 1267 3691 πρὸς
1301 3622 1466 3676 αὐτοῦ
1499 3624 1669 3697 κακίᾳ
1703 3625 1776 3698 μὴ
1800 3626 1958 3693 νοῶν,

381 3710 479 3764 ἅτε
507 3706 574 3781 δὴ
603 3709 695 3763 τὸν
723 3708 980 3780 λογισμὸν
1013 3709 1363 3779 τυφλώττων,
1390 3712 1489 3777 τάς
1533 3713 1871 3785 παραδόξους
1903 3718 1961 3769 ὲν

377 3803 499 3863 ταῖς
541 3800 807 3872 ἱστορίαις
856 3800 951 3854 τοῦ
1001 3800 1136 3855 Θεοῦ
1178 3802 1274 3857 τοῦ
1306 3803 1642 3877 δημιουργοῦ
1682 3806 1793 3861 τῶν
1824 3807 1960 3862 ὅλων

378 3891 712 3963 οἰκονομίας.

446 3984 584 4056 Φησὶ
614 3982 672 4038 δὲ
697 3985 833 4057 πρὸς
857 3983 1002 4050 λέξιν
1025 3984 1196 4057 αὐτὴν
1225 3986 1505 4060 ὲκεῖνος,ῆ
1536 3988 1722 4061 ἕτερός
1746 4006 1830 4054 τις
1852 3990 1959 4045 τῶν

376 4075 474 4128 ἀπ’
502 4074 734 4141 ἐκείνου,
759 4074 1070 4148 ἐπιγράψας
1091 4077 1152 4130 τὸ
1171 4077 1464 4147 κεφάλαιον
1488 4081 1616 4151 περὶ
1637 4080 1735 4151 τῆς
1754 4072 1960 4153 ἀνθρω-

379 4168 544 4239 πίνης
570 4167 1042 4239 πρωτοπλαστίας·
1072 4169 1311 4239 Ἐπειδὴ
1343 4170 1449 4244 γὰρ
1473 4171 1749 4243 ἔγνωσαν
1778 4175 1832 4227 οὶ
1859 4173 1961 4243 ἆρ-

379 4276 615 4329 χοντες,
652 4260 734 4327 ὡς
778 4261 848 4315 ἐκ
898 4261 1005 4316 τοῦ
1051 4260 1462 4331 παραιρεῖσθαι
1483 4261 1557 4316 τὸ
1590 4262 1958 4332 ἁπαξαπλῶς

378 4354 675 4423 ἐμπίπτον
698 4357 787 4422 είς
814 4355 1037 4421 αὐτοὺς
1059 4356 1242 4425 μέρος
1271 4356 1381 4411 τοῦ
1412 4355 1628 4427 φωτὸς,
1650 4357 1838 4426 ταχὺς
1863 4358 1956 4412 ἐπ’

377 4446 598 4514 αὐτοὺς
628 4447 662 4502 ό
694 4446 948 4514 θάνατος
987 4446 1121 4515 ἥξει
1140 4464 1155 4478 ’
1199 4447 1315 4516 τὴν
1353 4450 1441 4515 εὶς
1470 4450 1544 4503 τὰ
1575 4449 1819 4519 σώματα
1847 4447 1958 4518 τῆς

376 4537 587 4608 ψυχῆς
634 4536 892 4594 κάθοδον
938 4539 1387 4608 ἐμηχανήσατο,
1426 4540 1794 4612 ἀναδραμεῖν
1837 4542 1955 4612 μὲν

377 4631 572 4699 αὐτὴν
593 4630 873 4701 μηδόλως
905 4629 1217 4699 ζητοῦντες
1235 4673 1250 4698 ,
1283 4633 1667 4689 ἀνελθοῦσαν
1696 4632 1765 4687 δέ
1799 4633 1954 4703 μηδὲ

376 4720 488 4790 τῆς
512 4720 740 4776 ἀνωθεν
763 4719 997 4787 λήξεως
1015 4720 1195 4785 ἀξίαν
1227 4722 1634 4793 εὑρίσκεσθαι,
1662 4722 1953 4794 μιάσματι

376 4812 488 4884 τῆς
518 4812 744 4883 σαρκός
771 4812 1167 4883 ἀνεχομένην.

448 4906 561 4963 Καὶ
595 4907 712 4977 μετ’
738 4904 916 4973 ὀλίγα-
950 4905 1046 4959 Διό
1090 4904 1345 4972 ἕκαστος
1376 4905 1597 4971 αὐτῶν,
1630 4907 1799 4977 φησὶ,
1832 4906 1953 4961 τῶν

375 4993 485 5065 τῆς
516 4996 671 5064 ὕλης
704 4996 1034 5065 ἀρχόντων,
1076 4995 1148 5051 ὃν
1181 4998 1404 5066 τρόπον
1426 4997 1807 5067 προείπομεν,
1840 4997 1951 5066 τῆς

376 5075 701 5157 γενομένης
756 5086 1050 5156 κινήσεως
1098 5087 1325 5153 ἕνεκεν,
1366 5089 1466 5142 καί
1509 5087 1616 5142 τοῦ
1657 5087 1954 5157 φανέντος

376 5180 612 5249 πρῶτον
642 5179 741 5235 ἐπὶ
768 5178 884 5247 τὴν
911 5180 1216 5248 λύτρωσιν
1247 5179 1359 5249 τῆς
1386 5178 1615 5250 ψυχῆς,
1631 5178 1743 5249 τῆς
1770 5181 1953 5248 θύρας

375 5270 612 5341 πρῶτον
650 5271 1015 5342 ἀνοιγείσης,
1052 5272 1153 5327 ὑπ’
1195 5270 1546 5339 ἐκπλήξεως
1571 5271 1734 5343 ἀξίων
1771 5287 1952 5326 κατα-

375 5361 617 5432 πέμψας
642 5361 758 5430 τὴν
780 5362 850 5415 ἐν
877 5359 1039 5426 αὐτῷ
1066 5360 1341 5430 δύναμιν,
1356 5362 1706 5431 ἐμόρφωσεν
1737 5361 1953 5421 ἑαυτὸν

375 5454 463 5519 εὶς
483 5449 715 5521 θήραμα
747 5450 854 5520 τῆς
879 5450 1106 5522 ψυχῆς,
1138 5451 1237 5507 καὶ
1258 5453 1493 5522 μίμημα
1532 5452 1721 5507 αὑτοῦ
1761 5452 1950 5507 erua-

375 5560 490 5598 σεν
541 5543 643 5598 ἐπὶ
694 5543 806 5613 τῆς
862 5544 997 5615 γῆς,
1036 5544 1145 5599 τοῦ
1190 5543 1719 5611 δυσαποσπάστως
1785 5544 1950 5614 ἔχειν

376 5633 683 5705 ἠνάγκασε
718 5633 826 5702 τὰς
856 5634 1061 5706 ψυχὰς
1085 5633 1634 5705 κατακηλουμένας.
1662 5634 1772 5689 Καὶ
1799 5632 1950 5688 πλά-

449 5789 559 5863 (49)
609 5788 983 5861 noscitetur.
1015 5790 1186 5848 Aliter
1218 5791 1431 5864 legebat
1465 5789 1758 5862 interpres.

2075 623 2197 679 dem
2234 625 2339 681 iste
2378 627 2632 683 inventor
2659 628 3012 700 blasphemiae
3035 636 3264 692 alilrmat
3287 655 3410 696 esse
3431 656 3497 696 ex
3524 651 3643 700 toto

2071 731 2101 770 a
2153 719 2429 772 contrario
2474 718 2570 775 Dei
2609 736 2780 776 vacua
2826 732 2882 777 et
2921 740 3090 794 pura,
3135 729 3229 784 sed
3278 744 3402 787 esse
3448 732 3506 787 in
3551 734 3645 791 his

2073 807 2244 861 multa
2290 824 2322 863 a
2366 812 2629 875 materia,
2679 828 2842 882 quam
2889 825 3079 881 vocat,
3123 818 3390 889 admista,
3423 834 3640 894 oporte-

2076 912 2245 967 reque
2278 899 2364 955 his
2398 900 2596 959 ablatis
2630 904 2746 959 sola
2780 906 3122 979 relinquere,
3155 927 3277 981 qua
3318 914 3387 973 ad
3430 924 3643 985 partem

2070 988 2198 1045 honi
2234 998 2448 1061 reputat
2475 994 2768 1062 pertinere.

2144 1161 2237 1219 Sic
2283 1165 2677 1222 correctionem
2726 1176 3039 1225 sanctarum
3090 1171 3527 1244 Scripturarum,
3578 1182 3640 1231 ut

2075 1255 2352 1326 epingatur,
2388 1258 2539 1315 solus
2572 1261 2926 1330 aggrediens,
2955 1271 3007 1319 et
3042 1264 3143 1319 hac
3174 1266 3520 1335 potissimum
3550 1282 3642 1321 ra-

2072 1348 2221 1404 tione
2250 1364 2418 1406 ausus
2443 1350 2615 1407 videri
2650 1351 2998 1421 Paracletus,
3030 1356 3260 1425 plurima
3291 1359 3511 1429 quidem
3537 1359 3643 1415 tol-

2074 1441 2171 1507 lit,
2220 1457 2416 1512 pauca:
2441 1459 2569 1499 vero
2615 1443 2749 1500 Novi
2794 1445 3131 1504 Testamenti
3178 1450 3489 1521 relinquit,
3519 1468 3646 1521 qua:

2074 1541 2402 1588 concentum
2436 1550 2500 1589 ac
2532 1535 2883 1592 concordiam
2914 1555 3038 1594 cum
3078 1544 3326 1612 cognatis
3369 1544 3647 1599 sermoni-

2070 1623 2175 1680 hus
2211 1625 2541 1682 desiderant.
3120 1701 3123 1704 γ

2139 1714 2303 1773 Putat
2333 1719 2552 1790 quidem
2576 1736 2792 1778 omnem
2823 1722 3214 1793 blasphemiam
3244 1724 3326 1781 eis
3355 1725 3645 1796 imposuis-

2074 1821 2133 1862 se
2156 1847 2171 1871 ,
2210 1815 2271 1861 ut
2302 1809 2396 1879 qui
2431 1810 2523 1864 illa
2552 1812 2728 1866 solum
2762 1814 3072 1883 reliquerit,
3104 1830 3227 1883 qua:
3257 1812 3325 1868 ad
3359 1814 3448 1868 illa
3483 1830 3644 1870 mon—

2004 1884 2042 1939 Β
2073 1908 2188 1953 stra
2218 1916 2339 1970 quae
2369 1899 2561 1972 ﬁngit,
2591 1903 2734 1957 trahi
2775 1905 2989 1973 possint
3017 1924 3030 1960 :
3077 1905 3246 1960 nihilo
3282 1920 3416 1960 vero
3458 1904 3642 1962 minus

2071 1991 2235 2046 etiam
2267 1992 2386 2048 haec
2415 1993 2592 2064 ipsius
2619 1997 2944 2063 amentiam,
2986 2005 3040 2052 et
3080 1996 3319 2052 furorem
3366 2012 3641 2053 summum

2072 2091 2410 2154 coarguunt,
2446 2093 2506 2140 ut
2530 2087 2755 2156 juvante
2788 2087 2898 2144 Deo
2924 2097 3110 2159 aperte
3136 2088 3473 2160 disputatio,
3509 2102 3637 2143 cum

2072 2177 2128 2231 in
2158 2177 2238 2232 eis
2270 2177 2602 2244 versabitur,
2639 2178 2876 2234 docebit.

2143 2269 2549 2327 Ostendendum
2579 2273 2744 2343 igitur
2775 2273 2951 2344 primo
2976 2279 3060 2330 est
3090 2288 3252 2345 quam
3281 2271 3560 2327 dementer
3586 2271 3643 2326 in

2072 2373 2290 2419 sanctas
2318 2362 2631 2434 Seripturas
2656 2373 2868 2422 veteres
2894 2366 3243 2436 blasphemus
3265 2371 3378 2430 est,
3407 2378 3643 2419 conserto

2072 2455 2213 2511 tiens
2255 2455 2521 2511 bactenus
2562 2471 2686 2510 cum
2736 2471 2796 2512 se
2830 2457 3261 2528 antiquioribus,
3293 2455 3426 2511 viris
3458 2454 3646 2526 pravis

2070 2546 2219 2601 etab
2246 2545 2493 2602 Ecclesia
2529 2548 2718 2617 ejectis
2743 2590 2758 2615 ,
2803 2549 3083 2620 impietate
3126 2562 3255 2604 vero
3282 2563 3473 2603 omnes
3520 2547 3645 2601 illos

2073 2652 2362 2707 superans.
2400 2636 2459 2692 Si
2493 2640 2661 2709 igitur
2692 2641 2837 2695 sicut
2864 2641 3092 2712 gentiles
3118 2640 3365 2695 historiis
3394 2637 3646 2711 Scriptu-

2069 2744 2256 2784 rarum
2284 2730 2502 2800 penitus
2529 2746 2636 2785 non
2668 2732 2898 2786 credunt
2918 2774 2932 2798 ,
2967 2732 3049 2787 sie
3074 2732 3236 2787 etiam
3267 2731 3358 2786 ille
3384 2745 3491 2786 non
3519 2744 3644 2785 cre-

2072 2820 2209 2876 dens
2235 2821 2538 2892 Scripturis
2558 2864 2574 2889 ,
2600 2838 2944 2893 nequaquam
2977 2832 3071 2877 aut
3096 2822 3322 2879 fortuito
3349 2821 3494 2877 facta
3520 2835 3645 2877 esse

2072 2928 2193 2984 quas
2218 2912 2273 2968 in
2302 2915 2382 2970 eis
2406 2927 2719 2979 narrantur,
2751 2916 2976 2981 diceret,
3009 2931 3186 2986 neque
3217 2930 3318 2970 nos
3346 2912 3644 2986 quidquam

2071 3013 2263 3060 contra
2286 3021 2411 3062 eum
2439 3006 2504 3062 de
2526 3005 2614 3061 his
2635 3006 3040 3077 disputaremus
3063 3045 3078 3072 ,
3105 3020 3208 3062 nec
3235 3006 3355 3077 ipse
3381 3005 3643 3076 majorem

2070 3096 2497 3152 coniutationem
2531 3112 2628 3169 per
2662 3096 2777 3151 haec
2812 3097 3042 3153 subiret.

1989 3237 2033 3294 ϐ
2142 3275 2249 3333 Sed
2283 3274 2414 3345 quia
2448 3274 2731 3329 veritatem
2773 3271 2868 3327 Dei
2902 3272 2958 3326 in
2989 3272 3070 3327 eis
3112 3270 3282 3326 fuisse
3322 3275 3637 3331 attestatur,

2068 3382 2290 3422 causam
2323 3381 2453 3422 vero
2481 3365 2675 3419 horum
2708 3379 2831 3419 esse
2874 3365 2950 3418 ait
2981 3363 3276 3433 nequitiam
3297 3403 3312 3424 ,
3349 3376 3470 3431 qua:
3501 3359 3641 3414 nihil

2067 3471 2153 3515 est
2183 3500 2198 3526 ,
2234 3473 2368 3530 age,
2399 3458 2695 3513 doceamus
2727 3470 2870 3510 nunc
2891 3495 2905 3519 ,
2941 3453 3216 3525 quomodo
3249 3465 3640 3524 maguaopera

2068 3567 2132 3606 ac
2166 3552 2339 3622 magis
2371 3548 2693 3605 admiranda
2725 3548 2982 3618 nequitiae
3012 3561 3175 3615 quam
3210 3545 3327 3616 ipse
3374 3549 3637 3608 accusat,

2067 3641 2355 3709 attribuit;
2409 3639 2609 3711 quippe
2660 3639 2753 3709 qui
2801 3652 2945 3692 caeca
2995 3634 3207 3689 ratione
3239 3648 3349 3689 non
3382 3630 3640 3701 intelligit

2066 3734 2416 3790 admirabiles
2473 3732 2564 3788 Dei
2619 3730 2883 3786 creatoris
2935 3729 3313 3783 universorum
3367 3725 3639 3796 guberna-

2066 3828 2244 3885 tiones
2274 3843 2339 3883 ac
2367 3825 2738 3899 providentias
2757 3864 2775 3893 ,
2809 3839 2932 3895 quae
2964 3822 3019 3877 in
3048 3820 3297 3877 historiis
3327 3818 3601 3875 feruntur.

2133 3987 2225 4040 Ait
2255 3985 2423 4057 igitur
2454 3984 2519 4040 ad
2550 3983 2776 4041 verbum
2819 3982 2936 4038 sive
2980 3980 3072 4035 ille
3096 4018 3112 4044 ,
3142 3979 3261 4035 sive
3302 3976 3443 4034 alius
3480 3976 3637 4047 quis-

2063 4075 2209 4146 piam
2238 4076 2358 4146 ejus
2386 4075 2708 4145 discipuliis.
2741 4073 2834 4142 qui
2860 4080 3024 4141 caput
3054 4068 3336 4140 inscripsit
3363 4067 3431 4123 de
3454 4068 3632 4138 prima

2063 4166 2393 4222 formatione
2422 4166 2661 4220 humana
2688 4182 2702 4220 :
2740 4164 2880 4230 Quia
2909 4171 3257 4233 cognouerunt
3290 4161 3634 4231 magistratus

2064 4258 2326 4322 materiae,
2369 4256 2528 4326 quod,
2566 4256 2614 4309 si
2642 4256 2854 4309 omnino
2879 4270 3004 4324 pars
3047 4253 3260 4308 luminis
3282 4250 3421 4323 quod
3462 4254 3518 4305 in
3545 4267 3633 4307 eos

1982 4342 1991 4350 ’
2062 4349 2269 4414 incidit,
2304 4350 2518 4403 omnino
2549 4348 2866 4418 auferretur,
2886 4363 3027 4401 mors
3055 4347 3130 4401 eis
3157 4345 3449 4400 adventura
3473 4357 3629 4410 esset,

2062 4442 2352 4497 machinati
2380 4451 2504 4497 sunt
2533 4442 2840 4496 descensum
2879 4440 3072 4494 anima:
3109 4439 3167 4493 in
3207 4452 3430 4508 corpora
3454 4454 3474 4493 :
3515 4454 3633 4509 qua

2062 4533 2271 4605 quidem
2315 4550 2378 4588 ne
2421 4533 2533 4587 ulla
2594 4532 2747 4587 modo
2787 4531 3011 4594 rediret,
3056 4530 3192 4585 unde
3249 4530 3628 4597 descendisset,

2057 4627 2159 4695 ipsi
2187 4634 2472 4690 curarent,
2500 4642 2707 4681 reversa
2730 4641 2848 4681 vero
2867 4667 2884 4693 ,
2910 4635 2971 4679 ut
2993 4641 3097 4679 non
3127 4625 3443 4694 reperiretur
3469 4622 3631 4696 digna

2057 4716 2382 4771 habitatione
2411 4731 2633 4787 supera,
2660 4726 2837 4785 utpote
2882 4715 3121 4786 fmditate
3154 4714 3331 4773 carnis
3357 4716 3631 4786 inquinata

2056 4820 2105 4864 et
2131 4809 2359 4879 polluta.

2128 4900 2198 4956 Et
2238 4900 2400 4971 paulo
2449 4906 2609 4970 post:
2661 4897 3012 4963 Quamobrem
3049 4898 3403 4969 unusquisque
3445 4913 3635 4953 eorum

2058 4994 2148 5065 qui
2180 5002 2303 5048 sunt
2341 4994 2689 5063 magistratus
2715 4992 2954 5049 materia:
2975 5031 2991 5056 ,
3018 4992 3153 5047 sicut
3183 4990 3414 5045 diximus
3442 4991 3590 5059 prius
3607 5030 3633 5057 μ

2054 5093 2266 5156 propter
2295 5095 2495 5138 motum
2531 5084 2764 5153 factum,
2793 5094 2844 5139 et
2869 5093 3079 5153 propter
3115 5099 3232 5138 eum
3271 5083 3360 5153 qui
3396 5083 3629 5151 primum.

2054 5178 2301 5250 apparuit
2348 5175 2418 5230 ad
2460 5176 2863 5245 redemptionem
2914 5178 3138 5240 animus,
3174 5174 3350 5244 janua
3394 5174 3626 5240 primum

2055 5280 2242 5340 aperta
2267 5309 2282 5334 ,
2304 5278 2415 5338 prae
2438 5278 2637 5323 terrore
2666 5269 2862 5324 invitus
2887 5269 3110 5322 dimissa
3138 5268 3330 5320 virtute
3352 5282 3464 5323 «τιατ
3486 5266 3542 5321 in
3564 5282 3626 5321 eo

2049 5371 2201 5427 erat,
2247 5361 2497 5429 formavit
2541 5361 2771 5429 scipsum
2813 5360 2882 5414 ad
2922 5359 3212 5413 venandum
3269 5358 3524 5421 animum,
3570 5368 3629 5417 et,

2054 5452 2408 5505 imitationem
2449 5451 2535 5506 sui
2582 5451 2752 5519 ﬁnxit.
2779 5451 2835 5503 in
2884 5459 3055 5513 terra,
3104 5445 3367 5520 coegitque
3412 5448 3625 5501 animas

2057 5541 2309 5596 delinitas
2329 5580 2344 5601 ,
2376 5550 2436 5594 ut
2470 5539 2678 5610 difﬁcile
2718 5539 2782 5593 ab
2824 5556 2886 5594 ea
2925 5540 3220 5593 imitatione
3250 5538 3619 5592 nbstraheren-

2059 5643 2166 5688 tur.
2201 5633 2278 5690 Ac
2312 5633 2539 5702 primum
2572 5632 2781 5703 quidem
2809 5633 2978 5690 Adam
3022 5630 3086 5686 ab
3122 5633 3196 5687 eis
3230 5634 3528 5701 iormatus,
3558 5645 3624 5686 ac
