4138 6434
501 426 636 485 1911

1656 435 1787 491 TITI
1825 434 2251 492 BO‘TRENSIS
2288 433 2596 491 EPISCOPI

3621 434 3767 489 iii?

504 544 664 615 ﬁctus
706 552 785 598 est
835 544 1240 601 instrumentum
1286 550 1595 620 cupiditatis
1627 563 1675 608 et
1716 572 1834 609 esca
1876 558 2081 610 anima-

2187 569 2306 622 σμα
2337 550 2536 605 αὐτῶν
2566 550 2699 604 ἐστι
2727 550 2961 621 πρῶτον
2988 552 3022 604 ὀ
3057 548 3258 620 Ἀδὰμ,
3278 551 3533 623 ὄργανον
3560 551 3762 607 ἐπιθυ..

498 649 624 692 funt
652 652 680 689 e
706 636 833 690 cazlo
865 635 1291 693 descendentium
1317 652 1367 695 et
1398 643 1641 697 machina
1671 646 1739 698 ad
1762 646 2079 701 trudendum

2187 646 2318 712 μίας
2356 644 2455 698 καί
2490 642 2705 712 δέλεαρ
2762 644 2881 697 τῶν
2934 644 3163 699 ἄνωθεν
3195 644 3411 714 ψυχῶν
3448 645 3547 699 καὶ
3573 646 3762 715 μηχά-

500 746 594 784 eas
624 730 679 782 in
708 745 952 800 corpora.

576 840 818 895 Primum
851 852 1033 898 autem
1064 846 1525 903 considerandum
1554 857 1638 903 est
1660 890 1674 912 ,
1703 859 1962 919 quantam
1992 866 2084 905 sa-

504 931 767 1001 pientiam
806 935 1064 1005 opinione
1102 952 1203 993 sua
1243 939 1469 992 ascribit
1514 946 1568 993 et
1620 947 1915 995 attestatur
1968 958 2083 995 mae

507 1026 831 1093 gistratibus
875 1028 1152 1093 materiae,
1198 1045 1359 1099 quam
1396 1031 1620 1083 omnino
1662 1031 1728 1085 de
1772 1033 2082 1101 ignorantia

508 1116 835 1171 condemnat
868 1126 921 1175 et
953 1121 1257 1189 vituperat,
1309 1129 1569 1192 tanquam
1613 1125 1939 1179 machinatis
1988 1141 2085 1195 per

492 1221 732 1262 carnem
765 1210 1086 1268 descensura
1121 1214 1315 1267 animae
1353 1214 1420 1268 ad
1473 1231 1590 1277 eos,
1619 1233 1688 1271 ne
1737 1218 2084 1286 privarentur

509 1298 717 1354 lumine
746 1302 825 1357 eis
859 1304 1124 1366 admisto,
1158 1306 1248 1375 qui
1278 1322 1471 1361 rursus
1501 1309 1680 1363 redire
1710 1313 1946 1363 animam
1975 1325 2082 1363 non

510 1390 784 1459 sinerent;
823 1396 905 1448 sin
942 1411 1072 1450 vero
1113 1398 1347 1462 rediret,
1395 1400 1616 1470 indigna
1655 1416 1891 1470 superna
1929 1403 2081 1457 babi-

509 1481 715 1535 tatione
748 1489 1006 1551 tanquam
1062 1486 1317 1541 sordibus
1354 1490 1537 1544 carnis
1582 1490 1787 1559 polluta
1834 1492 2084 1545 declara-

507 1580 681 1638 rctur,
707 1576 865 1643 quasi
890 1592 996 1631 non
1024 1588 1208 1647 posset
1243 1578 1387 1635 Deus
1411 1581 1647 1634 animam
1678 1598 1707 1635 a
1748 1599 1808 1637 se
1841 1593 2081 1638 creatam

508 1666 719 1735 integre
782 1682 1015 1737 servare;
1064 1671 1242 1726 victus
1316 1673 1584 1728 machinis
1667 1676 2082 1746 magistratuum

506 1760 766 1814 materia.
808 1760 884 1814 Ac.
922 1761 988 1815 de
1030 1762 1117 1818 his
1178 1765 1399 1834 quidem
1459 1766 1637 1821 adlmc
1674 1766 1856 1823 dicere
1901 1785 2083 1823 annon

506 1857 591 1904 est
627 1850 916 1906 ridiculum
946 1855 971 1907 ?

578 1961 716 2029 Quia
746 1979 876 2021 vero
935 1965 1033 2031 ait,
1083 1966 1319 2038 primum
1360 1969 1508 2039 quod
1560 1970 1913 2042 magistratus
1968 1988 2086 2027 ma-

504 2055 658 2111 teriae
688 2055 1083 2126 formaverunt,
1117 2076 1240 2117 esse
1278 2062 1449 2118 Adam
1480 2064 1902 2120 instrumentum
1931 2066 2086 2136 cupi-

507 2146 715 2211 ditatis.
739 2156 792 2203 et
821 2164 1001 2205 escam
1029 2167 1389 2223 supernarum
1414 2153 1719 2209 animarum
1748 2172 1760 2207 :
1792 2156 2085 2212 didicimus

506 2237 636 2292 hinc
670 2242 819 2295 clare
861 2257 985 2296 eum
1025 2242 1230 2307 dicere,
1259 2259 1382 2301 esse
1411 2245 1687 2302 hominem
1731 2246 2020 2301 formatum
2053 2263 2083 2302 a

505 2330 759 2393 materia,
787 2346 908 2401 qua:
942 2332 1165 2387 minime
1203 2343 1307 2397 est,
1333 2335 1426 2405 qui
1458 2336 1697 2392 materiae
1729 2346 1782 2391 et
1825 2337 2085 2408 nequitia:

507 2420 712 2492 ubique
738 2422 861 2492 plus
891 2418 1083 2479 tribuit
1118 2426 1466 2483 simulatione
1502 2430 1891 2485 accusationis.
1927 2429 2085 2485 Nunc

508 2518 693 2566 autem
731 2513 903 2583 ipsam
949 2514 1080 2569 dicit
1135 2517 1409 2573 hominem
1464 2517 1684 2585 fecisse,
1732 2520 1935 2576 animal
1972 2538 2089 2577 om-

508 2602 659 2657 nium
710 2605 1025 2661 animalium
1084 2623 1204 2678 quas
1251 2608 1306 2663 in
1362 2609 1566 2665 mundo
1614 2626 1879 2683 corporeo
1934 2622 2080 2679 sunt,

506 2696 1019 2764 praestantissimum
1062 2713 1124 2753 ac
1174 2700 1410 2756 maxime
1457 2702 1688 2772 regium,
1743 2710 1934 2774 utpote
1989 2720 2083 2759 ra-

505 2781 655 2836 tione
686 2783 968 2852 praaditum
1014 2793 1068 2841 et
1110 2786 1431 2857 admirabile
1469 2798 1584 2844 tum
1621 2793 1835 2847 ratione
1876 2801 2087 2850 natura:

506 2880 624 2927 tum
664 2874 931 2930 institutis
963 2887 1127 2947 atque
1163 2880 1669 2938 exercitationibus.
1712 2884 2081 2950 Qumstionem

509 2973 689 3019 autem
720 2966 873 3036 ponit
902 2967 969 3021 de
1004 2970 1260 3025 universo
1292 2972 1496 3026 mundo
1517 3015 1530 3034 ,
1562 2990 1733 3043 quare
1764 2976 1939 3031 factus
1964 2978 2087 3031 est?

580 3057 657 3113 De
686 3058 906 3122 homine
936 3068 1139 3127 autem,
1164 3062 1291 3116 dum
1320 3065 1511 3118 nititur
1549 3065 1943 3131 demonstrare,
1975 3084 2083 3123 non

509 3165 633 3206 esse
666 3166 695 3204 a
727 3150 838 3206 Deo
875 3151 1188 3220 formatum,
1239 3165 1418 3211 movet
1452 3158 1586 3213 alias
1616 3160 1946 3228 quaestiones
1985 3161 2082 3215 de-

2178 750 2338 804 νημα
2367 733 2472 788 τοῦ
2504 735 2691 800 αὐτὰς
2717 738 2803 801 εις
2827 733 3067 804 σώματα
3093 737 3405 804 ἐμπίπτειν

2247 845 2558 916 Σκοπητέον
2590 846 2687 917 μὲν
2721 846 2784 918 δή
2816 846 3049 922 πρῶτον,
3091 849 3223 915 ὅσην
3257 848 3446 918 σοφίαν
3475 866 3761 922 προσμαρ-

2180 940 2335 1009 τυρεῖ
2377 940 2489 1001 τοῖς
2544 937 2821 1009 ἄρχουσιν,
2855 920 2930 1002 ὡς
2978 938 3169 1002 οἴεται,
3222 942 3321 1010 τῆς
3364 920 3529 1009 ὕλης,
3555 939 3621 1009 ἢν
3672 920 3760 993 ἐπ’

2179 1030 2373 1100 ἀγνοίᾳ
2403 1030 2578 1100 πάντη
2613 1030 2854 1096 κακίζει·
2887 1030 2985 1093 ὡς,
3015 1032 3099 1083 ἵνα
3161 1030 3234 1102 μὴ
3290 1029 3625 1108 ἀφαιρεθῶσι
3666 1029 3760 1083 τοῦ

2181 1120 2577 1191 προσμιγέντος
2604 1120 2786 1183 αὐτοῖς
2809 1120 2984 1189 φωτὸς
3015 1121 3490 1192 μεμηχανημένοις
3516 1118 3604 1173 διὰ
3629 1136 3764 1191 σαρ-

2181 1210 2275 1274 κὸς
2301 1211 2400 1282 τὴν
2450 1213 2531 1274 είς
2564 1210 2760 1275 αὐτοὺς
2790 1212 3013 1264 κάθοδον
3046 1215 3143 1281 τῆς
3171 1212 3381 1283 ψυχῆς,
3429 1212 3762 1283 ἀναδραμεῖν

2186 1303 2282 1372 μὲν
2317 1300 2471 1367 αὖθις
2502 1303 2673 1375 αὐτὴν
2703 1305 2802 1357 οὐκ
2831 1303 3025 1368 ἐῶντες
3047 1321 3060 1335 ·
3093 1306 3141 1356 εἰ
3186 1304 3243 1357 δὲ
3291 1304 3384 1356 καὶ¹
3436 1304 3758 1376 ἀναδράμοι,

2184 1393 2409 1460 ἀναξίαν
2440 1395 2836 1463 ἀποφαίνεσθαι
2862 1396 2968 1449 τῶν
3001 1395 3112 1449 ἄνω
3148 1395 3525 1467 μεμιασμένην
3561 1397 3723 1468 σαρκί
3742 1413 3757 1427 ο

2182 1484 2257 1545 ὡς
2287 1482 2545 1538 ἀδύνατον
2580 1480 2720 1538 εἶναι
2758 1486 2933 1555 πάντη
2965 1486 3041 1556 τῷ
3062 1485 3251 1555 ἀγαθῷ
3278 1486 3377 1558 τὴν
3406 1488 3536 1559 παρ’
3568 1488 3761 1542 ἑαυτοῦ

2181 1576 2358 1648 ψυχὴν
2410 1578 2701 1650 ὁλόκληρον
2747 1579 3131 1643 διασώσασθαι,
3168 1582 3286 1643 ταῖς
3336 1583 3604 1651 μηχαναῖς
3652 1582 3764 1635 τῶν

2182 1670 2459 1739 ἀρχόντων
2489 1671 2587 1742 τῆς
2617 1670 2749 1740 ὕλης
2781 1671 3107 1741 ἡττώμενον.
3136 1672 3246 1727 Καὶ
3278 1673 3404 1743 περὶ
3435 1672 3535 1744 μὲν
3558 1674 3763 1729 τούτων

2184 1759 2263 1813 ἔτι
2288 1760 2379 1813 καὶ
2407 1761 2584 1830 λέγειν
2612 1761 2726 1825 πῶς
2763 1762 2837 1833 μὴ
2871 1762 3041 1831 γέλως
3071 1759 3138 1834 ﬁ;

2272 1962 2424 2015 Ἐπεὶ
2449 1962 2506 2015 δέ
2535 1980 2720 2033 φησιν,
2746 1964 2828 2016 ὅτι
2860 1962 3087 2033 πλάσμα
3114 1962 3329 2035 πρῶτόν
3362 1964 3477 2015 ἐστι
3521 1961 3630 2015 τῶν
3663 1963 3766 2034 ἀρ-

2186 2053 2388 2122 χόντων
2430 2053 2531 2122 τῆς
2564 2053 2697 2124 ὕλης
2735 2056 2764 2108 ὁ
2811 2054 3002 2125 Ἀδὰμ,
3044 2054 3276 2127 ὄργανον
3326 2054 3620 2125 ἐπιθυμίας
3667 2055 3769 2109 καὶ

2184 2144 2374 2218 δέλεαρ
2412 2145 2522 2198 τῶν
2564 2146 2771 2200 ἄνωθεν
2802 2146 3017 2217 ψυχῶν⁸
3051 2146 3191 2210 τέως
3226 2145 3645 2218 μεμαθήκαμεν,
3680 2147 3777 2201 ὅτι.

2187 2236 2374 2306 σαφῶς
2403 2236 2710 2290 πεπλάσθαι
2744 2237 2884 2310 πρὸς
2911 2237 3010 2307 τῆς
3060 2238 3135 2309 μὴ
3163 2236 3331 2310 οὕσης
3381 2237 3513 2311 ὕλης
3537 2239 3631 2294 τὸν
3670 2240 3768 2296 άν-

2186 2328 2400 2401 θρωπον
2429 2328 2598 2399 λέγει,
2628 2332 2657 2385 ὁ
2697 2330 2970 2401 πανταχοῦ
3009 2334 3076 2403 τῇ
3114 2331 3216 2405 ὕλῃ
3263 2333 3361 2387 κα)⁵
3387 2334 3453 2404 τῇ
3495 2332 3666 2405 κακίᾳ
3700 2346 3771 2387 το

2186 2420 2347 2474 πλέον
2383 2420 2564 2491 νέμων
2621 2424 2982 2494 προσποιήσει
3048 2421 3327 2495 διαϐολῆς.
3383 2422 3496 2477 Καὶ
3552 2422 3650 2477 νῦν
3695 2424 3771 2496 δὴ

2185 2512 2472 2583 ἄνθρωπον
2505 2514 2675 2584 αὐτὴν
2709 2514 3066 2585 πεποιηκέναι
3103 2513 3274 2585 λέγει,
3307 2514 3370 2568 τὸ
3399 2513 3766 2586 βασιλικώτα-

2184 2618 2275 2657 τον
2308 2604 2403 2657 καὶ
2451 2602 2827 2675 ἀρχικώτατον
2868 2604 3084 2659 πάντων
3115 2605 3180 2678 δὴ
3224 2604 3333 2660 τῶν
3377 2607 3437 2659 έν
3472 2604 3552 2678 τῷ
3579 2622 3767 2678 σωμα-

2185 2696 2322 2768 τικῷ
2351 2697 2540 2769 κόσμῳ
2574 2696 2751 2764 ζώων,
2789 2696 2885 2752 ἆτε
2927 2696 2992 2769 δὴ
3039 2698 3198 2769 μόνον
3251 2697 3468 2768 λογικὸν
3496 2699 3764 2771 ὑπάρχον,

2185 2791 2280 2844 καὶ
2303 2789 2607 2861 θαυμάσιον
2643 2788 2722 2861 τῷ
2751 2807 2810 2844 τε
2854 2789 3099 2861 λογισμῷ
3127 2790 3226 2862 τῆς
3262 2790 3479 2859 φύσεως
3521 2791 3618 2845 καὶ
3651 2794 3769 2856 τοῖς

2186 2878 2635 2949 ἐπιτηδεύμασιν.
2705 2880 3004 2948 Ἐπαπορεῖ
3075 2879 3175 2952 μὲν
3244 2880 3308 2935 δὴ
3355 2882 3452 2935 καὶ
3495 2881 3627 2950 περὶ
3668 2879 3775 2935 τοῦ

2188 2971 2388 3034 παντὸς
2418 2972 2644 3043 κόσμου,
2669 2973 2762 3026 τοῦ
2797 2973 2957 3045 χάριν
2988 2973 3226 3042 ἐγένετο.

2257 3064 2391 3137 Περὶ
2437 3065 2494 3118 δὲ
2555 3064 2843 3136 ἀνθρώπου
2895 3066 3158 3121 δεικνύειν
3203 3067 3514 3139 ἐπιχειρῶν,
3549 3067 3626 3131 ὡς
3664 3068 3771 3123 οὐκ

2186 3154 2301 3206 ἐστι
2340 3154 2560 3223 πλάσμα
2608 3154 2765 3219 Θεοῦ,
2813 3158 2955 3209 κινεῖ
3005 3156 3103 3226 μὲν
3155 3157 3397 3227 ἀνοήτως
3441 3157 3532 3209 καὶ
3575 3156 3767 3226 ἕτερα.

511 3244 1084 3313 mentes:Quomodo,
1133 3248 1333 3319 inquit.
1384 3250 1529 3305 dedit
1574 3252 1714 3307 Deus
1759 3253 1888 3307 Δάτι»
1931 3271 2082 3308 ηιαη-

2187 3243 2316 3310 Πῶς
2356 3244 2423 3298 δὲ
2466 3247 2566 3299 καὶ
2616 3246 2879 3315 ἐντολὴν
2910 3246 3137 3312 ἐδίδου,
3171 3248 3367 3319 φησὶν,
3421 3251 3453 3300 ό
3488 3247 3633 3314 Θεὸς
3684 3246 3774 3314 τῷ

510 3332 735 3393 datum?
764 3338 991 3391 alterum
1021 3340 1160 3393 enim
1199 3357 1263 3394 ea:
1304 3341 1509 3397 duobus
1561 3361 1765 3398 necesse
1807 3354 1884 3398 est
1928 3360 1946 3398 :
1992 3355 2085 3397 aut

509 3430 849 3502 cognoscebat
899 3433 1038 3503 quod
1083 3446 1517 3505 transgressurus
1566 3448 1723 3501 esset,
1768 3447 1818 3493 et
1861 3439 1935 3492 sic
1983 3456 2087 3494 non

512 3522 685 3576 solum
712 3524 920 3593 frustra
954 3535 1003 3578 et
1031 3526 1270 3580 inaniter
1298 3526 1465 3591 dedit,
1491 3528 1580 3583 sed
1609 3531 1716 3598 ipse
1743 3541 1817 3585 est
1844 3530 1900 3584 in
1932 3531 2088 3600 culpa

510 3624 561 3669 et
620 3631 738 3669 reus
786 3618 987 3684 peccati
1036 3619 1182 3671 illius
1216 3636 1234 3673 :
1290 3630 1380 3673 aut
1430 3622 1476 3673 si
1529 3620 1741 3674 dicatur
1792 3623 2085 3690 ignorasse,

509 3722 718 3761 necesse
752 3718 828 3762 est
858 3708 1051 3770 dicere.
1089 3709 1251 3764 Deum
1282 3713 1584 3781 ignorantia
1611 3714 1891 3780 pra’ditum
1920 3732 2032 3769 esse
2067 3733 2086 3770 :

511 3806 574 3853 ut
606 3799 717 3868 jam
748 3801 1063 3855 mandatum
1103 3803 1319 3873 quidem
1355 3820 1383 3857 a
1417 3805 1681 3874 nequitia.
1717 3814 1775 3859 ut
1806 3807 2083 3876 opinatur.

511 3890 698 3944 datum
745 3890 906 3947 fuerit
946 3894 1013 3945 ad
1063 3895 1428 3949 insidiandum
1484 3896 1713 3957 homini,
1765 3908 1813 3950 et
1864 3914 1974 3951 non
2020 3898 2084 3951 ad

514 3981 680 4036 ullum
729 3998 887 4038 usum
926 4002 938 4037 :
976 3984 1221 4053 adjutum
1268 4002 1397 4040 vero
1444 4001 1768 4055 magnopere
1811 3986 2003 4051 fuisse,
2033 3998 2087 4043 ct

512 4074 804 4129 liberatum
843 4076 1139 4141 hominem,
1167 4093 1290 4132 cum
1321 4077 1555 4132 credidit
1590 4079 1823 4133 consilio
1862 4095 2088 4149 serpen—

515 4167 606 4231 tis,
638 4183 797 4237 quem
839 4168 1089 4238 angelnm
1127 4168 1220 4225 Dei
1255 4185 1378 4225 esse
1406 4170 1671 4225 decernit.
1702 4169 1886 4225 Circus
1923 4172 2084 4235 enim,

512 4257 711 4328 inquit,
748 4268 883 4313 erat.
918 4258 1050 4314 Cum
1090 4269 1265 4314 autem
1314 4271 1576 4331 gustasset
1612 4264 1847 4326 vetitum,
1898 4279 2088 4331 cogno-

513 4351 583 4404 uit
618 4368 672 4405 se
703 4367 816 4405 esse
860 4350 1080 4415 nudum,
1122 4363 1169 4405 et
1211 4360 1505 4422 tegumento
1548 4354 1755 4407 invento
1795 4370 1920 4407 usus
1962 4366 2086 4416 est;

510 4444 849 4513 cognouitque
904 4442 1097 4496 bonum
1137 4454 1186 4498 et
1237 4444 1459 4498 malum.
1509 4443 1600 4500 Sic
1648 4461 1898 4513 magnam
1955 4447 2088 4513 cepit

511 4532 822 4587 utilitatem.

584 4643 881 4710 Quomodo,
922 4645 1132 4713 inquit,
1170 4644 1337 4698 Deum
1368 4644 1547 4711 decet,
1580 4655 1637 4698 ut
1661 4645 1802 4698 dicat
1845 4661 1862 4699 :
1901 4666 1920 4697 ι
1957 4647 2090 4704 Ecce

512 4734 687 4790 Adam
738 4734 912 4804 factus
959 4743 1038 4789 est
1077 4744 1333 4801 tanquam
1388 4750 1526 4787 unus
1573 4750 1639 4789 ea:
1699 4736 1872 4799 nobis,
1919 4739 2087 4793 sciens

514 4824 706 4880 bonum
732 4836 782 4880 et
811 4826 1012 4879 malum
1045 4827 1179 4881 ¹¹⁶¹⁶.
1227 4824 1383 4879 Nunc
1416 4835 1591 4881 autem
1625 4844 1687 4882 ne
1735 4828 1872 4897 forte
1912 4832 2089 4883 mittat

512 4933 729 4973 manum
763 4935 938 4982 suam,
968 4927 1018 4972 et
1062 4928 1236 4971 sumat
1265 4918 1427 4973 etiam
1469 4921 1532 4973 de
1572 4920 1713 4990 ligno
1758 4922 1897 4984 vim,
1926 4930 1974 4975 et
2003 4938 2092 4976 co-

514 5008 711 5071 medat,
737 5018 786 5063 et
842 5009 980 5062 vivat
1011 5008 1067 5060 in
1103 5010 1404 5062 wternum.’
1438 5028 1457 5060 ›
1486 5010 1548 5064 Si
1584 5010 1721 5063 enim
1762 5020 1968 5079 poterat
2008 5029 2091 5066 re--

511 5081 764 5171 cuperare
812 5099 1291 5164 immortalitatem,
1318 5100 1529 5155 invidus
1559 5102 1684 5167 fuit,
1718 5105 1806 5173 qui
1831 5119 1897 5158 ea:
1923 5121 2089 5174 μαῖαι

512 5192 631 5248 diso
688 5194 858 5247 virum
906 5192 1098 5261 ejecit,
1142 5201 1192 5245 et
1251 5209 1284 5246 a
1329 5194 1736 5262 participatione
1786 5196 1917 5266 ligni
1970 5198 2090 5250 vitae

511 5285 780 5348 exclusit,
833 5302 934 5356 quo
996 5284 1318 5357 participato
1367 5300 1572 5355 semper
1631 5287 2090 5341 immortalitatem

514 5379 706 5433 habere
733 5387 957 5446 poterat.

588 5535 706 5566 “'“‘
744 5534 880 5590 Gen.
919 5550 1014 5601 ιιι,
1045 5535 1141 5593 22.

589 5688 702 5761 (ὅθ)
742 5693 964 5759 Παραϐ.
1014 5689 1225 5761 Οιηίεἰι
1265 5688 1536 5761 lnterpres
1586 5690 1699 5743 hzcc
1744 5690 1926 5750 verba,
1972 5705 2094 5758 qua:

519 5755 624 5811 Titi
666 5755 1045 5825 argumentum
1093 5755 1442 5816 conﬁciunt}
1479 5761 1611 5813 Cum
1641 5755 2096 5828 transgrederetur

520 5829 829 5880 rotundatum
860 5829 978 5886 Dei.
1012 5831 1100 5897 qui
1128 5831 1296 5897 ipsum
1331 5840 1482 5884 tanta
1516 5847 1632 5883 cum
1664 5830 1924 5897 sapientia
1949 5847 2095 5885 crea-

2202 3337 2404 3407 Ἆδάμ;
2429 3338 2601 3392 δυοῖν
2628 3340 2727 3392 καὶ
2757 3338 3029 3408 θάτερον,
3051 3341 3090 3409 ἦ
3118 3341 3450 3410 ἐγίνωσκεν
3475 3342 3556 3407 ὡς
3582 3357 3771 3411 παρα-

2187 3432 2435 3500 ϐήσεται
2455 3473 2470 3495 ,
2500 3432 2599 3485 καὶ
2628 3434 2700 3486 οὺ
2740 3432 2944 3501 μάτην
2969 3435 3164 3503 μόνον
3197 3433 3400 3487 ἐδίδου
3419 3472 3435 3496 ,
3476 3434 3639 3488 ἀλλὰ
3664 3433 3768 3487 και

2186 3525 2374 3590 αἴτιος
2408 3525 2595 3579 αὺτοῦ
2620 3541 2632 3553 ·
2674 3525 2712 3594 ἢ
2747 3526 3084 3595 ἀγνοοῦντα
3120 3525 3342 3596 λέγειν,
3389 3526 3621 3596 ἀνάγκη
3658 3526 3772 3581 τὸν

2190 3618 2337 3671 Θεὸν
2365 3618 2583 3686 ἀγνοίᾳ
2616 3618 3111 3685 περιϐεϐιηίῆσθαι·
3145 3618 3221 3682 ὡς
3252 3618 3350 3690 τὴν
3375 3618 3593 3690 ἐντολὴν
3620 3618 3768 3672 δεδό-

2189 3707 2311 3760 σθαι
2360 3708 2477 3778 μὲν,
2506 3710 2587 3772 εἰς
2624 3710 2914 3779 ἐπιϐουλὴν
2954 3710 3010 3763 δὲ
3038 3710 3132 3764 τοῦ
3165 3710 3454 3784 ἀνθρώπου
3487 3711 3624 3784 πρὸς
3662 3711 3768 3781 τῆς

2188 3800 2413 3864 κακίας,
2444 3800 2522 3863 ὡς
2551 3799 2723 3854 οἴεται
2744 3840 2759 3864 ,
2794 3801 2889 3854 καὶ
2937 3800 3153 3864 οὐδενὸς
3197 3802 3384 3870 ἐτέρου
3404 3818 3417 3832 ’
3449 3799 3770 3871 ὠφελῆσθαι

2187 3893 2245 3945 δὲ
2274 3893 2342 3946 τά
2379 3894 2609 3963 μέγιστα
2644 3894 2739 3946 καὶ
2767 3892 3174 3963 ἠλευθερῶσθαι
3200 3894 3293 3946 τὸν
3322 3892 3607 3964 ἄνθρωπον
3643 3909 3771 3946 πει-

2188 3984 2384 4038 σθέντα
2433 3984 2710 4055 συμϐουλῇ
2741 3983 2836 4037 τοῦ
2881 3984 3079 4052 ὄφεως,
3131 3982 3191 4037 ὃν
3228 3983 3461 4052 ἄγγελον
3504 3978 3642 4036 εἶναι
3671 3981 3769 4035 τοῖι

2188 4075 2393 4143 ἀγαθοῦ
2425 4075 2752 4147 διορίζεταιο
2786 4076 3021 4145 Τυφλὸς
3047 4075 3164 4146 μὲν
3184 4078 3295 4146 γὰρ
3314 4073 3415 4147 ἦν,
3446 4078 3611 4148 φησί’
3636 4093 3774 4147 γευ-

2188 4166 2454 4236 σάμενος
2485 4167 2554 4221 δὲ
2599 4168 2707 4222 τοῦ
2747 4168 3241 4238 ἀπηγορευμένου
3262 4208 3277 4232 ,
3323 4164 3483 4223 εἶδεν
3526 4169 3768 4231 ἑαυτὸν,

2189 4259 2280 4312 ὅτι
2312 4259 2537 4329 γυμνὸς
2559 4256 2639 4329 ἦν
2656 4276 2670 4289 ’
2698 4260 2799 4315 καὶ
2820 4259 3017 4329 σκέπῃ
3042 4259 3115 4329 τῇ
3139 4261 3449 4330 εὐρεθείσῃ
3479 4260 3772 4330 κατεχρή-

2189 4366 2339 4403 σατο
2359 4367 2373 4382 ο
2410 4351 2507 4405 καὶ
2536 4351 2688 4420 ἔγνω
2718 4353 2981 4422 τάγαθόν
3008 4370 3072 4407 τε
3105 4352 3203 4407 καὶ
3234 4352 3305 4406 τὸ
3334 4354 3542 4407 κακόν.
3571 4352 3773 4419 Οὕτως

2184 4439 2454 4508 μάλιστα
2496 4441 2826 4510 ὠφέληται,
2869 4443 3293 4522 παραϐεϐηκὼς
3320 4442 3433 4516 (50)
3476 4442 3544 4497 τὸ
3585 4443 3773 4512 πρόσ-

2190 4548 2383 4600 ταγμα
2414 4531 2520 4585 τοῦ
2552 4532 2885 4600 ἐπιϐούλως
2918 4534 3288 4601 πλάσαντος.

2193 4637 2196 4643 ’
2262 4645 2396 4711 Πῶς
2424 4644 2511 4708 δὲ,
2535 4648 2694 4718 φησὶ,
2717 4647 2931 4717 πρέποι
2959 4650 3080 4715 Θεῷ
3103 4650 3305 4721 λέγειν
3324 4668 3337 4681 ·
3359 4670 3378 4702 ι
3415 4650 3561 4704 Ἰδοὺ
3596 4649 3773 4718 Ἀδὰμ

2193 4736 2439 4807 γέγονεν
2465 4738 2546 4805 ώς
2570 4735 2659 4805 εἷς
2679 4741 2749 4805 ἐξ
2783 4742 2952 4811 ἡμῶν
2978 4743 3086 4796 τοῦ
3116 4741 3436 4812 γινώσκειν
3455 4742 3649 4796 καλὸν
3670 4740 3772 4794 και

2193 4832 2461 4898 πονηρόν
2477 4848 2496 4895 ;
2513 4832 2623 4886 Καὶ
2639 4833 2756 4887 νῦν
2766 4834 3005 4903 μήποτε
3020 4836 3291 4902 ἐκτείνας
3311 4834 3424 4902 τὴν
3434 4835 3601 4904 χεῖρα
3615 4832 3772 4903 λάϐῃ

2193 4919 2299 4973 τοῦ
2313 4919 2503 4984 ξύλου
2532 4921 2640 4990 τῆς
2654 4922 2823 4992 ζωῆς.
2849 4926 2943 4977 καὶ
2961 4924 3148 4994 φάγῃ,
3173 4926 3277 4979 καὶ
3306 4925 3543 4991 ζήσεται
3558 4928 3648 4991 είς
3663 4924 3775 4977 τὸν

2193 5007 2396 5066 αἰῶνα.
2434 5015 2537 5066 ι-Εί
2568 5017 2677 5085 γὰρ
2700 5015 2852 5084 ἐνῆν
2885 5017 3229 5071 ἀθανασίαν
3255 5017 3603 5079 ἀπολαϐεῖν,
3630 5020 3776 5086 φθο-

2194 5106 2368 5171 νερὸς
2389 5105 2459 5158 δὲ
2482 5109 2515 5158 ό
2545 5107 2889 5171 ἐξελαύνων
2914 5110 3020 5163 τοῦ
3043 5108 3412 5177 παραδείσου
3430 5109 3537 5163 τὸν
3558 5108 3770 5176 ἄνδρα-

2196 5195 2295 5248 καὶ
2329 5197 2668 5252 ἀποκλείων
2707 5198 2866 5265 αὐτῷ
2904 5201 3020 5269 τὴν
3052 5203 3384 5271 μετουσίαν
3429 5202 3535 5255 τοῦ
3581 5200 3777 5265 ξύλου

2198 5286 2308 5356 τῆς
2358 5290 2538 5358 ζωῆς,
2575 5289 2646 5349 οὗ
2691 5295 2959 5364 μετέχων
3010 5298 3077 5363 ἐς
3142 5299 3232 5352 ἀεὶ
3289 5297 3404 5367 τὴν
3435 5298 3781 5352 ἀθανασίαν

2199 5379 2365 5449 ἔχειν
2395 5379 2522 5451 οἶός
2557 5402 2619 5439 τε
2656 5384 2754 5457 ἦν.

2200 5701 2366 5746 verat.
2398 5689 2556 5747 Ridet
2584 5693 2797 5748 scilicet
2821 5691 2977 5749 Titus
3002 5693 3348 5752 Manichmos.
3368 5697 3458 5765 qui
3483 5697 3786 5753 utilitatem

2202 5780 2265 5817 ex
2300 5772 2523 5832 peccato
2550 5765 2773 5820 ﬂuxisse
2806 5769 3178 5823 autumabant.
3220 5765 3407 5823 Bssn.j
