4138 6422
378 486 518 547 1215

1389 484 1758 540 ADVERSUS
1797 482 2220 540 ΜΑΜΕΗΛΕΟδ
2256 483 2386 538 LIB.
2428 483 2517 538 HI.

3487 483 3624 539 12H

1501 807 1856 896 LIBER
1928 806 2484 897 TERTIUS.

819 1095 948 1151 CAP.
985 1094 1028 1148 l.
1071 1092 1354 1147 Manichwi
1393 1090 1551 1144 Vetus
1586 1088 1976 1143 Testamentum
2004 1087 2401 1141 calumniantur
2429 1099 2445 1136 :
2479 1080 2763 1150 Evangelia
2788 1081 3191 1136 circumcidunt.

467 1211 921 1285 Ἐξεργασὼμεθα
943 1212 999 1265 δὲ
1021 1212 1115 1264 καὶ
1133 1210 1223 1262 τὸν
1246 1210 1373 1281 περὶ
1395 1208 1484 1261 τὸν
1513 1208 1674 1277 νόμον
1700 1206 1952 1279 μετρίως,

2127 1203 2420 1274 Postquam
2462 1208 2642 1255 autem
2684 1200 2752 1255 de
2790 1201 3057 1271 principio
3084 1202 3322 1258 breviter
3359 1203 3625 1261 disserui-

381 1312 463 1374 είς
506 1310 597 1362 τὸν
632 1309 758 1379 περὶ
802 1307 900 1377 τῆς
932 1304 1104 1374 ἀρχῆς
1134 1301 1478 1371 κεκινημένοι
1521 1299 1678 1366 λόγον
1707 1315 1720 1327 ·
1763 1296 1954 1350 ἀποδέ-

384 1400 578 1472 χεσθαι
624 1398 732 1468 γὰρ
775 1396 1091 1466 νενομίκασι
1141 1393 1203 1446 τὸ
1252 1390 1611 1459 Εὑαγγέλιοψ
1646 1387 1955 1460 μέμφεσθαι

383 1493 441 1547 δὲ
473 1490 841 1546 ἐσπουδάκασι
892 1487 969 1558 τῷ
999 1487 1149 1557 νόμῳ
1180 1484 1273 1537 καὶ
1320 1486 1433 1546 τοῖς
1488 1486 1791 1553 προφήταις
1813 1497 1826 1509 ο
1863 1479 1957 1532 καὶ

384 1586 567 1638 πᾶσαν
595 1582 694 1653 μὲν
724 1578 1112 1649 διαϐεϐλήκασι
1158 1576 1256 1647 τὴν
1300 1574 1544 1628 Παλαιὰν
1567 1615 1580 1638 ,
1618 1574 1867 1643 τιμήσειν
1899 1570 1956 1624 δὲ

386 1675 781 1744 ὑπονενοήκασι
807 1672 876 1725 τὰ
902 1669 1233 1739 Εὑαγγέλια,
1270 1665 1725 1738 σχηματιζόμενοι
1762 1663 1957 1735 μᾶλλον

385 1768 485 1837 τὴν
522 1765 628 1819 τῶν
677 1764 1024 1834 Εὑάγγελίων
1072 1761 1268 1832 τιμὴνο
1321 1760 1409 1813 ἵνα
1441 1759 1530 1812 τὸν
1585 1754 1958 1829 σχηματισμὸν

382 1856 581 1929 δέλεαρ
611 1854 720 1909 τῶν
766 1852 1140 1923 ἀπατωμένων
1180 1849 1438 1905 λάϐωσιν.
1470 1848 1605 1903 Οὐδὲ
1636 1847 1744 1919 γὰρ
1773 1845 1957 1916 ἐπειδὴ

388 1945 755 2002 συντέθεινται
782 1946 896 2007 τοῖς
932 1941 1303 2011 Εὐαγγελίοις,
1343 1941 1509 2012 τιμᾷν
1543 1936 1860 2010 ὁμολογοῦσι
1892 1934 1961 1989 τὰ

384 2037 730 2108 Εὑαγγέλιαο
779 2035 893 2089 ἀλλ’
956 2032 1147 2104 ἐπειδὴ
1192 2032 1479 2103 τετίμηται
1528 2029 1589 2083 τὸ
1641 2029 1810 2100 ὄνομα
1863 2026 1958 2080 τοῦ

401 2129 602 2203 Ἰησοῦ,
661 2127 1109 2201 προσποιοῦνταισ
1158 2125 1265 2178 ἔδει
1303 2123 1411 2195 γὰρ
1457 2121 1685 2184 αὐτοὺς,
1736 2119 1852 2189 είγε
1891 2117 1960 2172 τά

392 2218 705 2289 Εὐαγγέλια
761 2216 983 2287 ὲτίμων,
1023 2215 1096 2287 μὴ
1145 2212 1489 2285 περιτέμνειν
1525 2209 1593 2264 τά
1636 2207 1957 2277 Εὐαγγέλια,

391 2311 468 2383 μὴ
502 2310 640 2385 μέρη
672 2308 780 2363 τῶν
814 2307 1160 2377 Εύαγγελίων
1182 2304 1477 2374 ὲξυφελεῖν,
1506 2301 1582 2374 μὴ
1606 2301 1765 2372 ἕτερα
1796 2316 1964 2371 προσ.

389 2404 582 2468 θεῖναι,
630 2404 765 2474 μήτε
810 2400 953 2471 λόγῳ
1001 2400 1139 2470 μήτε
1172 2397 1278 2469 ἰδίᾳ
1318 2393 1512 2467 γνώμῃ
1539 2395 1607 2448 τὰ
1656 2389 1963 2461 Εὐαγγέλια

390 2494 783 2564 προσγράφειν.
803 2490 1183 2558 Οὐδὲ-γλῶσσα
1201 2488 1315 2559 ἔχει
1337 2487 1406 2541 τὰ
1429 2484 1738 2555 Εὑαγγέλια
1765 2483 1957 2547 ταῦτα,

2057 1313 2201 1360 mus,
2240 1302 2638 1366 pertractemus
2679 1295 3034 1362 quaestionem
3081 1296 3148 1350 de
3177 1296 3294 1366 lege
3325 1315 3338 1350 :
3374 1295 3629 1353 decreve-

2056 1399 2185 1444 runt
2226 1390 2370 1443 enim
2436 1389 2689 1458 amplecti
2742 1387 3095 1457 Evangelium
3124 1406 3139 1455 ;
3173 1389 3344 1458 legem
3392 1404 3524 1444 vero
3575 1396 3630 1443 et

2057 1482 2350 1552 prophetas
2380 1479 2777 1548 reprehendere
2816 1480 3165 1534 studuerunt.
3190 1478 3272 1533 Ac
3303 1486 3477 1532 totum
3507 1479 3635 1549 qui-
3716 1508 3722 1516 -

2058 1572 2180 1627 dem
2227 1570 2394 1627 Vetus
2433 1569 2841 1625 Testamentum
2887 1568 3205 1624 calunmiati
3252 1576 3410 1634 sunt,
3450 1567 3636 1622 Evan-

2056 1666 2193 1736 gelia
2247 1680 2377 1720 vero
2423 1665 2694 1718 honorare
2743 1678 2802 1717 se
2866 1661 3129 1730 suspicati
3175 1668 3324 1724 sunt,
3369 1660 3632 1715 bonomn

2059 1760 2241 1831 potius
2276 1759 2688 1828 Evangeliorum
2723 1755 3046 1810 simulantes
3079 1772 3093 1821 ;
3138 1762 3197 1808 ut
3226 1762 3371 1809 esset
3401 1753 3637 1808 simula-

2059 1855 2139 1908 tio
2215 1851 2637 1906 invitamentum
2696 1863 2884 1903 eorum
2935 1861 3076 1917 quos
3136 1846 3473 1915 deciperent.
3520 1842 3636 1900 Nec

2057 1942 2205 1998 enim
2265 1940 2392 2011 quia
2436 1941 2814 1995 assentiuntur
2867 1937 3196 2009 Evangeliis,
3249 1944 3522 1991 honorare
3573 1947 3635 1989 se

2060 2032 2356 2103 Evangelia
2403 2030 2733 2087 conﬁtentur
2765 2047 2779 2084 :
2812 2029 2944 2100 quin
2975 2029 3156 2099 potius
3192 2026 3321 2098 quia
3361 2026 3636 2080 honorant

2059 2138 2256 2179 nomen
2279 2122 2430 2186 Jesu,
2462 2123 2669 2194 lingunt
2692 2122 2951 2176 honorem
2978 2118 3396 2188 Evangeliorum
3429 2130 3444 2170 :
3473 2129 3632 2186 opor'

2060 2216 2208 2271 lebat
2249 2224 2430 2271 autem
2459 2231 2575 2279 eos,
2609 2215 2653 2271 si
2686 2214 2906 2285 quidem
2947 2210 3239 2286 Evangelia
3268 2208 3639 2272 honorabant;

2058 2324 2167 2364 non
2204 2306 2596 2362 circumcidere
2618 2305 2909 2377 Evangelia
2935 2322 2967 2371 ;ν
2992 2319 3103 2357 non
3132 2302 3350 2357 demere
3376 2301 3441 2355 de
3465 2297 3618 2354 Eva:

2061 2396 2242 2467 geliis,
2276 2410 2384 2449 non
2420 2394 2526 2449 alia
2562 2409 2858 2465 apponere,
2892 2407 3069 2463 neque
3107 2390 3291 2445 verbis
3322 2395 3377 2443 et
3416 2386 3642 2459 propria

2062 2485 2331 2542 sententia
2386 2484 2677 2555 Evangelia
2726 2483 3022 2539 ascribere.
3087 2480 3199 2536 Nec
3255 2478 3400 2534 enim
3444 2491 3637 2532 eorum

389 2552 487 2640 κάὶ
543 2552 846 2652 ἀναγνώσει
906 2552 1373 2653 παραπέμπουσιο
1433 2552 1961 2649 προσγεγραφήκασι

2069 2578 2246 2648 lingua
2294 2576 2408 2632 hzec
2452 2552 2740 2645 Evangelia
2786 2575 2980 2638 habet,
3020 2578 3073 2627 et
3113 2585 3300 2626 eorum
3332 2567 3636 2635 .lectionem

390 2675 523 2746 γοῦν
549 2676 649 2729 ὅσα
702 2672 1086 2745 βεϐούληνται,
1127 2671 1222 2725 καὶ
1264 2668 1611 2736 ὲξυφείλαντο
1650 2668 1748 2720 ὅσα
1779 2664 1965 2736 κεκρί-

390 2785 522 2825 κασι
545 2784 559 2799 ⁸
592 2768 687 2820 καὶ
725 2765 909 2819 λοιπὸν
953 2764 1199 2834 ὀνόματι,
1226 2764 1320 2816 καὶ
1362 2762 1420 2814 ἐν
1453 2759 1626 2830 τούτῳ
1657 2758 1960 2827 ψεύδονται,

390 2857 617 2913 καλοῦσι
668 2854 729 2908 τὸ
782 2854 1134 2923 Εύαγγέλιον,
1176 2852 1235 2905 τὸ
1275 2850 1433 2921 σῶμα
1480 2847 1574 2902 τοῦ
1631 2844 1963 2915 Εὑαγγελίου

397 2951 476 3024 μὴ
514 2948 876 3020 τετηρηκότες
912 2947 1093 3018 σῶμα,
1141 2945 1255 2999 ἀλλ’
1293 2945 1475 3014 ἕτερον
1508 2941 1667 3011 σῶμα
1701 2936 1963 3011 γραμμά-

389 3062 523 3109 των,
571 3043 730 3115 μέχρι
772 3040 868 3095 τοῦ
918 3041 1181 3111 ὀνόματος
1227 3038 1319 3092 τοῦ
1369 3035 1698 3105 Εύαγγελίου
1743 3033 1965 3102 φθάνον,

298 3179 305 3187 .
392 3137 755 3205 πεποιηκότες
781 3138 899 3198 ταῖς
941 3134 1097 3197 ἰδίαις
1129 3132 1432 3203 βουλήσεσι.
1471 3128 1670 3191 Μεῖζον
1719 3126 1827 3195 γὰρ
1858 3124 1966 3177 τῶν

393 3229 570 3284 ἄλλων
595 3227 703 3298 (51)
736 3225 1036 3297 ἡτιμάκασι
1070 3223 1138 3275 τὰ
1182 3220 1521 3288 Εύαγγέλια·
1552 3219 1602 3269 οἱ
1644 3216 1740 3288 μὲν
1766 3216 1873 3286 γὰρ
1904 3215 1964 3267 οὐ

393 3320 661 3389 δέχονται,
705 3317 798 3370 καὶ
845 3315 920 3386 μὴ
964 3314 1243 3384 δεχόμενοι
1275 3313 1334 3364 ού
1372 3309 1791 3379 διαφθείρουσιν,
1835 3307 1970 3360 ἀλλὰ

397 3410 557 3481 μόνον
598 3406 965 3469 ἀποσείονται,
1016 3405 1076 3457 οὺ
1142 3404 1239 3474 μὲν
1293 3403 1389 3456 καὶ
1447 3400 1807 3472 ὲμϐατεύουσι
1859 3400 1970 3461 τοῖς

391 3502 747 3574 γράμμασιν·
779 3500 828 3552 οἱ
860 3497 915 3550 δὲ
948 3496 1226 3567 εἰληφέναι
1250 3495 1565 3558 -δοκοῦντες,
1595 3492 1970 3553 ὲνεϐάτευσαν,

393 3595 787 3665 ὲνεχόρευσαν,
851 3590 1290 3661 ὲνεκαπήλευσαν
1343 3590 1456 3651 τοῖς
1505 3586 1830 3658 γράμμασι·
1880 3585 1973 3638 καὶ

393 3689 611 3759 γοήτων
637 3685 774 3757 ἔργα
800 3685 895 3738 καὶ
929 3681 1184 3754 πονηρῶν
1208 3679 1555 3751 δεδράκασιν.
1595 3678 1823 3730 Ἐκεῖνοι
1853 3675 1975 3745 ἡπί-

395 3796 626 3852 στησαν,
658 3777 786 3848 ψιλῇ
814 3778 880 3848 τῇ
938 3774 1166 3844 ἀπιστίᾳ
1197 3772 1524 3842 κέχρηνταισ
1562 3769 1597 3823 ἀ
1639 3770 1712 3840 μὴ
1756 3768 1974 3822 πιστεύ-

393 3887 541 3933 ουσι,
593 3868 938 3939 φιλολογῆσαι
990 3868 1089 3920 ούκ
1138 3865 1458 3936 ἠνέσχοντο·
1520 3858 1685 3927 οὗτοι,
1722 3864 1778 3915 ἐν
1826 3860 1974 3932 μέσῳ
2001 3883 2042 3937 η

394 3960 699 4031 γενόμενοι,
731 3959 878 4013 λύειν
911 3959 1009 4029 τὴν
1047 3955 1311 4028 ἁρμονίαν
1360 3955 1841 4026 ἐπικεχειρήκασιο
1874 3970 1970 4006 κα-

397 4051 616 4105 ταλύειν
648 4049 739 4103 τὸν
780 4049 982 4122 ῥυθμὸν
1027 4047 1391 4118 τετολμήκασι
1438 4045 1824 4116 τεχνασμὲνοις
1870 4062 1974 4115 μα-

399 4144 465 4217 θή
476 4161 662 4216 μασιν,
690 4144 945 4196 ὑπόθεσιν
975 4142 1188 4212 ἀπάτης
1223 4140 1285 4193 τὸ
1311 4139 1480 4209 ὄνομα
1513 4139 1607 4192 τοῦ
1634 4137 1968 4206 Εὑαγγελίου

400 4235 899 4308 παρεσκευακότες.
928 4235 993 4287 Εἰ
1023 4233 1131 4304 γὰρ
1161 4231 1379 4303 ᾔδεισαν
1411 4230 1472 4282 τὸ
1493 4228 1846 4298 Εύαγγέλιον,
1873 4226 1974 4279 οὐκ

396 4326 631 4397 ἠγνόουν
657 4326 746 4379 τὸν
775 4321 938 4395 νόμον
957 4342 970 4355 ·
1003 4327 1048 4377 εί
1094 4322 1151 4376 δὲ
1202 4321 1474 4392 ἠγνόησαν
1506 4321 1596 4373 τὸν
1638 4319 1820 4389 νόμον,
1858 4317 1975 4381 πῶς

392 4419 496 4473 τὸν
532 4417 737 4491 Ἰησοῦν
763 4416 1157 4487 παρεδέξαντο;
1187 4413 1307 4484 δίχα
1338 4411 1448 4484 γὰρ
1481 4411 1646 4482 νόμου
1681 4409 1885 4480 Ἰησοῦς
1912 4409 1973 4463 οὐ

394 4508 922 4581 παραλαμϐάνεται·
958 4507 987 4558 ὁ
1030 4506 1138 4576 γὰρ
1167 4504 1227 4557 τὸ
1271 4504 1423 4567 τέλος
1464 4502 1641 4556 ποθῶν
1668 4502 1764 4571 τὴν
1797 4500 1969 4572 ἀρχὴν

401 4601 860 4674 περιεργάζεται·
921 4601 949 4652 ὁ
992 4598 1049 4651 δὲ
1092 4598 1193 4667 τῆς
1252 4597 1425 4669 ἀρχῆς
1472 4596 1752 4666 γινόμενος
1813 4596 1978 4664 ὑπερ-

2064 2671 2506 2740 praetermittunt.
2544 2668 2933 2738 Ascripserunt
2960 2666 3144 2735 itaque
3173 2676 3510 2734 quaecunque
3543 2672 3640 2713 vo-

2066 2762 2310 2825 luerunt,
2344 2769 2397 2815 et
2441 2759 2794 2815 detraxerunt
2838 2771 3176 2829 quacunque
3207 2754 3589 2824 iudicaverunt
3619 2766 3635 2804 :

2067 2861 2123 2907 et
2158 2861 2347 2923 postea
2402 2850 2624 2906 nomine
2659 2849 2931 2919 appellant
2976 2840 3263 2915 Evangelia
3306 2842 3399 2911 qui
3440 2849 3641 2908 corpus

2067 2941 2347 3011 Evangelii
2380 2955 2488 2994 non
2529 2944 2905 2998 servaverunt,
2930 2935 3023 2989 sed
3057 2935 3235 3004 potius
3265 2929 3411 2984 aliud
3438 2940 3641 2998 corpus

2066 3036 2397 3092 litterarum,
2426 3031 2572 3103 quod
2607 3045 2780 3100 usque
2805 3027 2872 3082 ad
2896 3043 3092 3083 nomen
3119 3035 3328 3081 tantum
3364 3019 3642 3092 Evangelii

2070 3127 2353 3197 pertingit,
2400 3123 2621 3195 propria
2671 3123 2944 3176 voluntate
2994 3121 3260 3175 fecerunt.
3307 3115 3435 3169 Plus
3496 3112 3643 3167 enim

2073 3232 2236 3287 quam
2261 3216 2491 3285 gentiles
2528 3212 2816 3281 Evangelia
2846 3210 3319 3263 inhonoraverunt
3355 3223 3368 3259 :
3409 3203 3487 3256 illi
3531 3215 3642 3254 non

2071 3307 2344 3376 recipiunt
2368 3346 2381 3366 ,
2411 3313 2463 3360 et
2491 3319 2599 3357 non
2634 3299 2946 3372 recipiendo
2978 3315 3084 3353 non
3114 3301 3509 3364 corrumpunt,
3547 3291 3643 3346 sed

2072 3404 2248 3456 solum
2302 3399 2558 3468 rcjiciunt
2586 3434 2602 3459 ,
2655 3409 2766 3449 non
2813 3401 2992 3445 tamen
3039 3392 3248 3444 calcant
3294 3388 3549 3440 litteras:
3586 3382 3641 3436 hi

2074 3509 2203 3546 vero
2233 3506 2356 3544 cum
2397 3488 2671 3557 recepisse
2702 3486 3048 3546 videbantur,
3080 3480 3447 3537 calcaverunt,
3473 3472 3645 3528 insul-

2074 3592 2261 3646 tarunt
2295 3590 2349 3637 et
2391 3580 2834 3636 adulteraverunt
2866 3578 3115 3638 litteras;
3166 3580 3217 3625 et
3247 3569 3390 3640 quod
3427 3567 3644 3639 pra‘stié-

2074 3676 2314 3747 giatores
2367 3682 2420 3727 et
2478 3671 2714 3742 improbi
2776 3668 3006 3729 faciunt,
3082 3664 3348 3718 fecerunt.
3400 3660 3478 3714 Illi
3533 3672 3647 3712 non

2076 3767 2429 3823 crediderunt
2471 3764 2668 3826 solum,
2699 3768 2754 3817 et
2783 3760 2985 3831 quibus
3030 3771 3137 3810 non
3174 3750 3544 3815 crediderunt,
3579 3748 3648 3803 de

2076 3860 2156 3915 eis
2193 3875 2219 3913 ιι
2249 3874 2308 3913 se
2333 3855 2526 3912 disseri
2561 3870 2669 3909 non
2703 3854 2984 3923 patiuntur
3018 3869 3031 3903 :
3067 3848 3119 3902 hi
3154 3860 3280 3901 vero
3320 3844 3375 3897 in
3408 3841 3646 3896 medium

2076 3951 2409 4022 prodeuntes
2449 3946 2629 4000 conati
2663 3950 2791 3999 sunt
2825 3946 3150 3998 concentum
3178 3936 3387 3991 solvere
3417 3950 3431 4000 ;
3460 3929 3650 3985 modu-

2076 4020 2333 4097 lationem
2383 4039 2649 4095 doctrinis
2701 4036 2936 4091 artiﬁcio
2983 4029 3263 4087 fabricatis
3298 4026 3488 4081 tollere
3529 4020 3650 4077 ausi

2075 4143 2223 4200 sunt,
2256 4139 2560 4205 praeparato
2585 4130 2802 4184 nomine
2832 4122 3128 4194 Evangelii,
3162 4126 3222 4173 ut
3248 4123 3393 4173 esset
3424 4114 3650 4168 fallacia

2075 4241 2262 4282 causa.
2314 4222 2371 4278 Si
2410 4222 2553 4277 enim
2602 4217 2951 4287 Evangelium
3013 4209 3418 4282 cognovissent,
3475 4206 3649 4273 legem

2079 4335 2189 4374 non
2249 4317 2593 4388 ignorassent
2636 4330 2650 4365 :
2710 4307 2855 4380 quod
2907 4306 2953 4360 si
3003 4305 3170 4374 legem
3216 4300 3649 4370 ignoraverunt,

2081 4410 2353 4482 quomodo
2385 4406 2568 4461 Jcsum
2611 4399 2976 4472 receperunt?
3017 4398 3135 4453 sine
3177 4394 3292 4464 lege
3323 4390 3467 4446 enim
3492 4386 3653 4443 Chri-

2082 4479 2201 4559 stus
2222 4517 2329 4557 non
2364 4497 2624 4567 recipitur
2658 4515 2671 4550 :
2702 4509 2827 4549 nam
2859 4492 2952 4562 qui
2980 4489 3139 4544 linem
3173 4484 3465 4545 desiderat,
3498 4479 3651 4551 prin-

2083 4596 2284 4665 cipium
2337 4590 2674 4660 investigat:
2711 4594 2901 4641 contra
2944 4597 3097 4644 vero,
3134 4580 3227 4650 qui
3273 4584 3357 4632 est
3400 4570 3652 4646 principii

401 4659 586 4766 errem.
609 4659 932 4755 ξενοπαθεῖ,
977 4659 1269 4757 κενολογεῖ,
1485 4659 1645 4750 ’τέλος
1676 4685 1854 4755 ἄφιξιν
1881 4659 1968 4738 oin

2086 4690 2448 4753 contemptor,
2476 4659 2652 4735 vanus
2678 4683 2781 4745 est,
2804 4690 2943 4731 vane
2966 4672 3225 4742 loquitur,
3252 4682 3361 4722 non
3383 4669 3560 4735 potest
3595 4659 3653 4713 in

400 4786 540 4858 ἔχει.

2091 4775 2251 4830 tinem
2282 4773 2536 4829 evadere.

1496 4887 1632 4945 CAP.
1672 4887 1739 4944 ll.
1782 4887 1886 4943 Lex
1917 4887 2215 4943 necessaria
2244 4882 2586 4939 Christianis.

476 5013 543 5067 Εἰ
566 5010 624 5064 δὲ
650 5006 824 5073 τέλος
846 5007 1035 5075 νόμου
1053 5001 1325 5073 Χριστὸς,
1353 5000 1802 5075 ματαιοπονοῦσι,
1825 5002 1991 5072 νόμου

407 5105 511 5177 μὲν
542 5100 779 5173 φυγάδες
801 5098 970 5163 ὄντες,
989 5096 1196 5169 Ἰησοῦν
1220 5096 1277 5149 δὲ
1301 5092 1990 5163 εἰδέναιὲπαγγελλόμενοι.

2163 4998 2220 5052 Si
2252 5004 2431 5050 autem
2466 4994 2590 5063 ﬁnis
2621 4992 2748 5061 tegis
2779 4995 2863 5045 est
2899 4987 3142 5043 Christus
3177 4983 3239 5045 ³³,
3273 4979 3476 5034 frustra
3505 4977 3656 5032 labo-

2090 5096 2214 5144 rant
2269 5087 2363 5157 qui
2405 5087 2575 5155 legem
2632 5082 2865 5151 fugiunt,
2908 5086 2962 5133 et
3017 5073 3377 5146 cognitionem
3426 5067 3555 5124 Jesu
3597 5082 3657 5123 se

409 5161 476 5255 i3!
510 5161 585 5267 pd)
613 5161 777 5264 νόμος
812 5161 1107 5261 λαλήσειξό
1145 5188 1349 5259 Κύριος
1387 5187 1487 5240 οὐκ
1529 5161 1949 5254 ὲπιγινώσιιιεται

2092 5181 2290 5235 habere
2312 5176 2657 5247 profitentur.
2691 5171 2809 5226 Nisi
2842 5171 2924 5225 lex
2954 5171 3228 5239 loquatur,
3256 5161 3521 5216 Dominus
3548 5175 3659 5214 non

2301 5272 2336 5282 Ἀ
2506 5276 2518 5282 -
2595 5269 2628 5282 --
2747 5265 2807 5282 οι-
2831 5280 2839 5282 Α
2895 5264 3022 5282 ,μεμ
3067 5259 3198 5282 ι-..ε-
3265 5253 3532 5282 ε....,....,.;η
3575 5260 3655 5282 ηρ,

407 5253 444 5357 ἢ
609 5253 786 5355 cubiti]
814 5280 909 5335 τοῦ
936 5253 1127 5351 νόμου,
1152 5253 1344 5346 ἄγνοια
1369 5276 1462 5330 τοῦ
1484 5277 1886 5349 κηρυττομένου
1906 5291 1921 5306 ο
1948 5277 1968 5328 i

2094 5272 2415 5343 agnoscitur
2456 5288 2470 5323 :
2504 5265 2850 5322 taciturnitas
2883 5264 3029 5319 enim
3067 5259 3222 5330 legis,
3265 5253 3533 5326 ignoratio
3575 5260 3660 5306 est

405 5378 466 5430 δὲ
490 5377 585 5430 τοῦ
600 5377 766 5448 νόμου
794 5375 1051 5445 μάθησις,
1071 5372 1367 5440 ἐπίγνωσις
1393 5369 1489 5424 τοῦ
1512 5368 1985 5443 προκαταγγελλο-

2092 5364 2371 5438 praedicati
2409 5383 2422 5418 :
2478 5376 2671 5416 rursus
2713 5373 2843 5414 vero
2883 5354 3121 5425 cognitio
3147 5349 3304 5420 legis,
3346 5346 3537 5401 notitia
3577 5349 3661 5398 est

414 5469 600 5537 μένου.
630 5435 695 5521 El
729 5435 838 5540 γάρ
874 5435 1157 5528 Minucia);
1179 5435 1411 5534 ἢκουον,
1453 5435 1737 5516 ἐπίστευον
1774 5435 1864 5524 ἐίς
1897 5460 1968 5514 et»

2093 5435 2459 5531 praenuntiati.
2504 5452 2562 5508 Si
2605 5454 2748 5508 enim
2794 5449 3031 5521 Moysem
3077 5444 3348 5505 audirent,
3376 5435 3661 5494 crederent

410 5557 843 5633 παρεληλυθότα.
861 5557 1077 5630 Ἀμέλει
1108 5557 1169 5609 ού
1193 5553 1509 5609 πιστεύεται
1540 5556 1569 5606 ὁ
1600 5552 1986 5624 ἐγηγερμένος,

486 5723 533 5759 ⁸⁸
565 5719 728 5778 Rom.
757 5736 826 5785 χ,
858 5719 912 5773 ι.

486 5877 601 5950 (Si)
644 5877 895 5932 Ἀλλων.
925 5873 1199 5945 lnterpres
1229 5869 1440 5941 legebat
1465 5864 1652 5921 ἐθνῶν.

2095 5528 2153 5607 in
2201 5566 2323 5608 eum
2379 5549 2475 5621 qui
2516 5546 2684 5603 venit.
2734 5543 2876 5599 Sane
2913 5539 3131 5611 quidem
3173 5548 3349 5605 neque
3397 5528 3663 5586 suscitato
