4138 6436
527 459 666 513 1215

1641 449 1781 505 ΤΙἸΊ
1824 450 2256 508 BOSTRENSIS
2295 450 2603 508 EPISCOPI

3647 450 3783 505 {2l6

524 576 788 637 creditur,
845 573 950 628 nisi
1002 573 1088 629 lex
1130 571 1289 627 ﬁdem
1336 572 1502 626 faciat
1536 572 1907 628 audientibus.
1954 574 2019 628 Et
2061 590 2087 629 ε

2210 574 2258 625 εί
2301 572 2376 644 μὴ
2407 573 2588 625 πίστιν
2613 571 2642 623 6
2673 569 2837 641 νόμος
2864 569 2976 632 τοῖς
3009 567 3297 620 ἀκούουσιν
3325 565 3632 637 ἐμποιήσει.
3662 566 3785 620 Κᾶν

521 667 740 736 quidam
775 665 959 720 dicat:
992 663 1146 718 Mitte
1188 663 1476 728 Lazarum,
1519 673 1577 716 ut
1612 669 1816 718 nuntiet
1843 665 2104 734 fratribus

521 760 673 822 meis,
710 775 772 811 ne
797 768 848 812 et
897 757 1000 826 ipsi
1049 758 1259 812 veniant
1305 759 1357 810 in
1402 756 1537 810 hunc
1587 757 1760 810 locant
1807 760 2102 823 tormenti;

517 858 574 903 et
603 849 971 918 respondente
988 847 1259 903 Abraham
1287 867 1302 903 :
1331 846 1540 900 Habent
1561 846 1798 918 Moysem
1826 861 1872 902 et
1891 850 2105 918 prophe-

519 951 624 1007 tas,
659 942 840 998 dicat:
872 941 999 996 Nisi
1030 944 1147 1013 quis
1185 957 1250 996 ea:
1290 943 1516 996 mortuis
1559 952 1820 1013 resurgat,
1857 961 1959 996 non
1990 961 2104 998 cre-

514 1033 676 1099 dent;
750 1035 937 1088 audiet
965 1044 1143 1089 tamen
1174 1036 1274 1088 iste
1305 1052 1318 1088 :
1361 1032 1420 1086 Si
1455 1032 1692 1104 Moysem
1731 1044 1780 1088 et
1824 1036 2102 1103 prophetas

516 1141 620 1179 non
665 1126 980 1192 audierunt,
1037 1142 1196 1195 neque
1241 1126 1285 1179 si
1325 1128 1441 1195 quis
1490 1143 1522 1179 a
1567 1127 1790 1180 mortuis
1837 1136 2100 1198 resurgat,

516 1213 735 1267 audient
769 1215 834 1266 ".
869 1213 914 1269 Ο
948 1230 1060 1269 rem
1089 1215 1316 1269 miram!
1355 1231 1533 1284 neque
1563 1219 1608 1270 si
1641 1218 1766 1288 quis
1807 1233 1838 1270 a
1869 1217 2102 1273 mortuis

515 1306 786 1360 excitatus
839 1307 1088 1360 nuntium
1147 1306 1356 1373 all'erat,
1425 1309 1476 1364 ei
1529 1310 1773 1366 creditur
1824 1311 1942 1366 siue
1985 1311 2101 1380 lege

515 1407 570 1452 et
590 1399 886 1468 pr0plietis,
911 1400 1019 1453 imo
1043 1416 1217 1470 neque
1246 1401 1686 1460 DominusJesus
1717 1405 1981 1474 apostolis
2011 1418 2102 1473 ap-

515 1505 705 1560 parere
738 1492 906 1546 voluit
937 1496 1380 1565 transliguratus,
1426 1497 1530 1552 nisi
1569 1497 1831 1552 adhibitis
1885 1499 2000 1568 lege
2043 1504 2100 1553 et

513 1581 798 1652 prophetis
826 1593 922 1650 ;.et
960 1585 1051 1654 qui
1088 1587 1264 1655 potuit
1293 1587 1670 1642 testimonium
1700 1604 1729 1641 a
1754 1588 1912 1643 Patre
1934 1589 2096 1654 ferre,

511 1690 623 1731 non
671 1675 1024 1732 inhonoravi‘t
1077 1679 1486 1734 consortionem
1541 1691 1856 1736 sanctorum
1910 1683 2098 1752 :quin

509 1767 695 1838 potius
737 1783 865 1823 cum
899 1769 1063 1826 vellet
1107 1771 1471 1827 certissimam
1503 1772 1663 1828 ﬁdem
1704 1773 1758 1828 iu
1797 1783 2096 1844 conspectu

509 1861 886 1929 apostolorum
918 1861 1122 1928 facere,
1156 1864 1301 1934 quod
1345 1865 1402 1920 in
1443 1873 1684 1920 montem
1726 1881 1821 1920 eos
1862 1865 2098 1922 adduce-

2206 665 2313 736 γάρ
2340 683 2424 729 τις
2455 663 2609 736 λέγῃ,
2628 663 2878 730 Πέμψον
2893 660 3174 728 Λάζαρον,
3189 660 3290 712 ἵνα
3310 659 3632 729 drum-eun
3660 659 3786 724 τοῖς

2203 756 2491 826 ἀδελφοῖς
2517 775 2637 827 μου
2663 754 2748 824 μὴ
2781 753 2982 808 ἐλθεῖν
3013 755 3101 818 είς
3125 751 3238 820 τὴν
3275 749 3420 804 ὁδὸν
3454 749 3565 819 τῆς
3587 751 3786 814 βασά-

2203 869 2315 905 νου
2338 852 2597 918 ταύτης·
2637 849 2730 902 καὶ
2767 847 3014 916 λέγοντος
3061 844 3330 916 Ἀϐραὰμ,
3369 845 3619 914 Ἔχουσι
3655 845 3786 898 Μω-

2202 943 2316 997 σέα
2361 943 2461 997 καί
2511 942 2652 1008 τοὺς
2685 939 3028 1011 προφήτας,
3083 938 3244 1009 εἴπῃ·
3298 937 3432 990 Ἐὰν
3451 935 3536 1006 μή
3592 953 3682 1001 τις
3713 935 3784 988 ἐκ

2200 1037 2428 1106 νεκρῶν
2453 1034 2719 1104 ἀναστῇ,
2744 1037 2815 1088 οὺ
2838 1033 2923 1103 μὴ
2956 1032 3417 1086 πιστεύσουσιν·
3464 1027 3780 1088 ἀκούσεται,

2201 1135 2270 1186 El
2304 1129 2560 1197 Μωσέως
2589 1129 2688 1186 καὶ
2720 1126 2839 1181 τῶν
2861 1123 3181 1196 προφητῶν
3196 1126 3307 1178 οὐκ
3326 1119 3784 1191 ἧκουσιιν,οὺδὲ

2199 1225 2307 1279 ἐάν
2356 1243 2444 1291 τις
2475 1224 2543 1277 ἐκ
2577 1221 2806 1291 νεκρῶν
2835 1217 3103 1287 ἀναστῇ,
3135 1217 3519 1272 ἀκούσονται.
3575 1213 3779 1267 Βαὸαίί

2198 1317 2321 1370 οὔτε
2380 1317 2488 1388 γὰρ
2534 1318 2566 1386 ἡ
2616 1314 2710 1367 τοῦ
2753 1310 3124 1384 ἐγηγερμένον
3186 1305 3531 1378 παραγγελία
3575 1308 3640 1376 τῇ
3683 1303 3784 1357 τοῦ

2198 1409 2361 1479 νόμου
2397 1410 2493 1462 καὶ
2523 1407 2632 1461 τῶν
2658 1405 2954 1478 προφητῶν
2978 1401 3185 1472 (52)....
3217 1403 3245 1454 6
3291 1398 3498 1471 Ἰησοῦς
3525 1397 3646 1468 δίχα
3675 1397 3781 1467 τῆς

2201 1502 2486 1565 συνουσίας
2553 1500 2732 1555 αὐτῶν
2787 1498 2908 1552 οὐδὲ
2954 1498 3068 1560 τοῖς
3126 1493 3447 1555 ἀποστόλοις
3492 1487 3781 1560 φαίνεσθαι

2196 1595 2394 1667 ἠξίωσε
2416 1611 2430 1623 ο
2467 1595 2560 1650 καὶ
2611 1593 2908 1664 δυνάμενος
2959 1589 3063 1642 ὑπὸ
3093 1587 3188 1642 τοῦ
3234 1586 3448 1658 Πατρὸς
3481 1586 3778 1657 μαρτυρεῖ-

2198 1687 2346 1753 σθαι,
2378 1688 2479 1742 οὐκ
2520 1687 2755 1758 ἠτίμασε
2797 1684 2895 1756 τὴν
2931 1682 3214 1736 συνουσίαν
3257 1681 3363 1736 τῶν
3407 1680 3611 1749 ἁγίων·
3643 1678 3780 1733 ἀλλά

2193 1782 2316 1843 ταῖς
2372 1779 2525 1849 ὄψεσι
2600 1777 2710 1830 τῶν
2764 1775 3078 1830 ἀποστόλων
3133 1773 3314 1827 πίστιν
3375 1770 3780 1844 ἀκριϐεστάτην

2199 1872 2522 1943 βουλόμενος
2562 1868 2964 1943 παρασχέσθαι,
2997 1868 3073 1932 ὼς
3104 1867 3306 1936 ἀνῆγεν
3341 1867 3399 1918 ἐν
3425 1864 3504 1936 τῷ
3537 1863 3651 1936 ὄρει
3682 1867 3781 1919 καλ⁹

507 1955 626 2021 bat,
679 1963 732 2010 et
789 1957 1309 2028 transﬁgurabatur,
1363 1961 1690 2015 ostendebat
1739 1960 1976 2033 Moysem
2038 1973 2089 2018 et

2199 1961 2628 2034 μετεμορφοῖντο,
2671 1959 2909 2014 ἐδείκνυε
2955 1958 3196 2013 Μωῦσέα
3243 1957 3339 2011 καὶ
3376 1955 3583 2021 Ἠλίαν,
3617 1955 3704 2009 ἵνα
3745 1958 3781 2028 ἡ

506 2043 722 2112 Eliam,
755 2055 816 2101 ut
852 2050 1172 2105 testimonio
1216 2059 1364 2106 esset
1401 2054 1742 2108 consociatio
1782 2055 2090 2113 sanctitatis

506 2139 728 2194 illorum
767 2160 780 2195 :
819 2150 874 2197 et
902 2151 963 2196 ut
995 2143 1043 2198 is
1069 2144 1161 2212 qui
1188 2142 1377 2200 Jesum
1413 2146 1630 2215 recipit,
1664 2147 1846 2202 socios
1876 2150 1996 2217 ejus
2024 2165 2091 2204 ne

504 2232 835 2302 dedecoret;
877 2251 946 2292 ne
974 2237 1022 2291 si
1051 2237 1172 2306 ejus
1219 2239 1514 2308 stipatores
1551 2245 1607 2295 et
1639 2239 1924 2296 ministros
1961 2257 2091 2311 par-

503 2326 750 2394 vit‘aciat,
781 2345 965 2401 regem
1002 2329 1182 2401 ipsum
1214 2333 1526 2389 inhonoret.

2193 2054 2451 2112 συνουσία
2491 2053 2589 2124 τῆς
2623 2050 2910 2121 ἁγιότητος
2946 2049 3173 2120 γένηται
3205 2048 3510 2120 μαρτυρία·
3545 2047 3638 2102 καὶ
3693 2048 3783 2102 ἵνα

2192 2149 2222 2200 6
2249 2147 2539 2218 δεχόμενος
2575 2145 2666 2198 τὸν
2705 2143 2911 2216 Ἰησοῦν
2938 2143 3062 2201 τοὺς
3099 2141 3357 2204 συνόντας
3393 2141 3468 2211 μὴ
3507 2141 3777 2210 ἀτιμάσῃ,

2195 2242 2281 2293 ἵνα
2329 2241 2424 2311 μὴ,
2461 2239 2585 2302 τοὺς
2626 2235 2957 2307 δορυφόρους
2999 2233 3094 2286 καὶ¹
3145 2232 3424 2304 ὑπηρέτας
3465 2231 3777 2296 εὐτελίζων,

2197 2331 2358 2386 αὐτὸν
2387 2329 2669 2400 ἀτιμάζων
2701 2324 2733 2368 ³·
2764 2327 2855 2380 τὸν
2893 2325 3134 2379 ϐασιλέα.

1634 2484 1763 2541 CAP.
1797 2485 1885 2543 lll.
1917 2487 2106 2560 Legem
2135 2489 2351 2556 perfecit
2384 2485 2651 2541 Christus.

571 2618 1051 2696 Deniqu'ettantam
1075 2640 1264 2680 curam
1292 2625 1429 2696 legis
1459 2632 1513 2681 et
1541 2625 1934 2696 prophetarum
1961 2625 2085 2681 Salo

2249 2625 2528 2696 Τοσαύτην
2565 2622 2695 2694 γοῦν
2729 2621 3044 2693 ἐπιμέλειαν
3072 2620 3165 2673 τοῦ
3189 2620 3354 2691 νόμου
3383 2621 3477 2674 καὶ
3504 2620 3611 2673 τῶν
3638 2638 3770 2694 προ-

500 2724 657 2770 vator
683 2716 896 2780 habuit,
929 2725 987 2770 ut
1016 2717 1154 2770 nihil
1178 2733 1245 2772 ex
1276 2719 1392 2790 lege
1417 2733 1528 2773 non
1549 2717 1879 2787 perfecerit;
1900 2721 2084 2772 omnia

2190 2719 2364 2790 ρητῶν
2393 2715 2686 2785 πεποίηται
2712 2717 2740 2767 6
2772 2714 2981 2784 Σωτὴρ,
3009 2714 3084 2776 ὡς
3129 2712 3294 2784 μηδὲν
3335 2711 3522 2775 ἀτελὲς
3552 2713 3776 2782 ποιῆσαι

500 2817 681 2862 autem
715 2823 837 2879 qua:
871 2811 1076 2879 scripta
1121 2818 1298 2874 erant,
1327 2810 1647 2878 patraverit,
1679 2811 2080 2880 clamaretque:

2190 2811 2274 2864 τοῦ
2297 2811 2461 2880 νόμου
2483 2826 2495 2838 ·
2524 2807 2699 2861 πάντα
2726 2806 2782 2858 δὲ
2813 2805 2995 2860 ἀνύειν
3021 2805 3090 2858 τά
3114 2805 3494 2876 γεγραμμένα.
3530 2804 3656 2875 βοᾷν
3685 2805 3774 2868 δὲ,

501 2897 628 2954 Non
658 2901 771 2953 veni
799 2901 997 2954 solvere
1023 2901 1207 2969 legem,
1244 2901 1332 2954 sed
1359 2900 1694 2969 adimplere"
1731 2918 1745 2965 ;
1780 2902 2087 2970 ingredere-

2190 2907 2298 2958 Οὐκ
2337 2903 2528 2972 ἦλθον
2569 2900 2907 2954 καταλῦσαι
2946 2899 3053 2952 τὸν
3085 2901 3295 2967 νόμον,
3335 2897 3498 2952 ἀλλὰ
3543 2895 3778 2966 πληρῶ-

500 2996 593 3042 tur
622 2997 803 3043 autem
830 2989 884 3042 in
927 2989 1213 3058 templum,
1245 2995 1299 3042 et
1345 2995 1534 3060 turpes
1567 2987 1694 3043 ‘nde
1733 2987 2088 3041 administra-

2190 3011 2312 3059 σαι,
2349 2995 2573 3048 εἰσιέναι
2602 2993 2657 3045 δὲ
2691 2995 2748 3045 ἐν
2789 2991 2866 3062 τῷ
2900 2991 3048 3063 ἱερῷ,
3087 2993 3182 3045 καὶ
3227 2989 3326 3053 τὰς
3371 2989 3604 3051 ἀτόπους
3634 2990 3780 3040 οἰκο-

502 3082 678 3133 tiones
709 3079 907 3134 domus
939 3077 1033 3133 Dei
1064 3079 1314 3147 ejecerit,
1345 3087 1406 3133 ut
1441 3079 1676 3134 reddens
1719 3080 1942 3134 domum
1988 3096 2086 3150 pu-

2190 3089 2381 3160 νομίας
2408 3087 2646 3154 ἐξωθεῖν,
2683 3087 2788 3147 ἵνα,
2824 3085 2912 3137 τὸν
2946 3079 3092 3135 οἷκον
3123 3082 3360 3153 καθαρὸν
3403 3080 3652 3144 ἀποδοὺς,
3687 3080 3780 3132 πί-

500 3184 642 3232 ram,
674 3185 732 3222 re
766 3169 880 3238 ipsa
916 3168 1234 3238 plenissime
1266 3170 1620 3238 persuaderet
1648 3186 1707 3226 se
1748 3187 1973 3226 suarum
2023 3187 2088 3226 ac

2193 3199 2306 3234 στιν
2341 3178 2742 3252 ἀκριϐεστάτην
2777 3175 2852 3247 τῷ
2909 3174 3193 3246 πράγματι
3240 3173 3514 3245 παράσχῃ,
3566 3173 3642 3234 ὡς
3690 3172 3778 3223 οξ-

499 3273 851 3336 paternarum
903 3267 1570 3334 rerum,procurationem
1617 3267 1922 3336 suspicere.
1962 3266 2089 3321 Cla-

2190 3271 2354 3323 κείων
2398 3269 2492 3323 καὶ
2527 3267 2793 3338 πατρῴων
2826 3265 3218 3336 ἐπιμελόμενος
3259 3264 3618 3336 πραγμάτων.
3665 3264 3782 3334 Boi

499 3367 612 3412 mat
639 3357 784 3412 enim
818 3356 1054 3413 :Domus
1090 3355 1274 3410 Patris
1324 3357 1424 3412 mei
1479 3358 1666 3411 domus
1699 3358 1957 3411 orationis
2000 3374 2089 3411 υο-

2192 3363 2332 3433 γάρ.
2377 3362 2438 3414 νο
2479 3357 2641 3424 οἶκος
2682 3358 2785 3411 τοῦ
2828 3358 3048 3426 Πατρός
3091 3375 3209 3426 μου
3242 3354 3404 3423 οἶκος
3428 3354 3782 3425 προσευχῆς

498 3448 747 3513 cabitur;
789 3465 877 3503 vos
925 3460 1101 3503 autem
1156 3449 1358 3518 fecistis
1399 3464 1516 3503 eam
1556 3447 1861 3516 speluncam
1917 3451 2087 3501 latro-

2193 3451 2592 3519 κληθήσεται·
2639 3447 2808 3517 ὑμεῖς
2865 3446 2933 3526 δὲ
2981 3449 3166 3501 αὑτὸν
3209 3445 3573 3512 πεποιήκατε
3615 3441 3778 3513 σπή-

499 3541 692 3594 ηιιηι¹⁹.
723 3540 787 3594 Ει
821 3541 948 3610 quia
981 3548 1112 3596 sunt
1147 3541 1374 3595 inﬁnitae
1403 3537 1703 3610 Scripturze
1738 3540 1939 3609 quibus
1972 3540 2084 3594 illo-

498 3649 620 3689 rum
656 3634 892 3689 absurda
919 3634 1106 3704 opinio
1133 3635 1389 3705 redargui
1412 3641 1626 3704 potest;
1659 3649 1761 3690 nos
1786 3649 1854 3688 ne
1873 3635 2084 3703 prolixe

498 3723 807 3779 scribentes
829 3724 1030 3778 librum
1057 3726 1113 3778 in
1135 3726 1356 3796 longum
1383 3725 1773 3796 producamus,
1806 3727 2085 3794 permitte-

497 3830 623 3869 mus
654 3815 776 3870 aliis
808 3816 887 3869 uti
921 3816 1218 3871 verborum
1253 3817 1519 3888 analogiis
1564 3837 1576 3872 :
1612 3832 1714 3872 nos
1746 3825 1924 3871 autem
1960 3817 2084 3872 bre-

497 3906 667 3960 vitate
713 3907 819 3972 usi,
867 3907 934 3960 ad
984 3923 1046 3962 ea
1092 3923 1212 3977 qua:
1265 3919 1458 3962 contra
1508 3908 1823 3978 Scripturas
1869 3909 2080 3971 dicunt,

499 4012 808 4066 pergemus.
847 3996 1198 4068 Recipientes
1246 3999 1602 4070 Evangelium
1655 4017 1760 4052 non
1810 4001 2083 4066 recipiunt

497 4088 693 4157 legem,
739 4090 867 4158 quia
917 4107 1026 4144 non
1083 4100 1255 4145 totum
1291 4101 1344 4146 et
1400 4092 1669 4161 integrum
1729 4091 2081 4162 Erangelium

496 4178 812 4249 recipiunt;
846 4183 1048 4253 alioqui
1089 4185 1257 4254 legem
1295 4185 1625 4254 reciperem,
1675 4186 1719 4240 si
1758 4187 2080 4240 universum

496 4273 853 4346 Evangelium
888 4287 1134 4332 tenerent
1162 4298 1174 4332 :
1208 4295 1352 4331 nunc
1377 4287 1558 4333 autem
1591 4279 2080 4349 primocuuponuti

496 4365 875 4438 Evangelium,
895 4382 1261 4426 conserttaucc
1280 4373 1449 4441 legem
1476 4389 1584 4426 non
1618 4374 1910 4442 recipiunt.
1935 4372 2081 4426 Con-

495 4463 795 4516 vincuntur
827 4463 995 4533 igitur
1043 4481 1149 4517 nou
1177 4475 1362 4519 lcucl'c
1393 4468 1585 4536 legem,
1639 4474 1862 4534 propter
1915 4467 2082 4518 latro-

497 4554 701 4610 cinium
733 4556 787 4609 in
820 4555 1134 4626 Evangelio.
1182 4557 1238 4611 Si
1278 4566 1456 4611 autem
1497 4556 1790 4627 Evangelio
1833 4558 2082 4612 testimo-

497 4647 648 4701 nium
673 4649 937 4714 tribuuut,
963 4657 1016 4702 rt
1043 4651 1212 4719 legem
1248 4667 1353 4703 non
1382 4651 1674 4715 honorant,
1704 4653 2078 4708 testimonium

498 4739 836 4794 inbonorant
871 4760 884 4794 :
925 4759 1032 4795 non
1061 4743 1172 4808 jam
1207 4744 1350 4796 enim
1382 4752 1465 4799 est
1503 4745 1606 4797 hoc
1640 4745 1813 4816 legem
1848 4746 2080 4803 inhono-

2185 3550 2360 3600 ,λαιον
2389 3541 2654 3615 λῃστῶν.
2692 3541 2802 3593 Καὶ
2834 3539 3019 3608 ἐπειδὴ
3060 3539 3227 3612 μυρία
3261 3540 3376 3594 ἐστὶ
3421 3538 3578 3606 λόγια
3618 3536 3780 3590 δυνά-

2190 3656 2326 3709 μενα
2350 3638 2618 3690 δυσωπεῖν
2641 3636 2738 3708 τὴν
2767 3637 2968 3690 ἄτοπον
3000 3633 3222 3689 ἐκείνων
3245 3633 3420 3700 δόξαν,
3451 3633 3631 3701 ἡμεῖς,
3689 3631 3780 3684 ἵνα,

2190 3732 2265 3804 μὴ
2298 3732 2478 3800 λόγοις
2516 3730 2726 3784 πλείοσι
2776 3730 3044 3802 χρώμενοι
3086 3731 3164 3792 εἰς
3212 3728 3386 3799 μῆκος
3419 3725 3781 3795 ἐξαγάγωμεν

2185 3826 2276 3878 τὸν
2305 3826 2482 3894 λόγον,
2507 3828 2621 3886 τοῖς
2653 3825 2750 3895 μὲν
2786 3825 2963 3888 ἄλλοις
2995 3822 3373 3894 ἐπιτρέψωμεν
3418 3823 3537 3884 ταῖς
3581 3819 3779 3872 ἀναλο-

2185 3919 2332 3987 γίαις
2375 3919 2482 3971 τῶν
2525 3918 2786 3990 ῥημάτων
2817 3918 3084 3990 χρῆσθαι·
3121 3918 3284 3986 ἡμεῖς
3335 3913 3411 3978 δὲ,
3448 3913 3782 3984 συμμέτρως

2187 4013 2533 4083 χρησόμενοι,
2563 4013 2700 4084 πρὸς
2735 4011 2902 4075 αὑτὰς
2952 4009 3051 4073 τάς
3099 4007 3400 4070 ἀντιθέσεις
3446 4007 3554 4059 τῶν
3582 4006 3780 4074 λογίων

2187 4104 2630 4174 χωρήσωμεν.Τὸ
2649 4103 2978 4173 Εὑαγγέλιον
3006 4101 3463 4176 παραδεχόμενοι,
3493 4099 3584 4153 τὸν
3613 4099 3780 4169 νόμον

2186 4189 2246 4240 οὐ
2284 4189 2710 4261 παραδέχονται·
2753 4191 2872 4244 οὐδὲ
2917 4190 3024 4260 γάρ
3053 4191 3172 4244 οὐδὲ
3209 4189 3500 4262 ὁλόκληρον
3528 4189 3589 4242 τὸ
3621 4189 3780 4257 ἅγιον

2185 4279 2514 4348 Εὐαγγέλιον
2559 4280 2988 4351 παραδέχονται·
3035 4280 3067 4349 ἧ
3103 4279 3212 4351 γὰρ
3244 4278 3310 4332 ἂν
3351 4281 3447 4332 καὶ
3484 4278 3575 4329 τὸν
3611 4277 3780 4348 νόμον

2185 4372 2508 4443 ἐλάμϐανον,
2540 4374 2588 4426 εί
2613 4373 2903 4444 ὁλόκληρον
2932 4373 2993 4425 τὸ
3025 4371 3350 4440 Εὑαγγὲλιον
3380 4369 3648 4440 ἐδέχοντο·
3679 4368 3778 4422 νῦν

2184 4463 2240 4516 δὲ
2274 4463 2487 4533 πρῶτον
2519 4465 2580 4519 τὸ
2603 4464 2934 4533 Εὐαγγέλιον
2985 4463 3425 4534 καπηλεύσαντες
3465 4462 3595 4531 (55),
3633 4461 3778 4514 εἰκό-

2184 4571 2292 4617 τως
2319 4554 2410 4606 τὸν
2439 4556 2600 4624 νόμον
2630 4556 2691 4608 οὐ
2731 4555 3143 4628 παραδέχονται.
3192 4555 3533 4626 Ἐλέγχονται
3565 4549 3658 4606 οὖν
3686 4553 3776 4607 διὰ

2184 4647 2246 4700 τὸ
2283 4647 2699 4718 λελῃστευκέναι
2751 4649 2811 4702 τὸ
2848 4649 3197 4718 Εὑαγγέλιον.
3233 4649 3296 4701 Et
3342 4647 3398 4700 δὲ
3436 4648 3496 4700 τὸ
3525 4645 3771 4713 Εὐαγγέ-

2185 4736 2297 4789 λιον
2331 4739 2618 4808 μαρτυρεῖ,
2660 4739 2754 4792 καὶ
2796 4741 2855 4792 οὐ
2893 4740 3096 4812 τιμῶσι
3134 4740 3222 4793 τὸν
3255 4740 3437 4809 νόμον,
3463 4738 3774 4808 ἡτιμάκασι

495 4846 642 4893 rare,
680 4833 773 4887 sed
798 4834 978 4902 potius
1015 4850 1121 4887 non
1157 4835 1381 4889 credere
1419 4837 1640 4891 testauti
1677 4853 1785 4892 :ac
1827 4840 1871 4894 si
1904 4854 2074 4893 unum

2190 4829 2278 4901 τὴν
2311 4825 2641 4900 μαρτυρίαν·
2671 4831 2854 4885 οὐκέτι
2885 4832 2993 4902 γὰρ
3022 4833 3055 4903 ἡ
3087 4831 3276 4902 ἀτιμία
3313 4829 3407 4884 τοῦ
3438 4832 3624 4899 νόμου,
3654 4827 3771 4881 ἀλλ’

495 4928 715 4997 quidem
753 4929 1106 4999 Evangelium
1145 4939 1459 4995 testaretur,
1497 4935 1646 4989 aliud
1678 4952 1808 4991 vero
1847 4944 2075 5002 taceret,

495 5026 553 5071 et
598 5020 763 5076 unius
800 5027 1012 5074 tantum
1047 5020 1398 5078 dedccoralio
1441 5035 1618 5093 esset;
1671 5042 1780 5082 non
1834 5036 2079 5084 tacerent

495 5108 604 5163 alia
639 5109 948 5182 Evangelia,
975 5127 1096 5183 quae
1125 5113 1600 5172 dedccorationem
1627 5118 1792 5174 unius
1822 5133 2075 5173 commu-

498 5217 621 5257 nem
655 5202 942 5259 ducerent.
1992 5216 2028 5249 ο

572 5468 614 5500 ¹¹
652 5466 788 5524 Luc.
829 5485 946 5535 xvi,
975 5469 1155 5527 28-31.

627 5645 682 5715 2)
726 5643 848 5700 Τῶν
870 5662 1048 5717 προερ.
1075 5647 1252 5719 Verba
1282 5649 1480 5704 desunt
1509 5649 1718 5719 aliquot
1748 5649 1803 5702 in
1831 5648 2072 5714 Graecis;

503 5718 598 5771 sed
623 5732 846 5770 sensum
874 5719 1116 5786 implevit
1143 5718 1448 5774 Turrianus
1479 5718 1702 5786 optime.
1734 5720 1896 5774 BASN.
1941 5761 1957 5782 ,

577 5786 688 5859 (55)
728 5788 959 5859 Κιχπηελ.
990 5787 1068 5841 Illi
1095 5800 1477 5858 cauponantur
1505 5790 1878 5859 Evangelium,
1907 5789 1998 5858 qui
2023 5791 2074 5843 in

502 5855 743 5909 tabulam
787 5854 918 5907 illud
953 5854 1281 5922 vertunt,'et
1327 5860 1565 5930 cogitata
1607 5854 1704 5915 sua
1739 5875 1862 5914 cum
1897 5854 2069 5931 gratia

2181 4926 2214 4992 ἡ
2269 4924 2494 4976 ἀπιστία
2549 4923 2642 4977 τοῦ
2695 4925 3125 4998 μαρτυροῦντος·
3174 4925 3266 4978 καὶ
3318 4926 3366 4977 εί
3411 4924 3507 4995 μὲν
3559 4923 3616 4975 ἒν
3661 4921 3776 4975 τῶν

2182 5016 2533 5084 Εὐαγγελίων
2567 5017 2885 5089 ἐμαρτύρει,
2920 5017 3106 5088 ’ἕτερον
3138 5017 3196 5070 δὲ
3241 5014 3472 5079 ἐσιώπα,
3515 5013 3609 5067 καὶ
3646 5012 3771 5066 καθ’

2182 5111 2302 5174 ἐνὸς
2337 5111 2495 5181 μόνον
2540 5111 2788 5180 ἐγίγνετο
2833 5113 2866 5182 ή
2913 5111 3134 5180 ἀτιμία·
3188 5111 3289 5163 οὐκ
3343 5109 3410 5162 ἂν
3451 5107 3660 5160 ἐσιώπα
3700 5104 3773 5159 τὰ

2180 5204 2316 5257 ἄλλα
2342 5205 2671 5274 Εὐαγγέλια,
2704 5204 2887 5274 κοινὴν
2935 5205 3155 5274 ἀτιμίαν
3197 5203 3295 5273 τὴν
3337 5200 3431 5255 τοῦ
3483 5201 3601 5263 ἐνὸς
3647 5200 3769 5251 άτι-

2184 5297 2313 5367 μίαν
2343 5297 2646 5368 ἡγούμενα.

1236 5473 1279 5504 ³⁸
1317 5471 1507 5528 Matth.
1545 5488 1600 5537 ν,
1640 5471 1726 5526 17.
1806 5473 1848 5506 ⁸⁸
1889 5472 2079 5530 Matth.

2195 5489 2240 5537 I,
2281 5472 2388 5540 l3;
2423 5473 2591 5527 Marc.
2631 5488 2723 5536 xu,
2760 5472 2821 5524 l7
2855 5489 2868 5536 ;
2907 5469 3038 5525 Luc.
3076 5487 3191 5534 nx,
3228 5468 3318 5524 46.

2183 5650 2436 5704 miscent.
2469 5647 2562 5703 Sic
2595 5648 2868 5705 Thcodor.
2914 5647 2957 5702 11
2999 5648 3128 5705 Cor.
3163 5665 3220 5708 li,
3252 5649 3340 5712 l7,
3371 5649 3771 5716 interpretatur

2182 5721 2472 5789 eauponari
2507 5721 2750 5774 verbum.
2787 5719 2957 5776 Tuan.
2985 5751 3053 5759 —
3085 5718 3141 5772 lu
3169 5719 3357 5773 Graeco
3379 5717 3768 5789 καπηλεύσανοι

2185 5787 2296 5854 τες,
2333 5806 2437 5844 vox
2465 5789 2698 5844 deducta
2735 5805 2763 5842 a
2802 5791 3200 5845 mercatoribus
3234 5789 3323 5858 qui
3356 5787 3568 5858 merces
3603 5787 3766 5844 adul-

2181 5868 2360 5916 teraut
2393 5868 2444 5915 et
2482 5865 2836 5928 prostituunt.
2873 5859 3084 5918 Pollux.
3115 5857 3392 5916 Onomast.
3428 5857 3511 5914 In.
