4138 6426
317 352 457 408 1217

1333 346 1700 403 ADVERSUS
1739 347 2159 404 MANICIUEOS
2199 348 2324 404 LIB.
2366 349 2454 405 lll.

3421 345 3567 410 i315

1157 464 1282 518 CAP.
1319 463 1407 519 IV.
1436 464 1545 519 Lex
1569 477 1618 520 et
1645 466 1988 538 Evangelium
2011 465 2074 520 de
2111 465 2323 520 Christo
2366 465 2716 519 consentiunt.

384 588 448 640 Ei
505 583 561 639 δὲ
613 582 834 654 Μάρκος
887 582 1062 650 λέγει·
1128 581 1296 650 Ἀρχὴ
1352 582 1460 636 τοῦ
1521 584 1887 653 Εῠαττελίου

2060 582 2119 636 Si
2154 597 2284 636 vero
2323 580 2540 635 Marcus
2586 581 2702 633 ait:
2735 577 3063 647 Principium
3123 579 3394 653 Evangelii
3429 583 3561 638 Iesu

325 675 522 744 Ἰησοῦ
552 672 830 742 Χριστοῦ,
869 671 1064 736 καθὼς
1099 671 1419 740 γέγραπται
1467 672 1538 725 ἐν
1573 673 1774 739 Ἡσαΐᾳ
1812 672 1893 738 τῷ

314 763 621 835 προφήτῃ·
663 765 692 815 6
741 763 800 816 δὲ
852 763 1160 825 Ματθαῖος·
1200 765 1416 829 Βίϐλος
1456 763 1745 832 γενέσεως
1785 765 1891 832 ’1η-

305 859 430 912 ισοῦ
476 858 755 926 Χριστοῦ,
804 856 937 911 υἱοῦ
988 854 1182 921 Δαόὶδ,
1222 857 1354 910 υἱοῦ
1393 857 1665 926 Ἀϐραάμ·
1724 859 1817 911 καὶ
1863 861 1892 912 6

317 952 414 1020 μὲν
451 949 767 1020 προπάτορα
795 949 892 1018 τῆς
917 947 1055 1000 κατὰ
1100 948 1276 1016 σάρκα
1321 949 1624 1019 γεννήσεως
1652 945 1758 1002 οἵδε
1801 950 1890 1002 τὸν

328 1039 597 1109 Ἀϐραάμ,
633 1039 726 1090 καὶ
774 1038 909 1108 τιμᾷ
963 1037 1051 1089 τὸν
1099 1037 1293 1090 Δαὸίὸ·
1343 1039 1372 1090 6
1422 1038 1480 1090 δὲ
1531 1038 1785 1091 συνάπτει
1831 1041 1892 1092 τὸ

313 1130 642 1199 Εὑαγγέλιον
668 1129 746 1200 τῷ
768 1131 916 1200 νόμῳ
934 1147 950 1158 ·
984 1129 1078 1181 καὶ
1115 1128 1207 1181 τοῦ
1238 1129 1567 1197 Εὑαγγελίου
1601 1131 1772 1200 ἀρχὴν
1801 1131 1891 1183 τὸν

315 1220 479 1292 νόμον
504 1222 755 1292 νενόηκεν
777 1238 790 1250 ·
829 1219 1079 1289 ἀληθεύει
1111 1221 1140 1272 6
1171 1219 1362 1291 Σωτὴρ
1398 1220 1570 1286 λέγων
1591 1236 1604 1249 ·
1646 1222 1706 1272 '0
1735 1219 1889 1290 ὑμᾶς

315 1314 541 1369 ἀθετῶν
576 1313 680 1383 ἐμὲ
722 1313 950 1368 ἀθετεῖ·
993 1312 1172 1364 οὐκέτι
1219 1311 1326 1380 γὰρ
1379 1312 1537 1383 μέχρι
1584 1312 1674 1364 τοῦ
1723 1314 1887 1382 νόμου

317 1406 526 1459 ἵσταται
557 1407 590 1476 ἡ
623 1405 832 1475 ἀτιμία,
875 1403 989 1457 ἀλλ’
1029 1404 1116 1455 ἐπ’
1147 1403 1309 1456 αὐτὸν
1341 1403 1616 1456 ἀναϐαίνει
1665 1404 1754 1457 τὸν
1779 1406 1890 1458 Σω-

315 1497 476 1569 τῆρα.
511 1497 619 1551 Καὶ
646 1498 695 1549 oi
733 1496 829 1566 μὲν
844 1495 1082 1548 Ἰουδαῖοι
1129 1495 1491 1548 ἀκουέτωσαν·
1522 1497 1591 1547 El
1629 1496 1888 1562 Μωσέως

316 1591 584 1658 ἠκούετε,
613 1591 861 1657 ἠκούετε
889 1586 964 1641 ἂν
987 1587 1130 1656 ἐμοῦ
1149 1603 1160 1615 ·
1193 1587 1324 1654 περὶ
1357 1588 1463 1655 γὰρ
1491 1587 1637 1655 ἐμοῦ
1661 1587 1889 1654 ἐκεῖνος

313 1680 575 1748 ἔγραψεν
596 1697 610 1712 ·
644 1681 692 1732 οἱ
720 1679 775 1732 δὲ
809 1680 1093 1748 Μανιχαῖοι
1121 1679 1460 1731 άκουέτωσαν
1482 1695 1494 1708 ·
1541 1681 1611 1731 El
1641 1679 1747 1732 τοῦ
1771 1681 1887 1732 Εὑ-

310 1773 596 1843 αγγελίου
627 1773 892 1840 ἠκούετε,
928 1771 1033 1823 τοῦ
1067 1771 1252 1839 νόμου
1293 1771 1566 1838 ἠκούετε·
1619 1771 1752 1839 περὶ
1779 1773 1888 1840 γὰρ

310 1865 420 1917 τοῦ
451 1864 637 1933 νόμου
665 1864 731 1917 τὸ
761 1861 1126 1932 Εὑαγγέλιον
1160 1860 1565 1932 γεγράφηκεν·
1601 1863 1714 1916 ἀλλ’
1761 1864 1888 1916 Ἰου-

1993 672 2213 737 Christi,
2239 673 2373 725 sicut
2403 672 2658 738 scriptum
2686 677 2762 721 est
2794 670 2846 722 in
2872 667 3021 721 Isaia
3051 670 3352 738 propheta"
3377 690 3392 738 ;
3426 673 3562 728 Mat-

1991 765 2166 818 thaaus
2193 772 2372 817 autem
2415 781 2427 816 :
2472 761 2628 815 Liber
2654 761 3002 831 generationis
3039 759 3167 815 Jesu
3192 762 3413 830 Christi,
3457 765 3561 832 ﬁlii

1991 854 2182 918 David,
2225 855 2326 923 ﬁlii
2380 853 2811 920 Abraham“;et
2841 853 2928 906 hic
2983 855 3200 922 quidem
3246 860 3562 927 progenito-

1991 963 2103 1000 rem
2133 946 2262 1002 Jesu
2289 948 2588 1002 secundum
2626 962 2846 1001 carnem
2886 947 2990 1002 scit
3021 963 3144 1002 esse
3177 949 3472 1012 Abraham,
3504 959 3560 1005 et

1991 1038 2160 1092 David
2211 1039 2472 1103 honorat;
2529 1039 2812 1107 conjungit
2861 1037 3212 1108 Evangelium
3245 1055 3368 1093 cum
3417 1041 3554 1110 lege,

1989 1139 2043 1184 et
2072 1131 2243 1199 legem
2269 1132 2519 1199 cognovit
2544 1145 2666 1185 esse
2705 1131 3034 1199 principium
3070 1131 3382 1203 Evangelii;
3420 1132 3558 1187 fate-

1990 1229 2082 1275 tur
2107 1235 2289 1275 verum
2320 1222 2594 1282 Salvator,
2633 1237 2754 1275 cum
2789 1223 2864 1275 ait
2899 1223 3046 1288 τρυε
3066 1241 3154 1277 vos
3209 1226 3427 1293 spernit,
3476 1241 3560 1280 me

1991 1315 2257 1381 spernit",
2290 1328 2395 1365 non
2426 1313 2568 1365 cuitu
2617 1329 2792 1382 usque
2844 1312 2897 1366 in
2938 1314 3106 1382 legem
3168 1317 3349 1368 evadit
3393 1315 3560 1370 dede-

1991 1421 2109 1467 cus,
2144 1413 2196 1459 et
2227 1406 2298 1459 ibi
2333 1407 2554 1469 residet,
2582 1405 2675 1459 sed
2709 1407 2762 1460 in
2787 1406 2963 1474 ipsum
2984 1405 3322 1460 Salvatorem
3355 1408 3558 1461 redun-

1991 1495 2102 1549 dat.
2135 1496 2213 1549 Ac
2250 1494 2422 1548 Judaei
2477 1497 2694 1564 quidem
2742 1495 2966 1548 audiant
3001 1515 3012 1548 :
3050 1494 3110 1549 Si
3134 1495 3370 1565 Moysen:
3400 1497 3558 1552 audi-

1990 1588 2136 1647 retis,
2171 1586 2426 1640 audiretis
2457 1589 2630 1656 utique
2660 1601 2770 1648 me;
2793 1587 2856 1639 de
2887 1603 2967 1639 me
2997 1587 3135 1639 enim
3157 1588 3368 1654 scripsit
3393 1588 3552 1642 ille".

1989 1679 2273 1732 Manichtei
2332 1693 2452 1732 vero
2501 1676 2852 1732 audiant:Si
2898 1677 3238 1747 Evangelium
3275 1678 3551 1742 audiretis,

1988 1778 2036 1820 et
2070 1767 2231 1836 legem
2261 1765 2551 1830 audiretis;
2581 1766 2644 1820 de
2666 1766 2771 1837 lege
2792 1767 2929 1820 enim
2951 1769 3160 1836 scripsit
3187 1767 3550 1838 Evangelium.

1995 1857 2196 1914 Verum
2215 1856 2388 1913 Judaei
2432 1857 2650 1928 quidem
2693 1858 2812 1913 velo
2855 1860 3030 1912 oculis
3073 1860 3336 1925 adhibito,
3376 1876 3555 1930 neque

308 1949 448 2002 δαίοι
485 1929 602 2020 μὲν,
631 1929 903 2019 κάλυμμα
917 1929 1301 2019 λαμὸάνοντες,
1333 1929 1452 2002 οὐδὲ
1476 1950 1566 2003 τὸν
1597 1952 1760 2024 νόμον
1799 1970 1886 2006 νε-

1990 1952 2160 2022 legem
2188 1951 2592 2013 intellexerunt,
2625 1965 2800 2022 neque
2827 1952 3140 2006 nuntiatum
3189 1961 3550 2023 agnoverunt.

309 2041 592 2111 νοήκασιν,
629 2039 747 2092 οὐδὲ
791 2040 880 2094 τὸν
933 2040 1429 2112 καταγγελλόμενον
1460 2041 1802 2110 ἐπέγνωσαν·
1837 2045 1884 2096 οἱ

303 2130 367 2183 δὲ
402 2131 714 2202 αἱρεσιῶται
739 2131 1047 2203 ὀφθαλμοὺς
1075 2132 1285 2203 ἔχουσιν
1329 2135 1390 2186 οὐ
1426 2133 1739 2204 βλέποντας,
1773 2129 1885 2188 ὦτα

310 2222 526 2292 ἔχουσιν
556 2223 656 2276 οὐκ
686 2223 946 2277 ἀκούοντα
970 2241 984 2255 ·
1019 2224 1108 2277 διὰ
1147 2225 1209 2278 τὸ
1249 2224 1322 2296 μὴ
1363 2226 1683 2296 παρακύῷαι
1713 2229 1790 2291 εἰς
1819 2228 1886 2282 τά

306 2313 638 2382 Ἐὑαγγὲλια,
685 2315 763 2386 τῷ
812 2316 960 2386 νόμῳ
1007 2315 1376 2386 ἐμαχέσαντο·
1422 2317 1527 2371 ἰδοὺ
1557 2317 1664 2389 γὰρ
1705 2320 1734 2372 ὁ
1787 2319 1886 2389 μὲν

322 2404 576 2474 Ἰωάννης
613 2405 742 2478 βοᾷ·
794 2407 1050 2476 Ἐγένετο
1089 2407 1396 2476 ἅνθρωπος
1429 2409 1884 2479 ἀπεσταλμένος

309 2496 473 2562 παρὰ
506 2497 674 2562 Θεοῦ,
716 2497 902 2567 ὄνομα
928 2499 1087 2564 αὐτῷ
1125 2499 1422 2568 Ἰωάννης·
1475 2498 1654 2568 οὗτος
1700 2499 1886 2572 ἦλθεν

306 2589 397 2652 εις
440 2589 789 2657 μαρτυρίαν,
822 2607 919 2644 ινα
946 2592 1301 2661 μαρτυρήσῃ
1343 2594 1476 2662 περὶ
1519 2594 1626 2648 τοῦ
1670 2597 1881 2662 φωτός.

305 2678 433 2733 υἷδε
456 2681 546 2732 τὸν
578 2681 848 2754 μάρτυρα,
884 2683 976 2736 καὶ
1003 2679 1110 2736 οἶδε
1153 2685 1244 2737 τὸν
1277 2685 1716 2757 μαρτυρούμενον
1737 2704 1752 2720 ·
1790 2687 1885 2740 καὶ

304 2773 402 2826 τὸν
435 2773 684 2844 μάρτυρα
724 2773 1061 2846 προγράφει·
1100 2776 1162 2828 '0
1207 2777 1389 2844 νόμος
1435 2775 1533 2829 καὶ
1571 2780 1624 2830 ol
1662 2775 1885 2845 προφῆ-

304 2879 404 2916 ται
421 2863 634 2932 μέχρις
668 2863 954 2919 Ἰωάννου.
995 2863 1203 2918 Οὐκοῦν
1235 2868 1264 2918 6
1300 2867 1549 2938 Ἰωάννης
1596 2869 1880 2938 μαρτυρεῖ,

303 2957 404 3011 καὶ
435 2959 463 3009 6
497 2957 658 3026 νόμος
689 2957 922 3029 μάρτυρ,
957 2959 1050 3011 καὶ
1088 2961 1440 3031 μαρτυρεῖται
1469 2959 1497 3010 ὁ
1523 2959 1703 3029 νόμος.

381 3049 523 3119 Ὅρα
557 3049 740 3119 ἡλίκον
767 3051 1026 3121 άτόπημα
1055 3052 1088 3122 ἡ
1133 3051 1262 3120 περὶ
1296 3051 1392 3114 τὰς
1425 3051 1725 3122 μαρτυρίας
1753 3051 1880 3105 άπι-

302 3141 431 3194 στία
461 3141 686 3212 νομίζει.
719 3141 827 3195 Καὶ
849 3142 1075 3196 τοιαῦτα
1099 3142 1302 3196 τούτων
1326 3141 1732 3213 φθεγξαμένων,
1763 3143 1881 3197 οὐδὲ

1991 2041 2239 2096 Ηιετειὶοἰ
2279 2057 2406 2096 vero
2438 2044 2628 2098 oculos
2664 2043 2866 2098 habent
2907 2060 3104 2112 caseos,
3139 2055 3194 2100 et
3237 2059 3399 2102 aures
3430 2060 3554 2102 sur-

1987 2135 2086 2191 das
2117 2153 2130 2188 :
2167 2135 2295 2206 quia
2324 2151 2432 2190 non
2463 2137 2849 2206 introspiciunt
2882 2139 2935 2192 in
2965 2137 3342 2208 Evangelium,
3378 2141 3552 2210 legem

1987 2237 2458 2298 Oppugnaverunt.
2495 2227 2734 2284 Joannes
2769 2230 2912 2284 enim
2949 2229 3150 2284 clamat
3181 2249 3194 2286 :
3227 2228 3355 2284 Fuit
3399 2231 3553 2284 homo

1986 2319 2181 2373 missus
2213 2336 2246 2373 a
2281 2319 2410 2385 Deo,
2443 2321 2530 2373 cui
2551 2337 2738 2375 nomen
2762 2319 3126 2378 erat'Joannes
3159 2337 3178 2375 :
3200 2321 3294 2394 hic
3333 2323 3468 2376 venit
3499 2325 3558 2377 in

1988 2414 2360 2480 testimonium,
2390 2422 2447 2466 ut
2477 2416 2834 2468 testimonium
2864 2414 3153 2485 perhiberet
3174 2415 3238 2469 de
3285 2413 3549 2468 lumine“.

1985 2504 2253 2576 Cognovit
2313 2512 2528 2572 testem,
2575 2514 2629 2562 et
2683 2507 2939 2577 cognovit
2981 2508 3050 2562 de
3085 2522 3194 2578 quo
3241 2513 3360 2561 erat
3401 2507 3556 2561 testi-

1987 2597 2253 2662 monium,
2277 2603 2332 2651 et
2358 2606 2550 2653 testem
2575 2599 2876 2669 praescribit
2912 2599 3162 2670 inquiens
3197 2617 3211 2653 :
3243 2597 3352 2652 Lex
3368 2609 3418 2652 et
3431 2612 3556 2667 pro-

1981 2687 2148 2756 pheto:
2173 2705 2333 2759 usque
2363 2689 2432 2742 ad
2455 2688 2785 2744 Joannem".
2816 2689 3053 2747 Joannes
3085 2692 3250 2762 igitur
3282 2698 3512 2747 testatur
3531 2729 3554 2758 ,

1982 2785 2036 2834 et
2065 2779 2152 2834 lex
2189 2782 2347 2837 testis
2380 2791 2463 2837 est
2487 2824 2501 2846 ,
2537 2791 2590 2837 et
2616 2784 2987 2838 testimonium
3010 2785 3114 2855 legi
3137 2783 3480 2855 perhibetur.

2061 3049 2219 3117 Vide,
2251 3064 2361 3104 non
2391 3049 2614 3106 credere
2649 3050 3000 3114 testimoniis,
3029 3057 3292 3120 quantum
3326 3049 3553 3106 absurdi

1980 3144 2192 3199 ail'erat.
2229 3141 2405 3213 Atque
2439 3144 2492 3196 hi
2526 3142 2744 3213 quidem
2770 3156 2892 3196 cum
2921 3141 3050 3196 talia
3085 3141 3346 3206 dixerint,
3376 3157 3555 3212 neque

299 3237 330 3287 6
359 3234 576 3296 Λουκᾶς
611 3235 818 3303 σιωπᾷ·
849 3235 981 3304 φησὶ
1026 3233 1136 3305 γὰρ
1180 3234 1280 3303 τὴν
1328 3233 1494 3305 αὐτὴν
1537 3235 1718 3304 φωνὴν
1747 3234 1878 3305 (54),

1983 3235 2160 3290 Lucas
2199 3235 2354 3301 silet;
2398 3234 2588 3288 eadem
2637 3233 2784 3288 enim
2820 3247 2952 3287 voce
2990 3248 3124 3288 usus
3173 3240 3280 3297 est,
3323 3239 3378 3286 et
3427 3234 3553 3288 aliis

298 3324 398 3376 καὶ
427 3321 637 3393 συνῳδὰ
662 3326 773 3386 τοῖς
802 3323 979 3387 ἄλλοις
1008 3324 1322 3394 φθέγγεται,
1354 3327 1447 3379 καὶ
1473 3325 1757 3395 διηγεῖται,
1797 3326 1880 3378 ὅτι

299 3415 429 3486 ἄρτι
463 3413 560 3484 μὲν
583 3415 613 3466 6
641 3414 876 3486 Γαϐριὴλ
902 3419 968 3486 τῇ
1003 3416 1191 3487 Μαρίᾳ
1225 3416 1410 3485 φανεὶς
1451 3416 1601 3485 ἠφίει
1633 3417 1880 3488 οὐράνιον

300 3505 621 3577 ἀσπασμὸν,
648 3505 818 3575 λέγων
839 3523 851 3536 ·
886 3507 1078 3575 Xaipe,
1114 3508 1570 3577 κεχαριτωμένη,
1601 3511 1634 3562 ό
1668 3511 1880 3577 Κύριος

294 3596 454 3667 μετὰ
477 3597 593 3653 σοῦ
611 3611 625 3627 ·
660 3599 740 3664 ὡς
771 3598 839 3651 δὲ
874 3598 1072 3666 ἐκείνη
1113 3599 1210 3652 ἐπὶ
1243 3599 1323 3664 τῷ
1347 3599 1504 3669 λόγῳ
1535 3601 1880 3668 ἐταράττετο

298 3689 405 3744 καὶ
431 3689 783 3760 διελογίζετο
813 3691 881 3744 ἐν
929 3691 1114 3759 ἑαυτῇ
1165 3693 1451 3761 λέγουσα,
1487 3693 1754 3760 ποταπὸς
1785 3695 1878 3762 εἴη

298 3785 334 3834 ὁ
371 3780 700 3850 ἀσπασμὸς
735 3778 942 3848 οὗτος·
977 3781 1181 3852 ἔλεγε·
1215 3783 1310 3850 Μὴ
1359 3784 1564 3852 φοϐοῦ,
1603 3785 1873 3854 Μαριάμ·

293 3868 478 3940 εὗρες
519 3872 631 3941 γάρ
674 3873 850 3943 χάριν
895 3874 1149 3928 ἐνώπιον
1203 3875 1310 3928 τοῦ
1368 3877 1548 3930 Θεοῦ·
1605 3878 1704 3932 καὶ
1750 3878 1879 3934 ὶδοὺ

295 3961 608 4031 συλλήψῃ
640 3964 710 4017 ἐν
737 3964 970 4033 γαστρὶ,
1027 3964 1128 4018 καὶ
1170 3964 1312 4035 τέξῃ
1347 3965 1512 4031 υἱὸν,
1556 3967 1656 4021 καὶ
1706 3967 1882 4022 καλέ-

294 4068 436 4120 σεις
457 4054 524 4106 τὸ
557 4053 745 4124 ὄνομα
777 4056 962 4110 αὐτοῦ
989 4057 1240 4124 Ἰησοῦν.
1267 4053 1452 4124 Οὗτος
1478 4059 1648 4113 ἔσται
1671 4059 1876 4130 μέγας,

292 4148 400 4202 καὶ
443 4147 572 4213 Υἱὸς
611 4148 894 4216 Ὑψίστου
926 4147 1321 4217 κληθήσεται·
1363 4151 1461 4203 καὶ
1499 4151 1675 4205 δώσει
1719 4152 1876 4218 αὐτῷ

291 4242 518 4307 Κύριος
541 4237 648 4291 τὸν
679 4240 896 4307 θρόνον
925 4240 1104 4292 Δαϐὶδ
1130 4240 1238 4294 τοῦ
1275 4242 1496 4308 πατρὸς
1532 4241 1748 4295 αὑτοῦ·
1780 4243 1879 4296 καὶ

287 4329 662 4395 ,ϐασιλεύσει
691 4332 778 4396 εις
807 4330 951 4396 τοὺς
997 4331 1242 4398 αἰῶνας·
1297 4333 1395 4386 καὶ
1422 4331 1530 4399 τῆς
1559 4334 1880 4400 ,βασιλείας

289 4419 490 4476 αὑτοῦ
539 4423 649 4474 οὐκ
687 4420 859 4475 ἔσται
912 4422 1105 4489 τέλος.
1151 4424 1262 4477 Καὶ
1305 4426 1531 4494 τιμᾶται
1567 4426 1750 4491 Δαϐὶδ,
1789 4427 1882 4478 καὶ

290 4513 484 4584 πατὴρ
516 4513 854 4582 ὁμολογεῖται
891 4515 1160 4586 Σωτῆρος,
1210 4516 1305 4569 καὶ
1352 4518 1500 4588 μένει
1531 4521 1563 4590 ή
1595 4519 1755 4592 ἀρχὴ,
1787 4520 1882 4572 καὶ

1981 3327 2328 3399 evangelistis
2358 3339 2602 3382 consona
2644 3325 2886 3395 loquitur
2913 3332 3229 3397 narratque,
3263 3324 3408 3394 quod
3443 3323 3552 3378 Ga-

1978 3421 2114 3476 briel
2157 3419 2375 3491 quidem
2407 3418 2658 3488 apparuit
2686 3417 2886 3481 Mariae,
2923 3426 2977 3473 et
3022 3419 3300 3472 cmlestem
3344 3417 3550 3470 saluta-

1979 3512 2180 3567 tionem
2203 3511 2253 3566 ei
2287 3510 2494 3573 attulit,
2522 3510 2777 3579 inquiens
2805 3529 2819 3563 :
2848 3509 2971 3572 Ave,
3008 3509 3186 3579 gratia
3215 3507 3390 3576 plena,
3445 3506 3550 3561 Do-

1978 3605 2151 3658 minus
2181 3612 2368 3657 tecum.
2411 3599 2542 3667 Qua:
2573 3617 2689 3654 cum
2719 3600 2976 3666 audisset,
3010 3600 3225 3654 turbata
3250 3608 3326 3654 est
3351 3600 3402 3652 in
3433 3615 3549 3654 ser-

1979 3709 2132 3749 mone
2161 3694 2298 3763 ejus,
2349 3701 2398 3747 et
2425 3692 2713 3762 cogitabat,
2755 3691 2927 3762 qualis
2963 3701 3096 3745 esset
3124 3693 3229 3745 ista
3265 3689 3544 3744 salutatio.

1981 3785 2049 3839 Et
2076 3787 2152 3840 ait
2185 3784 2398 3856 angelus
2419 3786 2466 3839 ei
2490 3801 2507 3839 :
2535 3781 2616 3838 Ne
2664 3774 2871 3849 timeas,
2930 3781 3129 3845 Maria,
3152 3783 3392 3836 invenisti
3410 3782 3552 3835 enim

1979 3876 2209 3946 gratiam
2237 3874 2374 3944 apud
2401 3873 2566 3928 Deum
2598 3889 2615 3927 :
2641 3889 2755 3927 ecce
2783 3873 3040 3938 concipies
3077 3872 3132 3927 in
3151 3881 3322 3936 utero,
3371 3881 3420 3925 et
3449 3887 3546 3940 ραι

1979 3969 2082 4022 ries
2104 3967 2298 4037 filium,
2335 3975 2382 4021 et
2422 3965 2628 4020 vocabis
2675 3981 2860 4019 nomen
2899 3965 3012 4033 ejus
3064 3961 3270 4018 Iesum.
3299 3962 3402 4016 Hic
3447 3964 3554 4017 erit

1981 4075 2224 4129 magnus,
2263 4067 2312 4112 et
2345 4055 2520 4110 Filius
2554 4055 2817 4109 Altissimi
2857 4054 3126 4108 vocabitur
3155 4071 3173 4107 :
3199 4061 3250 4107 et
3281 4052 3425 4106 dabit
3464 4052 3552 4107 illi

1979 4148 2240 4203 Dominus
2294 4147 2467 4201 sedem
2499 4145 2671 4199 David
2713 4146 2881 4214 patris
2915 4146 3029 4213 ejus
3061 4159 3078 4196 :
3108 4153 3157 4197 et
3205 4143 3442 4212 regnabit
3492 4144 3551 4196 in

1979 4241 2134 4294 domo
2155 4237 2318 4292 Jacob
2359 4239 2412 4291 in
2442 4247 2726 4291 a'ternum:
2751 4244 2798 4290 et
2814 4235 2957 4305 regni
2985 4235 3099 4304 ejus
3117 4250 3219 4288 non
3233 4236 3331 4288 erit
3351 4235 3555 4303 ﬁnis".

1981 4330 2291 4385 Honoratur
2322 4327 2512 4392 David,
2549 4335 2604 4382 et
2627 4337 2780 4396 pater
2809 4327 2929 4396 ejus
2958 4341 3081 4381 esse
3118 4325 3460 4387 conceditur,
3489 4333 3547 4379 et

1982 4430 2092 4478 stat
2148 4437 2212 4476 ac
2266 4419 2429 4474 durat
2469 4419 2810 4490 principatus
2864 4417 3006 4487 ejus,
3045 4416 3389 4486 traditurque
3439 4413 3549 4468 Do.-

1983 4513 2154 4577 mino,
2179 4521 2233 4566 et
2284 4510 2446 4565 linem
2493 4525 2604 4565 non
2644 4509 2830 4574 habet,
2875 4507 3033 4577 cujus
3073 4507 3240 4579 gloria
3287 4515 3547 4576 perpetua

291 4604 657 4676 παραδίδοται
694 4605 771 4676 τῷ
805 4606 1022 4676 Κυρίῳ,
1068 4607 1162 4660 καὶ
1206 4608 1357 4672 τέλος
1400 4610 1459 4662 οὐ
1509 4609 1739 4680 δέχεται,
1779 4612 1877 4681 τῆς

1983 4614 2082 4662 εει.
2114 4606 2292 4674 Atque
2342 4604 2457 4658 haec
2506 4602 2724 4674 quidem
2761 4607 2890 4657 sunt
2931 4601 3198 4671 principia
3229 4596 3548 4669 Evangelia-

289 4699 476 4769 ἀρχῆς
513 4699 570 4749 ὲν
612 4696 690 4767 τῷ
731 4696 1068 4768 ἀτελευτήτῳ
1107 4701 1524 4772 σεμνυνομένης.
1561 4702 1672 4755 Καὶ
1705 4701 1874 4756 ταῦτα

1976 4714 2096 4752 rum
2132 4717 2145 4753 :
2181 4698 2467 4769 oportebat
2497 4697 2664 4762 enim,
2712 4701 2769 4749 ut
2800 4711 2866 4750 ex
2904 4693 3190 4764 principiis
3237 4705 3551 4748 sermonem

293 4789 397 4860 μὲν
431 4789 488 4840 αἱ
521 4785 628 4839 τῶν
670 4787 1012 4856 Εὑαγγελίων
1054 4791 1256 4860 ἀρχαί·
1299 4791 1404 4843 ἔδει
1439 4792 1546 4863 γὰρ
1586 4795 1734 4863 ἡμᾶς
1770 4795 1878 4847 ἀπὸ

1983 4795 2306 4843 teneremus.
2337 4785 2467 4841 Post
2495 4800 2640 4856 quae,
2687 4783 2781 4854 qui
2820 4798 2960 4854 pone
3009 4782 3310 4852 gradiatur,
3350 4795 3546 4834 conse-

287 4880 406 4933 τῶν
457 4877 638 4949 ἀρχῶν
682 4879 772 4932 τὸν
802 4879 957 4948 λόγον
992 4881 1210 4949 ὑφᾶναι,
1246 4882 1312 4934 ἶν’
1346 4881 1507 4948 οὕτω,
1537 4885 1764 4937 κατόπιν
1797 4902 1880 4947 τις

293 4969 534 5042 βαδίζων
561 4971 652 5023 τοῦ
685 4971 863 5039 λόγου,
900 4973 993 5026 καὶ
1030 4974 1126 5044 τὴν
1157 4974 1476 5029 ἀκολουθίαν
1523 4975 1616 5028 καὶ
1650 4976 1748 5046 τὴν
1781 4977 1878 5048 άρ-

297 5067 496 5137 μονίαν
545 5065 651 5119 τῶν
703 5065 873 5135 λόγων
918 5069 1152 5137 κατανοῇ
1200 5067 1260 5132 ἐξ
1301 5067 1436 5120 ὅλων
1481 5067 1591 5121 τῶν
1630 5069 1875 5138 Εὐάγγε-

293 5159 457 5214 λίων.

382 5251 603 5323 Ἐπειδὴ
633 5252 690 5305 δὲ
722 5252 815 5306 καὶ
854 5255 888 5324 ἡ
925 5253 1254 5324 άποστολικὴ
1286 5254 1528 5308 διακονία
1555 5255 1875 5326 χαρακτῆρα

297 5343 468 5408 σώζει
497 5345 878 5414 εὐαγγελικὸν,
909 5347 1002 5400 καὶ
1033 5348 1061 5399 ὁ
1093 5346 1304 5410 Παῦλος
1338 5343 1466 5413 οἶδε,
1501 5349 1594 5400 καὶ
1621 5349 1722 5418 τὴν
1757 5348 1874 5402 δια-

374 5498 424 5570 ’ξ
464 5497 632 5554 Marc.
660 5514 714 5570 ι.
750 5502 800 5554 l.
876 5503 920 5537 ³¹
961 5501 1150 5558 Matth.
1185 5517 1236 5568 ι,
1278 5503 1329 5557 l.
1403 5504 1448 5535 ²¹
1486 5500 1618 5557 Luc.
1655 5518 1724 5570 ι,
1765 5501 1849 5556 l6.

297 5571 348 5603 “
391 5567 528 5624 Luc.
565 5586 616 5636 ι,
650 5568 838 5626 28.53.

1979 4881 2252 4935 cntionem
2303 4887 2358 4932 et
2408 4885 2734 4932 concentum
2791 4890 3104 4931 sermonum
3161 4889 3226 4929 ex
3275 4872 3553 4928 universis

1981 4969 2289 5041 Evangeliis
2313 4969 2600 5038 intelligat.

2047 5257 2184 5324 Quia
2217 5271 2343 5312 vero
2381 5257 2545 5311 etiam
2583 5257 2816 5326 apostoli
2863 5256 3098 5310 ministri
3131 5253 3406 5324 Evangelii
3443 5261 3551 5322 sty-

1976 5350 2086 5404 lum
2130 5350 2500 5420 evangeliorum
2539 5357 2782 5415 servant,
2827 5359 2882 5404 et
2923 5347 3126 5404 Paulus
3170 5361 3387 5417 quoque
3420 5359 3549 5400 eum

1929 5503 1974 5536 ’³
2009 5501 2168 5560 Joan.
2206 5521 2259 5569 v,
2296 5503 2386 5560 46.
2463 5506 2510 5538 ³⁸
2544 5497 2702 5560 Joan.
2738 5520 2790 5566 ι,
2823 5501 2876 5568 6,
2912 5503 2960 5556 7.
3037 5503 3083 5534 ’⁸
3121 5500 3254 5557 Luc.
3291 5516 3418 5565 xvn,
3454 5496 3555 5554 16..

375 5687 491 5757 (δι)
538 5691 654 5763 [τὴν
678 5691 872 5760 αὐτὴν
889 5691 1117 5760 φωνήν.
1155 5691 1356 5748 Eadem
1385 5706 1532 5759 voce,
1564 5691 1737 5762 patris
1797 5689 1897 5747 scil

1983 5697 2026 5760 :t,
2084 5690 2214 5763 quia
2278 5688 2448 5745 David
2481 5697 2690 5760 patrem
2719 5684 2926 5742 Christi
2963 5683 3179 5740 vocavit
3231 5680 3375 5742 sicut
3408 5675 3560 5734 Μαι»

299 5761 501 5814 timus.
541 5760 712 5817 Tuan.
