4138 6470
541 348 681 406 1219

1661 348 1796 404 TITI
1834 346 2264 405 BOSTRENSIS
2303 345 2607 403 EPISCOPI

3655 346 3796 405 1220

538 469 715 533 novit,
749 475 800 522 et
832 467 1191 523 ministerium
1239 469 1556 539 passionum
1597 484 1821 523 suarum
1863 469 1916 523 in
1954 478 2098 539 parte

2212 469 2395 521 κονίαν
2423 465 2613 522 ἑαυτοῦ
2647 463 2755 518 τῶν
2782 466 3120 537 παθημάτων
3163 466 3221 517 ὲν
3262 464 3419 537 μέρει
3455 463 3793 534 Εὐαγγελίου

537 557 815 630 Evangelii
840 559 1062 614 metitur
1079 561 1159 627 ’7;
1212 562 1293 614 ait
1321 561 1465 615 enim
1496 580 1509 615 :
1545 561 1840 616 Secundum
1879 561 2115 633 Evange-

537 651 670 706 lium
687 666 858 706 meum
883 665 974 718 per
1005 649 1186 705 Jesum
1217 650 1560 718 Christum",
1603 669 1705 709 nos
1749 670 1926 725 neque
1964 660 2115 724 priu-

533 749 680 818 cipia
709 748 956 818 Apostoli
1003 751 1484 817 praetermittemus
1516 770 1530 804 :
1564 752 1837 820 quin-illa
1873 767 2114 808 comme-

533 854 812 895 moremus
843 847 903 895 ut
928 855 1121 896 omnes
1140 839 1470 911 Scripturas,
1492 851 1545 896 et
1565 843 1827 914 principia
1861 844 2111 915 Scriptu-

530 944 718 983 rarum
772 939 1173 999 percurrentes,
1214 948 1320 987 una
1368 948 1557 986 eorum
1615 948 1747 989 voce
1788 935 1958 1005 legem
1996 936 2112 992 dis-

532 1035 849 1087 pensemus.
897 1020 1159 1077 Scribens
1192 1023 1357 1093 igitur
1384 1022 1626 1079 Hebraeis
1661 1026 1741 1080 sic
1776 1026 1853 1079 ait
1890 1046 1903 1081 :
1934 1027 2116 1082 Multi-

533 1111 733 1181 fariam
766 1113 1046 1184 multisque
1082 1114 1250 1167 modis
1279 1115 1406 1168 olim
1453 1115 1590 1170 Deus
1628 1117 1842 1188 loquens
1867 1120 2108 1189 patribus

532 1202 589 1255 in
606 1202 892 1270 prophetis,
918 1205 1192 1258 novissime
1222 1204 1409 1260 diebus
1450 1208 1568 1262 istis
1597 1208 1802 1264 locutus
1841 1218 1920 1265 est
1959 1211 2110 1266 nobis

532 1291 587 1344 in
616 1290 779 1353 Filio,
806 1310 956 1363 quem
996 1296 1266 1349 constituit
1306 1296 1562 1352 Iurredem
1605 1300 1988 1365 universorum,
2019 1318 2112 1371 per

482 1368 489 1379 ’
531 1398 682 1451 quem
714 1394 764 1438 et
784 1385 980 1439 swcula
1012 1386 1203 1455 fecit”.
1241 1387 1355 1444 Hoc
1386 1390 1588 1445 inloco
1615 1390 1830 1448 Patrem
1859 1392 1985 1448 Filii
2012 1368 2108 1450 co-

532 1477 738 1544 gnovit.
802 1488 855 1531 et
895 1477 1105 1534 Patrem
1145 1479 1266 1535 Filii
1303 1498 1665 1554 cognoscens,
1720 1502 1830 1541 non
1875 1489 2111 1557 partitur

532 1582 669 1631 rem,
699 1584 807 1624 non
844 1578 987 1625 tacet
1018 1572 1085 1627 de
1113 1575 1376 1645 antiquis,
1422 1593 1530 1630 non
1559 1579 1785 1633 ascribit
1810 1579 1948 1635 alios
1989 1595 2112 1650 pro-

529 1658 743 1727 phetas,
795 1662 890 1718 sed
945 1662 1110 1721 Deum
1165 1666 1577 1736 prophetarum,
1613 1677 1666 1723 et
1707 1667 1923 1724 Patrem
1957 1669 2104 1727 Filii.

527 1746 731 1805 Paulus
766 1767 873 1804 non
904 1753 1137 1822 partitus
1167 1762 1275 1821 est,
1308 1772 1487 1827 neque
1528 1758 1748 1826 divisit;
1784 1760 1895 1814 imo
1931 1768 2106 1815 totum

2217 563 2435 631 μετρεῖ·
2493 560 2626 631 φησι
2664 559 2791 631 γάρ’
2839 557 2999 612 Κατὰ
3042 556 3109 612 τὸ
3151 556 3521 628 Εὑαγγέλιόν
3548 574 3668 627 μου
3696 556 3795 611 διὰ

2226 651 2420 719 Ἰησοῦ
2459 649 2715 719 Χριστοῦ
2736 665 2749 678 ·
2788 649 2946 718 ἡμεῖς
2980 647 3112 720 μηδὲ
3149 646 3246 712 τὰς
3291 648 3466 720 ἀρχὰς
3496 646 3589 703 τοῦ
3629 646 3794 703 Ἀπο-

2214 743 2400 797 στόλου
2439 741 2861 815 παραλείψωμεν
2883 781 2898 805 ,
2952 740 3088 794 ἀλλὰ
3136 741 3404 796 κάκείνων
3444 743 3525 806 είς
3572 744 3794 815 μνήμην

2213 833 2486 905 ἔλθωμεν,
2533 834 2642 896 ἵνα,
2685 833 2861 897 πάσας
2903 832 3000 894 τὰς
3045 833 3266 905 Γραφάς
3310 834 3404 888 καὶ
3450 834 3625 906 ἀρχὰς
3683 836 3794 889 τῶν

2210 925 2442 998 Γραφῶν
2467 926 2844 997 παρελθόντες,
2888 928 2953 996 τῇ
3002 926 3280 999 ὁμοφωνίᾳ
3322 926 3417 981 τοῦ
3451 928 3616 998 νόμου
3650 930 3795 983 οἰκο-

2210 1017 2555 1087 νομήσωμεν.
2584 1016 2814 1087 Γράφων
2859 1016 2956 1087 μὲν
3003 1018 3113 1080 τοῖς
3154 1016 3446 1087 Ἑϐραίοις,
3488 1017 3661 1081 οὕτως
3704 1017 3793 1070 λέ·-

2210 1123 2324 1174 γει·
2369 1107 2726 1176 Πολυμερῶς
2772 1109 2871 1162 καὶ
2912 1110 3304 1177 πολυτρόπως
3341 1108 3528 1163 πάλαι
3569 1113 3601 1163 ό
3646 1110 3792 1176 Θεὸς

2209 1197 2492 1265 λαλήσας
2528 1199 2652 1265 τοῖς
2685 1199 2981 1268 πατράσιν
3012 1199 3083 1252 ἐν
3121 1199 3246 1265 τοῖς
3292 1200 3645 1269 προφήταις,
3694 1200 3789 1254 ἐπ’

2208 1290 2481 1359 ἐσχάτων
2508 1291 2628 1345 τῶν
2667 1293 2901 1362 ἡμερῶν
2941 1294 3165 1347 τούτων
3202 1292 3507 1362 ἐλάλησεν
3541 1293 3687 1363 ἡμῖν
3718 1295 3792 1348 ἐν

2217 1380 2347 1446 Υιῷ,
2383 1381 2455 1435 ὃν
2485 1382 2662 1451 ἔθηκε
2693 1387 3069 1453 κληρονόμον
3118 1384 3378 1448 πάντων,
3442 1383 3517 1436 δι’
3567 1380 3639 1439 οὗ
3688 1384 3791 1438 καὶ

2207 1471 2457 1540 ἐποίησε
2484 1475 2624 1539 τοὺς
2655 1473 2875 1541 αἰῶνας
2893 1492 2906 1505 ·
2945 1474 3176 1529 ἐνταῦθα
3209 1475 3427 1547 Πατέρα
3451 1471 3590 1529 οἶδεν
3617 1475 3747 1528 Υἱοῦ
3770 1491 3785 1506 ·

2210 1571 2302 1622 καὶ
2338 1568 2558 1640 Πατέρα
2604 1570 2962 1640 ἐπιστάμενος
3014 1569 3158 1633 Υίοῦ,
3186 1569 3246 1622 οὐ
3287 1569 3496 1641 μερίζει
3540 1568 3600 1622 τὸ
3646 1572 3790 1641 πρᾶο

2207 1677 2342 1730 γμα,
2375 1659 2436 1712 οὐ
2470 1661 2650 1730 σιωπᾷ
2688 1661 2813 1731 περὶ
2849 1660 2956 1713 τῶν
2986 1660 3248 1725 παλαιῶν,
3278 1660 3337 1714 οὐ
3368 1661 3652 1732 προφήτας
3678 1663 3791 1714 ἐτέο

2212 1767 2334 1821 ρους
2365 1752 2726 1823 προσγράφει,
2769 1751 2902 1805 ἀλλά
2936 1751 3410 1823 Θεὸνπροιρητῶν,
3443 1753 3536 1807 καὶ
3566 1754 3787 1825 Πατέρα

527 1841 808 1910 praedicat,
824 1843 975 1896 illum
1010 1845 1229 1914 quidem
1253 1861 1283 1901 a
1318 1848 1596 1919 prophetis
1617 1851 1926 1917 adoratum,
1949 1852 2094 1908 hunc

2205 1841 2334 1895 Υἱοῦ
2356 1859 2372 1875 ⁶
2406 1845 2500 1897 καὶ
2538 1845 2566 1897 6
2597 1844 2694 1914 μὲν
2726 1842 2937 1908 Παῦλος
2974 1845 3033 1897 οὐ
3069 1844 3384 1915 μεμέρικεν,
3413 1843 3534 1897 οὔτε
3567 1845 3783 1929 διεῖλεν,

525 1950 658 1989 vero
688 1943 844 2004 partu
876 1936 1117 2004 editum;
1164 1945 1327 2009 atque
1388 1940 1553 2011 hujus
1591 1942 1813 2012 quidem
1855 1944 2094 2013 Patrem,

526 2026 622 2096 qui
653 2026 775 2083 illos
807 2027 997 2084 habuit
1046 2030 1387 2097 adoratores,
1412 2040 1467 2088 et
1511 2034 1617 2089 sibi
1663 2038 1958 2107 supplices.
1999 2039 2100 2096 Cui

525 2119 671 2175 enim
705 2122 981 2190 supplices
1004 2130 1133 2178 sunt
1162 2124 1240 2178 illi
1268 2127 1565 2196 prophetae,
1603 2129 1768 2198 hujus
1809 2129 1980 2188 Filius
2018 2143 2101 2189 est

525 2210 799 2268 Christus.
836 2211 893 2267 Si
921 2224 1101 2270 autem
1128 2214 1328 2271 Filium
1366 2219 1628 2287 honoras,
1681 2237 1777 2278 eos
1823 2239 1955 2279 vero
2004 2227 2100 2297 qui

524 2302 675 2358 Patri
693 2305 1023 2375 supplicant,
1043 2323 1276 2364 accusas
1296 2323 1350 2365 et
1365 2313 1629 2368 conviciis
1661 2315 1975 2382 insectaris,
2001 2333 2098 2374 ore

521 2392 686 2450 ell‘ers
722 2411 843 2465 quae
867 2397 949 2452 vis
988 2415 1002 2451 :
1032 2409 1322 2455 succenset
1340 2397 1546 2466 Filius;
1589 2417 1698 2456 non
1731 2403 1933 2471 patitur
1958 2420 2098 2459 con-

519 2488 751 2545 tumelia
783 2487 996 2545 Patrem
1027 2488 1179 2548 allici.
1241 2489 1298 2545 Si
1332 2492 1481 2548 enim
1512 2491 1675 2549 Pater
1707 2492 1830 2549 Filii
1863 2495 2099 2553 inhono-

526 2580 794 2635 ratiouem
824 2595 978 2635 suam
1008 2580 1180 2645 ducit,
1231 2590 1437 2651 quanto
1473 2584 1644 2655 magis
1692 2583 1864 2641 Filius
1902 2595 2099 2643 contu-

524 2672 737 2727 meliam
768 2672 948 2728 Patris
970 2674 1233 2729 vilitatem
1267 2689 1423 2733 suam
1453 2690 1575 2732 esse
1603 2677 1917 2747 reputabit?

2202 1933 2317 1987 ἀλλ’
2369 1933 2467 1988 ἕνα
2513 1934 2545 2005 ἢ
2590 1932 2681 1987 τὸν
2725 1934 2885 1989 αὑτὸν
2943 1933 3221 2006 κηρύττει,
3275 1934 3366 1987 (π’
3412 1935 3634 1988 ἐκείνων
3684 1936 3784 2007 μὲν

2203 2024 2665 2098 προσκυνηθέντα,
2716 2025 2902 2079 τοῦτον
2950 2026 3007 2080 δὲ
3055 2025 3423 2081 τεκνωθέντα’
3458 2027 3549 2080 καὶ
3591 2027 3784 2081 τούτου

2205 2119 2304 2191 μὲν
2326 2120 2639 2190 γεννήτορα,
2669 2118 2895 2181 ἐκείνοις
2920 2118 2977 2170 δὲ
2999 2121 3399 2190 προσκυνηταῖς
3423 2119 3518 2172 καὶ
3543 2118 3786 2185 οἰκέταις

2202 2210 2576 2282 χρησάμενον
2610 2200 2672 2265 οὗ
2704 2209 2812 2280 γάρ
2841 2211 2975 2262 εἰσιν
3011 2210 3215 2263 οἰκέται
3240 2211 3289 2263 οἱ
3317 2210 3628 2281 προφῆται,
3656 2212 3782 2264 τού-

2203 2319 2296 2355 του
2328 2302 2477 2355 ἐστὶν
2498 2301 2624 2366 Υἱὸς
2646 2302 2674 2354 6
2712 2300 2965 2372 Χριστός.
2994 2301 3055 2353 El
3085 2300 3139 2353 δὲ
3168 2301 3260 2355 τὸν
3292 2300 3417 2354 Υἰὸν
3445 2304 3630 2373 τιμᾷς,
3655 2304 3784 2367 τοὺς

2200 2392 2254 2446 δὲ
2311 2392 2524 2456 οἰκέτας
2565 2391 2868 2456 διαϐάλλεις
2918 2392 3014 2445 καὶ
3073 2391 3329 2460 λοιδορεῖς
3351 2433 3366 2458 ,
3417 2394 3498 2465 τῷ
3552 2394 3783 2465 στόματι

2201 2484 2410 2557 φθέγγῃ
2444 2483 2481 2537 ἃ
2516 2483 2727 2554 βούλει·
2767 2486 2922 2554 ὁρᾷς,
2963 2485 3050 2538 ὅτι
3087 2484 3385 2553 ἀγανακτεῖ
3424 2487 3453 2539 6
3495 2485 3649 2549 Υἱός
3681 2488 3785 2540 οὐκ

2200 2576 2450 2647 ἀνέχεται
2487 2576 2699 2647 Πατρδς
2739 2575 3115 2648 ὑϐριζομένου.
3154 2579 3218 2632 El
3258 2576 3368 2649 γὰρ
3399 2580 3428 2632 6
3465 2578 3655 2650 Πατὴρ
3682 2578 3781 2650 τὴν

2196 2666 2293 2721 τοῦ
2336 2668 2465 2722 Υἰοῦ
2515 2668 2739 2739 ἀτιμίαν
2787 2667 2922 2721 ίδίαν
2972 2668 3193 2739 ἀτιμίαν
3239 2668 3580 2737 λελόγισται,
3632 2670 3783 2739 πόσῳ

2209 2760 2408 2832 μᾶλλον
2442 2762 2472 2814 6
2507 2760 2632 2824 Υἱὸς
2658 2760 2753 2831 τὴν
2786 2759 2882 2814 τοῦ
2908 2760 3136 2832 ¹Πατρὸς
3164 2760 3320 2834 ὓϐριν
3349 2760 3485 2816 ἰδίαν
3508 2762 3783 2817 εὐτέλειαν

2205 2851 2462 2922 λογιεῖται
2484 2869 2500 2919 ;

1118 2942 1249 2997 Car.
1290 2940 1354 2997 ν.
1396 2941 1574 2998 Varia:
1599 2942 1822 2999 luereses
1846 2944 1990 3000 circa
2025 2945 2213 3018 legem.
2238 2948 2368 3004 Tres
2405 2946 2642 3004 haeretici
2672 2947 2833 3019 legem
2858 2949 3173 3017 vituperant.

583 3056 703 3114 Sed
742 3066 812 3114 ut
858 3057 1065 3115 sensim
1120 3066 1429 3131 pergentes,
1469 3060 1735 3131 paulatim
1786 3061 1855 3117 ad
1901 3060 2097 3117 erube—

2274 3063 2390 3117 Ἵνα
2436 3062 2494 3116 δὲ
2534 3063 2648 3127 καὶ,
2694 3063 2810 3117 κατ’
2847 3062 3025 3132 ὀλίγον
3071 3060 3381 3131 φοιτῶντες.
3425 3063 3568 3118 κατά
3604 3063 3784 3137 βραχὺ

430 3204 433 3211 .
524 3151 788 3207 scendum
818 3150 1232 3222 compellamus,
1270 3151 1352 3207 sic
1389 3150 1775 3223 aggrediemur
1803 3166 2098 3224 argumen-

2199 3154 2634 3225 δυσωπήσωμεν,
2660 3152 2833 3218 οὕτως
2866 3153 3291 3225 ὲπιχειρίσωμεν
3319 3170 3332 3184 ·
3360 3153 3597 3208 EtEt-:06
3629 3157 3659 3208 6
3691 3157 3791 3210 v6-

520 3245 627 3299 ιατί
658 3263 672 3301 :
710 3241 767 3299 Si
804 3241 899 3298 Dei
928 3249 1016 3298 est
1038 3242 1147 3304 lex,
1195 3255 1368 3313 quare
1396 3241 1567 3314 legem
1596 3256 1707 3297 non
1737 3242 1966 3298 tenent?
1998 3241 2097 3299 Sin

518 3352 652 3393 vero
701 3337 874 3408 legem
916 3334 1251 3401 criminaris,
1303 3334 1462 3405 cujus
1519 3335 1685 3391 verba
1742 3350 1806 3390 ac
1851 3349 1958 3390 vox
2011 3335 2098 3391 lex

514 3428 648 3485 est?
675 3428 833 3498 cujus
865 3434 1154 3496 potestate,
1194 3441 1319 3498 quae
1359 3427 1563 3498 scripta
1602 3433 1754 3492 sunt,
1800 3427 1979 3482 locuta
2011 3434 2097 3482 est

521 3520 652 3577 lex?
681 3518 781 3575 Hic
799 3520 1012 3590 partitae
1055 3526 1185 3574 sunt
1206 3520 1445 3575 haereses
1475 3558 1492 3585 ,
1531 3518 1766 3590 necjam
1785 3533 1896 3573 uno
1932 3518 2096 3574 modo

518 3613 974 3678 sermocinantes,
1000 3613 1097 3669 sed
1141 3612 1247 3668 sibi
1294 3620 1661 3683 repugnantes
1703 3629 1717 3666 :
1750 3624 1816 3665 ac
1866 3608 2098 3667 Valenti-

518 3705 670 3761 niani
707 3706 925 3776 quidem
958 3705 1060 3773 sic,
1086 3704 1368 3760 Manichaei
1398 3720 1527 3761 vero
1546 3705 1726 3774 aliter,
1772 3719 1934 3763 secus
1956 3705 2098 3761 Mar-

516 3799 666 3853 cion.
703 3796 894 3867 Sputa,
922 3813 1031 3870 non
1051 3799 1214 3853 verba
1242 3798 1621 3854 testimonium
1650 3807 1780 3855 sunt
1805 3805 1998 3855 contra
2020 3800 2095 3855 le-

518 3904 663 3961 gem.
707 3886 1077 3944 Valentiniani
1102 3888 1343 3959 quidem,
1403 3886 1618 3955 Justus,
1671 3889 1947 3960 inquiunt,
1975 3900 2094 3947 erat

518 3981 663 4037 Deus
694 3981 849 4052 legis;
885 3988 938 4035 et
953 3996 1078 4035 cum
1097 3981 1285 4050 justus
1300 3986 1466 4043 esset,
1481 3995 1592 4034 non
1614 3988 1733 4036 erat
1754 3980 1917 4036 Pater
1936 3980 2087 4036 Filii.

513 4073 696 4141 Iesus,
742 4073 1017 4145 inquiunt,
1047 4073 1241 4138 bonus,
1284 4073 1460 4127 bonus
1486 4081 1666 4127 autem
1698 4080 1753 4127 et
1787 4070 1989 4140 Pater;
2025 4054 2090 4129 ac

514 4165 678 4223 Pater
709 4167 928 4238 quidem
950 4167 1127 4222 bonus
1156 4181 1171 4231 ;
1198 4173 1253 4222 et
1279 4165 1480 4220 bonum
1515 4164 1658 4236 quod
1687 4165 1928 4236 genitum
1960 4175 2043 4220 est
2071 4182 2086 4232 ;

513 4262 659 4318 Deus
685 4271 816 4317 vero
861 4261 997 4332 legis
1058 4259 1261 4329 justus.
1325 4257 1530 4315 Taliter
1582 4258 1913 4313 disserentes
1974 4271 2083 4310 non

513 4356 913 4420 intellexerunt,
931 4354 1145 4425 qualem
1165 4351 1539 4407 habitudinem
1559 4351 1752 4405 haheat
1778 4350 1987 4419 justum
2018 4348 2087 4402 ad

2205 3264 2324 3319 μος,
2360 3246 2502 3300 διατί
2543 3247 2603 3300 οὐ
2648 3247 3042 3319 παραδέχονται
3083 3246 3175 3300 τὸν
3214 3245 3417 3318 νόμονς
3457 3248 3521 3301 Εἰ
3568 3246 3626 3301 δὲ
3663 3247 3786 3302 δια-

2200 3335 2414 3402 ϐάλλεις
2456 3335 2548 3391 τὸν
2591 3338 2774 3409 νόμον,
2824 3339 2969 3403 τίνος
3016 3339 3237 3411 ῥήματα
3275 3340 3369 3394 καὶ
3419 3340 3571 3413 φωνὴ
3627 3342 3657 3395 6
3693 3343 3777 3396 v6-

2200 3444 2339 3500 μοςς
2385 3427 2531 3492 τίνος
2577 3428 2805 3499 δυνάμει
2851 3427 2922 3482 τὰ
2966 3429 3328 3500 γεγραμμένα
3366 3430 3521 3501 παρὰ
3566 3430 3662 3487 τοῦ
3694 3433 3786 3485 νό-

2198 3539 2300 3593 μου
2326 3520 2651 3593 malum;
2692 3521 2956 3576 Ἐνταῦθα
3002 3520 3111 3593 γὰρ
3154 3522 3211 3574 αἱ
3248 3522 3488 3592 αἱρέσεις
3517 3522 3784 3597 διαιροῦν⁴

2193 3631 2304 3679 ται,
2362 3615 2456 3668 καὶ
2506 3615 2690 3669 οὐκέτι
2745 3616 2906 3686 ὃμοια
2966 3612 3337 3683 διαλέγονταιθ
3390 3615 3507 3671 ἀλλ’
3555 3617 3783 3682 ἑαυταῖς

2197 3708 2498 3778 μαχόμεναο
2529 3708 2623 3761 καὶ
2666 3705 3097 3761 Οὐαλεντινιανοὶ
3151 3706 3249 3777 μὲν
3290 3697 3392 3762 ὧδε
3415 3747 3432 3773 ,
3484 3708 3780 3780 Μανιχαῐοι

2193 3794 2330 3865 ὧδε,
2364 3799 2588 3871 ἑτέρωθι
2631 3799 2689 3853 δὲ
2735 3800 3023 3872 Μαρκίων.
3076 3798 3395 3872 Πτύσματα,
3431 3805 3525 3855 καὶ
3576 3803 3639 3856 οὐ
3685 3804 3781 3875 ρή-

2195 3909 2340 3963 ματα
2392 3890 2533 3945 κατά
2580 3890 2674 3944 τοῦ
2717 3890 2883 3964 νόμου
2934 3891 3308 3964 μαρτυροῦσι·
3356 3894 3448 3948 καὶ
3489 3895 3782 3951 Οὐαλεντι-

2192 3983 2362 4038 νιανοὶ
2401 3983 2518 4054 μὲν,
2570 3983 2811 4049 Δίκαιος,
2846 3984 3027 4052 φασὶν,
3068 3979 3137 4053 ἦν
3180 3987 3209 4038 6
3245 3981 3338 4038 τοῦ
3384 3986 3553 4057 νόμου
3600 3987 3735 4052 θεός
3759 4004 3774 4018 .

2192 4076 2287 4130 καὶ
2330 4076 2533 4141 δίκαιος
2580 4074 2689 4141 ὢν,
2732 4076 2794 4128 οὐ
2853 4074 3041 4147 Πατὴρ
3087 4072 3156 4148 ἦν
3207 4077 3302 4131 τοῦ
3343 4077 3494 4132 Υίοῠ.
3544 4080 3775 4151 Ἰησοῦς,

2191 4170 2353 4240 φασὶν
2380 4210 2394 4233 ,
2452 4168 2686 4237 ἀγαθός·
2755 4167 2960 4236 ἀγαθὸς
3001 4166 3059 4220 δὲ
3116 4168 3210 4222 καὶ
3259 4169 3288 4221 6
3330 4169 3559 4242 Πατήρ·
3600 4170 3691 4224 καὶ
3745 4173 3778 4224 6

2193 4263 2291 4334 μὲν
2329 4262 2422 4316 τοῦ
2461 4260 2592 4315 Υίοῢ
2639 4260 2829 4333 Πατὴρ
2876 4260 3115 4330 ἀγαθὸς,
3153 4261 3248 4315 καὶ
3296 4262 3499 4331 ἀγαθὸν
3539 4273 3599 4317 το
3645 4280 3777 4334 γεν-

2189 4356 2449 4428 νώμενον,
2484 4358 2513 4409 6
2542 4355 2600 4409 δὲ
2624 4353 2718 4408 τοῦ
2749 4354 2914 4425 νόμου
2942 4354 3168 4419 δίκαιος·
3206 4356 3301 4409 καὶ
3331 4354 3558 4410 τοιαῦτα
3589 4356 3775 4409 διαλε-

511 4449 746 4515 bonum;
779 4463 955 4518 neque
1004 4446 1070 4501 de
1120 4460 1185 4500 eo
1216 4445 1623 4516 cogitaverunt,
1672 4443 1819 4513 quod
1872 4442 1919 4498 si
1954 4441 2084 4512 quid

2198 4448 2427 4518 γόμενοι,
2463 4447 2580 4502 οἵαν
2611 4447 2795 4517 σχέσιν
2826 4445 2888 4498 τὸ
2918 4445 3122 4501 δίκαιον
3157 4446 3292 4519 πρὸς
3328 4447 3390 4501 τὸ
3423 4448 3625 4517 ἀγαθὸν
3655 4447 3775 4519 εχει

507 4541 744 4611 justum,
773 4516 936 4595 estet
966 4538 1205 4603 bonum;
1235 4546 1289 4592 et
1342 4537 1389 4591 si
1441 4536 1573 4606 quid
1625 4536 1829 4590 bonum
1851 4573 1867 4600 ,
1914 4542 2001 4590 est
2035 4545 2088 4589 et

2198 4516 2561 4610 οὑήνενοήκασι
2582 4556 2594 4569 ·
2623 4516 2718 4593 καὶ
2746 4541 2849 4604 ὅτι,
2881 4539 2935 4591 εί
2958 4556 3009 4591 τι
3037 4516 3265 4605 δίκαιον,
3297 4540 3392 4593 καὶ
3419 4516 3645 4609 ἀγαθὸν,
3674 4516 3773 4594 καὶ

506 4633 742 4703 justum.
768 4632 904 4688 Cum
931 4640 1111 4687 autem
1141 4630 1455 4700 hujusmodi
1485 4629 1847 4700 cogitationes
1893 4627 2081 4683 conci-

510 4732 640 4795 pere
666 4740 776 4779 non
807 4725 1100 4794 potuerint,
1127 4723 1231 4776 hoc
1277 4722 1454 4777 solum
1494 4737 1590 4777 eos
1621 4721 2027 4790 interrogemus
2065 4739 2079 4774 :

512 4812 572 4872 Si
595 4817 777 4888 justus
804 4824 888 4870 est
913 4813 1056 4869 Deus
1086 4814 1240 4884 legis,
1274 4820 1330 4867 et
1351 4826 1459 4867 non
1492 4818 1576 4867 est
1610 4810 1772 4866 Pater
1795 4810 1942 4876 Filii,
1967 4826 2079 4865 non

507 4912 597 4963 est
627 4904 812 4974 justus
838 4904 998 4959 Jesus
1026 4921 1039 4956 :
1073 4910 1127 4956 et
1163 4900 1438 4972 quomodo
1464 4900 1737 4971 justitiam
1772 4915 1801 4953 a
1826 4899 1966 4954 Filio
1994 4914 2084 4954 re-

509 4999 815 5071 quirimus?
841 4999 887 5054 si
922 5013 1031 5051 non
1053 5005 1136 5051 est
1158 4996 1373 5067 genitus
1408 5010 1438 5047 a
1461 4995 1635 5065 justo,
1672 4994 1950 5065 quomodo
1986 4992 2081 5062 ju-

506 5089 687 5147 dicat?
717 5083 989 5160 quombdo
1014 5087 1221 5156 judicio
1262 5086 1545 5141 decernit?
1597 5085 1870 5154 quomodo
1930 5097 2081 5138 com-

503 5180 736 5235 missum
759 5187 844 5234 est
866 5177 917 5233 ei
953 5192 985 5230 a
1028 5175 1188 5232 Patre
1216 5175 1488 5231 tribunal?
1538 5174 1817 5246 quomodo
1856 5171 2078 5228 unicui-

484 5287 611 5342 que
637 5271 817 5327 reddit
844 5268 1147 5325 secundum
1175 5282 1339 5338 opera
1368 5267 1505 5322 sua?
1559 5267 1833 5337 quomodo
1882 5279 2074 5320 verum

502 5372 587 5417 est
614 5362 759 5433 quod
783 5361 859 5415 ait
889 5359 1128 5416 Paulus:
1179 5357 1257 5413 Iis
1303 5359 1394 5430 qui
1426 5360 1709 5412 secundum
1756 5357 2068 5427 patientiam

501 5451 625 5509 boni
664 5452 833 5523 operis
873 5451 1099 5524 gloriam
1143 5460 1192 5506 et
1233 5449 1480 5504 honorem
1530 5458 1580 5504 et
1629 5448 2072 5517 incorruptionem

2189 4629 2244 4683 εί
2267 4646 2321 4681 τι
2353 4628 2577 4697 ἀγαθὸν,
2596 4629 2822 4691 δίκαιον,
2852 4629 2959 4682 οὐδ’
2986 4631 3043 4682 ὲν
3073 4629 3343 4702 φαντασίᾳ
3369 4630 3643 4703 εἰλήφασι.
3673 4633 3771 4705 Μὴ

2187 4718 2473 4790 δυνάμενοι
2509 4719 2566 4772 δὲ
2606 4719 2862 4784 τοιαύτας
2893 4722 3194 4790 φαντασίας
3216 4720 3381 4793 ἔχειν,
3420 4724 3579 4778 τοῦτο
3606 4723 3772 4794 μόνον

2188 4810 2605 4881 ὲρωτάσθωσαν·
2631 4812 2694 4864 Εἰ
2727 4811 2934 4876 δίκαιος
2972 4816 3000 4867 6
3034 4811 3128 4865 τοῦ
3158 4812 3323 4883 νόμου
3356 4813 3510 4879 Θεὸς,
3546 4817 3642 4868 καὶ
3666 4816 3771 4870 οὐκ

2187 4899 2302 4953 ἐστι
2336 4902 2524 4973 Πατὴρ
2556 4900 2649 4955 τοῦ
2672 4902 2824 4968 Υἱοῦ,
2852 4904 2954 4955 οὐκ
2985 4902 3100 4956 ἔστι
3122 4903 3327 4968 δίκαιος
3353 4907 3382 4958 6
3422 4905 3650 4977 Ἰησοῦς·
3673 4908 3771 4960 καὶ

2184 4992 2304 5057 πῶς
2342 4993 2441 5067 τὴν
2482 4993 2824 5064 δικαιοσύνην
2855 4994 2963 5048 ἀπὸ
2992 4994 3086 5047 τοῦ
3120 4994 3250 5048 Υἱοῦ
3284 4996 3657 5067 ἀπαιτοῦμεν;
3705 4998 3770 5051 Ei

2181 5084 2243 5137 οὐ
2271 5084 2593 5155 γεγέννηται
2626 5084 2734 5138 ἀπὸ
2762 5084 2856 5138 τοῦ
2886 5084 3117 5149 δικαίου,
3148 5085 3266 5144 πῶς
3292 5087 3506 5158 κρίνει;
3539 5086 3656 5150 πῶς
3688 5086 3773 5140 δι-

2181 5174 2374 5240 κάζεις
2410 5176 2526 5239 πῶς
2552 5176 2613 5228 τὸ
2646 5176 2795 5245 βῆμα
2824 5177 3224 5248 ἐγκεχείρισται
3252 5177 3360 5230 ἀπὸ
3386 5177 3482 5231 τοῦ
3518 5178 3769 5246 Πατρός;

2181 5267 2299 5331 πῶς
2319 5267 2533 5338 ἑκάστῳ
2557 5267 2846 5320 ἀποδίδωσι
2874 5268 3010 5339 πρὸς
3037 5266 3073 5322 ἃ
3094 5266 3330 5340 inpage;
3360 5268 3478 5332 πῶς
3505 5267 3769 5337 ἀληθεύει

2182 5356 2414 5422 Παῦλος,
2458 5357 2652 5427 λέγων,
2708 5359 2836 5425 Τοῖς
2873 5359 2989 5428 μὲν
3038 5359 3165 5414 καθ’
3219 5359 3538 5430 ὑπομονὴν
3574 5360 3767 5427 -ἔρτου

2180 5447 2404 5517 ἀγαθοῦ
2432 5445 2673 5515 ζητοῦσι
2698 5447 2849 5517 ζωὴν
2878 5448 3134 5505 αἰώνιον⁹
3165 5449 3278 5523 (55)
3303 5453 3333 5504 6
3375 5449 3508 5514 Θεὸς
3565 5467 3690 5504 συνε
3701 5467 3766 5523 ρ-

570 5608 617 5641 ³⁷
653 5610 864 5668 Coloss.
902 5626 950 5674 ι,
983 5608 1073 5663 24.
1151 5609 1196 5641 ’⁸
1235 5606 1392 5663 Rom.
1429 5582 1627 5673 11,116.
1706 5608 1752 5639 ⁸³
1793 5605 1956 5663 Hebr.
2022 5621 2077 5669 ι,
2113 5604 2163 5669 Ι,
2190 5603 2254 5661 2.

570 5722 689 5845 (ὅδὲ
723 5724 787 5777 '0
802 5725 945 5790 Θεὸς
971 5724 1255 5793 συνεργεῖ
1274 5726 1361 5789 εὶς
1389 5724 1633 5793 ἀγαθόν.
1667 5721 1723 5775 ln
1750 5730 1897 5776 textu
1920 5719 2060 5773 Pau-

500 5804 611 5845 nuo
695 5809 801 5845 nni.
843 5810 903 5845 ιι.
944 5795 1057 5845 7-9.
1105 5811 1214 5845 nun
1247 5802 1461 5845 exstant
1505 5795 1613 5845 haec
1652 5795 1857 5845 verba:
1888 5807 2060 5845 ncnue

543 5805 611 5846 ιιο

2166 5735 2231 5775 ea
2261 5733 2393 5774 sane
2414 5718 2635 5791 legebat
2670 5719 2959 5788 interpres.
2992 5717 3145 5785 Quin
3180 5724 3234 5775 et
3268 5719 3593 5791 importuna
3631 5720 3765 5775 huic

695 5809 801 5849 aut.
843 5788 1057 5850 ιιζἹ-ί).
1105 5788 1214 5849 non
1247 5788 1461 5850 exstant
1505 5795 1613 5847 haec
1652 5795 1814 5849 verba
1844 5811 1857 5848 :
1888 5807 2061 5861 neque
2172 5792 2291 5845 loco
2341 5788 2614 5845 videntur.
2670 5790 2915 5861 Apostoli
2959 5791 3106 5847 enim
3144 5790 3325 5847 verbis
3348 5788 3762 5862 ‘prmmittenda
