4138 6420
353 337 484 393 ιεει

1399 336 1764 392 ADVERSUS
1802 337 2226 394 MANICHZEOS
2251 339 2378 394 LIB.
2410 339 2498 394 111.

3454 343 3595 400 1222

347 457 438 524 γεῖ
466 454 544 515 είς
568 452 627 505 τὸ
661 451 892 520 ἀγαθόν·
939 452 1059 519 τοῖς
1090 453 1157 506 δὲ
1184 452 1251 516 ἐξ
1280 452 1530 520 ἐριθείας
1558 454 1915 524 πειθομένοις

2028 466 2308 527 (μιαί-απτ.
2364 458 2529 509 vitam
2560 463 2810 511 aeternam
2838 475 2856 512 :
2890 460 2955 515 iis
3002 469 3176 513 autem
3223 460 3314 529 qui
3363 469 3487 513 sunt
3528 477 3593 514 ea:

345 545 420 615 τῇ
448 544 669 611 ἀδικίᾳ,
693 544 837 615 ὀργὴ
863 544 959 598 καὶ
982 547 1185 614 θυμός·
1211 548 1417 614 θλίψις
1436 547 1535 599 καὶ
1558 549 1921 617 στενοχωρία

344 640 445 693 ἐπὶ
472 636 680 693 πᾶσαν
699 637 910 707 ψυχὴν
936 636 1270 705 ἀνθρώπου,
1293 638 1397 691 τοῦ
1421 637 1919 708 κατεργαζομένου

345 731 412 784 τὸ
440 732 666 791 κακόν;
694 730 925 783 Λέλυται
954 729 1061 800 γὰρ
1094 730 1160 782 τὰ
1189 732 1423 800 ῥήματα,
1457 732 1504 782 εἰ
1529 733 1556 782 6
1585 730 1678 782 τοῦ
1709 729 1918 783 δικαίου

346 822 471 890 ὅρος
496 825 575 892 τῷ
600 820 712 891 Υίῷ
735 823 835 874 οὑκ
862 820 1185 874 ἀποδίδοται.
1220 823 1280 873 Εἰ
1302 822 1358 874 δὲ
1381 822 1618 892 τιμωρία
1654 823 1753 892 μὲν
1780 822 1922 874 κατὰ

346 914 457 966 τῶν
488 915 825 967 ἐπταικότων
859 916 1054 975 κεῖται,
1088 914 1182 965 καὶ
1206 914 1412 985 ¹μέτρον
1444 914 1711 984 τιμωρίας
1753 917 1785 985 ή
1824 914 1918 967 τοῦ

346 1002 558 1056 δικαίου
591 1002 882 1055 ἐπιστασία
908 1002 1170 1071 γίγνεται·
1205 1003 1359 1072 τιμαὶ
1386 1003 1440 1055 δὲ
1466 1004 1557 1056 καὶ
1590 1003 1787 1073 δωρεαὶ
1810 1007 1920 1067 τοῖς

350 1094 725 1166 εὐδοκιμοῦσιν
747 1094 1221 1166 ἅτ’-,οταμνιεύονται·
1248 1097 1342 1149 καὶ
1368 1096 1713 1165 σταθμίζεται
1734 1099 1766 1166 ἡ
1788 1096 1919 1166 τιμὴ

349 1188 415 1257 τῇ
449 1186 542 1239 τοῦ
569 1186 778 1239 δικαίου
808 1187 1102 1257 ἐπικρίσει·
1138 1186 1253 1249 πῶς
1280 1186 1697 1251 διαστέλλονται,
1729 1188 1823 1239 καὶ
1856 1188 1916 1239 οὑ

350 1277 727 1330 συστέλλονται
750 1278 845 1347 τὴν
881 1276 1238 1348 προπέτειαν;
1270 1277 1332 1329 Εἰ
1360 1276 1415 1329 δὲ
1439 1278 1466 1326 6
1490 1276 1793 1347 Μονογενὴς
1822 1276 1920 1346 μὲν

347 1370 607 1432 τοιοῦτος,
624 1369 682 1421 οὑ
695 1367 930 1432 τοιοῦτος
944 1369 997 1420 δὲ
1015 1371 1041 1421 6
1054 1369 1262 1439 Πατήρ·
1276 1368 1451 1421 οὐκέτι
1465 1368 1646 1437 ὅμοιος
1665 1368 1723 1432 ἐξ
1737 1369 1919 1437 ὁμοίου

350 1458 693 1527 γεγέννηται·
747 1458 928 1511 οὐκέτι
964 1458 1125 1511 εἰκὼν
1157 1458 1250 1511 τοῦ
1302 1459 1707 1530 γεγεννηκότος·
1737 1459 1918 1512 οὐκέτι

350 1550 673 1620 χαρακτήρ·
704 1551 885 1603 οὐκέτι
918 1552 1298 1622 ἀπαύγασμα·
1324 1552 1506 1605 οὐκέτι
1538 1555 1565 1605 6
1599 1553 1807 1623 βλέπων
1829 1552 1920 1604 τὸν

353 1641 479 1695 Υἱὺν
510 1642 694 1712 βλέπει
722 1643 810 1695 τὸν
844 1644 1081 1714 Πατέρα,
1117 1643 1233 1712 εἴγε
1271 1644 1345 1715 μὴ
1373 1645 1490 1697 ὅσα
1529 1645 1653 1712 ἔχει
1695 1647 1727 1697 ό
1766 1641 1916 1707 Υἱὸς,

352 1732 477 1801 ἔχει
507 1737 539 1785 ὁ
577 1731 789 1802 Πατήρ·
825 1734 918 1786 καὶ
952 1734 1047 1805 βοᾷ
1085 1737 1113 1788 6
1152 1734 1338 1805 Σωτὴρ
1377 1736 1433 1787 ἐν
1469 1734 1546 1805 τῷ
1586 1733 1916 1803 Εὐαγγελίῳ·

2027 546 2375 607 contentione,
2406 554 2455 598 et
2480 547 2571 614 qui
2602 562 2705 599 non
2739 549 3075 615 acquiescant
3115 548 3344 613 veritati,
3375 547 3596 601 credunt

2027 647 2201 691 autem
2228 638 2517 706 iniquitati,
2550 638 2633 690 ira
2657 647 2705 691 et
2741 640 3076 709 indignatio:
3107 641 3381 695 tribulatio
3412 652 3461 695 et
3493 659 3597 695 an-

2024 730 2202 798 gustia
2251 730 2304 781 in
2367 745 2568 781 omnem
2618 730 2847 782 animam
2906 730 3130 785 hominis
3180 735 3445 800 operantis
3475 750 3595 787 ma-

2028 820 2134 873 lum
2162 820 2244 871 3°?
2278 820 2464 874 Saluta
2486 820 2631 874 enim
2661 828 2789 875 sunt
2822 828 2875 875 et
2895 833 3232 878 evanuerunt
3262 825 3378 879 haec
3403 824 3593 886 verba,

2025 913 2071 966 si
2108 913 2350 967 deﬁnitio
2377 914 2512 979 justi
2543 927 2651 965 non
2686 915 3133 968 accommodatur
3157 924 3210 969 et
3237 916 3483 970 redditur
3506 916 3596 969 Fi-

2026 1005 2119 1059 lio.
2158 1003 2214 1057 Si
2265 1012 2445 1057 autent
2497 1004 2563 1057 iis
2594 1005 2687 1072 qui
2716 1001 3084 1072 deliquerunt,
3119 1006 3475 1060 constitutum
3510 1017 3596 1061 est

2026 1096 2376 1165 supplicium,
2406 1103 2459 1149 et
2506 1095 2689 1163 justus
2737 1096 2831 1164 qui
2866 1103 3081 1165 praeest,
3120 1098 3447 1166 supplicium
3484 1116 3598 1154 me-

2027 1188 2190 1248 titur;
2241 1196 2435 1240 contra
2485 1202 2614 1240 vero
2653 1186 2890 1241 honores
2923 1193 2977 1241 et
3033 1202 3260 1241 munera
3308 1196 3596 1244 servantur

2025 1279 2162 1332 bene
2191 1277 2436 1340 meritis,
2490 1286 2541 1330 et
2588 1276 2765 1330 honor
2805 1276 3019 1330 delectu
3080 1292 3144 1330 ac
3202 1277 3596 1347 dijudicatione

2020 1371 2153 1439 justi
2181 1368 2511 1436 ponderatur
2541 1386 2553 1421 :
2586 1368 2861 1438 quomodo
2886 1384 2994 1422 non
3020 1368 3335 1423 discindunt
3365 1380 3418 1425 et
3444 1385 3597 1426 como

2026 1458 2267 1526 primunt
2301 1456 2695 1527 petulantiam?
2731 1456 2788 1510 Si
2842 1466 3022 1512 autem
3074 1459 3199 1513 talis
3246 1461 3464 1530 quidem
3510 1472 3596 1517 est

2027 1548 2377 1618 Unigenitus,
2415 1548 2575 1602 Pater
2598 1564 2728 1603 vero
2758 1564 2868 1603 non
2919 1557 3003 1604 est
3051 1550 3205 1617 talis;
3243 1567 3353 1605 non
3384 1551 3494 1622 jam
3528 1570 3597 1609 ex

2026 1643 2188 1698 simili
2213 1642 2407 1697 similis
2437 1643 2651 1712 genitus
2687 1650 2771 1697 est
2798 1660 2813 1696 :
2844 1657 2953 1695 non
2976 1642 3088 1711 jam
3115 1651 3198 1697 est
3227 1645 3402 1715 imago
3449 1646 3597 1714 ejus,

2027 1736 2116 1803 qui
2144 1734 2367 1805 genuit;
2399 1751 2502 1788 non
2536 1735 2709 1804 ﬁgura
2732 1774 2748 1799 ,
2792 1749 2900 1787 non
2934 1734 3179 1803 sptendor
3213 1736 3251 1766 ³¹
3290 1754 3303 1788 :
3336 1752 3445 1790 non
3478 1736 3592 1806 jam

351 1822 542 1892 Πάτερ
571 1824 779 1891 δίκαιε,
816 1825 912 1877 καὶ
939 1828 970 1879 ό
1004 1827 1230 1894 κόσμος
1263 1842 1335 1878 σε
1368 1828 1478 1878 οὐκ
1513 1827 1684 1895 ἔγνω,
1708 1824 1823 1893 ἐγὼ
1853 1824 1915 1879 δέ

2020 1826 2113 1896 qui
2145 1824 2291 1878 videt
2320 1823 2518 1877 Filium
2548 1865 2563 1889 ,
2600 1825 2745 1879 videt
2777 1823 3016 1887 Patrem,
3056 1824 3101 1879 si
3134 1839 3242 1879 non
3276 1841 3596 1898 quwcunque

351 1930 427 1968 σε
461 1915 671 1985 ἔγνων.
709 1915 772 1967 Τί
806 1917 1132 1987 πράξωμεν;
1184 1917 1328 1971 νῶτα
1370 1917 1548 1987 δῶμεν
1592 1916 1670 1988 τῷ
1717 1918 1915 1989 ῥήματι

2023 1916 2174 1970 habet
2199 1914 2395 1980 Filius,
2430 1915 2581 1969 habet
2612 1920 2773 1970 Pater
2824 1916 2867 1947 ³²
2895 1935 2907 1970 :
2940 1925 2994 1970 et
3025 1916 3223 1970 clamat
3259 1915 3510 1971 Salvator
3537 1918 3592 1971 iu

350 2004 446 2061 τοῦ
477 2008 755 2079 Σωτῆρος;
801 2010 1200 2081 ὰπιστήσομεν;
1236 2009 1314 2080 τῷ
1340 2008 1740 2080 γεγραμμένῳ;
1785 2009 1818 2079 ἢ
1862 2008 1915 2061 τὸ

2024 2007 2318 2078 Evangelio
2349 2025 2363 2063 :
2400 2007 2444 2063 0
2469 2006 2631 2061 Pater
2651 2007 2817 2077 juste,
2849 2008 3076 2063 mundus
3104 2019 3153 2064 te
3183 2026 3287 2063 non
3312 2012 3474 2074 novit,
3501 2027 3594 2081 ego

355 2104 454 2173 μὲν
475 2103 624 2173 ῥῆμα
657 2101 1026 2172 θαυμάσομεν·
1072 2103 1167 2171 τῆς
1196 2101 1303 2171 γὰρ
1330 2101 1584 2172 ἀληθείας
1613 2100 1728 2152 ἐστὶ
1751 2102 1816 2171 ρῆ
1827 2118 1915 2170 μα.

2023 2117 2142 2155 vero
2173 2111 2219 2153 te
2245 2100 2361 2154 novi
2387 2099 2452 2157 ".
2489 2099 2633 2166 Quid
2675 2100 2934 2170 agemus?
2968 2108 3117 2172 terga
3180 2101 3375 2157 demus
3425 2104 3593 2158 verbo

352 2193 740 2257 Οὐαλεντίνους
767 2195 823 2247 δέ
850 2195 926 2257 ὼς
960 2195 1269 2266 μεμηνότας
1294 2195 1384 2246 καὶ¹
1415 2193 1801 2263 δαιμονιῶντας
1823 2191 1915 2259 ἐξα

2028 2190 2348 2257 Salvator-is,
2384 2208 2451 2247 ne
2480 2192 2770 2249 credamus
2801 2194 3046 2264 scripto:
3080 2204 3173 2247 aut
3207 2195 3503 2251 habeamus
3539 2196 3594 2251 in

348 2287 460 2340 τῶν
492 2286 809 2360 θεοπρεπῶν
837 2289 930 2341 καὶ
960 2287 1116 2359 ἱερῶν
1148 2288 1433 2359 συνεδρίων
1468 2289 1771 2359 στήσωμεν.

2027 2285 2389 2339 admiratione
2418 2283 2682 2339 verbum?
2745 2292 2830 2340 est
2883 2286 3027 2352 enim
3067 2287 3293 2341 verbum
3327 2288 3591 2344 veritatis.

351 2379 673 2436 Valentinos
725 2398 854 2437 vero
891 2389 1148 2452 tanquam
1191 2382 1527 2440 insanientes
1567 2391 1619 2438 et
1655 2398 1686 2437 a
1742 2382 1988 2439 daamone
2024 2387 2177 2436 actos
2230 2388 2388 2436 extra
2438 2388 2741 2437 conventus
2790 2395 2855 2436 ac
2911 2380 3197 2438 confessus
3263 2391 3483 2439 sanctos
3538 2392 3595 2440 et

348 2474 522 2531 Deum
554 2476 809 2531 decentes
846 2478 1257 2533 collocabimus.
1776 2516 1780 2520 -

433 2569 572 2622 Ἀλλ’
602 2571 787 2641 ἐπειδὴ
812 2571 1010 2625 ἄτοπόν
1036 2589 1089 2625 τι
1115 2572 1396 2645 πάσχομεν
1420 2575 1511 2628 τὸν
1533 2574 1676 2629 κατὰ
1700 2576 1809 2629 τῶν
1833 2576 1919 2629 αἱ-

350 2660 624 2731 ρεσιωτῶν
663 2660 992 2731 μηκύνοντες
1036 2659 1213 2729 λόγον,
1261 2661 1334 2732 μή
1365 2661 1568 2732 ταύτης
1596 2663 1695 2732 τῆς
1724 2662 1919 2716 ὑποθέ-

349 2769 488 2815 σεως
517 2753 664 2823 ἡμᾶς
686 2751 975 2823 ἑλκούσης,
1011 2753 1474 2831 ἀνακαλεσώμεθα
1504 2754 1597 2810 τὸν
1622 2754 1799 2825 λόγον,
1825 2755 1920 2810 καὶ

344 2846 443 2898 ἐπι
466 2843 563 2915 τήν
592 2844 956 2916 ὑποκειμένην
980 2844 1233 2900 ὑπόθεσιν
1255 2849 1611 2918 χωρήσωμεν·
1635 2848 1729 2902 καὶ
1747 2847 1920 2902 ταῦτα

342 2934 443 2988 τοῦ
472 2934 779 2998 λυσιτελοῦς
806 2936 992 2990 ἕνεκεν
1030 2938 1379 3009 ἐσκεμμένοι,
1415 2938 1502 2991 ἴνα
1542 2940 1678 3010 μήτε
1707 2931 1861 3003 οὗτος
1889 2941 1919 2994 6

332 3024 502 3095 λόγος
534 3026 709 3098 πάντη
745 3028 1151 3100 σεσιωπημένος
1180 3030 1311 3100 ἡμῖν
1345 3029 1584 3103 ὑπάρχῃ·
1616 3029 1777 3102 τριχῆ
1808 3029 1918 3103 γὰρ

335 3118 379 3188 ἠ
407 3118 641 3191 πονηρία
665 3119 968 3191 διῃρημένη
995 3119 1138 3175 κατὰ
1165 3119 1259 3174 τοῦ
1288 3120 1451 3191 νόμου
1482 3119 1799 3189 ἐφθέγξατο·
1824 3121 1917 3175 καὶ

2095 2568 2201 2624 Sed
2226 2567 2356 2639 quia
2386 2567 2590 2638 aliquid
2622 2568 2938 2624 indecorum
2985 2570 3144 2626 nobis
3176 2572 3427 2637 accidit,
3462 2572 3597 2629 dum

2024 2676 2333 2718 sermonem
2384 2669 2576 2717 contra
2635 2662 2918 2717 haereticos
2974 2664 3132 2733 longe
3184 2666 3596 2734 protrahimus,

2022 2768 2147 2809 cum
2181 2768 2282 2809 nos
2321 2755 2599 2825 negotium
2648 2764 2962 2824 susceptum
3007 2771 3118 2810 non
3157 2772 3221 2811 eo
3255 2758 3470 2823 trahat;
3503 2774 3593 2812 re-

2020 2861 2278 2902 vocemus
2306 2861 2638 2911 sermonem,
2666 2854 2721 2901 et
2750 2847 2817 2900 ad
2869 2848 3211 2917 propositum
3256 2856 3310 2904 et
3368 2851 3594 2904 institu—

2024 2946 2140 2993 tum
2166 2954 2458 3010 pergamus
2488 2956 2501 2992 :
2543 2938 2630 2993 his
2663 2937 2929 2995 hactenus
2972 2940 3179 2994 utiliter
3209 2942 3596 3005 consideratis.

2022 3037 2083 3085 ut
2111 3045 2291 3086 sermo
2319 3029 2386 3086 de
2417 3031 2540 3087 istis
2575 3046 2686 3086 non
2713 3031 2936 3086 omnino
2967 3032 3127 3089 nobis
3156 3034 3461 3104 praeteritus
3495 3036 3591 3090 sit.

2021 3119 2321 3193 Tripartita
2346 3122 2491 3177 enim
2527 3122 2769 3193 nequitia
2805 3131 2996 3177 contra
3025 3125 3198 3195 legem
3240 3126 3422 3181 locuta
3467 3134 3587 3189 est,

338 3209 633 3275 τοσαύταις
655 3211 977 3283 χρησαμένη
995 3211 1329 3283 διαιρέσεσι,
1351 3211 1626 3274 τοσούτοις
1655 3211 1915 3283 κέχρηται

2019 3213 2245 3268 totidem
2280 3213 2547 3269 ministris
2567 3222 2623 3268 et
2649 3213 2920 3285 praefectis
2952 3214 3310 3285 blasphemiae
3340 3232 3457 3281 usa,
3486 3215 3593 3272 Va-

336 3301 435 3354 καὶ
471 3302 583 3364 τοῖς
610 3301 906 3373 ὑπηρέταις
936 3302 1029 3356 καὶ
1056 3302 1397 3373 προστάταις,
1418 3304 1518 3374 τῆς
1550 3301 1920 3374 βλασφημίας,

339 3391 597 3463 ᾑρημένη
629 3393 754 3455 τοὺς
778 3393 1116 3464 ὑπηρετῆσαι
1145 3393 1492 3464 δυναμένους·
1528 3394 1621 3448 καὶ
1658 3393 1746 3447 διὰ
1774 3395 1918 3449 Οὑα-

338 3481 581 3535 λεντίνω
612 3482 710 3554 μὲν
745 3482 1063 3555 σμικρύνειν
1097 3482 1188 3536 τὸν
1222 3482 1405 3553 νόμον,
1439 3483 1533 3536 καὶ
1561 3482 1817 3554 χωρίζειν
1855 3482 1917 3537 τὸ

337 3575 693 3645 Εὑαγγέλιον·
727 3576 815 3630 διὰ
847 3576 905 3630 δὲ
940 3566 1262 3647 Μαρκίωνος
1288 3575 1638 3647 ἐκτρώματός
1664 3593 1808 3640 τινος
1840 3573 1918 3630 εῖ-

338 3684 433 3721 ναι
450 3668 549 3738 τὴν
571 3666 666 3721 τοῦ
688 3668 851 3738 νόμου
874 3669 1114 3739 Γραφήν·
1143 3667 1231 3722 διὰ
1249 3668 1306 3721 δὲ
1332 3668 1652 3740 Μανιχαίου,
1677 3667 1912 3743 πονηροῦ

337 3772 509 3819 τινος,
545 3757 972 3826 άφεγγοῦς,δλον
1003 3759 1244 3821 σκότους·
1286 3756 1509 3810 τοιαῦτα
1531 3757 1641 3828 γὰρ
1665 3758 1912 3830 πράττει·

337 3844 565 3898 τοιαῦτα
589 3848 833 3919 ῥημάτια
854 3849 1153 3919 συντίθησι·
1180 3847 1483 3902 κενολεκτεί
1504 3848 1590 3901 διὰ
1614 3849 1912 3915 συνθέσεως

339 3937 583 4010 ῥήματα,
614 3941 1002 4011 καταπλήττων
1038 3938 1205 4002 ἀκοὰς
1224 3939 1621 4010 ἀγυμνάστους.

2020 3303 2228 3359 lentino
2290 3303 2509 3373 quidem
2567 3303 2636 3358 ad
2684 3304 3032 3361 minuendam
3085 3314 3139 3362 et
3186 3306 3591 3364 extenuandam

2019 3393 2214 3464 legem,
2241 3402 2296 3449 et
2319 3393 2682 3463 separandum
2712 3393 3101 3468 Evangelium;
3144 3396 3424 3453 Marciane
3457 3413 3590 3454 vero

2018 3485 2088 3539 ad
2117 3485 2462 3555 tradendum,
2493 3501 2617 3544 esse
2663 3485 3010 3558 Scripturam
3067 3489 3205 3560 legis
3243 3490 3587 3546 abortionem

2015 3578 2344 3651 quamdam;
2393 3579 2691 3636 Manichaeo
2717 3590 2898 3637 autem
2938 3580 3008 3637 ad
3038 3581 3435 3647 mentiendum,
3465 3596 3589 3638 esse

2013 3670 2185 3741 legem
2215 3670 2503 3741 cujusdam
2539 3672 2691 3739 mali,
2713 3671 3003 3742 splendore
3027 3673 3269 3729 carentis
3294 3681 3348 3728 et
3372 3687 3441 3728 ex
3466 3681 3584 3730 toto

2012 3762 2362 3817 tenebricosi.
2395 3761 2549 3816 Talia
2568 3763 2714 3817 enim
2742 3762 2874 3835 agit,
2897 3764 3027 3819 talia
3061 3765 3229 3821 verba
3268 3764 3584 3835 componit;

2013 3867 2154 3908 vana
2187 3854 2466 3924 loquitur;
2519 3869 2680 3910 aures
2710 3855 2874 3909 rudes
2907 3866 2962 3910 et
3014 3856 3400 3912 inexercitatas
3428 3872 3582 3912 com-

2016 3946 2291 4013 positione
2316 3947 2605 4001 verborum
2632 3947 2689 4002 in
2722 3947 3137 4003 admirationem
3162 3947 3475 4005 traducens.

759 4060 888 4116 CAP.
917 4060 1005 4116 Vl.
1035 4064 1117 4115 An
1148 4060 1400 4117 adventus
1426 4058 1560 4115 Filii
1585 4060 1684 4116 Dei
1709 4061 1939 4117 dwmoni
1959 4068 2217 4134 cognitus.
2243 4069 2459 4139 Angelis
2487 4070 2754 4139 incognita
2785 4068 2884 4123 Dei
2914 4070 3160 4124 consilia.

409 4174 503 4226 Διὸ
526 4171 746 4225 τοιαῦτα
787 4173 1059 4244 ἐρωτῆσαι
1094 4173 1190 4226 δεῖ·
1227 4175 1289 4225 Ei
1316 4174 1344 4225 6
1378 4173 1611 4244 πονηρὸς
1636 4173 1727 4227 τὸν
1752 4174 1913 4244 νόμον

335 4264 600 4338 ἔγραψεν,
631 4268 659 4318 6
683 4267 930 4337 ἀφεγγὴς
946 4268 1167 4328 ἐκεῖνος,
1200 4266 1425 4319 καθόλου
1459 4266 1554 4319 καὶ
1581 4266 1754 4319 διόλου
1790 4266 1914 4319 σκό-

333 4374 430 4422 τος
472 4356 568 4425 ὢν,
620 4358 737 4422 πῶς
777 4359 891 4429 ᾔδει
925 4357 1133 4411 ἒλευσιν
1175 4359 1380 4430 Ἰησοῦ;
1430 4359 1545 4421 πῶς
1575 4359 1689 4429 ᾔδει
1728 4358 1910 4427 ἄφιξιν

2091 4179 2453 4246 Quamobrem
2476 4182 2783 4251 percontari
2802 4191 3015 4251 oportet
3038 4203 3049 4236 :
3073 4181 3129 4237 Si
3154 4184 3330 4239 malus
3346 4183 3436 4239 ille
3464 4186 3584 4241 sine

2019 4270 2328 4339 splendore,
2352 4281 2406 4327 et
2427 4282 2572 4329 totus
2589 4280 2642 4326 et
2655 4287 2720 4327 ex
2736 4281 2850 4327 toto
2871 4275 3128 4337 tenebrae,
3152 4275 3320 4345 legem
3341 4277 3582 4347 scripsit,

2018 4362 2294 4430 quomodo
2332 4366 2587 4433 cognovit
2612 4365 2903 4419 adventum
2946 4364 3109 4419 Filii?
3151 4366 3425 4436 quomodo
3457 4384 3584 4423 eum

334 4450 540 4519 αὑτοῦ;
568 4449 704 4514 πῶς,
737 4452 901 4521 μήπω
950 4450 1058 4502 τῶν
1098 4451 1437 4523 πραγμάτων
1484 4450 1906 4523 πεπραγμένων,

2019 4449 2250 4505 adesse?
2286 4451 2559 4522 quomodo
2607 4464 2730 4508 ante
2781 4462 3035 4509 eventum
3090 4470 3272 4510 rerum
3317 4456 3586 4512 intellexit

335 4544 573 4614 συνῆκεν
611 4542 646 4595 ἂ
688 4542 1043 4595 ἐϐουλεύσατο
1073 4545 1101 4595 6
1136 4544 1286 4606 Θεὸς,
1323 4545 1416 4596 καὶ
1455 4542 1908 4614 προκατήγγειλε,

331 4636 431 4688 καὶ
465 4635 841 4706 προεδήλωσε;
868 4636 1102 4707 Φανεραὶ
1129 4634 1239 4705 γάρ
1268 4637 1323 4688 αἱ
1353 4637 1447 4690 τοῦ
1475 4636 1637 4707 νόμου
1672 4638 1905 4708 Γραφαὶ,

330 4725 541 4780 ἄνωθεν
590 4725 962 4797 μαρτυροῦσαι
1005 4727 1102 4797 τὴν
1145 4728 1325 4796 ἄφιξιν
1361 4727 1455 4781 τοῦ
1503 4728 1654 4781 Υἱοῦ.
1707 4729 1769 4781 Et
1813 4729 1910 4799 μὲν

329 4814 444 4887 γὰρ
475 4815 711 4888 ἐροῦσιν,
750 4818 811 4870 Ὀ
838 4817 998 4887 νόμος
1022 4820 1121 4871 οὐκ
1158 4820 1442 4889 ἐδήλωσεν,
1478 4821 1599 4873 οὔτε
1637 4821 1910 4891 προφῆται

329 4913 541 4976 προεσή
552 4924 745 4977 μαναν,
773 4908 913 4961 κατὰ
939 4909 1045 4961 τῶν
1068 4912 1355 4980 προφανῶν
1383 4911 1738 4980 φθεγγόμενοι
1765 4911 1911 4978 ἐλεγ-

329 4992 661 5065 χθήσονται·
700 4998 796 5067 οὑχ
826 4997 981 5067 ήμῶν
1032 4998 1336 5052 πλεκόντων
1364 5001 1454 5052 τὸν
1504 5000 1744 5069 ἔλεγχον,
1794 5000 1907 5053 ἀλλ’

328 5084 515 5139 αὐτῶν
547 5087 654 5140 τῶν
699 5088 1044 5157 Εὑαγγελίων
1086 5090 1329 5162 φανερῶς
1371 5091 1778 5163 φθεγγομένων,
1813 5094 1907 5147 καὶ

330 5174 447 5229 ἅνω
481 5179 573 5231 καὶ
606 5179 755 5232 κάτω
785 5179 1047 5250 βοώντων·
1080 5182 1156 5252 πῆ
1190 5183 1285 5252 μὲν
1315 5184 1400 5235 ἵνα
1436 5183 1691 5255 πληρωθῇ
1725 5184 1785 5236 τὺ
1810 5188 1907 5257 ρη-
1932 5226 1945 5249 ,

332 5265 427 5320 θὲν
461 5271 547 5323 διὰ
581 5271 802 5325 Ἡσαΐου
850 5271 942 5324 τοῦ
996 5275 1294 5343 προφήτου,
1331 5273 1408 5339 πῆ
1456 5274 1532 5326 δέ·
1561 5279 1682 5330 Οὐκ
1713 5272 1904 5347 ἦλθον

330 5361 670 5417 κατα-λῦσαι
711 5366 820 5418 τὸν
856 5364 1063 5434 νόμον,
1102 5365 1264 5418 ἀλλὰ
1291 5364 1622 5434 πληρῶσαι.
1657 5369 1718 5421 Εἰ
1750 5369 1807 5422 δὲ
1834 5372 1898 5422 ὲκ

403 5513 450 5544 ³ο
488 5514 647 5571 Rom.
684 5531 757 5583 ιι,
798 5516 908 5574 7-9.
984 5518 1026 5550 ³⁸
1067 5517 1229 5576 Hebr.
1266 5535 1316 5585 ι,
1349 5520 1403 5573 5.

1480 5521 1523 5552 ³⁸
1559 5518 1716 5576 Joan.
1751 5538 1898 5588 xvu,
1932 5522 2022 5577 25.

2015 4559 2137 4613 qua:
2166 4543 2306 4598 Deus
2340 4545 2568 4599 consilia
2591 4556 2842 4615 ceperat,
2897 4556 2953 4602 et
2979 4548 3362 4618 praenuntiavit
3409 4564 3495 4612 ea,
3527 4559 3583 4606 et

2014 4639 2303 4708 praedixit?
2355 4638 2653 4695 Manifesta:
2694 4640 2838 4703 enim
2895 4648 3022 4696 sunt
3070 4638 3367 4711 Scriptum
3399 4642 3531 4712 legis
3560 4683 3580 4705 ,

2014 4747 2135 4801 quae
2158 4746 2187 4785 a
2218 4731 2488 4802 principio
2522 4732 2812 4787 adventum
2842 4729 2962 4786 Filii
2993 4737 3284 4787 testantur.
3346 4731 3402 4787 Si
3433 4734 3579 4788 enim

2014 4824 2197 4879 dicent
2223 4832 2412 4879 contra
2437 4840 2500 4879 ea
2528 4841 2649 4895 quae
2677 4825 2732 4878 in
2763 4824 3053 4880 manifesto
3090 4834 3237 4886 sunt,
3272 4825 3580 4896 loquentes,

2014 4930 2123 4969 non
2142 4916 2540 4986 praemintiasse
2570 4916 2956 4987 legem,neque
2987 4918 3279 4987 prophetas
3302 4918 3582 4989 praasigni-

2017 5007 2242 5075 ﬁcasse;
2274 5008 2671 5077 redarguentur
2704 5024 2811 5064 non
2843 5024 2873 5063 a
2908 5011 3067 5065 nobis
3094 5009 3298 5065 nostris
3332 5009 3583 5069 confuta-

2015 5099 2278 5161 tiouibus,
2295 5099 2389 5154 sed
2420 5100 2488 5153 ab
2512 5100 2644 5168 ipsis
2658 5098 2966 5170 Evangeliis
2983 5102 3187 5171 apertis
3203 5101 3384 5156 verbis
3404 5119 3419 5169 ;
3452 5117 3580 5157 cum

2013 5190 2212 5258 ubique
2228 5189 2486 5253 clamant,
2503 5204 2652 5242 nunc
2678 5189 2918 5258 quidem,
2943 5197 3000 5243 ut
3028 5189 3316 5259 impleatur
3337 5189 3480 5260 quod
3504 5191 3587 5243 di-

2008 5285 2156 5332 ctum
2195 5288 2280 5334 est
2311 5294 2407 5348 per
2453 5277 2645 5334 Isaiam
2683 5280 3027 5349 prophetam,
3063 5294 3208 5334 nunc
3251 5295 3379 5334 vero
3415 5279 3582 5334 :Non

2009 5371 2123 5424 veni
2141 5371 2336 5424 solvere
2361 5370 2542 5440 legem,
2564 5370 2654 5424 sed
2671 5371 2883 5439 implere
2897 5370 2962 5427 ³³.
2984 5369 3041 5425 Si
3062 5380 3191 5427 vero
3212 5386 3277 5426 ex
3294 5370 3380 5428 his
3395 5372 3585 5428 convi-

2100 5523 2146 5554 ³³
2183 5522 2372 5578 Matth.
2411 5541 2462 5591 ν,
2505 5526 2591 5581 17.

324 5683 451 5738 qua:
486 5672 646 5743 paulo
684 5679 807 5729 ante
846 5687 1035 5729 auctor
1057 5674 1190 5729 dixit
1223 5694 1235 5729 :
1280 5674 1549 5741 Quomodo
1583 5677 1856 5747 unicuique
1893 5677 2061 5732 reddit
2084 5677 2369 5735 secundum
2394 5696 2550 5751 opera
2572 5684 2711 5739 sua?
2734 5681 2897 5739 ——Iis
2923 5686 3012 5758 qui
3037 5685 3345 5753 secundum,
3374 5695 3484 5743 etc.
