4138 6432
492 377 633 436 12(ὶῦ

1655 362 1794 421 TITI
1833 362 2263 422 BOSTRENSIS
2290 360 2600 420 EPISCOP!

3612 364 3750 422 1224

483 491 566 547 eti
598 486 964 550 consentiunt,
986 483 1116 555 quid
1145 482 1212 537 ad
1239 482 1339 537 hoc
1368 480 1815 552 respondebunt?
1842 478 1902 537 Si
1936 482 2073 536 enim

2177 479 2364 533 τούτου
2401 478 2586 548 σαφῶς
2631 476 2975 549 ἐλεγχόμενοι
3025 476 3380 543 συντίθενται,
3427 478 3480 532 τί
3523 478 3753 551 ἀποκρι-

488 598 642 639 nemo
657 580 819 641 novit,
833 577 948 647 quae
963 584 1083 631 sunt
1104 574 1349 641 hominis,
1376 575 1479 627 nisi
1501 572 1732 643 Spiritus
1751 571 1847 626 Dei
1876 573 1922 604 ³⁵
1939 591 1955 640 ;
1972 573 2067 642 qui

389 723 411 747 η
489 679 673 729 autem
696 670 865 740 legem
891 666 1135 738 scripsit,
1155 666 1305 721 novit
1322 679 1444 734 quae
1456 673 1611 720 erant
1640 665 1695 718 in
1713 663 1841 729 Deo,
1858 671 1912 719 et
1928 665 2069 720 scie-

395 750 405 765 ’
488 764 584 820 hat
605 764 946 833 quacunque
962 758 1104 815 Deus
1122 759 1355 825 volebat,
1369 765 1423 813 et
1439 758 1643 812 idcirco
1665 757 1886 828 scripsit
1909 772 2070 813 accu-

488 863 607 909 rate
633 862 684 908 et
700 852 956 913 Scienter,
988 859 1106 905 erat
1126 851 1363 920 igiturex
1388 848 1517 911 Deo,
1535 857 1587 902 et
1614 847 1754 902 Deus
1781 858 1830 901 et
1859 848 1913 903 in
1935 848 2067 913 Deo;

488 955 544 999 et
571 942 693 999 ideo
717 956 1057 1015 quaecunque
1086 940 1301 996 volebat
1321 938 1484 1005 Deus,
1516 939 1735 995 locutus
1764 949 1866 1007 est,
1887 942 2068 997 sciens

491 1050 614 1108 quae
640 1036 696 1090 in
723 1035 833 1090 Deo
852 1042 1034 1096 erant,
1066 1040 1120 1088 et
1146 1048 1252 1086 non
1293 1032 1572 1102 ignorans.
1599 1028 1658 1085 Si
1693 1038 1877 1088 autem
1908 1048 2068 1089 nemo

491 1140 588 1181 cor
619 1132 871 1181 nostrum
930 1124 1103 1186 novit,
1147 1123 1240 1178 sed
1275 1123 1425 1179 solus
1480 1123 1633 1177 novit
1668 1124 1767 1194 qui
1822 1123 1877 1178 id
1919 1122 2064 1188 fecit,

491 1225 549 1273 et
576 1219 708 1272 latet
746 1230 843 1270 cor
868 1221 1116 1270 nostrum
1148 1214 1306 1277 alios,
1331 1229 1447 1269 non
1481 1219 1661 1284 potest
1683 1220 1867 1268 tamen
1898 1214 2069 1270 latere

490 1306 687 1364 Deum.
721 1307 852 1373 Quae
875 1313 1054 1360 autem
1082 1305 1298 1359 volebat
1331 1304 1496 1369 Deus,
1526 1320 1637 1359 non
1665 1305 1951 1376 ignorabat
1974 1322 2070 1362 ne-

492 1398 690 1469 quitia,
726 1398 821 1453 sed
854 1397 1095 1463 sciebat;
1153 1403 1208 1451 et
1268 1394 1358 1450 hic
1407 1395 1629 1467 quidem
1661 1397 1921 1463 volebat,
1976 1398 2068 1452 illa

492 1504 623 1547 vero
650 1490 1014 1561 cognoscebat
1040 1532 1053 1544 .
1085 1490 1359 1560 quomodo
1390 1506 1501 1547 non
1524 1490 1778 1546 tribuunt
1811 1492 2070 1562 nequitiae

493 1594 749 1650 magnam
810 1578 1260 1650 amplitudinem,
1295 1595 1458 1651 quam
1507 1595 1618 1635 non
1667 1581 1847 1652 potuit
1892 1582 2071 1638 celare

492 1671 639 1728 Deus
671 1674 738 1728 de
772 1673 1022 1728 consiliis
1065 1681 1120 1727 et
1162 1673 1442 1728 voluntate
1479 1673 1613 1728 sua?
1656 1672 1927 1744 quomodo
1959 1688 2069 1728 non

493 1763 789 1820 detrahunt
823 1748 933 1817 Deo
957 1805 972 1829 ,
1003 1764 1098 1833 qui
1145 1778 1253 1818 non
1292 1763 1469 1834 potuit
1502 1764 1680 1819 celare
1727 1763 2070 1834 nequitiam?

2167 574 2418 636 νοῦνταις
2448 572 2520 624 El
2545 570 2655 639 γὰρ
2684 568 2885 633 οὐδεὶς
2915 566 3038 623 οἵδε
3068 566 3141 622 τά
3169 568 3277 624 τοῦ
3302 570 3469 636 Θεοῦ,
3504 572 3554 624 εί
3574 570 3662 640 μὴ
3685 570 3755 624 τὸ

2166 660 2411 730 Πνεῦμα
2438 658 2543 713 τοῦ
2574 658 2743 725 Θεοῦ,
2773 660 2801 712 6
2828 659 2885 712 δὲ
2919 659 3080 729 νόμον
3105 660 3333 730 γράφων
3364 659 3479 731 ᾔδει
3501 660 3573 715 τά
3598 661 3656 715 ἑν
3675 661 3754 733 τῷ

2168 752 2307 823 Θεῷ,
2341 738 2442 805 ’καὶ
2482 751 2752 822 ἠπίστατο
2802 751 2903 805 ὅσα
2952 751 3203 805 ἐϐούλετο
3248 754 3278 805 6
3324 751 3479 816 Θεὸς,
3528 746 3753 808 παιδιὰ

2167 843 2324 897 τοῦτο
2368 842 2718 914 γεγράφηκεν
2770 840 2829 906 ἐξ
2875 843 3196 907 ἐπιστασίας
3238 844 3332 897 καὶ
3375 841 3687 916 ἐπιστήμης
3721 845 3752 897 ό

2167 935 2411 1008 γράφων·
2443 933 2558 1002 ἄρα
2590 930 2738 986 Θεοῦ
2766 928 2854 1003 ἦν,
2902 931 3003 985 καὶ
3029 932 3173 998 Θεὸς
3192 927 3279 1005 ἦν,
3310 934 3406 987 καὶ
3433 934 3503 987 ἐν
3523 930 3601 999 τῷ
3631 932 3752 999 Θεῷ

2166 1024 2252 1100 ἦν·
2283 1029 2374 1081 καὶ
2403 1027 2492 1080 διὰ
2514 1024 2671 1079 τοῦτο
2691 1025 2791 1078 ὅσα
2812 1023 3064 1078 ὲϐούλετο
3084 1026 3112 1078 6
3139 1025 3272 1090 Θεὸς
3300 1025 3584 1097 λελάληκε,
3612 1017 3750 1079 νοῶν

2167 1120 2238 1174 τά
2267 1123 2324 1173 ὲν
2351 1120 2430 1190 τῷ
2461 1116 2600 1188 Θεῷ,
2644 1116 2737 1170 καὶ
2769 1117 2870 1170 οὐκ
2899 1117 3128 1186 ἀγνοῶν.
3163 1102 3227 1170 Εἰ
3263 1117 3321 1171 δὲ
3345 1118 3444 1189 τὴν
3472 1116 3752 1189 ἡμετέραν

2169 1212 2395 1283 καρδίαν
2432 1206 2571 1263 οἶδεν
2606 1209 2801 1273 οὐδεὶς,
2845 1208 3005 1280 μόνος
3036 1209 3093 1263 δὲ
3127 1204 3265 1263 οἶδεν
3298 1210 3327 1263 6
3360 1210 3621 1281 Ποιητής·
3656 1209 3753 1263 καὶ

2169 1305 2419 1359 λανθάνει
2449 1305 2546 1375 μὲν
2575 1304 2818 1375 ἡμετέρα
2852 1303 3049 1375 καρδία
3079 1305 3208 1367 τοὺς
3241 1305 3455 1369 ἄλλους,
3490 1306 3552 1358 ού
3585 1305 3750 1359 δύνα·

2168 1415 2257 1451 ται
2286 1396 2342 1449 δὲ
2373 1396 2653 1450 λανθάνειν
2685 1396 2776 1449 τὸν
2809 1395 2960 1449 Θεόν·
2990 1394 3026 1449 δι
3054 1396 3111 1449 δὲ
3138 1396 3387 1450 ἐϐούλετο
3414 1399 3443 1449 6
3468 1396 3620 1461 Θεὸς,
3651 1397 3751 1450 οὐκ

2169 1489 2355 1560 ἠγνόει
2382 1491 2414 1560 ἡ
2443 1488 2693 1560 πονηρία,
2729 1487 2842 1541 ἀλλ’
2871 1486 3006 1558 ᾔδει·
3035 1488 3127 1541 καὶ
3146 1481 3301 1551 οὗτος
3325 1487 3422 1559 μὲν
3453 1487 3561 1559 (56)
3592 1486 3748 1543 ἐϐου-

2168 1578 2373 1645 λεύετο,
2407 1579 2591 1650 ἐκείνη
2616 1578 2672 1632 δὲ
2703 1578 2843 1650 ᾔδει·
2875 1577 2992 1641 πῶς
3018 1580 3079 1631 οὐ
3116 1578 3258 1648 μέγα
3291 1578 3521 1650 μέγεθος
3549 1578 3750 1632 διδόασι

2169 1670 2235 1744 τῇ
2264 1672 2519 1743 πονηρίᾳ,
2538 1671 2812 1741 δυναμένῃ
2841 1669 2974 1741 μηδὲ
2996 1670 3092 1741 τὴν
3121 1669 3316 1742 βουλὴν
3337 1670 3431 1723 τοῦ
3455 1668 3591 1723 Θεοῦ
3615 1670 3752 1723 ἀπό-

2170 1779 2376 1835 κρυφον
2415 1762 2595 1834 ἐχειν;
2642 1761 2760 1827 πῶς
2802 1763 2861 1817 δὲ
2901 1764 2961 1816 οὐ
3006 1761 3349 1830 διαϐάλλουσι
3379 1761 3470 1815 τὸν
3498 1762 3647 1826 Θεὸν,
3677 1761 3752 1833 μὴ

492 1852 573 1907 Ac
610 1852 853 1908 ridemus
885 1852 1108 1923 quidem
1146 1853 1322 1917 viros,
1351 1854 1445 1925 qui
1477 1870 1602 1910 cum
1637 1853 1843 1924 aliquid
1876 1862 2070 1909 contra

2177 1855 2465 1926 δυνάμενον
2521 1855 2655 1926 μήτε
2702 1854 2967 1925 πονηρίαν
3015 1852 3309 1925 κρύπτειν;
3349 1853 3459 1906 Καὶ
3506 1852 3753 1923 γελῶμεν

493 1944 682 2000 hOStes
705 1943 1006 1999 moliuntur
1030 1953 1087 1999 et
1106 1945 1492 2000 machinantur
1512 1985 1528 2012 ,
1580 1946 1869 2002 consilium
1903 1959 2071 2000 exco-

494 2034 725 2107 gitatum
748 2037 805 2090 in
829 2043 1076 2106 apertum
1107 2034 1365 2092 ell‘erunt.

567 2127 670 2194 Qui
691 2127 821 2183 talia
854 2128 1173 2197 loquuntur,
1205 2137 1261 2184 et
1292 2122 1609 2199 hujusmodi
1638 2134 1945 2187 sermonem
1990 2136 2076 2188 se-

495 2226 646 2283 runt,
678 2235 788 2275 non
815 2218 1002 2275 vident
1032 2220 1213 2276 facere
1251 2236 1344 2287 se,
1401 2228 1461 2277 ut
1496 2221 1736 2278 ludibrio
1791 2225 1863 2279 sit
1894 2222 2072 2290 Deus;

494 2311 744 2384 quicum
780 2312 976 2367 militet
1004 2316 1266 2383 tanquam
1324 2302 1436 2369 dux
1491 2314 1768 2370 exercitus
1813 2315 2076 2371 adversus

497 2404 819 2475 nequitiam,
854 2403 1085 2458 consilia
1116 2419 1216 2459 sua
1255 2419 1361 2459 non
1408 2405 1622 2460 occulte
1654 2407 1976 2473 servaverit,
2006 2422 2076 2461 ne

499 2495 758 2565 nequitiae
813 2495 1154 2566 pateﬁerent.
1200 2495 1355 2562 Quod
1384 2497 1433 2552 si
1477 2497 1678 2553 divina:
1719 2504 1776 2553 et
1818 2499 2078 2569 angelicas

499 2594 801 2658 potestates
847 2602 957 2642 non
1018 2594 1248 2658 possimt
1297 2587 1637 2660 intelligere,
1684 2590 1816 2661 quid
1860 2580 2076 2647 c‘ohsilii

500 2679 679 2749 capiat
709 2676 888 2746 Pater,
922 2680 1182 2750 solusque
1220 2674 1394 2737 Filius
1432 2678 1710 2754 intelligit,
1741 2689 1795 2738 et
1816 2690 2073 2738 enarrat:

498 2770 669 2826 Deum
691 2788 839 2826 nemo
862 2771 994 2826 vidit
1022 2787 1254 2842 unquam
1280 2788 1299 2826 :
1333 2773 1630 2844 unigenitus
1661 2772 1839 2829 Filius
1864 2774 1956 2846 qui
2000 2783 2080 2829 est

498 2864 556 2918 in
583 2865 705 2918 sinu
738 2862 952 2930 Patris,
1008 2865 1117 2933 ipse
1153 2867 1421 2920 enarravit
1470 2865 1514 2897 ³⁵
1547 2884 1561 2920 :
1597 2865 1870 2937 quomodo
1924 2866 2079 2922 malm

499 2960 801 3025 potestates
837 2968 902 3010 ea
935 2969 1057 3024 qua:
1086 2959 1140 3009 in
1173 2954 1283 3011 Deo
1319 2960 1494 3019 erant,
1529 2961 1924 3026 cognoverunt,
1952 2970 2078 3010 cum

501 3060 684 3116 neque
707 3046 906 3101 divina:
933 3053 1235 3116 potestates
1261 3048 1374 3102 haec
1404 3047 1549 3103 scire
1582 3049 1816 3117 possint,
1858 3047 1965 3103 nisi
2013 3060 2075 3104 ea

2175 1947 2276 2019 μὲν
2303 1949 2428 2011 τοὺς
2451 1946 2671 2018 ἄνδρας,
2725 1947 2820 1999 ὅτε
2851 1964 2906 1999 τι
2934 1946 3263 2018 πράττοντες
3296 1945 3434 1999 κατὰ
3457 1944 3567 1999 τῶν
3592 1944 3754 1999 πολε-

2177 2041 2332 2113 μίων,
2363 2039 2676 2112 εὐφώρατον
2711 2037 2927 2091 ποιοῦσι
2954 2038 3015 2091 τὸ
3046 2038 3290 2108 σκέμμα.

2244 2130 2496 2183 Τοιοῦτον
2516 2129 2571 2181 δὲ
2593 2129 2883 2191 πλέκοντες
2901 2128 3078 2196 λόγον,
3100 2128 3198 2198 οὐχ
3214 2126 3437 2197 ὁρῶσιν,
3451 2126 3531 2181 ὅτι
3557 2125 3755 2198 χλεύην

2174 2224 2312 2278 κατὰ
2337 2221 2430 2276 τοῦ
2458 2220 2593 2276 Θεοῦ
2623 2220 3000 2285 σκευάζουσιν·
3027 2220 3107 2272 ὅτι
3136 2216 3459 2290 στρατηγῶν
3491 2216 3634 2270 κατὰ
3654 2218 3754 2288 τῆς

2175 2316 2440 2387 πονηρίας
2486 2317 2514 2368 6
2553 2312 2706 2379 Θεὸς,
2743 2311 2813 2365 τά
2859 2310 3150 2381 σκέμματα
3196 2308 3267 2362 τὰ
3313 2308 3422 2362 [δια
3470 2307 3651 2379 ἀφανῆ
3692 2308 3755 2362 ού

2173 2408 2494 2480 τετήρηκεν·
2546 2405 2661 2458 ἀλλ’
2705 2399 2851 2475 εἶχεν
2898 2401 3037 2457 αὐτὰ
3082 2400 3372 2474 εὐφώρατα
3414 2402 3483 2472 τῇ
3523 2399 3755 2472 πονηρίᾳ

2175 2500 2455 2571 γινόμενα.
2498 2497 2562 2551 Et
2593 2498 2650 2551 δὲ
2684 2497 2780 2551 καὶ
2806 2498 2861 2550 αἱ
2901 2495 3041 2549 θεῖαι
3069 2494 3327 2565 δυνάμεις
3353 2493 3445 2547 καὶ
3472 2492 3758 2562 ammon

2175 2592 2235 2645 ού
2274 2588 2529 2645 δύνανται
2572 2588 2765 2658 νοῆσαι
2812 2585 2867 2641 τί
2914 2586 3223 2657 βουλεύεται
3266 2588 3295 2640 6
3339 2580 3547 2656 Πατὴρ,
3595 2583 3754 2655 μόνον

2176 2682 2420 2746 νοοῦντος
2463 2681 2556 2735 καὶ
2597 2674 2963 2752 ἐξηγουμένου
2994 2676 3111 2748 ⁶τοῦ
3164 2677 3316 2730 Υἱοῦ·
3368 2675 3516 2732 Θεὸν
3557 2673 3758 2742 οὐδεὶς

2177 2774 2398 2843 ἑώρακε
2419 2772 2684 2827 πώποτε·
2723 2776 2756 2826 ὁ
2785 2768 3124 2841 μονογενὴς
3152 2767 3304 2835 Υἱὸς,
3342 2771 3375 2823 ό
3412 2765 3498 2822 ὢν
3529 2769 3616 2834 είς
3652 2764 3761 2821 τὸν

2178 2868 2411 2923 κόλπον
2447 2858 2552 2920 τοῦ
2592 2860 2844 2932 Πατρὸς,
2886 2858 3117 2928 ἐκεῖνος
3153 2859 3515 2931 ἐξηγήσατο·
3554 2856 3672 2921 πῶς
3703 2858 3758 2910 αἱ

2178 2958 2412 3030 πονηραὶ
2444 2950 2703 3028 δυνάμεις
2733 2948 2955 3029 ᾔδεισαν
2991 2951 3062 3007 τά
3102 2953 3161 3006 ὲν
3198 2951 3276 3023 τῷ
3306 2946 3456 3021 Qui);
3497 2947 3620 3003 οὐδὲ
3652 2946 3760 2999 τῶν

2179 3051 2337 3105 θείων
2365 3050 2646 3121 δυνάμεων
2682 3046 2853 3101 ταῦτα
2879 3046 3195 3118 δυναμένων
3227 3042 3444 3107 ειδέναι,
3476 3040 3524 3094 εί
3552 3039 3627 3112 μὴ
3655 3055 3763 3091 πα-

501 3138 753 3193 tradente
779 3147 834 3193 et
860 3147 1151 3193 enarrante
1181 3135 1477 3209 Unigenito
1506 3137 1762 3193 discant?
1790 3134 1944 3204 Quod
1977 3154 2077 3193 au-

2185 3142 2395 3217 ράδοσις
2428 3141 2768 3214 μαθημάτων
2802 3142 2867 3194 ὲκ
2910 3138 3012 3215 τῆς
3053 3137 3149 3192 τοῦ
3190 3133 3527 3204 Μονογενοῦς
3564 3131 3762 3204 ἑξηγῄ-

502 3238 612 3286 tem
654 3230 772 3300 ipsa
812 3231 898 3286 lex
946 3230 1129 3284 omnia
1158 3245 1281 3300 quae
1312 3229 1381 3285 ad
1410 3229 1702 3286 adventum
1737 3231 1857 3299 ejus
1910 3233 2081 3302 perti-

504 3327 656 3386 nent,
692 3318 843 3389 prius
898 3328 1120 3373 narret:
1161 3316 1330 3382 Ecce,
1379 3316 1594 3387 inquit,
1629 3316 1785 3387 Virgo
1838 3317 1895 3370 in
1931 3327 2080 3372 utero

499 3411 752 3476 lubebit,
780 3418 829 3466 et
874 3412 1048 3479 pariet
1094 3408 1297 3465 Filium
1345 3409 1413 3465 ³⁸.
1449 3409 1606 3465 Alius
1665 3410 1931 3481 propheta
1967 3408 2081 3464 non

505 3502 721 3576 ignorat
754 3508 975 3556 |ocum:
1020 3496 1089 3554 Et
1137 3511 1195 3554 tu
1263 3495 1551 3564 Bethleem,
1591 3508 1735 3553 terra
1782 3497 1964 3566 Iuda,
1998 3514 2082 3553 ne-

420 3608 430 3636 ι
500 3604 769 3662 quaquam
812 3591 1039 3645 miniina
1085 3594 1139 3645 es
1174 3590 1229 3643 in
1291 3589 1616 3661 principibus
1648 3588 1795 3644 Juda
1820 3590 1886 3643 ³⁷.
1927 3589 2082 3645 Alius

504 3682 686 3738 locum
720 3681 930 3743 deﬁnit,
971 3681 1066 3737 ubi
1104 3681 1320 3752 positus
1347 3697 1362 3735 :
1390 3679 1646 3750 Cognovit
1691 3680 1781 3735 bos
1812 3694 2084 3750 possesso-

432 3827 437 3839 τ
502 3780 616 3829 rem
643 3784 893 3837 suum,“
922 3775 1104 3829 asinus
1154 3778 1385 3844 prtesepe’
1432 3772 1634 3828 domini
1685 3774 1772 3828 sui
1813 3773 1879 3827 ³³.
1928 3772 2083 3827 Alius

506 3866 691 3938 fugam
729 3866 785 3920 in
825 3864 1142 3938 Egyptum,
1176 3873 1230 3922 et
1278 3868 1511 3922 reditum
1550 3881 1619 3922 ex
1667 3864 1905 3937 Egypto
1939 3884 1955 3923 :
1998 3865 2083 3922 Ea:

502 3955 744 4028 Ερυριο
772 3960 950 4013 vocavi
984 3956 1187 4012 Filium
1212 3975 1384 4013 meum
1415 3958 1480 4014 ³⁸.
1505 3958 1663 4014 Alius
1689 3958 2080 4014 habitationem

508 4050 565 4104 in
597 4056 756 4105 aetate
790 4048 985 4121 puerili
1016 4068 1030 4104 :
1082 4048 1247 4105 Terra
1279 4048 1523 4105 Zabulon
1549 4057 1599 4104 et
1631 4057 1773 4103 terra
1805 4047 2081 4119 Nephtlta-

508 4143 624 4210 lim,
656 4145 795 4198 uiam
821 4143 984 4198 maris
1012 4143 1160 4197 ultra
1186 4140 1480 4197 Iordanem
1499 4158 1517 4197 :
1534 4143 1779 4212 popuius,
1813 4144 1903 4215 qui
1929 4141 2078 4198 sede-

508 4236 596 4291 bat
630 4237 695 4292 in
724 4236 970 4301 tenebris,
995 4235 1123 4290 vidit
1156 4234 1324 4290 lucem
1350 4248 1597 4304 magnam
1626 4236 1694 4290 ιθ.
1727 4236 1881 4290 Alius
1917 4235 2081 4290 etiam

502 4328 908 4385 Pratcursorem
961 4344 1074 4384 non
1122 4329 1376 4398 ignorat:
1430 4328 1543 4384 Vox
1586 4328 1868 4383 clamantis
1911 4328 1964 4381 in
1991 4326 2083 4380 de-

506 4434 679 4478 serto:
716 4422 916 4477 Parate
961 4423 1101 4477 uiam
1148 4420 1404 4487 Domini,
1446 4431 1617 4476 rectas
1662 4421 1823 4490 facite
1864 4421 2081 4474 semitas

2183 3250 2321 3300 σεως
2345 3226 2650 3309 παραδοθῇς
2686 3230 2809 3287 Ὅτι
2834 3226 2892 3286 δὲ
2925 3229 3087 3295 αὐτὸς
3117 3232 3146 3284 6
3170 3229 3333 3299 νόμος
3366 3226 3542 3281 πάντα
3568 3224 3638 3277 τά
3661 3224 3762 3293 τῆς

2181 3327 2418 3398 ἀφίξεως
2446 3327 2612 3379 αὐτοῦ
2643 3322 2930 3397 προλαϐὼν
2960 3323 3252 3394 διηγεῖται·
3292 3312 3439 3374 Ἰδοὺ
3465 3317 3505 3385 ἡ
3536 3314 3761 3386 Παρθέ-
3856 3320 3859 3323 ’

2179 3437 2288 3486 νος
2309 3420 2379 3474 ἐν
2408 3418 2620 3489 γαστρὶ
2655 3416 2800 3482 ἕξει,
2847 3415 2949 3469 καί
2985 3413 3215 3478 τέξεται
3265 3411 3434 3465 Υιόν·
3483 3408 3668 3481 ἔτερος
3704 3407 3761 3460 δὲ

2181 3514 2464 3585 προφήτης
2503 3510 2596 3564 τὸν
2633 3511 2797 3564 τόπον
2835 3510 2936 3563 οὒκ
2974 3507 3177 3576 ἀγνοεῖ·
3218 3496 3328 3559 Καὶ
3351 3503 3458 3568 σὺ,
3496 3498 3762 3570 Βηθλεὲμ

2193 3603 2399 3669 Ἰούδα,
2441 3600 2718 3673 οὐδαμῶς
2762 3602 3056 3671 ἐλαχίστη
3100 3592 3155 3652 εἷ
3192 3598 3264 3652 ὲν
3306 3594 3431 3661 τοῖς
3478 3592 3763 3664 ἡγεμόσιν

2193 3690 2399 3751 Ἰούδα·
2423 3695 2512 3748 ἓτε
2521 3712 2609 3767 ρος
2638 3695 2735 3750 καὶ
2757 3694 2849 3749 τὸν
2869 3695 2993 3767 ὅρον
3019 3691 3120 3762 τῆς
3143 3689 3364 3753 θέσεως·
3402 3688 3591 3758 Ἔγνω
3605 3684 3763 3751 βοῦς

2180 3789 2289 3844 τὸν
2319 3788 2722 3858 κτησάμενον,
2758 3786 2860 3841 καὶ
2899 3786 3038 3852 ὄνος
3075 3782 3190 3854 τὴν
3233 3781 3468 3853 φάτνην
3509 3778 3618 3834 τοῦ
3661 3795 3764 3831 κυ-

2174 3881 2312 3950 ρίου
2352 3879 2556 3937 αὐτοῦ·
2597 3880 2784 3952 ἕτερος
2823 3878 2881 3932 δὲ
2917 3878 3012 3931 καὶ
3043 3877 3144 3950 τὴν
3171 3876 3251 3938 είς
3281 3874 3549 3940 Αἴγυπτον
3585 3868 3761 3940 φυγὴν

2182 3972 2276 4026 καὶ
2303 3971 2400 4043 τὴν
2424 3971 2517 4024 ἀπ’
2547 3970 2825 4039 Αἰγύπτου
2858 3968 3134 4023 ἐπάνοδον·
3180 3964 3276 4030 Ἐξ
3305 3963 3606 4032 Αίγύπτου
3624 3956 3763 4012 ἐκά-

2180 4068 2338 4120 λεσα
2360 4064 2468 4118 τὸν
2497 4064 2632 4118 Υἱόν
2653 4078 2791 4133 μου·
2818 4061 2977 4125 ἄλλος
3003 4060 3100 4132 τὴν
3126 4058 3337 4128 οἴκησιν
3360 4055 3460 4125 τὴν
3484 4053 3542 4105 ἑν
3567 4052 3635 4121 τῇ
3662 4048 3761 4118 νέᾳ

2180 4157 2368 4229 ἡλικίᾳ
2393 4154 2541 4227 αὐτῷ
2563 4154 2904 4225 γενηθεῖσαν·
2937 4151 3028 4220 Γῆ
3063 4147 3403 4208 Ζαϐουλὼν,
3429 4141 3507 4212 τῆ
3531 4142 3760 4209 Νεφθα-

2180 4250 2339 4318 λείμ,
2366 4247 2510 4303 ὁδὸν
2531 4245 2850 4312 θαλάσσης
2868 4241 3059 4312 πέραν
3076 4240 3182 4294 τοῦ
3214 4234 3527 4305 Ἰορδάνου·
3556 4235 3588 4287 ό
3611 4231 3761 4295 λαίίς

2183 4342 2217 4394 ὀ
2246 4338 2582 4408 καθήμενος
2606 4338 2675 4390 ἐν
2703 4335 2906 4389 σκότει
2936 4330 3062 4401 φῶς
3090 4328 3212 4383 εἷδε
3239 4327 3394 4397 μέγα
3415 4341 3430 4357 ·
3488 4323 3671 4394 ἕτερος
3702 4319 3759 4374 δὲ

2183 4432 2278 4485 καὶ
2306 4428 2397 4484 τόν
2425 4430 2737 4501 Προδρομον
2764 4426 2865 4479 οὐκ
2887 4425 3086 4493 ἀγνοεῖ·
3110 4418 3280 4487 Φωνὴ
3300 4413 3571 4483 ,ϐοῶντος
3595 4413 3666 4467 ἐν
3685 4409 3757 4478 τῇ

502 4516 620 4585 ejus
644 4515 713 4571 “.
753 4513 999 4585 Denique
1051 4514 1098 4570 si
1132 4513 1258 4587 quis
1288 4515 1447 4570 vellet
1497 4513 1813 4585 prOphetias
1855 4528 1920 4568 ex
1959 4514 2077 4583 lege

2178 4521 2391 4592 ἐρήμῳ·
2428 4519 2807 4590 Ἑτοιμάσατε
2825 4516 2939 4586 τὴν
2959 4515 3102 4569 ὁδὸν
3127 4511 3234 4566 τοῦ
3255 4508 3496 4577 Κυρίου·
3524 4503 3761 4567 εὐθείας

499 4606 785 4677 colligere,
828 4614 1004 4660 totum
1041 4604 1398 4677 Evangelium
1441 4618 1771 4674 componere
1804 4603 2081 4659 videretur

507 4696 922 4773 conscribendis
975 4696 1143 4753 rebus
1189 4697 1246 4751 in
1292 4711 1359 4753 eo
1388 4695 1557 4766 gestis
1589 4693 1922 4764 propheticis
1959 4711 2082 4749 ver-

504 4787 615 4853 bis,
655 4802 887 4842 narrans
920 4787 1196 4851 studiose,
1242 4795 1295 4842 et
1337 4784 1617 4855 φιλολόγος
1659 4799 1767 4838 non
1799 4784 1920 4840 sine
1971 4785 2082 4856 spi-

502 4878 615 4934 ritu
644 4877 763 4949 ejus
792 4879 1135 4950 disciplinas,
1168 4877 1288 4947 ejus
1316 4876 1617 4941 doctrinas,
1642 4875 1762 4945 ejus
1783 4876 2079 4947 baptisma,

502 4968 629 5039 ejus
656 4970 955 5036 miracula,
1007 4970 1276 5040 judicium
1313 4968 1552 5033 factum,
1586 4968 1954 5038 proditionem
1984 4968 2083 5024 Ju-

507 5063 610 5127 σω,
646 5078 766 5133 quae
796 5062 850 5117 in
887 5062 1134 5133 patibulo
1167 5059 1332 5125 facta,
1363 5060 1457 5127 fel,
1485 5071 1698 5118 acetum
1733 5065 1789 5118 in
1822 5065 1914 5120 siti
1948 5081 2081 5136 por-

504 5160 739 5218 rectum,
758 5152 933 5222 ipsam
957 5151 1293 5222 sepulturam
1319 5158 1375 5207 et
1395 5160 1830 5221 monumentum,
1849 5153 2081 5210 descen-

507 5258 630 5299 sum
670 5245 737 5299 ad
780 5244 986 5301 inferos
1008 5284 1025 5312 ,
1073 5245 1248 5315 ipsam
1279 5247 1762 5316 resurrectionem,
1795 5256 1852 5304 et
1888 5250 1957 5311 ad
1987 5266 2084 5308 ex-

506 5344 744 5395 tremum
782 5340 1237 5411 assumptionem.
1270 5337 1428 5395 Tunc
1463 5339 1614 5395 enim
1639 5381 1657 5408 ,
1710 5342 1859 5412 quod
1889 5358 2083 5415 super-

504 5436 615 5498 est,
647 5431 905 5488 clamabit
928 5453 943 5490 :
972 5432 1166 5489 Tollite
1192 5440 1398 5503 portas,
1441 5431 1725 5503 principes,
1753 5442 1957 5490 uestras
1982 5476 1998 5503 ,
2032 5444 2085 5489 et

580 5585 631 5621 "
665 5587 827 5645 Rom.
862 5605 936 5656 ιι,
972 5589 1061 5646 ll.

508 5655 559 5691 *⁸
595 5657 702 5715 lsa.
738 5676 828 5726 Ix,
865 5660 918 5725 1,
950 5659 1007 5714 2.

1174 5589 1219 5622 ⁸³
1258 5586 1415 5644 Joan.
1451 5603 1503 5651 ι,
1538 5587 1626 5644 l8.

1111 5659 1154 5692 “
1195 5659 1302 5715 lsa.
1338 5674 1441 5720 ιι,
1479 5659 1531 5713 5.

1738 5589 1783 5622 ³⁸
1820 5590 1925 5647 lsa.
1950 5606 2036 5645 'vu
2052 5630 2071 5654 .
2108 5590 2197 5648 14.

2182 4612 2402 4667 ποιεῖτε
2433 4611 2575 4676 τοὺς
2604 4609 2841 4679 τρίϐους
2881 4605 3087 4662 αὐτοῦ.
3136 4604 3246 4657 Καὶ
3286 4600 3423 4663 ὅλως
3465 4600 3514 4650 εί
3559 4594 3757 4666 βουλη-

2183 4704 2299 4777 θείη
2322 4720 2425 4768 τις,
2449 4702 2845 4773 ἀναλεγόμενος
2871 4700 2971 4763 τὰς
2999 4701 3063 4752 ὲκ
3085 4696 3179 4751 τοῦ
3207 4695 3373 4766 νόμου
3402 4688 3757 4763 προφητείας,

2181 4796 2302 4849 ὅλον
2342 4795 2404 4847 τὸ
2447 4793 2777 4863 Εὐαγγέλιον
2814 4790 3114 4850 συνθεῖναι,
3151 4786 3219 4841 τὰ
3256 4781 3359 4839 ὧδε
3394 4777 3760 4852 πεπραγμένα

2186 4887 2393 4957 ῥήμασι
2427 4887 2783 4957 προφητικοῖς
2817 4881 3168 4954 συγγράφων,
3204 4878 3500 4948 φανήσεται
3532 4868 3760 4957 φιλομα-

2188 4956 2289 5048 θής
2316 4993 2400 5040 τις
2429 4956 2524 5029 Xa"-
2553 4974 2849 5044 φιλολόγος,
2884 4971 3099 5046 μὴ-δίχα
3122 4968 3427 5038 πνεύματος
3459 4956 3758 5029 ἐξηγούμε-

2186 5085 2276 5132 νος
2321 5066 2663 5138 παιδεύματα
2683 5065 2869 5122 αύτοῦ.
2896 5061 3240 5123 διδασκαλίας
3263 5053 3449 5117 αὑτοῦ,
3477 5050 3761 5138 βάπτισμα

2184 5160 2369 5225 αὑτοῦ,
2411 5137 2653 5232 σημείων
2696 5157 3052 5219 ὲπιτελέσεις,
3092 5154 3154 5206 τὸ
3189 5146 3410 5220 γεγονὸς
3438 5142 3632 5212 κρῖμα,

2184 5253 2471 5326 προδοσίαν
2489 5229 2591 5305 ’τοῦ
2631 5251 2821 5312 Ἰούδα,
2846 5251 2946 5320 τὴν
2974 5249 3066 5301 ἐπὶ
3095 5244 3187 5299 τοῦ
3221 5239 3396 5311 ίκρίου
3425 5229 3759 5326 οἰκονομίαν,

2181 5321 2281 5417 την
2307 5344 2469 5415 χολὴν
2490 5344 2585 5397 καὶ
2605 5343 2665 5397 τὸ
2685 5342 2806 5410 ὅξος
2831 5343 2892 5394 τὸ
2910 5343 2968 5393 ὲν
2997 5338 3123 5409 δίψη
3154 5327 3434 5399 δεδομένον
3463 5321 3634 5417 αὐτῷ,
3659 5322 3760 5417 την

2395 5413 2565 5507 αὐτὴν
2594 5436 2689 5490 καὶ
2714 5434 2775 5487 τὸ
2810 5432 3091 5505 μνημεῖον,
3125 5426 3221 5497 τὴν
3244 5419 3554 5492 οἰκονομίαν
3572 5413 3673 5484 τὴν
3700 5413 3758 5465 ὲν

3331 5577 3374 5610 ³⁸
3413 5573 3540 5631 Ose.
3573 5582 3630 5626 ιι
3651 5607 3668 5635 ,
3702 5564 3758 5621 lo

2310 5592 2355 5625 ³⁷
2394 5590 2558 5649 Mich.
2595 5608 2650 5662 ν,
2684 5590 2742 5647 2.
2855 5588 2901 5622 ³⁸
2939 5588 3044 5643 lsa.
3082 5599 3136 5652 ι,
3172 5581 3225 5640 3.

586 5792 705 5868 (56)
757 5793 1149 5851 Ἐϐουλεύετο.
1184 5790 1456 5863 lnterpres
1493 5791 1690 5863 legisse
1715 5788 1932 5845 videtur
1971 5786 2239 5843 ἐϐούλετο.
