4138 6420
411 341 544 400 12ἒὸ

1461 338 1832 394 ΑΜἘῐὶδυδ
1874 336 2300 394 MANICHEOS
2340 334 2472 394 LIB.
2499 334 2591 390 Ill.

3514 322 3654 382 1226

408 464 483 532 τῷ
527 459 648 531 ᾅδῃ,
679 459 777 530 τὴν
811 458 1024 528 ἔγερσιν
1058 455 1246 526 αὐτὴν,
1292 455 1351 507 τὸ
1393 454 1699 509 τελευταῖον
1744 455 1842 508 καὶ
1883 454 1980 525 τὴν

2115 453 2381 515 levamini,
2429 459 2595 519 porta:
2643 448 2952 513 teternates,
2992 456 3043 500 et
3106 444 3348 499 introibit
3407 459 3499 499 rex
3548 444 3662 515 glo-

408 551 690 623 ἁνάληψιν·
721 551 841 603 τότε
868 550 977 621 γὰρ
1005 547 1188 600 λοιπὸν
1218 548 1310 599 καὶ
1345 545 1614 619 βοήσεται·
1643 549 1845 615 Ἄρατε
1873 547 1983 599 πύ-

405 648 540 708 λας,
589 645 640 695 οὶ
688 640 996 709 ἄρχοντες,
1050 636 1236 705 ὑμῶν,
1288 638 1385 690 καὶ
1436 638 1751 705 ἐπάρθητε,
1799 639 1985 690 πύλαι

405 731 651 790 αἱώνιοι,
682 731 780 783 καί
805 729 1213 783 εἰσελεύσεται
1249 731 1281 781 ό
1316 728 1614 794 ,ϐασιλεὺς
1641 727 1747 795 τῆς
1780 727 1981 794 δόξης·

408 824 529 877 τότε
568 820 726 875 τοῦτο
763 822 1058 894 προσθήσει
1088 823 1182 874 καὶ
1210 822 1271 873 τὸ
1302 821 1682 893 γεγραμμένον
1716 821 1865 892 παρὰ
1891 819 1983 872 τοῦ

408 913 594 965 Δαϐίδ·
623 909 811 966 Εἶπεν
847 916 879 966 ό
916 914 1131 980 Κύριος
1166 913 1245 979 τῷ
1287 917 1479 981 Κυρίῳ
1511 931 1650 981 μου·
1684 912 1881 965 Κάθου
1919 912 1986 964 ἐκ

408 1004 624 1069 δεξιῶν
650 1023 791 1073 μου,
822 1004 934 1071 ἓως
960 1004 1038 1058 ἂν
1062 1005 1145 1061 θῶ
1166 1006 1308 1071 τοὺς
1338 1006 1591 1074 ἐχθρούς
1620 1022 1735 1057 σου
1765 1004 1990 1056 ὑποπό-

409 1096 544 1149 διον
579 1096 698 1148 τῶν
738 1096 941 1149 ποδῶν
968 1114 1105 1151 σου.
1146 1098 1207 1149 Ei
1247 1092 1340 1150 οὖν
1370 1099 1398 1149 6
1429 1097 1591 1165 νόμος
1623 1094 1795 1157 οὕτως
1831 1094 1989 1165 ἠκρί-

411 1189 556 1242 ϐωσε
576 1188 673 1259 τὴν
696 1189 877 1257 ἄφιξιν
902 1189 995 1242 τοῦ
1026 1190 1156 1243 Υἱοῦ
1184 1191 1277 1243 καὶ
1310 1189 1582 1261 μακρόθεν
1605 1187 1988 1259 προήγγειλεν,

411 1270 597 1330 οὐκέτι
644 1277 1007 1342 διαϐάλλεται,
1053 1280 1234 1332 οὐκέτι
1277 1279 1421 1349 ἄλλῳ
1461 1278 1891 1349 προσγράφεται.
1934 1278 1991 1330 '0

412 1370 679 1440 γεννήσας
723 1370 1113 1442 προελὰλησεν·
1154 1374 1182 1424 6
1221 1370 1648 1440 βουλευσάμενος
1684 1368 1827 1440 λόγῳ
1869 1386 1993 1440 προ-

413 1458 574 1513 ἑλαϐε
597 1459 665 1513 τὰ
691 1462 1012 1532 πράγματα·
1040 1461 1171 1524 Θεὸς
1196 1462 1471 1530 ἐγέννησε·
1506 1459 1637 1523 Θεὸς
1661 1458 1826 1527 λέγει·
1864 1460 1995 1523 Υἱός

407 1565 528 1619 μου
557 1550 615 1604 εἷ
638 1551 741 1615 σὺ,
778 1550 893 1620 ἐγὼ
922 1552 1192 1620 σήμερον
1236 1549 1568 1620 γεγέννηκά
1598 1566 1693 1605 σε.
1726 1549 1859 1612 Θεὸς
1893 1550 1997 1602 ὰπ-

414 1643 624 1696 έστειλε
644 1660 657 1672 ·
694 1646 828 1708 Θεὸς
861 1646 950 1699 διὰ
974 1646 1217 1710 Μωσέως
1244 1645 1496 1715 ὲλάλησε·
1517 1642 1838 1712 Προφήτην
1856 1640 1998 1710 ὑμῖν

413 1733 749 1803 ἀναστήσει
773 1738 987 1806 Κύριος
1009 1741 1040 1792 ό
1069 1738 1211 1803 Θεὸς
1248 1738 1316 1790 ἐκ
1352 1736 1466 1790 τῶν
1492 1735 1771 1804 ἀδελφῶν
1807 1731 1992 1803 ὑμῶν·

2086 549 2182 600 ria:
2203 547 2282 609 t’;
2329 552 2459 597 tunc
2492 542 2751 612 adjunget
2784 541 2907 603 hoc,
2932 539 3077 609 quod
3111 554 3142 593 a
3190 536 3361 592 David
3392 537 3660 607 scriptum

2085 648 2207 694 est:
2242 637 2393 691 Dixit
2456 635 2713 689 Dominus
2769 632 2992 686 Domino
3035 648 3147 686 meo
3172 671 3187 696 ,
3231 629 3418 686 Sedea
3459 628 3662 683 dextris

2090 733 2239 796 meis,
2269 729 2430 783 donec
2477 743 2671 797 ponam
2705 726 2944 779 inimicos
2989 734 3105 778 tuos
3143 723 3428 777 scabellum
3473 722 3665 790 pedum

2091 819 2388 875 tuorum”.
2443 818 2498 871 Si
2529 817 2694 889 igitur
2733 817 2819 870 lex
2864 815 3000 869 adeo
3051 815 3336 885 diligenter
3364 814 3663 869 adventum

2090 912 2214 965 Filii
2236 909 2548 980 descripsit,
2573 918 2629 964 et
2654 908 2953 978 longinquo
2982 916 3221 975 tempore
3250 915 3542 976 antequam
3571 920 3662 960 res

2089 1005 2392 1068 evenirent,
2424 1016 2519 1057 eas
2556 999 2945 1071 praenuntiavit
2969 1039 2982 1063 ,
3041 1014 3152 1053 non
3178 996 3291 1065 jam
3326 1004 3622 1052 accusatur
3646 1036 3660 1061 ,

2091 1112 2202 1151 non
2227 1097 2340 1165 jam
2397 1094 2553 1148 alteri
2606 1092 2925 1149 ascribitur.
2961 1090 3067 1157 Qui
3114 1090 3349 1161 genuit,
3396 1089 3665 1159 praedixit.

2092 1191 2196 1257 Qui
2228 1188 2573 1252 deliberavit,
2599 1202 2689 1242 res
2722 1186 2872 1241 dicto
2900 1184 3241 1254 anticipavit.
3282 1182 3425 1237 Deus
3455 1182 3667 1253 genuit.

2096 1285 2238 1339 Deus
2266 1282 2398 1337 dicit
2432 1300 2445 1336 :
2481 1278 2654 1334 Filius
2688 1294 2833 1333 meus
2864 1292 2917 1330 es
2944 1286 3023 1339 tu,
3055 1292 3145 1346 ego
3170 1275 3323 1329 hodie
3344 1274 3497 1345 genui
3521 1282 3569 1328 te
3601 1272 3670 1325 “.

2096 1374 2243 1429 Deus
2271 1373 2419 1427 misit
2449 1386 2554 1425 me.
2586 1369 2730 1425 Deus
2761 1383 2855 1439 per
2879 1366 3117 1439 Moysen)
3141 1367 3357 1422 locutus
3384 1374 3468 1421 est
3493 1384 3506 1421 :
3540 1364 3676 1419 Pro-

2096 1467 2302 1535 phetam
2322 1464 2463 1519 vobis
2482 1461 2760 1518 suscitabit
2782 1460 3039 1514 Dominus
3060 1459 3198 1514 Deus
3224 1475 3290 1513 ex
3312 1458 3573 1529 fratribus
3604 1474 3678 1513 ve-

2097 1557 2262 1619 stris;
2295 1557 2467 1624 ipsum
2501 1552 2729 1606 audietis
2752 1591 2766 1615 ,
2798 1566 3119 1621 quacunque
3159 1549 3399 1619 loquetur
3420 1547 3566 1602 vobis
3607 1548 3675 1603 ⁸⁵.

2102 1646 2176 1701 De
2201 1646 2269 1701 iis
2301 1646 2437 1715 ipsis
2472 1643 2730 1698 omnibus
2771 1641 2912 1696 Deus
2944 1640 3298 1707 deliberavit;
3343 1648 3397 1695 et
3424 1654 3550 1694 cum
3583 1638 3678 1695 de-

2103 1738 2412 1801 liberasset,
2432 1752 2544 1791 non
2573 1734 2782 1800 tacuit;
2810 1733 3101 1789 consilium
3132 1748 3195 1787 ac
3224 1732 3676 1788 deliberationem

413 1827 602 1880 αὺτοῦ
634 1829 974 1882 ἀκούσεσθε
1009 1828 1228 1893 πάντα,
1264 1828 1380 1883 ὅσα
1412 1827 1521 1882 ἐὰν
1546 1826 1797 1895 λαλήσῃ
1833 1824 1994 1894 ὑμῖν.

2110 1825 2509 1898 prmnuntiavit,
2540 1840 2636 1895 per
2672 1822 3036 1894 praenuntiata
3078 1821 3239 1877 [idem
3291 1822 3538 1877 faciens:
3581 1819 3681 1876 Vo-

428 1916 489 1971 ’0
518 1918 651 1983 Θεὸς
680 1919 1058 1985 ἐϐουλεύσατο,
1082 1922 1174 1974 καὶ
1200 1924 1228 1974 ὁ
1255 1921 1684 1992 βουλευσάμενος
1706 1921 1807 1973 οὐκ
1832 1916 1994 1971 ὲσιὼ-

416 2025 578 2080 πησε·
628 2011 727 2081 τὴν
760 2011 951 2082 βουλὴν
986 2016 1353 2085 προεμήνυσε,
1402 2014 1585 2067 πίστιν
1630 2013 1873 2084 ἐμποιῶν
1911 2012 1998 2066 διὰ

415 2100 527 2157 τῶν
560 2105 1034 2175 προμηνυθέντων’
1062 2106 1364 2172 Καλεῖται,
1397 2106 1531 2177 φησὶ
1557 2105 1685 2177 γὰρ,
1713 2104 1781 2158 τὸ
1809 2105 1998 2173 ὄνομα

2107 1927 2281 1981 catur,
2316 1914 2527 1985 inquit,
2572 1928 2761 1967 nomen
2793 1912 2928 1982 ejus,
2959 1909 3145 1982 Magni
3175 1911 3387 1966 consilii
3418 1910 3637 1983 angelus
3660 1953 3675 1977 ,

2107 2007 2460 2074 admirabilis,
2489 2005 3109 2075 consiliarius,princeps
3137 2005 3307 2075 pacis,
3337 2014 3488 2073 pater
3511 2002 3683 2074 futuri

2106 2101 2286 2157 saeculi
2318 2100 2383 2154 “.
2423 2099 2601 2171 Atque
2622 2100 2738 2155 haec
2758 2098 2978 2170 quidem
3004 2096 3308 2153 coniutatio
3335 2097 3417 2153 sic
3442 2097 3626 2152 habet.

414 2193 603 2249 αὐτοῦ
626 2196 905 2266 Μεγάλης
940 2197 1182 2267 ,ϐουλῆς
1238 2198 1515 2267 ἅγγελος,
1552 2196 1917 2266 θαυμαστὸς,
1975 2197 2343 2265 σύμϐουλος,
2386 2194 2588 2261 ἄρχων
2639 2190 2903 2260 εἰρήνης,
2956 2188 3155 2259 πατὴρ
3200 2189 3308 2243 τοῦ
3348 2189 3685 2259 μέλλοντος

415 2281 652 2354 αἰῶνος.
687 2290 797 2343 Καὶ
824 2287 1064 2355 τοιοῦτος
1092 2293 1188 2363 μὲν
1211 2293 1240 2345 6
1268 2291 1508 2352 τοιοῦτος
1534 2291 1773 2361 ἔλεγχος.

1676 2425 1807 2479 CAP.
1842 2422 1957 2478 Vll.
1989 2420 2097 2476 Lex
2124 2419 2259 2473 bona
2279 2418 2428 2488 jubet

506 2544 722 2617 Ἐπειδὴ
748 2544 805 2597 δὲ
829 2542 907 2613 τῷ
924 2534 1158 2614 πονηρῷ
1184 2542 1598 2614 προσγράφουσι
1620 2542 1711 2593 τὸν
1743 2540 1929 2611 νόμον,
1954 2538 2006 2591 τί

418 2639 683 2711 φήσουσιν
711 2634 806 2688 ἐάν
848 2650 934 2697 τις
964 2631 1143 2685 αὐτῶν
1177 2631 1470 2703 πεύσηται,
1504 2632 1554 2683 εί
1586 2630 1614 2682 6
1648 2630 1881 2703 πονηρὸς
1904 2646 2005 2683 πο-

422 2729 564 2803 νηρὰ
587 2727 864 2800 παραινεῖ,
895 2724 992 2779 καὶ
1016 2723 1078 2778 οὐ
1108 2723 1329 2778 δύναται
1354 2722 1429 2794 μὴ
1456 2724 1744 2793 παραινεῖν
1769 2719 2003 2792 πονηρὰ,

422 2821 605 2875 εἴποτε
641 2820 735 2873 καὶ
767 2815 909 2870 καλὰ
937 2814 1281 2887 παραινέσει,
1309 2814 1405 2867 καὶ
1440 2813 1627 2883 ἀγαθὰ
1665 2811 2004 2883 συμϐουλεύ-

426 2930 544 2980 σει;
585 2912 649 2966 Ei
688 2910 785 2981 μὲν
814 2909 926 2980 γὰρ
972 2906 1210 2980 ἐροῦσιν,
1246 2906 1329 2960 ὅτι
1373 2905 1585 2975 πέφυκε
1624 2904 1768 2959 καλὰ
1803 2920 2004 2977 παραι-

423 3008 556 3070 νεῖν,
584 3003 682 3056 καὶ
716 3000 897 3070 ἀγαθὰ
923 2998 1335 3071 συμϐουλεύειν,
1354 2997 1541 3052 λύουσι
1570 2997 1733 3054 πάλιν
1766 2997 1859 3051 τὸν
1882 2998 2009 3053 εαυ-

424 3093 534 3147 τῶν
557 3094 715 3165 ὅρον·
751 3089 935 3143 οὐκέτι
963 3088 1073 3160 γὰρ
1115 3087 1353 3159 πονηρὸς
1383 3088 1412 3140 ὁ
1450 3087 1526 3159 μὴ
1556 3088 1769 3160 πονηρὰ
1808 3104 2012 3159 παραι-

2184 2533 2323 2600 Quia
2360 2548 2487 2588 vero
2540 2533 2712 2604 legem
2762 2534 3073 2590 attribuunt
3111 2535 3279 2601 malo,
3314 2537 3449 2608 quid
3484 2539 3689 2598 dicturi

2114 2634 2264 2692 sunt,
2294 2625 2339 2682 si
2377 2626 2503 2697 quis
2531 2640 2627 2681 eos
2657 2632 3032 2697 percontetur,
3065 2626 3114 2681 si
3152 2628 3331 2686 malus
3371 2630 3515 2686 mala
3559 2647 3692 2688 sua-

2113 2719 2246 2786 det;
2274 2725 2328 2772 ct
2376 2733 2486 2772 non
2509 2725 2693 2788 potest
2730 2732 2842 2773 non
2880 2718 3115 2775 suadere
3155 2720 3299 2774 mala
3326 2738 3343 2790 ;
3375 2722 3422 2777 si
3450 2724 3693 2794 quando-

2113 2827 2221 2882 que
2265 2812 2410 2866 bona
2458 2810 2731 2879 suadebit,
2767 2809 2933 2867 etiam
2975 2812 3119 2869 bona
3156 2814 3387 2870 consilia
3415 2813 3603 2871 dabit?
3633 2815 3694 2873 Si

2113 2906 2260 2961 enim
2316 2903 2523 2969 dicant,
2582 2909 2769 2974 aptum
2828 2917 2957 2960 esse
2996 2911 3193 2961 natura
3236 2906 3306 2961 ad
3348 2907 3694 2964 suadendum

2115 2996 2282 3061 bona,
2320 2995 2389 3051 ad
2425 2995 2669 3051 dandum
2708 2995 2853 3052 bona
2899 2996 3153 3062 consilia,
3185 3012 3381 3054 rursus
3423 2997 3698 3057 deﬁnitio-

2117 3103 2244 3144 nem
2279 3103 2436 3155 suam
2478 3088 2718 3144 solvunt.
2762 3085 2884 3143 Non
2916 3089 3062 3143 enim
3095 3088 3210 3159 jam
3257 3090 3435 3147 malus
3466 3102 3573 3157 est,
3599 3092 3697 3164 qui

424 3184 562 3240 νῶν·
613 3183 798 3239 οὐκέτι
844 3181 1080 3253 πονηρὸς
1129 3182 1158 3234 ὁ
1199 3178 1379 3248 ἀγαθά
1421 3178 1827 3251 συμϐουλεύων.
1856 3180 1920 3233 Εί
1953 3179 2004 3234 δὲ

2118 3179 2263 3236 bona
2291 3182 2385 3236 dat
2409 3179 2664 3236 consilia.
2707 3175 2805 3234 Sin
2841 3187 3025 3236 autem
3068 3180 3220 3235 nulla
3263 3181 3406 3238 bona
3440 3183 3697 3241 voluntas

426 3275 652 3347 οὐδεμία
676 3274 991 3347 προαίρεσις
1017 3270 1198 3343 ἀγαθὴ
1223 3272 1334 3327 ἀπὸ
1353 3274 1591 3345 πονηροῦ
1621 3271 2009 3344 προσέρχεται,

429 3367 590 3431 ποίας
614 3366 820 3433 τάξεως
869 3364 1085 3436 ἐροῦσιν
1125 3363 1339 3428 ὲκείνας
1379 3363 1479 3429 τὰς
1514 3364 1896 3435 παραινέσεις·
1929 3365 2012 3419 Οὐ

428 3460 818 3529 πορνεύσεις·
848 3460 921 3512 οὐ
932 3457 1279 3528 μοιχεύσεις
1299 3474 1312 3487 ·
1351 3458 1423 3511 οὐ
1459 3456 1738 3526 κλέψεις·
1776 3457 1848 3511 οὑ
1873 3459 2016 3525 ψευ-

428 3548 934 3619 δομαρτυρήσεις;
983 3547 1150 3609 Ποίας
1204 3545 1414 3611 τάξεως
1468 3546 1685 3618 ὲροῦσιν
1737 3549 1915 3600 ἐκεῖνο
1953 3546 2015 3600 τὸ

429 3641 844 3713 γεγραμμένον·
900 3642 983 3694 Οὐ
1032 3638 1308 3707 ποιήσεις
1355 3640 1594 3706 σεαυτῷ
1638 3639 1886 3705 εἴδωλα,
1940 3641 2013 3694 οὐ

428 3730 657 3797 παντὸς
677 3731 957 3801 ὁμοίωμα,
980 3730 1117 3784 οὔτε
1133 3729 1250 3783 ὅσα
1265 3729 1335 3783 ἐν
1348 3728 1429 3794 τῷ
1454 3726 1707 3796 οὐρανῷ,
1736 3728 1876 3782 οὔτε
1898 3728 2017 3781 ὅσα

428 3821 500 3876 ἐν
531 3817 609 3891 τῇ
632 3819 731 3892 γῇ,
775 3821 912 3875 οὔτε
943 3820 1061 3874 ὅσα
1089 3820 1159 3875 ἐν
1183 3819 1309 3886 τοῖς
1339 3818 1520 3873 ὕδασι
1538 3834 1558 3882 ;
1591 3818 1759 3882 Ποίας
1800 3817 2017 3890 μερίδος

432 3915 664 3987 φήσουσι
702 3913 771 3968 τὰ
816 3915 1245 3986 προστάγματα·
1300 3914 1421 3967 Οὐκ
1470 3911 1865 3981 ἐπιθυμήσεις
1908 3908 2015 3963 τοῦ

423 4006 579 4073 ,βοὸς
605 4005 712 4061 τοῦ
746 4005 1014 4075 ἀδελφοῦ
1058 4020 1194 4072 σου,
1226 4006 1266 4074 ἢ
1300 4004 1407 4058 τοῦ
1452 4001 1794 4073 ὑποζυγίου,
1824 4002 1863 4071 ἣ
1904 4000 2017 4069 τῆς

431 4097 738 4167 γυναικὸς,
773 4097 811 4167 ἢ
858 4098 1084 4164 παντὸς
1115 4095 1409 4162 κτήνους;
1438 4095 1501 4148 Ei
1549 4095 1645 4165 μὲν
1685 4092 1795 4166 γὰρ
1844 4092 2018 4160 σεμνὰ

434 4191 528 4244 καὶ
557 4189 676 4243 Θεῖα
715 4190 811 4243 καὶ
855 4190 1095 4261 ὲράσμια
1131 4188 1200 4243 τὰ
1243 4186 1468 4243 τοιαῦτα
1500 4189 1783 4257 φήσουσιν,
1826 4188 2017 4258 ἐντρα-

431 4284 694 4355 πήσονται
723 4281 829 4336 ὑπὸ
855 4282 964 4336 τῶν
996 4282 1372 4354 παραινέσεων
1403 4280 1466 4333 τὸ
1502 4279 1729 4351 μέγεθος
1749 4278 1840 4332 τοῦ
1878 4295 2016 4349 συμ-

435 4373 854 4438 ϐεϐουλευκότος
884 4374 1246 4445 ἠγνοηκότες·
1276 4373 1324 4427 εί
1357 4372 1415 4426 δὲ
1450 4370 1627 4442 φαῦλα
1661 4370 1800 4425 αὐτὰ
1831 4370 2015 4443 ἐροῦσι

434 4468 530 4522 καὶ
550 4466 969 4540 διαϐεϐλημένα,
996 4466 1091 4520 καὶ
1121 4465 1323 4537 φαῦλόν
1354 4467 1470 4518 ὲστι
1504 4464 1566 4517 τὸ
1606 4464 1680 4536 μὴ
1711 4464 2014 4539 πορνεύειν,

2113 3290 2181 3330 ac
2221 3274 2547 3331 deliberatio
2586 3289 2617 3328 a
2660 3274 2805 3329 malo
2853 3274 3247 3345 proﬁciscitur,
3283 3276 3443 3346 cujus
3482 3277 3697 3333 ordinis

2114 3366 2299 3422 dicent
2350 3381 2474 3422 esse
2527 3365 2651 3421 illas
2699 3365 2989 3422 suasiones
3032 3380 3096 3421 ac
3138 3366 3471 3424 monitiones
3514 3390 3526 3424 :
3569 3367 3696 3426 Non

2114 3459 2502 3531 fornicaberis;
2543 3475 2648 3514 non
2691 3456 3059 3523 adulterabis;
3096 3474 3200 3512 non
3239 3460 3445 3528 furtum
3486 3459 3696 3530 (acies;

2124 3571 2231 3609 non
2276 3553 2477 3625 falsum
2537 3552 2893 3608 testimonium
2957 3551 3097 3607 dices
3143 3552 3209 3607 "".
3264 3552 3436 3621 Cujus
3484 3552 3697 3610 ordinis

2114 3648 2300 3702 dicent
2343 3661 2467 3702 esse
2495 3645 2653 3709 illud,
2692 3644 2837 3715 quod
2887 3645 3152 3715 scriptum
3188 3655 3273 3700 est
3315 3664 3331 3700 :
3368 3643 3493 3700 Non
3532 3645 3697 3715 facies

2117 3737 2211 3789 tibi
2232 3736 2397 3804 idola,
2430 3753 2522 3791 nec
2550 3736 2713 3790 ullius
2741 3735 3164 3802 similitudinem,
3194 3753 3355 3808 neque
3379 3754 3697 3809 quacunque

2116 3830 2171 3883 in
2217 3829 2366 3893 caelo,
2408 3844 2571 3898 neque
2612 3844 2934 3899 quoscunque
2964 3829 3018 3881 in
3050 3838 3212 3895 terra,
3255 3845 3418 3899 neque
3452 3846 3700 3901 quwcun-

2116 3936 2215 3989 que
2243 3919 2299 3972 in
2330 3920 2483 3990 aquis
2506 3917 2590 3971 ⁸³⁸2
2610 3917 2782 3986 Cujus
2815 3918 2988 3987 partis
3024 3933 3147 3974 esse
3178 3918 3269 3973 illa
3298 3918 3498 3973 dicturi
3525 3925 3653 3974 sunt
3679 3934 3694 3971 :

2120 4010 2244 4065 Non
2283 4012 2617 4080 concupisces
2670 4011 2845 4065 bovem
2886 4010 3075 4080 fratris
3118 4010 3217 4072 tui,
3246 4011 3349 4063 'aut
3397 4010 3694 4081 subjugale,

2118 4112 2210 4157 aut
2246 4119 2485 4168 uxorem,
2527 4113 2620 4156 aut
2659 4120 2810 4158 omne
2847 4102 3145 4172 jumentum
3179 4102 3269 4155 ‘9?
3306 4099 3365 4155 Si
3399 4103 3544 4157 enim
3580 4103 3697 4157 haec

2119 4194 2350 4249 honesta
2388 4201 2443 4249 et
2489 4192 2675 4248 divina
2728 4201 2893 4263 atque
2946 4191 3203 4245 amabilia
3257 4205 3381 4245 esse
3436 4189 3697 4254 dixerint,

2119 4288 2251 4357 ipsa:
2278 4285 2611 4340 monitiones
2639 4285 2894 4353 ellicient,
2919 4291 2979 4340 ut
3009 4299 3068 4339 se
3096 4284 3200 4354 ipsi
3226 4283 3576 4349 erubescant,
3605 4283 3700 4353 qui

2119 4379 2533 4450 amplitudinem
2571 4378 2692 4448 ejus
2738 4378 2834 4449 qui
2869 4377 3119 4442 monuit,
3155 4377 3566 4448 ignoraverunt.
3601 4374 3702 4431 Sin

2118 4488 2250 4530 vero
2271 4472 2511 4527 dixerint
2534 4485 2702 4542 prava
2731 4486 2855 4527 esse
2880 4470 2996 4525 haec
3023 4478 3078 4525 et
3121 4469 3178 4523 in
3205 4468 3457 4537 crimine,
3488 4476 3544 4524 et
3575 4482 3702 4539 pra-

434 4560 530 4613 καλ⁵
554 4558 757 4630 φαῦλόν
782 4560 896 4611 ἐστι
924 4558 985 4611 τὸ
1016 4559 1091 4631 μὴ
1126 4560 1413 4631 ἐπιθυμεῖν
1442 4558 1756 4629 ἀλλοτρίων,
1782 4557 1876 4611 καὶ
1905 4573 2004 4611 τοι·

2122 4581 2249 4621 vum
2281 4571 2368 4620 est
2405 4579 2515 4619 non
2556 4564 2819 4631 scortari,
2851 4571 2906 4619 et
2938 4578 3165 4634 pravum
3211 4576 3276 4616 ac
3316 4562 3571 4617 vitiosum
3615 4567 3702 4616 est

433 4651 575 4707 αὖτά
608 4653 724 4706 ἐστι
764 4651 832 4705 τὰ
867 4651 1073 4721 φαῦλα·
1120 4651 1310 4705 σκόπει
1350 4646 1438 4706 οἷα
1476 4653 1762 4723 νοήσουσιν
1802 4651 2011 4719 ἀγαθά·

436 4746 664 4813 σκόπει,
704 4747 785 4800 ὃτι
811 4745 1125 4818 προαγωγοί
1156 4746 1263 4799 εἰσι
1299 4745 1408 4801 τῶν
1438 4745 1663 4816 ἡδονῶν,
1697 4746 1790 4799 καὶ
1821 4745 2017 4817 πρόξε-

434 4855 515 4895 vat
534 4838 644 4893 τῶν
670 4838 923 4902 εἰδώλων,
957 4840 1050 4893 καὶ
1088 4840 1318 4910 αἰσχρᾶς
1347 4838 1644 4908 ἐπιθυμίας
1678 4839 1898 4910 εύρεταί
1918 4854 1932 4868 ·
1969 4841 2017 4892 οἱ

432 4931 542 5005 γὰρ
564 4932 655 4987 τὸν
690 4933 854 5005 νόμον
885 4932 1259 4995 διαϐάλλοντες
1292 4932 1433 5003 ὑπὲρ
1473 4931 1703 5002 ἀνομίας
1747 4930 2018 5001 πρεσϐεύ-

432 5041 494 5079 ου
501 5043 603 5079 σιν.

503 5207 566 5259 Ui
594 5207 685 5262 τὸν
718 5206 882 5278 νόμον
925 5207 1016 5260 τὸν
1043 5207 1141 5270 τὰς
1177 5206 1371 5276 ἡδονὰς
1409 5205 1761 5278 ἀναιροῦντα,
1794 5207 1884 5259 τὸν
1919 5206 2015 5278 τὴν

431 5298 649 5370 ἀπάτην
683 5299 1039 5364 καταλύοντα,
1071 5299 1161 5352 τὸν
1187 5299 1604 5370 δεισιδαιμονίαν
1636 5298 2017 5370 καταργοῦντα

432 5389 924 5464 ὲξοστρακίζοντες,
966 5392 1018 5446 τί
1060 5391 1327 5463 ἓτερον,ἢ
1370 5391 1716 5455 είσοικίζουσι
1763 5391 1859 5454 τὰς
1894 5391 2017 5462 ἡδο-

431 5480 529 5547 νὰς
550 5484 645 5538 καὶ
671 5485 986 5557 εἰσφέρουσι
1016 5485 1116 5549 τὰς
1138 5485 1464 5556 ὲπιθυμίαςς
1504 5487 1621 5540 Ἵνα
1647 5489 1679 5557 ἡ
1714 5485 1871 5557 ἡδονὴ
1897 5483 2020 5538 ἀνέ-

2126 4673 2236 4713 ηοιι
2278 4657 2673 4728 concupiscere
2716 4657 2911 4717 aliena.
2950 4666 3005 4712 et
3047 4652 3363 4726 liujusmodi
3393 4662 3542 4719 sunt,
3578 4667 3703 4724 qua:

2126 4751 2268 4805 mala
2310 4757 2459 4816 sunt,
2492 4750 2736 4815 adverte,
2765 4750 2952 4820 qualia
2984 4749 3130 4803 bona
3176 4763 3301 4803 esse
3345 4745 3698 4816 intelligunt;

2126 4851 2179 4899 et
2204 4844 2478 4913 quomodo
2511 4845 2899 4914 prostitutores
2929 4850 3059 4899 sunt
3088 4842 3451 4912 voluptatum,
3486 4846 3541 4894 et
3564 4853 3700 4894 con-

2130 4936 2413 4992 ciliatores
2436 4936 2730 5001 idolorum,
2755 4950 2821 4990 ac
2848 4935 3088 5005 turpium
3119 4934 3480 5005 cupiditatum
3505 4932 3698 4988 inven-

2127 5035 2295 5082 tores.
2331 5025 2436 5092 Qui
2475 5026 2622 5081 enim
2661 5024 2835 5095 legem
2873 5032 3169 5090 accusant,
3201 5039 3303 5096 pro
3339 5023 3470 5078 vitio
3514 5037 3547 5077 a
3584 5022 3704 5093 lege

2127 5118 2306 5174 alieno
2339 5118 2544 5173 obeunt
2576 5117 2925 5187 legationem.

2197 5207 2301 5274 Qui
2341 5207 2513 5277 legem
2537 5245 2551 5271 ,
2586 5220 2708 5276 quae
2739 5206 3045 5282 voluptates
3070 5203 3243 5265 tollit,
3275 5215 3397 5273 qua:
3428 5199 3699 5256 fallaciam

2124 5302 2339 5361 evertit,
2368 5315 2491 5370 quae
2530 5299 2977 5370 superstitionem
3026 5295 3369 5367 exstinguit,
3419 5295 3699 5363 relegant,

2125 5392 2258 5463 quid
2293 5392 2440 5447 aliud
2475 5392 2684 5447 faciunt
2714 5405 2878 5462 quam
2919 5390 3228 5459 voluptates
3268 5388 3491 5443 domum
3530 5387 3706 5439 intrn~

2125 5486 2353 5554 ducunt,
2393 5497 2447 5542 et
2486 5485 2814 5557 cupiditates
2856 5481 3182 5539 accersunt?
3214 5480 3285 5537 Ut
3328 5488 3507 5536 autem
3549 5478 3704 5532 volu-

503 5657 550 5692 δ’
574 5657 740 5749 Pisa-ll:
771 5661 1032 5749 xxI-ni];
1101 5661 1155 5749 ς’
1194 5661 1339 5749 Dsai:
1365 5662 1597 5749 ,οπερ-,1.
1678 5662 1723 5694 ⁸·
1762 5660 1907 5717 Psal.
1946 5677 2004 5727 ιι,

2172 5664 2217 5696 ⁸⁸
2259 5661 2417 5720 Deut.
2456 5681 2622 5730 xvnt,
2661 5665 2749 5732 l5,
2788 5664 2874 5719 18.
2953 5663 2998 5749 δέ
3036 5661 3142 5720 lsa.
3181 5678 3272 5729 Ix,
3308 5660 3363 5715 6.
3440 5660 3485 5697 ⁸⁷
3529 5654 3699 5715 Exod.

431 5743 534 5797 ιι,
570 5729 761 5786 14-16.
836 5730 882 5763 ⁵⁸
924 5731 1055 5789 ibid.
1089 5730 1142 5785 4.
1220 5734 1264 5764 δ’
1306 5734 1437 5788 ibid.
1479 5734 1564 5787 Π.

757 5822 1032 5886 Parant.
1079 5824 1197 5888 Gn.
1250 5825 1479 5886 Xl'lll.

3308 5818 3388 5879 39
