4138 6472
462 361 602 419 1227

1594 368 1733 426 TlTl
1771 371 2198 431 BOSTRENSIS
2228 375 2536 434 EPISCOPI

3571 384 3710 443 1228

460 486 586 547 ptas
633 476 859 533 licenter
891 494 947 533 m
982 486 1190 537 mentes
1222 479 1523 555 irrumpat,
1556 486 1727 559 legem
1770 505 1836 545 ex
1868 491 2007 546 habi-

2128 493 2224 566 δην
2250 493 2506 567 είσϐάλλτΙ
2534 494 2592 549 ὲν
2615 494 2736 558 ταῖς
2767 494 3049 561 διανοίαις,
3077 495 3169 552 τὸν
3198 497 3362 569 νόμον
3394 499 3458 552 ἐκ
3491 500 3599 556 τῶν
3630 504 3709 557 ol-

460 570 762 627 tationibus
806 569 1106 640 eiecerunt,
1156 590 1226 630 ne
1275 578 1396 646 lege
1439 578 1544 643 usi,
1594 594 1625 633 a
1667 580 1782 652 lege
1829 584 2033 653 pudore

459 657 820 715 adicerentur.
857 659 964 717 Sed
1017 666 1297 734 quomodo
1331 668 1449 739 lege
1489 668 1658 739 ejecta
1704 686 1865 728 aures
1902 689 2031 729 suas

456 752 673 809 venales
703 754 944 823 praebent
977 757 1393 826 cupiditatibus,
1427 770 1650 832 apparet
1685 764 1768 818 lex
1800 779 1920 821 esse
1949 766 2031 819 in-

457 845 740 901 terfectrix
769 850 1030 918 nequitiae
1064 870 1076 904 :
1111 851 1164 905 hi
1199 861 1379 908 autem
1413 854 1632 910 indocte
1672 867 1725 912 et
1763 859 2029 915 inerudite

457 938 699 1004 aggressi
748 945 879 991 sunt
919 953 1184 995 accusare
1206 943 1377 1013 legem
1414 961 1427 997 :
1467 960 1530 999 ac
1575 947 1658 1001 lex
1684 948 1900 1016 quidem
1931 966 2026 1005 ne-

453 1029 681 1098 quitiam
714 1031 851 1096 odit,
884 1032 940 1086 hi
973 1050 1104 1089 vero
1135 1036 1305 1106 legem
1351 1038 1604 1094 oderunt.
1648 1039 1858 1096 Evertit
1903 1045 2027 1113 qui-

450 1122 574 1178 dem
638 1126 1084 1193 superstitionem
1138 1129 1246 1192 lex,
1302 1129 1357 1183 hi
1410 1146 1539 1185 vero
1596 1134 1799 1188 audent
1853 1136 2022 1207 legem

449 1223 717 1271 evertere.
767 1216 1118 1288 Opponamus
1167 1222 1332 1291 igitur
1375 1238 1484 1279 res.
1534 1223 1589 1278 Si
1638 1227 1722 1281 lex
1768 1230 2025 1298 nequitiae

448 1306 726 1360 contraria
756 1316 860 1374 est,
893 1309 948 1361 hi
976 1318 1159 1364 autem
1202 1311 1383 1382 legem
1423 1327 1759 1386 oppugnant,
1788 1334 2021 1374 succen-

447 1405 571 1451 sent
601 1407 822 1468 propter
850 1402 1175 1471 nequitiam,
1205 1405 1335 1475 quia
1381 1406 1467 1461 lex
1506 1411 1804 1479 nequitiam
1832 1413 2022 1466 crimi-

434 1496 607 1542 vnatur
659 1507 672 1543 :
717 1491 915 1545 etenim
960 1493 1090 1562 quia
1134 1510 1247 1550 non
1292 1499 1579 1567 patiuntur
1625 1509 1684 1556 ut
1732 1514 2021 1560 accusetur

443 1580 725 1651 nequitia,
780 1582 990 1638 idcirco
1048 1586 1224 1658 legem
1293 1589 1400 1659 ipsi
1467 1605 1900 1663 accusaverunt,
1958 1604 2017 1650 ut

442 1674 722 1729 accusatio
774 1677 1033 1746 nequitiae
1083 1680 1261 1737 nullas
1306 1682 1451 1738 vires
1494 1683 1738 1751 haberet,
1794 1687 1909 1758 lege
1960 1688 2014 1743 in

438 1767 650 1822 crimen
680 1775 891 1824 vocata.
929 1768 989 1824 Si
1022 1771 1110 1825 lex
1136 1771 1282 1828 idola
1326 1776 1485 1840 tollit,
1517 1785 1571 1833 et
1609 1778 2013 1836 multitudinem

437 1854 667 1917 deorum
708 1860 891 1926 solvit,
929 1861 984 1915 hi
1016 1869 1199 1918 autem
1228 1864 1336 1920 tela
1374 1866 1431 1920 in
1470 1867 1643 1939 legem
1684 1880 1961 1927 torserunt
1997 1888 2011 1926 :

434 1957 870 2007 consentaneum
912 1962 1053 2019 erat,
1098 1965 1158 2009 ut
1203 1957 1610 2015 multitudinem
1660 1961 1885 2017 deorum
1921 1963 2016 2019 de-

432 2041 774 2101 nuntiarent.
807 2042 879 2100 Ut
917 2046 1083 2117 igitur
1121 2050 1415 2106 multitudo
1450 2050 1675 2108 deorum
1719 2054 2015 2110 conﬁrma-

434 2141 610 2199 retur,
671 2135 827 2220 legisI
862 2148 1193 2211 praeceptum
1269 2144 1416 2214 apud
1473 2159 1568 2200 eos
1625 2147 1853 2200 vetitum
1908 2156 2010 2215 est,

432 2225 578 2295 quod
607 2227 717 2280 ait:
737 2230 896 2294 Audi,
925 2229 1120 2299 Israel,
1151 2231 1410 2289 Dominus
1433 2234 1574 2289 Deus
1604 2244 1724 2290 tuus
1757 2236 2013 2293 Dominus

428 2334 568 2373 unus
600 2329 719 2385 est;
753 2331 827 2387 et,
865 2322 1065 2395 Diliges
1112 2323 1399 2380 Dominum
1443 2327 1610 2382 Deum
1646 2338 1794 2383 tuum
1826 2331 1907 2398 '°;
1938 2341 2010 2397 et,

432 2409 517 2465 Ne
560 2412 696 2481 forte
739 2416 997 2483 aspiciens
1047 2417 1100 2471 in
1140 2418 1325 2472 cretum
1350 2459 1365 2483 ,
1410 2430 1459 2473 et
1502 2420 1680 2476 videns
1721 2421 1884 2476 solem
1912 2463 1926 2487 ,
1962 2433 2012 2478 et

432 2505 641 2569 lunam,
679 2514 729 2559 et
769 2507 983 2572 stellas,
1035 2509 1222 2563 adores
1264 2527 1326 2564 ea
1352 2512 1418 2566 δί.
1449 2512 1653 2568 Contra
1691 2515 1806 2570 haec
1847 2516 2011 2571 verba

427 2598 540 2653 tela
578 2597 870 2668 jecerunt;
904 2608 1095 2656 contra
1127 2603 1244 2657 haec
1270 2614 1539 2675 praecepta
1567 2609 1876 2678 exasperati
1907 2609 2011 2663 lin-

426 2704 587 2760 guam
632 2700 887 2761 tanquam
936 2693 1178 2763 gladium
1222 2707 1488 2751 acuerunt
1537 2716 1550 2751 :
1599 2698 1803 2754 idcirco
1835 2715 1865 2754 a
1902 2700 2012 2755 dae-

425 2782 683 2839 monibus
712 2792 969 2855 aguntur,
1009 2792 1065 2841 et
1105 2790 1287 2842 omnia
1336 2797 1689 2858 venerantur,
1721 2806 1823 2846 nec
1861 2792 2008 2847 aliud

426 2872 613 2930 sciunt
640 2889 802 2944 quam
840 2877 1022 2931 omnia
1064 2878 1293 2933 adorare
1337 2894 1352 2931 :
1398 2894 1461 2935 ac
1504 2895 1719 2952 semper
1756 2896 1817 2937 se
1855 2881 2008 2936 humi

2130 590 2344 660 κήσεων
2383 590 2610 661 ἤλασαν,
2640 590 2726 643 ἵνα
2753 591 2827 663 μὴ
2857 591 3007 662 νόμῳ
3036 593 3372 663 χρησάμενοι
3404 594 3507 647 ὑπὸ
3541 594 3707 666 νόμου

2127 681 2486 754 ἐντραπῶσιν.
2552 682 2713 736 Ἀλλά
2752 682 2869 747 πῶς
2926 683 3017 736 τὸν
3074 683 3238 755 νόμον
3284 686 3706 759 ἀποσεισάμενοι

2127 771 2586 843 ἀναπεπταμένας
2607 772 2816 825 ἑαυτῶν
2842 771 2942 836 τὰς
2975 774 3143 836 ἀκοὰς
3173 775 3564 846 παράσχωνται
3587 782 3707 842 ταῖς

2126 862 2469 932 ἐπιθυμίαις·
2502 863 2749 933 φαίνεται
2779 864 2836 916 δὲ
2880 864 3100 935 ὁ,,νόμος
3131 866 3330 929 κακίας
3375 867 3664 939 ἀναιρέτης
3688 886 3703 899 ·

2124 949 2268 1008 οὗτοι
2292 955 2350 1008 δὲ
2369 954 2593 1025 ἀμαθῶς
2621 955 2714 1008 καὶ
2736 955 3072 1019 ἀπαιδεύτως
3097 956 3403 1011 διαϐάλλειν
3428 960 3519 1011 τὸν
3540 959 3705 1029 νόμον

2124 1048 2604 1120 ὲπικεχειρήκασιν
2626 1065 2640 1080 ο
2671 1048 2766 1100 καὶ
2784 1050 2813 1099 6
2836 1048 2933 1117 μὲν
2953 1048 3115 1118 νόμος
3139 1049 3337 1103 κακίαν
3364 1052 3530 1120 μισεῖ,
3561 1046 3705 1104 οὗτοι

2122 1138 2178 1191 δὲ
2211 1139 2372 1209 νόμον
2418 1138 2661 1210 μισοῦσι·
2700 1139 2794 1193 καὶ
2824 1140 3083 1193 καταλύει
3117 1141 3216 1210 μὲν
3255 1141 3352 1212 τὴν
3383 1141 3705 1213 δεισιδαιμοη

2120 1232 2240 1285 νίαν
2267 1232 2295 1283 6
2326 1230 2518 1302 νόμος·
2539 1224 2684 1285 οὗτοι
2709 1232 2763 1285 δὲ
2784 1231 2929 1285 λύειν
2949 1232 3039 1284 τὸν
3064 1233 3226 1303 νόμον
3251 1233 3541 1303 τολμῶσιν.
3587 1237 3705 1288 Ἀν-

2118 1323 2356 1395 τιθῶμεν
2398 1319 2491 1377 οὖν
2520 1326 2587 1377 τά
2627 1324 2948 1396 πράγματα.
3002 1325 3066 1378 Et
3098 1328 3126 1378 6
3153 1325 3314 1396 νόμος
3356 1327 3524 1398 κακίᾳ
3549 1328 3701 1381 ἀντί-

2119 1433 2330 1483 κειται,
2373 1410 2517 1469 οὗτοι
2560 1415 2617 1469 δὲ
2658 1416 2806 1487 νόμῳ
2858 1416 3153 1486 μάχονται,
3199 1417 3568 1486 ἀγανακτοῦσι
3615 1420 3701 1475 διά

2118 1505 2338 1569 κακίαν,
2363 1506 2444 1558 ὅτι
2492 1505 2520 1557 6
2554 1504 2717 1574 νόμος
2747 1505 2941 1558 κακίαν
2985 1504 3292 1558 διαϐάλλει’
3325 1506 3399 1578 μὴ
3445 1509 3700 1578 φέροντες

2118 1596 2225 1667 γὰρ
2256 1594 2356 1666 τὴν
2386 1596 2489 1665 τῆς
2521 1594 2720 1657 κακίας
2767 1594 3042 1665 διαϐολὴν,
3077 1595 3170 1648 τὸν
3218 1595 3383 1666 νόμον
3407 1596 3696 1671 διαϐεϐλήο

2114 1703 2298 1752 κασιν,
2343 1687 2430 1740 ἵνα
2477 1686 2683 1757 ἡκατά
2711 1686 2811 1757 τῆς
2853 1688 3051 1750 κακίας
3085 1686 3304 1758 διαϐολὴ
3353 1688 3428 1759 μὴ
3478 1689 3693 1762 ἰσχύσῃ,

2114 1778 2208 1833 τοῦ
2229 1779 2393 1850 νόμου
2421 1777 2865 1849 διαϐεϐλημένου.
2897 1780 2960 1831 El
2988 1780 3017 1831 6
3041 1778 3204 1849 νόμος
3233 1779 3303 1831 τὰ
3329 1780 3524 1834 εἴδωλα
3545 1783 3697 1835 ἀναι-
3748 1762 3757 1775 ’

2117 1875 2221 1944 ρεϊ,
2254 1872 2347 1925 καὶ
2374 1870 2472 1943 τὴν
2505 1870 2791 1924 πολυθεῖαν
2813 1870 3091 1936 καταλύει,
3127 1865 3271 1926 οὗτοι
3300 1872 3358 1925 δὲ
3385 1873 3525 1928 ὅπλα
3554 1874 3695 1929 κατά

2113 1964 2208 2018 τοῦ
2238 1963 2402 2035 νόμου
2428 1964 2809 2034 κεκινήκασιψ
2838 1963 3063 2027 εἰκότως
3083 1962 3374 2017 πολυθεΐαν
3400 1966 3694 2035 κατήγγει-

2113 2054 2209 2109 λαν
2230 2069 2243 2083 ·
2280 2054 2368 2107 ῐνα
2400 2053 2507 2124 γὰρ
2533 2055 2561 2106 6
2604 2052 2705 2122 τῆς
2740 2051 3028 2116 πολυθεῖας
3071 2052 3263 2124 ἰσχύσῃ
3296 2052 3474 2123 λόγος,
3507 2054 3569 2107 τὸ
3596 2055 3692 2108 τοῦ

2113 2144 2277 2214 νόμου
2311 2144 2437 2214 παρ’
2467 2143 2652 2204 αὐτοῖς
2685 2140 2989 2194 κεκώλυται
3010 2141 3377 2213 παράγγελμα
3403 2143 3466 2196 τὸ
3494 2143 3651 2212 λέγον
3673 2161 3691 2177 ο

2117 2235 2356 2297 Ἄκουε,
2397 2231 2664 2300 Ἰσραὴλ,
2687 2231 2903 2299 Κύριος
2940 2233 2973 2284 ὁ
3004 2231 3148 2297 Θεός
3176 2247 3314 2296 σου,
3340 2232 3554 2300 Κύριος
3605 2227 3693 2299 εἷς

2110 2325 2242 2379 ἐστι
2264 2342 2277 2355 ο
2310 2324 2423 2389 καὶ,
2466 2321 2825 2393 Ἀγαπήσεις
2848 2323 3067 2390 Κύριον
3085 2322 3192 2375 τὸν
3222 2324 3369 2377 Θεόν
3397 2338 3513 2378 σου
3530 2342 3542 2355 ·
3573 2327 3689 2388 καὶ,

2111 2418 2207 2487 Μὴ
2259 2416 2606 2484 ἀναϐλέψας
2653 2417 2742 2480 εὶς
2778 2414 2885 2467 τὸν
2931 2413 3211 2481 οὐρανὸν,
3263 2413 3362 2467 καί
3404 2413 3546 2469 ἰδὼν
3586 2415 3694 2469 τὸν

2112 2508 2289 2575 ἣλιον
2327 2506 2424 2561 καὶ
2472 2507 2588 2573 τὴν
2633 2502 2933 2570 σελήνην,
2987 2502 3426 2572 προσκυνήσῃς
3464 2504 3688 2572 αὐτοῖς.

2109 2601 2254 2673 Πρὸς
2274 2599 2446 2653 ταῦτα
2468 2597 2538 2651 τά
2559 2595 2946 2669 ῥήματα-ὅπλα
2975 2597 3295 2666 κεκινήκασι
3316 2613 3329 2626 ·
3359 2596 3495 2666 πρὸς
3521 2596 3693 2650 ταῦτα

2108 2694 2177 2748 τά
2206 2690 2644 2764 παραγγέλματα
2685 2688 3097 2761 τραχυνθέντες,
3148 2689 3223 2752 ὡς
3272 2689 3552 2761 μάχαιραν
3593 2690 3692 2761 τὴν

2108 2784 2357 2854 γλῶσσαν
2386 2781 2660 2853 ἠκόνησαν
2680 2798 2693 2810 ·
2733 2778 2821 2832 διὰ
2854 2779 3011 2832 τοῦτο
3042 2778 3360 2850 δαιμονῶσι,
3392 2780 3489 2833 καὶ
3514 2780 3691 2834 πάντα

2106 2873 2325 2946 τιμῶσι,
2356 2872 2452 2926 καὶ
2483 2872 2634 2925 οὐδὲν
2664 2871 2863 2931 ἴσασιν.
2906 2873 2955 2924 οἱ
3000 2870 3073 2943 μὴ
3116 2872 3291 2925 πάντα
3320 2875 3648 2944 προσκυνεῖν
3670 2888 3691 2905 ο

425 2971 699 3031 sternunt,
755 2973 810 3022 et
861 2977 1096 3023 mentem
1152 2970 1354 3027 habent
1415 2974 1638 3038 elatam,
1707 2981 2004 3046 errantque

2109 2966 2204 3020 καὶ
2232 2966 2318 3018 ἀεὶ
2349 2964 2609 3017 πίπτουσι
2632 2962 2807 3033 χαμαὶ
2831 2961 2926 3014 καὶ¹
2951 2959 3177 3033 γνώμην
3206 2961 3419 3032 ἔχουσιν
3445 2964 3690 3035 ἐπηρμέ-

422 3068 492 3108 ac
525 3063 791 3127 vagantur
834 3071 1001 3113 sensu
1045 3058 1217 3116 animi
1252 3079 1264 3114 :
1298 3063 1480 3115 omnia
1509 3077 1609 3132 pro
1645 3076 1744 3117 sua
1779 3062 2000 3119 licentia

2109 3073 2223 3128 νην’
2259 3055 2355 3109 καὶ
2388 3051 2694 3107 πλανῶνται
2713 3051 2807 3105 καὶ
2830 3050 3121 3134 ρέμϐονται
3141 3053 3206 3122 τῇ
3237 3051 3479 3122 διανοίαο
3512 3053 3689 3107 πάντα

422 3154 708 3202 verterunt
755 3147 810 3202 in
844 3149 978 3205 deos
1021 3169 1038 3206 :
1074 3150 1323 3206 vicerunt
1370 3153 1607 3222 gentiles
1652 3162 1707 3220 et
1749 3154 1999 3208 multitu-

416 3236 569 3304 diue,
613 3245 666 3294 et
703 3241 975 3308 vanitate,
1027 3243 1258 3315 gentiles
1305 3259 1373 3299 ex
1417 3245 1714 3315 gentilibus
1754 3245 1995 3311 oriundi,

418 3336 474 3384 et
492 3330 864 3401 magnitudine
888 3331 1080 3406 ﬂagitii
1107 3335 1387 3406 gentilium
1416 3335 1756 3406 ignorantias
1778 3336 1996 3391 illorum

414 3431 763 3493 superantes.

2104 3148 2546 3217 τεθεοποιήκασιν
2606 3144 2691 3197 ἐπ’
2726 3140 2970 3208 ἐξουσίας
2991 3161 3005 3174 ⁸
3034 3142 3129 3196 καὶ
3174 3142 3272 3214 τὴν
3302 3142 3508 3214 πλάνην
3538 3145 3693 3214 ἐσχή-

2105 3258 2233 3295 κασι
2259 3240 2371 3309 (57)
2390 3256 2403 3270 ·
2440 3239 2757 3309 νενικήκασι
2784 3236 2910 3300 τοὺς
2940 3235 3205 3307 Ἕλληνας
3235 3236 3314 3307 τῷ
3344 3236 3557 3308 πλήθει,
3594 3238 3690 3291 καὶ

2101 3335 2168 3404 τῇ
2216 3331 2463 3401 κενὸτητι
2516 3313 3081 3400 ἝλληνεξἙλλήνων
3122 3328 3426 3398 γεγονότες,
3471 3328 3566 3384 καὶ
3610 3330 3688 3402 τῷ

2106 3420 2324 3493 μεγέθει
2355 3420 2454 3492 τῆς
2476 3419 2655 3475 αὐτῶν
2686 3418 2913 3482 ἀτοπίας
2948 3418 3046 3482 τὰς
3073 3419 3296 3474 ἐκείνων
3321 3420 3688 3492 ἀμϐλύνοντες

2102 3513 2344 3582 ἀγνοίας.

1503 3625 1631 3683 (ΞΜ).
1678 3625 1812 3682 Vill.
1841 3626 1996 3684 Nihil
2016 3630 2343 3702 ﬂagitiosum
2370 3628 2426 3683 in
2452 3629 2581 3700 lege.

487 3737 714 3808 Nequis
751 3745 934 3793 autem
965 3749 1083 3794 arte
1117 3737 1472 3796 fallacissima
1506 3740 1755 3796 studiose
1797 3750 1851 3797 et
1895 3756 1992 3796 ac-

2170 3743 2290 3797 ’Ίνα
2313 3743 2369 3797 δὲ
2400 3743 2473 3814 μή
2498 3758 2582 3804 τις
2608 3739 2991 3812 ἀπατηλοτάτῃ
3022 3738 3184 3811 τέχνῃ
3208 3737 3551 3809 χρησάμενος
3573 3741 3686 3794 ἐπι-

417 3838 610 3890 curate
670 3845 807 3885 usus
868 3830 1043 3897 dicat,
1105 3829 1396 3886 Simulavit
1445 3832 1571 3896 lex,
1632 3839 1686 3888 et
1744 3833 1991 3903 quaedam

2109 3834 2504 3906 εετηδευμὲνως
2527 3834 2683 3906 λέγῃ,
2722 3830 3158 3903 Ἐσχηματίσατο
3183 3831 3211 3882 ὁ
3233 3829 3415 3899 νόμος,
3439 3831 3534 3884 καὶ
3566 3831 3684 3886 ένια

415 3922 649 3995 pulchra
690 3919 868 3974 furata
892 3961 908 3987 ,
949 3930 1208 3992 tanquam
1247 3936 1346 3976 sua
1372 3922 1644 3993 protulit,
1681 3937 1806 3976 cum
1834 3924 1996 3979 vellet

2109 3926 2205 3980 τῶν
2248 3926 2427 3980 καλῶν
2468 3924 2782 3997 σεσυληκὼς
2816 3924 2949 3994 (58),
2985 3922 3060 3986 ὡς
3096 3921 3203 3975 ἴδια
3246 3922 3678 3993 προσηνέγκατο,

418 4029 522 4072 sua
549 4012 748 4085 ﬂagitia
779 4013 1091 4078 honestare,
1128 4021 1182 4068 et
1213 4021 1396 4083 partes
1431 4014 1737 4069 honestatis
1766 4014 1997 4070 inseruit

2109 4017 2362 4088 σεμνῦναι
2390 4017 2490 4081 τάς
2524 4015 2717 4071 ἑαυτοῦ
2760 4015 2989 4077 ἀτοπίας
3017 4011 3359 4083 βουλόμενος,
3389 4014 3482 4066 καὶ
3516 4014 3683 4084 μόρια

417 4105 600 4164 studio
642 4105 929 4178 obtegendi
979 4105 1377 4176 turpitudinem
1426 4106 1657 4161 aliarum
1708 4107 1993 4178 partium:

2109 4108 2208 4162 τῶν
2248 4107 2428 4162 καλῶν
2477 4107 2780 4179 ἐνέσπειρε,
2816 4104 2903 4161 διὰ
2954 4104 3063 4156 τῶν
3115 4102 3318 4174 μορίων
3360 4102 3468 4155 τῶν
3500 4103 3681 4157 καλῶν

416 4214 545 4271 age,
586 4200 928 4256 excutiamus
962 4199 1161 4270 primo,
1211 4208 1391 4254 utrum
1442 4199 1647 4270 aliquid
1696 4201 1994 4257 absurdum

2109 4199 2207 4253 τῶν
2263 4200 2400 4254 ἀλλα
2446 4195 2791 4269 κατακρύψαι
2845 4192 3227 4255 ἐσπουδακώς-ο
3284 4191 3417 4262 φέρε
3465 4189 3680 4263 πρῶτον

414 4299 470 4347 et
530 4290 856 4363 ﬂagitiosum
917 4291 1060 4362 apud
1121 4292 1293 4360 legem
1355 4302 1636 4363 appareat,
1696 4301 1862 4363 atque
1919 4293 1995 4349 ita

2109 4292 2488 4362 γυμνάσωμεν,
2528 4291 2600 4361 μή
2643 4306 2695 4341 τι
2737 4286 2933 4340 ἄτοπον
2965 4282 3117 4354 παρά
3154 4282 3234 4353 τῷ
3283 4283 3676 4377 νόμῳᾼφανείη,

413 4383 677 4455 ﬂagitium
718 4385 949 4440 istorum
997 4382 1372 4454 redarguatur.
1429 4385 1708 4450 Secundo,
1738 4387 1782 4440 si
1827 4400 1992 4456 quas-

413 4477 537 4531 dam
567 4483 751 4550 partes
781 4477 895 4531 vitii
936 4476 1252 4532 ulciscendo
1284 4477 1593 4546 dissipavit,
1631 4478 1864 4532 reddens
1894 4493 1989 4533 eos

411 4570 507 4639 qui
529 4567 846 4632 credebant,
876 4568 1078 4623 liberos
1108 4569 1176 4622 ab
1210 4570 1357 4624 omni
1384 4577 1538 4638 parte
1562 4569 1677 4623 vitii
1706 4587 1720 4635 ;
1749 4585 1857 4624 non
1875 4570 1987 4639 jam

412 4660 501 4715 lex
556 4659 814 4715 simulata
861 4659 1180 4728 apparebit,
1231 4660 1363 4729 quin
1420 4661 1603 4729 potius
1663 4659 1882 4715 inimica
1935 4669 1989 4715 et

410 4751 590 4809 hostis
614 4751 732 4807 vitii
760 4759 812 4807 et
838 4752 1116 4821 nequitiae.
1151 4749 1359 4814 Tertio,
1394 4752 1440 4806 si
1478 4752 1726 4822 quazdam
1758 4753 1989 4810 honesta

408 4843 934 4906 eircumseminavit,
977 4850 1031 4898 et
1076 4858 1183 4898 non
1225 4859 1441 4898 omnem
1485 4846 1719 4914 speciem
1766 4845 1986 4901 virtutis

407 4949 537 4991 cum
577 4936 757 4991 littera
798 4934 935 5005 legis
976 4935 1280 5005 conjunxit,
1329 4944 1388 4989 ut
1435 4936 1681 5005 quaedam
1734 4936 1986 4993 videatur

410 5026 735 5096 scripsisse,
799 5027 955 5097 plura
1008 5043 1137 5082 vero
1209 5027 1546 5097 reliquisse;
1606 5027 1805 5083 habeat
1874 5028 1981 5080 vim

408 5120 647 5190 aliquam
699 5118 957 5174 refutatio
1006 5118 1162 5189 legis.
1214 5116 1312 5172 Sin
1369 5134 1498 5174 vero
1548 5119 1806 5174 universa
1863 5131 1984 5188 quae

408 5213 640 5271 honesta
685 5222 741 5270 et
786 5215 985 5271 decora
1040 5221 1190 5277 sunt,
1235 5214 1459 5267 omnino
1502 5212 1556 5266 in
1604 5212 1802 5267 litteris
1847 5210 1984 5280 legis

407 5306 583 5376 posita
615 5314 745 5362 sunt
774 5324 788 5361 :
823 5305 1160 5360 admiremur
1195 5305 1388 5375 legem,
1415 5314 1469 5377 et
1511 5304 1606 5358 Dei
1641 5305 1813 5374 legem
1845 5318 1982 5357 con-

405 5395 677 5465 ﬁteamur,
727 5398 1084 5468 dicamusque
1115 5412 1421 5452 sermonem
1452 5396 1546 5451 Dei
1578 5412 1736 5461 esse;
1778 5397 1833 5450 in
1878 5395 1981 5450 hos

478 5553 524 5585 ⁸⁸
563 5553 721 5610 Deut.
756 5570 844 5616 vs,
876 5554 942 5618 4,
977 5554 1028 5608 5.
1106 5553 1148 5584 ⁵⁸
1195 5551 1352 5608 Deut.
1390 5568 1463 5613 Iv,
1506 5550 1589 5605 19.

479 5706 593 5778 (57)
629 5708 739 5764 Καὶ
776 5707 909 5775 τὴν
958 5708 1200 5776 πλάνην
1245 5707 1569 5778 ἐσχήκασι.
1626 5705 1753 5778 Haec
1816 5704 1981 5765 verba

401 5776 590 5838 omisit
616 5779 890 5847 interpres
919 5795 932 5833 :
970 5781 1023 5832 in
1051 5794 1282 5834 errorem
1310 5776 1629 5833 inciderunt.
1659 5776 1822 5832 Bssn.

2098 4385 2192 4439 καὶ
2215 4383 2383 4447 οὕτως
2409 4382 2629 4451 ἔλεγχος
2649 4379 2746 4449 τῆς
2776 4374 3006 4438 ἀτοπίας
3032 4375 3208 4428 αὐτῶν
3230 4373 3500 4442 γιγνέσθω
3520 4391 3533 4404 ·
3561 4375 3680 4429 δεύ-

2097 4494 2274 4548 τερον,
2324 4478 2373 4529 εἰ
2406 4473 2523 4528 ἔνια
2546 4474 2644 4543 τῆς
2683 4467 2879 4530 κακίας
2921 4466 3060 4539 μέρη
3093 4465 3394 4532 ἐπεξελθὼν
3435 4464 3678 4520 ἀπεσκέ-

2096 4569 2277 4633 δασεν,
2326 4565 2642 4637 ἐλευθέρους
2683 4561 2810 4623 τοὺς
2847 4558 3201 4622 πιστεύοντας
3248 4557 3449 4621 παντὸς
3484 4557 3675 4628 μορίου

2098 4661 2295 4723 κακίας
2345 4656 2653 4722 ἀποδείξας,
2702 4653 2885 4708 οὐκέτι
2923 4653 3394 4722 ἐσχηματισμένος
3439 4653 3467 4704 6
3512 4651 3677 4721 νόμος

2098 4752 2316 4822 φανείη,
2339 4749 2453 4804 ἀλλ’
2479 4748 2670 4819 ἐχθρὸς
2689 4747 2784 4799 καί¹
2820 4746 2917 4816 τῆς
2949 4746 3145 4809 κακίας
3174 4743 3433 4813 πολέμιος
3452 4760 3465 4772 ·
3494 4743 3676 4813 τρίτον

2093 4848 2172 4910 δὲ,
2207 4847 2255 4898 εἰ
2279 4844 2396 4897 ἔνια
2427 4842 2534 4897 τῶν
2565 4839 2742 4895 καλῶν
2772 4840 3143 4912 περιέσπειρε,
3176 4841 3271 4892 καὶ
3303 4840 3364 4892 ού
3400 4840 3506 4892 πᾶν
3536 4835 3676 4903 εἶδος

2092 4938 2192 5007 τῆς
2217 4935 2418 5007 ἀρετῆς
2444 4936 2554 4997 τοῖς
2588 4933 2877 5005 γράμμασι
2904 4931 3160 5001 συνῆψεν,
3195 4931 3302 4995 ἴνα,
3344 4931 3391 4983 εἰ
3429 4931 3528 5000 μὲν
3556 4930 3674 4983 ἕνια

2094 5030 2287 5099 φανείη
2333 5027 2716 5100 γεγραφηκὼς,
2762 5024 2981 5077 πλείονα
3026 5022 3081 5076 δὲ
3128 5020 3530 5084 ἀπολελοιπὼς,
3574 5021 3671 5093 ἔχῃ

2092 5120 2214 5174 τινά
2258 5120 2484 5190 δύναμιν
2527 5121 2555 5173 ὁ
2600 5118 2846 5187 ἐλεγχος·
2879 5117 2927 5169 εί
2963 5115 3022 5168 δὲ
3066 5114 3163 5167 ὅλα
3195 5113 3370 5166 διόλου
3419 5111 3489 5164 τά
3532 5112 3674 5169 καλά

2093 5215 2207 5275 τοῖς
2232 5210 2553 5283 γράμμασιν
2582 5209 2811 5280 ἐπετέθη
2842 5208 2935 5260 τοῦ
2967 5207 3152 5278 νόμου,
3188 5203 3558 5275 θαυμάσωμεν
3581 5206 3673 5259 τὸν

2093 5304 2276 5376 νόμον,
2310 5304 2405 5359 καὶ
2449 5304 2582 5358 Θεοῦ
2619 5303 2781 5374 νόμον
2824 5300 3246 5372 ὁμολογήσωμεν
3269 5313 3281 5327 ⁸
3322 5296 3416 5349 καὶ
3459 5297 3674 5368 Πατρὺς

2092 5394 2304 5465 ὁμιλίαν
2331 5399 2589 5467 φήσωμεν
2605 5412 2617 5425 ·
2640 5392 2932 5456 τούτουςδέ
2964 5386 3474 5461 παραγραῷὡμεθα,
3493 5387 3673 5460 κίϐδηο

2162 5701 2273 5772 (58)
2318 5704 2485 5756 Ἐνια
2532 5702 2649 5756 τῶν
2678 5699 2881 5772 καλῶν
2914 5699 3295 5772 σεσυληκῴς.
3344 5698 3539 5771 Aliqua
3570 5696 3668 5753 hau

2084 5770 2231 5830 uesta
2260 5772 2574 5841 subripiens.
2614 5782 2666 5823 ut
2697 5771 2871 5838 turpia
2906 5770 3180 5840 obtegeret.
3210 5771 3283 5824 In.
