4138 6426
362 5662 372 5691 l

449 299 588 355 4229

1508 292 1879 350 ADVERSUS
1913 291 2340 349 MANICHAEIOS
2370 294 2501 349 LlB.
2545 296 2632 351 Ill.

3559 303 3702 360 i250

448 417 538 471 λον
575 414 797 487 γνώμην
827 416 923 470 καὶ
958 416 1529 488 παρακεχαραγμένην
1554 414 1875 486 ἐσχηκότας.
1902 411 2014 464 Ὅτι

2133 424 2259 464 vero
2310 412 2716 467 accusationem
2763 430 2801 469 ι
2834 415 2950 486 lege
3000 416 3418 486 transferamus,
3463 437 3704 493 quorum

450 508 550 580 μὲν
593 502 687 561 οὖν
724 508 847 561 οὐδὲ
877 508 935 562 ἓν
970 509 1158 581 μέριον
1196 509 1393 571 κακίας
1437 506 1852 577 ἐπεσπαρμένον
1890 504 2023 575 ἔχει,

445 596 568 651 οὐδὲ
622 597 806 668 μόριον
853 599 1048 662 κακίας
1096 596 1433 669 ἀφῃρηκὼς,
1491 597 1678 668 ἐτέρου
1732 595 1984 664 ἐφείσατο
2008 611 2021 623 ·

445 688 582 742 ἀλλά
605 689 841 761 καθαρὸς
867 690 965 760 μὲν
990 692 1019 744 6
1047 690 1209 759 νόμος
1236 691 1331 743 καὶ¹
1360 690 1533 757 ἅγιος,
1567 688 1660 741 καὶ
1679 685 1813 740 Θεοῦ
1839 686 2023 755 νόμος,

442 782 476 836 6
506 781 717 846 Παῦλος
751 782 848 854 βοᾷ
869 800 882 814 ·
912 782 1052 836 ὥστε
1087 784 1148 836 Ὀ
1176 781 1295 852 μὲν
1314 783 1497 851 νόμος
1528 781 1714 849 ἅγιος,
1742 780 1839 833 καὶ
1864 780 1902 847 ἡ
1925 779 2023 833 ἐν-

443 873 595 943 τολὴ
634 875 792 945 ἁγία,
822 875 922 928 καί
949 875 1171 939 δικαία,
1221 875 1318 928 καὶ
1346 872 1570 944 ἀγαθή·
1613 874 1724 935 καὶ,
1768 872 2026 941 Οἴδαμεν

443 965 575 1037 γάρ,
601 966 692 1020 ὅτι
735 969 769 1020 ὁ
806 967 925 1036 μὲν
951 967 1135 1036 νόμος
1176 966 1578 1035 πνευματικός
1612 965 1779 1018 ἐστι’
1815 963 1876 1015 τὸ
1917 961 2025 1033 γάρ

444 1058 621 1127 ἅγιον,
666 1058 760 1111 καὶ
798 1058 1182 1130 πνευματικὸν,
1213 1060 1309 1112 καὶ
1342 1058 1545 1128 ἀγαθὸν
1587 1058 1767 1128 πάσης
1798 1056 2026 1119 ἀτοπίας

440 1149 788 1215 ἀπολέλυται,
810 1151 905 1206 καὶ
923 1152 1146 1223 οὐδεμιᾷ
1163 1151 1365 1222 ἀτοπίᾳ
1398 1150 1681 1220 ἀνέχεται·
1706 1148 2026 1219 σεμνύνεται

442 1245 564 1307 ταῖς
609 1244 850 1315 ἀρεταῖς,
881 1245 974 1297 καὶ
1011 1243 1315 1312 διαλέγεται
1348 1242 1426 1314 τῷ
1468 1241 1618 1313 Θεῷ·
1653 1244 1688 1313 ή
1732 1240 1841 1313 γὰρ
1888 1240 2025 1311 πρὸς

442 1334 534 1387 τὸν
558 1334 688 1390 Θεὸν
720 1334 902 1407 ὁμιλία
944 1334 1112 1405 ἄλλης
1150 1336 1247 1406 μὲν
1274 1334 1481 1399 τάξεως
1508 1333 1609 1387 οὐκ
1642 1332 1912 1403 ἀνέχεται,
1955 1333 2022 1401 τῇ

441 1429 500 1482 δὲ
547 1428 642 1481 τοῦ
684 1430 999 1501 Πνεύματος
1046 1428 1363 1501 ῥυθμίζεται
1415 1427 1729 1498 ἐπιστασίᾳ·
1782 1426 2025 1494 Πνεῦμα

390 1586 401 1593 .
439 1520 553 1589 γὰρ
598 1522 632 1574 δ
673 1521 838 1587 Θεὸς,
865 1520 964 1575 καὶ
1004 1520 1146 1587 τοὺς
1193 1518 1690 1590 προσκυνοῦντας
1735 1517 1921 1571 αὐτὸν
1950 1517 2023 1570 ἐν

441 1612 734 1680 πνεύματι
764 1612 859 1666 καὶ
895 1613 1145 1680 ἀληθείᾳ
1170 1612 1266 1667 δεῖ
1299 1611 1690 1681 προσκυνεῖν.
1714 1611 2023 1681 Πνευματι-

441 1702 538 1766 κὸς
555 1703 613 1764 δὲ
645 1703 721 1757 ὣν
744 1705 773 1757 6
798 1704 980 1775 νόμος,
1007 1704 1103 1775 τὴν
1124 1702 1260 1775 πρὸς
1284 1703 1418 1757 Θεὸν
1441 1702 1654 1774 ὁμιλίαν
1679 1698 2024 1771 παρασκευά-

441 1791 553 1857 Cat‘
582 1793 679 1848 κα)⁸
717 1796 767 1847 εί
795 1794 1018 1848 δύναται
1057 1798 1086 1848 6
1131 1795 1500 1867 πνευματικὸς
1525 1794 1593 1847 τά
1621 1794 1719 1865 μὲν
1738 1791 1872 1847 ἄλλα
1896 1793 2014 1863 κρῖ-

2122 1791 2635 1848 sermocinationem
2677 1808 2804 1848 cum
2864 1795 2977 1852 Deo
3029 1807 3185 1868 parat
3242 1819 3257 1869 ;

440 1903 550 1954 ναι,
583 1886 745 1951 αὐτὸς
765 1887 820 1940 δὲ
852 1888 944 1939 ὑπ’
974 1887 1187 1951 οὐδενὸς
1218 1887 1597 1956 ἀνακρίνεταγ
1634 1886 1788 1956 πόσῳ
1818 1883 2019 1955 μᾶλλον

438 1980 468 2033 6
486 1979 702 2051 νόμος⁸ὀ
730 1979 1115 2051 πνευματικὸς,
1148 1979 1312 2042 αὐτὸς
1346 1979 1443 2050 μὲν
1466 1978 1683 2031 πάντων
1711 1978 1820 2030 τῶν
1843 1975 2018 2030 ἄλλων

437 2071 564 2133 τοὺς
584 2068 774 2138 λόγους
799 2069 1085 2140 ἀνακρῖναι
1122 2069 1364 2132 δύναται,
1397 2067 1557 2130 αὐτὸς
1599 2066 1655 2119 δὲ
1691 2066 1783 2120 ὑπ’
1806 2065 2019 2128 οὐδενὸς

437 2158 863 2231 ἀνακριθήσεται
878 2174 895 2224 ;

2129 502 2399 557 sententia
2425 503 2732 558 adulterina
2767 516 2821 560 et
2863 507 3157 575 depravata
3194 518 3301 565 est.
3337 510 3497 578 Quod
3532 515 3702 585 igitur

2128 592 2334 647 nullam
2368 602 2580 665 partem
2610 596 2729 650 vitii
2762 597 2844 652 lex
2877 598 3039 655 habet
3068 602 3476 670 inseminatam,
3522 623 3703 677 neque

2129 693 2336 754 partem
2367 687 2594 743 abstulit
2624 689 2816 754 aliam,
2860 698 2915 745 et
2950 692 3043 746 alii
3087 696 3347 765 pepercit,
3391 698 3487 753 sed
3518 700 3703 770 potius

2127 792 2262 846 pura
2296 786 2381 833 est
2408 779 2495 834 lex
2529 788 2584 835 et
2617 791 2828 849 sancta,
2860 790 2915 836 et
2943 783 3037 839 Dei
3067 786 3187 855 lex;
3215 786 3418 846 Paulus
3449 792 3650 846 clamat
3682 812 3698 847 :

2126 868 2237 923 Lex
2260 869 2467 939 quidem
2489 880 2698 939 sancta,
2726 884 2775 928 et
2806 876 3120 934 mandatum
3141 893 3380 935 sanctum
3399 892 3449 938 et
3463 883 3698 952 justum,

2126 973 2175 1018 et
2200 963 2393 1019 bonum
2429 966 2474 999 θ’
2508 984 2524 1035 ;
2566 978 2621 1023 et
2657 987 2671 1023 :
2716 968 2928 1024 Scimus
2970 974 3131 1040 enim,
3165 975 3304 1034 quod
3335 976 3417 1029 lea:
3453 977 3703 1045 spiritua-

2128 1057 2194 1111 lis
2230 1068 2309 1112 est
2352 1059 2398 1093 ⁸³
2435 1078 2448 1114 :
2496 1060 2644 1131 quod
2677 1061 2824 1116 enim
2868 1070 3120 1119 sanctum
3154 1072 3354 1128 eSt,-et
3395 1069 3697 1137 spirituaie,

2126 1154 2180 1201 et
2225 1148 2450 1214 bonum,
2498 1151 2568 1206 ab
2612 1153 2761 1206 omni
2800 1156 3145 1224 turpitudine
3184 1157 3478 1215 liberatum
3509 1170 3615 1229 est,
3643 1169 3704 1218 et

2126 1242 2275 1295 nulla
2323 1242 2485 1311 culpa
2533 1241 2587 1297 in
2635 1258 2701 1299 eo
2739 1245 2928 1312 haeret,
2974 1248 3350 1320 gloriaturque
3382 1251 3701 1318 virtutibus,

2126 1338 2328 1386 etcum
2376 1331 2487 1388 Deo
2523 1334 2786 1404 loquitur.
2818 1337 3220 1395 Sermocinatio
3249 1341 3398 1396 extim
3432 1358 3556 1399 cum
3592 1344 3702 1402 Deo

2125 1437 2233 1476 non
2266 1423 2490 1493 patitur,
2524 1432 2583 1479 ut
2622 1427 2849 1483 alterius
2887 1428 3102 1486 ordinis
3131 1431 3205 1486 sit
3234 1471 3249 1495 ,
3298 1434 3394 1488 sed
3426 1437 3703 1502 guberna-

2126 1512 2274 1568 tione
2321 1514 2559 1584 Spiritus
2601 1519 2776 1573 sancti
2815 1528 3187 1591 temperatur;
3232 1524 3377 1579 Deus
3414 1528 3552 1580 enim
3593 1530 3704 1598 spi-

2126 1604 2263 1659 ritus
2305 1615 2385 1660 est
2408 1648 2423 1673 ,
2454 1619 2504 1662 et
2529 1610 2617 1679 qui
2655 1626 2773 1664 eum
2805 1611 3054 1677 adorant,
3094 1615 3148 1669 in
3182 1618 3374 1682 spiritu
3405 1629 3453 1672 et
3485 1621 3703 1676 veritate

2127 1708 2329 1767 oportet
2370 1699 2595 1755 adorare
2623 1702 2691 1758 “.
2725 1702 2836 1760 Lex
2869 1714 3051 1762 autem
3099 1723 3223 1763 cum
3268 1711 3567 1779 spiritualis
3604 1719 3699 1779 sit,

3317 1809 3372 1856 et
3417 1805 3463 1858 si
3515 1815 3698 1876 potest

2127 1879 2429 1950 Spiritualis
2489 1884 2596 1955 alia
2647 1887 2867 1956 quidem
2922 1889 3201 1959 judicare,
3252 1893 3369 1964 ipse
3429 1904 3609 1952 autem
3662 1912 3698 1952 α

2126 1972 2345 2028 nemine
2389 1974 2672 2043 iudicatur
2713 1997 2726 2033 :
2798 1992 3003 2048 quanto
3044 1983 3218 2053 magis
3265 1985 3350 2039 lex
3395 1988 3700 2057 spiritualis

2126 2067 2305 2129 potest
2332 2063 2552 2133 quidem
2587 2067 2816 2122 aliorum
2847 2070 3090 2125 omnium
3117 2088 3399 2132 sermones
3424 2077 3696 2148 judicare,

2046 2223 2051 2228 .
2128 2154 2246 2224 ipsa
2275 2171 2405 2211 vero
2435 2171 2465 2210 a
2502 2160 2720 2214 nemine
2741 2160 3112 2230 judicabitur?

1390 2278 1520 2334 Car.
1554 2276 1644 2334 1X.
1678 2276 1787 2332 Lex
1810 2292 2017 2331 omnem
2041 2275 2155 2330 vitii
2182 2277 2402 2344 speciem
2432 2278 2673 2335 abstulit.

511 2393 633 2446 Ὀτι
655 2392 713 2446 δὲ
741 2392 837 2444 καὶ
864 2392 970 2446 πᾶν
1010 2385 1150 2454 εἶδος
1195 2382 1395 2454 κακίας
1428 2390 1630 2455 ἀνεῖλε,
1680 2391 1776 2443 καὶ
1806 2389 1927 2442 οὐδὲ
1958 2387 2015 2441 ἐν

440 2488 629 2560 μόριον
681 2485 959 2557 παρεῖδεν,
1006 2484 1120 2538 ἀλλ’
1167 2482 1429 2554 ἐπεξῆλθε
1483 2484 1590 2536 πᾶν
1638 2477 1777 2546 εἶδος
1817 2482 2019 2544 κακίας

436 2577 700 2651 ἀναιρῶν,
736 2576 1078 2639 ἀνακόπτων,
1110 2575 1266 2645 δῆλον
1296 2577 1361 2628 ἐκ
1388 2573 1498 2628 τῶν
1532 2574 1661 2646 περὶ
1692 2574 1790 2643 τῆς
1820 2573 2018 2637 κακίας

432 2674 597 2745 ὅρων,
624 2670 905 2742 τεσσάρων
935 2667 1093 2723 εἱδῶν
1118 2668 1285 2721 ὅντων
1324 2667 1425 2738 τῆς
1458 2668 1679 2731 κακίας,
1708 2666 2017 2738 ἀφροσύνης

434 2772 532 2820 καί
561 2760 877 2825 ἀκολασίας,
915 2761 1009 2814 καῖ¹
1054 2760 1274 2824 δειλίας,
1326 2759 1422 2812 καὶ
1450 2758 1682 2823 ἀδικίας.
1719 2759 1782 2811 El
1830 2758 1928 2826 μέν
1962 2774 2015 2811 τι

435 2857 641 2925 φαυλον
665 2853 749 2925 εἴη
782 2855 811 2907 δ
846 2853 1009 2923 νόμος
1053 2848 1433 2921 σεσιωπηκὼς,
1465 2849 1661 2921 ἀτελὴς
1680 2849 1710 2902 6
1738 2851 1900 2923 νόμος
1920 2866 1933 2879 θ
1967 2850 2016 2903 εί

433 2947 493 3000 δὲ
536 2944 799 3015 ἐπεξῆλθε
853 2946 947 2999 καὶ
994 2943 1421 3016 ἐπεξεργάσατο,
1468 2944 1575 2997 πᾶν
1627 2940 1766 3006 εἶδος
1816 2942 2015 3006 κακίας

434 3036 803 3111 προαναιρῶν,
847 3036 1072 3100 εἰκότως
1106 3038 1138 3107 ἡ
1185 3037 1352 3090 κακία
1401 3035 1744 3089 συστέλλεται
1776 3036 1881 3090 ὑπὸ
1919 3034 2014 3089 τοῦ

2193 2386 2350 2454 Quod
2400 2399 2583 2446 autem
2632 2408 2850 2449 omnem
2895 2396 3134 2466 speciem
3178 2400 3296 2455 vitii
3339 2405 3599 2471 sustulit,
3641 2414 3699 2462 et

2120 2482 2326 2537 nullam
2360 2493 2569 2555 partem
2597 2488 2950 2555 praetermisit
2977 2499 3072 2545 aut
3101 2492 3359 2563 neglexit,
3386 2496 3479 2551 sed
3514 2498 3697 2567 potius

2120 2590 2282 2630 omne
2313 2591 2487 2648 genus
2514 2577 2632 2632 vitii
2657 2578 2998 2648 vindicavit,
3044 2583 3244 2640 tollens
3282 2594 3338 2642 et
3369 2589 3697 2646 exscindens

2118 2666 2294 2732 illud;
2350 2677 2568 2725 constat
2608 2685 2676 2725 ex
2719 2671 2932 2743 legibus
2968 2688 3032 2729 ac
3071 2677 3276 2746 regulis
3301 2677 3369 2733 de
3398 2680 3533 2735 vitio
3565 2696 3698 2741 con-

2122 2758 2352 2823 stitutis,
2387 2760 2548 2830 cujus
2582 2769 2714 2817 sunt
2756 2764 2968 2834 species
3010 2776 3269 2837 quatuor,
3302 2770 3694 2841 imprudentia,

2124 2853 2585 2924 intemperantia,
2634 2856 2938 2925 timiditas,
2993 2869 3046 2916 et
3097 2861 3392 2931 iniustitia.
3459 2865 3514 2920 Si
3567 2869 3701 2940 quid

2124 2956 2304 3001 autem
2337 2948 2493 3017 pravi
2534 2949 2619 3004 lex
2661 2950 2998 3017 reticuisset,
3027 2952 3345 3023 imperfecta
3379 2966 3524 3014 esset
3556 2960 3643 3015 lex
3682 2981 3694 3014 :

2126 3038 2214 3093 sin
2264 3055 2395 3096 vero
2442 3049 2502 3095 ut
2545 3057 2736 3100 omnes
2789 3046 3001 3115 species
3047 3048 3305 3118 nequitia;
3353 3053 3696 3122 praecidet-et,

434 3130 623 3202 νόμου,
668 3129 803 3201 μηδὲ
853 3128 1102 3198 λείψανον
1142 3127 1286 3198 ἔχειν
1326 3127 1812 3199 συγκεχωρημένη.
1843 3128 2014 3181 Ὅπου

2123 3145 2218 3186 eas
2267 3132 2570 3187 vindicavit
2617 3141 2673 3189 et
2720 3138 3078 3193 retractavit:
3129 3141 3381 3211 sequitur
3430 3144 3620 3199 vitium
3668 3163 3699 3200 a

435 3221 567 3292 γοῦν
603 3219 773 3292 ίσχύει
814 3211 998 3290 νόμος,
1030 3220 1122 3272 καὶ
1160 3221 1227 3290 τῇ
1263 3217 1439 3271 πειθοῖ
1469 3220 1537 3272 τὰ
1569 3218 1736 3289 νεῦρα
1781 3217 2014 3282 δίδωσιν,

434 3315 559 3369 οὐδὲ
617 3312 798 3367 νοτίδα
838 3312 1037 3375 κακίας
1090 3311 1236 3364 ἔστιν
1281 3312 1491 3382 εὑρεῖν·
1526 3312 1660 3364 ὅπου
1708 3310 1764 3363 δὲ
1814 3312 2013 3376 ἀτονεῖ,

434 3404 784 3477 περιέρχεται
809 3405 842 3474 ἠ
879 3401 1109 3473 πονηρία
1135 3399 1467 3454 σκυλεύουσα
1484 3403 1579 3455 καὶ
1602 3401 2013 3472 κατανεμομένη

433 3498 523 3550 ἐπ’
549 3495 797 3563 ἐξουσίας
824 3494 1135 3564 βαδίζουσα,
1166 3494 1243 3565 τῷ
1268 3493 1563 3565 ἀφυλάκτῳ
1590 3494 1690 3563 τῆς
1710 3493 1888 3563 ψυχῆς
1915 3493 2013 3564 τὴν

433 3585 682 3653 ἐξουσίαν
711 3585 1011 3656 εὑραμένη.
1043 3583 1151 3656 Βοᾷ
1179 3584 1286 3656 γάρ
1311 3586 1339 3637 6
1362 3585 1523 3655 νόμος
1544 3603 1555 3614 ·
1583 3587 1653 3638 Εί
1679 3587 1711 3638 ὁ
1734 3585 1884 3648 λαός
1894 3601 2013 3652 μου

431 3677 665 3747 ἢκουσέ
682 3695 823 3748 μου,
869 3676 1115 3745 Ἰσραὴλ
1142 3676 1271 3743 ταῖς
1292 3676 1454 3743 ὁδοῖς
1480 3695 1599 3746 μου
1627 3678 1679 3730 εί
1700 3676 2012 3744 ἐπορεύθη,

431 3771 503 3825 ἐν
529 3771 610 3836 τῷ
630 3769 845 3840 μηδενὶ
864 3768 940 3823 ἂν
965 3769 1106 3834 τοὺς
1128 3768 1380 3837 ἐχθροὺς
1402 3766 1600 3822 αὐτῶν
1620 3768 2010 3822 ὲταπείνωσω

431 3863 521 3917 ὅτε
545 3861 653 3933 γὰρ
686 3860 858 3914 πείθει
891 3861 1074 3932 νόμος,
1117 3859 1320 3932 ἄνευρα
1363 3860 1573 3929 γίνεται
1603 3859 1671 3914 τὰ
1705 3859 1873 3924 κακά,
1913 3878 2013 3931 χα-

435 3955 533 4027 μαὶ
564 3955 813 4024 κείμενα,
839 3954 932 4007 καὶ
955 3953 1089 4024 μηδὲ
1116 3953 1435 4023 ἀντωπῆσαι
1452 3956 1516 4025 τῇ
1538 3953 1682 4025 ψυχῇ
1713 3953 2009 4023 δυνάμενα.

429 4047 495 4100 El
531 4045 641 4118 γὰρ
677 4046 905 4116 λύχνος
955 4046 1077 4110 τοῖς
1112 4048 1259 4099 ποσί
1292 4063 1411 4115 μου
1440 4049 1472 4100 ὁ
1510 4048 1693 4115 νόμος
1728 4061 1866 4113 σου,
1916 4046 2012 4101 καὶ

410 4136 557 4207 ,φῶς
592 4136 722 4204 ταῖς
766 4137 986 4205 τρίϐοις
1007 4154 1147 4205 μου,
1190 4137 1297 4189 πᾶν
1338 4135 1397 4189 τὸ
1428 4137 1764 4208 πρόσκομμα
1808 4136 2012 4208 ἀνῄρη-

426 4245 538 4295 ται,
574 4228 991 4299 πεφωτισμένης
1029 4228 1124 4281 καὶ
1167 4226 1422 4297 διαυγοῦς
1447 4228 1548 4298 τῆς
1590 4228 1816 4300 καρδίας
1855 4230 2010 4299 εὑρε-

429 4319 644 4392 θείσης·
675 4321 779 4374 κάν
803 4321 912 4391 γὰρ
931 4321 1030 4389 τὴν
1055 4320 1182 4374 νέαν
1205 4320 1420 4390 ἐκείνην
1450 4320 1544 4373 καὶ
1576 4320 1867 4392 ὀλισθηρὰν
1910 4320 2010 4393 ἔχῃ

426 4410 665 4481 ἡλικίαν,
688 4409 932 4480 φυλακὴν
957 4409 1013 4461 δὲ
1038 4408 1146 4464 τῶν
1180 4411 1439 4481 ῥημάτων
1464 4412 1701 4482 τηρήσῃ,
1731 4411 2008 4465 ἀδιάπτω-

2119 3222 2239 3292 lege
2270 3226 2511 3279 coerceri
2543 3232 2599 3279 et
2630 3226 2877 3297 reprimi,
2914 3245 3035 3299 qua:
3062 3246 3244 3301 neque
3284 3234 3545 3306 reliquias
3576 3238 3697 3306 ejus

2116 3313 2346 3383 patitur.
2388 3314 2494 3371 Ubi
2538 3316 2706 3387 igitur
2746 3320 2891 3374 valet
2930 3328 2985 3375 et
3027 3322 3172 3392 viget
3214 3325 3322 3391 lex,
3351 3334 3407 3382 et
3449 3331 3692 3385 suasioni

2117 3419 2317 3460 nervos
2352 3405 2597 3473 adhibet,
2644 3407 2720 3462 ibi
2764 3424 2944 3480 neque
2977 3411 3175 3468 humor
3216 3416 3333 3470 vitii
3372 3420 3644 3489 reperitur
3677 3442 3692 3476 :

2128 3496 2223 3550 ubi
2261 3504 2442 3553 autem
2480 3498 2815 3566 debilitatur,
2854 3501 3173 3559 obambulat
3211 3509 3454 3579 nequitia
3484 3515 3696 3582 compi-

2116 3587 2236 3645 lans
2274 3597 2329 3645 et
2366 3590 2687 3660 depascens,
2730 3593 2959 3651 licenter
3003 3598 3365 3668 gradiens,et
3414 3603 3694 3660 licentiam

2115 3688 2277 3736 nacta
2308 3695 2529 3753 propter
2559 3685 2861 3740 custodiam
2898 3691 3095 3745 animae
3121 3694 3445 3764 neglectam.
3482 3695 3694 3753 Clamat

2116 3770 2262 3824 enim
2299 3773 2381 3827 lex
2427 3792 2440 3826 :
2491 3772 2553 3827 Si
2591 3776 2816 3843 populus
2856 3795 3001 3835 meus
3028 3781 3262 3838 audisset
3300 3802 3400 3847 me,
3430 3785 3605 3853 Israel
3634 3791 3692 3843 in

2116 3863 2212 3916 uiis
2254 3865 2382 3918 meis
2430 3865 2477 3919 si
2524 3865 2885 3934 ambulasset,
2930 3886 3028 3941 pro
3071 3875 3234 3930 nihilo
3289 3877 3531 3934 inimicos
3575 3881 3690 3951 ejus

2115 3954 2478 4011 liumiliassem
2531 3960 2599 4015 ".
2644 3959 2784 4017 Cum
2822 3964 2969 4019 enim
3008 3965 3093 4020 lex
3136 3969 3450 4036 persuadet,
3494 3988 3690 4030 nervos

2116 4046 2374 4102 amittunt
2424 4049 2555 4103 vitia
2617 4050 2773 4107 humi
2816 4054 3092 4124 jacentia,
3140 4074 3262 4128 quae
3302 4077 3403 4118 nec
3450 4066 3689 4123 animam

2113 4153 2178 4192 ex
2210 4138 2440 4194 adverso
2470 4141 2670 4197 intueri
2695 4154 2950 4213 possunt.
2975 4146 3034 4203 Si
3059 4150 3203 4204 enim
3231 4152 3445 4208 lucerna
3470 4157 3689 4224 pedibus

2113 4231 2241 4284 meis
2267 4230 2350 4284 lca:
2379 4242 2491 4295 tua,
2519 4243 2568 4288 et
2590 4235 2769 4292 lumen
2795 4239 2999 4295 sentitis
3022 4241 3151 4295 meis
3179 4243 3247 4306 ³⁸,
3303 4246 3484 4303 omnis
3514 4249 3686 4306 olTen-

2112 4322 2195 4376 sio
2241 4324 2457 4380 sublata
2505 4333 2609 4392 est,
2659 4328 2966 4386 illuminato
3009 4332 3175 4388 corde
3214 4342 3269 4390 et
3321 4338 3684 4407 splendente;

2112 4414 2217 4468 etsi
2264 4414 2411 4468 enim
2465 4418 2589 4487 quis
2633 4428 2795 4477 aetate
2854 4422 2945 4476 illa
3016 4424 3400 4484 adolescentiae
3473 4432 3683 4488 lubrica

424 4518 519 4565 τος
547 4500 806 4555 διατελῶν
838 4500 1119 4571 βοήσεται’
1170 4502 1265 4552 Ἐν
1302 4502 1417 4554 τίνι
1458 4500 1816 4570 κατορθώσει
1860 4502 2004 4556 νεώ-

2120 4505 2205 4569 sit,
2248 4505 2554 4563 custodiam
2597 4521 2780 4568 tamen
2824 4514 3118 4571 verborum
3162 4528 3451 4576 conservet
3497 4539 3685 4594 perse-

424 4608 596 4659 τερος
623 4589 737 4659 τὴν
778 4589 923 4644 ὁδὸν
950 4588 1173 4653 αὑτοῦ;
1215 4591 1285 4643 ἐν
1320 4589 1400 4656 τῷ
1446 4592 1830 4660 φυλάξασθαι
1863 4592 2004 4659 τοὺς

422 4685 646 4752 λόγους
676 4697 815 4735 σου.
854 4682 1094 4753 Δύναμιν
1126 4682 1182 4735 δέ
1217 4683 1309 4735 τοῦ
1355 4684 1625 4755 μηδέποτε
1676 4686 2003 4754 σφάλλεσθαι

424 4771 791 4844 πορισάμενος
818 4771 1016 4842 ἐαυτῷ,
1043 4771 1121 4842 τῷ
1151 4771 1412 4844 κρύπτειν
1439 4774 1538 4837 τὰς
1572 4774 1664 4827 τοῦ
1707 4776 1873 4847 νόμου
1902 4795 2008 4847 μα-

423 4864 609 4936 θήσεις
644 4865 702 4917 ἐν
751 4867 817 4935 τῇ
865 4864 1092 4936 διανοίᾳ,
1140 4865 1329 4935 φησίν·
1379 4867 1481 4932 Ἐν
1530 4865 1605 4935 τῇ
1635 4869 1849 4937 καρδίᾳ
1884 4887 2003 4939 μου

419 4956 658 5025 ἔκρυψα
686 4955 757 5010 τὰ
779 4955 952 5025 λόγια
976 4970 1113 5020 σου,
1152 4956 1310 5021 ὅπως
1341 4956 1417 5010 ἂν
1445 4958 1526 5027 μὴ
1573 4958 1811 5028 ἁμάρτω
1841 4976 1961 5016 σοι.

489 5132 601 5186 Καὶ
629 5130 772 5185 οὕτω
802 5132 891 5185 τὸν
915 5132 1076 5203 νόμον
1104 5132 1222 5185 ἀντὶ
1246 5132 1480 5203 φρουροῦ
1505 5132 1600 5186 καὶ
1640 5133 1878 5203 φύλακος
1907 5136 1999 5190 θέκ-

419 5239 603 5294 μενος,
636 5228 854 5295 συνήσει
884 5224 999 5287 πῶς
1024 5224 1253 5277 ἕκαστον
1281 5224 1385 5277 τῶν
1410 5225 1641 5279 εἰδώλων
1661 5227 1762 5298 τῆς
1795 5230 1996 5295 κακίας

415 5317 446 5367 6
482 5314 642 5385 νόμος
683 5314 1004 5368 ἀπελαύνειο
1034 5313 1352 5367 ἀπελαύνων
1389 5315 1487 5385 μὲν
1516 5314 1614 5387 τὴν
1656 5316 1993 5389 ἀφροσύνην,

414 5400 503 5455 διὰ
534 5401 627 5455 τοῦ
673 5401 921 5472 λέγοντος
963 5404 1320 5475 γράμματος·
1357 5404 1451 5473 Μὴ
1500 5407 1739 5474 γίνεσθε
1782 5408 1861 5474 ὠς
1895 5410 1993 5463 ἵπ-

415 5504 528 5561 πος
559 5495 658 5550 καί
673 5496 943 5566 ἡμίονος,
966 5495 1056 5563 οἷς
1075 5500 1186 5551 οὐκ
1206 5497 1337 5551 ἔστι
1360 5500 1614 5566 σύνεσις
1633 5517 1646 5530 ·
1672 5497 1991 5573 ἐξοστρακί-

2109 4609 2307 4650 verans
2349 4608 2585 4664 erectus,
2634 4602 2893 4658 clamabit
2940 4622 2954 4657 :
2998 4603 3067 4660 In
3096 4622 3197 4678 quo
3242 4610 3457 4680 corrigit
3504 4613 3685 4691 adole-
3770 4659 3780 4673 ,

2120 4689 2355 4743 scentior
2421 4692 2560 4747 viam
2624 4699 2826 4753 suam?
2887 4698 2940 4752 in
3010 4700 3350 4755 custodiendo
3421 4689 3681 4760 sermones

2110 4788 2228 4833 tuos
2279 4781 2347 4837 ⁸⁷.
2409 4781 2579 4840 David
2647 4790 2978 4861 comparatis
3031 4792 3136 4847 sibi
3186 4793 3395 4850 viribus
3447 4795 3516 4851 ad
3570 4813 3681 4853 non

2108 4871 2424 4939 labendum,
2458 4877 2710 4934 abdendo
2740 4880 2793 4959 in
2827 4890 3009 4937 mente
3041 4884 3362 4955 disciplinas
3389 4887 3524 4959 legis
3555 4889 3682 4945 aie-

2106 4960 2199 5015 bat
2242 4981 2255 5016 :
2304 4963 2370 5017 In
2413 4966 2571 5021 corde
2612 4985 2726 5026 meo
2771 4970 3024 5029 abscondi
3061 4975 3272 5033 eloauia
3319 4986 3431 5045 tua,
3474 4987 3532 5033 ut
3575 4996 3679 5035 non

2102 5068 2304 5122 peccem
2333 5056 2427 5111 tibi
2455 5059 2521 5115 ⁸⁸.

2174 5149 2351 5219 Atque
2392 5151 2467 5205 ita
2493 5152 2585 5224 qui
2615 5152 2786 5224 legem
2818 5170 2917 5224 pro
2959 5157 3189 5213 custode
3218 5159 3549 5226 adhibuerit,
3582 5163 3676 5216 in-
3732 5198 3737 5201 ε

2104 5238 2326 5310 telligit,
2378 5245 2653 5311 quomodo
2704 5246 2791 5301 lex
2825 5247 3068 5318 singulas
3103 5252 3314 5320 species
3344 5253 3463 5306 vitii
3508 5255 3677 5324 abigit

2102 5335 2156 5382 et
2188 5327 2358 5398 ejicit.
2411 5326 2834 5402 Imprudentiam
2883 5336 3100 5405 quidem
3152 5354 3249 5408 per
3291 5338 3671 5411 Scripturam,

2101 5434 2222 5487 quae
2244 5421 2320 5475 ait
2345 5441 2357 5476 :
2384 5422 2564 5480 Nolite
2596 5427 2712 5493 ﬁeri
2742 5427 2878 5480 sicut
2896 5444 3054 5498 equus
3071 5437 3120 5483 et
3141 5431 3341 5498 mulus,
3362 5432 3548 5503 quibus
3569 5450 3672 5488 non

2098 5521 2177 5564 est
2194 5513 2487 5571 intellectus
2518 5517 2585 5572 “.
2639 5519 3006 5575 Timiditatem
3029 5536 3159 5577 vero
3180 5537 3279 5592 per
3302 5522 3670 5595 Scripturam,

491 5635 880 5733 f‘rﬁomi'vnl,’
898 5638 985 5733 i2.
1029 5640 1106 5733 "’
1138 5638 1398 5733 i_bid.n14.
1475 5641 1520 5674 “
1559 5639 1715 5696 Joan.
1752 5658 1826 5707 tv,
1863 5643 1954 5698 ‘24.
2035 5647 2081 5680 ”
2119 5650 2261 5710 Psal.
2302 5671 2464 5724 Lxxx,
2506 5659 2591 5714 14.
2668 5649 2717 5695 δέ
2751 5662 2897 5719 Psal.
2931 5677 3121 5732 cxvm,
3157 5662 3279 5720 105.
3358 5664 3403 5698 ⁵⁷
3444 5666 3579 5724 ibid.
3615 5667 3673 5733 9,

414 5709 461 5743 "
501 5709 631 5763 ibid.
675 5706 758 5763 Μ’.
834 5708 880 5742 ⁵⁸
919 5707 1064 5766 Psal.
1104 5726 1250 5777 xxxv,
1287 5709 1339 5765 9.
