4138 6442
471 305 610 363 1231
1621 303 1755 357 TITI
1796 304 2223 361 BOSTBENSIS
2260 302 2569 361 EPISCOPI

3586 308 3726 363 i252

465 436 587 493 quae
618 419 798 475 dicit:
836 430 917 472 tte
966 419 1237 482 timueris,
1300 433 1418 471 cum
1466 418 1607 472 dives
1648 419 1820 488 [actus
1880 421 2035 491 fuerit

2143 422 2250 486 ζων
2297 421 2352 474 δὲ
2405 422 2505 492 τὴν
2550 420 2750 475 δειλίαν
2799 421 2887 475 διὰ
2940 420 3036 475 τοῦ
3085 422 3334 492 λέγοντος
3379 423 3594 491 λογίου·
3623 426 3723 493 Μὴ

463 514 617 570 homo
651 512 695 544 ‘°
742 529 753 564 :
807 526 869 563 ne
926 511 1110 563 timeas
1156 507 1405 577 probrum
1455 509 1756 576 Iwmintlm,
1807 524 1853 566 et
1903 514 2035 567 uitu-

2142 511 2351 580 φοϐοῦ,
2382 512 2528 565 ὅταν
2558 511 2875 581 πλουτήσῃ
2896 512 3228 581 ἄνθρωπος,
3251 513 3337 583 μὴ
3358 514 3545 582 φοϐοῦ
3576 516 3726 569 ὀνει-

463 604 729 675 peratione
776 618 956 656 eorum
1014 618 1074 655 ne
1130 602 1357 655 uincaris
1402 617 1420 653 :
1473 612 1520 655 et
1568 604 1690 658 time
1728 599 1892 658 Deum
1921 645 1937 670 ,
1990 617 2035 659 et

2143 603 2362 672 δισμόν
2405 603 2748 671 ἀνθρώπων,
2784 604 2880 658 καί
2923 604 3003 670 τῷ
3046 605 3365 676 φαυλισμῷ
3399 606 3599 660 αὐτῶν
3633 606 3721 677 μὴ

464 695 658 753 ualebis
685 705 705 757 ;
730 687 941 763 propter
968 695 1138 762 ipsum
1169 703 1343 748 autem
1367 711 1429 750 ne
1456 696 1621 749 alium
1641 696 1844 751 timeas.
1878 697 2035 750 Timi-

2139 694 2327 762 ἰἰττῶ·
2362 695 2460 748 καὶ
2493 696 2680 764 φοϐοῦ
2722 696 2831 750 τὸν
2866 698 3033 761 Θεὸν,
3072 698 3169 751 καὶ
3211 698 3516 767 ἰσχύσεις·
3553 699 3723 765 πλὴν

463 791 635 844 ditate
669 789 758 843 hic
796 788 969 857 ejecta
1008 796 1061 841 et
1097 792 1347 850 extrusa,
1380 794 1434 841 et
1462 788 1662 842 robore
1694 787 1951 857 imposito
1974 804 2035 843 ac

2139 786 2325 840 αὑτοῦ
2349 787 2436 855 μὴ
2467 787 2655 856 φοϐοῦ
2687 787 2897 843 ἄλλον.
2943 789 3205 843 Ἐνταῦθα
3244 789 3353 861 γὰρ
3380 790 3479 861 τὴν
3520 789 3720 843 δειλίαν

463 879 783 936 fortitudine
830 879 1100 943 immissa,
1133 878 1216 932 lex
1253 879 1490 933 clamat:
1540 878 1730 933 Justus
1784 889 2035 951 tanquam

2139 879 2585 947 ἀποσεισάμενος,
2629 880 2724 932 καὶ
2765 881 2863 950 τὴν
2900 878 3092 951 ῥώμην
3136 880 3342 944 ἐνθεὶς,
3369 881 3461 933 καὶ
3490 881 3590 953 τὴν
3624 884 3718 936 ἀν·-

462 973 540 1028 leo
569 970 792 1040 conﬁdit
814 968 995 1038 ",qui
1032 982 1139 1020 non
1187 968 1337 1021 timet
1384 982 1557 1036 neque
1598 967 1784 1022 horret
1829 968 2037 1038 jumen-

461 1075 601 1122 tum.
641 1064 865 1119 Duabus
916 1061 1162 1131 partibus
1215 1059 1333 1113 vitii
1380 1060 1633 1124 sublatis,
1668 1061 2033 1129 imprudentia

460 1165 518 1210 et
545 1153 861 1215 timiditate.
883 1152 1046 1207 simul
1066 1151 1205 1205 tollit
1232 1151 2032 1224 intemperantiam,inquiens:

464 1243 590 1299 Non
614 1243 982 1315 fornicaberis,
1005 1256 1106 1294 non
1129 1239 1463 1293 maecltaberis
1484 1241 1550 1295 ⁶².
1574 1241 1683 1296 Ubi
1708 1243 2036 1298 cohibentur

461 1337 918 1407 perturbationes,
949 1333 1162 1387 frenum
1221 1333 1595 1402 temperantiae
1634 1333 1690 1389 in
1744 1343 1926 1391 mente
1949 1352 2035 1393 re-

461 1430 703 1499 peritur;
744 1443 805 1483 ac
839 1427 1014 1481 tribus
1038 1424 1358 1488 exstinctis,
1416 1427 1718 1499 exstinguit
1747 1429 1912 1484 etiam
1950 1430 2035 1485 in-

456 1521 728 1591 justitiam
762 1537 776 1573 :
812 1518 934 1573 Non
961 1518 1122 1589 [acies
1163 1516 1259 1570 tibi
1281 1516 1517 1586 pondera
1548 1534 1713 1589 parua
1733 1531 1784 1576 et
1804 1539 2032 1594 magna;

457 1612 687 1682 pondera
707 1612 859 1682 justa
885 1625 934 1669 et
961 1617 1191 1687 (equalia
1214 1618 1321 1671 sint
1351 1615 1446 1670 tibi
1470 1616 1535 1671 “.

2135 972 2318 1043 δρείαν
2347 972 2620 1043 ἐμϐαλὼν,
2659 972 2759 1043 βοᾷ
2780 988 2794 1002 ·
2830 972 3064 1038 Δίκαιος
3106 973 3182 1038 ὡς
3214 972 3372 1026 λέων
3414 972 3716 1037 πέποιθεν,

2136 1066 2212 1129 ὡς
2253 1066 2315 1118 οὐ
2365 1066 2646 1136 φοϐεῖται,
2681 1065 2802 1117 οὐδὲ
2849 1064 3189 1134 καταπτήσει
3232 1064 3447 1134 κτῆνος.
3498 1065 3609 1119 Καὶ
3652 1065 3721 1120 τὰ

2134 1158 2228 1211 δύο
2273 1158 2388 1227 εἴδη
2435 1157 2535 1227 τῆς
2578 1157 2777 1220 κακίας
2815 1154 3107 1227 ἀνῃρηκὼς
3130 1194 3145 1219 ,
3176 1154 3488 1227 ἀφροσύνην
3530 1172 3591 1208 τε
3626 1158 3721 1209 καὶ

2134 1250 2359 1313 δειλίαν,
2412 1252 2726 1318 συναναιρεῖ
2766 1248 2861 1303 καὶ
2897 1248 2995 1320 τὴν
3027 1248 3323 1302 ἀκολασίαν
3344 1287 3358 1311 ,
3391 1245 3592 1315 λέγων·
3636 1249 3717 1301 Οὐ

2134 1344 2527 1413 πορνεύσεις,
2569 1342 2641 1394 οὐ
2682 1341 3051 1409 μοιχεύσεις.
3101 1339 3270 1392 Ὅπου
3318 1338 3387 1391 τὰ
3434 1338 3578 1408 πάθη
3622 1353 3716 1390 συ-

2138 1436 2449 1498 στέλλεται,
2482 1432 2696 1505 χαλινὸς
2731 1432 3085 1504 σωφροσύνης
3124 1433 3183 1484 ὲν
3221 1433 3287 1501 τῇ
3331 1429 3540 1499 διανοίᾳ⁵
3570 1429 3718 1499 εὑρί-

2136 1543 2327 1581 σκεται
2352 1544 2364 1555 ·
2398 1525 2492 1578 καὶ
2524 1522 2633 1577 τῶν
2657 1521 2823 1594 τριῶν
2854 1521 3335 1595 συνανῃρημένων,
3372 1522 3587 1591 ἀναιρεῖ
3622 1520 3717 1572 καὶ

2132 1616 2231 1685 τὴν
2264 1613 2479 1668 ἀδικίαν
2500 1628 2513 1641 ⁸
2547 1614 2629 1666 Οὐ
2663 1610 2938 1677 ποιήσεις
2971 1609 3206 1676 σεαυτῷ
3239 1610 3500 1679 σταθμία
3535 1609 3719 1679 μικρά

2132 1706 2231 1760 καὶ
2247 1704 2482 1778 μεγάλα
2507 1721 2520 1735 ο
2544 1703 2805 1772 σταθμία
2828 1702 3029 1757 δίκαια
3044 1703 3142 1758 καὶ
3170 1703 3275 1756 ῑσα
3298 1703 3578 1757 ἔστωσαν
3595 1717 3709 1758 σοι.

526 1876 702 1946 Atque
725 1874 798 1928 ita
820 1874 1052 1945 singulis
1075 1874 1326 1945 partibus
1349 1873 1603 1944 nequitiae
1630 1872 1844 1937 deletis,
1875 1871 2030 1928 solu-

2202 1858 2313 1913 Καὶ
2345 1856 2510 1921 οὕτω,
2541 1854 2650 1909 τῶν
2687 1857 2786 1927 τῆς
2817 1854 3016 1918 κακίας
3058 1834 3440 1928 ἀνῃρημένων,
3476 1855 3509 1925 ἡ
3544 1871 3713 1925 πονη-

454 1976 509 2024 ta
531 1975 617 2023 est
637 1965 903 2036 nequitia,
929 1980 1051 2036 quae
1085 1981 1192 2021 non
1233 1972 1415 2035 potest
1444 1965 1679 2035 amplius
1707 1963 2027 2021 obambula-

456 2075 517 2114 re
544 2059 602 2113 in
635 2066 834 2113 mente.
864 2057 1013 2124 Quas
1050 2058 1218 2128 igitur
1255 2056 1373 2112 vitii
1403 2056 1613 2127 species
1643 2071 1754 2111 non
1805 2056 2028 2113 sustulit

455 2150 578 2206 lex?
609 2164 746 2220 quas
774 2157 959 2221 partes
987 2149 1287 2220 voluptatis
1322 2163 1431 2206 non
1454 2148 1763 2204 destruxit?
1793 2163 1931 2218 quas
1957 2149 2029 2202 ti-

456 2239 754 2306 miditates,
776 2253 914 2309 quas
962 2237 1359 2309 imprudentias
1405 2254 1516 2294 non
1550 2253 1727 2309 usque
1753 2238 1889 2294 adeo
1917 2238 2031 2293 vin-

457 2332 663 2388 dlcavit
695 2331 894 2386 tollens
933 2330 1290 2400 voluptatem,
1317 2337 1378 2385 ut
1419 2331 1586 2385 etiam
1622 2344 1813 2385 curam
1842 2330 2031 2386 oculo-

457 2440 581 2480 rum
617 2423 889 2488 habuerit,
921 2423 1187 2478 auditioni
1219 2438 1325 2479 non
1358 2423 1685 2494 pepercerit,
1708 2433 1763 2479 et
1787 2423 2032 2493 linguam

456 2531 567 2573 non
604 2515 941 2586 neglexerit?
967 2513 1133 2569 Posui
1158 2515 1296 2570 enim
1337 2515 1504 2571 oculis
1546 2516 1677 2570 meis
1708 2516 2027 2584 custodiam,

455 2618 508 2664 et
533 2624 636 2664 non
666 2606 957 2676 intelligam
1000 2622 1155 2677 super
1177 2607 1425 2677 virginem
1467 2608 1536 2661 “.
1591 2604 1824 2662 Sanctus
1856 2622 2030 2678 usque

457 2700 527 2757 ad
575 2714 760 2756 curam
814 2699 1100 2753 oculorum
1151 2698 1434 2770 procedit,
1493 2714 1562 2753 ne
1609 2699 1860 2770 voluptas
1912 2700 2032 2753 ani-

455 2806 601 2848 mam
635 2791 902 2856 titillans,
951 2806 1071 2847 eam
1109 2790 1174 2845 ad
1219 2791 1720 2861 concupiscendum
1771 2789 2027 2847 adducat.

455 2881 614 2938 Alius
639 2890 866 2939 sanctus
895 2881 1168 2937 clamabat
1199 2898 1213 2936 :
1259 2878 1341 2936 Ne
1370 2882 1765 2952 circumspicias
1798 2884 2033 2952 pulchri-

457 2972 695 3027 tudinem
722 2972 972 3038 alienam,
1005 2988 1068 3027 ne
1089 2972 1328 3042 uoluptas
1350 2989 1469 3027 cum
1497 2973 1807 3029 vestibulum
1838 2976 2032 3032 animle

460 3061 675 3132 ceperit,
704 3075 846 3130 spem
874 3061 1139 3133 ingressus
1180 3061 1462 3132 concipiat,
1494 3062 1730 3133 quinimo
1785 3081 1818 3118 a
1845 3064 2031 3134 januis

2137 1954 2225 2026 ρία
2269 1949 2519 2012 λέλυται,
2559 1948 2756 2020 μηκέτι
2813 1945 3149 2017 ἐμϐατεῦσαι
3194 1947 3260 2016 τῇ
3298 1944 3506 2016 διανοίᾳ
3551 1945 3713 1998 δυνα-

2137 2043 2295 2115 μένη.
2329 2043 2466 2096 Ποῖα
2491 2036 2584 2096 οὖν
2615 2041 2718 2112 ἤδη
2746 2039 2974 2101 ἀτοπίας
3007 2039 3109 2091 οὐκ
3158 2036 3429 2109 ἀνῄρησεν
3456 2039 3485 2090 ὀ
3517 2036 3713 2108 νόμος;

2134 2138 2263 2188 ποῖα
2303 2133 2444 2205 μέρη
2483 2132 2680 2203 ἡδονῆς
2725 2131 2786 2183 οὐ
2819 2129 3040 2195 λέλυκε;
3081 2128 3242 2191 ποίας
3277 2127 3513 2193 δειλίας,
3558 2127 3716 2191 ποίας

2133 2222 2444 2296 ἀφροσύνας
2489 2222 2591 2275 οὐκ
2637 2220 2731 2273 ἐπὶ
2775 2217 3029 2273 τοσοῦτον
3068 2216 3329 2287 ἐπεξῆλθε
3379 2216 3477 2287 τὴν
3523 2216 3716 2287 ἡδονὴν

2132 2315 2373 2388 ἀναιρῶν
2394 2356 2409 2380 ,
2436 2315 2512 2379 ώς
2550 2314 2646 2366 καὶ
2672 2312 2781 2366 τῶν
2810 2310 3079 2383 ὀμμάτων
3126 2308 3591 2380 ὲπιμελήσασθαι,
3622 2309 3719 2363 καλ

2132 2409 2232 2480 τῆς
2261 2410 2431 2479 ἀκοῆς
2474 2404 2548 2477 μὴ
2583 2403 2894 2474 φείσασθαι,
2926 2402 3020 2456 καὶ
3058 2401 3161 2472 τῆς
3202 2399 3455 2471 γλώσσης
3484 2400 3559 2472 μὴ
3581 2401 3720 2472 ἠμε-

2132 2500 2356 2573 ληκέναι
2380 2515 2395 2565 ;
2444 2496 2698 2567 Ἐθέμην
2735 2496 2845 2567 γὰρ
2873 2494 2999 2561 τοῖς
3031 2492 3359 2563 ὀφθαλμοῖς
3376 2510 3497 2563 μου
3526 2495 3721 2562 φυλα-

2136 2592 2274 2662 κὴν,
2314 2591 2412 2645 καὶ
2452 2592 2524 2646 οὺ
2565 2589 2651 2659 μὴ
2681 2587 2936 2656 συνήσω
2968 2586 3067 2641 ἐπὶ
3111 2585 3430 2655 παρθένον.
3475 2586 3533 2640 Ὁ
3565 2585 3717 2654 ἅγιος

2140 2681 2302 2753 μέχρι
2339 2679 2450 2733 τῶν
2491 2679 2755 2750 ὀμμάτων
2803 2676 2993 2746 φθάνει
3018 2693 3031 2708 ⁸
3077 2677 3164 2732 ἵνα
3203 2674 3278 2747 μὴ
3318 2674 3720 2746 γαργαλίζουσα

2136 2773 2234 2846 τὴν
2269 2771 2451 2844 ψυχὴν
2498 2770 2662 2843 ἡδονὴ
2704 2770 2785 2833 είς
2832 2768 3123 2840 σκελισμόν
3160 2769 3261 2840 τῆς
3303 2766 3598 2837 ιπιθυμίας
3627 2765 3731 2839 ἀνι-1

2136 2864 2340 2936 αγάγῃ.
2384 2864 2612 2937 Ἕτερος
2644 2861 2752 2916 τῶν
2802 2861 2972 2930 ἁγίων
3008 2860 3174 2914 ἐϐόα-
3217 2859 3314 2929 Μὴ
3357 2857 3719 2928 περιϐλέκῃς

2137 2958 2367 3024 κάλλος
2403 2958 2748 3025 ἀλλότριον,
2777 2955 2878 3009 ἵνα
2914 2952 2998 3024 μὴ
3038 2952 3253 3022 ἡδονὴ,
3283 2951 3441 3022 μηδὲ
3473 2952 3546 3005 τὰ
3577 2950 3720 3019 πρό-

2137 3052 2293 3119 θυμα
2334 3047 2445 3118 τῆς
2468 3045 2678 3118 ψυχῆς
2722 3046 3019 3112 λαϐοῦσα,
3061 3044 3281 3101 ἐλπίδα
3319 3041 3431 3111 τῆς
3478 3040 3720 3095 εἰσόδου

461 3126 674 3222 repulsa
704 3126 952 3207 insidiosi
983 3167 1113 3207 suas
1159 3126 1394 3223 desperet
1424 3126 1899 3226 ".'Progrediens
1930 3171 2033 3212 au-

2139 3138 2409 3210 λαμϐἀνῃ
2429 3157 2444 3171 σ
2471 3137 2633 3193 ἀλλὰ
2654 3136 2752 3191 καὶ
2779 3134 2899 3190 τῶν
2925 3133 3122 3203 θυρῶν
3151 3129 3521 3187 ἀπελαθεῖσα
3543 3126 3720 3183 ἀνέλ-

460 3252 571 3300 tem
600 3241 670 3298 ad
700 3258 864 3299 aures
911 3250 967 3298 et
1020 3243 1087 3299 ad
1124 3243 1378 3315 linguas,
1428 3244 1619 3316 vigiles
1667 3252 1722 3300 et
1781 3246 2035 3303 custodes

461 3334 720 3391 membris
746 3332 1009 3405 praefecit,
1041 3349 1149 3390 non
1181 3333 1382 3389 cedens
1425 3334 1546 3389 loco
1597 3350 1728 3401 suo,
1777 3335 1907 3406 quin
1938 3352 2035 3407 po-

461 3429 573 3484 tius
597 3428 798 3483 clamat
822 3410 1045 3492 εῬοηε,
1085 3425 1308 3480 Domine
1327 3468 1343 3493 ,
1371 3426 1669 3481 custodiam
1699 3428 1780 3482 ori
1812 3445 1924 3483 meo
1955 3429 2032 3495 ";

462 3536 531 3576 ue
561 3535 743 3576 sermo
764 3519 939 3590 turpis
961 3520 1081 3574 sine
1110 3521 1342 3575 utilitate
1375 3521 1615 3576 emissus
1637 3563 1652 3588 ,
1712 3522 2036 3577 invitamen-

460 3621 577 3668 tum
613 3613 910 3683 voluptatis
948 3611 1130 3682 turpia
1181 3612 1425 3683 loquenti
1483 3612 1762 3684 adjungat.
1815 3612 2034 3668 Habetis

464 3715 726 3778 praeterea
764 3719 955 3760 curam
990 3704 1301 3760 lumborum
1329 3744 1344 3769 ,
1387 3706 1704 3775 prmdicavit
1732 3746 1748 3770 ,
1780 3721 1847 3761 ne
1881 3721 2035 3763 mens

464 3797 575 3854 huc
605 3805 660 3852 et
698 3797 829 3851 illuc
861 3798 1058 3867 agitata
1090 3798 1268 3852 vincta
1311 3806 1474 3855 esset.
1529 3797 1793 3869 Praecepit
1845 3798 2032 3853 enim:

466 3886 557 3943 Sic
576 3885 857 3941 comedetis
878 3886 1094 3956 pascha,
1122 3886 1285 3940 lumbi
1307 3889 1466 3942 vestri
1490 3899 1642 3942 erunt
1662 3888 1931 3957 pra'cincti
1958 3887 2032 3938 ‘7:

465 3993 539 4035 ne
564 3979 613 4035 si
643 3977 886 4033 membra
914 3977 1152 4033 habeant
1202 3962 1492 4045 discincta,
1520 3979 1669 4035 facili
1726 3987 1878 4035 motu
1912 3994 2039 4051 pre-

466 4068 705 4127 hendere
734 4068 1042 4140 possimus;
1097 4083 1292 4125 rursus
1333 4085 1465 4126 vero
1509 4071 1566 4126 in
1596 4071 1678 4127 sic
1724 4070 2037 4142 praecinctis

466 4158 730 4230 optimum
767 4158 1017 4215 ordinem
1060 4158 1128 4214 ad
1178 4174 1266 4215 res
1300 4159 1564 4223 gerendas
1607 4170 1662 4217 et
1709 4161 1777 4217 ad
1820 4162 2037 4229 negotia

467 4250 825 4321 reperiamus.

2135 3247 2355 3287 πιστον
2396 3228 2512 3299 τὴν
2546 3226 2883 3296 ἐπιϐουλὴν
2932 3225 3065 3295 ἔχῃ.
3110 3223 3331 3278 Φθάνων
3377 3221 3436 3276 δὲ
3481 3220 3575 3273 ἐπὶ
3620 3217 3719 3283 τὰς

2136 3322 2308 3387 ἀκοὰς
2337 3322 2432 3377 καὶ
2461 3322 2539 3386 εἰς
2572 3320 2674 3385 τὰς
2704 3318 2983 3390 γλώττας,
3023 3315 3296 3390 φρουροὺς
3339 3313 3435 3367 ttat
3473 3311 3721 3381 φύλακας

2136 3419 2229 3471 καὶ
2271 3419 2383 3479 τοῖς
2434 3414 2651 3486 μέλεσιν
2706 3411 2943 3483 ἐπέθηκε
2962 3448 2976 3475 ,
3008 3408 3174 3462 τόπον
3223 3405 3354 3460 ῐδιον
3402 3404 3477 3476 μὴ
3521 3403 3718 3466 διδοὺς,

2136 3509 2249 3564 ἀλλ’
2274 3507 2404 3561 ἐϐόα
2423 3523 2436 3537 ·
2475 3506 2616 3569 Θοῦ,
2645 3507 2844 3573 Κύριε,
2876 3499 3162 3573 φυλακὴν
3191 3496 3274 3563 τῷ
3299 3496 3550 3566 στόματί
3567 3509 3715 3565 μου·

2137 3602 2224 3655 ἵνα
2257 3598 2390 3671 μηδὲ
2425 3596 2623 3660 ἄτοπος
2660 3595 2819 3664 λόγος
2858 3593 2981 3664 δίχα
3020 3591 3115 3645 τοῦ
3148 3589 3424 3660 ὠφελίμου
3467 3584 3722 3659 προεξελ-

2137 3693 2246 3747 θὼν
2276 3692 2469 3762 ἡδονῆς
2502 3689 2693 3760 δέλεαρ
2726 3689 2804 3758 τῷ
2834 3686 2905 3740 τὰ
2950 3683 3152 3756 αἰσχρὰ
3195 3679 3551 3752 φθεγγομένῳ
3588 3693 3723 3748 προ-

2138 3785 2357 3856 ξενήσῃ.
2396 3780 2817 3852 Ἐπιμελόμενος
2872 3777 2930 3830 δὲ
2966 3776 3063 3829 καὶ
3102 3775 3204 3844 τῆς
3238 3771 3473 3841 ὀσφύος,
3511 3768 3606 3822 τοῦ
3648 3766 3722 3838 μὴ

2137 3869 2237 3929 ὧδε
2286 3875 2446 3928 κάκεῖ
2501 3871 2806 3926 σεισθεῖσαν
2847 3867 2946 3939 τὴν
2993 3868 3230 3921 διάνοιαν
3284 3860 3513 3932 δεσμίαν
3559 3856 3717 3923 εἶναι,

2139 3965 2506 4039 προενοήσατο
2539 3958 2936 4033 παραγγέλλων
2953 3972 2970 3989 ο
3010 3954 3174 4009 Οὕτω
3210 3950 3475 4039 φάγεσθε
3512 3945 3579 4000 τὸ
3606 3944 3721 4039 sui:

2139 4032 2297 4128 σξια,
2425 4032 2654 4123 ὀσφύες·
2689 4048 2858 4120 ὑμῶν
2904 4042 3359 4115 περιεζωσμέναι
3384 4055 3398 4069 ·
3451 4038 3537 4089 ἵνα
3587 4032 3722 4105 μηδὲ

2138 4150 2207 4204 τὰ
2240 4149 2375 4221 μέλη
2418 4146 2635 4211 ἄζωστα
2677 4143 2889 4214 ἔχοντες
2925 4141 2991 4209 τῇ
3038 4136 3198 4207 ῥᾳδία
3240 4133 3453 4221 κινήσει
3489 4142 3724 4221 quateret;

2141 4215 2512 4314 χειρήσωμεν,
2538 4236 2650 4291 ἀλλ’
2681 4233 2824 4286 οὕτω
2864 4225 3214 4297 διεζωσμέναι
3255 4219 3409 4285 τάξιν
3448 4219 3547 4289 τὴν
3585 4215 3722 4288 πρὸς

2141 4334 2210 4388 τά
2231 4332 2532 4404 πράγματα
2566 4326 2796 4400 ἀρίστην
2821 4318 3131 4394 εὑρώμεθα.

538 4455 621 4512 Ad
650 4455 801 4512 hunc
830 4456 1051 4513 modum
1080 4457 1328 4528 partibus
1358 4458 1658 4529 voluptatis
1686 4459 1937 4525 sublatis,
1982 4460 2035 4515 in

2211 4467 2323 4522 Καὶ
2347 4464 2489 4519 οὕτω
2513 4462 2621 4516 τῶν
2661 4458 2816 4512 εἱδῶν
2855 4456 2956 4525 τῆς
2998 4454 3190 4527 ἡδονῆς
3232 4448 3720 4541 προανῃρημένων,

469 4549 681 4622 species
708 4550 962 4605 vitiorum
994 4553 1164 4621 partis
1193 4552 1405 4608 ratione
1440 4552 1701 4622 praeditas,
1733 4559 1787 4608 et
1826 4553 1880 4608 in
1915 4568 2041 4622 spe-

468 4641 583 4696 cies
621 4637 900 4708 injustitiaa
948 4640 1166 4696 invasit.
1209 4640 1267 4697 Si
1316 4640 1463 4697 enim
1515 4644 1704 4699 tollere
1747 4659 1868 4715 qua:
1911 4650 2042 4700 sunt

468 4730 719 4796 alterius,
753 4739 806 4786 et
832 4747 926 4802 per
952 4732 1061 4786 vim
1092 4733 1284 4788 tollere
1329 4739 1384 4787 et
1428 4733 1601 4790 invito
1638 4734 1861 4791 domino
1884 4778 1899 4801 ,
1952 4736 2040 4790 in-

464 4821 678 4892 iustitia
708 4829 827 4889 est;
853 4830 908 4878 et
936 4823 1213 4879 tollentem
1247 4837 1369 4894 quae
1397 4823 1572 4879 aliena
1603 4832 1771 4892 sunt,
1819 4825 1951 4880 dare
1978 4839 2043 4880 ea

469 4913 869 4980 meretricibus,
907 4915 992 4970 vel
1028 4914 1308 4972 luxuriose
1336 4931 1683 4981 consumere,
1719 4917 1931 4988 species
1956 4915 2042 4970 in-

467 5007 696 5079 iustitiae
735 5016 857 5064 est:
892 5007 1134 5078 injustus
1165 5014 1289 5074 est,
1336 5008 1433 5079 qui
1468 5008 1727 5063 honorem
1786 5006 1898 5062 Deo
1938 5007 2047 5064 eri-

474 5102 652 5171 piens,
681 5100 844 5172 lignis
883 5108 939 5156 et
968 5099 1309 5157 daemonibus
1338 5115 1460 5156 eum
1497 5100 1754 5165 adhibet,
1785 5106 1841 5154 et
1872 5098 2047 5154 hono-

396 5194 399 5197 ⁷
472 5208 588 5248 rem
619 5190 716 5247 Dei
747 5192 1044 5257 consumit,
1075 5199 1128 5246 et
1157 5191 1213 5246 in
1244 5198 1430 5247 mente
1457 5192 1771 5246 luxuriosus
1797 5198 1901 5246 est.
1935 5191 2047 5245 Nec

474 5285 620 5341 enim
653 5284 727 5339 ita
754 5285 1034 5340 luxuriose
1061 5284 1215 5350 vivit,
1260 5283 1350 5354 qui
1384 5298 1516 5354 Opes
1548 5283 1848 5347 consumit,
1883 5290 1941 5337 ut
1961 5289 2047 5336 est

475 5375 736 5446 iniustus,
769 5376 863 5447 qui
896 5390 1126 5447 magnas
1153 5382 1209 5432 et
1239 5374 1519 5430 alﬂuentes
1567 5374 1789 5429 divitias
1824 5372 2047 5427 honoris

475 5463 573 5521 Dei
597 5481 665 5523 ex
699 5469 883 5523 animo
907 5467 1052 5524 delet
1076 5486 1090 5523 :
1119 5467 1361 5539 quandiu
1387 5466 1530 5522 enim
1565 5466 1767 5522 divitiae
1788 5464 2049 5537 cognitio-

2143 4556 2404 4628 ἐπεξῆλθε
2440 4556 2533 4609 καὶ
2567 4552 2708 4607 κατά
2738 4549 2847 4602 τῶν
2876 4547 3031 4601 εἰδῶν
3052 4547 3151 4616 τῆς
3180 4542 3436 4604 διανοίας,
3462 4540 3556 4593 καὶ
3584 4536 3725 4593 κατά

2142 4650 2251 4704 τῶν
2283 4646 2440 4702 εἱδῶν
2472 4647 2571 4717 τῆς
2609 4642 2843 4705 ἀδικίας.
2880 4642 2945 4694 Εἰ
2974 4639 3084 4711 γὰρ
3107 4638 3169 4690 τὸ
3201 4635 3271 4688 τὰ
3296 4633 3485 4704 ἐτέρου
3517 4629 3723 4689 λαϐεῖν,

2144 4742 2239 4797 καὶ
2273 4739 2364 4811 βίᾳ
2386 4737 2590 4802 λαϐεῖν,
2617 4735 2713 4790 καὶ
2746 4734 2969 4795 ἄκοντος
2997 4728 3202 4793 λαϐεῖν,
3239 4724 3422 4780 ἀδικία
3442 4722 3559 4776 ἐστί
3577 4733 3595 4751 ⁸
3633 4721 3729 4811 καὶ

2145 4831 2234 4885 τὸν
2262 4809 2494 4883 λαϐόντα
2532 4826 2599 4881 τὰ
2639 4825 2853 4922 ἑτέρου.
2892 4822 2926 4893 ἢ
2985 4819 3245 4922 ἑταίραις.
3266 4811 3560 4922 διδόναι,θῆ
3592 4809 3728 4922 eos»:

2151 4937 2257 4984 τως
2296 4902 2774 4988 καταδαπανῆσαῖ,
2803 4909 2941 4977 εἶδός
2992 4913 3140 4965 ὲστιν
3182 4906 3425 4970 ἀδικίαςο
3472 4904 3654 4965 ἄδικος
3700 4902 3729 4954 ό

2149 5009 2250 5081 τὴν
2275 5007 2438 5079 τιμὴν
2465 5007 2559 5060 τοῦ
2588 5004 2722 5059 Θεοῦ
2748 5001 3020 5074 ἀφαιρῶν,
3058 4999 3236 5066 ξύλοις
3265 4997 3321 5049 δὲ
3354 4995 3446 5049 καὶ
3478 4992 3731 5061 δαίμοσιν

2151 5101 2321 5172 αὐτὴν
2351 5098 2631 5163 ἀποδιδοὺς
2656 5137 2671 5162 ,
2702 5097 2797 5150 καὶ
2835 5091 3234 5149 καταδαπανῶν
3265 5088 3364 5159 τὴν
3405 5084 3570 5155 τιμὴν
3590 5123 3604 5147 ,
3636 5082 3732 5136 καὶ

2151 5189 2556 5261 ἀσωτευόμενος
2585 5191 2642 5243 ὲν
2667 5191 2732 5259 τῇ
2765 5186 2995 5257 διανοίᾳ.
3028 5184 3164 5237 Οὐδὲ
3187 5180 3295 5251 γὰρ
3329 5176 3500 5239 οὕτως
3526 5175 3732 5239 ἄσωτος

2151 5281 2180 5334 ὀ
2204 5278 2596 5334 καταδαπανῶν
2626 5279 2725 5350 τὴν
2752 5277 2959 5341 οὐσίαν,
2992 5275 3067 5337 ὼς
3094 5271 3278 5333 ἄδικος
3304 5270 3333 5322 ὀ
3365 5267 3463 5337 τὴν
3490 5262 3733 5336 μεγάλην

2155 5371 2493 5443 περιουσίαν,
2532 5371 2629 5441 τὴν
2679 5369 2845 5441 τιμὴν
2895 5366 2990 5420 τοῦ
3035 5363 3172 5419 Θεοῦ
3210 5361 3319 5417 ἀπὸ
3363 5360 3462 5431 τῆς
3495 5354 3735 5417 διανοίας

2154 5463 2525 5534 ἐξαφανίζων
2560 5464 2644 5531 ἐφ’
2676 5463 2800 5515 ὅσον
2845 5459 2954 5531 γὰρ
2996 5457 3324 5525 συνέστηκεν
3364 5454 3400 5523 ἡ
3449 5446 3736 5521 περιουσία

549 5642 596 5675 ’θ
632 5642 780 5700 Psal.
819 5659 1007 5707 xcvut,
1046 5644 1133 5699 i7.
1208 5645 1251 5676 “
1292 5643 1455 5698 Prov.
1487 5656 1683 5705 xxvm,
1717 5643 1772 5698 l.
1847 5641 1891 5671 ⁶²
1934 5638 2035 5694 Exc

2147 5653 2253 5705 xx,
2292 5638 2394 5704 M,
2435 5640 2522 5696 l5.
2600 5639 2646 5672 ”
2686 5637 2864 5696 Levit.
2901 5650 3016 5703 xIx,
3051 5634 3157 5698 55,
3192 5631 3261 5687 56
3362 5631 3406 5663 ⁵⁸
3440 5626 3544 5685 Job
3576 5639 3729 5688 xxxx,

481 5712 537 5770 l.
610 5714 656 5746 "
695 5712 862 5769 Eceli.
906 5730 994 5779 ix,
1027 5713 1095 5779 8,
1132 5713 1184 5768 9.
1262 5714 1306 5746 “
1343 5712 1491 5768 Psal.
1526 5727 1662 5779 CXL,
1696 5711 1749 5766 ὅ.
1828 5710 1870 5744 ⁸⁷
1914 5708 2081 5766 Exod.
2118 5723 2235 5776 xu,
2272 5708 2361 5764 Η.
