4138 6504
493 567 629 624 1235

1609 568 1744 623 TITI
1785 565 2210 625 BOSTRENSIS
2242 564 2545 623 EPISCOPI

3593 571 3614 625 1
3625 571 3732 628 236

488 701 702 743 omnem
735 685 970 756 speciem
1003 679 1285 756 iﬂjustitia
1336 688 1558 743 sustulit
1587 689 1692 743 lex.
1727 689 1938 745 Idcirco
1966 690 2053 761 qui

2162 691 2345 762 ἀδικίᾳ
2392 688 2465 759 μὴ
2508 684 2760 758 παρέχῃ·
2798 685 2891 737 καὶ
2929 682 3071 737 οὑτω
3114 684 3221 738 πᾶν
3254 681 3391 749 εἶδος
3432 685 3736 752 ἐπεξελθὼν

487 774 787 835 secundum
818 776 990 847 legem
1038 777 1322 846 loquitur,
1370 792 1470 847 pro
1519 778 1744 833 veritate
1790 780 2051 850 loquitur.

484 871 693 929 ldch‘co
748 869 843 940 qui
902 878 1030 924 sunt
1077 869 1312 939 operarii
1356 870 1636 934 veritatis,
1691 886 1800 924 non
1856 871 2057 925 excan-

484 962 733 1024 descunt,
767 974 891 1015 cum
916 958 1003 1013 lex
1036 959 1303 1014 adversus
1335 958 1529 1013 vitium
1556 960 1816 1029 loquitur.
1851 960 2058 1031 Loque-

484 1052 649 1106 batur
676 1051 970 1120 aliquando
1005 1049 1270 1106 Dominus
1316 1051 1580 1108 adversus
1609 1054 1925 1118 avaritiam;
1956 1070 2055 1109 ex-

483 1142 886 1213 asperabantur
914 1140 1121 1205 Judai,
1170 1152 1225 1195 et
1274 1144 1503 1198 moleste
1556 1143 1800 1198 ferebant
1838 1164 1850 1200 :
1904 1160 2057 1199 amor

483 1233 629 1287 enim
656 1232 968 1288 divitiarum
994 1247 1218 1303 asperos
1246 1239 1299 1287 et
1340 1235 1509 1289 duros
1533 1249 1628 1289 eos
1663 1235 1923 1292 adversus
1976 1238 2058 1292 lo-

483 1333 738 1393 quentem
769 1323 1052 1379 eﬂiciebat.
1098 1321 1177 1377 Ita
1227 1324 1472 1394 profecto
1512 1333 1617 1390 est,
1651 1341 1775 1380 cum
1808 1327 2058 1398 padago-

482 1432 585 1486 gus
618 1432 741 1470 cum
768 1431 938 1486 puero
965 1415 1162 1484 ignavo
1195 1426 1249 1471 et
1277 1416 1432 1489 pigro
1461 1417 1705 1485 disserit,
1728 1419 1856 1474 odio
1887 1420 2055 1475 habe-

481 1517 574 1562 tur
599 1509 669 1562 ab
698 1523 765 1563 eo
796 1523 957 1578 quem
1004 1509 1247 1563 instruit.
1288 1505 1479 1565 Omnis
1518 1510 1663 1565 enim
1721 1512 1815 1581 qui
1872 1523 2056 1568 motus

482 1599 861 1654 adolescentia
905 1614 935 1652 a
976 1598 1189 1653 ratione
1235 1615 1458 1655 aversos
1500 1601 1792 1668 exscindit,
1826 1603 1880 1656 in
1930 1603 2056 1659 odio

479 1698 564 1746 est
594 1701 816 1761 propter
847 1706 1089 1746 amorem
1120 1692 1456 1761 voluptatum
1488 1713 1500 1746 :
1549 1693 1621 1748 ob
1661 1694 1804 1748 hanc
1831 1709 2054 1749 causam

480 1783 569 1837 lex
598 1783 654 1841 in
678 1784 862 1839 odium
890 1784 1041 1839 venit
1091 1786 1384 1841 Itareticis.
1419 1785 1556 1852 Quia
1594 1794 1786 1841 contra
1838 1797 2057 1858 pertur-

478 1873 728 1929 bationes
752 1875 1026 1938 tendebat,
1056 1886 1247 1931 contra
1299 1885 1522 1946 peccata
1565 1877 1899 1943 ambulabat,
1932 1895 2057 1934 con-

477 1971 567 2025 tra
597 1966 847 2020 adamata
875 1967 1210 2033 disserebat,
1265 1985 1377 2023 rem
1409 1985 1566 2041 aquo
1602 1970 1786 2025 animo
1826 1987 1935 2026 non
1968 1984 2080 2030 tu-.

477 2055 681 2111 lerunt.

2158 783 2369 840 ἀνεῖλεν
2395 782 2423 833 6
2451 780 2629 848 νόμος.
2672 777 2770 829 Διά
2796 775 2955 829 τοῦτο
2986 778 3015 828 6
3043 776 3185 829 κατά
3233 777 3395 847 νόμον
3433 777 3742 850 φθεγγόμε.

2157 894 2246 940 νος
2271 874 2410 945 ὑπὲρ
2440 869 2699 941 ἀληθείας
2738 868 3062 947 φθέγγεται·
3095 868 3183 922 διὰ
3209 868 3370 923 τοῦτο
3398 871 3447 923 oi
3480 870 3578 940 τῆς
3606 871 3740 943 ἀλη-

2160 968 2312 1029 θείας
2341 961 2566 1033 ἐργάται
2589 959 2689 1012 οὑκ
2715 959 3077 1027 ἀγανακτοῦσι
3108 959 3183 1029 τῷ
3206 959 3354 1030 νόμῳ
3376 960 3517 1014 κατὰ
3540 962 3739 1025 κακίας

2159 1054 2533 1129 φθεγγομένῳ.
2593 1049 2799 1104 Ἐλάλει
2856 1049 2986 1102 ποτὲ
3031 1048 3172 1102 κατὰ
3228 1049 3660 1121 φιλοχρηματίας
3709 1054 3738 1105 6

2158 1150 2378 1221 Σωτήρ·
2414 1144 2774 1216 ἐτραχύνοντο
2818 1144 2867 1196 οἱ
2906 1142 3146 1195 Ἰουδαῖοι
3173 1158 3187 1172 ·
3225 1143 3258 1214 ἡ
3302 1142 3411 1214 γάρ
3451 1144 3601 1212 φιλία
3628 1144 3739 1199 τῶν

2157 1239 2458 1312 χρημάτων
2485 1234 2797 1307 τραχύτητα
2836 1233 2978 1287 κατὰ
3012 1232 3107 1285 τοῦ
3148 1232 3394 1300 λέγοντος
3428 1234 3735 1305 εἰργάζετο.

2158 1331 2377 1402 Ἀμέλει
2417 1331 2545 1383 ὅταν
2580 1325 2925 1395 παιδαγωγὸς
2965 1325 3192 1397 ῥᾳθύμῳ
3221 1324 3372 1380 παιδὶ¹
3402 1326 3530 1396 περὶ
3576 1326 3730 1398 ῥᾳθυ-

2161 1423 2290 1494 μίας
2322 1421 2663 1492 διαλέγηται,
2703 1421 2941 1488 μισεῖται
2979 1416 3130 1484 παρά
3163 1415 3257 1470 τοῦ
3292 1416 3737 1488 παιδαγωγουμέα

2156 1532 2247 1568 νου
2267 1532 2281 1545 ο
2312 1516 2421 1577 πᾶς
2442 1514 2552 1583 γὰρ
2578 1514 2611 1565 6
2645 1512 2743 1581 τῆς
2776 1510 2902 1572 νέας
2929 1508 3144 1581 ἡλικίας
3172 1509 3234 1562 τὸ
3262 1508 3430 1573 πάθος
3455 1509 3740 1563 ἐκκόπτων

2161 1610 2401 1679 μισεῖται
2432 1606 2521 1659 διὰ
2560 1605 2664 1676 τὴν
2687 1603 2869 1673 φιλίαν
2907 1604 3017 1656 τῶν
3042 1601 3243 1674 ἡδονῶν
3269 1619 3283 1631 ο
3314 1600 3403 1654 διὸ.
3448 1600 3605 1655 τοῦτο
3642 1618 3737 1672 με-

2160 1701 2387 1771 μίσηται
2426 1698 2577 1770 παρὰ
2612 1698 2727 1752 τῶν
2755 1696 3089 1768 αἱρεσιωτῶν
3124 1698 3152 1749 6
3186 1695 3366 1766 νόμος.
3398 1695 3550 1747 Ἐπεὶ
3593 1695 3737 1748 κατά

2154 1793 2263 1847 τῶν
2296 1791 2484 1846 παθῶν
2511 1791 2730 1862 ἐχόαρει,
2758 1788 2899 1843 κατὰ
2919 1787 3028 1841 τῶν
3059 1788 3471 1859 ἁμαρτημάτων
3498 1785 3735 1851 ἐϐάδιζε,

2156 1886 2297 1938 κατὰ
2339 1884 2447 1939 τῶν
2494 1882 2842 1953 φιλουμένων
2874 1880 3141 1948 διελέγετο
3168 1894 3197 1909 ο·
3226 1880 3327 1933 οὑκ
3389 1880 3624 1950 ἡνεγκαν
3673 1878 3736 1932 τὸ

2157 1977 2412 2047 πρᾶγμα.

690 2171 817 2234 Cap.
858 2172 925 2229 X.
961 2174 1181 2228 Omnem
1205 2177 1425 2244 speciem
1457 2178 1663 2232 virtutis
1692 2177 1777 2231 lea:
1801 2179 2012 2249 exponit
2046 2197 2063 2233 :
2094 2180 2450 2248 prudentiam,
2473 2176 2804 2246 pudicitiam.
2838 2173 3221 2242 fortitudinem,
3244 2170 3535 2240 justitiam.

550 2288 620 2345 Ut
645 2299 826 2348 autem
856 2306 1038 2348 sermo
1061 2302 1116 2348 et
1147 2294 1446 2364 disputatio
1476 2308 1663 2352 nostra
1709 2298 2050 2367 amplissima

477 2380 570 2447 sit,
612 2388 665 2437 et
696 2383 877 2438 scelus
907 2382 1132 2440 harcsis
1160 2401 1281 2456 qua
1309 2386 1513 2455 injuste
1538 2387 1603 2440 ad
1633 2388 1804 2457 legem
1840 2389 2052 2457 vitupe-

474 2471 703 2528 randam
759 2490 819 2530 se
876 2476 1128 2538 contulit,
1180 2486 1439 2547 appareat
1477 2499 1488 2532 :
1521 2494 1630 2533 non
1678 2479 1853 2534 solum
1901 2480 2049 2550 quod

476 2579 669 2621 omnes
708 2567 919 2636 species
969 2574 1023 2623 et
1053 2566 1257 2623 formas
1297 2570 1413 2625 vitii
1474 2571 1721 2637 sustulit,
1765 2570 2045 2635 dicamus,

476 2655 574 2710 sed
596 2655 890 2713 reddamus
921 2658 1145 2730 insuper
1162 2676 1491 2726 sermonem,
1508 2662 1653 2733 quod
1685 2676 1901 2716 omnem
1926 2676 2051 2731 spe-

475 2744 613 2802 ciem
643 2747 861 2804 virtutis
885 2750 967 2805 lex
999 2758 1220 2806 enarrat
1244 2759 1299 2807 et
1331 2752 1573 2823 exponit.
1614 2750 1670 2805 Si
1697 2752 1839 2806 enim
1867 2751 2051 2805 omnia

472 2835 606 2890 vitia
641 2836 727 2892 lex
762 2839 1093 2904 sustulisset,
1129 2856 1237 2894 non
1270 2848 1451 2896 autem
1488 2856 1679 2897 omnes
1714 2841 1945 2896 virtutes
1976 2841 2056 2894 in-

475 2930 757 2993 ssruisset,
793 2947 985 2986 manca
1019 2942 1165 2988 esset
1196 2933 1302 2998 lex,
1336 2933 1527 2989 relicta
1556 2934 1818 2989 virtutum
1846 2942 2056 2988 exstruo

472 3021 835 3091 ctione;qna
867 3021 1088 3092 quidem
1132 3023 1315 3077 omnia
1366 3023 1500 3078 vitia
1547 3038 1673 3078 cum
1725 3024 2045 3096 relegasset,

472 3128 586 3168 non
611 3113 726 3183 jam
759 3129 950 3170 omnes
998 3116 1227 3173 virtutes
1265 3116 1460 3172 anima
1500 3116 1901 3187 despondisset.
1949 3115 2045 3170 Sin

472 3221 606 3261 vero
636 3207 689 3261 in
728 3207 1098 3278 disputatione
1121 3217 1311 3264 nostra
1334 3218 1596 3280 apparent
1625 3211 1768 3281 apud
1800 3210 1969 3281 legem
1992 3219 2046 3266 et

2231 2297 2348 2349 Ἵνα
2388 2295 2445 2348 δὲ
2485 2294 2563 2348 ἔτι
2601 2292 3170 2364 μεγαλοπρεπέστατοι
3202 2288 3467 2358 γένωνται
3508 2287 3640 2356 ἡμῖν
3681 2286 3735 2339 οἱ

2156 2389 2334 2458 λόγοι,
2383 2387 2478 2441 καὶ
2516 2387 2656 2456 φανῇ
2688 2386 2721 2455 ἠ
2760 2383 2867 2437 τῶν
2896 2383 3159 2455 αἱρέσεων
3190 2381 3424 2445 ἀτοπία,
3460 2377 3602 2432 κατὰ
3638 2378 3736 2432 τοῦ

2155 2482 2318 2551 νόμου
2359 2479 2557 2541 ἀδίκως
2591 2476 2921 2548 βεὸαδικυῖα,
2972 2474 3045 2546 μὴ
3091 2474 3248 2545 μόνον
3301 2474 3383 2526 ὅτι
3440 2474 3547 2526 πᾶν
3595 2467 3735 2531 εἶδος

2155 2571 2354 2633 κακίας
2400 2568 2605 2623 ἀνεῖλεν
2657 2569 2685 2623 6
2730 2567 2919 2637 νόμος,
2955 2564 3393 2637 προσ-γράφωμεν
3444 2563 3523 2633 τῷ
3566 2562 3733 2633 λόγφ’

2156 2662 2269 2717 ἀλλ’
2303 2663 2385 2715 ὅτι
2414 2662 2508 2714 καὶ
2532 2662 2639 2713 πᾶν
2661 2654 2799 2722 εἶδος
2828 2658 3028 2730 ἀρετῆς
3058 2657 3348 2726 ὑφηγεῖται
3379 2654 3473 2708 καὶ
3516 2653 3737 2724 ἐξηγεῖ-

2158 2773 2268 2815 ται,
2309 2734 2737 2824 προσαποδῶμεν
2776 2753 2842 2820 τῇ
2875 2750 3079 2821 ὁμιλίᾳ.
3124 2750 3188 2802 Εἰ
3233 2748 3331 2819 μὲν
3368 2747 3478 2819 γὰρ
3508 2746 3609 2811 τὰς
3635 2765 3736 2801 κα-

2160 2844 2285 2907 κίας
2313 2843 2492 2906 πάσας
2515 2842 2721 2895 ἀνεῖλεν
2742 2842 2769 2892 6
2797 2842 2979 2911 νόμος,
3014 2841 3073 2892 οὑ
3108 2839 3283 2904 πάσας
3324 2839 3382 2894 δὲ
3404 2840 3502 2904 τὰς
3533 2838 3733 2910 ἀρετάς

2161 2935 2436 3008 ἐνέθηκεν,
2463 2934 2705 2988 ἐνέλιπεν
2725 2935 2753 2985 6
2784 2932 2964 3002 νόμος,
2994 2931 3308 3001 λειπόμενος
3343 2931 3440 3002 τὴν
3461 2931 3570 2983 τῶν
3601 2930 3737 3003 6pc,-

2155 3029 2263 3081 τῶν
2296 3026 2664 3097 κατασκευήν
2713 3024 2807 3077 καὶ
2842 3022 2941 3086 τὰς
2974 3022 3073 3092 μὲν
3096 3022 3294 3085 κακίας
3338 3022 3517 3084 πάσας
3559 3021 3735 3091 ἐξορί-

2156 3135 2274 3182 σας,
2307 3117 2501 3188 μηκέτι
2529 3114 2586 3168 δὲ
2613 3114 2712 3178 τὰς
2736 3112 2937 3185 ἀρετάς
2967 3112 3146 3175 πάσας
3168 3114 3233 3183 τῇ
3258 3111 3402 3182 ψυχῇ
3436 3109 3733 3182 μνηστευό-

2156 3225 2333 3279 μενος.
2367 3206 2494 3260 Ἐἀν
2532 3206 2588 3259 δὲ
2621 3205 2773 3278 παρά
2803 3204 2896 3258 τοῦ
2942 3205 3102 3273 λόγου
3143 3206 3305 3274 φανῇ,
3351 3204 3431 3255 ὅτι
3470 3200 3621 3272 παρά
3645 3200 3727 3271 τῷ

472 3295 769 3367 prophetas
812 3313 1003 3354 omnes
1065 3299 1295 3354 virtutes
1345 3300 1557 3369 positae,
1605 3314 1786 3355 annon
1833 3308 2048 3371 oportet

2157 3301 2300 3371 νόμῳ
2340 3299 2434 3352 καὶ
2471 3300 2583 3361 τοῖς
2630 3298 2935 3369 προφήταις
2963 3297 3133 3349 πᾶσαι
3174 3296 3380 3348 κεῖνται
3418 3294 3473 3346 αἱ
3509 3291 3729 3364 ἀρεταὶ,

471 3388 646 3460 legem
701 3386 797 3443 Dei
843 3389 1106 3444 admirari
1137 3399 1191 3445 et
1235 3390 1530 3461 amplecti?
1570 3390 1708 3445 Cum
1740 3393 1886 3446 enim
1942 3394 2054 3448 sint

471 3488 706 3550 quatuor
734 3482 988 3547 virtutes,
1015 3481 1327 3552 prudentia,
1358 3486 1743 3555 temperantia,
1792 3484 2055 3542 fortitudo

475 3580 531 3627 et
559 3573 803 3644 justitia:
837 3589 1028 3629 omnes
1048 3574 1280 3632 virtutes
1329 3575 1472 3645 apud
1506 3577 1679 3647 legem
1731 3588 2051 3632 cernuntur.

473 3661 631 3719 Unde
663 3665 759 3736 qui
792 3665 904 3719 vult
938 3681 1061 3721 esse
1108 3674 1465 3735 temperatus,
1520 3666 1685 3722 habet
1725 3668 1781 3721 in
1813 3667 1929 3738 lege
1973 3666 2057 3721 di-

472 3756 737 3825 sciplinas
769 3775 783 3812 :
817 3758 909 3826 qui
939 3757 1121 3812 studet
1150 3766 1207 3812 ut
1237 3758 1310 3813 sit
1338 3757 1599 3828 prudens,
1644 3758 1901 3814 adhibitis
1923 3757 2054 3814 sub—

477 3847 637 3903 sidiis
678 3847 836 3917 legis,
880 3850 1141 3919 praclare
1188 3864 1248 3905 se
1291 3850 1349 3904 in
1385 3850 1552 3906 rebus
1599 3856 1794 3921 geret:
1826 3849 2057 3919 quivult

476 3956 602 3997 esse
626 3939 804 4006 fortis,
838 3941 1078 3997 instruat
1133 3958 1193 3999 se
1250 3943 1539 4014 praceptis
1585 3942 1721 4014 legis
1756 3962 1768 3996 :
1798 3942 1892 4012 qui
1939 3941 2055 3995 vult

471 4034 747 4105 justitiam
774 4034 1017 4105 assequi,
1053 4034 1269 4106 pondus
1320 4034 1551 4105 iustitia
1571 4042 1777 4099 teneat,
1823 4041 1877 4089 et
1919 4034 2054 4089 nihil

477 4125 745 4197 inaquale
795 4124 978 4192 faciet,
1039 4125 1248 4183 faciens
1287 4127 1469 4182 omnia
1504 4126 1571 4181 ad
1605 4125 2053 4198 perpendiculum

473 4218 703 4289 iustitia
739 4239 753 4275 :
794 4226 848 4275 et
875 4220 968 4290 qui
990 4219 1169 4277 factus
1196 4227 1281 4276 est
1301 4221 1577 4291 particeps
1607 4220 1931 4290 prudentia,
1964 4218 2053 4275 di-

477 4320 565 4367 cat
593 4331 607 4367 :
631 4311 895 4368 Dominus
933 4312 1120 4367 docuit
1164 4327 1250 4369 me
1299 4312 1645 4383 sapientiam,
1679 4319 1733 4368 et
1769 4311 2054 4384 prudentia

480 4406 719 4461 hominis
747 4421 859 4459 non
890 4415 974 4461 est
1007 4405 1063 4460 in
1088 4421 1214 4473 me;
1250 4413 1310 4460 ut
1336 4406 1439 4460 hac
1468 4405 1592 4460 ﬁcta
1618 4414 1673 4461 et
1699 4412 1916 4461 errante
1944 4405 2054 4475 eje-

479 4501 568 4548 cta
622 4501 676 4548 et
737 4494 1044 4563 repudiata,
1107 4495 1368 4563 optimam
1438 4505 1491 4548 et
1546 4494 1785 4549 divinam
1851 4494 2054 4564 ample-

476 4593 675 4641 ctatur.

548 4758 832 4815 Pudicitia
860 4776 991 4816 vero
1022 4764 1266 4832 exempla
1299 4762 1510 4817 inﬁnita
1552 4765 1807 4835 reperiet,
1857 4765 1947 4835 qu’i
1984 4765 2053 4820 le-

474 4851 652 4922 gendo
693 4860 920 4922 quaret,
958 4861 1017 4906 ut
1045 4856 1291 4924 exempla
1340 4854 1617 4925 pudicitia
1669 4856 1963 4926 exprimat,
1999 4863 2054 4910 et

473 4945 699 5016 antiqua
722 4948 969 5018 exempla
998 4947 1066 5002 ad
1117 4948 1518 5003 ﬁrmamentum
1568 4957 1623 5005 et
1676 4950 1846 5005 robur
1886 4950 2055 5004 casti-

472 5039 605 5095 tatis
663 5041 1055 5111 complectatur
1087 5060 1099 5096 :
1131 5050 1193 5096 ut
1225 5043 1369 5098 illius
1417 5042 1776 5099 adolescentis
1824 5043 1878 5097 in
1933 5043 2053 5113 ipso

472 5126 607 5183 ﬂore
635 5130 833 5195 atatis,
874 5131 967 5201 qui
1010 5129 1113 5185 fuit
1163 5146 1193 5185 a
1256 5130 1518 5188 fratribus
1577 5131 1833 5189 venditus
1884 5140 1938 5187 et
1984 5131 2052 5186 ab

476 5219 734 5294 Egyptio
761 5230 1016 5294 emptus;
1049 5223 1143 5294 qui
1170 5224 1477 5280 libertatem
1515 5226 1763 5296 corporis
1798 5223 2048 5287 mutavit,

460 5306 777 5371 'lihertatem
808 5332 938 5371 vero
988 5318 1182 5373 anima
1233 5318 1621 5372 immutabilem
1677 5317 2050 5382 conservavit;

475 5405 570 5473 qui
599 5405 750 5459 exuit
773 5409 1018 5476 pallium,
1045 5424 1112 5464 ne
1158 5409 1424 5481 pudicitia
1456 5420 1790 5479 exueretur;
1846 5412 1936 5464 cui
1965 5410 2049 5465 vis

475 5495 691 5563 quidem
720 5497 941 5565 pallium
967 5499 1211 5564 abstulit,
1260 5500 1566 5555 necessitas
1605 5516 1733 5555 vero
1789 5516 1894 5555 non
1939 5499 2050 5556 eri-

474 5584 593 5653 puit
624 5587 962 5654 castitatem;
1009 5591 1102 5660 qui
1135 5591 1326 5645 maluit
1355 5590 1539 5662 aﬂligi,
1591 5607 1754 5662 quam
1806 5592 1861 5645 in
1902 5606 2051 5645 mor-

477 5676 606 5729 bum
644 5680 941 5749 voluptatis
965 5683 1246 5749 incidere;
1280 5684 1471 5737 maluit
1517 5700 1639 5739 esse
1683 5685 1738 5739 in
1790 5683 2049 5749 vinculis,

476 5783 640 5836 quam
683 5773 803 5839 capi
857 5774 1164 5844 voluptate;
1216 5777 1310 5846 qui
1346 5776 1608 5831 invidiam
1658 5777 1800 5847 turpi
1847 5777 2051 5832 actioni

473 5863 801 5929 praeposuit;
826 5866 918 5933 qui
952 5866 1276 5931 existimari,
1312 5876 1366 5923 et
1401 5883 1510 5923 non
1540 5883 1663 5924 esse
1689 5868 1857 5923 voluit
1899 5884 2051 5923 :me-

471 5949 580 6025 lius
640 5953 786 6006 enim
838 5954 1142 6021 judicavit,
1176 5958 1366 6013 haberi
1415 5958 1613 6027 turpis,
1653 5973 1815 6028 quam
1861 5975 1981 6015 esse
2000 5966 2053 6013 ct

2157 3392 2275 3456 πῶς
2303 3393 2364 3445 οὐ
2387 3389 2687 3462 θαυμάζειν
2713 3389 2793 3442 δεῖ
2822 3389 2917 3443 καὶ
2952 3386 3310 3458 ἀποδέχεσθαι
3352 3385 3441 3440 τὸν
3474 3383 3565 3438 τοῦ
3595 3382 3732 3437 Θεοῦ

2157 3485 2319 3556 νόμον
2334 3501 2349 3550 ;
2367 3481 2654 3553 Τεττάρων
2678 3480 2786 3552 γάρ
2810 3478 2984 3534 οὐσῶν
3007 3477 3241 3550 ἀρετῶν,
3270 3476 3605 3548 φρονήσεως,
3629 3490 3737 3526 σω-

2156 3574 2447 3648 φροσύνης,
2491 3570 2743 3641 ἀνδρείας
2783 3569 2875 3622 καὶ
2906 3567 3267 3638 δικαιοσύνης.
3313 3565 3430 3619 ὅλαι
3461 3562 3613 3635 παρά
3653 3561 3733 3633 τῷ

2155 3668 2305 3738 νόμῳ
2354 3664 2636 3734 φαίνονται
2674 3663 2729 3715 αἱ
2760 3661 2971 3734 ἀρεταί.
3022 3659 3122 3713 Διά
3149 3657 3305 3711 τοῦτο
3342 3659 3370 3710 6
3409 3655 3732 3726 βουλόμενος

2155 3752 2294 3809 εἶναι
2336 3752 2566 3825 σώφρων
2605 3751 2717 3823 ἔχει
2760 3750 2828 3804 τὰ
2869 3748 3196 3821 μαθήματα·
3235 3749 3262 3799 6
3314 3745 3555 3798 σπεύδων
3594 3739 3743 3797 εἶναι

2156 3848 2440 3921 φρόνιμος,
2464 3845 2563 3908 τὰς
2586 3841 2840 3914 ἀφορμὰς
2857 3839 2950 3893 τοῦ
2983 3839 3148 3910 νόμου
3179 3835 3380 3901 λαϐὼν,
3420 3832 3741 3906 ἀριστεύσει.

2154 3942 2213 3995 ἐν
2244 3938 2324 4010 τῷ
2346 3937 2630 4011 πράγματι
2649 3951 2663 3964 ο
2695 3936 2724 3988 6
2764 3932 3084 4004 βουλόμενος
3115 3924 3254 3981 εῖναι
3307 3926 3549 3998 ἀνδρείος
3579 3923 3729 3977 ἀλει-

2155 4033 2337 4103 φέσθω
2366 4033 2485 4094 ταῖς
2530 4025 2939 4100 παραγγελίαις·
2981 4026 3009 4077 6
3042 4019 3351 4084 σπουδάζων
3388 4015 3733 4082 δικαιοσύνης

2155 4125 2394 4195 ἅψασθαι
2416 4122 2477 4177 τὸ
2513 4120 2774 4190 σταθμίον
2793 4118 2893 4188 τῆς
2920 4114 3264 4184 δικαιοσύνης
3304 4110 3570 4182 κρατείτω
3588 4147 3603 4171 ,
3633 4105 3732 4158 καὶ

2154 4216 2304 4270 οὐδὲν
2330 4216 2512 4269 ἄνισον
2535 4209 2751 4284 πράξει,
2796 4206 3023 4277 σταθμῷ
3067 4202 3412 4272 δικαιοσύνης
3446 4199 3517 4252 τὰ
3552 4197 3730 4251 πάντα

2154 4309 2407 4380 πράττων
2426 4323 2439 4337 ο
2469 4304 2561 4358 καὶ
2588 4301 2901 4373 φρονήσεως
2931 4296 3028 4367 μὲν
3063 4296 3121 4348 ἐν
3147 4290 3357 4364 μεθέξει
3389 4288 3727 4359 γιγνόμενος,

2153 4400 2359 4468 λεγέτω
2382 4415 2395 4427 ’
2437 4398 2492 4450 '0
2526 4395 2656 4456 Θεὸς
2700 4389 2907 4454 ἐδίδαξέ
2945 4404 3012 4459 με
3051 4387 3241 4456 σοφίαν
3265 4425 3281 4451 ,
3332 4385 3427 4437 καὶ¹
3471 4382 3732 4454 φρόνησις

2154 4489 2454 4562 ἀνθρώπων
2499 4486 2600 4540 οὑκ
2638 4483 2783 4536 ἐστιν
2804 4483 2861 4534 ἐν
2898 4479 3039 4551 ἐμοί·
3083 4479 3191 4541 ἵνα,
3218 4477 3316 4549 τὴν
3345 4473 3729 4544 πεπλασμένην

2154 4578 2356 4647 ταύτην
2407 4576 2503 4627 καὶ
2554 4569 2975 4642 πεπλανημένην
3012 4567 3312 4639 ἐξωθὴσας,
3356 4565 3456 4637 τὴν
3501 4563 3729 4634 ἀρίστην

2081 4678 2126 4733 D
2156 4670 2249 4724 καὶ
2279 4667 2428 4720 θείαν
2458 4666 2790 4736 ἀσπάσηται.

2222 4761 2583 4833 Σωφροσύνης
2609 4761 2667 4814 δὲ
2707 4758 3075 4829 ὑποδείγματα
3104 4754 3273 4827 μυρία
3302 4752 3524 4825 εὑρήσει
3552 4746 3731 4821 ζητῶν
3833 4820 3843 4831 ἱ

2153 4858 2183 4911 6
2221 4854 2630 4924 ἀναγινώσκων,
2657 4852 2724 4906 τὰ
2739 4851 3111 4920 ὑποδείγματα
3126 4845 3398 4908 ἐκτυπῶν,
3420 4843 3514 4899 καὶ
3542 4841 3730 4910 ἄλειμ-

2156 4970 2233 5023 μα
2276 4947 2626 5020 σωφροσύνης
2669 4945 2737 5000 τὰ
2785 4943 2993 4998 παλαιὰ
3033 4940 3404 5010 ὑποδείγματα
3443 4934 3731 5006 δεχόμενος

2151 5044 2245 5097 τὸν
2282 5041 2495 5096 νεανίαν
2528 5042 2731 5093 ἐκεῖνον
2775 5037 2866 5091 τὸν
2886 5037 3139 5106 ἀκμαῖον,
3168 5033 3260 5086 τὸν
3298 5031 3407 5085 ἀπὸ
3424 5028 3534 5081 τῶν
3574 5025 3729 5080 ἀδελ-

2154 5134 2269 5204 φῶν
2315 5132 2616 5202 δεδομένον,
2663 5130 2758 5185 καὶ
2786 5129 2895 5183 ἀπὸ
2919 5126 3012 5181 τοῦ
3058 5123 3356 5193 Αἰγυπτίου
3399 5119 3724 5190 ἐωνημένον,

2152 5226 2243 5279 τὸν
2270 5224 2368 5295 τὴν
2407 5222 2718 5293 ἐλευθερίαν
2752 5220 2849 5291 τῆς
2885 5218 3062 5289 ψυχῆς
3089 5217 3375 5286 διετήρησε
3406 5210 3729 5280 διατετηρη-

2153 5318 2314 5370 κότα·
2344 5315 2434 5368 τὸν
2464 5313 2868 5382 ἀποδυσάμενον
2895 5308 2963 5361 τά
3002 5306 3224 5378 ἱμάτια,
3255 5303 3338 5355 ἵνα
3376 5300 3449 5371 μὴ
3473 5299 3572 5369 τὴν
3617 5314 3727 5350 σω-

2154 5405 2425 5478 φροσύνην
2450 5404 2783 5475 άποδύσηται
2802 5419 2815 5430 ·
2845 5400 2935 5453 τὸν
2965 5398 3055 5469 βίᾳ
3093 5397 3192 5468 μὲν
3233 5395 3303 5446 τά
3344 5392 3532 5463 ἱμάτια
3564 5390 3730 5459 ἀφαι-

2156 5499 2400 5570 ρεθέντα,
2427 5500 2501 5570 ἐξ,
2514 5497 2757 5565 ἀνάγκης
2779 5493 2835 5547 δὲ
2870 5489 3221 5562 σωφροσύνης
3250 5485 3323 5557 μὴ
3351 5480 3732 5538 ἀποσπασθέν-

2153 5608 2253 5645 τα’
2287 5592 2378 5644 τὸν
2414 5590 2603 5643 παθεῖν
2630 5587 2904 5656 ἐλόμενον,
2935 5584 3021 5636 ἵνα
3058 5580 3133 5652 μὴ
3160 5578 3238 5647 τῷ
3276 5575 3434 5629 πάθει
3465 5575 3564 5644 τῆς
3598 5573 3727 5645 ἡδο-

2153 5683 2252 5753 νῆς
2288 5681 2425 5751 πέσῃ
2446 5697 2459 5710 θ
2492 5680 2583 5731 τὸν
2612 5678 2732 5731 ἀντὶ
2752 5673 2957 5737 πάθους
2989 5673 3085 5741 τῆς
3119 5669 3311 5740 ἡδονῆς
3353 5668 3409 5719 ἐν
3438 5664 3587 5730 τάξει
3615 5661 3728 5715 τῶν

2153 5774 2388 5845 δεσμίων
2416 5772 2677 5840 γεγονότα
2694 5787 2707 5799 ·
2739 5768 2829 5821 τὸν
2852 5766 3104 5836 ἑλόμενον
3127 5760 3409 5832 δεσμώτην
3438 5754 3594 5820 εἷναι,
3635 5755 3728 5808 ἴνα

2159 5867 2233 5937 μὴ
2253 5866 2471 5935 δέσμιος
2510 5864 2607 5933 τῆς
2645 5860 2838 5931 ἡδονῆς
2879 5857 3108 5931 εὑρεθῘγ
3144 5854 3236 5907 τὸν
3276 5852 3467 5922 φθόνον
3507 5850 3604 5919 τῆς
3637 5849 3726 5937 αἱ·

2158 5932 2326 6027 σχρᾶς
2353 5932 2605 6025 πράξεως
2633 5947 3125 6021 προκρίναντα·τὸν
3150 5943 3465 6014 νομισθῆναι
3500 5939 3527 5992 ὃ
3554 5937 3626 6009 μὴ
3654 5932 3723 6007 ἦν
