4138 6434
431 449 562 506 1237

1442 452 1818 508 ADVERSUS
1859 452 2292 512 MANICIUEOS
2328 456 2457 510 LIB.
2486 457 2575 513 lll.

3532 461 3681 517 1238-

422 565 777 637 βουληθέντα’
833 566 1048 620 κάλλιον
1087 566 1195 636 γὰρ
1243 564 1523 632 ἐλογίσατο
1574 566 1636 618 τὸ
1677 566 1990 638 νομισθῆναι

2102 570 2269 625 latere
2302 590 2313 625 :
2370 572 2415 625 si
2444 571 2591 626 enim
2626 582 2769 627 esset
2799 583 2852 629 et
2907 578 3117 644 lateret,
3163 581 3435 635 metuebat
3477 588 3673 637 testem

418 658 663 728 αἰσχρὸν,
694 658 727 727 ἢ
764 654 904 711 εἶναι
938 659 1031 711 καὶ
1076 656 1369 710 λανθάνειν
1390 673 1402 685 ·
1448 657 1731 726 γινόμενος
1766 656 1875 729 γὰρ
1904 660 1999 712 καὶ

416 746 711 810 λανθάνων,
750 748 932 800 ἐδεδίει
983 748 1235 818 μάρτυρα
1285 746 1376 799 τὸν
1416 745 1579 797 Θεόν’
1617 746 1893 816 νομισθεὶς
1920 746 1998 811 δὲ,

416 840 639 909 ἠρκεῖτο
684 838 764 909 τῷ
820 840 1031 910 ὲπόπτῃ
1076 838 1441 911 μαρτυροῦντι
1483 843 1597 902 τοῖς
1634 840 1997 910 γιγνομένοις.

414 927 528 983 Καὶ
559 930 659 997 τῆς
698 928 799 997 μὲν
837 928 1192 1000 σωφροσύνης
1226 929 1528 999 ὑπόδειγμα
1558 930 1736 983 τοῦτο.

486 1018 601 1087 Τῆς
640 1018 697 1071 δὲ
726 1020 977 1089 ἀνδρείας
1011 1021 1183 1075 πολλά
1214 1023 1313 1093 μὲν
1339 1022 1432 1075 καὶ
1466 1022 1621 1086 ἄλλα,
1646 1022 1827 1074 ἱκανὸν
1853 1021 1909 1074 δὲ
1938 1023 2000 1074 τὸ

414 1108 511 1179 τῆς
545 1108 757 1172 Ἰουδὶθ,
790 1110 873 1162 ὅτι
911 1109 1135 1178 γύναιον
1179 1107 1278 1182 ἦν,
1334 1111 1428 1163 καὶ
1477 1109 1702 1172 ἀσθενὲς
1752 1105 1855 1179 ἦν,
1904 1109 1998 1161 καὶ

414 1196 645 1267 ἄτολμον
675 1193 764 1268 ἦν,
816 1199 937 1251 ἐπεὶ
982 1199 1203 1267 γύναιον
1239 1195 1326 1271 ἦν.
1363 1198 1635 1268 Εὐτολμον
1669 1199 1727 1252 δὲ
1780 1199 1873 1251 καὶ
1906 1200 1997 1252 ἀν-

412 1289 612 1362 δρεῖον,
644 1291 766 1344 ἐπεὶ
791 1293 980 1345 πιστὸν
1011 1288 1078 1363 ἦν
1098 1310 1110 1323 '
1140 1294 1221 1347 ὅτι
1257 1292 1325 1345 τὰ
1351 1291 1589 1346 ἀδύνατα
1614 1295 1731 1355 ταῖς
1769 1291 1997 1361 προσδο-

417 1383 565 1445 κίαις
598 1382 705 1436 τῶν
730 1383 1031 1456 ἀνθρώπων
1061 1385 1264 1440 δυνατά
1290 1388 1356 1456 τῇ
1384 1368 1603 1455 ἀνδρείᾳ
1636 1383 1991 1436 ἀποδέδωκεν·

415 1475 497 1527 ὃτι
538 1474 607 1527 τὰ
641 1475 1020 1546 ἀπροσδόκητα
1063 1478 1142 1540 είς
1192 1476 1374 1529 πίστιν
1417 1476 1509 1528 καὶ
1560 1474 1752 1527 ἐλπίδα
1788 1475 1995 1544 ἢγαγεν

415 1565 635 1636 ἀνδρεία
667 1565 846 1618 πίστει
893 1570 1227 1638 κεκερακυῖα
1246 1584 1259 1597 ·
1290 1566 1359 1619 τά
1387 1567 1496 1638 γὰρ
1516 1566 1693 1635 τειχία
1731 1562 1996 1635 ἀνεῴγον-

412 1674 502 1721 το,
539 1658 634 1710 καὶ
666 1656 812 1727 ἐξῄει
844 1658 876 1729 ἡ
914 1660 1129 1722 νεᾶνιςο
1175 1659 1270 1712 καὶ
1308 1657 1444 1728 μετά
1488 1658 1781 1728 παιδίσκης
1829 1657 1995 1727 μόνης

414 1747 581 1819 ἑξῄει,
623 1750 684 1801 οὐ
728 1749 787 1802 τὸ
816 1748 1055 1803 ὕποπτον
1094 1751 1188 1804 τοῦ
1228 1750 1457 1814 κάλ-λους
1505 1748 1778 1813 δειλιῶσα,
1823 1748 1884 1801 οὐ
1926 1748 2003 1801 τὰ.

413 1839 541 1911 ξίφη
575 1840 945 1914 εὐλαϐουμένη
966 1883 981 1906 ,
1017 1843 1077 1894 οὐ
1108 1842 1404 1913 φοϐηθεῖσα
1455 1841 1529 1911 μὴ
1573 1840 1869 1911 λαγνεύσῃ,
1918 1839 1992 1909 μὴ

2103 659 2304 728 Deum;
2330 661 2415 716 sin
2437 677 2565 716 vero
2587 663 2900 729 haberetur,
2918 677 3207 724 contentus
3223 678 3340 724 erat
3366 679 3503 726 teste
3524 670 3673 726 facta

2102 752 2462 822 inspectante.
2546 753 2724 825 Atque
2796 757 3073 827 pudicitiae
3138 761 3354 830 quidem
3423 763 3528 817 hoc
3599 763 3674 817 sit

2101 847 2431 916 exemplum.

2172 1021 2532 1078 Fortitudinis
2562 1038 2693 1078 vero
2730 1024 2898 1078 multa
2950 1024 3169 1095 Quidem
3208 1034 3336 1081 sunt
3368 1026 3493 1091 alia,
3537 1025 3669 1082 satis

2098 1130 2229 1169 vero
2256 1130 2403 1169 nunc
2428 1117 2502 1169 sit
2530 1116 2664 1170 illud
2700 1113 2907 1183 Judith,
2939 1132 3061 1188 quae
3092 1118 3409 1172 muliercula
3454 1128 3592 1180 erat,
3615 1127 3672 1175 et

2099 1206 2315 1261 infirma
2346 1217 2487 1274 erat,
2532 1220 2585 1261 et
2619 1223 2727 1263 non
2776 1209 2953 1263 audax
2996 1217 3136 1276 erat,
3180 1209 3307 1281 quia
3353 1208 3684 1264 muliercula.

2097 1305 2237 1352 erat.
2263 1298 2453 1353 Audax
2485 1308 2667 1354 tamen
2702 1300 2802 1353 fuit
2830 1308 2886 1355 et
2922 1298 3101 1367 fortis,
3141 1301 3269 1371 quia
3320 1299 3579 1356 credibile
3619 1299 3681 1355 ei-

2096 1388 2218 1451 fuit,
2250 1404 2370 1459 qua:
2424 1392 2831 1460 exspectatione
2889 1392 3172 1447 hominum
3229 1390 3344 1446 ﬁeri
3396 1406 3506 1446 non
3553 1406 3674 1460 pos-

2096 1487 2245 1543 sunt,
2265 1496 2424 1549 posse
2456 1481 2806 1549 fortitudine;
2839 1499 2960 1552 qna:
2983 1498 3106 1536 cum
3138 1481 3241 1537 fide
3265 1482 3426 1537 mista
3453 1497 3518 1536 ac
3542 1489 3675 1537 tem-

2096 1579 2305 1640 perata,
2338 1573 2404 1626 ad
2437 1571 2595 1626 fidem
2642 1581 2698 1627 et
2731 1588 2880 1643 spem
2916 1574 3143 1627 adduxit
3183 1574 3458 1667 insperata
3489 1572 3673 1627 :muri

2097 1660 2243 1714 enim
2277 1660 2447 1729 aperti
2484 1669 2636 1724 sunt,
2666 1668 2721 1716 et
2750 1662 2920 1716 exivit
2963 1660 3491 1726 adolescentula,'et
3542 1677 3669 1715 cum

2099 1749 2215 1803 sola
2257 1749 2455 1802 ancilla
2502 1751 2692 1814 exivit,
2742 1766 2852 1805 non
2916 1749 3219 1807 formidans
3248 1750 3398 1821 quod
3444 1759 3563 1806 erat
3607 1751 3668 1806 in

2098 1840 2506 1909 pulchritudine
2536 1850 2850 1911 suspectum
2872 1858 2886 1907 ;
2910 1856 3020 1897 non
3036 1851 3282 1896 metuens
3297 1840 3527 1912 gladios,
3555 1856 3669 1898 non

414 1931 505 2004 βίᾳ
532 1933 825 1986 ἀκολασίαν
851 1934 1120 2004 ὑπομείνῃ
1142 1950 1153 1963 ·
1190 1934 1268 2005 μὴ
1300 1932 1551 1987 δειλιῶσα
1588 1933 1662 2003 μή
1696 1950 1749 1984 τι
1787 1931 1895 1984 ἀπὸ
1919 1929 1990 1994 ξί-

2097 1929 2294 1983 timens
2326 1944 2392 1984 ne
2432 1929 2494 1984 in
2516 1930 2743 1985 libidine
2764 1939 2937 1999 esset,
2970 1946 3041 1987 ne
3067 1932 3150 1987 Vis
3172 1930 3469 1985 inferretur
3503 1929 3667 2003 pudi-

412 2040 544 2092 φους
565 2023 874 2087 ὲξαπίναιον
904 2023 1083 2094 πάθῃ·
1125 2022 1264 2077 ἀλλά
1294 2023 1354 2076 τὸ
1390 2023 1487 2093 μὲν
1527 2022 1755 2094 φοϐερὸν
1785 2020 1879 2074 τοῦ
1919 2021 1994 2085 ξί-

411 2132 544 2184 φους
567 2118 632 2187 τῇ
655 2116 880 2187 ἀνδρεία
902 2115 1131 2179 νικῶσα,
1167 2117 1229 2169 τὸ
1254 2116 1311 2169 δὲ
1342 2114 1536 2179 κάλλος
1564 2114 1644 2185 τῷ
1669 2113 1787 2185 Θεῷ
1817 2131 1995 2185 παρα-

409 2204 665 2276 τιθεμένη
687 2222 699 2234 ·
746 2202 1058 2269 ἀξιόπιστον
1095 2203 1203 2275 γὰρ
1249 2204 1340 2257 τὸν
1378 2204 1509 2258 Θεὸν
1551 2203 1768 2273 φύλακα
1804 2205 1993 2273 ἡγεῖτο

406 2289 501 2343 τοῦ
528 2289 788 2354 κάλλους’
827 2291 1080 2361 φρύγανα
1117 2292 1174 2345 δὲ
1202 2291 1297 2345 καὶ
1321 2292 1574 2364 πάπυρον
1600 2291 1670 2345 τά
1713 2291 1841 2363 ξίφη
1872 2292 1989 2345 ἐλο-

408 2380 611 2449 γίζετο,
648 2383 999 2451 πεπατηκυῖα
1031 2380 1109 2451 τῷ
1136 2382 1443 2453 φρονήματι
1486 2382 1586 2451 τῆς
1614 2381 1860 2453 ἀνδρείας
1893 2380 1990 2450 τὴν

406 2468 642 2523 δειλίαν·
693 2470 786 2523 καὶ
842 2470 1118 2542 παρῆλθεν
1162 2473 1197 2542 ή
1239 2471 1399 2542 γυνὴ,
1445 2472 1538 2524 καὶ
1581 2472 1851 2542 τολμηρὸν
1891 2472 1990 2525 οὐκ

409 2560 622 2633 ἐκρίθη.
660 2562 793 2615 Οὐδὲ
822 2562 1159 2634 τραχύτητος
1214 2561 1464 2633 ἔγκλημα
1502 2562 1609 2633 (59)
1660 2563 1984 2633 ὑπέμεινεν·

407 2647 528 2702 οὐτε
552 2649 659 2721 γὰρ
691 2651 862 2723 ἀτελῆ
890 2650 957 2705 τά
993 2633 1269 2723 κριθέντα,
1316 2653 1402 2706 ἴνα
1437 2652 1774 2725 τραχύτητος
1799 2633 1991 2727 ἐγκλη-

410 2740 510 2813 θῇ·
546 2743 895 2814 πεπεραίωκε
936 2742 1002 2796 τὰ
1047 2743 1474 2814 βεϐουλευμένα·
1524 2746 1606 2808 εἰς
1646 2745 1817 2817 πέρας
1847 2745 1987 2818 ήχθη

406 2832 475 2885 τὰ
504 2835 837 2904 ἐσκεμμένα.
870 2835 968 2888 Διά
998 2835 1157 2889 τοῦτο
1190 2835 1564 2907 θαυμάζεται,
1616 2837 1697 2890 ὅτι
1731 2837 1990 2910 φρόνησιν

406 2925 628 2996 ἀνδρείᾳ
656 2925 837 2996 ἔμιξεν
859 2944 871 2956 ·
907 2928 990 2982 ὅτι
1016 2929 1117 2981 ὅσα
1143 2928 1519 2992 ἐϐουλεύσατο,
1548 2929 1628 2992 είς
1661 2929 1836 3000 πέρας
1856 2930 1992 2999 ὴγά-

407 3030 553 3083 γετο.

2092 2019 2236 2074 citiae
2268 2037 2282 2086 ;
2315 2034 2425 2073 non
2455 2018 2757 2076 formidans
2798 2037 2868 2077 ne
2917 2021 3050 2093 quid
3088 2021 3529 2094 repentinum‘ex
3553 2023 3669 2094 gla-

2094 2106 2186 2161 dio
2232 2083 2505 2165 accideret
2543 2129 2554 2163 :
2591 2111 2725 2181 quin
2772 2083 2955 2181 potius
2994 2083 3258 2168 terrorem
3304 2083 3472 2184 gladii
3510 2083 3671 2167 forti-

2092 2201 2282 2258 tudine
2318 2202 2563 2269 vincens,
2617 2203 3014 2262 formositatem
3052 2222 3183 2262 vero
3240 2205 3352 2263 Deo
3390 2221 3669 2261 commen-

2091 2293 2251 2348 dans.
2286 2292 2454 2349 Deum
2487 2297 2631 2350 enim
2665 2298 2951 2353 custodem
2982 2299 3408 2368 pulchritudinis
3444 2298 3671 2370 dignum

2093 2384 2184 2437 cui
2216 2383 2436 2451 fideret,
2492 2387 2842 2444 existimabat
2890 2403 3041 2456 esse;
3097 2390 3307 2459 gladios
3363 2404 3493 2446 vero
3542 2404 3668 2445 sar-

2095 2482 2279 2529 menta
2317 2484 2369 2531 et
2389 2492 2654 2548 papyrum
2692 2479 2951 2546 ducebat,
2989 2482 3157 2536 animi
3193 2481 3515 2538 fortitudine
3554 2482 3669 2536 for-

2096 2568 2356 2624 midinem
2406 2586 2721 2640 superans:
2755 2575 3014 2631 transivit
3066 2577 3284 2642 mulier,
3329 2584 3383 2633 et
3415 2591 3525 2631 non
3574 2584 3665 2632 est

2093 2657 2399 2726 iudicatum
2451 2663 2820 2727 temerarium,
2871 2666 3017 2734 quod
3069 2681 3204 2723 ausa
3254 2674 3358 2723 est.
3397 2666 3516 2722 Non
3564 2666 3669 2721 fuit

2097 2748 2154 2802 in
2193 2764 2258 2804 ea
2304 2752 2618 2807 criminatio
2680 2754 2932 2823 duritiae;
2999 2772 3102 2811 nee
3152 2757 3299 2813 enim
3351 2757 3669 2828 imperfecta

2096 2838 2338 2906 fuerunt,
2361 2858 2483 2912 qua:
2514 2842 2729 2899 fuerant
2743 2845 2990 2915 iudicata
3015 2856 3070 2902 et
3107 2848 3346 2912 decreta,
3378 2859 3437 2905 ut
3464 2850 3665 2904 duritia

2097 2940 2388 2988 accusetur
2423 2952 2435 2988 :
2466 2934 2694 3004 perfecit
2721 2951 2806 3004 ea,
2838 2937 2906 2992 de
2937 2940 3137 3008 quibus
3160 2941 3519 2996 deliberatum
3548 2940 3671 2996 fue-

2099 3029 2187 3076 rat
2220 3042 2233 3079 :
2269 3022 2338 3077 ad
2371 3022 2532 3080 linem
2559 3027 2824 3095 perducta
2857 3037 2988 3083 sunt
3041 3028 3411 3085 considerata.
3459 3028 3680 3085 Idcirco

408 3110 466 3166 in
518 3113 882 3172 admiratione
928 3124 1035 3183 est,
1090 3120 1221 3189 quia
1272 3118 1620 3189 prudentiam
1674 3117 1986 3174 fortitudini
2024 3118 2340 3186 admiscuit,
2377 3122 2508 3193 quia
2530 3137 2693 3179 omne
2738 3125 3030 3179 consilium
3085 3133 3326 3195 emptum
3366 3124 3675 3185 adﬁxitum

410 3205 680 3273 perduxit.

478 3297 588 3351 Kal.
616 3298 714 3369 τῆς
742 3298 992 3369 ἀνδρείας
1025 3301 1229 3373 ταύτης
1271 3303 1570 3374 ὑπόδειγμα
1598 3302 1872 3369 λαϐόντες,
1901 3304 1990 3357 καὶ

2170 3301 2286 3357 Hoc
2315 3300 2655 3357 fortitudinis
2689 3303 2938 3371 exemplo
2967 3309 3205 3371 sumpto,
3236 3303 3463 3373 iustitia!
3499 3307 3665 3362 etiam

406 3390 505 3460 τῆς
558 3391 905 3464 δικαιοσύνης
964 3394 1268 3465 ληψόμεθα.
1330 3396 1496 3450 Ὅταν
1554 3395 1827 3468 ἀμύνηται
1890 3397 1988 3466 μὲν

407 3480 680 3554 Ἀϐραὰμ,
712 3485 804 3537 καὶ
843 3486 1302 3558 ὐπερμαχήσηται
1330 3487 1440 3543 τῶν
1461 3489 1853 3560 ἀδικουμένων,
1893 3490 1989 3544 καὶ

411 3574 683 3646 βοηθήσας
721 3578 929 3649 ἀκούσῃ
968 3580 1118 3652 παρά
1149 3581 1258 3635 τῶν
1291 3579 1792 3651 ἐλευθερωθέντων
1841 3580 1988 3635 Λάϐε

409 3667 507 3739 τὴν
533 3667 699 3723 ἵππον
734 3672 827 3725 καὶ
853 3672 1028 3725 πάντα
1057 3674 1268 3744 σεαυτῷ
1287 3689 1302 3704 °
1335 3674 1428 3727 καὶ
1455 3673 1624 3728 ταῦτα
1640 3673 1873 3739 ἀκούων,
1913 3674 1987 3747 μὴ

410 3758 546 3830 πρὸς
574 3759 665 3813 τὸν
697 3764 1076 3834 χρηματισμὸν
1111 3763 1346 3834 βλέπων,
1371 3764 1507 3818 ἀλλά
1527 3766 1663 3837 πρὸς
1690 3765 1750 3819 τὸ
1782 3764 1989 3819 δίκαιον

410 3848 671 3914 ἀτενίζων
692 3891 709 3915 ,
742 3854 836 3906 καὶ
870 3855 1286 3923 συγγινώσκων,
1330 3858 1411 3911 ὅτι
1438 3856 1647 3928 δωρεὰν
1679 3857 1860 3921 ἔλαϐε,
1896 3857 1989 3910 καὶ

411 3937 530 4002 πῶς
566 3940 812 4011 πωλῆσαι
838 3943 935 4015 τὴν
957 3943 1165 4016 δωρεὰν
1206 3946 1308 3998 οὐκ
1341 3946 1577 4014 ὀφείλει,
1617 3947 1698 3999 ὅτι
1743 3946 1989 4018 χάρισμα

409 4034 821 4104 πιπράσκεσθαι
844 4039 945 4090 οὐκ
967 4038 1219 4108 ἀνέχεται
1241 4056 1255 4072 ο
1276 4041 1358 4092 ὅτι
1382 4040 1555 4094 ἄδικοι
1582 4043 1629 4093 οἱ
1657 4039 1753 4103 τὰς
1782 4040 1989 4112 δωρεὰς

410 4125 790 4197 ἀποδεδομένοι
821 4128 991 4181 εἰσίν·
1026 4130 1108 4183 δτι
1146 4132 1207 4184 οὐ
1254 4130 1477 4195 δικαίως
1507 4131 1575 4185 τὰ
1601 4130 1734 4185 ὥνια
1760 4132 1855 4184 καὶ
1891 4132 1990 4194 τάς

409 4214 728 4287 εὐεργεσίας
749 4218 918 4272 πωλεί
935 4238 1037 4285 τις.
1074 4221 1309 4292 Ὶμάτιον
1340 4223 1432 4276 καὶ
1449 4221 1730 4293 κειμήλιον
1755 4222 1841 4274 ἐπ’
1857 4223 1989 4291 ἀγο-

413 4308 511 4377 ρᾶς
553 4312 947 4383 πιπρασκέσθω
970 4331 982 4344 ·
1020 4314 1261 4386 ἀπρατος
1293 4314 1410 4386 δὲή
1454 4314 1737 4386 εὐεργεσία
1783 4314 1989 4383 μενέτω

408 4398 488 4471 τῷ
527 4404 889 4475 μεγαλοψύχῳ
931 4405 1031 4475 τῆς
1066 4405 1326 4471 διανοίας,
1376 4408 1606 4477 προῖκας
1635 4405 1714 4475 τῷ
1750 4404 1989 4476 δεομένῳ

409 4491 677 4566 διδομένη.
724 4496 834 4550 Καὶ
880 4495 1119 4550 τοιοῦτον
1154 4497 1277 4568 ἔχον
1317 4498 1416 4569 μὲν
1447 4500 1546 4569 τῆς
1589 4497 1824 4561 διανοίας
1867 4496 1990 4549 ὑπό-

409 4581 630 4654 δειγμα,
671 4587 751 4639 ὅτι
780 4587 878 4650 τὰς
906 4586 1113 4658 δωρεὰς
1139 4588 1234 4640 καὶ
1270 4588 1369 4651 τὰς
1388 4588 1707 4658 εὐεργεσίας
1749 4586 1983 4657 μεγάλου

410 4679 690 4750 χρήματος
720 4681 1124 4750 πιπράσκεσθαι
1146 4682 1206 4733 οὐ
1240 4680 1339 4745 δεῖ,
1376 4680 1513 4734 ἀλλά
1533 4684 1720 4753 τηρεῖν
1738 4680 1835 4751 τὴν
1856 4682 1984 4733 ἐκά-

412 4785 536 4821 στου
566 4771 750 4843 τιμὴν,
790 4772 863 4842 μὴ
886 4772 1433 4844 προδιαφθειρόμενον
1460 4776 1527 4844 τῇ
1562 4774 1703 4827 δόσει
1727 4773 1834 4826 τῶν
1849 4789 1984 4844 χρη-

413 4863 618 4932 μάτων.

2090 3394 2396 3463 exemplum
2424 3406 2727 3448 sumamus.
2759 3391 2896 3446 Cum
2920 3392 3192 3447 Abraham
3225 3393 3424 3462 injuria
3441 3394 3664 3454 aﬂ'ectos

2090 3487 2366 3541 ulciscens
2395 3500 2494 3555 pro
2530 3485 2612 3539 eis
2640 3484 2918 3554 pugnavit,
2963 3492 3017 3538 et
3053 3499 3179 3538 cum
3229 3493 3354 3554 post
3395 3488 3663 3544 auxilium

2091 3579 2313 3633 allatum
2345 3577 2561 3632 audiret
2599 3592 2628 3630 a
2658 3575 2908 3632 liberatis
2942 3575 3177 3647 :Accipe
3220 3577 3320 3632 tibi
3360 3580 3664 3649 equitatum

2088 3678 2143 3727 et
2175 3670 2393 3736 omnia;
2434 3684 2544 3724 non
2591 3669 2647 3723 in
2681 3675 2951 3739 quaestum
2980 3669 3211 3740 aspexit,
3255 3669 3351 3725 sed
3389 3671 3660 3741 justitiam

2091 3762 2359 3830 attendit;
2398 3760 2675 3832 quomodo
2696 3761 2953 3815 conscius
2975 3776 3035 3816 se
3071 3762 3244 3832 gratis
3273 3763 3506 3834 cepisse,
3551 3780 3663 3817 non

2089 3855 2321 3911 debebat
2371 3855 2607 3909 vendere
2649 3854 2851 3908 donum
2887 3872 2901 3907 :
2936 3853 3064 3923 quia
3114 3855 3290 3925 gratia
3360 3870 3473 3912 non
3499 3856 3669 3926 [pati-

2088 3955 2181 4000 tur
2241 3954 2305 4001 ut
2348 3945 2755 4012 venumdetur;
2808 3944 3077 4014 siquidem
3128 3945 3319 4016 injusti
3380 3955 3527 4012 sunt,
3569 3947 3667 4018 qui

2098 4038 2241 4093 dona
2280 4038 2554 4104 vendunt;
2585 4045 2641 4092 et
2672 4052 2781 4092 non
2811 4037 2960 4108 juste
2983 4038 3107 4108 quis
3137 4038 3350 4093 venalia
3395 4047 3450 4094 et
3499 4040 3666 4096 bene-

2093 4131 2215 4186 ficia
2252 4130 2565 4186 venumdat.
2612 4129 2798 4188 Vestis
2861 4138 2917 4186 et
2976 4145 3066 4185 res
3119 4131 3358 4200 pretiosa
3398 4130 3666 4187 vendatur

2091 4224 2147 4278 in
2180 4222 2340 4278 foro:
2383 4221 2711 4278 beneficium
2743 4237 2897 4286 vero,
2937 4237 3007 4276 ne
3055 4221 3321 4276 habeatur
3369 4223 3664 4292 vendibile,

2091 4315 2236 4384 quod
2275 4306 2474 4385 mag'no
2513 4313 2698 4369 animo
2750 4313 2922 4384 gratis
2985 4312 3252 4383 indigenti
3303 4311 3426 4367 dari
3480 4312 3687 4373 debet-

2091 4404 2222 4460 Tale
2260 4403 2567 4475 exemplum
2599 4404 2898 4469 hebennus,
2936 4403 3079 4458 dona
3154 4413 3209 4458 et
3242 4402 3504 4458 beneficia
3553 4419 3664 4458 non

2090 4505 2345 4567 oportere
2373 4497 2545 4551 multa
2572 4496 2801 4567 pecunia
2827 4495 3083 4563 vendere,
3108 4496 3204 4551 sed
3233 4511 3452 4552 servare
3472 4512 3662 4567 quem»

2094 4605 2200 4659 que
2241 4589 2506 4645 honorem
2560 4603 2742 4656 suum,
2801 4596 2855 4644 et
2885 4603 2992 4643 non
3047 4588 3200 4660 prius
3258 4588 3485 4643 pecunia
3540 4602 3665 4643 cor-

2089 4696 2288 4752 rumpi.

1400 4978 1528 5034 CAP.
1575 4977 1661 5033 XI.
1707 4977 2101 5033 Concordantia
2125 4976 2250 5046 legis
2276 4982 2324 5027 et
2350 4973 2638 5045 Evangelii.

481 5093 591 5147 Καὶ
618 5093 786 5146 ταῦτα
817 5094 915 5163 μὲν
949 5092 1122 5156 οὓτως
1156 5092 1550 5158 ἐπεξελθόντες,
1588 5094 1993 5148 κατεσκευάσα-

416 5200 542 5253 μενο
582 5185 664 5238 ὅτι
699 5184 876 5237 πάντα
903 5185 960 5236 ὲν
988 5185 1136 5255 νόμῳ
1166 5188 1363 5251 κεῖται,
1410 5185 1503 5239 καὶ
1533 5186 1731 5249 κακίας
1772 5185 1991 5256 ἀναίρε-

413 5292 521 5341 οις,
545 5277 638 5330 καὶ
669 5277 869 5348 ἀρετῆς
909 5277 1243 5348 κατόρθωσις
1262 5295 1275 5307 ·
1305 5279 1399 5331 καὶ
1444 5278 1648 5332 τούτων
1674 5279 1839 5331 ὄντων
1871 5280 1989 5331 ἱκα-

412 5367 518 5421 νῶν
555 5368 691 5438 πρὸς
714 5368 978 5440 ἐντροπὴν
1007 5369 1101 5423 καὶ
1125 5368 1456 5439 δυσώπησιν,
1495 5371 1588 5424 καί
1622 5387 1680 5422 τε
1714 5369 1777 5423 τὸ
1803 5370 1986 5441 ὅμοιον

412 5456 763 5527 ἀποδίδομεν·
805 5461 853 5511 εί
889 5459 997 5531 γὰρ
1043 5460 1209 5531 μηδὲν
1256 5457 1399 5531 εἶχεν
1438 5464 1467 5515 ὀ
1517 5462 1678 5531 νόμος
1729 5461 1841 5513 ἴσον
1890 5458 1984 5513 τοῦ

413 5548 771 5618 Εὐαγγελίου,
800 5551 893 5605 τοῦ
940 5552 1193 5622 ἀνομοίου
1240 5554 1274 5623 ἡ
1332 5553 1633 5623 κατηγορία
1684 5547 1783 5623 ἦν·
1836 5552 1884 5604 εί
1927 5551 1985 5605 δὲ

413 5640 666 5712 ὁμοιότης
711 5644 855 5708 ἐστὶ,
891 5643 946 5698 τί
981 5644 1073 5697 ἐπὶ
1105 5644 1201 5713 τῆς
1226 5645 1538 5716 ὁμοιότητος
1581 5642 1944 5714 διαφερόμεθα
1969 5682 1983 5706 ,

413 5729 515 5801 τῆς
553 5732 868 5804 ὁμοιότητος
895 5734 1242 5807 διαφέρεσθαι
1290 5735 1373 5811 μὴ.
1407 5734 1915 5807 ἀνεχομένης;·Βοᾷ
1954 5735 1983 5786 δ

2166 5089 2340 5159 Atque
2387 5091 2503 5145 lttec
2544 5090 2765 5160 quiacm
2820 5096 3085 5146 hactenus
3133 5088 3428 5159 persecuti,
3460 5088 3660 5159 proba.

2094 5184 2271 5239 vimus
2303 5191 2595 5253 utrumque
2624 5197 2747 5237 esse
2782 5182 2836 5236 in
2893 5183 3033 5253 lege,
3077 5190 3133 5235 et
3167 5181 3282 5235 vitii
3311 5181 3662 5252 exstirpatio-

2092 5290 2235 5339 nem,
2276 5282 2330 5329 et
2357 5273 2575 5329 virtutis
2614 5270 2847 5327 olIicium
2877 5279 3040 5342 atque
3065 5271 3507 5326 exercitationem
3536 5288 3550 5337 ;
3579 5279 3661 5324 at-

2091 5380 2199 5434 que
2244 5366 2358 5419 haec
2417 5364 2635 5434 quidem
2694 5363 2829 5418 satis
2885 5377 3027 5427 esse,
3064 5372 3125 5417 ut
3178 5361 3266 5417 isti
3310 5362 3656 5417 erubescant.

2092 5457 2311 5528 Aliquid
2363 5458 2541 5513 simile
2571 5458 2848 5513 reddimus
2892 5456 2947 5510 in
3001 5455 3294 5525 Evangelio
3325 5461 3380 5510 et
3419 5454 3554 5524 lege.
3601 5450 3657 5506 Si

2091 5549 2237 5602 enim
2289 5555 2476 5604 essent
2523 5547 2835 5618 Evangelia,
2880 5553 3106 5602 etesset
3146 5548 3251 5610 lex,
3315 5552 3370 5601 et
3398 5544 3536 5599 nihil
3575 5543 3656 5599 rex

2092 5640 2317 5695 haberet
2352 5640 2558 5710 aequale
2601 5638 2917 5710 Evangelio,
2974 5638 3191 5693 crimini
3221 5636 3445 5691 daretur
3490 5634 3658 5693 dissi‘

2092 5731 2362 5787 militudo.
2403 5732 2501 5786 Sin
2532 5743 2713 5788 autem
2748 5731 3052 5788 similitudo
3078 5730 3333 5802 est,quid
3363 5729 3429 5785 de
3460 5726 3657 5786 simiii-

483 5887 599 5961 (59)
646 5889 1014 5957 Τραχύτητος
1046 5889 1211 5960 erm.
1255 5887 1462 5945 Duritia
1493 5888 1635 5944 enim
1677 5888 1888 5958 stupori
1922 5884 2115 5944 similis
2148 5885 2465 5956 patientiam
2508 5884 2772 5939 imitatur.
2807 5881 2978 5939 Tuan.
