  <div class='ocr_page' id='page_1' title='image "/cluster/home/n/w/nwhite01/storage/ocr_20150623/18/coo.31924054872985/633.png"; bbox 0 0 4138 6500; ppageno 0'>
   <div class='ocr_carea' id='block_1_1' title="bbox 446 520 586 578">
    <p class='ocr_par' dir='ltr' id='par_1_1' title="bbox 446 520 586 578">
     <span class='ocr_line' id='line_1_1' title="bbox 446 520 586 578; baseline 0.021 -3"><span class='ocrx_word' id='word_1_1' title='bbox 446 520 586 578; x_wconf 66' lang='grc' dir='ltr'>ηὸθ</span> 
     </span>
    </p>
   </div>
   <div class='ocr_carea' id='block_1_2' title="bbox 1562 515 2512 573">
    <p class='ocr_par' dir='ltr' id='par_1_2' title="bbox 1562 515 2512 573">
     <span class='ocr_line' id='line_1_2' title="bbox 1562 515 2512 573; baseline -0.002 -2"><span class='ocrx_word' id='word_1_2' title='bbox 1562 517 1695 572; x_wconf 85' lang='lat' dir='ltr'><strong>TITI</strong></span> <span class='ocrx_word' id='word_1_3' title='bbox 1737 515 2166 573; x_wconf 72' lang='lat' dir='ltr'><strong>BOSTRENSIS</strong></span> <span class='ocrx_word' id='word_1_4' title='bbox 2206 516 2512 572; x_wconf 82' lang='lat' dir='ltr'><strong>EPISCOPI</strong></span> 
     </span>
    </p>
   </div>
   <div class='ocr_carea' id='block_1_3' title="bbox 3533 511 3696 566">
    <p class='ocr_par' dir='ltr' id='par_1_3' title="bbox 3533 511 3696 566">
     <span class='ocr_line' id='line_1_3' title="bbox 3533 511 3696 566; baseline 0 -1"><span class='ocrx_word' id='word_1_5' title='bbox 3533 511 3696 566; x_wconf 65' lang='lat'><strong>1240</strong></span> 
     </span>
    </p>
   </div>
   <div class='ocr_carea' id='block_1_4' title="bbox 445 624 2015 703">
    <p class='ocr_par' dir='ltr' id='par_1_4' title="bbox 445 629 2015 703">
     <span class='ocr_line' id='line_1_4' title="bbox 445 629 2015 703; baseline -0.001 -16"><span class='ocrx_word' id='word_1_6' title='bbox 445 632 635 689; x_wconf 99' lang='lat' dir='ltr'><strong>tudine</strong></span> <span class='ocrx_word' id='word_1_7' title='bbox 671 630 1085 693; x_wconf 76' lang='lat' dir='ltr'><strong>contendimus,</strong></span> <span class='ocrx_word' id='word_1_8' title='bbox 1120 645 1244 684; x_wconf 88' lang='lat' dir='ltr'><strong>cum</strong></span> <span class='ocrx_word' id='word_1_9' title='bbox 1280 629 1584 685; x_wconf 84' lang='lat' dir='ltr'><strong>similitudo</strong></span> <span class='ocrx_word' id='word_1_10' title='bbox 1632 648 1742 687; x_wconf 84' lang='lat' dir='ltr'><strong>non</strong></span> <span class='ocrx_word' id='word_1_11' title='bbox 1778 635 2015 703; x_wconf 78' lang='lat' dir='ltr'><strong>patiatur</strong></span> 
     </span>
    </p>
   </div>
   <div class='ocr_carea' id='block_1_5' title="bbox 2119 624 3702 703">
    <p class='ocr_par' dir='ltr' id='par_1_5' title="bbox 2120 624 3702 703">
     <span class='ocr_line' id='line_1_5' title="bbox 2120 624 3702 703; baseline -0.007 -18"><span class='ocrx_word' id='word_1_12' title='bbox 2120 632 2407 703; x_wconf 76' lang='grc' dir='ltr'>χαρακτὴρ</span> <span class='ocrx_word' id='word_1_13' title='bbox 2435 632 2534 703; x_wconf 75' lang='grc' dir='ltr'>τὴν</span> <span class='ocrx_word' id='word_1_14' title='bbox 2573 631 2919 699; x_wconf 77' lang='grc' dir='ltr'>συγγένειαν·</span> <span class='ocrx_word' id='word_1_15' title='bbox 2955 628 2988 698; x_wconf 86' lang='grc' dir='ltr'><strong>ή</strong></span> <span class='ocrx_word' id='word_1_16' title='bbox 3013 626 3263 697; x_wconf 77' lang='grc' dir='ltr'><strong>ὁμοιότης</strong></span> <span class='ocrx_word' id='word_1_17' title='bbox 3292 626 3388 696; x_wconf 74' lang='grc' dir='ltr'><strong>τὴν</strong></span> <span class='ocrx_word' id='word_1_18' title='bbox 3413 624 3702 694; x_wconf 67' lang='grc' dir='ltr'>ἀδελφότη-</span> 
     </span>
    </p>
   </div>
   <div class='ocr_carea' id='block_1_6' title="bbox 449 720 2011 796">
    <p class='ocr_par' dir='ltr' id='par_1_6' title="bbox 449 720 2011 796">
     <span class='ocr_line' id='line_1_6' title="bbox 449 720 2011 796; baseline -0.001 -16"><span class='ocrx_word' id='word_1_19' title='bbox 449 732 507 780; x_wconf 87' lang='lat' dir='ltr'><strong>ut</strong></span> <span class='ocrx_word' id='word_1_20' title='bbox 532 723 908 780; x_wconf 72' lang='lat' dir='ltr'><strong>controversia</strong></span> <span class='ocrx_word' id='word_1_21' title='bbox 939 721 1033 778; x_wconf 88' lang='lat' dir='ltr'><strong>sit?</strong></span> <span class='ocrx_word' id='word_1_22' title='bbox 1055 720 1365 776; x_wconf 86' lang='lat' dir='ltr'><strong>Proclamat</strong></span> <span class='ocrx_word' id='word_1_23' title='bbox 1394 725 1773 790; x_wconf 76' lang='lat' dir='ltr'><strong>cognationem</strong></span> <span class='ocrx_word' id='word_1_24' title='bbox 1805 725 2011 796; x_wconf 76' lang='lat' dir='ltr'><strong>stylus:</strong></span> 
     </span>
    </p>
   </div>
   <div class='ocr_carea' id='block_1_7' title="bbox 447 812 2017 885">
    <p class='ocr_par' dir='ltr' id='par_1_7' title="bbox 447 812 2017 885">
     <span class='ocr_line' id='line_1_7' title="bbox 447 812 2017 885; baseline -0.001 -16"><span class='ocrx_word' id='word_1_25' title='bbox 447 814 748 870; x_wconf 75' lang='lat' dir='ltr'><strong>similitudo</strong></span> <span class='ocrx_word' id='word_1_26' title='bbox 773 813 1186 885; x_wconf 87' lang='lat' dir='ltr'><strong>germanitatem</strong></span> <span class='ocrx_word' id='word_1_27' title='bbox 1226 812 1523 882; x_wconf 80' lang='lat' dir='ltr'><strong>signiﬁcat.</strong></span> <span class='ocrx_word' id='word_1_28' title='bbox 1569 812 1648 868; x_wconf 87' lang='lat' dir='ltr'><strong>Ad</strong></span> <span class='ocrx_word' id='word_1_29' title='bbox 1683 830 1842 867; x_wconf 85' lang='lat' dir='ltr'><strong>unam</strong></span> <span class='ocrx_word' id='word_1_30' title='bbox 1889 829 2017 867; x_wconf 90' lang='lat' dir='ltr'><strong>cau-</strong></span> 
     </span>
    </p>
   </div>
   <div class='ocr_carea' id='block_1_8' title="bbox 445 902 2013 969">
    <p class='ocr_par' dir='ltr' id='par_1_8' title="bbox 445 902 2013 969">
     <span class='ocr_line' id='line_1_8' title="bbox 445 902 2013 969; baseline -0.001 -8"><span class='ocrx_word' id='word_1_31' title='bbox 445 921 562 961; x_wconf 84' lang='lat' dir='ltr'><strong>sam</strong></span> <span class='ocrx_word' id='word_1_32' title='bbox 607 906 839 960; x_wconf 89' lang='lat' dir='ltr'><strong>aliorum</strong></span> <span class='ocrx_word' id='word_1_33' title='bbox 886 904 1154 969; x_wconf 91' lang='lat' dir='ltr'><strong>omnium,</strong></span> <span class='ocrx_word' id='word_1_34' title='bbox 1201 902 1417 960; x_wconf 84' lang='lat' dir='ltr'><strong>Patrem</strong></span> <span class='ocrx_word' id='word_1_35' title='bbox 1464 913 1645 960; x_wconf 90' lang='lat' dir='ltr'><strong>autem</strong></span> <span class='ocrx_word' id='word_1_36' title='bbox 1693 906 2013 969; x_wconf 80' lang='lat' dir='ltr'><strong>Salvatoris,</strong></span> 
     </span>
    </p>
   </div>
   <div class='ocr_carea' id='block_1_9' title="bbox 443 994 2014 1063">
    <p class='ocr_par' dir='ltr' id='par_1_9' title="bbox 443 994 2014 1063">
     <span class='ocr_line' id='line_1_9' title="bbox 443 994 2014 1063; baseline 0.001 -14"><span class='ocrx_word' id='word_1_37' title='bbox 443 996 528 1050; x_wconf 79' lang='lat' dir='ltr'><strong>lex</strong></span> <span class='ocrx_word' id='word_1_38' title='bbox 563 1004 618 1050; x_wconf 90' lang='lat' dir='ltr'><strong>et</strong></span> <span class='ocrx_word' id='word_1_39' title='bbox 652 994 947 1063; x_wconf 79' lang='lat' dir='ltr'><strong>Evangelia</strong></span> <span class='ocrx_word' id='word_1_40' title='bbox 975 995 1182 1050; x_wconf 90' lang='lat' dir='ltr'><strong>ducunt</strong></span> <span class='ocrx_word' id='word_1_41' title='bbox 1206 1002 1463 1050; x_wconf 89' lang='lat' dir='ltr'><strong>mentem.</strong></span> <span class='ocrx_word' id='word_1_42' title='bbox 1495 994 1600 1050; x_wconf 80' lang='lat' dir='ltr'><strong>Lex</strong></span> <span class='ocrx_word' id='word_1_43' title='bbox 1635 996 1771 1050; x_wconf 82' lang='lat' dir='ltr'><strong>dixit</strong></span> <span class='ocrx_word' id='word_1_44' title='bbox 1806 1013 1818 1048; x_wconf 92' lang='lat'>:</span> <span class='ocrx_word' id='word_1_45' title='bbox 1854 998 2014 1062; x_wconf 82' lang='lat' dir='ltr'><strong>Audi,</strong></span> 
     </span>
    </p>
   </div>
   <div class='ocr_carea' id='block_1_10' title="bbox 442 1085 2017 1151">
    <p class='ocr_par' dir='ltr' id='par_1_10' title="bbox 442 1085 2017 1151">
     <span class='ocr_line' id='line_1_10' title="bbox 442 1085 2017 1151; baseline -0.001 -7"><span class='ocrx_word' id='word_1_46' title='bbox 442 1087 640 1151; x_wconf 82' lang='lat' dir='ltr'><strong>Israel,</strong></span> <span class='ocrx_word' id='word_1_47' title='bbox 669 1086 931 1142; x_wconf 82' lang='lat' dir='ltr'><strong>Dominus</strong></span> <span class='ocrx_word' id='word_1_48' title='bbox 958 1085 1097 1141; x_wconf 87' lang='lat' dir='ltr'><strong>Deus</strong></span> <span class='ocrx_word' id='word_1_49' title='bbox 1120 1096 1239 1141; x_wconf 85' lang='lat' dir='ltr'><strong>tuus</strong></span> <span class='ocrx_word' id='word_1_50' title='bbox 1261 1085 1521 1141; x_wconf 81' lang='lat' dir='ltr'><strong>Dominus</strong></span> <span class='ocrx_word' id='word_1_51' title='bbox 1534 1104 1670 1141; x_wconf 84' lang='lat' dir='ltr'><strong>unus</strong></span> <span class='ocrx_word' id='word_1_52' title='bbox 1692 1089 1838 1142; x_wconf 72' lang='lat' dir='ltr'><strong>est”.</strong></span> <span class='ocrx_word' id='word_1_53' title='bbox 1873 1089 2017 1143; x_wconf 84' lang='lat' dir='ltr'><strong>Dixit</strong></span> 
     </span>
    </p>
   </div>
   <div class='ocr_carea' id='block_1_11' title="bbox 440 1175 2018 1249">
    <p class='ocr_par' dir='ltr' id='par_1_11' title="bbox 440 1175 2018 1249">
     <span class='ocr_line' id='line_1_11' title="bbox 440 1175 2018 1249; baseline -0.003 -14"><span class='ocrx_word' id='word_1_54' title='bbox 440 1179 796 1249; x_wconf 71' lang='lat' dir='ltr'><strong>Evangelium</strong></span> <span class='ocrx_word' id='word_1_55' title='bbox 819 1197 831 1231; x_wconf 94' lang='lat'>:</span> <span class='ocrx_word' id='word_1_56' title='bbox 856 1176 1027 1232; x_wconf 86' lang='lat' dir='ltr'><strong>Nemo</strong></span> <span class='ocrx_word' id='word_1_57' title='bbox 1049 1177 1237 1241; x_wconf 84' lang='lat' dir='ltr'><strong>bonus,</strong></span> <span class='ocrx_word' id='word_1_58' title='bbox 1269 1178 1372 1230; x_wconf 86' lang='lat' dir='ltr'><strong>nisi</strong></span> <span class='ocrx_word' id='word_1_59' title='bbox 1394 1193 1528 1231; x_wconf 88' lang='lat' dir='ltr'><strong>unus</strong></span> <span class='ocrx_word' id='word_1_60' title='bbox 1555 1175 1767 1232; x_wconf 83' lang='lat' dir='ltr'><strong>Deus&quot;.</strong></span> <span class='ocrx_word' id='word_1_61' title='bbox 1802 1179 2018 1233; x_wconf 90' lang='lat' dir='ltr'><strong>Clama-</strong></span> 
     </span>
    </p>
   </div>
   <div class='ocr_carea' id='block_1_12' title="bbox 439 1266 2012 1341">
    <p class='ocr_par' dir='ltr' id='par_1_12' title="bbox 439 1266 2012 1341">
     <span class='ocr_line' id='line_1_12' title="bbox 439 1266 2012 1341; baseline -0.002 -15"><span class='ocrx_word' id='word_1_62' title='bbox 439 1273 518 1327; x_wconf 82' lang='lat' dir='ltr'><strong>vit</strong></span> <span class='ocrx_word' id='word_1_63' title='bbox 545 1271 827 1341; x_wconf 87' lang='lat' dir='ltr'><strong>apostolus</strong></span> <span class='ocrx_word' id='word_1_64' title='bbox 858 1268 1059 1324; x_wconf 82' lang='lat' dir='ltr'><strong>Paulus</strong></span> <span class='ocrx_word' id='word_1_65' title='bbox 1087 1288 1100 1322; x_wconf 94' lang='lat'><strong>:</strong></span> <span class='ocrx_word' id='word_1_66' title='bbox 1130 1266 1277 1323; x_wconf 85' lang='lat' dir='ltr'><strong>Unus</strong></span> <span class='ocrx_word' id='word_1_67' title='bbox 1306 1268 1466 1335; x_wconf 84' lang='lat' dir='ltr'><strong>Deus,</strong></span> <span class='ocrx_word' id='word_1_68' title='bbox 1496 1284 1561 1322; x_wconf 81' lang='lat' dir='ltr'><strong>ea:</strong></span> <span class='ocrx_word' id='word_1_69' title='bbox 1588 1286 1690 1339; x_wconf 89' lang='lat' dir='ltr'><strong>quo</strong></span> <span class='ocrx_word' id='word_1_70' title='bbox 1728 1272 1973 1325; x_wconf 77' lang='lat' dir='ltr'><strong>omnia&quot;</strong></span> <span class='ocrx_word' id='word_1_71' title='bbox 1999 1287 2012 1323; x_wconf 93' lang='lat'><strong>:</strong></span> 
     </span>
    </p>
   </div>
   <div class='ocr_carea' id='block_1_13' title="bbox 439 1359 2018 1434">
    <p class='ocr_par' dir='ltr' id='par_1_13' title="bbox 439 1359 2018 1434">
     <span class='ocr_line' id='line_1_13' title="bbox 439 1359 2018 1434; baseline -0.001 -17"><span class='ocrx_word' id='word_1_72' title='bbox 439 1378 507 1418; x_wconf 81' lang='lat' dir='ltr'><strong>ex</strong></span> <span class='ocrx_word' id='word_1_73' title='bbox 536 1362 652 1433; x_wconf 85' lang='lat' dir='ltr'><strong>lege</strong></span> <span class='ocrx_word' id='word_1_74' title='bbox 677 1369 730 1417; x_wconf 93' lang='lat' dir='ltr'><strong>et</strong></span> <span class='ocrx_word' id='word_1_75' title='bbox 768 1377 834 1416; x_wconf 84' lang='lat' dir='ltr'><strong>ex</strong></span> <span class='ocrx_word' id='word_1_76' title='bbox 863 1359 1145 1415; x_wconf 85' lang='lat' dir='ltr'><strong>Salvatore</strong></span> <span class='ocrx_word' id='word_1_77' title='bbox 1173 1367 1337 1428; x_wconf 85' lang='lat' dir='ltr'><strong>atque</strong></span> <span class='ocrx_word' id='word_1_78' title='bbox 1362 1375 1429 1414; x_wconf 79' lang='lat' dir='ltr'><strong>ex</strong></span> <span class='ocrx_word' id='word_1_79' title='bbox 1457 1359 1628 1415; x_wconf 89' lang='lat' dir='ltr'><strong>Paulo</strong></span> <span class='ocrx_word' id='word_1_80' title='bbox 1659 1364 1912 1434; x_wconf 88' lang='lat' dir='ltr'><strong>cognitus</strong></span> <span class='ocrx_word' id='word_1_81' title='bbox 1934 1371 2018 1418; x_wconf 89' lang='lat' dir='ltr'><strong>est</strong></span> 
     </span>
    </p>
   </div>
   <div class='ocr_carea' id='block_1_14' title="bbox 439 1448 2018 1523">
    <p class='ocr_par' dir='ltr' id='par_1_14' title="bbox 439 1448 2018 1523">
     <span class='ocr_line' id='line_1_14' title="bbox 439 1448 2018 1523; baseline 0.001 -18"><span class='ocrx_word' id='word_1_82' title='bbox 439 1451 716 1523; x_wconf 82' lang='lat' dir='ltr'><strong>ingenitus</strong></span> <span class='ocrx_word' id='word_1_83' title='bbox 744 1459 797 1506; x_wconf 86' lang='lat' dir='ltr'><strong>et</strong></span> <span class='ocrx_word' id='word_1_84' title='bbox 830 1452 951 1506; x_wconf 86' lang='lat' dir='ltr'><strong>sine</strong></span> <span class='ocrx_word' id='word_1_85' title='bbox 983 1448 1168 1505; x_wconf 85' lang='lat' dir='ltr'><strong>Patre.</strong></span> <span class='ocrx_word' id='word_1_86' title='bbox 1211 1449 1441 1505; x_wconf 87' lang='lat' dir='ltr'><strong>Genitus</strong></span> <span class='ocrx_word' id='word_1_87' title='bbox 1498 1467 1626 1507; x_wconf 79' lang='lat' dir='ltr'><strong>vero</strong></span> <span class='ocrx_word' id='word_1_88' title='bbox 1652 1468 1715 1507; x_wconf 82' lang='lat' dir='ltr'><strong>cx</strong></span> <span class='ocrx_word' id='word_1_89' title='bbox 1772 1454 1916 1515; x_wconf 88' lang='lat' dir='ltr'><strong>sinu,</strong></span> <span class='ocrx_word' id='word_1_90' title='bbox 1966 1463 2018 1507; x_wconf 91' lang='lat' dir='ltr'><strong>et</strong></span> 
     </span>
    </p>
   </div>
   <div class='ocr_carea' id='block_1_15' title="bbox 440 1536 2019 1611">
    <p class='ocr_par' dir='ltr' id='par_1_15' title="bbox 440 1536 2019 1611">
     <span class='ocr_line' id='line_1_15' title="bbox 440 1536 2019 1611; baseline 0.001 -19"><span class='ocrx_word' id='word_1_91' title='bbox 440 1537 613 1595; x_wconf 81' lang='lat' dir='ltr'><strong>Filius</strong></span> <span class='ocrx_word' id='word_1_92' title='bbox 641 1540 760 1610; x_wconf 86' lang='lat' dir='ltr'><strong>ejus</strong></span> <span class='ocrx_word' id='word_1_93' title='bbox 788 1539 881 1610; x_wconf 89' lang='lat' dir='ltr'><strong>qui</strong></span> <span class='ocrx_word' id='word_1_94' title='bbox 912 1539 1118 1610; x_wconf 81' lang='lat' dir='ltr'><strong>genuit.</strong></span> <span class='ocrx_word' id='word_1_95' title='bbox 1160 1536 1375 1594; x_wconf 78' lang='lat' dir='ltr'><strong>Rursus</strong></span> <span class='ocrx_word' id='word_1_96' title='bbox 1410 1539 1498 1593; x_wconf 90' lang='lat' dir='ltr'><strong>hic</strong></span> <span class='ocrx_word' id='word_1_97' title='bbox 1548 1536 1848 1611; x_wconf 68' lang='lat' dir='ltr'><strong>Scriptura:</strong></span> <span class='ocrx_word' id='word_1_98' title='bbox 1885 1557 2019 1595; x_wconf 89' lang='lat' dir='ltr'><strong>con-</strong></span> 
     </span>
    </p>
   </div>
   <div class='ocr_carea' id='block_1_16' title="bbox 440 1629 2015 1717">
    <p class='ocr_par' dir='ltr' id='par_1_16' title="bbox 440 1629 2015 1717">
     <span class='ocr_line' id='line_1_16' title="bbox 440 1629 2015 1717; baseline -0.001 -31"><span class='ocrx_word' id='word_1_99' title='bbox 440 1632 704 1688; x_wconf 87' lang='lat' dir='ltr'><strong>sentiunt.</strong></span> <span class='ocrx_word' id='word_1_100' title='bbox 711 1629 842 1717; x_wconf 52' lang='lat' dir='ltr'><strong>‘Lex</strong></span> <span class='ocrx_word' id='word_1_101' title='bbox 859 1631 936 1684; x_wconf 90' lang='lat' dir='ltr'><strong>ait</strong></span> <span class='ocrx_word' id='word_1_102' title='bbox 964 1649 977 1686; x_wconf 77' lang='grc' dir='ltr'>ε</span> <span class='ocrx_word' id='word_1_103' title='bbox 1012 1629 1097 1683; x_wconf 80' lang='lat' dir='ltr'><strong>Ea;</strong></span> <span class='ocrx_word' id='word_1_104' title='bbox 1118 1638 1265 1685; x_wconf 83' lang='lat' dir='ltr'><strong>utero</strong></span> <span class='ocrx_word' id='word_1_105' title='bbox 1292 1640 1415 1685; x_wconf 82' lang='lat' dir='ltr'><strong>ante</strong></span> <span class='ocrx_word' id='word_1_106' title='bbox 1434 1630 1711 1701; x_wconf 83' lang='lat' dir='ltr'><strong>luciferum</strong></span> <span class='ocrx_word' id='word_1_107' title='bbox 1733 1632 2015 1703; x_wconf 74' lang='lat' dir='ltr'><strong>genuite’&quot;;</strong></span> 
     </span>
    </p>
   </div>
   <div class='ocr_carea' id='block_1_17' title="bbox 439 1720 2019 1795">
    <p class='ocr_par' dir='ltr' id='par_1_17' title="bbox 439 1720 2019 1795">
     <span class='ocr_line' id='line_1_17' title="bbox 439 1720 2019 1795; baseline 0 -17"><span class='ocrx_word' id='word_1_108' title='bbox 439 1722 789 1794; x_wconf 85' lang='lat' dir='ltr'><strong>Evangelium</strong></span> <span class='ocrx_word' id='word_1_109' title='bbox 818 1738 948 1779; x_wconf 85' lang='lat' dir='ltr'><strong>vero</strong></span> <span class='ocrx_word' id='word_1_110' title='bbox 979 1739 994 1777; x_wconf 87' lang='lat'><strong>:</strong></span> <span class='ocrx_word' id='word_1_111' title='bbox 1026 1720 1339 1794; x_wconf 86' lang='lat' dir='ltr'><strong>Unigenitus</strong></span> <span class='ocrx_word' id='word_1_112' title='bbox 1370 1723 1550 1778; x_wconf 82' lang='lat' dir='ltr'><strong>Filius</strong></span> <span class='ocrx_word' id='word_1_113' title='bbox 1580 1724 1721 1779; x_wconf 85' lang='lat' dir='ltr'><strong>Deus</strong></span> <span class='ocrx_word' id='word_1_114' title='bbox 1754 1725 1842 1795; x_wconf 86' lang='lat' dir='ltr'><strong>qui</strong></span> <span class='ocrx_word' id='word_1_115' title='bbox 1867 1726 2019 1779; x_wconf 86' lang='lat' dir='ltr'><strong>estin</strong></span> 
     </span>
    </p>
   </div>
   <div class='ocr_carea' id='block_1_18' title="bbox 438 1814 2021 1892">
    <p class='ocr_par' dir='ltr' id='par_1_18' title="bbox 438 1814 2021 1892">
     <span class='ocr_line' id='line_1_18' title="bbox 438 1814 2021 1892; baseline 0.003 -22"><span class='ocrx_word' id='word_1_116' title='bbox 438 1817 559 1871; x_wconf 83' lang='lat' dir='ltr'><strong>sinu</strong></span> <span class='ocrx_word' id='word_1_117' title='bbox 584 1814 789 1882; x_wconf 85' lang='lat' dir='ltr'><strong>Patris,</strong></span> <span class='ocrx_word' id='word_1_118' title='bbox 843 1817 935 1872; x_wconf 88' lang='lat' dir='ltr'><strong>ille</strong></span> <span class='ocrx_word' id='word_1_119' title='bbox 971 1820 1313 1875; x_wconf 77' lang='lat' dir='ltr'><strong>enarravit&quot;.</strong></span> <span class='ocrx_word' id='word_1_120' title='bbox 1365 1819 1557 1875; x_wconf 89' lang='lat' dir='ltr'><strong>Sinum</strong></span> <span class='ocrx_word' id='word_1_121' title='bbox 1594 1820 1731 1876; x_wconf 80' lang='lat' dir='ltr'><strong>dicit</strong></span> <span class='ocrx_word' id='word_1_122' title='bbox 1776 1819 2021 1892; x_wconf 88' lang='lat' dir='ltr'><strong>Evange-</strong></span> 
     </span>
    </p>
   </div>
   <div class='ocr_carea' id='block_1_19' title="bbox 2117 717 3698 795">
    <p class='ocr_par' dir='ltr' id='par_1_19' title="bbox 2117 717 3698 795">
     <span class='ocr_line' id='line_1_19' title="bbox 2117 717 3698 795; baseline -0.007 -17"><span class='ocrx_word' id='word_1_123' title='bbox 2117 742 2187 778; x_wconf 88' lang='grc' dir='ltr'><strong>τα</strong></span> <span class='ocrx_word' id='word_1_124' title='bbox 2213 725 2490 795; x_wconf 80' lang='grc' dir='ltr'>σημαίνει.</span> <span class='ocrx_word' id='word_1_125' title='bbox 2533 725 2677 795; x_wconf 86' lang='grc' dir='ltr'>Πρὸς</span> <span class='ocrx_word' id='word_1_126' title='bbox 2714 723 2809 776; x_wconf 71' lang='grc' dir='ltr'><strong>ἕνα</strong></span> <span class='ocrx_word' id='word_1_127' title='bbox 2851 721 2960 775; x_wconf 83' lang='grc' dir='ltr'>τῶν</span> <span class='ocrx_word' id='word_1_128' title='bbox 3003 719 3177 775; x_wconf 80' lang='grc' dir='ltr'>ἄλλων</span> <span class='ocrx_word' id='word_1_129' title='bbox 3216 719 3471 771; x_wconf 79' lang='grc' dir='ltr'>ἁπάντων</span> <span class='ocrx_word' id='word_1_130' title='bbox 3506 717 3698 780; x_wconf 78' lang='grc' dir='ltr'>αἴτιον,</span> 
     </span>
    </p>
   </div>
   <div class='ocr_carea' id='block_1_20' title="bbox 2118 802 3704 888">
    <p class='ocr_par' dir='ltr' id='par_1_20' title="bbox 2118 802 3704 888">
     <span class='ocr_line' id='line_1_20' title="bbox 2118 802 3704 888; baseline -0.008 -17"><span class='ocrx_word' id='word_1_131' title='bbox 2118 817 2337 888; x_wconf 78' lang='grc' dir='ltr'>Πατέρα</span> <span class='ocrx_word' id='word_1_132' title='bbox 2353 818 2409 869; x_wconf 83' lang='grc' dir='ltr'><strong>δὲ</strong></span> <span class='ocrx_word' id='word_1_133' title='bbox 2431 816 2525 870; x_wconf 80' lang='grc' dir='ltr'><strong>τοῦ</strong></span> <span class='ocrx_word' id='word_1_134' title='bbox 2551 816 2822 885; x_wconf 80' lang='grc' dir='ltr'><strong>Σωτῆρος,</strong></span> <span class='ocrx_word' id='word_1_135' title='bbox 2858 812 3145 883; x_wconf 78' lang='grc' dir='ltr'>ὲφέλκουσι</span> <span class='ocrx_word' id='word_1_136' title='bbox 3185 812 3283 881; x_wconf 83' lang='grc' dir='ltr'>τὴν</span> <span class='ocrx_word' id='word_1_137' title='bbox 3320 810 3577 863; x_wconf 87' lang='grc' dir='ltr'>διάνοιαν.</span> <span class='ocrx_word' id='word_1_138' title='bbox 3612 802 3704 859; x_wconf 81' lang='grc' dir='ltr'><strong>Εἷ-</strong></span> 
     </span>
    </p>
   </div>
   <div class='ocr_carea' id='block_1_21' title="bbox 2119 901 3701 978">
    <p class='ocr_par' dir='ltr' id='par_1_21' title="bbox 2119 901 3701 978">
     <span class='ocr_line' id='line_1_21' title="bbox 2119 901 3701 978; baseline -0.006 -16"><span class='ocrx_word' id='word_1_139' title='bbox 2119 928 2219 963; x_wconf 86' lang='grc' dir='ltr'><strong>πεν</strong></span> <span class='ocrx_word' id='word_1_140' title='bbox 2255 913 2282 964; x_wconf 88' lang='grc' dir='ltr'>ὁ</span> <span class='ocrx_word' id='word_1_141' title='bbox 2310 910 2471 978; x_wconf 87' lang='grc' dir='ltr'>νόμος</span> <span class='ocrx_word' id='word_1_142' title='bbox 2492 926 2505 938; x_wconf 77' lang='grc'><strong><em>⁸</em></strong></span> <span class='ocrx_word' id='word_1_143' title='bbox 2544 910 2781 969; x_wconf 79' lang='grc' dir='ltr'>Ἀκουε,</span> <span class='ocrx_word' id='word_1_144' title='bbox 2804 904 3050 974; x_wconf 74' lang='grc' dir='ltr'>Ἰσραήλ</span> <span class='ocrx_word' id='word_1_145' title='bbox 3070 920 3082 933; x_wconf 91' lang='grc'><strong>·</strong></span> <span class='ocrx_word' id='word_1_146' title='bbox 3116 904 3329 970; x_wconf 76' lang='grc' dir='ltr'>Κύριος</span> <span class='ocrx_word' id='word_1_147' title='bbox 3355 904 3386 955; x_wconf 85' lang='grc' dir='ltr'><em>ὀ</em></span> <span class='ocrx_word' id='word_1_148' title='bbox 3417 901 3559 965; x_wconf 85' lang='grc' dir='ltr'>Θεός</span> <span class='ocrx_word' id='word_1_149' title='bbox 3584 914 3701 952; x_wconf 85' lang='grc' dir='ltr'><strong>σου</strong></span> 
     </span>
    </p>
   </div>
   <div class='ocr_carea' id='block_1_22' title="bbox 2118 991 3701 1069">
    <p class='ocr_par' dir='ltr' id='par_1_22' title="bbox 2118 991 3701 1069">
     <span class='ocr_line' id='line_1_22' title="bbox 2118 991 3701 1069; baseline -0.009 -13"><span class='ocrx_word' id='word_1_150' title='bbox 2118 1003 2332 1069; x_wconf 77' lang='grc' dir='ltr'>Κύριος</span> <span class='ocrx_word' id='word_1_151' title='bbox 2361 996 2446 1065; x_wconf 79' lang='grc' dir='ltr'>εἷς</span> <span class='ocrx_word' id='word_1_152' title='bbox 2468 1000 2657 1056; x_wconf 83' lang='grc' dir='ltr'>ἐστιν.</span> <span class='ocrx_word' id='word_1_153' title='bbox 2683 994 2817 1051; x_wconf 77' lang='grc' dir='ltr'>Εἷπε</span> <span class='ocrx_word' id='word_1_154' title='bbox 2839 996 2900 1049; x_wconf 77' lang='grc' dir='ltr'>τὸ</span> <span class='ocrx_word' id='word_1_155' title='bbox 2921 994 3247 1062; x_wconf 80' lang='grc' dir='ltr'>Εὐαγγέλιον</span> <span class='ocrx_word' id='word_1_156' title='bbox 3266 1010 3280 1022; x_wconf 83' lang='lat'><strong>&#39;</strong></span> <span class='ocrx_word' id='word_1_157' title='bbox 3319 991 3525 1056; x_wconf 76' lang='grc' dir='ltr'>Οὐδεὶς</span> <span class='ocrx_word' id='word_1_158' title='bbox 3556 991 3701 1058; x_wconf 79' lang='grc' dir='ltr'>ἁγα-</span> 
     </span>
    </p>
   </div>
   <div class='ocr_carea' id='block_1_23' title="bbox 2119 1077 3702 1161">
    <p class='ocr_par' dir='ltr' id='par_1_23' title="bbox 2119 1077 3702 1161">
     <span class='ocr_line' id='line_1_23' title="bbox 2119 1077 3702 1161; baseline -0.008 -15"><span class='ocrx_word' id='word_1_159' title='bbox 2119 1092 2225 1159; x_wconf 83' lang='grc' dir='ltr'><strong>Οὸς</strong></span> <span class='ocrx_word' id='word_1_160' title='bbox 2256 1095 2309 1145; x_wconf 79' lang='grc' dir='ltr'>εὶ</span> <span class='ocrx_word' id='word_1_161' title='bbox 2328 1091 2414 1161; x_wconf 79' lang='grc' dir='ltr'><strong>μὴ</strong></span> <span class='ocrx_word' id='word_1_162' title='bbox 2440 1085 2529 1157; x_wconf 81' lang='grc' dir='ltr'>εἷς</span> <span class='ocrx_word' id='word_1_163' title='bbox 2557 1093 2590 1144; x_wconf 90' lang='grc' dir='ltr'><strong>ό</strong></span> <span class='ocrx_word' id='word_1_164' title='bbox 2623 1089 2787 1154; x_wconf 85' lang='grc' dir='ltr'>Θεός.</span> <span class='ocrx_word' id='word_1_165' title='bbox 2817 1087 3071 1157; x_wconf 80' lang='grc' dir='ltr'>Ἐδόησεν</span> <span class='ocrx_word' id='word_1_166' title='bbox 3099 1086 3127 1137; x_wconf 92' lang='lat'><strong>6</strong></span> <span class='ocrx_word' id='word_1_167' title='bbox 3147 1084 3357 1147; x_wconf 73' lang='grc' dir='ltr'>Παῦλος</span> <span class='ocrx_word' id='word_1_168' title='bbox 3376 1100 3389 1111; x_wconf 88' lang='grc'><strong>·</strong></span> <span class='ocrx_word' id='word_1_169' title='bbox 3410 1077 3515 1146; x_wconf 84' lang='grc' dir='ltr'><strong>Εἷς</strong></span> <span class='ocrx_word' id='word_1_170' title='bbox 3536 1081 3702 1147; x_wconf 83' lang='grc' dir='ltr'><strong>Θεὸς,</strong></span> 
     </span>
    </p>
   </div>
   <div class='ocr_carea' id='block_1_24' title="bbox 2118 1171 3707 1250">
    <p class='ocr_par' dir='ltr' id='par_1_24' title="bbox 2118 1171 3707 1250">
     <span class='ocr_line' id='line_1_24' title="bbox 2118 1171 3707 1250; baseline -0.008 -12"><span class='ocrx_word' id='word_1_171' title='bbox 2118 1184 2187 1249; x_wconf 82' lang='grc' dir='ltr'><strong>ἐξ</strong></span> <span class='ocrx_word' id='word_1_172' title='bbox 2220 1181 2291 1240; x_wconf 83' lang='grc' dir='ltr'>οὗ</span> <span class='ocrx_word' id='word_1_173' title='bbox 2320 1185 2393 1238; x_wconf 86' lang='grc' dir='ltr'>τὰ</span> <span class='ocrx_word' id='word_1_174' title='bbox 2424 1182 2648 1236; x_wconf 76' lang='grc' dir='ltr'>πάντα·</span> <span class='ocrx_word' id='word_1_175' title='bbox 2686 1181 2779 1234; x_wconf 75' lang='grc' dir='ltr'><strong>καὶ</strong></span> <span class='ocrx_word' id='word_1_176' title='bbox 2800 1178 3047 1250; x_wconf 82' lang='grc' dir='ltr'><strong>νενόηται</strong></span> <span class='ocrx_word' id='word_1_177' title='bbox 3076 1180 3104 1231; x_wconf 90' lang='lat'><strong>6</strong></span> <span class='ocrx_word' id='word_1_178' title='bbox 3125 1176 3416 1247; x_wconf 82' lang='grc' dir='ltr'>ἁγέννητος</span> <span class='ocrx_word' id='word_1_179' title='bbox 3443 1175 3535 1227; x_wconf 73' lang='grc' dir='ltr'><strong>καὶ</strong></span> <span class='ocrx_word' id='word_1_180' title='bbox 3562 1171 3707 1226; x_wconf 74' lang='grc' dir='ltr'>ἀπά-</span> 
     </span>
    </p>
   </div>
   <div class='ocr_carea' id='block_1_25' title="bbox 2119 1266 3705 1347">
    <p class='ocr_par' dir='ltr' id='par_1_25' title="bbox 2119 1266 3705 1347">
     <span class='ocr_line' id='line_1_25' title="bbox 2119 1266 3705 1347; baseline -0.008 -18"><span class='ocrx_word' id='word_1_181' title='bbox 2119 1293 2232 1347; x_wconf 88' lang='grc' dir='ltr'><strong>τωρ</strong></span> <span class='ocrx_word' id='word_1_182' title='bbox 2266 1279 2331 1329; x_wconf 86' lang='grc' dir='ltr'><strong>ὲκ</strong></span> <span class='ocrx_word' id='word_1_183' title='bbox 2353 1277 2518 1346; x_wconf 89' lang='grc' dir='ltr'>νόμου</span> <span class='ocrx_word' id='word_1_184' title='bbox 2550 1274 2644 1329; x_wconf 52' lang='grc' dir='ltr'><strong>καὶ¹</strong></span> <span class='ocrx_word' id='word_1_185' title='bbox 2673 1272 2928 1344; x_wconf 80' lang='grc' dir='ltr'><strong>Σωτῆρος</strong></span> <span class='ocrx_word' id='word_1_186' title='bbox 2961 1271 3055 1324; x_wconf 72' lang='grc' dir='ltr'><strong>καὶ</strong></span> <span class='ocrx_word' id='word_1_187' title='bbox 3078 1268 3171 1323; x_wconf 79' lang='grc' dir='ltr'><strong>τοῦ</strong></span> <span class='ocrx_word' id='word_1_188' title='bbox 3202 1266 3545 1321; x_wconf 87' lang='grc' dir='ltr'>Ἀποστόλου.</span> <span class='ocrx_word' id='word_1_189' title='bbox 3570 1266 3705 1319; x_wconf 81' lang='grc' dir='ltr'><strong>Γέν-</strong></span> 
     </span>
    </p>
   </div>
   <div class='ocr_carea' id='block_1_26' title="bbox 2121 1356 3703 1435">
    <p class='ocr_par' dir='ltr' id='par_1_26' title="bbox 2121 1356 3703 1435">
     <span class='ocr_line' id='line_1_26' title="bbox 2121 1356 3703 1435; baseline -0.005 -18"><span class='ocrx_word' id='word_1_190' title='bbox 2121 1383 2185 1435; x_wconf 88' lang='grc' dir='ltr'>νη</span> <span class='ocrx_word' id='word_1_191' title='bbox 2195 1383 2270 1435; x_wconf 89' lang='grc' dir='ltr'><strong>μα</strong></span> <span class='ocrx_word' id='word_1_192' title='bbox 2296 1365 2354 1418; x_wconf 80' lang='grc' dir='ltr'>δὲ</span> <span class='ocrx_word' id='word_1_193' title='bbox 2371 1360 2439 1435; x_wconf 81' lang='grc' dir='ltr'><strong>ἦν</strong></span> <span class='ocrx_word' id='word_1_194' title='bbox 2461 1364 2555 1418; x_wconf 68' lang='grc' dir='ltr'>καὶ</span> <span class='ocrx_word' id='word_1_195' title='bbox 2573 1365 2821 1435; x_wconf 78' lang='grc' dir='ltr'><strong>γέννημα</strong></span> <span class='ocrx_word' id='word_1_196' title='bbox 2845 1363 2909 1415; x_wconf 81' lang='grc' dir='ltr'>ὲκ</span> <span class='ocrx_word' id='word_1_197' title='bbox 2936 1362 3172 1423; x_wconf 81' lang='grc' dir='ltr'><strong>κόλπων,</strong></span> <span class='ocrx_word' id='word_1_198' title='bbox 3205 1360 3302 1413; x_wconf 71' lang='grc' dir='ltr'><strong>καὶ</strong></span> <span class='ocrx_word' id='word_1_199' title='bbox 3332 1358 3462 1422; x_wconf 79' lang='grc' dir='ltr'>Υἱὸς</span> <span class='ocrx_word' id='word_1_200' title='bbox 3483 1356 3578 1411; x_wconf 82' lang='grc' dir='ltr'><strong>τοῦ</strong></span> <span class='ocrx_word' id='word_1_201' title='bbox 3605 1373 3703 1425; x_wconf 84' lang='grc' dir='ltr'><strong>γε-</strong></span> 
     </span>
    </p>
   </div>
   <div class='ocr_carea' id='block_1_27' title="bbox 2120 1448 3705 1529">
    <p class='ocr_par' dir='ltr' id='par_1_27' title="bbox 2120 1448 3705 1529">
     <span class='ocr_line' id='line_1_27' title="bbox 2120 1448 3705 1529; baseline -0.006 -17"><span class='ocrx_word' id='word_1_202' title='bbox 2120 1458 2462 1529; x_wconf 87' lang='grc' dir='ltr'>γεννηκότος.</span> <span class='ocrx_word' id='word_1_203' title='bbox 2518 1459 2629 1512; x_wconf 72' lang='grc' dir='ltr'>Καὶ</span> <span class='ocrx_word' id='word_1_204' title='bbox 2676 1454 2889 1526; x_wconf 84' lang='grc' dir='ltr'>συνῳδὰ</span> <span class='ocrx_word' id='word_1_205' title='bbox 2935 1454 3096 1509; x_wconf 81' lang='grc' dir='ltr'>πάλιν</span> <span class='ocrx_word' id='word_1_206' title='bbox 3138 1453 3206 1506; x_wconf 79' lang='grc' dir='ltr'>τὰ</span> <span class='ocrx_word' id='word_1_207' title='bbox 3244 1452 3567 1523; x_wconf 84' lang='grc' dir='ltr'>γράμματα.</span> <span class='ocrx_word' id='word_1_208' title='bbox 3606 1448 3705 1502; x_wconf 82' lang='grc' dir='ltr'>Ἐκ</span> 
     </span>
    </p>
   </div>
   <div class='ocr_carea' id='block_1_28' title="bbox 2121 1540 3701 1617">
    <p class='ocr_par' dir='ltr' id='par_1_28' title="bbox 2121 1540 3701 1617">
     <span class='ocr_line' id='line_1_28' title="bbox 2121 1540 3701 1617; baseline -0.005 -17"><span class='ocrx_word' id='word_1_209' title='bbox 2121 1547 2383 1617; x_wconf 69' lang='grc' dir='ltr'>γαστρός</span> <span class='ocrx_word' id='word_1_210' title='bbox 2439 1548 2551 1615; x_wconf 77' lang='grc' dir='ltr'>πρὸ</span> <span class='ocrx_word' id='word_1_211' title='bbox 2607 1547 2917 1616; x_wconf 63' lang='grc' dir='ltr'>ἑωσφόρον</span> <span class='ocrx_word' id='word_1_212' title='bbox 2973 1541 3278 1613; x_wconf 77' lang='grc' dir='ltr'>ἐγέννησά</span> <span class='ocrx_word' id='word_1_213' title='bbox 3322 1559 3414 1607; x_wconf 88' lang='grc' dir='ltr'><strong>σε,</strong></span> <span class='ocrx_word' id='word_1_214' title='bbox 3464 1542 3494 1593; x_wconf 89' lang='lat'><strong>6</strong></span> <span class='ocrx_word' id='word_1_215' title='bbox 3540 1540 3701 1611; x_wconf 86' lang='grc' dir='ltr'>νόμος</span> 
     </span>
    </p>
   </div>
   <div class='ocr_carea' id='block_1_29' title="bbox 2120 1632 3706 1710">
    <p class='ocr_par' dir='ltr' id='par_1_29' title="bbox 2120 1632 3706 1710">
     <span class='ocr_line' id='line_1_29' title="bbox 2120 1632 3706 1710; baseline -0.005 -17"><span class='ocrx_word' id='word_1_216' title='bbox 2120 1639 2288 1708; x_wconf 80' lang='grc' dir='ltr'><strong>λέγει.</strong></span> <span class='ocrx_word' id='word_1_217' title='bbox 2326 1641 2391 1694; x_wconf 89' lang='lat'><strong>&#39;0</strong></span> <span class='ocrx_word' id='word_1_218' title='bbox 2418 1638 2757 1710; x_wconf 76' lang='grc' dir='ltr'>μονογενὴς</span> <span class='ocrx_word' id='word_1_219' title='bbox 2782 1637 2915 1704; x_wconf 84' lang='grc' dir='ltr'><strong>Υἱός</strong></span> <span class='ocrx_word' id='word_1_220' title='bbox 2951 1636 3117 1701; x_wconf 82' lang='grc' dir='ltr'><strong>Θεὸς,</strong></span> <span class='ocrx_word' id='word_1_221' title='bbox 3153 1638 3185 1689; x_wconf 81' lang='grc' dir='ltr'><em>ὁ</em></span> <span class='ocrx_word' id='word_1_222' title='bbox 3214 1634 3299 1687; x_wconf 81' lang='grc' dir='ltr'><strong>ὢν</strong></span> <span class='ocrx_word' id='word_1_223' title='bbox 3330 1636 3418 1700; x_wconf 79' lang='grc' dir='ltr'><strong>εις</strong></span> <span class='ocrx_word' id='word_1_224' title='bbox 3437 1632 3544 1686; x_wconf 81' lang='grc' dir='ltr'>τὸν</span> <span class='ocrx_word' id='word_1_225' title='bbox 3563 1632 3706 1686; x_wconf 74' lang='grc' dir='ltr'>κόλ-</span> 
     </span>
    </p>
   </div>
   <div class='ocr_carea' id='block_1_30' title="bbox 2122 1722 3706 1796">
    <p class='ocr_par' dir='ltr' id='par_1_30' title="bbox 2122 1722 3706 1796">
     <span class='ocr_line' id='line_1_30' title="bbox 2122 1722 3706 1796; baseline -0.004 -14"><span class='ocrx_word' id='word_1_226' title='bbox 2122 1746 2240 1783; x_wconf 83' lang='grc' dir='ltr'><strong>πον</strong></span> <span class='ocrx_word' id='word_1_227' title='bbox 2268 1728 2376 1783; x_wconf 86' lang='grc' dir='ltr'>τοῦ</span> <span class='ocrx_word' id='word_1_228' title='bbox 2402 1727 2655 1796; x_wconf 70' lang='grc' dir='ltr'>Πατρός,</span> <span class='ocrx_word' id='word_1_229' title='bbox 2689 1726 2920 1792; x_wconf 82' lang='grc' dir='ltr'>ἐκεῖνος</span> <span class='ocrx_word' id='word_1_230' title='bbox 2950 1724 3309 1793; x_wconf 74' lang='grc' dir='ltr'><strong>ἐξηγήσατο,</strong></span> <span class='ocrx_word' id='word_1_231' title='bbox 3345 1722 3415 1777; x_wconf 83' lang='grc' dir='ltr'>τὰ</span> <span class='ocrx_word' id='word_1_232' title='bbox 3460 1722 3706 1791; x_wconf 82' lang='grc' dir='ltr'>Εὐαγγέ-</span> 
     </span>
    </p>
   </div>
   <div class='ocr_carea' id='block_1_31' title="bbox 2122 1814 3705 1890">
    <p class='ocr_par' dir='ltr' id='par_1_31' title="bbox 2122 1814 3705 1890">
     <span class='ocr_line' id='line_1_31' title="bbox 2122 1814 3705 1890; baseline -0.003 -18"><span class='ocrx_word' id='word_1_233' title='bbox 2122 1819 2213 1873; x_wconf 90' lang='grc' dir='ltr'><strong>λια</strong></span> <span class='ocrx_word' id='word_1_234' title='bbox 2249 1817 2588 1890; x_wconf 78' lang='grc' dir='ltr'><strong>διηγοῦνται.</strong></span> <span class='ocrx_word' id='word_1_235' title='bbox 2637 1818 2851 1880; x_wconf 82' lang='grc' dir='ltr'>Κόλπος</span> <span class='ocrx_word' id='word_1_236' title='bbox 2899 1817 3007 1870; x_wconf 82' lang='grc' dir='ltr'><strong>ἀπὸ</strong></span> <span class='ocrx_word' id='word_1_237' title='bbox 3053 1817 3163 1870; x_wconf 81' lang='grc' dir='ltr'>τῶν</span> <span class='ocrx_word' id='word_1_238' title='bbox 3214 1815 3556 1884; x_wconf 73' lang='grc' dir='ltr'>Εὐαγγελίων</span> <span class='ocrx_word' id='word_1_239' title='bbox 3607 1814 3705 1869; x_wconf 75' lang='grc' dir='ltr'>καὶ</span> 
     </span>
    </p>
   </div>
   <div class='ocr_carea' id='block_1_32' title="bbox 438 1904 2015 1983">
    <p class='ocr_par' dir='ltr' id='par_1_32' title="bbox 438 1906 2015 1982">
     <span class='ocr_line' id='line_1_32' title="bbox 438 1906 2015 1982; baseline 0.004 -23"><span class='ocrx_word' id='word_1_240' title='bbox 438 1906 592 1966; x_wconf 80' lang='lat' dir='ltr'><strong>lium.</strong></span> <span class='ocrx_word' id='word_1_241' title='bbox 622 1914 677 1962; x_wconf 91' lang='lat' dir='ltr'><strong>et</strong></span> <span class='ocrx_word' id='word_1_242' title='bbox 708 1914 924 1961; x_wconf 85' lang='lat' dir='ltr'><strong>uterum</strong></span> <span class='ocrx_word' id='word_1_243' title='bbox 956 1908 1041 1963; x_wconf 83' lang='lat' dir='ltr'><strong>lex</strong></span> <span class='ocrx_word' id='word_1_244' title='bbox 1074 1927 1089 1964; x_wconf 90' lang='lat'><strong>:</strong></span> <span class='ocrx_word' id='word_1_245' title='bbox 1126 1917 1183 1966; x_wconf 90' lang='lat' dir='ltr'><strong>et</strong></span> <span class='ocrx_word' id='word_1_246' title='bbox 1225 1908 1402 1967; x_wconf 86' lang='lat' dir='ltr'><strong>Filius</strong></span> <span class='ocrx_word' id='word_1_247' title='bbox 1433 1910 1709 1982; x_wconf 89' lang='lat' dir='ltr'><strong>legitimus</strong></span> <span class='ocrx_word' id='word_1_248' title='bbox 1741 1911 1937 1968; x_wconf 87' lang='lat' dir='ltr'><strong>similis</strong></span> <span class='ocrx_word' id='word_1_249' title='bbox 1966 1913 2015 1966; x_wconf 91' lang='lat' dir='ltr'><strong>ei</strong></span> 
     </span>
    </p>
   </div>
   <div class='ocr_carea' id='block_1_33' title="bbox 2119 1904 3706 1983">
    <p class='ocr_par' dir='ltr' id='par_1_33' title="bbox 2122 1904 3706 1983">
     <span class='ocr_line' id='line_1_33' title="bbox 2122 1904 3706 1983; baseline -0.003 -18"><span class='ocrx_word' id='word_1_250' title='bbox 2122 1912 2339 1983; x_wconf 72' lang='grc' dir='ltr'>γαστὴρ</span> <span class='ocrx_word' id='word_1_251' title='bbox 2364 1911 2472 1964; x_wconf 79' lang='grc' dir='ltr'>ἀπὸ</span> <span class='ocrx_word' id='word_1_252' title='bbox 2498 1909 2592 1963; x_wconf 80' lang='grc' dir='ltr'><strong>τοῦ</strong></span> <span class='ocrx_word' id='word_1_253' title='bbox 2625 1910 2791 1981; x_wconf 89' lang='grc' dir='ltr'>νόμου</span> <span class='ocrx_word' id='word_1_254' title='bbox 2836 1904 3161 1979; x_wconf 60' lang='grc' dir='ltr'>λελάληταιέ</span> <span class='ocrx_word' id='word_1_255' title='bbox 3202 1909 3299 1962; x_wconf 77' lang='grc' dir='ltr'><strong>καὶ</strong></span> <span class='ocrx_word' id='word_1_256' title='bbox 3332 1907 3460 1971; x_wconf 83' lang='grc' dir='ltr'>Υἱὸς</span> <span class='ocrx_word' id='word_1_257' title='bbox 3484 1909 3706 1980; x_wconf 74' lang='grc' dir='ltr'>γνήσιος</span> 
     </span>
    </p>
   </div>
   <div class='ocr_carea' id='block_1_34' title="bbox 438 1975 2015 2074">
    <p class='ocr_par' dir='ltr' id='par_1_34' title="bbox 438 1999 2015 2072">
     <span class='ocr_line' id='line_1_34' title="bbox 438 1999 2015 2072; baseline 0.004 -20"><span class='ocrx_word' id='word_1_258' title='bbox 438 1999 532 2070; x_wconf 85' lang='lat' dir='ltr'><strong>qui</strong></span> <span class='ocrx_word' id='word_1_259' title='bbox 562 2014 630 2055; x_wconf 76' lang='lat' dir='ltr'><strong>ex</strong></span> <span class='ocrx_word' id='word_1_260' title='bbox 672 2007 831 2054; x_wconf 85' lang='lat' dir='ltr'><strong>utero</strong></span> <span class='ocrx_word' id='word_1_261' title='bbox 853 2009 909 2054; x_wconf 89' lang='lat' dir='ltr'><strong>et</strong></span> <span class='ocrx_word' id='word_1_262' title='bbox 940 2002 1063 2057; x_wconf 88' lang='lat' dir='ltr'><strong>sinu</strong></span> <span class='ocrx_word' id='word_1_263' title='bbox 1105 2004 1295 2072; x_wconf 81' lang='lat' dir='ltr'><strong>genuit</strong></span> <span class='ocrx_word' id='word_1_264' title='bbox 1333 2003 1709 2059; x_wconf 87' lang='lat' dir='ltr'><strong>denuntiatur.</strong></span> <span class='ocrx_word' id='word_1_265' title='bbox 1750 2004 1825 2059; x_wconf 86' lang='lat' dir='ltr'><strong>Ac</strong></span> <span class='ocrx_word' id='word_1_266' title='bbox 1860 2005 2015 2060; x_wconf 86' lang='lat' dir='ltr'><strong>testi-</strong></span> 
     </span>
    </p>
   </div>
   <div class='ocr_carea' id='block_1_35' title="bbox 2119 1975 3706 2074">
    <p class='ocr_par' dir='ltr' id='par_1_35' title="bbox 2120 1975 3706 2074">
     <span class='ocr_line' id='line_1_35' title="bbox 2120 1975 3706 2074; baseline -0.004 -18"><span class='ocrx_word' id='word_1_267' title='bbox 2120 1975 2407 2073; x_wconf 47' lang='lat' dir='ltr'><strong>6uotoe&#39;rip</strong></span> <span class='ocrx_word' id='word_1_268' title='bbox 2454 1975 2809 2074; x_wconf 67' lang='grc' dir='ltr'>γεγεννηκότι</span> <span class='ocrx_word' id='word_1_269' title='bbox 2841 2002 2906 2054; x_wconf 81' lang='grc' dir='ltr'>ἐκ</span> <span class='ocrx_word' id='word_1_270' title='bbox 2934 1975 3167 2070; x_wconf 80' lang='grc' dir='ltr'>γαστρὸς</span> <span class='ocrx_word' id='word_1_271' title='bbox 3196 2000 3291 2052; x_wconf 76' lang='grc' dir='ltr'><strong>καὶ</strong></span> <span class='ocrx_word' id='word_1_272' title='bbox 3334 1975 3549 2052; x_wconf 84' lang='grc' dir='ltr'><strong>κόλπων</strong></span> <span class='ocrx_word' id='word_1_273' title='bbox 3574 1975 3706 2052; x_wconf 68' lang='grc' dir='ltr'>κατ-</span> 
     </span>
    </p>
   </div>
   <div class='ocr_carea' id='block_1_36' title="bbox 436 2089 2015 2166">
    <p class='ocr_par' dir='ltr' id='par_1_36' title="bbox 436 2089 2015 2166">
     <span class='ocr_line' id='line_1_36' title="bbox 436 2089 2015 2166; baseline 0.004 -24"><span class='ocrx_word' id='word_1_274' title='bbox 436 2089 685 2143; x_wconf 85' lang='lat' dir='ltr'><strong>monium</strong></span> <span class='ocrx_word' id='word_1_275' title='bbox 714 2089 936 2160; x_wconf 89' lang='lat' dir='ltr'><strong>quidem</strong></span> <span class='ocrx_word' id='word_1_276' title='bbox 972 2093 1224 2162; x_wconf 88' lang='lat' dir='ltr'><strong>perhibet</strong></span> <span class='ocrx_word' id='word_1_277' title='bbox 1268 2108 1375 2148; x_wconf 79' lang='lat' dir='ltr'><strong>vox</strong></span> <span class='ocrx_word' id='word_1_278' title='bbox 1412 2092 1687 2166; x_wconf 73' lang='lat' dir='ltr'><strong>Evangelii</strong></span> <span class='ocrx_word' id='word_1_279' title='bbox 1732 2112 1747 2150; x_wconf 91' lang='lat'><strong>:</strong></span> <span class='ocrx_word' id='word_1_280' title='bbox 1784 2094 1890 2149; x_wconf 84' lang='lat' dir='ltr'><strong>Hic</strong></span> <span class='ocrx_word' id='word_1_281' title='bbox 1937 2106 2015 2149; x_wconf 88' lang='lat' dir='ltr'><strong>est</strong></span> 
     </span>
    </p>
   </div>
   <div class='ocr_carea' id='block_1_37' title="bbox 2119 2089 3702 2166">
    <p class='ocr_par' dir='ltr' id='par_1_37' title="bbox 2119 2091 3702 2166">
     <span class='ocr_line' id='line_1_37' title="bbox 2119 2091 3702 2166; baseline -0.003 -17"><span class='ocrx_word' id='word_1_282' title='bbox 2119 2095 2463 2164; x_wconf 83' lang='grc' dir='ltr'>αγγέλλεται.</span> <span class='ocrx_word' id='word_1_283' title='bbox 2511 2095 2621 2148; x_wconf 80' lang='grc' dir='ltr'>Καὶ</span> <span class='ocrx_word' id='word_1_284' title='bbox 2662 2097 2931 2166; x_wconf 85' lang='grc' dir='ltr'>μαρτυρεῖ</span> <span class='ocrx_word' id='word_1_285' title='bbox 2966 2093 3066 2165; x_wconf 82' lang='grc' dir='ltr'>μὲν</span> <span class='ocrx_word' id='word_1_286' title='bbox 3089 2094 3122 2162; x_wconf 84' lang='grc' dir='ltr'><strong>ἡ</strong></span> <span class='ocrx_word' id='word_1_287' title='bbox 3150 2091 3244 2145; x_wconf 82' lang='grc' dir='ltr'>τοῦ</span> <span class='ocrx_word' id='word_1_288' title='bbox 3279 2093 3485 2164; x_wconf 85' lang='grc' dir='ltr'>Κυρίου</span> <span class='ocrx_word' id='word_1_289' title='bbox 3515 2093 3664 2163; x_wconf 71' lang='grc' dir='ltr'>φωνή</span> <span class='ocrx_word' id='word_1_290' title='bbox 3685 2108 3702 2122; x_wconf 77' lang='grc' dir='ltr'><strong>ο</strong></span> 
     </span>
    </p>
   </div>
   <div class='ocr_carea' id='block_1_38' title="bbox 437 2178 2015 2259">
    <p class='ocr_par' dir='ltr' id='par_1_38' title="bbox 437 2178 2013 2257">
     <span class='ocr_line' id='line_1_38' title="bbox 437 2178 2013 2257; baseline 0.004 -23"><span class='ocrx_word' id='word_1_291' title='bbox 437 2178 614 2236; x_wconf 84' lang='lat' dir='ltr'><strong>Filius</strong></span> <span class='ocrx_word' id='word_1_292' title='bbox 643 2197 787 2236; x_wconf 88' lang='lat' dir='ltr'><strong>meus</strong></span> <span class='ocrx_word' id='word_1_293' title='bbox 812 2182 1060 2245; x_wconf 87' lang='lat' dir='ltr'><strong>dilectus,</strong></span> <span class='ocrx_word' id='word_1_294' title='bbox 1096 2185 1155 2239; x_wconf 87' lang='lat' dir='ltr'><strong>in</strong></span> <span class='ocrx_word' id='word_1_295' title='bbox 1189 2201 1288 2257; x_wconf 88' lang='lat' dir='ltr'><strong>quo</strong></span> <span class='ocrx_word' id='word_1_296' title='bbox 1318 2186 1450 2240; x_wconf 84' lang='lat' dir='ltr'><strong>mihi</strong></span> <span class='ocrx_word' id='word_1_297' title='bbox 1478 2185 1601 2242; x_wconf 82' lang='lat' dir='ltr'><strong>bene</strong></span> <span class='ocrx_word' id='word_1_298' title='bbox 1628 2187 1923 2256; x_wconf 88' lang='lat' dir='ltr'><strong>complacui</strong></span> <span class='ocrx_word' id='word_1_299' title='bbox 1947 2189 2013 2241; x_wconf 76' lang='grc'><strong>⁷³.</strong></span> 
     </span>
    </p>
   </div>
   <div class='ocr_carea' id='block_1_39' title="bbox 2119 2178 3704 2259">
    <p class='ocr_par' dir='ltr' id='par_1_39' title="bbox 2122 2183 3704 2259">
     <span class='ocr_line' id='line_1_39' title="bbox 2122 2183 3704 2259; baseline 0 -18"><span class='ocrx_word' id='word_1_300' title='bbox 2122 2183 2314 2253; x_wconf 81' lang='grc' dir='ltr'>Οὗτός</span> <span class='ocrx_word' id='word_1_301' title='bbox 2342 2187 2514 2241; x_wconf 83' lang='grc' dir='ltr'>ἐστιν</span> <span class='ocrx_word' id='word_1_302' title='bbox 2552 2190 2585 2241; x_wconf 86' lang='grc' dir='ltr'><em>ὁ</em></span> <span class='ocrx_word' id='word_1_303' title='bbox 2625 2188 2756 2252; x_wconf 76' lang='grc' dir='ltr'>Υἱός</span> <span class='ocrx_word' id='word_1_304' title='bbox 2778 2204 2898 2256; x_wconf 81' lang='grc' dir='ltr'><strong>μου</strong></span> <span class='ocrx_word' id='word_1_305' title='bbox 2930 2190 2964 2242; x_wconf 89' lang='grc' dir='ltr'><em>ὀ</em></span> <span class='ocrx_word' id='word_1_306' title='bbox 2984 2187 3326 2259; x_wconf 83' lang='grc' dir='ltr'>μονογενὴς</span> <span class='ocrx_word' id='word_1_307' title='bbox 3350 2187 3450 2242; x_wconf 78' lang='grc' dir='ltr'>καὶ</span> <span class='ocrx_word' id='word_1_308' title='bbox 3473 2189 3704 2258; x_wconf 79' lang='grc' dir='ltr'>ἀγαπη-</span> 
     </span>
    </p>
   </div>
   <div class='ocr_carea' id='block_1_40' title="bbox 438 2270 2015 2350">
    <p class='ocr_par' dir='ltr' id='par_1_40' title="bbox 438 2272 2015 2348">
     <span class='ocr_line' id='line_1_40' title="bbox 438 2272 2015 2348; baseline 0.006 -22"><span class='ocrx_word' id='word_1_309' title='bbox 438 2272 697 2329; x_wconf 80' lang='lat' dir='ltr'><strong>Testatur</strong></span> <span class='ocrx_word' id='word_1_310' title='bbox 729 2276 893 2329; x_wconf 87' lang='lat' dir='ltr'><strong>etiam</strong></span> <span class='ocrx_word' id='word_1_311' title='bbox 931 2274 1104 2331; x_wconf 83' lang='lat' dir='ltr'><strong>David</strong></span> <span class='ocrx_word' id='word_1_312' title='bbox 1134 2277 1189 2331; x_wconf 92' lang='lat' dir='ltr'><strong>in</strong></span> <span class='ocrx_word' id='word_1_313' title='bbox 1243 2279 1456 2348; x_wconf 89' lang='lat' dir='ltr'><strong>psalmo</strong></span> <span class='ocrx_word' id='word_1_314' title='bbox 1491 2297 1506 2335; x_wconf 90' lang='lat'>:</span> <span class='ocrx_word' id='word_1_315' title='bbox 1540 2278 1716 2334; x_wconf 87' lang='lat' dir='ltr'><strong>Filius</strong></span> <span class='ocrx_word' id='word_1_316' title='bbox 1765 2296 1911 2335; x_wconf 83' lang='lat' dir='ltr'><strong>meus</strong></span> <span class='ocrx_word' id='word_1_317' title='bbox 1961 2296 2015 2335; x_wconf 85' lang='lat' dir='ltr'><strong>es</strong></span> 
     </span>
    </p>
   </div>
   <div class='ocr_carea' id='block_1_41' title="bbox 2119 2270 3707 2350">
    <p class='ocr_par' dir='ltr' id='par_1_41' title="bbox 2119 2270 3707 2350">
     <span class='ocr_line' id='line_1_41' title="bbox 2119 2270 3707 2350; baseline 0 -19"><span class='ocrx_word' id='word_1_318' title='bbox 2119 2277 2241 2344; x_wconf 76' lang='grc' dir='ltr'>τὸς,</span> <span class='ocrx_word' id='word_1_319' title='bbox 2272 2278 2343 2331; x_wconf 77' lang='grc' dir='ltr'><strong>ἐν</strong></span> <span class='ocrx_word' id='word_1_320' title='bbox 2370 2270 2416 2343; x_wconf 83' lang='grc' dir='ltr'>ᾧ</span> <span class='ocrx_word' id='word_1_321' title='bbox 2441 2276 2557 2348; x_wconf 77' lang='grc' dir='ltr'><strong>ἐγὼ</strong></span> <span class='ocrx_word' id='word_1_322' title='bbox 2591 2277 2917 2347; x_wconf 83' lang='grc' dir='ltr'>εὐδόκησα.</span> <span class='ocrx_word' id='word_1_323' title='bbox 2963 2279 3250 2350; x_wconf 85' lang='grc' dir='ltr'>Μαρτυρεῖ</span> <span class='ocrx_word' id='word_1_324' title='bbox 3289 2277 3346 2331; x_wconf 74' lang='grc' dir='ltr'>δὲ</span> <span class='ocrx_word' id='word_1_325' title='bbox 3384 2278 3479 2332; x_wconf 75' lang='grc' dir='ltr'>καὶ</span> <span class='ocrx_word' id='word_1_326' title='bbox 3514 2279 3545 2331; x_wconf 98' lang='lat'><strong>6</strong></span> <span class='ocrx_word' id='word_1_327' title='bbox 3570 2277 3707 2348; x_wconf 79' lang='grc' dir='ltr'>ψαλ-</span> 
     </span>
    </p>
   </div>
   <div class='ocr_carea' id='block_1_42' title="bbox 439 2365 2015 2440">
    <p class='ocr_par' dir='ltr' id='par_1_42' title="bbox 439 2365 2015 2437">
     <span class='ocr_line' id='line_1_42' title="bbox 439 2365 2015 2437; baseline 0.006 -20"><span class='ocrx_word' id='word_1_328' title='bbox 439 2375 534 2426; x_wconf 83' lang='lat' dir='ltr'><strong>tu;</strong></span> <span class='ocrx_word' id='word_1_329' title='bbox 563 2381 656 2434; x_wconf 86' lang='lat' dir='ltr'><strong>ego</strong></span> <span class='ocrx_word' id='word_1_330' title='bbox 682 2365 838 2420; x_wconf 83' lang='lat' dir='ltr'><strong>hodie</strong></span> <span class='ocrx_word' id='word_1_331' title='bbox 858 2369 1011 2437; x_wconf 85' lang='lat' dir='ltr'><strong>genui</strong></span> <span class='ocrx_word' id='word_1_332' title='bbox 1045 2377 1096 2421; x_wconf 88' lang='lat' dir='ltr'><strong>te</strong></span> <span class='ocrx_word' id='word_1_333' title='bbox 1129 2368 1201 2425; x_wconf 80' lang='grc'><strong>⁸⁸.</strong></span> <span class='ocrx_word' id='word_1_334' title='bbox 1243 2367 1358 2424; x_wconf 87' lang='lat' dir='ltr'><strong>Una</strong></span> <span class='ocrx_word' id='word_1_335' title='bbox 1384 2385 1489 2425; x_wconf 81' lang='lat' dir='ltr'><strong>vox</strong></span> <span class='ocrx_word' id='word_1_336' title='bbox 1520 2378 1575 2426; x_wconf 92' lang='lat' dir='ltr'><strong>et</strong></span> <span class='ocrx_word' id='word_1_337' title='bbox 1604 2378 1757 2435; x_wconf 89' lang='lat' dir='ltr'><strong>tunc,</strong></span> <span class='ocrx_word' id='word_1_338' title='bbox 1783 2381 1837 2427; x_wconf 90' lang='lat' dir='ltr'><strong>et</strong></span> <span class='ocrx_word' id='word_1_339' title='bbox 1870 2386 2015 2427; x_wconf 89' lang='lat' dir='ltr'><strong>nunc</strong></span> 
     </span>
    </p>
   </div>
   <div class='ocr_carea' id='block_1_43' title="bbox 2119 2365 3706 2440">
    <p class='ocr_par' dir='ltr' id='par_1_43' title="bbox 2122 2365 3706 2440">
     <span class='ocr_line' id='line_1_43' title="bbox 2122 2365 3706 2440; baseline 0 -18"><span class='ocrx_word' id='word_1_340' title='bbox 2122 2369 2327 2440; x_wconf 79' lang='grc' dir='ltr'>μῳδός⁶</span> <span class='ocrx_word' id='word_1_341' title='bbox 2359 2370 2490 2435; x_wconf 82' lang='grc' dir='ltr'>Υἱός</span> <span class='ocrx_word' id='word_1_342' title='bbox 2525 2386 2644 2439; x_wconf 84' lang='grc' dir='ltr'><strong>μου</strong></span> <span class='ocrx_word' id='word_1_343' title='bbox 2672 2366 2730 2424; x_wconf 79' lang='grc' dir='ltr'>εἷ</span> <span class='ocrx_word' id='word_1_344' title='bbox 2759 2371 2841 2424; x_wconf 87' lang='grc' dir='ltr'>σύ</span> <span class='ocrx_word' id='word_1_345' title='bbox 2862 2387 2875 2400; x_wconf 73' lang='grc'><strong><em>⁸</em></strong></span> <span class='ocrx_word' id='word_1_346' title='bbox 2919 2367 3034 2440; x_wconf 74' lang='grc' dir='ltr'><strong>ἐγὼ</strong></span> <span class='ocrx_word' id='word_1_347' title='bbox 3065 2369 3333 2438; x_wconf 81' lang='grc' dir='ltr'><strong>σήμερον</strong></span> <span class='ocrx_word' id='word_1_348' title='bbox 3378 2365 3706 2439; x_wconf 80' lang='grc' dir='ltr'>γεγέννηκά</span> 
     </span>
    </p>
   </div>
   <div class='ocr_carea' id='block_1_44' title="bbox 436 2455 2020 2533">
    <p class='ocr_par' dir='ltr' id='par_1_44' title="bbox 436 2455 2020 2533">
     <span class='ocr_line' id='line_1_44' title="bbox 436 2455 2020 2533; baseline 0.006 -24"><span class='ocrx_word' id='word_1_349' title='bbox 436 2455 603 2512; x_wconf 86' lang='lat' dir='ltr'><strong>missa</strong></span> <span class='ocrx_word' id='word_1_350' title='bbox 631 2463 717 2512; x_wconf 87' lang='lat' dir='ltr'><strong>est</strong></span> <span class='ocrx_word' id='word_1_351' title='bbox 747 2476 760 2512; x_wconf 90' lang='lat'><strong>:</strong></span> <span class='ocrx_word' id='word_1_352' title='bbox 791 2465 846 2512; x_wconf 92' lang='lat' dir='ltr'><strong>et</strong></span> <span class='ocrx_word' id='word_1_353' title='bbox 875 2473 1043 2522; x_wconf 90' lang='lat' dir='ltr'><strong>unus,</strong></span> <span class='ocrx_word' id='word_1_354' title='bbox 1074 2459 1167 2529; x_wconf 89' lang='lat' dir='ltr'><strong>qui</strong></span> <span class='ocrx_word' id='word_1_355' title='bbox 1197 2460 1372 2527; x_wconf 82' lang='lat' dir='ltr'><strong>misit,</strong></span> <span class='ocrx_word' id='word_1_356' title='bbox 1406 2460 1625 2518; x_wconf 89' lang='lat' dir='ltr'><strong>locutus</strong></span> <span class='ocrx_word' id='word_1_357' title='bbox 1639 2463 1859 2533; x_wconf 89' lang='lat' dir='ltr'><strong>quidem</strong></span> <span class='ocrx_word' id='word_1_358' title='bbox 1888 2472 2020 2519; x_wconf 91' lang='lat' dir='ltr'><strong>tunc</strong></span> 
     </span>
    </p>
   </div>
   <div class='ocr_carea' id='block_1_45' title="bbox 435 2550 2020 2619">
    <p class='ocr_par' dir='ltr' id='par_1_45' title="bbox 435 2550 2020 2619">
     <span class='ocr_line' id='line_1_45' title="bbox 435 2550 2020 2619; baseline 0.004 -17"><span class='ocrx_word' id='word_1_359' title='bbox 435 2555 552 2616; x_wconf 88' lang='lat' dir='ltr'><strong>est;</strong></span> <span class='ocrx_word' id='word_1_360' title='bbox 579 2563 726 2604; x_wconf 88' lang='lat' dir='ltr'><strong>nunc</strong></span> <span class='ocrx_word' id='word_1_361' title='bbox 765 2557 949 2607; x_wconf 84' lang='lat' dir='ltr'><strong>autem</strong></span> <span class='ocrx_word' id='word_1_362' title='bbox 985 2550 1274 2606; x_wconf 88' lang='lat' dir='ltr'><strong>nobiscum</strong></span> <span class='ocrx_word' id='word_1_363' title='bbox 1298 2552 1723 2619; x_wconf 84' lang='lat' dir='ltr'><strong>sermocinatus,</strong></span> <span class='ocrx_word' id='word_1_364' title='bbox 1756 2569 1867 2609; x_wconf 91' lang='lat' dir='ltr'><strong>non</strong></span> <span class='ocrx_word' id='word_1_365' title='bbox 1896 2570 2020 2609; x_wconf 85' lang='lat' dir='ltr'><strong>mu-</strong></span> 
     </span>
    </p>
   </div>
   <div class='ocr_carea' id='block_1_46' title="bbox 435 2639 2019 2710">
    <p class='ocr_par' dir='ltr' id='par_1_46' title="bbox 435 2639 2019 2710">
     <span class='ocr_line' id='line_1_46' title="bbox 435 2639 2019 2710; baseline 0.004 -18"><span class='ocrx_word' id='word_1_366' title='bbox 435 2646 607 2704; x_wconf 88' lang='lat' dir='ltr'><strong>tatur,</strong></span> <span class='ocrx_word' id='word_1_367' title='bbox 630 2639 728 2710; x_wconf 93' lang='lat' dir='ltr'><strong>qui</strong></span> <span class='ocrx_word' id='word_1_368' title='bbox 759 2649 892 2696; x_wconf 90' lang='lat' dir='ltr'><strong>tunc</strong></span> <span class='ocrx_word' id='word_1_369' title='bbox 946 2640 1188 2699; x_wconf 86' lang='lat' dir='ltr'><strong>locutus.</strong></span> <span class='ocrx_word' id='word_1_370' title='bbox 1242 2639 1350 2708; x_wconf 83' lang='lat' dir='ltr'><strong>Qui</strong></span> <span class='ocrx_word' id='word_1_371' title='bbox 1406 2643 1551 2699; x_wconf 92' lang='lat' dir='ltr'><strong>enim</strong></span> <span class='ocrx_word' id='word_1_372' title='bbox 1609 2659 1736 2700; x_wconf 91' lang='lat' dir='ltr'><strong>sero</strong></span> <span class='ocrx_word' id='word_1_373' title='bbox 1794 2644 2019 2700; x_wconf 85' lang='lat' dir='ltr'><strong>tandem</strong></span> 
     </span>
    </p>
   </div>
   <div class='ocr_carea' id='block_1_47' title="bbox 433 2727 2022 2806">
    <p class='ocr_par' dir='ltr' id='par_1_47' title="bbox 433 2727 2022 2806">
     <span class='ocr_line' id='line_1_47' title="bbox 433 2727 2022 2806; baseline 0.006 -25"><span class='ocrx_word' id='word_1_374' title='bbox 433 2727 577 2784; x_wconf 84' lang='lat' dir='ltr'><strong>hanc</strong></span> <span class='ocrx_word' id='word_1_375' title='bbox 604 2743 800 2786; x_wconf 84' lang='lat' dir='ltr'><strong>vocem</strong></span> <span class='ocrx_word' id='word_1_376' title='bbox 831 2730 1005 2796; x_wconf 90' lang='lat' dir='ltr'><strong>misit,</strong></span> <span class='ocrx_word' id='word_1_377' title='bbox 1035 2731 1149 2801; x_wconf 86' lang='lat' dir='ltr'><strong>jam</strong></span> <span class='ocrx_word' id='word_1_378' title='bbox 1195 2739 1324 2788; x_wconf 88' lang='lat' dir='ltr'><strong>ante</strong></span> <span class='ocrx_word' id='word_1_379' title='bbox 1358 2732 1415 2788; x_wconf 90' lang='lat' dir='ltr'><strong>in</strong></span> <span class='ocrx_word' id='word_1_380' title='bbox 1440 2732 1677 2791; x_wconf 88' lang='lat' dir='ltr'><strong>Psalmis</strong></span> <span class='ocrx_word' id='word_1_381' title='bbox 1722 2748 1841 2790; x_wconf 85' lang='lat' dir='ltr'><strong>eam</strong></span> <span class='ocrx_word' id='word_1_382' title='bbox 1879 2750 2022 2806; x_wconf 71' lang='lat' dir='ltr'><strong>prae-</strong></span> 
     </span>
    </p>
   </div>
   <div class='ocr_carea' id='block_1_48' title="bbox 433 2820 2020 2895">
    <p class='ocr_par' dir='ltr' id='par_1_48' title="bbox 433 2820 2020 2895">
     <span class='ocr_line' id='line_1_48' title="bbox 433 2820 2020 2895; baseline 0.004 -19"><span class='ocrx_word' id='word_1_383' title='bbox 433 2820 725 2878; x_wconf 84' lang='lat' dir='ltr'><strong>nuntiasse</strong></span> <span class='ocrx_word' id='word_1_384' title='bbox 794 2822 1069 2893; x_wconf 91' lang='lat' dir='ltr'><strong>reperitur</strong></span> <span class='ocrx_word' id='word_1_385' title='bbox 1117 2842 1132 2879; x_wconf 89' lang='lat'><strong>:</strong></span> <span class='ocrx_word' id='word_1_386' title='bbox 1175 2822 1389 2895; x_wconf 78' lang='lat' dir='ltr'><strong>fuitque</strong></span> <span class='ocrx_word' id='word_1_387' title='bbox 1454 2825 1598 2882; x_wconf 86' lang='lat' dir='ltr'><strong>facta</strong></span> <span class='ocrx_word' id='word_1_388' title='bbox 1668 2825 2020 2884; x_wconf 88' lang='lat' dir='ltr'><strong>denuntiatio</strong></span> 
     </span>
    </p>
   </div>
   <div class='ocr_carea' id='block_1_49' title="bbox 433 2912 2020 2990">
    <p class='ocr_par' dir='ltr' id='par_1_49' title="bbox 433 2912 2020 2990">
     <span class='ocr_line' id='line_1_49' title="bbox 433 2912 2020 2990; baseline 0.005 -23"><span class='ocrx_word' id='word_1_389' title='bbox 433 2912 648 2970; x_wconf 84' lang='lat' dir='ltr'><strong>sanctis</strong></span> <span class='ocrx_word' id='word_1_390' title='bbox 679 2914 916 2984; x_wconf 84' lang='lat' dir='ltr'><strong>angelis,</strong></span> <span class='ocrx_word' id='word_1_391' title='bbox 942 2920 1004 2970; x_wconf 86' lang='lat' dir='ltr'><strong>ut</strong></span> <span class='ocrx_word' id='word_1_392' title='bbox 1028 2915 1366 2972; x_wconf 87' lang='lat' dir='ltr'><strong>inservirent</strong></span> <span class='ocrx_word' id='word_1_393' title='bbox 1389 2915 1554 2983; x_wconf 88' lang='lat' dir='ltr'><strong>Filio,</strong></span> <span class='ocrx_word' id='word_1_394' title='bbox 1603 2924 1660 2973; x_wconf 89' lang='lat' dir='ltr'><strong>et</strong></span> <span class='ocrx_word' id='word_1_395' title='bbox 1696 2917 2020 2990; x_wconf 87' lang='lat' dir='ltr'><strong>religionem</strong></span> 
     </span>
    </p>
   </div>
   <div class='ocr_carea' id='block_1_50' title="bbox 432 3002 2020 3076">
    <p class='ocr_par' dir='ltr' id='par_1_50' title="bbox 432 3002 2020 3076">
     <span class='ocr_line' id='line_1_50' title="bbox 432 3002 2020 3076; baseline 0.005 -22"><span class='ocrx_word' id='word_1_396' title='bbox 432 3002 812 3061; x_wconf 77' lang='lat' dir='ltr'><strong>venerationis</strong></span> <span class='ocrx_word' id='word_1_397' title='bbox 872 3012 1040 3076; x_wconf 90' lang='lat' dir='ltr'><strong>atque</strong></span> <span class='ocrx_word' id='word_1_398' title='bbox 1099 3005 1478 3061; x_wconf 84' lang='lat' dir='ltr'><strong>adorationem</strong></span> <span class='ocrx_word' id='word_1_399' title='bbox 1543 3006 1596 3062; x_wconf 92' lang='lat' dir='ltr'><strong>ei</strong></span> <span class='ocrx_word' id='word_1_400' title='bbox 1656 3007 2020 3075; x_wconf 83' lang='lat' dir='ltr'><strong>adhiberent;</strong></span> 
     </span>
    </p>
   </div>
   <div class='ocr_carea' id='block_1_51' title="bbox 2118 2460 3703 2534">
    <p class='ocr_par' dir='ltr' id='par_1_51' title="bbox 2118 2460 3703 2534">
     <span class='ocr_line' id='line_1_51' title="bbox 2118 2460 3703 2534; baseline -0.001 -18"><span class='ocrx_word' id='word_1_401' title='bbox 2118 2477 2212 2516; x_wconf 88' lang='grc' dir='ltr'><strong>σε.</strong></span> <span class='ocrx_word' id='word_1_402' title='bbox 2245 2461 2355 2516; x_wconf 75' lang='grc' dir='ltr'>Καὶ</span> <span class='ocrx_word' id='word_1_403' title='bbox 2403 2462 2502 2533; x_wconf 89' lang='grc' dir='ltr'><strong>μία</strong></span> <span class='ocrx_word' id='word_1_404' title='bbox 2541 2462 2692 2533; x_wconf 83' lang='grc' dir='ltr'><strong>φωνὴ</strong></span> <span class='ocrx_word' id='word_1_405' title='bbox 2726 2463 2820 2516; x_wconf 73' lang='grc' dir='ltr'><strong>καὶ</strong></span> <span class='ocrx_word' id='word_1_406' title='bbox 2845 2462 2968 2516; x_wconf 87' lang='grc' dir='ltr'>τότε</span> <span class='ocrx_word' id='word_1_407' title='bbox 3001 2461 3097 2515; x_wconf 74' lang='grc' dir='ltr'>καὶ</span> <span class='ocrx_word' id='word_1_408' title='bbox 3138 2461 3232 2516; x_wconf 80' lang='grc' dir='ltr'><strong>νῦν</strong></span> <span class='ocrx_word' id='word_1_409' title='bbox 3263 2460 3703 2534; x_wconf 82' lang='grc' dir='ltr'><strong>προσενεχθεῖσα,</strong></span> 
     </span>
    </p>
   </div>
   <div class='ocr_carea' id='block_1_52' title="bbox 2120 2551 3708 2627">
    <p class='ocr_par' dir='ltr' id='par_1_52' title="bbox 2120 2551 3708 2627">
     <span class='ocr_line' id='line_1_52' title="bbox 2120 2551 3708 2627; baseline -0.003 -17"><span class='ocrx_word' id='word_1_410' title='bbox 2120 2556 2215 2610; x_wconf 76' lang='grc' dir='ltr'><strong>καὶ</strong></span> <span class='ocrx_word' id='word_1_411' title='bbox 2246 2552 2326 2620; x_wconf 77' lang='grc' dir='ltr'>εἷς</span> <span class='ocrx_word' id='word_1_412' title='bbox 2351 2554 2619 2627; x_wconf 82' lang='grc' dir='ltr'><strong>λαλήσας·</strong></span> <span class='ocrx_word' id='word_1_413' title='bbox 2646 2554 3019 2626; x_wconf 79' lang='grc' dir='ltr'>φθεγξάμενος</span> <span class='ocrx_word' id='word_1_414' title='bbox 3047 2555 3144 2626; x_wconf 84' lang='grc' dir='ltr'><strong>μὲν</strong></span> <span class='ocrx_word' id='word_1_415' title='bbox 3164 2554 3305 2618; x_wconf 85' lang='grc' dir='ltr'>τότε,</span> <span class='ocrx_word' id='word_1_416' title='bbox 3341 2554 3466 2625; x_wconf 81' lang='grc' dir='ltr'>ἄρτι</span> <span class='ocrx_word' id='word_1_417' title='bbox 3486 2552 3543 2606; x_wconf 83' lang='grc' dir='ltr'>δὲ</span> <span class='ocrx_word' id='word_1_418' title='bbox 3566 2551 3708 2624; x_wconf 83' lang='grc' dir='ltr'>ὡμι-</span> 
     </span>
    </p>
   </div>
   <div class='ocr_carea' id='block_1_53' title="bbox 2120 2639 3707 2720">
    <p class='ocr_par' dir='ltr' id='par_1_53' title="bbox 2120 2639 3707 2720">
     <span class='ocr_line' id='line_1_53' title="bbox 2120 2639 3707 2720; baseline -0.002 -22"><span class='ocrx_word' id='word_1_419' title='bbox 2120 2643 2335 2717; x_wconf 80' lang='grc' dir='ltr'>ληκώς⁶</span> <span class='ocrx_word' id='word_1_420' title='bbox 2365 2644 2461 2699; x_wconf 84' lang='grc' dir='ltr'>καὶ</span> <span class='ocrx_word' id='word_1_421' title='bbox 2489 2644 2589 2698; x_wconf 81' lang='grc' dir='ltr'><strong>οὐκ</strong></span> <span class='ocrx_word' id='word_1_422' title='bbox 2635 2645 3013 2698; x_wconf 80' lang='grc' dir='ltr'>ὲναλλάττεται</span> <span class='ocrx_word' id='word_1_423' title='bbox 3063 2646 3092 2697; x_wconf 87' lang='grc' dir='ltr'><strong>ὁ</strong></span> <span class='ocrx_word' id='word_1_424' title='bbox 3137 2642 3371 2720; x_wconf 79' lang='grc' dir='ltr'>εἰρηκώς</span> <span class='ocrx_word' id='word_1_425' title='bbox 3390 2659 3406 2675; x_wconf 82' lang='lat'><strong><em>°</em></strong></span> <span class='ocrx_word' id='word_1_426' title='bbox 3457 2641 3556 2713; x_wconf 77' lang='grc' dir='ltr'><strong>ὀψὲ</strong></span> <span class='ocrx_word' id='word_1_427' title='bbox 3592 2639 3707 2715; x_wconf 82' lang='grc' dir='ltr'><strong>γάρ</strong></span> 
     </span>
    </p>
   </div>
   <div class='ocr_carea' id='block_1_54' title="bbox 2122 2731 3704 2806">
    <p class='ocr_par' dir='ltr' id='par_1_54' title="bbox 2122 2731 3704 2806">
     <span class='ocr_line' id='line_1_54' title="bbox 2122 2731 3704 2806; baseline -0.003 -18"><span class='ocrx_word' id='word_1_428' title='bbox 2122 2751 2252 2788; x_wconf 86' lang='grc' dir='ltr'>ποτε</span> <span class='ocrx_word' id='word_1_429' title='bbox 2272 2733 2372 2805; x_wconf 83' lang='grc' dir='ltr'>τὴν</span> <span class='ocrx_word' id='word_1_430' title='bbox 2402 2732 2656 2805; x_wconf 82' lang='grc' dir='ltr'><strong>τοιαύτην</strong></span> <span class='ocrx_word' id='word_1_431' title='bbox 2681 2734 2840 2803; x_wconf 76' lang='grc' dir='ltr'>ἀφεὶς</span> <span class='ocrx_word' id='word_1_432' title='bbox 2868 2734 3051 2806; x_wconf 79' lang='grc' dir='ltr'>φωνὴν</span> <span class='ocrx_word' id='word_1_433' title='bbox 3068 2774 3083 2799; x_wconf 89' lang='grc'>,</span> <span class='ocrx_word' id='word_1_434' title='bbox 3110 2734 3211 2806; x_wconf 66' lang='grc' dir='ltr'>ἤδη</span> <span class='ocrx_word' id='word_1_435' title='bbox 3242 2731 3563 2805; x_wconf 78' lang='grc' dir='ltr'>προφθάσας</span> <span class='ocrx_word' id='word_1_436' title='bbox 3608 2731 3704 2786; x_wconf 79' lang='grc' dir='ltr'>καὶ</span> 
     </span>
    </p>
   </div>
   <div class='ocr_carea' id='block_1_55' title="bbox 2122 2823 3702 2897">
    <p class='ocr_par' dir='ltr' id='par_1_55' title="bbox 2122 2823 3702 2897">
     <span class='ocr_line' id='line_1_55' title="bbox 2122 2823 3702 2897; baseline -0.001 -18"><span class='ocrx_word' id='word_1_437' title='bbox 2122 2823 2469 2897; x_wconf 88' lang='grc' dir='ltr'>προειρηκὼς</span> <span class='ocrx_word' id='word_1_438' title='bbox 2506 2826 2564 2878; x_wconf 84' lang='grc' dir='ltr'><strong>ὲν</strong></span> <span class='ocrx_word' id='word_1_439' title='bbox 2607 2827 2720 2890; x_wconf 83' lang='grc' dir='ltr'>τοῖς</span> <span class='ocrx_word' id='word_1_440' title='bbox 2778 2825 3030 2895; x_wconf 79' lang='grc' dir='ltr'>Ψαλμοῖς</span> <span class='ocrx_word' id='word_1_441' title='bbox 3078 2825 3393 2897; x_wconf 73' lang='grc' dir='ltr'>εὑρίσκετοο</span> <span class='ocrx_word' id='word_1_442' title='bbox 3429 2824 3524 2877; x_wconf 71' lang='grc' dir='ltr'>καὶ</span> <span class='ocrx_word' id='word_1_443' title='bbox 3555 2837 3702 2895; x_wconf 65' lang='grc' dir='ltr'>παρ-</span> 
     </span>
    </p>
   </div>
   <div class='ocr_carea' id='block_1_56' title="bbox 2125 2912 3705 2987">
    <p class='ocr_par' dir='ltr' id='par_1_56' title="bbox 2125 2912 3705 2987">
     <span class='ocr_line' id='line_1_56' title="bbox 2125 2912 3705 2987; baseline -0.002 -17"><span class='ocrx_word' id='word_1_444' title='bbox 2125 2915 2357 2986; x_wconf 84' lang='grc' dir='ltr'>αγγελία</span> <span class='ocrx_word' id='word_1_445' title='bbox 2398 2917 2499 2986; x_wconf 84' lang='grc' dir='ltr'>μὲν</span> <span class='ocrx_word' id='word_1_446' title='bbox 2549 2915 2657 2970; x_wconf 80' lang='grc' dir='ltr'>ἀπὸ</span> <span class='ocrx_word' id='word_1_447' title='bbox 2684 2915 2778 2969; x_wconf 81' lang='grc' dir='ltr'>τοῦ</span> <span class='ocrx_word' id='word_1_448' title='bbox 2813 2916 3029 2987; x_wconf 84' lang='grc' dir='ltr'>Πατρὸς</span> <span class='ocrx_word' id='word_1_449' title='bbox 3056 2916 3194 2987; x_wconf 82' lang='grc' dir='ltr'>πρὸς</span> <span class='ocrx_word' id='word_1_450' title='bbox 3227 2914 3328 2979; x_wconf 81' lang='grc' dir='ltr'>τὰς</span> <span class='ocrx_word' id='word_1_451' title='bbox 3366 2914 3514 2978; x_wconf 85' lang='grc' dir='ltr'>θείας</span> <span class='ocrx_word' id='word_1_452' title='bbox 3542 2912 3705 2976; x_wconf 74' lang='grc' dir='ltr'>δυνά-</span> 
     </span>
    </p>
   </div>
   <div class='ocr_carea' id='block_1_57' title="bbox 2127 3007 3705 3081">
    <p class='ocr_par' dir='ltr' id='par_1_57' title="bbox 2127 3007 3705 3081">
     <span class='ocr_line' id='line_1_57' title="bbox 2127 3007 3705 3081; baseline -0.003 -19"><span class='ocrx_word' id='word_1_453' title='bbox 2127 3026 2250 3080; x_wconf 87' lang='grc' dir='ltr'>μεις</span> <span class='ocrx_word' id='word_1_454' title='bbox 2277 3008 2566 3081; x_wconf 80' lang='grc' dir='ltr'>ὑπηρετεῖν</span> <span class='ocrx_word' id='word_1_455' title='bbox 2594 3007 2673 3079; x_wconf 82' lang='grc' dir='ltr'>τῷ</span> <span class='ocrx_word' id='word_1_456' title='bbox 2701 3007 2836 3079; x_wconf 80' lang='grc' dir='ltr'><strong>Υἱῷ,</strong></span> <span class='ocrx_word' id='word_1_457' title='bbox 2876 3009 2971 3062; x_wconf 76' lang='grc' dir='ltr'><strong>καὶ</strong></span> <span class='ocrx_word' id='word_1_458' title='bbox 2999 3010 3059 3061; x_wconf 77' lang='grc' dir='ltr'>τὸ</span> <span class='ocrx_word' id='word_1_459' title='bbox 3097 3007 3257 3071; x_wconf 76' lang='grc' dir='ltr'>σέϐας</span> <span class='ocrx_word' id='word_1_460' title='bbox 3293 3008 3387 3061; x_wconf 72' lang='grc' dir='ltr'><strong>καὶ</strong></span> <span class='ocrx_word' id='word_1_461' title='bbox 3424 3007 3520 3077; x_wconf 79' lang='grc' dir='ltr'>τὴν</span> <span class='ocrx_word' id='word_1_462' title='bbox 3542 3022 3705 3077; x_wconf 80' lang='grc' dir='ltr'>προσ-</span> 
     </span>
    </p>
   </div>
   <div class='ocr_carea' id='block_1_58' title="bbox 436 3096 2015 3176">
    <p class='ocr_par' dir='ltr' id='par_1_58' title="bbox 436 3096 2015 3176">
     <span class='ocr_line' id='line_1_58' title="bbox 436 3096 2015 3176; baseline 0.004 -23"><span class='ocrx_word' id='word_1_463' title='bbox 436 3096 706 3168; x_wconf 84' lang='lat' dir='ltr'><strong>scriptum</strong></span> <span class='ocrx_word' id='word_1_464' title='bbox 755 3105 842 3155; x_wconf 89' lang='lat' dir='ltr'><strong>est</strong></span> <span class='ocrx_word' id='word_1_465' title='bbox 865 3101 1010 3155; x_wconf 91' lang='lat' dir='ltr'><strong>enim</strong></span> <span class='ocrx_word' id='word_1_466' title='bbox 1047 3120 1060 3155; x_wconf 91' lang='lat'><strong>:</strong></span> <span class='ocrx_word' id='word_1_467' title='bbox 1097 3101 1164 3155; x_wconf 85' lang='lat' dir='ltr'><strong>Et</strong></span> <span class='ocrx_word' id='word_1_468' title='bbox 1208 3101 1430 3157; x_wconf 85' lang='lat' dir='ltr'><strong>adorent</strong></span> <span class='ocrx_word' id='word_1_469' title='bbox 1467 3118 1587 3156; x_wconf 89' lang='lat' dir='ltr'><strong>eum</strong></span> <span class='ocrx_word' id='word_1_470' title='bbox 1631 3119 1811 3159; x_wconf 85' lang='lat' dir='ltr'><strong>omnes</strong></span> <span class='ocrx_word' id='word_1_471' title='bbox 1850 3105 2015 3176; x_wconf 78' lang='lat' dir='ltr'><strong>angeli</strong></span> 
     </span>
    </p>
   </div>
   <div class='ocr_carea' id='block_1_59' title="bbox 2119 3096 3701 3176">
    <p class='ocr_par' dir='ltr' id='par_1_59' title="bbox 2125 3097 3701 3173">
     <span class='ocr_line' id='line_1_59' title="bbox 2125 3097 3701 3173; baseline -0.002 -18"><span class='ocrx_word' id='word_1_472' title='bbox 2125 3101 2350 3173; x_wconf 83' lang='grc' dir='ltr'>κύνησιν</span> <span class='ocrx_word' id='word_1_473' title='bbox 2418 3099 2569 3172; x_wconf 82' lang='grc' dir='ltr'>αὐτῷ</span> <span class='ocrx_word' id='word_1_474' title='bbox 2641 3099 2979 3154; x_wconf 84' lang='grc' dir='ltr'><strong>ἀποδιδόναι·</strong></span> <span class='ocrx_word' id='word_1_475' title='bbox 3040 3100 3347 3172; x_wconf 85' lang='grc' dir='ltr'>γέγραπται</span> <span class='ocrx_word' id='word_1_476' title='bbox 3400 3098 3529 3170; x_wconf 81' lang='grc' dir='ltr'>γάρ’</span> <span class='ocrx_word' id='word_1_477' title='bbox 3592 3097 3701 3156; x_wconf 78' lang='grc' dir='ltr'><strong>Καὶ</strong></span> 
     </span>
    </p>
   </div>
   <div class='ocr_carea' id='block_1_60' title="bbox 432 3184 2020 3273">
    <p class='ocr_par' dir='ltr' id='par_1_60' title="bbox 432 3184 2020 3273">
     <span class='ocr_line' id='line_1_60' title="bbox 432 3184 2020 3273; baseline 0.008 -32"><span class='ocrx_word' id='word_1_478' title='bbox 432 3184 618 3244; x_wconf 77' lang='lat' dir='ltr'><strong>Dei”.</strong></span> <span class='ocrx_word' id='word_1_479' title='bbox 650 3187 996 3259; x_wconf 83' lang='lat' dir='ltr'><strong>Astipulatus</strong></span> <span class='ocrx_word' id='word_1_480' title='bbox 1037 3199 1121 3247; x_wconf 89' lang='lat' dir='ltr'><strong>est</strong></span> <span class='ocrx_word' id='word_1_481' title='bbox 1158 3191 1288 3247; x_wconf 89' lang='lat' dir='ltr'><strong>huic</strong></span> <span class='ocrx_word' id='word_1_482' title='bbox 1330 3191 1740 3249; x_wconf 89' lang='lat' dir='ltr'><strong>denuntiationi</strong></span> <span class='ocrx_word' id='word_1_483' title='bbox 1792 3194 2020 3273; x_wconf 76' lang='lat' dir='ltr'><strong>Paulus,</strong></span> 
     </span>
    </p>
   </div>
   <div class='ocr_carea' id='block_1_61' title="bbox 2127 3189 3698 3264">
    <p class='ocr_par' dir='ltr' id='par_1_61' title="bbox 2127 3189 3698 3264">
     <span class='ocr_line' id='line_1_61' title="bbox 2127 3189 3698 3264; baseline -0.003 -15"><span class='ocrx_word' id='word_1_484' title='bbox 2127 3193 2727 3264; x_wconf 74' lang='grc' dir='ltr'>προσκυνησάτωσαν</span> <span class='ocrx_word' id='word_1_485' title='bbox 2769 3191 2930 3259; x_wconf 86' lang='grc' dir='ltr'><strong>αὑτῷ</strong></span> <span class='ocrx_word' id='word_1_486' title='bbox 2968 3192 3192 3259; x_wconf 82' lang='grc' dir='ltr'>πάντες</span> <span class='ocrx_word' id='word_1_487' title='bbox 3238 3191 3478 3261; x_wconf 66' lang='grc' dir='ltr'>ἄγγελοι</span> <span class='ocrx_word' id='word_1_488' title='bbox 3529 3189 3698 3245; x_wconf 85' lang='grc' dir='ltr'>Θεοῦ.</span> 
     </span>
    </p>
   </div>
   <div class='ocr_carea' id='block_1_62' title="bbox 434 3278 2015 3377">
    <p class='ocr_par' dir='ltr' id='par_1_62' title="bbox 434 3278 2015 3361">
     <span class='ocr_line' id='line_1_62' title="bbox 434 3278 2015 3361; baseline 0.006 -24"><span class='ocrx_word' id='word_1_489' title='bbox 434 3281 546 3337; x_wconf 82' lang='lat' dir='ltr'><strong>imo</strong></span> <span class='ocrx_word' id='word_1_490' title='bbox 577 3278 721 3337; x_wconf 87' lang='lat' dir='ltr'><strong>hanc</strong></span> <span class='ocrx_word' id='word_1_491' title='bbox 742 3290 1006 3339; x_wconf 88' lang='lat' dir='ltr'><strong>retractat</strong></span> <span class='ocrx_word' id='word_1_492' title='bbox 1035 3294 1092 3340; x_wconf 91' lang='lat' dir='ltr'><strong>et</strong></span> <span class='ocrx_word' id='word_1_493' title='bbox 1117 3284 1514 3357; x_wconf 88' lang='lat' dir='ltr'><strong>interpretatur</strong></span> <span class='ocrx_word' id='word_1_494' title='bbox 1545 3306 1562 3356; x_wconf 88' lang='lat'><strong>;</strong></span> <span class='ocrx_word' id='word_1_495' title='bbox 1600 3288 1917 3361; x_wconf 89' lang='lat' dir='ltr'><strong>studetque,</strong></span> <span class='ocrx_word' id='word_1_496' title='bbox 1955 3300 2015 3347; x_wconf 89' lang='lat' dir='ltr'><strong>ut</strong></span> 
     </span>
    </p>
   </div>
   <div class='ocr_carea' id='block_1_63' title="bbox 2119 3278 3705 3377">
    <p class='ocr_par' dir='ltr' id='par_1_63' title="bbox 2126 3281 3705 3358">
     <span class='ocr_line' id='line_1_63' title="bbox 2126 3281 3705 3358; baseline -0.003 -19"><span class='ocrx_word' id='word_1_497' title='bbox 2126 3286 2522 3358; x_wconf 81' lang='grc' dir='ltr'>Συγκεχώρηκε</span> <span class='ocrx_word' id='word_1_498' title='bbox 2563 3285 2621 3338; x_wconf 82' lang='grc' dir='ltr'>δὲ</span> <span class='ocrx_word' id='word_1_499' title='bbox 2648 3288 2713 3357; x_wconf 81' lang='grc' dir='ltr'>τῇ</span> <span class='ocrx_word' id='word_1_500' title='bbox 2769 3283 3114 3356; x_wconf 75' lang='grc' dir='ltr'>παραγγελία</span> <span class='ocrx_word' id='word_1_501' title='bbox 3161 3285 3190 3337; x_wconf 90' lang='lat'><strong>6</strong></span> <span class='ocrx_word' id='word_1_502' title='bbox 3221 3282 3450 3349; x_wconf 79' lang='grc' dir='ltr'>Παῦλος,</span> <span class='ocrx_word' id='word_1_503' title='bbox 3503 3281 3705 3353; x_wconf 86' lang='grc' dir='ltr'>μᾶλλον</span> 
     </span>
    </p>
   </div>
   <div class='ocr_carea' id='block_1_64' title="bbox 434 3374 2015 3457">
    <p class='ocr_par' dir='ltr' id='par_1_64' title="bbox 434 3374 2015 3457">
     <span class='ocr_line' id='line_1_64' title="bbox 434 3374 2015 3457; baseline 0.008 -26"><span class='ocrx_word' id='word_1_504' title='bbox 434 3374 510 3431; x_wconf 77' lang='lat' dir='ltr'><strong>sit</strong></span> <span class='ocrx_word' id='word_1_505' title='bbox 546 3375 816 3447; x_wconf 89' lang='lat' dir='ltr'><strong>interpres</strong></span> <span class='ocrx_word' id='word_1_506' title='bbox 880 3378 1001 3447; x_wconf 88' lang='lat' dir='ltr'><strong>ejus</strong></span> <span class='ocrx_word' id='word_1_507' title='bbox 1058 3380 1205 3450; x_wconf 89' lang='lat' dir='ltr'><strong>quod</strong></span> <span class='ocrx_word' id='word_1_508' title='bbox 1273 3382 1429 3453; x_wconf 88' lang='lat' dir='ltr'><strong>prius</strong></span> <span class='ocrx_word' id='word_1_509' title='bbox 1475 3383 1705 3447; x_wconf 89' lang='lat' dir='ltr'><strong>dictum,</strong></span> <span class='ocrx_word' id='word_1_510' title='bbox 1747 3392 1803 3439; x_wconf 88' lang='lat' dir='ltr'><strong>et</strong></span> <span class='ocrx_word' id='word_1_511' title='bbox 1863 3387 2015 3457; x_wconf 87' lang='lat' dir='ltr'><strong>prius</strong></span> 
     </span>
    </p>
   </div>
   <div class='ocr_carea' id='block_1_65' title="bbox 2119 3374 3704 3457">
    <p class='ocr_par' dir='ltr' id='par_1_65' title="bbox 2123 3374 3704 3448">
     <span class='ocr_line' id='line_1_65' title="bbox 2123 3374 3704 3448; baseline -0.002 -18"><span class='ocrx_word' id='word_1_512' title='bbox 2123 3376 2180 3429; x_wconf 83' lang='grc' dir='ltr'>δὲ</span> <span class='ocrx_word' id='word_1_513' title='bbox 2208 3376 2411 3447; x_wconf 88' lang='grc' dir='ltr'>ταύτην</span> <span class='ocrx_word' id='word_1_514' title='bbox 2439 3375 2863 3448; x_wconf 76' lang='grc' dir='ltr'>ὲπεξεργάζεται</span> <span class='ocrx_word' id='word_1_515' title='bbox 2893 3377 2987 3428; x_wconf 78' lang='grc' dir='ltr'><strong>καὶ</strong></span> <span class='ocrx_word' id='word_1_516' title='bbox 3016 3374 3383 3447; x_wconf 82' lang='grc' dir='ltr'>διερμηνεύει,</span> <span class='ocrx_word' id='word_1_517' title='bbox 3410 3375 3505 3428; x_wconf 77' lang='grc' dir='ltr'>καὶ</span> <span class='ocrx_word' id='word_1_518' title='bbox 3536 3389 3704 3427; x_wconf 84' lang='grc' dir='ltr'>σπου-</span> 
     </span>
    </p>
   </div>
   <div class='ocr_carea' id='block_1_66' title="bbox 435 3467 2015 3547">
    <p class='ocr_par' dir='ltr' id='par_1_66' title="bbox 435 3469 2015 3547">
     <span class='ocr_line' id='line_1_66' title="bbox 435 3469 2015 3547; baseline 0.006 -24"><span class='ocrx_word' id='word_1_519' title='bbox 435 3469 700 3541; x_wconf 89' lang='lat' dir='ltr'><strong>scriptum</strong></span> <span class='ocrx_word' id='word_1_520' title='bbox 734 3480 820 3527; x_wconf 91' lang='lat' dir='ltr'><strong>est</strong></span> <span class='ocrx_word' id='word_1_521' title='bbox 852 3490 865 3525; x_wconf 87' lang='lat'><strong>:</strong></span> <span class='ocrx_word' id='word_1_522' title='bbox 915 3472 1048 3528; x_wconf 88' lang='lat' dir='ltr'><strong>Cum</strong></span> <span class='ocrx_word' id='word_1_523' title='bbox 1082 3474 1221 3528; x_wconf 89' lang='lat' dir='ltr'><strong>enim</strong></span> <span class='ocrx_word' id='word_1_524' title='bbox 1280 3474 1573 3531; x_wconf 82' lang='lat' dir='ltr'><strong>introducit</strong></span> <span class='ocrx_word' id='word_1_525' title='bbox 1609 3475 2015 3547; x_wconf 85' lang='lat' dir='ltr'><strong>primogenitum</strong></span> 
     </span>
    </p>
   </div>
   <div class='ocr_carea' id='block_1_67' title="bbox 2119 3467 3702 3547">
    <p class='ocr_par' dir='ltr' id='par_1_67' title="bbox 2124 3467 3702 3544">
     <span class='ocr_line' id='line_1_67' title="bbox 2124 3467 3702 3544; baseline -0.001 -22"><span class='ocrx_word' id='word_1_526' title='bbox 2124 3468 2274 3533; x_wconf 80' lang='grc' dir='ltr'><strong>δάζει</strong></span> <span class='ocrx_word' id='word_1_527' title='bbox 2314 3470 2409 3524; x_wconf 81' lang='grc' dir='ltr'><strong>τοῦ</strong></span> <span class='ocrx_word' id='word_1_528' title='bbox 2458 3469 2856 3544; x_wconf 81' lang='grc' dir='ltr'>προειρημένου</span> <span class='ocrx_word' id='word_1_529' title='bbox 2897 3468 2993 3522; x_wconf 77' lang='grc' dir='ltr'>καὶ</span> <span class='ocrx_word' id='word_1_530' title='bbox 3033 3468 3527 3542; x_wconf 82' lang='grc' dir='ltr'>προγεγραμμένου</span> <span class='ocrx_word' id='word_1_531' title='bbox 3554 3467 3702 3537; x_wconf 82' lang='grc' dir='ltr'>γίνε-</span> 
     </span>
    </p>
   </div>
   <div class='ocr_carea' id='block_1_68' title="bbox 434 3558 2015 3633">
    <p class='ocr_par' dir='ltr' id='par_1_68' title="bbox 434 3562 2015 3629">
     <span class='ocr_line' id='line_1_68' title="bbox 434 3562 2015 3629; baseline 0.006 -13"><span class='ocrx_word' id='word_1_532' title='bbox 434 3564 487 3616; x_wconf 80' lang='lat' dir='ltr'><strong>in</strong></span> <span class='ocrx_word' id='word_1_533' title='bbox 522 3562 698 3617; x_wconf 87' lang='lat' dir='ltr'><strong>orbem</strong></span> <span class='ocrx_word' id='word_1_534' title='bbox 730 3573 908 3629; x_wconf 72' lang='lat' dir='ltr'><strong>terrae,</strong></span> <span class='ocrx_word' id='word_1_535' title='bbox 937 3564 1069 3619; x_wconf 86' lang='lat' dir='ltr'><strong>dicit</strong></span> <span class='ocrx_word' id='word_1_536' title='bbox 1101 3583 1120 3620; x_wconf 91' lang='lat'><strong><em>:</em></strong></span> <span class='ocrx_word' id='word_1_537' title='bbox 1158 3565 1227 3620; x_wconf 87' lang='lat' dir='ltr'><strong>Et</strong></span> <span class='ocrx_word' id='word_1_538' title='bbox 1258 3567 1482 3623; x_wconf 85' lang='lat' dir='ltr'><strong>adorent</strong></span> <span class='ocrx_word' id='word_1_539' title='bbox 1537 3585 1655 3623; x_wconf 88' lang='lat' dir='ltr'><strong>eum</strong></span> <span class='ocrx_word' id='word_1_540' title='bbox 1697 3586 1874 3624; x_wconf 87' lang='lat' dir='ltr'><strong>omnes</strong></span> <span class='ocrx_word' id='word_1_541' title='bbox 1916 3588 2015 3625; x_wconf 90' lang='lat' dir='ltr'><strong>an-</strong></span> 
     </span>
    </p>
   </div>
   <div class='ocr_carea' id='block_1_69' title="bbox 2119 3558 3705 3633">
    <p class='ocr_par' dir='ltr' id='par_1_69' title="bbox 2125 3558 3705 3633">
     <span class='ocr_line' id='line_1_69' title="bbox 2125 3558 3705 3633; baseline -0.002 -19"><span class='ocrx_word' id='word_1_542' title='bbox 2125 3558 2247 3615; x_wconf 88' lang='grc' dir='ltr'>σθαι</span> <span class='ocrx_word' id='word_1_543' title='bbox 2275 3562 2544 3633; x_wconf 80' lang='grc' dir='ltr'>ἑρμηνεύς</span> <span class='ocrx_word' id='word_1_544' title='bbox 2564 3578 2577 3591; x_wconf 80' lang='grc'><em>’</em></span> <span class='ocrx_word' id='word_1_545' title='bbox 2612 3560 2794 3616; x_wconf 87' lang='grc' dir='ltr'>Ὅταν</span> <span class='ocrx_word' id='word_1_546' title='bbox 2813 3558 2923 3631; x_wconf 78' lang='grc' dir='ltr'>γὰρ</span> <span class='ocrx_word' id='word_1_547' title='bbox 2950 3560 3164 3630; x_wconf 72' lang='grc' dir='ltr'>εἰσάγῃ</span> <span class='ocrx_word' id='word_1_548' title='bbox 3193 3560 3301 3614; x_wconf 83' lang='grc' dir='ltr'>τὸν</span> <span class='ocrx_word' id='word_1_549' title='bbox 3328 3558 3705 3629; x_wconf 76' lang='grc' dir='ltr'>πρωτότοκον</span> 
     </span>
    </p>
   </div>
   <div class='ocr_carea' id='block_1_70' title="bbox 435 3649 2015 3726">
    <p class='ocr_par' dir='ltr' id='par_1_70' title="bbox 435 3650 2015 3726">
     <span class='ocr_line' id='line_1_70' title="bbox 435 3650 2015 3726; baseline 0.005 -19"><span class='ocrx_word' id='word_1_550' title='bbox 435 3650 536 3721; x_wconf 72' lang='lat' dir='ltr'><strong>geli</strong></span> <span class='ocrx_word' id='word_1_551' title='bbox 565 3652 665 3708; x_wconf 87' lang='lat' dir='ltr'><strong>Dei</strong></span> <span class='ocrx_word' id='word_1_552' title='bbox 689 3652 756 3710; x_wconf 79' lang='grc'><strong>⁸⁸.</strong></span> <span class='ocrx_word' id='word_1_553' title='bbox 787 3652 1125 3726; x_wconf 82' lang='lat' dir='ltr'><strong>Videbisque</strong></span> <span class='ocrx_word' id='word_1_554' title='bbox 1154 3655 1478 3726; x_wconf 85' lang='lat' dir='ltr'><strong>Apostolum</strong></span> <span class='ocrx_word' id='word_1_555' title='bbox 1514 3657 1794 3714; x_wconf 90' lang='lat' dir='ltr'><strong>studuisse</strong></span> <span class='ocrx_word' id='word_1_556' title='bbox 1828 3667 1889 3714; x_wconf 90' lang='lat' dir='ltr'><strong>ut</strong></span> <span class='ocrx_word' id='word_1_557' title='bbox 1920 3676 2015 3716; x_wconf 77' lang='lat' dir='ltr'><strong>ve-</strong></span> 
     </span>
    </p>
   </div>
   <div class='ocr_carea' id='block_1_71' title="bbox 2119 3649 3705 3726">
    <p class='ocr_par' dir='ltr' id='par_1_71' title="bbox 2121 3649 3705 3724">
     <span class='ocr_line' id='line_1_71' title="bbox 2121 3649 3705 3724; baseline -0.002 -18"><span class='ocrx_word' id='word_1_558' title='bbox 2121 3655 2209 3719; x_wconf 73' lang='grc' dir='ltr'>εῖς</span> <span class='ocrx_word' id='word_1_559' title='bbox 2241 3654 2355 3722; x_wconf 81' lang='grc' dir='ltr'><strong>τὴν</strong></span> <span class='ocrx_word' id='word_1_560' title='bbox 2391 3653 2770 3724; x_wconf 69' lang='grc' dir='ltr'>οἰκουμένην,</span> <span class='ocrx_word' id='word_1_561' title='bbox 2807 3654 2970 3724; x_wconf 74' lang='grc' dir='ltr'>λέγει</span> <span class='ocrx_word' id='word_1_562' title='bbox 2991 3670 3004 3684; x_wconf 86' lang='grc'><strong>·</strong></span> <span class='ocrx_word' id='word_1_563' title='bbox 3044 3652 3156 3708; x_wconf 80' lang='grc' dir='ltr'><strong>Καὶ</strong></span> <span class='ocrx_word' id='word_1_564' title='bbox 3200 3649 3705 3720; x_wconf 85' lang='grc' dir='ltr'>προσκυνησάτω-</span> 
     </span>
    </p>
   </div>
   <div class='ocr_carea' id='block_1_72' title="bbox 434 3740 2015 3822">
    <p class='ocr_par' dir='ltr' id='par_1_72' title="bbox 434 3745 2015 3822">
     <span class='ocr_line' id='line_1_72' title="bbox 434 3745 2015 3822; baseline 0.003 -21"><span class='ocrx_word' id='word_1_565' title='bbox 434 3752 553 3801; x_wconf 83' lang='lat' dir='ltr'><strong>tera</strong></span> <span class='ocrx_word' id='word_1_566' title='bbox 582 3745 1054 3815; x_wconf 87' lang='lat' dir='ltr'><strong>interpretaretur,</strong></span> <span class='ocrx_word' id='word_1_567' title='bbox 1081 3755 1137 3803; x_wconf 88' lang='lat' dir='ltr'><strong>et</strong></span> <span class='ocrx_word' id='word_1_568' title='bbox 1164 3763 1275 3803; x_wconf 86' lang='lat' dir='ltr'><strong>non</strong></span> <span class='ocrx_word' id='word_1_569' title='bbox 1325 3749 1631 3818; x_wconf 80' lang='lat' dir='ltr'><strong>neglexisse</strong></span> <span class='ocrx_word' id='word_1_570' title='bbox 1655 3750 1793 3821; x_wconf 85' lang='lat' dir='ltr'><strong>legis</strong></span> <span class='ocrx_word' id='word_1_571' title='bbox 1830 3752 2015 3822; x_wconf 77' lang='lat' dir='ltr'><strong>expla-</strong></span> 
     </span>
    </p>
   </div>
   <div class='ocr_carea' id='block_1_73' title="bbox 2119 3740 3704 3822">
    <p class='ocr_par' dir='ltr' id='par_1_73' title="bbox 2122 3740 3704 3817">
     <span class='ocr_line' id='line_1_73' title="bbox 2122 3740 3704 3817; baseline -0.004 -16"><span class='ocrx_word' id='word_1_572' title='bbox 2122 3761 2243 3803; x_wconf 87' lang='grc' dir='ltr'><strong>σαν</strong></span> <span class='ocrx_word' id='word_1_573' title='bbox 2269 3746 2430 3812; x_wconf 87' lang='grc' dir='ltr'>αὐτῷ</span> <span class='ocrx_word' id='word_1_574' title='bbox 2457 3746 2679 3813; x_wconf 82' lang='grc' dir='ltr'>πάντες</span> <span class='ocrx_word' id='word_1_575' title='bbox 2692 3745 2931 3817; x_wconf 68' lang='grc' dir='ltr'>ἄγγελοι</span> <span class='ocrx_word' id='word_1_576' title='bbox 2949 3745 3115 3799; x_wconf 87' lang='grc' dir='ltr'>Θεοῦ.</span> <span class='ocrx_word' id='word_1_577' title='bbox 3147 3744 3258 3798; x_wconf 81' lang='grc' dir='ltr'><strong>Καὶ</strong></span> <span class='ocrx_word' id='word_1_578' title='bbox 3283 3742 3403 3813; x_wconf 74' lang='grc' dir='ltr'>ὄψει</span> <span class='ocrx_word' id='word_1_579' title='bbox 3429 3740 3518 3794; x_wconf 82' lang='grc' dir='ltr'>τὸν</span> <span class='ocrx_word' id='word_1_580' title='bbox 3541 3740 3704 3795; x_wconf 75' lang='grc' dir='ltr'>Ἀπό-</span> 
     </span>
    </p>
   </div>
   <div class='ocr_carea' id='block_1_74' title="bbox 434 3829 2015 3910">
    <p class='ocr_par' dir='ltr' id='par_1_74' title="bbox 434 3835 2015 3910">
     <span class='ocr_line' id='line_1_74' title="bbox 434 3835 2015 3910; baseline 0.005 -23"><span class='ocrx_word' id='word_1_581' title='bbox 434 3835 735 3891; x_wconf 88' lang='lat' dir='ltr'><strong>nationem.</strong></span> <span class='ocrx_word' id='word_1_582' title='bbox 767 3835 1076 3907; x_wconf 81' lang='lat' dir='ltr'><strong>Aliquando</strong></span> <span class='ocrx_word' id='word_1_583' title='bbox 1132 3838 1280 3893; x_wconf 91' lang='lat' dir='ltr'><strong>enim</strong></span> <span class='ocrx_word' id='word_1_584' title='bbox 1328 3838 1464 3894; x_wconf 88' lang='lat' dir='ltr'><strong>dicit</strong></span> <span class='ocrx_word' id='word_1_585' title='bbox 1501 3857 1515 3895; x_wconf 93' lang='lat'><strong>:</strong></span> <span class='ocrx_word' id='word_1_586' title='bbox 1548 3838 1743 3895; x_wconf 85' lang='lat' dir='ltr'><strong>Omnia</strong></span> <span class='ocrx_word' id='word_1_587' title='bbox 1794 3839 2015 3910; x_wconf 84' lang='lat' dir='ltr'><strong>subjecit</strong></span> 
     </span>
    </p>
   </div>
   <div class='ocr_carea' id='block_1_75' title="bbox 2119 3829 3704 3910">
    <p class='ocr_par' dir='ltr' id='par_1_75' title="bbox 2125 3829 3704 3909">
     <span class='ocr_line' id='line_1_75' title="bbox 2125 3829 3704 3909; baseline -0.009 -12"><span class='ocrx_word' id='word_1_588' title='bbox 2125 3841 2307 3897; x_wconf 85' lang='grc' dir='ltr'>στολον</span> <span class='ocrx_word' id='word_1_589' title='bbox 2328 3838 2699 3893; x_wconf 76' lang='grc' dir='ltr'>ἐσπουδακότα</span> <span class='ocrx_word' id='word_1_590' title='bbox 2718 3837 3041 3909; x_wconf 82' lang='grc' dir='ltr'>ἑρμηνεύειν</span> <span class='ocrx_word' id='word_1_591' title='bbox 3056 3837 3124 3889; x_wconf 83' lang='grc' dir='ltr'>τὰ</span> <span class='ocrx_word' id='word_1_592' title='bbox 3148 3832 3371 3897; x_wconf 82' lang='grc' dir='ltr'>παλαιὰ,</span> <span class='ocrx_word' id='word_1_593' title='bbox 3397 3829 3704 3901; x_wconf 86' lang='grc' dir='ltr'>διηγεῖσθαι</span> 
     </span>
    </p>
   </div>
   <div class='ocr_carea' id='block_1_76' title="bbox 436 3925 2015 4002">
    <p class='ocr_par' dir='ltr' id='par_1_76' title="bbox 436 3925 2015 4002">
     <span class='ocr_line' id='line_1_76' title="bbox 436 3925 2015 4002; baseline 0.006 -23"><span class='ocrx_word' id='word_1_594' title='bbox 436 3925 534 3979; x_wconf 82' lang='lat' dir='ltr'><strong>sub</strong></span> <span class='ocrx_word' id='word_1_595' title='bbox 566 3926 806 3995; x_wconf 86' lang='lat' dir='ltr'><strong>pedibus,</strong></span> <span class='ocrx_word' id='word_1_596' title='bbox 830 3938 884 3983; x_wconf 92' lang='lat' dir='ltr'><strong>et</strong></span> <span class='ocrx_word' id='word_1_597' title='bbox 912 3929 1094 3985; x_wconf 90' lang='lat' dir='ltr'><strong>statim</strong></span> <span class='ocrx_word' id='word_1_598' title='bbox 1125 3937 1349 3986; x_wconf 85' lang='lat' dir='ltr'><strong>enarrat</strong></span> <span class='ocrx_word' id='word_1_599' title='bbox 1384 3926 1640 4002; x_wconf 82' lang='lat' dir='ltr'><strong>inq&#39;uiens</strong></span> <span class='ocrx_word' id='word_1_600' title='bbox 1676 3951 1689 3986; x_wconf 91' lang='lat'><strong>:</strong></span> <span class='ocrx_word' id='word_1_601' title='bbox 1724 3930 1858 3988; x_wconf 87' lang='lat' dir='ltr'><strong>Cum</strong></span> <span class='ocrx_word' id='word_1_602' title='bbox 1917 3951 2015 3988; x_wconf 82' lang='lat' dir='ltr'><strong>au-</strong></span> 
     </span>
    </p>
   </div>
   <div class='ocr_carea' id='block_1_77' title="bbox 439 4018 2013 4093">
    <p class='ocr_par' dir='ltr' id='par_1_77' title="bbox 439 4018 2013 4093">
     <span class='ocr_line' id='line_1_77' title="bbox 439 4018 2013 4093; baseline 0.004 -19"><span class='ocrx_word' id='word_1_603' title='bbox 439 4029 540 4074; x_wconf 86' lang='lat' dir='ltr'><strong>tem</strong></span> <span class='ocrx_word' id='word_1_604' title='bbox 573 4018 738 4088; x_wconf 80' lang='lat' dir='ltr'><strong>dicat,</strong></span> <span class='ocrx_word' id='word_1_605' title='bbox 776 4020 970 4077; x_wconf 86' lang='lat' dir='ltr'><strong>Omnia</strong></span> <span class='ocrx_word' id='word_1_606' title='bbox 1000 4021 1240 4092; x_wconf 85' lang='lat' dir='ltr'><strong>subjecta</strong></span> <span class='ocrx_word' id='word_1_607' title='bbox 1263 4031 1386 4076; x_wconf 90' lang='lat' dir='ltr'><strong>sunt</strong></span> <span class='ocrx_word' id='word_1_608' title='bbox 1414 4023 1482 4084; x_wconf 89' lang='lat' dir='ltr'><strong>ei,</strong></span> <span class='ocrx_word' id='word_1_609' title='bbox 1533 4023 1644 4078; x_wconf 89' lang='lat' dir='ltr'><strong>sine</strong></span> <span class='ocrx_word' id='word_1_610' title='bbox 1681 4024 1842 4079; x_wconf 86' lang='lat' dir='ltr'><strong>dubio</strong></span> <span class='ocrx_word' id='word_1_611' title='bbox 1876 4041 2013 4093; x_wconf 70' lang='lat' dir='ltr'><strong>pra:-</strong></span> 
     </span>
    </p>
   </div>
   <div class='ocr_carea' id='block_1_78' title="bbox 440 4115 2012 4186">
    <p class='ocr_par' dir='ltr' id='par_1_78' title="bbox 440 4115 2012 4186">
     <span class='ocr_line' id='line_1_78' title="bbox 440 4115 2012 4186; baseline 0.004 -20"><span class='ocrx_word' id='word_1_612' title='bbox 440 4123 520 4168; x_wconf 87' lang='lat' dir='ltr'><strong>ter</strong></span> <span class='ocrx_word' id='word_1_613' title='bbox 533 4129 653 4168; x_wconf 85' lang='lat' dir='ltr'><strong>eum</strong></span> <span class='ocrx_word' id='word_1_614' title='bbox 674 4115 765 4185; x_wconf 90' lang='lat' dir='ltr'><strong>qui</strong></span> <span class='ocrx_word' id='word_1_615' title='bbox 791 4115 1015 4185; x_wconf 83' lang='lat' dir='ltr'><strong>subjecit</strong></span> <span class='ocrx_word' id='word_1_616' title='bbox 1037 4115 1087 4169; x_wconf 89' lang='lat' dir='ltr'><strong>ei</strong></span> <span class='ocrx_word' id='word_1_617' title='bbox 1114 4115 1294 4169; x_wconf 88' lang='lat' dir='ltr'><strong>omnia</strong></span> <span class='ocrx_word' id='word_1_618' title='bbox 1314 4115 1482 4169; x_wconf 85' lang='lat' dir='ltr'><strong>:nihil</strong></span> <span class='ocrx_word' id='word_1_619' title='bbox 1504 4115 1715 4186; x_wconf 86' lang='lat' dir='ltr'><strong>reliquit</strong></span> <span class='ocrx_word' id='word_1_620' title='bbox 1748 4132 1851 4171; x_wconf 88' lang='lat' dir='ltr'><strong>non</strong></span> <span class='ocrx_word' id='word_1_621' title='bbox 1888 4118 2012 4172; x_wconf 88' lang='lat' dir='ltr'><strong>sub-</strong></span> 
     </span>
    </p>
   </div>
   <div class='ocr_carea' id='block_1_79' title="bbox 438 4203 2008 4274">
    <p class='ocr_par' dir='ltr' id='par_1_79' title="bbox 438 4203 2008 4274">
     <span class='ocr_line' id='line_1_79' title="bbox 438 4203 2008 4274; baseline 0.003 -16"><span class='ocrx_word' id='word_1_622' title='bbox 438 4203 630 4269; x_wconf 78' lang='lat' dir='ltr'><strong>iectum</strong></span> <span class='ocrx_word' id='word_1_623' title='bbox 665 4204 748 4259; x_wconf 89' lang='lat' dir='ltr'><strong>illi</strong></span> <span class='ocrx_word' id='word_1_624' title='bbox 779 4221 797 4258; x_wconf 91' lang='lat'><strong><em>:</em></strong></span> <span class='ocrx_word' id='word_1_625' title='bbox 819 4213 877 4258; x_wconf 90' lang='lat' dir='ltr'><strong>ut</strong></span> <span class='ocrx_word' id='word_1_626' title='bbox 903 4207 973 4259; x_wconf 87' lang='lat' dir='ltr'><strong>sit</strong></span> <span class='ocrx_word' id='word_1_627' title='bbox 1005 4203 1147 4258; x_wconf 84' lang='lat' dir='ltr'><strong>Deus</strong></span> <span class='ocrx_word' id='word_1_628' title='bbox 1178 4205 1360 4259; x_wconf 88' lang='lat' dir='ltr'><strong>omnia</strong></span> <span class='ocrx_word' id='word_1_629' title='bbox 1388 4206 1700 4260; x_wconf 85' lang='lat' dir='ltr'><strong>iuomnibus</strong></span> <span class='ocrx_word' id='word_1_630' title='bbox 1720 4207 1785 4259; x_wconf 85' lang='grc'><strong>⁸³.</strong></span> <span class='ocrx_word' id='word_1_631' title='bbox 1823 4206 2008 4274; x_wconf 85' lang='lat' dir='ltr'><strong>Quan-</strong></span> 
     </span>
    </p>
   </div>
   <div class='ocr_carea' id='block_1_80' title="bbox 438 4293 2013 4376">
    <p class='ocr_par' dir='ltr' id='par_1_80' title="bbox 438 4293 2013 4376">
     <span class='ocr_line' id='line_1_80' title="bbox 438 4293 2013 4376; baseline 0.004 -28"><span class='ocrx_word' id='word_1_632' title='bbox 438 4293 618 4364; x_wconf 84' lang='lat' dir='ltr'><strong>doque</strong></span> <span class='ocrx_word' id='word_1_633' title='bbox 662 4295 799 4351; x_wconf 88' lang='lat' dir='ltr'><strong>dicit</strong></span> <span class='ocrx_word' id='word_1_634' title='bbox 844 4315 857 4349; x_wconf 91' lang='lat'><strong>:</strong></span> <span class='ocrx_word' id='word_1_635' title='bbox 900 4294 1125 4364; x_wconf 84' lang='lat' dir='ltr'><strong>Propter</strong></span> <span class='ocrx_word' id='word_1_636' title='bbox 1160 4294 1256 4350; x_wconf 86' lang='lat' dir='ltr'><strong>hoc</strong></span> <span class='ocrx_word' id='word_1_637' title='bbox 1299 4296 1555 4367; x_wconf 87' lang='lat' dir='ltr'><strong>relinquet</strong></span> <span class='ocrx_word' id='word_1_638' title='bbox 1611 4296 1764 4376; x_wconf 61' lang='grc' dir='ltr'>Ιιοηιο</span> <span class='ocrx_word' id='word_1_639' title='bbox 1809 4308 2013 4367; x_wconf 82' lang='lat' dir='ltr'><strong>patrem</strong></span> 
     </span>
    </p>
   </div>
   <div class='ocr_carea' id='block_1_81' title="bbox 437 4389 2013 4463">
    <p class='ocr_par' dir='ltr' id='par_1_81' title="bbox 437 4389 2013 4463">
     <span class='ocr_line' id='line_1_81' title="bbox 437 4389 2013 4463; baseline 0.003 -21"><span class='ocrx_word' id='word_1_640' title='bbox 437 4397 487 4442; x_wconf 86' lang='lat' dir='ltr'><strong>et</strong></span> <span class='ocrx_word' id='word_1_641' title='bbox 539 4398 762 4444; x_wconf 82' lang='lat' dir='ltr'><strong>matrem</strong></span> <span class='ocrx_word' id='word_1_642' title='bbox 819 4398 1255 4444; x_wconf 82' lang='lat' dir='ltr'><strong>:sacramentum</strong></span> <span class='ocrx_word' id='word_1_643' title='bbox 1299 4389 1395 4444; x_wconf 86' lang='lat' dir='ltr'><strong>hoc</strong></span> <span class='ocrx_word' id='word_1_644' title='bbox 1458 4406 1704 4460; x_wconf 87' lang='lat' dir='ltr'><strong>magnum</strong></span> <span class='ocrx_word' id='word_1_645' title='bbox 1748 4401 1864 4455; x_wconf 89' lang='lat' dir='ltr'><strong>est;</strong></span> <span class='ocrx_word' id='word_1_646' title='bbox 1920 4409 2013 4463; x_wconf 76' lang='lat' dir='ltr'><strong>ego</strong></span> 
     </span>
    </p>
   </div>
   <div class='ocr_carea' id='block_1_82' title="bbox 437 4479 1711 4536">
    <p class='ocr_par' dir='ltr' id='par_1_82' title="bbox 437 4479 1711 4536">
     <span class='ocr_line' id='line_1_82' title="bbox 437 4479 1711 4536; baseline 0.002 -3"><span class='ocrx_word' id='word_1_647' title='bbox 437 4489 615 4534; x_wconf 82' lang='lat' dir='ltr'><strong>autem</strong></span> <span class='ocrx_word' id='word_1_648' title='bbox 645 4481 762 4534; x_wconf 85' lang='lat' dir='ltr'><strong>dico</strong></span> <span class='ocrx_word' id='word_1_649' title='bbox 784 4482 839 4534; x_wconf 87' lang='lat' dir='ltr'><strong>in</strong></span> <span class='ocrx_word' id='word_1_650' title='bbox 864 4479 1135 4535; x_wconf 85' lang='lat' dir='ltr'><strong>Christum</strong></span> <span class='ocrx_word' id='word_1_651' title='bbox 1178 4482 1308 4535; x_wconf 88' lang='lat' dir='ltr'><strong>etin</strong></span> <span class='ocrx_word' id='word_1_652' title='bbox 1349 4479 1711 4536; x_wconf 73' lang='lat' dir='ltr'><strong>Ecclesium“.</strong></span> 
     </span>
    </p>
   </div>
   <div class='ocr_carea' id='block_1_83' title="bbox 2119 3923 3704 4004">
    <p class='ocr_par' dir='ltr' id='par_1_83' title="bbox 2119 3923 3704 4004">
     <span class='ocr_line' id='line_1_83' title="bbox 2119 3923 3704 4004; baseline -0.008 -16"><span class='ocrx_word' id='word_1_653' title='bbox 2119 3934 2187 3988; x_wconf 75' lang='grc' dir='ltr'>τὰ</span> <span class='ocrx_word' id='word_1_654' title='bbox 2217 3936 2274 3988; x_wconf 84' lang='grc' dir='ltr'><strong>ὲν</strong></span> <span class='ocrx_word' id='word_1_655' title='bbox 2310 3932 2388 4004; x_wconf 83' lang='grc' dir='ltr'>τῷ</span> <span class='ocrx_word' id='word_1_656' title='bbox 2424 3934 2574 4004; x_wconf 85' lang='grc' dir='ltr'>νόμῳ</span> <span class='ocrx_word' id='word_1_657' title='bbox 2609 3932 2683 4004; x_wconf 80' lang='grc' dir='ltr'>μὴ</span> <span class='ocrx_word' id='word_1_658' title='bbox 2717 3930 3052 4001; x_wconf 79' lang='grc' dir='ltr'>ἀμελοῦνταο</span> <span class='ocrx_word' id='word_1_659' title='bbox 3085 3928 3220 3983; x_wconf 86' lang='grc' dir='ltr'>ἀλλὰ</span> <span class='ocrx_word' id='word_1_660' title='bbox 3246 3926 3375 3981; x_wconf 81' lang='grc' dir='ltr'>ποτὲ</span> <span class='ocrx_word' id='word_1_661' title='bbox 3400 3925 3498 3997; x_wconf 87' lang='grc' dir='ltr'>μὲν</span> <span class='ocrx_word' id='word_1_662' title='bbox 3516 3923 3704 3993; x_wconf 83' lang='grc' dir='ltr'><strong>λέγον-</strong></span> 
     </span>
    </p>
   </div>
   <div class='ocr_carea' id='block_1_84' title="bbox 2120 4014 3701 4097">
    <p class='ocr_par' dir='ltr' id='par_1_84' title="bbox 2120 4014 3701 4097">
     <span class='ocr_line' id='line_1_84' title="bbox 2120 4014 3701 4097; baseline -0.008 -17"><span class='ocrx_word' id='word_1_663' title='bbox 2120 4044 2216 4080; x_wconf 75' lang='grc' dir='ltr'>ταο</span> <span class='ocrx_word' id='word_1_664' title='bbox 2265 4024 2580 4090; x_wconf 77' lang='grc' dir='ltr'>Ὑπέταξεν</span> <span class='ocrx_word' id='word_1_665' title='bbox 2606 4024 2715 4097; x_wconf 86' lang='grc'><strong>(60)</strong></span> <span class='ocrx_word' id='word_1_666' title='bbox 2746 4022 3025 4079; x_wconf 79' lang='grc' dir='ltr'>ὑποκάτω</span> <span class='ocrx_word' id='word_1_667' title='bbox 3070 4021 3191 4076; x_wconf 84' lang='grc' dir='ltr'>τῶν</span> <span class='ocrx_word' id='word_1_668' title='bbox 3233 4018 3434 4074; x_wconf 81' lang='grc' dir='ltr'>ποδῶν</span> <span class='ocrx_word' id='word_1_669' title='bbox 3467 4014 3655 4071; x_wconf 85' lang='grc' dir='ltr'>αὐτοῦ</span> <span class='ocrx_word' id='word_1_670' title='bbox 3682 4031 3701 4045; x_wconf 74' lang='grc' dir='ltr'><strong>ο</strong></span> 
     </span>
    </p>
   </div>
   <div class='ocr_carea' id='block_1_85' title="bbox 2114 4102 3706 4191">
    <p class='ocr_par' dir='ltr' id='par_1_85' title="bbox 2114 4102 3706 4191">
     <span class='ocr_line' id='line_1_85' title="bbox 2114 4102 3706 4191; baseline -0.011 -17"><span class='ocrx_word' id='word_1_671' title='bbox 2114 4120 2275 4184; x_wconf 81' lang='grc' dir='ltr'>εὐθὺς</span> <span class='ocrx_word' id='word_1_672' title='bbox 2295 4120 2352 4173; x_wconf 79' lang='grc' dir='ltr'><strong>δὲ</strong></span> <span class='ocrx_word' id='word_1_673' title='bbox 2377 4102 2811 4191; x_wconf 56' lang='grc' dir='ltr'>ὲπξηγοὺμενον</span> <span class='ocrx_word' id='word_1_674' title='bbox 2828 4134 2841 4148; x_wconf 78' lang='grc' dir='ltr'><strong>ο</strong></span> <span class='ocrx_word' id='word_1_675' title='bbox 2879 4117 3062 4169; x_wconf 82' lang='grc' dir='ltr'>Ὅταν</span> <span class='ocrx_word' id='word_1_676' title='bbox 3088 4115 3157 4168; x_wconf 81' lang='grc' dir='ltr'>δὲ</span> <span class='ocrx_word' id='word_1_677' title='bbox 3180 4114 3343 4179; x_wconf 80' lang='grc' dir='ltr'>εἴπῃ,</span> <span class='ocrx_word' id='word_1_678' title='bbox 3367 4109 3456 4164; x_wconf 84' lang='grc' dir='ltr'>ὅτι</span> <span class='ocrx_word' id='word_1_679' title='bbox 3496 4106 3706 4161; x_wconf 82' lang='grc' dir='ltr'>Πάντα</span> 
     </span>
    </p>
   </div>
   <div class='ocr_carea' id='block_1_86' title="bbox 2112 4196 3705 4277">
    <p class='ocr_par' dir='ltr' id='par_1_86' title="bbox 2112 4196 3705 4277">
     <span class='ocr_line' id='line_1_86' title="bbox 2112 4196 3705 4277; baseline -0.011 -11"><span class='ocrx_word' id='word_1_680' title='bbox 2112 4211 2529 4275; x_wconf 84' lang='grc' dir='ltr'>ὑποτέτακται,</span> <span class='ocrx_word' id='word_1_681' title='bbox 2563 4207 2772 4277; x_wconf 77' lang='grc' dir='ltr'>δῆλον,</span> <span class='ocrx_word' id='word_1_682' title='bbox 2803 4206 2893 4260; x_wconf 83' lang='grc' dir='ltr'><strong>ὅτι</strong></span> <span class='ocrx_word' id='word_1_683' title='bbox 2924 4205 3097 4270; x_wconf 80' lang='grc' dir='ltr'>ἐκτὸς</span> <span class='ocrx_word' id='word_1_684' title='bbox 3132 4202 3239 4256; x_wconf 84' lang='grc' dir='ltr'>τοῦ</span> <span class='ocrx_word' id='word_1_685' title='bbox 3283 4196 3705 4262; x_wconf 76' lang='grc' dir='ltr'>ὑποτάξαντος</span> 
     </span>
    </p>
   </div>
   <div class='ocr_carea' id='block_1_87' title="bbox 2113 4291 3699 4369">
    <p class='ocr_par' dir='ltr' id='par_1_87' title="bbox 2113 4291 3699 4369">
     <span class='ocr_line' id='line_1_87' title="bbox 2113 4291 3699 4369; baseline -0.013 -10"><span class='ocrx_word' id='word_1_686' title='bbox 2113 4304 2273 4369; x_wconf 85' lang='grc' dir='ltr'><strong>αὐτῷ</strong></span> <span class='ocrx_word' id='word_1_687' title='bbox 2300 4303 2372 4358; x_wconf 85' lang='grc' dir='ltr'>τὰ</span> <span class='ocrx_word' id='word_1_688' title='bbox 2403 4300 2615 4355; x_wconf 83' lang='grc' dir='ltr'>πάντα·</span> <span class='ocrx_word' id='word_1_689' title='bbox 2632 4298 2813 4353; x_wconf 81' lang='grc' dir='ltr'>οὐδὲν</span> <span class='ocrx_word' id='word_1_690' title='bbox 2825 4296 3057 4367; x_wconf 70' lang='grc' dir='ltr'>ἀφῆκεν</span> <span class='ocrx_word' id='word_1_691' title='bbox 3071 4291 3230 4357; x_wconf 83' lang='grc' dir='ltr'><strong>αὑτῷ</strong></span> <span class='ocrx_word' id='word_1_692' title='bbox 3254 4291 3699 4349; x_wconf 78' lang='grc' dir='ltr'>ἀνυπότακτον,</span> 
     </span>
    </p>
   </div>
   <div class='ocr_carea' id='block_1_88' title="bbox 2115 4379 3695 4466">
    <p class='ocr_par' dir='ltr' id='par_1_88' title="bbox 2115 4379 3695 4466">
     <span class='ocr_line' id='line_1_88' title="bbox 2115 4379 3695 4466; baseline -0.013 -17"><span class='ocrx_word' id='word_1_693' title='bbox 2115 4396 2217 4447; x_wconf 80' lang='grc' dir='ltr'>ἵνα</span> <span class='ocrx_word' id='word_1_694' title='bbox 2325 4398 2358 4448; x_wconf 88' lang='grc' dir='ltr'><strong>ό</strong></span> <span class='ocrx_word' id='word_1_695' title='bbox 2393 4393 2537 4458; x_wconf 83' lang='grc' dir='ltr'>Θεὸς</span> <span class='ocrx_word' id='word_1_696' title='bbox 2564 4391 2635 4445; x_wconf 84' lang='grc' dir='ltr'>τὰ</span> <span class='ocrx_word' id='word_1_697' title='bbox 2661 4389 2858 4443; x_wconf 83' lang='grc' dir='ltr'>πάντα</span> <span class='ocrx_word' id='word_1_698' title='bbox 2879 4388 2949 4440; x_wconf 80' lang='grc' dir='ltr'><strong>ἐν</strong></span> <span class='ocrx_word' id='word_1_699' title='bbox 2975 4385 3125 4441; x_wconf 83' lang='grc' dir='ltr'>πᾶσι</span> <span class='ocrx_word' id='word_1_700' title='bbox 3145 4402 3158 4415; x_wconf 88' lang='grc'><strong>·</strong></span> <span class='ocrx_word' id='word_1_701' title='bbox 3195 4383 3324 4437; x_wconf 81' lang='grc' dir='ltr'>ποτὲ</span> <span class='ocrx_word' id='word_1_702' title='bbox 3351 4381 3407 4434; x_wconf 83' lang='grc' dir='ltr'>δὲ</span> <span class='ocrx_word' id='word_1_703' title='bbox 3433 4379 3661 4448; x_wconf 80' lang='grc' dir='ltr'>λέγοντα</span> <span class='ocrx_word' id='word_1_704' title='bbox 3680 4389 3695 4404; x_wconf 86' lang='grc'>⁶</span> 
     </span>
    </p>
   </div>
   <div class='ocr_carea' id='block_1_89' title="bbox 2118 4466 3699 4548">
    <p class='ocr_par' dir='ltr' id='par_1_89' title="bbox 2118 4466 3699 4548">
     <span class='ocr_line' id='line_1_89' title="bbox 2118 4466 3699 4548; baseline -0.015 -6"><span class='ocrx_word' id='word_1_705' title='bbox 2118 4489 2370 4541; x_wconf 80' lang='grc' dir='ltr'>’Ἕνεκεν</span> <span class='ocrx_word' id='word_1_706' title='bbox 2404 4486 2618 4538; x_wconf 84' lang='grc' dir='ltr'>τούτου</span> <span class='ocrx_word' id='word_1_707' title='bbox 2645 4481 2992 4548; x_wconf 71' lang='grc' dir='ltr'>καταλείψει</span> <span class='ocrx_word' id='word_1_708' title='bbox 3022 4478 3327 4546; x_wconf 81' lang='grc' dir='ltr'>ἄνθρωπος</span> <span class='ocrx_word' id='word_1_709' title='bbox 3365 4470 3472 4527; x_wconf 86' lang='grc' dir='ltr'>τὸν</span> <span class='ocrx_word' id='word_1_710' title='bbox 3516 4466 3699 4522; x_wconf 57' lang='grc' dir='ltr'>πατέρ</span> 
     </span>
    </p>
   </div>
   <div class='ocr_carea' id='block_1_90' title="bbox 429 4562 3699 4651">
    <p class='ocr_par' dir='ltr' id='par_1_90' title="bbox 429 4562 3699 4651">
     <span class='ocr_line' id='line_1_90' title="bbox 429 4562 3699 4651; baseline -0.004 -23"><span class='ocrx_word' id='word_1_711' title='bbox 429 4590 513 4642; x_wconf 83' lang='lat' dir='ltr'><strong>pa</strong></span> <span class='ocrx_word' id='word_1_712' title='bbox 548 4576 734 4630; x_wconf 85' lang='grc' dir='ltr'>αὑτοῦ</span> <span class='ocrx_word' id='word_1_713' title='bbox 776 4577 875 4630; x_wconf 79' lang='grc' dir='ltr'>καὶ</span> <span class='ocrx_word' id='word_1_714' title='bbox 946 4576 1060 4645; x_wconf 78' lang='grc' dir='ltr'>τὴν</span> <span class='ocrx_word' id='word_1_715' title='bbox 1087 4578 1344 4646; x_wconf 67' lang='grc' dir='ltr'>μητέρω</span> <span class='ocrx_word' id='word_1_716' title='bbox 1391 4577 1458 4630; x_wconf 84' lang='grc' dir='ltr'><strong><em>τύ</em></strong></span> <span class='ocrx_word' id='word_1_717' title='bbox 1496 4577 1833 4647; x_wconf 85' lang='grc' dir='ltr'>μυστήριον</span> <span class='ocrx_word' id='word_1_718' title='bbox 1880 4580 2057 4634; x_wconf 83' lang='grc' dir='ltr'>τοῦτο</span> <span class='ocrx_word' id='word_1_719' title='bbox 2107 4581 2261 4651; x_wconf 75' lang='grc' dir='ltr'>μέγα</span> <span class='ocrx_word' id='word_1_720' title='bbox 2291 4581 2465 4634; x_wconf 79' lang='grc' dir='ltr'>ἐστίν</span> <span class='ocrx_word' id='word_1_721' title='bbox 2489 4596 2501 4608; x_wconf 92' lang='grc'><strong>·</strong></span> <span class='ocrx_word' id='word_1_722' title='bbox 2544 4576 2659 4645; x_wconf 80' lang='grc' dir='ltr'><strong>ἐγὼ</strong></span> <span class='ocrx_word' id='word_1_723' title='bbox 2703 4575 2771 4627; x_wconf 85' lang='grc' dir='ltr'>δὲ</span> <span class='ocrx_word' id='word_1_724' title='bbox 2814 4574 2988 4642; x_wconf 68' lang='grc' dir='ltr'>λέγω,</span> <span class='ocrx_word' id='word_1_725' title='bbox 3043 4575 3130 4638; x_wconf 77' lang='grc' dir='ltr'><strong>εἰς</strong></span> <span class='ocrx_word' id='word_1_726' title='bbox 3177 4566 3435 4639; x_wconf 82' lang='grc' dir='ltr'>Χριστὸν</span> <span class='ocrx_word' id='word_1_727' title='bbox 3469 4563 3569 4619; x_wconf 80' lang='grc' dir='ltr'>καὶ</span> <span class='ocrx_word' id='word_1_728' title='bbox 3608 4562 3699 4626; x_wconf 76' lang='grc' dir='ltr'>εὶς</span> 
     </span>
    </p>
   </div>
   <div class='ocr_carea' id='block_1_91' title="bbox 436 4669 1049 4739">
    <p class='ocr_par' dir='ltr' id='par_1_91' title="bbox 436 4669 1049 4739">
     <span class='ocr_line' id='line_1_91' title="bbox 436 4669 1049 4739; baseline 0.005 -17"><span class='ocrx_word' id='word_1_729' title='bbox 436 4669 553 4739; x_wconf 79' lang='grc' dir='ltr'>τὴν</span> <span class='ocrx_word' id='word_1_730' title='bbox 591 4671 978 4739; x_wconf 78' lang='grc' dir='ltr'>Ἐκκλησίαν.</span> <span class='ocrx_word' id='word_1_731' title='bbox 1045 4681 1049 4685; x_wconf 77' lang='grc'><strong>’</strong></span> 
     </span>
    </p>
   </div>
   <div class='ocr_carea' id='block_1_92' title="bbox 1378 4787 2709 4864">
    <p class='ocr_par' dir='ltr' id='par_1_92' title="bbox 1378 4787 2709 4864">
     <span class='ocr_line' id='line_1_92' title="bbox 1378 4787 2709 4864; baseline -0.005 -20"><span class='ocrx_word' id='word_1_732' title='bbox 1378 4788 1511 4844; x_wconf 79' lang='lat' dir='ltr'><strong>CAP.</strong></span> <span class='ocrx_word' id='word_1_733' title='bbox 1550 4787 1667 4844; x_wconf 78' lang='lat' dir='ltr'><strong>XII.</strong></span> <span class='ocrx_word' id='word_1_734' title='bbox 1704 4790 1906 4848; x_wconf 87' lang='lat' dir='ltr'><strong>Veteris</strong></span> <span class='ocrx_word' id='word_1_735' title='bbox 1938 4793 2066 4864; x_wconf 86' lang='lat' dir='ltr'><strong>legis</strong></span> <span class='ocrx_word' id='word_1_736' title='bbox 2095 4794 2421 4860; x_wconf 68' lang='lat' dir='ltr'><strong>interpretes,</strong></span> <span class='ocrx_word' id='word_1_737' title='bbox 2465 4795 2709 4856; x_wconf 72' lang='lat' dir='ltr'><strong>apostmt.</strong></span> 
     </span>
    </p>
   </div>
   <div class='ocr_carea' id='block_1_93' title="bbox 508 4895 2015 4980">
    <p class='ocr_par' dir='ltr' id='par_1_93' title="bbox 508 4907 2012 4980">
     <span class='ocr_line' id='line_1_93' title="bbox 508 4907 2012 4980; baseline 0.003 -18"><span class='ocrx_word' id='word_1_738' title='bbox 508 4910 687 4980; x_wconf 79' lang='lat' dir='ltr'><strong>Atque</strong></span> <span class='ocrx_word' id='word_1_739' title='bbox 742 4908 977 4979; x_wconf 88' lang='lat' dir='ltr'><strong>apostoli</strong></span> <span class='ocrx_word' id='word_1_740' title='bbox 1006 4907 1226 4978; x_wconf 89' lang='lat' dir='ltr'><strong>quidem</strong></span> <span class='ocrx_word' id='word_1_741' title='bbox 1264 4908 1592 4979; x_wconf 85' lang='lat' dir='ltr'><strong>interpretes</strong></span> <span class='ocrx_word' id='word_1_742' title='bbox 1630 4917 1759 4964; x_wconf 90' lang='lat' dir='ltr'><strong>sunt</strong></span> <span class='ocrx_word' id='word_1_743' title='bbox 1808 4912 2012 4966; x_wconf 83' lang='lat' dir='ltr'><strong>veteris</strong></span> 
     </span>
    </p>
   </div>
   <div class='ocr_carea' id='block_1_94' title="bbox 2119 4895 3703 4980">
    <p class='ocr_par' dir='ltr' id='par_1_94' title="bbox 2185 4895 3703 4978">
     <span class='ocr_line' id='line_1_94' title="bbox 2185 4895 3703 4978; baseline -0.009 -18"><span class='ocrx_word' id='word_1_744' title='bbox 2185 4908 2295 4961; x_wconf 78' lang='grc' dir='ltr'>Καὶ</span> <span class='ocrx_word' id='word_1_745' title='bbox 2330 4907 2585 4978; x_wconf 79' lang='grc' dir='ltr'>ἑρμηνεῖς</span> <span class='ocrx_word' id='word_1_746' title='bbox 2617 4905 2713 4975; x_wconf 85' lang='grc' dir='ltr'>μὲν</span> <span class='ocrx_word' id='word_1_747' title='bbox 2737 4905 2787 4957; x_wconf 88' lang='grc' dir='ltr'><strong>οἱ</strong></span> <span class='ocrx_word' id='word_1_748' title='bbox 2807 4902 3092 4957; x_wconf 78' lang='grc' dir='ltr'>ἀπόστολοι</span> <span class='ocrx_word' id='word_1_749' title='bbox 3114 4900 3223 4953; x_wconf 83' lang='grc' dir='ltr'>τῶν</span> <span class='ocrx_word' id='word_1_750' title='bbox 3249 4895 3494 4951; x_wconf 83' lang='grc' dir='ltr'>παλαιῶν</span> <span class='ocrx_word' id='word_1_751' title='bbox 3512 4913 3526 4926; x_wconf 86' lang='grc'><strong>·</strong></span> <span class='ocrx_word' id='word_1_752' title='bbox 3555 4896 3703 4967; x_wconf 84' lang='grc' dir='ltr'>σύμ-</span> 
     </span>
    </p>
   </div>
   <div class='ocr_carea' id='block_1_95' title="bbox 437 4999 2015 5073">
    <p class='ocr_par' dir='ltr' id='par_1_95' title="bbox 437 4999 2015 5073">
     <span class='ocr_line' id='line_1_95' title="bbox 437 4999 2015 5073; baseline -0.001 -15"><span class='ocrx_word' id='word_1_753' title='bbox 437 5001 596 5073; x_wconf 87' lang='lat' dir='ltr'><strong>legis,</strong></span> <span class='ocrx_word' id='word_1_754' title='bbox 619 5008 1037 5070; x_wconf 86' lang='lat' dir='ltr'><strong>consonantque</strong></span> <span class='ocrx_word' id='word_1_755' title='bbox 1068 5007 1250 5054; x_wconf 88' lang='lat' dir='ltr'><strong>vetera</strong></span> <span class='ocrx_word' id='word_1_756' title='bbox 1283 4999 1462 5055; x_wconf 88' lang='lat' dir='ltr'><strong>novis.</strong></span> <span class='ocrx_word' id='word_1_757' title='bbox 1488 4999 1557 5053; x_wconf 86' lang='lat' dir='ltr'><strong>At</strong></span> <span class='ocrx_word' id='word_1_758' title='bbox 1589 5016 1743 5065; x_wconf 85' lang='lat' dir='ltr'><strong>vero,</strong></span> <span class='ocrx_word' id='word_1_759' title='bbox 1766 5002 1859 5071; x_wconf 89' lang='lat' dir='ltr'><strong>qui</strong></span> <span class='ocrx_word' id='word_1_760' title='bbox 1885 5010 2015 5057; x_wconf 90' lang='lat' dir='ltr'><strong>sunt</strong></span> 
     </span>
    </p>
   </div>
   <div class='ocr_carea' id='block_1_96' title="bbox 436 5091 2011 5165">
    <p class='ocr_par' dir='ltr' id='par_1_96' title="bbox 436 5091 2011 5165">
     <span class='ocr_line' id='line_1_96' title="bbox 436 5091 2011 5165; baseline -0.003 -15"><span class='ocrx_word' id='word_1_761' title='bbox 436 5109 548 5150; x_wconf 82' lang='lat' dir='ltr'><strong>non</strong></span> <span class='ocrx_word' id='word_1_762' title='bbox 591 5092 860 5165; x_wconf 88' lang='lat' dir='ltr'><strong>apostoli.</strong></span> <span class='ocrx_word' id='word_1_763' title='bbox 897 5099 1164 5146; x_wconf 88' lang='lat' dir='ltr'><strong>accusant</strong></span> <span class='ocrx_word' id='word_1_764' title='bbox 1206 5100 1433 5159; x_wconf 74' lang='lat' dir='ltr'><strong>vetera;</strong></span> <span class='ocrx_word' id='word_1_765' title='bbox 1485 5092 1577 5161; x_wconf 92' lang='lat' dir='ltr'><strong>qui</strong></span> <span class='ocrx_word' id='word_1_766' title='bbox 1618 5091 1838 5162; x_wconf 88' lang='lat' dir='ltr'><strong>quidem</strong></span> <span class='ocrx_word' id='word_1_767' title='bbox 1886 5107 2011 5147; x_wconf 91' lang='lat' dir='ltr'><strong>cum</strong></span> 
     </span>
    </p>
   </div>
   <div class='ocr_carea' id='block_1_97' title="bbox 439 5182 2014 5255">
    <p class='ocr_par' dir='ltr' id='par_1_97' title="bbox 439 5182 2014 5255">
     <span class='ocr_line' id='line_1_97' title="bbox 439 5182 2014 5255; baseline -0.001 -15"><span class='ocrx_word' id='word_1_768' title='bbox 439 5200 548 5240; x_wconf 89' lang='lat' dir='ltr'><strong>non</strong></span> <span class='ocrx_word' id='word_1_769' title='bbox 583 5183 793 5239; x_wconf 85' lang='lat' dir='ltr'><strong>faciunt</strong></span> <span class='ocrx_word' id='word_1_770' title='bbox 836 5185 982 5255; x_wconf 89' lang='lat' dir='ltr'><strong>quod</strong></span> <span class='ocrx_word' id='word_1_771' title='bbox 1022 5183 1278 5253; x_wconf 88' lang='lat' dir='ltr'><strong>apostoli,</strong></span> <span class='ocrx_word' id='word_1_772' title='bbox 1312 5182 1406 5237; x_wconf 90' lang='lat' dir='ltr'><strong>sed</strong></span> <span class='ocrx_word' id='word_1_773' title='bbox 1442 5183 1627 5252; x_wconf 86' lang='lat' dir='ltr'><strong>potius</strong></span> <span class='ocrx_word' id='word_1_774' title='bbox 1660 5199 1785 5237; x_wconf 90' lang='lat' dir='ltr'><strong>cum</strong></span> <span class='ocrx_word' id='word_1_775' title='bbox 1819 5199 2014 5239; x_wconf 87' lang='lat' dir='ltr'><strong>eorum</strong></span> 
     </span>
    </p>
   </div>
   <div class='ocr_carea' id='block_1_98' title="bbox 440 5275 2015 5347">
    <p class='ocr_par' dir='ltr' id='par_1_98' title="bbox 440 5275 2015 5347">
     <span class='ocr_line' id='line_1_98' title="bbox 440 5275 2015 5347; baseline 0 -16"><span class='ocrx_word' id='word_1_776' title='bbox 440 5277 647 5347; x_wconf 85' lang='lat' dir='ltr'><strong>scripto</strong></span> <span class='ocrx_word' id='word_1_777' title='bbox 691 5287 979 5347; x_wconf 86' lang='lat' dir='ltr'><strong>pugnant,</strong></span> <span class='ocrx_word' id='word_1_778' title='bbox 1022 5275 1363 5330; x_wconf 85' lang='lat' dir='ltr'><strong>mentiuntur</strong></span> <span class='ocrx_word' id='word_1_779' title='bbox 1419 5276 1820 5344; x_wconf 87' lang='lat' dir='ltr'><strong>apostolatum,</strong></span> <span class='ocrx_word' id='word_1_780' title='bbox 1884 5276 2015 5331; x_wconf 84' lang='lat' dir='ltr'><strong>facti</strong></span> 
     </span>
    </p>
   </div>
   <div class='ocr_carea' id='block_1_99' title="bbox 438 5366 2011 5438">
    <p class='ocr_par' dir='ltr' id='par_1_99' title="bbox 438 5366 2011 5438">
     <span class='ocr_line' id='line_1_99' title="bbox 438 5366 2011 5438; baseline -0.001 -15"><span class='ocrx_word' id='word_1_781' title='bbox 438 5368 948 5438; x_wconf 67' lang='lat' dir='ltr'><strong>psemlOprOphetae.</strong></span> <span class='ocrx_word' id='word_1_782' title='bbox 986 5366 1386 5437; x_wconf 71' lang='lat' dir='ltr'><strong>Explanatorcs</strong></span> <span class='ocrx_word' id='word_1_783' title='bbox 1417 5367 1564 5421; x_wconf 92' lang='lat' dir='ltr'><strong>enim</strong></span> <span class='ocrx_word' id='word_1_784' title='bbox 1605 5368 1875 5434; x_wconf 86' lang='lat' dir='ltr'><strong>veritatis,</strong></span> <span class='ocrx_word' id='word_1_785' title='bbox 1915 5367 2011 5438; x_wconf 93' lang='lat' dir='ltr'><strong>qui</strong></span> 
     </span>
    </p>
   </div>
   <div class='ocr_carea' id='block_1_100' title="bbox 442 5458 2011 5530">
    <p class='ocr_par' dir='ltr' id='par_1_100' title="bbox 442 5458 2011 5530">
     <span class='ocr_line' id='line_1_100' title="bbox 442 5458 2011 5530; baseline 0.001 -19"><span class='ocrx_word' id='word_1_786' title='bbox 442 5468 610 5529; x_wconf 79' lang='lat' dir='ltr'><strong>legem</strong></span> <span class='ocrx_word' id='word_1_787' title='bbox 636 5460 1067 5523; x_wconf 84' lang='lat' dir='ltr'><strong>honoraverunt,</strong></span> <span class='ocrx_word' id='word_1_788' title='bbox 1100 5458 1267 5513; x_wconf 89' lang='lat' dir='ltr'><strong>iidem</strong></span> <span class='ocrx_word' id='word_1_789' title='bbox 1292 5458 1464 5530; x_wconf 89' lang='lat' dir='ltr'><strong>legem</strong></span> <span class='ocrx_word' id='word_1_790' title='bbox 1500 5471 1875 5529; x_wconf 72' lang='lat' dir='ltr'><strong>exposuerunt</strong></span> <span class='ocrx_word' id='word_1_791' title='bbox 1907 5478 1918 5512; x_wconf 96' lang='lat'>:</span> <span class='ocrx_word' id='word_1_792' title='bbox 1953 5460 2011 5513; x_wconf 88' lang='lat' dir='ltr'><strong>hi</strong></span> 
     </span>
    </p>
   </div>
   <div class='ocr_carea' id='block_1_101' title="bbox 509 5608 2015 5678">
    <p class='ocr_par' dir='ltr' id='par_1_101' title="bbox 509 5610 2010 5678">
     <span class='ocr_line' id='line_1_101' title="bbox 509 5610 2010 5678; baseline 0.002 -14"><span class='ocrx_word' id='word_1_793' title='bbox 509 5613 557 5645; x_wconf 60' lang='grc' dir='ltr'><strong>τι</strong></span> <span class='ocrx_word' id='word_1_794' title='bbox 598 5612 754 5669; x_wconf 88' lang='lat' dir='ltr'><strong>Deut.</strong></span> <span class='ocrx_word' id='word_1_795' title='bbox 792 5629 882 5678; x_wconf 82' lang='grc' dir='ltr'><strong>νι,</strong></span> <span class='ocrx_word' id='word_1_796' title='bbox 919 5614 971 5666; x_wconf 81' lang='grc'>4.</span> <span class='ocrx_word' id='word_1_797' title='bbox 1048 5613 1094 5645; x_wconf 78' lang='grc'>⁷⁸</span> <span class='ocrx_word' id='word_1_798' title='bbox 1137 5610 1304 5665; x_wconf 81' lang='lat' dir='ltr'><strong>Marc.</strong></span> <span class='ocrx_word' id='word_1_799' title='bbox 1342 5628 1408 5675; x_wconf 73' lang='grc' dir='ltr'>ν,</span> <span class='ocrx_word' id='word_1_800' title='bbox 1449 5612 1536 5669; x_wconf 78' lang='grc'><strong>18.</strong></span> <span class='ocrx_word' id='word_1_801' title='bbox 1613 5612 1662 5643; x_wconf 82' lang='grc'><strong>⁷⁸</strong></span> <span class='ocrx_word' id='word_1_802' title='bbox 1700 5613 1716 5666; x_wconf 90' lang='grc'><strong>1</strong></span> <span class='ocrx_word' id='word_1_803' title='bbox 1748 5613 1876 5668; x_wconf 89' lang='lat' dir='ltr'><strong>Cor.</strong></span> <span class='ocrx_word' id='word_1_804' title='bbox 1914 5629 2010 5667; x_wconf 85' lang='lat' dir='ltr'><strong>vut</strong></span> 
     </span>
    </p>
   </div>
   <div class='ocr_carea' id='block_1_102' title="bbox 2119 5608 3169 5678">
    <p class='ocr_par' dir='ltr' id='par_1_102' title="bbox 2124 5608 3169 5674">
     <span class='ocr_line' id='line_1_102' title="bbox 2124 5608 3169 5674; baseline -0.002 -8"><span class='ocrx_word' id='word_1_805' title='bbox 2124 5654 2136 5666; x_wconf 92' lang='lat'><strong>.</strong></span> <span class='ocrx_word' id='word_1_806' title='bbox 2214 5615 2258 5646; x_wconf 83' lang='grc'><strong>⁷⁷</strong></span> <span class='ocrx_word' id='word_1_807' title='bbox 2297 5613 2444 5668; x_wconf 85' lang='lat' dir='ltr'><strong>Psal.</strong></span> <span class='ocrx_word' id='word_1_808' title='bbox 2476 5629 2598 5674; x_wconf 68' lang='lat' dir='ltr'><strong>cur,</strong></span> <span class='ocrx_word' id='word_1_809' title='bbox 2632 5614 2685 5666; x_wconf 80' lang='lat'><strong>5.</strong></span> <span class='ocrx_word' id='word_1_810' title='bbox 2761 5610 2809 5645; x_wconf 79' lang='lat'><strong>&quot;</strong></span> <span class='ocrx_word' id='word_1_811' title='bbox 2847 5608 3001 5664; x_wconf 83' lang='lat' dir='ltr'><strong>Joan.</strong></span> <span class='ocrx_word' id='word_1_812' title='bbox 3040 5628 3079 5673; x_wconf 89' lang='grc' dir='ltr'><strong>ι,</strong></span> <span class='ocrx_word' id='word_1_813' title='bbox 3115 5613 3169 5664; x_wconf 90' lang='grc'>8.</span> 
     </span>
    </p>
   </div>
   <div class='ocr_carea' id='block_1_103' title="bbox 978 5680 2074 5749">
    <p class='ocr_par' dir='ltr' id='par_1_103' title="bbox 978 5680 2074 5749">
     <span class='ocr_line' id='line_1_103' title="bbox 978 5680 2074 5749; baseline 0.002 -14"><span class='ocrx_word' id='word_1_814' title='bbox 978 5683 1024 5715; x_wconf 82' lang='grc' dir='ltr'><strong>⁸ο</strong></span> <span class='ocrx_word' id='word_1_815' title='bbox 1062 5680 1210 5737; x_wconf 85' lang='lat' dir='ltr'><strong>Psal.</strong></span> <span class='ocrx_word' id='word_1_816' title='bbox 1269 5698 1342 5747; x_wconf 89' lang='grc' dir='ltr'><strong>ιι,</strong></span> <span class='ocrx_word' id='word_1_817' title='bbox 1409 5684 1460 5738; x_wconf 85' lang='grc' dir='ltr'>Ἰ.</span> <span class='ocrx_word' id='word_1_818' title='bbox 1547 5683 1591 5715; x_wconf 80' lang='grc'><strong>⁸¹</strong></span> <span class='ocrx_word' id='word_1_819' title='bbox 1630 5681 1776 5739; x_wconf 86' lang='lat' dir='ltr'><strong>Psal.</strong></span> <span class='ocrx_word' id='word_1_820' title='bbox 1833 5699 1991 5749; x_wconf 73' lang='lat' dir='ltr'><strong>xcw,</strong></span> <span class='ocrx_word' id='word_1_821' title='bbox 2024 5684 2074 5737; x_wconf 88' lang='lat'><strong>7.</strong></span> 
     </span>
    </p>
   </div>
   <div class='ocr_carea' id='block_1_104' title="bbox 440 5679 874 5745">
    <p class='ocr_par' dir='ltr' id='par_1_104' title="bbox 440 5679 874 5745">
     <span class='ocr_line' id='line_1_104' title="bbox 440 5679 874 5745; baseline 0.005 -10"><span class='ocrx_word' id='word_1_822' title='bbox 440 5679 549 5743; x_wconf 72' lang='lat' dir='ltr'><strong>i7;</strong></span> <span class='ocrx_word' id='word_1_823' title='bbox 608 5699 756 5745; x_wconf 70' lang='lat' dir='ltr'><strong>XV“,</strong></span> <span class='ocrx_word' id='word_1_824' title='bbox 821 5683 874 5739; x_wconf 79' lang='grc'><strong>5.</strong></span> 
     </span>
    </p>
   </div>
   <div class='ocr_carea' id='block_1_105' title="bbox 437 5752 741 5815">
    <p class='ocr_par' dir='ltr' id='par_1_105' title="bbox 437 5752 741 5815">
     <span class='ocr_line' id='line_1_105' title="bbox 437 5752 741 5815; baseline 0.007 -8"><span class='ocrx_word' id='word_1_825' title='bbox 437 5765 494 5815; x_wconf 87' lang='lat' dir='ltr'><strong>v,</strong></span> <span class='ocrx_word' id='word_1_826' title='bbox 528 5752 619 5814; x_wconf 77' lang='lat'><strong>:51,</strong></span> <span class='ocrx_word' id='word_1_827' title='bbox 654 5752 741 5810; x_wconf 69' lang='lat'><strong>&#39;52.</strong></span> 
     </span>
    </p>
   </div>
   <div class='ocr_carea' id='block_1_106' title="bbox 2117 4988 3703 5068">
    <p class='ocr_par' dir='ltr' id='par_1_106' title="bbox 2117 4988 3703 5068">
     <span class='ocr_line' id='line_1_106' title="bbox 2117 4988 3703 5068; baseline -0.007 -17"><span class='ocrx_word' id='word_1_828' title='bbox 2117 5012 2269 5068; x_wconf 67' lang='grc' dir='ltr'>φωνα</span> <span class='ocrx_word' id='word_1_829' title='bbox 2297 4997 2352 5050; x_wconf 80' lang='grc' dir='ltr'>δὲ</span> <span class='ocrx_word' id='word_1_830' title='bbox 2383 4996 2452 5050; x_wconf 76' lang='grc' dir='ltr'>τὰ</span> <span class='ocrx_word' id='word_1_831' title='bbox 2492 4996 2696 5049; x_wconf 82' lang='grc' dir='ltr'>παλαιὰ</span> <span class='ocrx_word' id='word_1_832' title='bbox 2745 4998 2857 5059; x_wconf 89' lang='grc' dir='ltr'>τοῖς</span> <span class='ocrx_word' id='word_1_833' title='bbox 2903 4995 3065 5057; x_wconf 79' lang='grc' dir='ltr'>νέοις.</span> <span class='ocrx_word' id='word_1_834' title='bbox 3110 4990 3249 5043; x_wconf 85' lang='grc' dir='ltr'>Ἀλλ’</span> <span class='ocrx_word' id='word_1_835' title='bbox 3286 4991 3399 5042; x_wconf 83' lang='grc' dir='ltr'>ὅσοι</span> <span class='ocrx_word' id='word_1_836' title='bbox 3428 4988 3525 5058; x_wconf 78' lang='grc' dir='ltr'><strong>μὲν</strong></span> <span class='ocrx_word' id='word_1_837' title='bbox 3551 4988 3703 5041; x_wconf 87' lang='grc' dir='ltr'>ἁπό-</span> 
     </span>
    </p>
   </div>
   <div class='ocr_carea' id='block_1_107' title="bbox 2119 5079 3710 5161">
    <p class='ocr_par' dir='ltr' id='par_1_107' title="bbox 2119 5079 3710 5161">
     <span class='ocr_line' id='line_1_107' title="bbox 2119 5079 3710 5161; baseline -0.005 -19"><span class='ocrx_word' id='word_1_838' title='bbox 2119 5089 2292 5143; x_wconf 88' lang='grc' dir='ltr'>στολοι</span> <span class='ocrx_word' id='word_1_839' title='bbox 2342 5087 2767 5161; x_wconf 77' lang='grc' dir='ltr'>ἑρμηνεύουσιν,</span> <span class='ocrx_word' id='word_1_840' title='bbox 2817 5088 2929 5140; x_wconf 81' lang='grc' dir='ltr'>ὅσοι</span> <span class='ocrx_word' id='word_1_841' title='bbox 2977 5085 3035 5138; x_wconf 79' lang='grc' dir='ltr'>δὲ</span> <span class='ocrx_word' id='word_1_842' title='bbox 3090 5084 3192 5136; x_wconf 73' lang='grc' dir='ltr'>οὐκ</span> <span class='ocrx_word' id='word_1_843' title='bbox 3248 5080 3529 5135; x_wconf 86' lang='grc' dir='ltr'>ἀπόστολοι</span> <span class='ocrx_word' id='word_1_844' title='bbox 3579 5079 3710 5134; x_wconf 50' lang='grc' dir='ltr'>δια.-</span> 
     </span>
    </p>
   </div>
   <div class='ocr_carea' id='block_1_108' title="bbox 2119 5171 3705 5252">
    <p class='ocr_par' dir='ltr' id='par_1_108' title="bbox 2119 5171 3705 5252">
     <span class='ocr_line' id='line_1_108' title="bbox 2119 5171 3705 5252; baseline -0.008 -17"><span class='ocrx_word' id='word_1_845' title='bbox 2119 5181 2369 5235; x_wconf 78' lang='grc' dir='ltr'>6ἁλλουσι</span> <span class='ocrx_word' id='word_1_846' title='bbox 2393 5199 2406 5213; x_wconf 76' lang='grc' dir='ltr'><strong>ο</strong></span> <span class='ocrx_word' id='word_1_847' title='bbox 2438 5182 2511 5252; x_wconf 80' lang='grc' dir='ltr'>μὴ</span> <span class='ocrx_word' id='word_1_848' title='bbox 2537 5180 2815 5241; x_wconf 81' lang='grc' dir='ltr'>ποιοῦντες</span> <span class='ocrx_word' id='word_1_849' title='bbox 2839 5178 2969 5249; x_wconf 84' lang='grc' dir='ltr'>γὰρ,</span> <span class='ocrx_word' id='word_1_850' title='bbox 2993 5176 3022 5228; x_wconf 84' lang='grc' dir='ltr'><strong>δ</strong></span> <span class='ocrx_word' id='word_1_851' title='bbox 3044 5174 3285 5228; x_wconf 73' lang='grc' dir='ltr'>ποιοῦσιν</span> <span class='ocrx_word' id='word_1_852' title='bbox 3308 5175 3355 5227; x_wconf 82' lang='grc' dir='ltr'><strong>οἱ</strong></span> <span class='ocrx_word' id='word_1_853' title='bbox 3384 5171 3705 5237; x_wconf 71' lang='grc' dir='ltr'>ἀπόστολοι,</span> 
     </span>
    </p>
   </div>
   <div class='ocr_carea' id='block_1_109' title="bbox 2117 5264 3709 5347">
    <p class='ocr_par' dir='ltr' id='par_1_109' title="bbox 2117 5264 3709 5347">
     <span class='ocr_line' id='line_1_109' title="bbox 2117 5264 3709 5347; baseline -0.009 -18"><span class='ocrx_word' id='word_1_854' title='bbox 2117 5275 2253 5329; x_wconf 84' lang='grc' dir='ltr'>ἀλλὰ</span> <span class='ocrx_word' id='word_1_855' title='bbox 2290 5275 2583 5347; x_wconf 79' lang='grc' dir='ltr'>μαχόμενοι</span> <span class='ocrx_word' id='word_1_856' title='bbox 2625 5275 2699 5345; x_wconf 74' lang='grc' dir='ltr'>τῷ</span> <span class='ocrx_word' id='word_1_857' title='bbox 2747 5272 2837 5324; x_wconf 78' lang='grc' dir='ltr'>ὑπ’</span> <span class='ocrx_word' id='word_1_858' title='bbox 2878 5271 3102 5324; x_wconf 74' lang='grc' dir='ltr'>ἐκείνων</span> <span class='ocrx_word' id='word_1_859' title='bbox 3134 5265 3521 5339; x_wconf 80' lang='grc' dir='ltr'>γεγραμμένῳ,</span> <span class='ocrx_word' id='word_1_860' title='bbox 3555 5264 3709 5334; x_wconf 74' lang='grc' dir='ltr'>ψεύ-</span> 
     </span>
    </p>
   </div>
   <div class='ocr_carea' id='block_1_110' title="bbox 2117 5357 3709 5439">
    <p class='ocr_par' dir='ltr' id='par_1_110' title="bbox 2117 5357 3709 5439">
     <span class='ocr_line' id='line_1_110' title="bbox 2117 5357 3709 5439; baseline -0.006 -18"><span class='ocrx_word' id='word_1_861' title='bbox 2117 5369 2296 5421; x_wconf 83' lang='grc' dir='ltr'>δονται</span> <span class='ocrx_word' id='word_1_862' title='bbox 2338 5369 2434 5439; x_wconf 82' lang='grc' dir='ltr'><strong>τὴν</strong></span> <span class='ocrx_word' id='word_1_863' title='bbox 2473 5365 2808 5436; x_wconf 81' lang='grc' dir='ltr'>ἀποστολὴν,</span> <span class='ocrx_word' id='word_1_864' title='bbox 2856 5362 3301 5434; x_wconf 73' lang='grc' dir='ltr'>ψευδοπροφῆται</span> <span class='ocrx_word' id='word_1_865' title='bbox 3335 5360 3501 5422; x_wconf 74' lang='grc' dir='ltr'>ὄντες.</span> <span class='ocrx_word' id='word_1_866' title='bbox 3557 5357 3709 5412; x_wconf 81' lang='grc' dir='ltr'>Ἰδοὺ</span> 
     </span>
    </p>
   </div>
   <div class='ocr_carea' id='block_1_111' title="bbox 2117 5452 3712 5531">
    <p class='ocr_par' dir='ltr' id='par_1_111' title="bbox 2117 5452 3712 5531">
     <span class='ocr_line' id='line_1_111' title="bbox 2117 5452 3712 5531; baseline -0.008 -18"><span class='ocrx_word' id='word_1_867' title='bbox 2117 5459 2225 5531; x_wconf 76' lang='grc' dir='ltr'>γὰρ</span> <span class='ocrx_word' id='word_1_868' title='bbox 2255 5460 2304 5511; x_wconf 88' lang='grc' dir='ltr'><strong>οἱ</strong></span> <span class='ocrx_word' id='word_1_869' title='bbox 2349 5460 2445 5530; x_wconf 79' lang='grc' dir='ltr'>τῆς</span> <span class='ocrx_word' id='word_1_870' title='bbox 2495 5459 2749 5530; x_wconf 81' lang='grc' dir='ltr'>ἀληθείας</span> <span class='ocrx_word' id='word_1_871' title='bbox 2792 5454 3101 5527; x_wconf 74' lang='grc' dir='ltr'>εἰσηγηταὶ,</span> <span class='ocrx_word' id='word_1_872' title='bbox 3135 5454 3227 5507; x_wconf 78' lang='grc' dir='ltr'>τὸν</span> <span class='ocrx_word' id='word_1_873' title='bbox 3280 5452 3440 5523; x_wconf 85' lang='grc' dir='ltr'>νόμον</span> <span class='ocrx_word' id='word_1_874' title='bbox 3468 5466 3712 5522; x_wconf 79' lang='grc' dir='ltr'>τετιμη-</span> 
     </span>
    </p>
   </div>
   <div class='ocr_carea' id='block_1_112' title="bbox 3263 5607 3699 5665">
    <p class='ocr_par' dir='ltr' id='par_1_112' title="bbox 3263 5607 3699 5665">
     <span class='ocr_line' id='line_1_112' title="bbox 3263 5607 3699 5665; baseline -0.009 -3"><span class='ocrx_word' id='word_1_875' title='bbox 3263 5611 3307 5641; x_wconf 81' lang='lat'><strong>&quot;</strong></span> <span class='ocrx_word' id='word_1_876' title='bbox 3348 5607 3535 5662; x_wconf 79' lang='lat' dir='ltr'><strong>Matth.</strong></span> <span class='ocrx_word' id='word_1_877' title='bbox 3591 5620 3699 5665; x_wconf 86' lang='grc' dir='ltr'><strong>ιιι,</strong></span> 
     </span>
    </p>
   </div>
   <div class='ocr_carea' id='block_1_113' title="bbox 2186 5676 3699 5750">
    <p class='ocr_par' dir='ltr' id='par_1_113' title="bbox 2186 5676 3699 5750">
     <span class='ocr_line' id='line_1_113' title="bbox 2186 5676 3699 5750; baseline -0.005 -11"><span class='ocrx_word' id='word_1_878' title='bbox 2186 5685 2232 5716; x_wconf 80' lang='grc'><strong>⁸³</strong></span> <span class='ocrx_word' id='word_1_879' title='bbox 2272 5684 2435 5739; x_wconf 84' lang='lat' dir='ltr'><strong>Hebr.</strong></span> <span class='ocrx_word' id='word_1_880' title='bbox 2472 5701 2510 5750; x_wconf 87' lang='grc' dir='ltr'><strong>ι,</strong></span> <span class='ocrx_word' id='word_1_881' title='bbox 2549 5682 2600 5736; x_wconf 87' lang='grc'><strong>6.</strong></span> <span class='ocrx_word' id='word_1_882' title='bbox 2707 5681 2753 5713; x_wconf 78' lang='grc'><strong>⁸³</strong></span> <span class='ocrx_word' id='word_1_883' title='bbox 2793 5680 2813 5733; x_wconf 89' lang='grc' dir='ltr'><strong>Ι</strong></span> <span class='ocrx_word' id='word_1_884' title='bbox 2847 5680 2969 5735; x_wconf 86' lang='lat' dir='ltr'><strong>Cor.</strong></span> <span class='ocrx_word' id='word_1_885' title='bbox 3007 5698 3093 5747; x_wconf 79' lang='lat' dir='ltr'><strong>xv,</strong></span> <span class='ocrx_word' id='word_1_886' title='bbox 3129 5680 3319 5735; x_wconf 70' lang='lat'><strong>25-28.</strong></span> <span class='ocrx_word' id='word_1_887' title='bbox 3394 5679 3440 5710; x_wconf 64' lang='lat'><strong>3&quot;</strong></span> <span class='ocrx_word' id='word_1_888' title='bbox 3477 5676 3699 5749; x_wconf 80' lang='lat' dir='ltr'><strong>Ephcs.</strong></span> 
     </span>
    </p>
   </div>
   <div class='ocr_carea' id='block_1_114' title="bbox 514 5879 2015 5961">
    <p class='ocr_par' dir='ltr' id='par_1_114' title="bbox 514 5886 1983 5956">
     <span class='ocr_line' id='line_1_114' title="bbox 514 5886 1983 5956; baseline 0.003 -16"><span class='ocrx_word' id='word_1_889' title='bbox 514 5886 625 5956; x_wconf 68' lang='grc' dir='ltr'><strong>(ιο)</strong></span> <span class='ocrx_word' id='word_1_890' title='bbox 673 5886 1021 5951; x_wconf 78' lang='grc' dir='ltr'>’Υπέταξεν.</span> <span class='ocrx_word' id='word_1_891' title='bbox 1077 5887 1433 5947; x_wconf 74' lang='lat' dir='ltr'><strong>Restituenda</strong></span> <span class='ocrx_word' id='word_1_892' title='bbox 1489 5890 1580 5946; x_wconf 89' lang='lat' dir='ltr'><strong>hic</strong></span> <span class='ocrx_word' id='word_1_893' title='bbox 1632 5905 1734 5946; x_wconf 81' lang='lat' dir='ltr'><strong>vox</strong></span> <span class='ocrx_word' id='word_1_894' title='bbox 1788 5892 1983 5955; x_wconf 65' lang='grc' dir='ltr'>πάντα,</span> 
     </span>
    </p>
   </div>
   <div class='ocr_carea' id='block_1_115' title="bbox 2119 5879 3276 5961">
    <p class='ocr_par' dir='ltr' id='par_1_115' title="bbox 2119 5879 3276 5943">
     <span class='ocr_line' id='line_1_115' title="bbox 2119 5879 3276 5943; baseline -0.009 0"><span class='ocrx_word' id='word_1_895' title='bbox 2119 5903 2181 5943; x_wconf 63' lang='lat' dir='ltr'><strong>im</strong></span> <span class='ocrx_word' id='word_1_896' title='bbox 2215 5882 2566 5941; x_wconf 81' lang='lat' dir='ltr'><strong>amanuensis</strong></span> <span class='ocrx_word' id='word_1_897' title='bbox 2596 5882 2845 5936; x_wconf 83' lang='lat' dir='ltr'><strong>incautus</strong></span> <span class='ocrx_word' id='word_1_898' title='bbox 2877 5880 3079 5935; x_wconf 88' lang='lat' dir='ltr'><strong>omisit.</strong></span> <span class='ocrx_word' id='word_1_899' title='bbox 3117 5879 3276 5934; x_wconf 69' lang='lat' dir='ltr'><strong>BASN.</strong></span> 
     </span>
    </p>
   </div>
  </div>
