  <div class='ocr_page' id='page_1' title='image "/cluster/home/n/w/nwhite01/storage/ocr_20150623/18/coo.31924054872985/635.png"; bbox 0 0 4138 6494; ppageno 0'>
   <div class='ocr_carea' id='block_1_1' title="bbox 420 467 559 521">
    <p class='ocr_par' dir='ltr' id='par_1_1' title="bbox 420 467 559 521">
     <span class='ocr_line' id='line_1_1' title="bbox 420 467 559 521; baseline 0.007 -1"><span class='ocrx_word' id='word_1_1' title='bbox 420 467 559 521; x_wconf 71' lang='grc'><strong>1245</strong></span> 
     </span>
    </p>
   </div>
   <div class='ocr_carea' id='block_1_2' title="bbox 1557 468 2515 527">
    <p class='ocr_par' dir='ltr' id='par_1_2' title="bbox 1557 468 2515 527">
     <span class='ocr_line' id='line_1_2' title="bbox 1557 468 2515 527; baseline 0.002 -5"><span class='ocrx_word' id='word_1_2' title='bbox 1557 468 1695 523; x_wconf 88' lang='lat' dir='ltr'><strong>TITI</strong></span> <span class='ocrx_word' id='word_1_3' title='bbox 1739 469 2170 527; x_wconf 77' lang='lat' dir='ltr'><strong>BOSTRENSIS</strong></span> <span class='ocrx_word' id='word_1_4' title='bbox 2207 470 2515 526; x_wconf 71' lang='lat' dir='ltr'><strong>EPISCOPI</strong></span> 
     </span>
    </p>
   </div>
   <div class='ocr_carea' id='block_1_3' title="bbox 3550 475 3690 531">
    <p class='ocr_par' dir='ltr' id='par_1_3' title="bbox 3550 475 3690 531">
     <span class='ocr_line' id='line_1_3' title="bbox 3550 475 3690 531; baseline 0.007 -2"><span class='ocrx_word' id='word_1_5' title='bbox 3550 475 3690 531; x_wconf 66' lang='grc'><strong>1244</strong></span> 
     </span>
    </p>
   </div>
   <div class='ocr_carea' id='block_1_4' title="bbox 421 583 2004 660">
    <p class='ocr_par' dir='ltr' id='par_1_4' title="bbox 421 583 2004 655">
     <span class='ocr_line' id='line_1_4' title="bbox 421 583 2004 655; baseline 0.003 -17"><span class='ocrx_word' id='word_1_6' title='bbox 421 584 576 655; x_wconf 90' lang='lat' dir='ltr'><strong>pueri</strong></span> <span class='ocrx_word' id='word_1_7' title='bbox 603 583 756 653; x_wconf 88' lang='lat' dir='ltr'><strong>parvi</strong></span> <span class='ocrx_word' id='word_1_8' title='bbox 779 585 1091 639; x_wconf 78' lang='lat' dir='ltr'><strong>convicium</strong></span> <span class='ocrx_word' id='word_1_9' title='bbox 1127 586 1380 640; x_wconf 83' lang='lat' dir='ltr'><strong>fecerunt</strong></span> <span class='ocrx_word' id='word_1_10' title='bbox 1405 585 1617 652; x_wconf 84' lang='lat' dir='ltr'><strong>Elisco;</strong></span> <span class='ocrx_word' id='word_1_11' title='bbox 1646 587 1862 645; x_wconf 85' lang='lat' dir='ltr'><strong>Eliseus</strong></span> <span class='ocrx_word' id='word_1_12' title='bbox 1877 604 2004 644; x_wconf 89' lang='lat' dir='ltr'><strong>vero</strong></span> 
     </span>
    </p>
   </div>
   <div class='ocr_carea' id='block_1_5' title="bbox 2109 583 3693 660">
    <p class='ocr_par' dir='ltr' id='par_1_5' title="bbox 2114 588 3693 660">
     <span class='ocr_line' id='line_1_5' title="bbox 2114 588 3693 660; baseline 0.001 -18"><span class='ocrx_word' id='word_1_13' title='bbox 2114 588 2299 642; x_wconf 80' lang='grc' dir='ltr'>παιδία</span> <span class='ocrx_word' id='word_1_14' title='bbox 2337 588 2691 659; x_wconf 83' lang='grc' dir='ltr'>λοιδορήσωσι</span> <span class='ocrx_word' id='word_1_15' title='bbox 2732 588 2824 640; x_wconf 83' lang='grc' dir='ltr'><strong>τὸν</strong></span> <span class='ocrx_word' id='word_1_16' title='bbox 2872 588 3203 642; x_wconf 83' lang='grc' dir='ltr'>Ἑλισσαῖον’</span> <span class='ocrx_word' id='word_1_17' title='bbox 3255 591 3561 660; x_wconf 74' lang='grc' dir='ltr'><strong>κατηρᾶτο,</strong></span> <span class='ocrx_word' id='word_1_18' title='bbox 3596 591 3693 643; x_wconf 76' lang='grc' dir='ltr'>καὶ</span> 
     </span>
    </p>
   </div>
   <div class='ocr_carea' id='block_1_6' title="bbox 424 674 2006 747">
    <p class='ocr_par' dir='ltr' id='par_1_6' title="bbox 424 674 2006 747">
     <span class='ocr_line' id='line_1_6' title="bbox 424 674 2006 747; baseline 0.003 -19"><span class='ocrx_word' id='word_1_19' title='bbox 424 674 709 729; x_wconf 80' lang='lat' dir='ltr'><strong>maledixit</strong></span> <span class='ocrx_word' id='word_1_20' title='bbox 748 674 830 729; x_wconf 91' lang='lat' dir='ltr'><strong>eis</strong></span> <span class='ocrx_word' id='word_1_21' title='bbox 854 714 869 738; x_wconf 91' lang='lat'><strong>,</strong></span> <span class='ocrx_word' id='word_1_22' title='bbox 911 682 966 731; x_wconf 93' lang='lat' dir='ltr'><strong>et</strong></span> <span class='ocrx_word' id='word_1_23' title='bbox 1000 675 1219 731; x_wconf 87' lang='lat' dir='ltr'><strong>duobus</strong></span> <span class='ocrx_word' id='word_1_24' title='bbox 1263 677 1412 731; x_wconf 82' lang='lat' dir='ltr'><strong>ursis</strong></span> <span class='ocrx_word' id='word_1_25' title='bbox 1444 676 1673 732; x_wconf 77' lang='lat' dir='ltr'><strong>tradidit</strong></span> <span class='ocrx_word' id='word_1_26' title='bbox 1701 694 1902 747; x_wconf 88' lang='lat' dir='ltr'><strong>pueros</strong></span> <span class='ocrx_word' id='word_1_27' title='bbox 1936 680 2006 733; x_wconf 90' lang='lat' dir='ltr'><strong>ad</strong></span> 
     </span>
    </p>
   </div>
   <div class='ocr_carea' id='block_1_7' title="bbox 425 765 2008 839">
    <p class='ocr_par' dir='ltr' id='par_1_7' title="bbox 425 765 2008 839">
     <span class='ocr_line' id='line_1_7' title="bbox 425 765 2008 839; baseline 0.001 -18"><span class='ocrx_word' id='word_1_28' title='bbox 425 767 839 823; x_wconf 79' lang='lat' dir='ltr'><strong>devorandum?</strong></span> <span class='ocrx_word' id='word_1_29' title='bbox 869 765 990 821; x_wconf 89' lang='lat' dir='ltr'><strong>Non</strong></span> <span class='ocrx_word' id='word_1_30' title='bbox 1016 768 1238 834; x_wconf 76' lang='lat' dir='ltr'><strong>videtis,</strong></span> <span class='ocrx_word' id='word_1_31' title='bbox 1278 769 1405 838; x_wconf 85' lang='lat' dir='ltr'><strong>quia</strong></span> <span class='ocrx_word' id='word_1_32' title='bbox 1452 770 1782 839; x_wconf 86' lang='lat' dir='ltr'><strong>quibusdam</strong></span> <span class='ocrx_word' id='word_1_33' title='bbox 1823 771 2008 824; x_wconf 89' lang='lat' dir='ltr'><strong>militi-</strong></span> 
     </span>
    </p>
   </div>
   <div class='ocr_carea' id='block_1_8' title="bbox 424 857 2003 932">
    <p class='ocr_par' dir='ltr' id='par_1_8' title="bbox 424 857 2003 932">
     <span class='ocr_line' id='line_1_8' title="bbox 424 857 2003 932; baseline 0.002 -18"><span class='ocrx_word' id='word_1_34' title='bbox 424 857 532 916; x_wconf 85' lang='lat' dir='ltr'><strong>bus</strong></span> <span class='ocrx_word' id='word_1_35' title='bbox 554 860 740 915; x_wconf 89' lang='lat' dir='ltr'><strong>missis</strong></span> <span class='ocrx_word' id='word_1_36' title='bbox 768 876 798 915; x_wconf 90' lang='lat' dir='ltr'><strong>a</strong></span> <span class='ocrx_word' id='word_1_37' title='bbox 834 877 962 932; x_wconf 83' lang='lat' dir='ltr'><strong>rege</strong></span> <span class='ocrx_word' id='word_1_38' title='bbox 994 861 1061 914; x_wconf 88' lang='lat' dir='ltr'><strong>ad</strong></span> <span class='ocrx_word' id='word_1_39' title='bbox 1086 862 1392 915; x_wconf 86' lang='lat' dir='ltr'><strong>vocandum</strong></span> <span class='ocrx_word' id='word_1_40' title='bbox 1426 861 1600 915; x_wconf 75' lang='lat' dir='ltr'><strong>Elinm</strong></span> <span class='ocrx_word' id='word_1_41' title='bbox 1654 863 1864 927; x_wconf 75' lang='lat' dir='ltr'><strong>invitis,</strong></span> <span class='ocrx_word' id='word_1_42' title='bbox 1900 880 2003 917; x_wconf 89' lang='lat' dir='ltr'><strong>no-</strong></span> 
     </span>
    </p>
   </div>
   <div class='ocr_carea' id='block_1_9' title="bbox 413 951 2006 1020">
    <p class='ocr_par' dir='ltr' id='par_1_9' title="bbox 413 951 2006 1020">
     <span class='ocr_line' id='line_1_9' title="bbox 413 951 2006 1020; baseline 0.001 -15"><span class='ocrx_word' id='word_1_43' title='bbox 413 951 527 1020; x_wconf 53' lang='lat' dir='ltr'><strong>,luit</strong></span> <span class='ocrx_word' id='word_1_44' title='bbox 559 952 639 1006; x_wconf 89' lang='lat' dir='ltr'><strong>ire</strong></span> <span class='ocrx_word' id='word_1_45' title='bbox 667 966 793 1005; x_wconf 90' lang='lat' dir='ltr'><strong>cum</strong></span> <span class='ocrx_word' id='word_1_46' title='bbox 825 952 928 1017; x_wconf 87' lang='lat' dir='ltr'><strong>eis,</strong></span> <span class='ocrx_word' id='word_1_47' title='bbox 958 951 1138 1020; x_wconf 84' lang='lat' dir='ltr'><strong>ignem</strong></span> <span class='ocrx_word' id='word_1_48' title='bbox 1160 951 1440 1018; x_wconf 84' lang='lat' dir='ltr'><strong>jaculatus</strong></span> <span class='ocrx_word' id='word_1_49' title='bbox 1484 960 1592 1017; x_wconf 88' lang='lat' dir='ltr'><strong>est,</strong></span> <span class='ocrx_word' id='word_1_50' title='bbox 1616 960 1670 1006; x_wconf 90' lang='lat' dir='ltr'><strong>et</strong></span> <span class='ocrx_word' id='word_1_51' title='bbox 1697 952 1844 1006; x_wconf 85' lang='lat' dir='ltr'><strong>viros</strong></span> <span class='ocrx_word' id='word_1_52' title='bbox 1874 967 2006 1006; x_wconf 87' lang='lat' dir='ltr'><strong>con-</strong></span> 
     </span>
    </p>
   </div>
   <div class='ocr_carea' id='block_1_10' title="bbox 424 1042 2004 1113">
    <p class='ocr_par' dir='ltr' id='par_1_10' title="bbox 424 1042 2004 1113">
     <span class='ocr_line' id='line_1_10' title="bbox 424 1042 2004 1113; baseline -0.002 -13"><span class='ocrx_word' id='word_1_53' title='bbox 424 1045 683 1113; x_wconf 76' lang='lat' dir='ltr'><strong>sumpsit,</strong></span> <span class='ocrx_word' id='word_1_54' title='bbox 710 1045 988 1113; x_wconf 86' lang='lat' dir='ltr'><strong>inquiens,</strong></span> <span class='ocrx_word' id='word_1_55' title='bbox 1024 1042 1085 1098; x_wconf 87' lang='lat' dir='ltr'><strong>Si</strong></span> <span class='ocrx_word' id='word_1_56' title='bbox 1114 1045 1193 1096; x_wconf 79' lang='lat' dir='ltr'><strong>vir</strong></span> <span class='ocrx_word' id='word_1_57' title='bbox 1228 1044 1324 1096; x_wconf 97' lang='lat' dir='ltr'><strong>Dei</strong></span> <span class='ocrx_word' id='word_1_58' title='bbox 1353 1060 1444 1113; x_wconf 81' lang='lat' dir='ltr'><strong>ego</strong></span> <span class='ocrx_word' id='word_1_59' title='bbox 1466 1059 1606 1106; x_wconf 85' lang='lat' dir='ltr'><strong>sum,</strong></span> <span class='ocrx_word' id='word_1_60' title='bbox 1638 1043 1913 1097; x_wconf 85' lang='lat' dir='ltr'><strong>descendet</strong></span> <span class='ocrx_word' id='word_1_61' title='bbox 1940 1044 2004 1097; x_wconf 85' lang='lat' dir='ltr'><strong>de</strong></span> 
     </span>
    </p>
   </div>
   <div class='ocr_carea' id='block_1_11' title="bbox 423 1135 2003 1206">
    <p class='ocr_par' dir='ltr' id='par_1_11' title="bbox 423 1135 2003 1206">
     <span class='ocr_line' id='line_1_11' title="bbox 423 1135 2003 1206; baseline -0.001 -16"><span class='ocrx_word' id='word_1_62' title='bbox 423 1137 553 1190; x_wconf 76' lang='lat' dir='ltr'><strong>caelo</strong></span> <span class='ocrx_word' id='word_1_63' title='bbox 575 1137 739 1206; x_wconf 80' lang='lat' dir='ltr'><strong>ignis,</strong></span> <span class='ocrx_word' id='word_1_64' title='bbox 794 1145 843 1190; x_wconf 85' lang='lat' dir='ltr'><strong>et</strong></span> <span class='ocrx_word' id='word_1_65' title='bbox 890 1136 1161 1189; x_wconf 77' lang='lat' dir='ltr'><strong>derorabit</strong></span> <span class='ocrx_word' id='word_1_66' title='bbox 1192 1145 1239 1188; x_wconf 86' lang='lat' dir='ltr'><strong>te</strong></span> <span class='ocrx_word' id='word_1_67' title='bbox 1267 1144 1315 1189; x_wconf 87' lang='lat' dir='ltr'><strong>et</strong></span> <span class='ocrx_word' id='word_1_68' title='bbox 1363 1136 1746 1205; x_wconf 85' lang='lat' dir='ltr'><strong>quinquaginta</strong></span> <span class='ocrx_word' id='word_1_69' title='bbox 1772 1144 1888 1188; x_wconf 85' lang='lat' dir='ltr'><strong>tuos</strong></span> <span class='ocrx_word' id='word_1_70' title='bbox 1916 1135 2003 1188; x_wconf 73' lang='lat'><strong>“‘3</strong></span> 
     </span>
    </p>
   </div>
   <div class='ocr_carea' id='block_1_12' title="bbox 424 1226 2005 1298">
    <p class='ocr_par' dir='ltr' id='par_1_12' title="bbox 424 1226 2005 1298">
     <span class='ocr_line' id='line_1_12' title="bbox 424 1226 2005 1298; baseline -0.002 -14"><span class='ocrx_word' id='word_1_71' title='bbox 424 1229 483 1284; x_wconf 91' lang='lat' dir='ltr'><strong>Si</strong></span> <span class='ocrx_word' id='word_1_72' title='bbox 512 1230 679 1298; x_wconf 86' lang='lat' dir='ltr'><strong>hujus</strong></span> <span class='ocrx_word' id='word_1_73' title='bbox 714 1230 842 1283; x_wconf 87' lang='lat' dir='ltr'><strong>mali</strong></span> <span class='ocrx_word' id='word_1_74' title='bbox 878 1228 1231 1284; x_wconf 81' lang='lat' dir='ltr'><strong>accusatione</strong></span> <span class='ocrx_word' id='word_1_75' title='bbox 1256 1234 1311 1281; x_wconf 91' lang='lat' dir='ltr'><strong>et</strong></span> <span class='ocrx_word' id='word_1_76' title='bbox 1332 1226 1607 1282; x_wconf 85' lang='lat' dir='ltr'><strong>vindictas</strong></span> <span class='ocrx_word' id='word_1_77' title='bbox 1631 1229 1774 1281; x_wconf 89' lang='lat' dir='ltr'><strong>inter</strong></span> <span class='ocrx_word' id='word_1_78' title='bbox 1803 1228 2005 1281; x_wconf 85' lang='lat' dir='ltr'><strong>vitiosa</strong></span> 
     </span>
    </p>
   </div>
   <div class='ocr_carea' id='block_1_13' title="bbox 421 1318 2003 1391">
    <p class='ocr_par' dir='ltr' id='par_1_13' title="bbox 421 1318 2003 1391">
     <span class='ocr_line' id='line_1_13' title="bbox 421 1318 2003 1391; baseline -0.002 -15"><span class='ocrx_word' id='word_1_79' title='bbox 421 1330 478 1376; x_wconf 88' lang='lat' dir='ltr'><strong>et</strong></span> <span class='ocrx_word' id='word_1_80' title='bbox 502 1336 672 1391; x_wconf 85' lang='lat' dir='ltr'><strong>prava</strong></span> <span class='ocrx_word' id='word_1_81' title='bbox 708 1321 977 1384; x_wconf 80' lang='lat' dir='ltr'><strong>referunt,</strong></span> <span class='ocrx_word' id='word_1_82' title='bbox 1012 1320 1141 1389; x_wconf 88' lang='lat' dir='ltr'><strong>quid</strong></span> <span class='ocrx_word' id='word_1_83' title='bbox 1172 1320 1374 1374; x_wconf 85' lang='lat' dir='ltr'><strong>dicturi</strong></span> <span class='ocrx_word' id='word_1_84' title='bbox 1411 1327 1541 1375; x_wconf 91' lang='lat' dir='ltr'><strong>sunt</strong></span> <span class='ocrx_word' id='word_1_85' title='bbox 1577 1319 1645 1374; x_wconf 92' lang='lat' dir='ltr'><strong>de</strong></span> <span class='ocrx_word' id='word_1_86' title='bbox 1674 1318 1874 1383; x_wconf 89' lang='lat' dir='ltr'><strong>Paulo;</strong></span> <span class='ocrx_word' id='word_1_87' title='bbox 1910 1321 2003 1389; x_wconf 92' lang='lat' dir='ltr'><strong>qui</strong></span> 
     </span>
    </p>
   </div>
   <div class='ocr_carea' id='block_1_14' title="bbox 421 1410 2003 1481">
    <p class='ocr_par' dir='ltr' id='par_1_14' title="bbox 421 1410 2003 1481">
     <span class='ocr_line' id='line_1_14' title="bbox 421 1410 2003 1481; baseline -0.003 -14"><span class='ocrx_word' id='word_1_88' title='bbox 421 1428 550 1467; x_wconf 89' lang='lat' dir='ltr'><strong>cum</strong></span> <span class='ocrx_word' id='word_1_89' title='bbox 590 1413 798 1467; x_wconf 81' lang='lat' dir='ltr'><strong>videret</strong></span> <span class='ocrx_word' id='word_1_90' title='bbox 833 1411 1130 1481; x_wconf 86' lang='lat' dir='ltr'><strong>aliquando</strong></span> <span class='ocrx_word' id='word_1_91' title='bbox 1169 1410 1439 1466; x_wconf 86' lang='lat' dir='ltr'><strong>Bar-Jcsu</strong></span> <span class='ocrx_word' id='word_1_92' title='bbox 1468 1426 1686 1480; x_wconf 83' lang='lat' dir='ltr'><strong>magum</strong></span> <span class='ocrx_word' id='word_1_93' title='bbox 1708 1450 1723 1474; x_wconf 94' lang='lat'><strong>,</strong></span> <span class='ocrx_word' id='word_1_94' title='bbox 1758 1411 1853 1480; x_wconf 92' lang='lat' dir='ltr'><strong>qui</strong></span> <span class='ocrx_word' id='word_1_95' title='bbox 1885 1423 2003 1464; x_wconf 86' lang='lat' dir='ltr'><strong>erat</strong></span> 
     </span>
    </p>
   </div>
   <div class='ocr_carea' id='block_1_15' title="bbox 422 1502 2002 1575">
    <p class='ocr_par' dir='ltr' id='par_1_15' title="bbox 422 1502 2002 1575">
     <span class='ocr_line' id='line_1_15' title="bbox 422 1502 2002 1575; baseline -0.003 -16"><span class='ocrx_word' id='word_1_96' title='bbox 422 1521 548 1560; x_wconf 89' lang='lat' dir='ltr'><strong>cum</strong></span> <span class='ocrx_word' id='word_1_97' title='bbox 578 1504 769 1575; x_wconf 85' lang='lat' dir='ltr'><strong>Sergio</strong></span> <span class='ocrx_word' id='word_1_98' title='bbox 798 1505 968 1559; x_wconf 89' lang='lat' dir='ltr'><strong>Paulo</strong></span> <span class='ocrx_word' id='word_1_99' title='bbox 994 1505 1347 1574; x_wconf 83' lang='lat' dir='ltr'><strong>proconsule,</strong></span> <span class='ocrx_word' id='word_1_100' title='bbox 1380 1502 1766 1565; x_wconf 88' lang='lat' dir='ltr'><strong>disserentem,</strong></span> <span class='ocrx_word' id='word_1_101' title='bbox 1799 1514 1851 1557; x_wconf 87' lang='lat' dir='ltr'><strong>et</strong></span> <span class='ocrx_word' id='word_1_102' title='bbox 1869 1504 2002 1556; x_wconf 85' lang='lat' dir='ltr'><strong>arti-</strong></span> 
     </span>
    </p>
   </div>
   <div class='ocr_carea' id='block_1_16' title="bbox 422 1596 2003 1666">
    <p class='ocr_par' dir='ltr' id='par_1_16' title="bbox 422 1596 2003 1666">
     <span class='ocr_line' id='line_1_16' title="bbox 422 1596 2003 1666; baseline -0.002 -14"><span class='ocrx_word' id='word_1_103' title='bbox 422 1598 616 1653; x_wconf 84' lang='lat' dir='ltr'><strong>ﬁciosa</strong></span> <span class='ocrx_word' id='word_1_104' title='bbox 649 1597 1057 1653; x_wconf 86' lang='lat' dir='ltr'><strong>machinatione</strong></span> <span class='ocrx_word' id='word_1_105' title='bbox 1086 1597 1357 1652; x_wconf 89' lang='lat' dir='ltr'><strong>orationis</strong></span> <span class='ocrx_word' id='word_1_106' title='bbox 1387 1603 1625 1652; x_wconf 91' lang='lat' dir='ltr'><strong>mentem</strong></span> <span class='ocrx_word' id='word_1_107' title='bbox 1663 1612 1856 1652; x_wconf 90' lang='lat' dir='ltr'><strong>eorum</strong></span> <span class='ocrx_word' id='word_1_108' title='bbox 1910 1596 2003 1666; x_wconf 88' lang='lat' dir='ltr'><strong>qui</strong></span> 
     </span>
    </p>
   </div>
   <div class='ocr_carea' id='block_1_17' title="bbox 421 1689 1991 1760">
    <p class='ocr_par' dir='ltr' id='par_1_17' title="bbox 421 1689 1991 1760">
     <span class='ocr_line' id='line_1_17' title="bbox 421 1689 1991 1760; baseline 0.001 -16"><span class='ocrx_word' id='word_1_109' title='bbox 421 1690 706 1746; x_wconf 84' lang='lat' dir='ltr'><strong>veritatem</strong></span> <span class='ocrx_word' id='word_1_110' title='bbox 739 1689 1072 1751; x_wconf 79' lang='lat' dir='ltr'><strong>didicerant.</strong></span> <span class='ocrx_word' id='word_1_111' title='bbox 1102 1690 1527 1760; x_wconf 84' lang='lat' dir='ltr'><strong>depravantem,</strong></span> <span class='ocrx_word' id='word_1_112' title='bbox 1560 1705 1672 1744; x_wconf 89' lang='lat' dir='ltr'><strong>non</strong></span> <span class='ocrx_word' id='word_1_113' title='bbox 1746 1698 1830 1745; x_wconf 87' lang='lat' dir='ltr'><strong>est</strong></span> <span class='ocrx_word' id='word_1_114' title='bbox 1862 1705 1991 1760; x_wconf 89' lang='lat' dir='ltr'><strong>pas-</strong></span> 
     </span>
    </p>
   </div>
   <div class='ocr_carea' id='block_1_18' title="bbox 419 1780 2000 1851">
    <p class='ocr_par' dir='ltr' id='par_1_18' title="bbox 419 1780 2000 1851">
     <span class='ocr_line' id='line_1_18' title="bbox 419 1780 2000 1851; baseline -0.002 -13"><span class='ocrx_word' id='word_1_115' title='bbox 419 1795 539 1845; x_wconf 85' lang='lat' dir='ltr'><strong>sus,</strong></span> <span class='ocrx_word' id='word_1_116' title='bbox 571 1782 895 1851; x_wconf 86' lang='lat' dir='ltr'><strong>increpavit,</strong></span> <span class='ocrx_word' id='word_1_117' title='bbox 920 1781 1153 1850; x_wconf 83' lang='lat' dir='ltr'><strong>punivit,</strong></span> <span class='ocrx_word' id='word_1_118' title='bbox 1196 1781 1432 1850; x_wconf 88' lang='lat' dir='ltr'><strong>privavit</strong></span> <span class='ocrx_word' id='word_1_119' title='bbox 1469 1780 1669 1846; x_wconf 90' lang='lat' dir='ltr'><strong>oculis,</strong></span> <span class='ocrx_word' id='word_1_120' title='bbox 1704 1780 2000 1835; x_wconf 87' lang='lat' dir='ltr'><strong>clamavit:</strong></span> 
     </span>
    </p>
   </div>
   <div class='ocr_carea' id='block_1_19' title="bbox 422 1872 2004 1943">
    <p class='ocr_par' dir='ltr' id='par_1_19' title="bbox 422 1872 2004 1943">
     <span class='ocr_line' id='line_1_19' title="bbox 422 1872 2004 1943; baseline -0.003 -13"><span class='ocrx_word' id='word_1_121' title='bbox 422 1874 468 1930; x_wconf 89' lang='lat'><em>0</em></span> <span class='ocrx_word' id='word_1_122' title='bbox 487 1875 634 1943; x_wconf 79' lang='lat' dir='ltr'><strong>plene</strong></span> <span class='ocrx_word' id='word_1_123' title='bbox 673 1873 797 1928; x_wconf 85' lang='lat' dir='ltr'><strong>dolo</strong></span> <span class='ocrx_word' id='word_1_124' title='bbox 826 1884 877 1927; x_wconf 88' lang='lat' dir='ltr'><strong>et</strong></span> <span class='ocrx_word' id='word_1_125' title='bbox 910 1875 1053 1927; x_wconf 88' lang='lat' dir='ltr'><strong>omni</strong></span> <span class='ocrx_word' id='word_1_126' title='bbox 1075 1873 1321 1942; x_wconf 80' lang='lat' dir='ltr'><strong>fallacia,</strong></span> <span class='ocrx_word' id='word_1_127' title='bbox 1351 1873 1432 1941; x_wconf 77' lang='lat' dir='ltr'><strong>ﬁli</strong></span> <span class='ocrx_word' id='word_1_128' title='bbox 1471 1872 1696 1937; x_wconf 85' lang='lat' dir='ltr'><strong>diaboli,</strong></span> <span class='ocrx_word' id='word_1_129' title='bbox 1730 1890 1833 1927; x_wconf 90' lang='lat' dir='ltr'><strong>non</strong></span> <span class='ocrx_word' id='word_1_130' title='bbox 1860 1873 2004 1927; x_wconf 76' lang='lat' dir='ltr'><strong>desi-</strong></span> 
     </span>
    </p>
   </div>
   <div class='ocr_carea' id='block_1_20' title="bbox 2108 678 3689 752">
    <p class='ocr_par' dir='ltr' id='par_1_20' title="bbox 2108 678 3689 752">
     <span class='ocr_line' id='line_1_20' title="bbox 2108 678 3689 752; baseline 0.001 -20"><span class='ocrx_word' id='word_1_131' title='bbox 2108 680 2260 732; x_wconf 80' lang='grc' dir='ltr'>δυσὶν</span> <span class='ocrx_word' id='word_1_132' title='bbox 2293 680 2516 749; x_wconf 82' lang='grc' dir='ltr'><strong>ἄρκτοις</strong></span> <span class='ocrx_word' id='word_1_133' title='bbox 2547 678 2738 733; x_wconf 81' lang='grc' dir='ltr'>ἔκδοτα</span> <span class='ocrx_word' id='word_1_134' title='bbox 2765 679 3139 751; x_wconf 86' lang='grc' dir='ltr'>παρεδίδου,τά</span> <span class='ocrx_word' id='word_1_135' title='bbox 3164 681 3354 751; x_wconf 82' lang='grc' dir='ltr'>νήπια,</span> <span class='ocrx_word' id='word_1_136' title='bbox 3382 679 3548 752; x_wconf 81' lang='grc' dir='ltr'>βορὰν</span> <span class='ocrx_word' id='word_1_137' title='bbox 3577 681 3689 751; x_wconf 72' lang='grc'>(62)</span> 
     </span>
    </p>
   </div>
   <div class='ocr_carea' id='block_1_21' title="bbox 2108 769 3688 843">
    <p class='ocr_par' dir='ltr' id='par_1_21' title="bbox 2108 769 3688 843">
     <span class='ocr_line' id='line_1_21' title="bbox 2108 769 3688 843; baseline -0.004 -15"><span class='ocrx_word' id='word_1_138' title='bbox 2108 776 2200 828; x_wconf 75' lang='grc' dir='ltr'><strong>καὶ</strong></span> <span class='ocrx_word' id='word_1_139' title='bbox 2231 774 2412 843; x_wconf 79' lang='grc' dir='ltr'>θοίνην</span> <span class='ocrx_word' id='word_1_140' title='bbox 2455 770 2888 843; x_wconf 79' lang='grc' dir='ltr'>παρεσκευακὼς</span> <span class='ocrx_word' id='word_1_141' title='bbox 2931 773 3044 834; x_wconf 82' lang='grc' dir='ltr'>τοῖς</span> <span class='ocrx_word' id='word_1_142' title='bbox 3093 771 3315 841; x_wconf 84' lang='grc' dir='ltr'><strong>ἄρκτοις</strong></span> <span class='ocrx_word' id='word_1_143' title='bbox 3361 769 3431 822; x_wconf 87' lang='grc' dir='ltr'><strong>τά</strong></span> <span class='ocrx_word' id='word_1_144' title='bbox 3466 770 3688 836; x_wconf 89' lang='grc' dir='ltr'>παιδία;</span> 
     </span>
    </p>
   </div>
   <div class='ocr_carea' id='block_1_22' title="bbox 2107 856 3688 937">
    <p class='ocr_par' dir='ltr' id='par_1_22' title="bbox 2107 856 3688 937">
     <span class='ocr_line' id='line_1_22' title="bbox 2107 856 3688 937; baseline -0.005 -18"><span class='ocrx_word' id='word_1_145' title='bbox 2107 868 2219 936; x_wconf 73' lang='grc' dir='ltr'><strong>Οὐχ</strong></span> <span class='ocrx_word' id='word_1_146' title='bbox 2270 867 2452 937; x_wconf 80' lang='grc' dir='ltr'>ὁρᾶτε,</span> <span class='ocrx_word' id='word_1_147' title='bbox 2509 863 2693 933; x_wconf 76' lang='grc' dir='ltr'>φησὶν,</span> <span class='ocrx_word' id='word_1_148' title='bbox 2749 863 2833 914; x_wconf 84' lang='grc' dir='ltr'>ἴνα</span> <span class='ocrx_word' id='word_1_149' title='bbox 2883 861 3027 925; x_wconf 83' lang='grc' dir='ltr'>τινές</span> <span class='ocrx_word' id='word_1_150' title='bbox 3071 856 3304 924; x_wconf 70' lang='grc' dir='ltr'>’ἄκοντες</span> <span class='ocrx_word' id='word_1_151' title='bbox 3358 857 3688 931; x_wconf 82' lang='grc' dir='ltr'>στρατιῶται</span> 
     </span>
    </p>
   </div>
   <div class='ocr_carea' id='block_1_23' title="bbox 2105 951 3687 1017">
    <p class='ocr_par' dir='ltr' id='par_1_23' title="bbox 2105 951 3687 1017">
     <span class='ocr_line' id='line_1_23' title="bbox 2105 951 3687 1017; baseline -0.004 -7"><span class='ocrx_word' id='word_1_152' title='bbox 2105 958 2215 1011; x_wconf 87' lang='grc' dir='ltr'><strong>ἀπὸ</strong></span> <span class='ocrx_word' id='word_1_153' title='bbox 2244 957 2335 1009; x_wconf 77' lang='grc' dir='ltr'>τοῦ</span> <span class='ocrx_word' id='word_1_154' title='bbox 2366 952 3101 1017; x_wconf 79' lang='grc' dir='ltr'>ἐπιτάττοντος¹ἁποσταλῶσι</span> <span class='ocrx_word' id='word_1_155' title='bbox 3126 952 3453 1005; x_wconf 81' lang='grc' dir='ltr'>καλέσαιτὸν</span> <span class='ocrx_word' id='word_1_156' title='bbox 3482 951 3687 1017; x_wconf 85' lang='grc' dir='ltr'>Ἠλίαν,</span> 
     </span>
    </p>
   </div>
   <div class='ocr_carea' id='block_1_24' title="bbox 2108 1043 3689 1119">
    <p class='ocr_par' dir='ltr' id='par_1_24' title="bbox 2108 1043 3689 1119">
     <span class='ocr_line' id='line_1_24' title="bbox 2108 1043 3689 1119; baseline -0.004 -18"><span class='ocrx_word' id='word_1_157' title='bbox 2108 1048 2321 1119; x_wconf 80' lang='grc' dir='ltr'>βαδίσαι</span> <span class='ocrx_word' id='word_1_158' title='bbox 2354 1047 2452 1117; x_wconf 83' lang='grc' dir='ltr'><strong>μὲν</strong></span> <span class='ocrx_word' id='word_1_159' title='bbox 2490 1045 2727 1117; x_wconf 79' lang='grc' dir='ltr'>ὤκνησε,</span> <span class='ocrx_word' id='word_1_160' title='bbox 2764 1047 2860 1099; x_wconf 76' lang='grc' dir='ltr'><strong>καὶ</strong></span> <span class='ocrx_word' id='word_1_161' title='bbox 2907 1044 3111 1113; x_wconf 76' lang='grc' dir='ltr'>φθάσαι</span> <span class='ocrx_word' id='word_1_162' title='bbox 3159 1046 3533 1115; x_wconf 80' lang='grc' dir='ltr'>παρῃτήσατο,</span> <span class='ocrx_word' id='word_1_163' title='bbox 3576 1043 3689 1114; x_wconf 82' lang='grc' dir='ltr'>πῦρ</span> 
     </span>
    </p>
   </div>
   <div class='ocr_carea' id='block_1_25' title="bbox 2104 1134 3683 1208">
    <p class='ocr_par' dir='ltr' id='par_1_25' title="bbox 2104 1134 3683 1208">
     <span class='ocr_line' id='line_1_25' title="bbox 2104 1134 3683 1208; baseline -0.003 -16"><span class='ocrx_word' id='word_1_164' title='bbox 2104 1140 2162 1192; x_wconf 84' lang='grc' dir='ltr'>δὲ</span> <span class='ocrx_word' id='word_1_165' title='bbox 2201 1141 2539 1208; x_wconf 84' lang='grc' dir='ltr'>κατήνεγκε,</span> <span class='ocrx_word' id='word_1_166' title='bbox 2589 1137 2683 1189; x_wconf 77' lang='grc' dir='ltr'><strong>καὶ</strong></span> <span class='ocrx_word' id='word_1_167' title='bbox 2726 1138 2852 1199; x_wconf 80' lang='grc' dir='ltr'>τοὺς</span> <span class='ocrx_word' id='word_1_168' title='bbox 2903 1135 3103 1206; x_wconf 82' lang='grc' dir='ltr'>ἄνδρας</span> <span class='ocrx_word' id='word_1_169' title='bbox 3148 1135 3390 1188; x_wconf 82' lang='grc' dir='ltr'>ἐδαπάνα</span> <span class='ocrx_word' id='word_1_170' title='bbox 3440 1134 3536 1187; x_wconf 81' lang='grc' dir='ltr'>καὶ</span> <span class='ocrx_word' id='word_1_171' title='bbox 3589 1135 3683 1188; x_wconf 86' lang='grc' dir='ltr'>ἀν·-</span> 
     </span>
    </p>
   </div>
   <div class='ocr_carea' id='block_1_26' title="bbox 2106 1224 3690 1301">
    <p class='ocr_par' dir='ltr' id='par_1_26' title="bbox 2106 1224 3690 1301">
     <span class='ocr_line' id='line_1_26' title="bbox 2106 1224 3690 1301; baseline -0.002 -19"><span class='ocrx_word' id='word_1_172' title='bbox 2106 1231 2297 1301; x_wconf 85' lang='grc' dir='ltr'>ήλισκε</span> <span class='ocrx_word' id='word_1_173' title='bbox 2312 1270 2325 1292; x_wconf 92' lang='grc'><strong>,</strong></span> <span class='ocrx_word' id='word_1_174' title='bbox 2350 1228 2541 1298; x_wconf 81' lang='grc' dir='ltr'>λέγων·</span> <span class='ocrx_word' id='word_1_175' title='bbox 2561 1231 2628 1281; x_wconf 80' lang='lat' dir='ltr'><strong>Ei</strong></span> <span class='ocrx_word' id='word_1_176' title='bbox 2657 1227 2965 1295; x_wconf 73' lang='grc' dir='ltr'>ἄνθρωπος</span> <span class='ocrx_word' id='word_1_177' title='bbox 2989 1227 3089 1280; x_wconf 75' lang='grc' dir='ltr'>τοῦ</span> <span class='ocrx_word' id='word_1_178' title='bbox 3112 1224 3258 1280; x_wconf 79' lang='grc' dir='ltr'>Θεοῦ</span> <span class='ocrx_word' id='word_1_179' title='bbox 3286 1228 3401 1295; x_wconf 71' lang='grc' dir='ltr'>εἶμι</span> <span class='ocrx_word' id='word_1_180' title='bbox 3420 1224 3554 1295; x_wconf 74' lang='grc' dir='ltr'>ἐγὼ,</span> <span class='ocrx_word' id='word_1_181' title='bbox 3585 1243 3690 1279; x_wconf 80' lang='grc' dir='ltr'>κα·-</span> 
     </span>
    </p>
   </div>
   <div class='ocr_carea' id='block_1_27' title="bbox 2104 1318 3687 1390">
    <p class='ocr_par' dir='ltr' id='par_1_27' title="bbox 2104 1318 3687 1390">
     <span class='ocr_line' id='line_1_27' title="bbox 2104 1318 3687 1390; baseline -0.003 -14"><span class='ocrx_word' id='word_1_182' title='bbox 2104 1323 2424 1388; x_wconf 76' lang='grc' dir='ltr'>ταϐήσεται</span> <span class='ocrx_word' id='word_1_183' title='bbox 2458 1322 2578 1390; x_wconf 77' lang='grc' dir='ltr'>πῦρ</span> <span class='ocrx_word' id='word_1_184' title='bbox 2601 1320 2719 1374; x_wconf 82' lang='grc' dir='ltr'><strong>ἀπὸ</strong></span> <span class='ocrx_word' id='word_1_185' title='bbox 2756 1320 2862 1373; x_wconf 83' lang='grc' dir='ltr'>τοῦ</span> <span class='ocrx_word' id='word_1_186' title='bbox 2895 1318 3174 1386; x_wconf 80' lang='grc' dir='ltr'>οὐρανοῦ,</span> <span class='ocrx_word' id='word_1_187' title='bbox 3202 1319 3300 1372; x_wconf 80' lang='grc' dir='ltr'>καὶ</span> <span class='ocrx_word' id='word_1_188' title='bbox 3341 1319 3687 1389; x_wconf 71' lang='grc' dir='ltr'>καταφαγῆ-</span> 
     </span>
    </p>
   </div>
   <div class='ocr_carea' id='block_1_28' title="bbox 2105 1408 3687 1481">
    <p class='ocr_par' dir='ltr' id='par_1_28' title="bbox 2105 1408 3687 1481">
     <span class='ocr_line' id='line_1_28' title="bbox 2105 1408 3687 1481; baseline -0.005 -12"><span class='ocrx_word' id='word_1_189' title='bbox 2105 1416 2279 1469; x_wconf 82' lang='grc' dir='ltr'>σεταί</span> <span class='ocrx_word' id='word_1_190' title='bbox 2315 1430 2389 1467; x_wconf 83' lang='grc' dir='ltr'><strong>σε</strong></span> <span class='ocrx_word' id='word_1_191' title='bbox 2430 1413 2528 1466; x_wconf 77' lang='grc' dir='ltr'>καὶ</span> <span class='ocrx_word' id='word_1_192' title='bbox 2566 1412 2707 1477; x_wconf 83' lang='grc' dir='ltr'>τοὺς</span> <span class='ocrx_word' id='word_1_193' title='bbox 2745 1408 3122 1475; x_wconf 74' lang='grc' dir='ltr'>πεντήκοντά</span> <span class='ocrx_word' id='word_1_194' title='bbox 3153 1425 3312 1473; x_wconf 83' lang='grc' dir='ltr'>σου;</span> <span class='ocrx_word' id='word_1_195' title='bbox 3352 1410 3462 1463; x_wconf 82' lang='grc' dir='ltr'>Καὶ</span> <span class='ocrx_word' id='word_1_196' title='bbox 3500 1410 3687 1481; x_wconf 81' lang='grc' dir='ltr'>ἐπειδὴ</span> 
     </span>
    </p>
   </div>
   <div class='ocr_carea' id='block_1_29' title="bbox 2105 1499 3687 1583">
    <p class='ocr_par' dir='ltr' id='par_1_29' title="bbox 2105 1499 3687 1583">
     <span class='ocr_line' id='line_1_29' title="bbox 2105 1499 3687 1583; baseline -0.006 -23"><span class='ocrx_word' id='word_1_197' title='bbox 2105 1508 2360 1568; x_wconf 83' lang='grc' dir='ltr'>τοιαύτας</span> <span class='ocrx_word' id='word_1_198' title='bbox 2398 1504 2597 1583; x_wconf 69' lang='grc' dir='ltr'>αἰτίας,</span> <span class='ocrx_word' id='word_1_199' title='bbox 2645 1502 2739 1555; x_wconf 79' lang='grc' dir='ltr'><strong>καὶ</strong></span> <span class='ocrx_word' id='word_1_200' title='bbox 2785 1500 3043 1565; x_wconf 78' lang='grc' dir='ltr'>τοιαύτας</span> <span class='ocrx_word' id='word_1_201' title='bbox 3094 1500 3374 1571; x_wconf 80' lang='grc' dir='ltr'>ἐπιτιμίας</span> <span class='ocrx_word' id='word_1_202' title='bbox 3420 1503 3477 1554; x_wconf 82' lang='grc' dir='ltr'><strong>ἐν</strong></span> <span class='ocrx_word' id='word_1_203' title='bbox 3534 1499 3687 1566; x_wconf 83' lang='grc' dir='ltr'>τάξει</span> 
     </span>
    </p>
   </div>
   <div class='ocr_carea' id='block_1_30' title="bbox 2106 1592 3685 1670">
    <p class='ocr_par' dir='ltr' id='par_1_30' title="bbox 2106 1592 3685 1670">
     <span class='ocr_line' id='line_1_30' title="bbox 2106 1592 3685 1670; baseline -0.006 -17"><span class='ocrx_word' id='word_1_204' title='bbox 2106 1599 2371 1670; x_wconf 83' lang='grc' dir='ltr'>πονηρίας</span> <span class='ocrx_word' id='word_1_205' title='bbox 2405 1600 2495 1650; x_wconf 73' lang='grc' dir='ltr'><strong>καὶ</strong></span> <span class='ocrx_word' id='word_1_206' title='bbox 2529 1595 2725 1658; x_wconf 84' lang='grc' dir='ltr'>κακίας</span> <span class='ocrx_word' id='word_1_207' title='bbox 2762 1594 3022 1658; x_wconf 77' lang='grc' dir='ltr'>τίθενται,</span> <span class='ocrx_word' id='word_1_208' title='bbox 3071 1592 3123 1645; x_wconf 90' lang='grc' dir='ltr'><strong>τί</strong></span> <span class='ocrx_word' id='word_1_209' title='bbox 3156 1592 3339 1664; x_wconf 80' lang='grc' dir='ltr'>ἐροῦσι</span> <span class='ocrx_word' id='word_1_210' title='bbox 3370 1593 3497 1663; x_wconf 75' lang='grc' dir='ltr'>περὶ</span> <span class='ocrx_word' id='word_1_211' title='bbox 3537 1592 3685 1645; x_wconf 83' lang='grc' dir='ltr'>Παύ-</span> 
     </span>
    </p>
   </div>
   <div class='ocr_carea' id='block_1_31' title="bbox 2104 1681 3693 1757">
    <p class='ocr_par' dir='ltr' id='par_1_31' title="bbox 2104 1681 3693 1757">
     <span class='ocr_line' id='line_1_31' title="bbox 2104 1681 3693 1757; baseline -0.004 -14"><span class='ocrx_word' id='word_1_212' title='bbox 2104 1691 2197 1744; x_wconf 88' lang='grc' dir='ltr'><strong>λου</strong></span> <span class='ocrx_word' id='word_1_213' title='bbox 2217 1708 2231 1722; x_wconf 89' lang='grc'><strong>·</strong></span> <span class='ocrx_word' id='word_1_214' title='bbox 2256 1691 2401 1752; x_wconf 85' lang='grc' dir='ltr'>ὅστις</span> <span class='ocrx_word' id='word_1_215' title='bbox 2431 1686 2562 1741; x_wconf 83' lang='grc' dir='ltr'>ποτὲ</span> <span class='ocrx_word' id='word_1_216' title='bbox 2602 1687 2694 1740; x_wconf 86' lang='grc' dir='ltr'><strong>τὸν</strong></span> <span class='ocrx_word' id='word_1_217' title='bbox 2734 1685 3024 1755; x_wconf 87' lang='grc' dir='ltr'>λεγόμενον</span> <span class='ocrx_word' id='word_1_218' title='bbox 3057 1681 3361 1757; x_wconf 76' lang='grc' dir='ltr'>Βαριησοῦν</span> <span class='ocrx_word' id='word_1_219' title='bbox 3388 1683 3481 1736; x_wconf 85' lang='grc' dir='ltr'><strong>τὸν</strong></span> <span class='ocrx_word' id='word_1_220' title='bbox 3515 1682 3693 1753; x_wconf 86' lang='grc' dir='ltr'>μάγον</span> 
     </span>
    </p>
   </div>
   <div class='ocr_carea' id='block_1_32' title="bbox 2106 1773 3688 1853">
    <p class='ocr_par' dir='ltr' id='par_1_32' title="bbox 2106 1773 3688 1853">
     <span class='ocr_line' id='line_1_32' title="bbox 2106 1773 3688 1853; baseline -0.006 -17"><span class='ocrx_word' id='word_1_221' title='bbox 2106 1785 2199 1837; x_wconf 70' lang='grc' dir='ltr'><strong>ἐπὶ</strong></span> <span class='ocrx_word' id='word_1_222' title='bbox 2225 1782 2450 1853; x_wconf 88' lang='grc' dir='ltr'>Σεργίου</span> <span class='ocrx_word' id='word_1_223' title='bbox 2484 1779 2696 1832; x_wconf 83' lang='grc' dir='ltr'>Παύλου</span> <span class='ocrx_word' id='word_1_224' title='bbox 2724 1777 3056 1838; x_wconf 89' lang='grc' dir='ltr'>ἀνθυπάτου,</span> <span class='ocrx_word' id='word_1_225' title='bbox 3089 1776 3163 1839; x_wconf 83' lang='grc' dir='ltr'><strong>ὡς</strong></span> <span class='ocrx_word' id='word_1_226' title='bbox 3191 1774 3568 1844; x_wconf 87' lang='grc' dir='ltr'>κακοτεχνίαις</span> <span class='ocrx_word' id='word_1_227' title='bbox 3592 1773 3688 1828; x_wconf 70' lang='grc' dir='ltr'>τοῦ</span> 
     </span>
    </p>
   </div>
   <div class='ocr_carea' id='block_1_33' title="bbox 2105 1854 3689 1946">
    <p class='ocr_par' dir='ltr' id='par_1_33' title="bbox 2105 1854 3689 1946">
     <span class='ocr_line' id='line_1_33' title="bbox 2105 1854 3689 1946; baseline -0.006 -17"><span class='ocrx_word' id='word_1_228' title='bbox 2105 1876 2263 1944; x_wconf 80' lang='grc' dir='ltr'>λόγου</span> <span class='ocrx_word' id='word_1_229' title='bbox 2303 1873 2665 1946; x_wconf 71' lang='grc' dir='ltr'>στρεφόμενον</span> <span class='ocrx_word' id='word_1_230' title='bbox 2710 1871 2807 1942; x_wconf 85' lang='grc' dir='ltr'>τὴν</span> <span class='ocrx_word' id='word_1_231' title='bbox 2844 1870 3083 1923; x_wconf 88' lang='grc' dir='ltr'>διάνοιαν</span> <span class='ocrx_word' id='word_1_232' title='bbox 3118 1854 3236 1922; x_wconf 30' lang='grc' dir='ltr'>’τῶν</span> <span class='ocrx_word' id='word_1_233' title='bbox 3282 1867 3689 1938; x_wconf 84' lang='grc' dir='ltr'>παιδευομένων</span> 
     </span>
    </p>
   </div>
   <div class='ocr_carea' id='block_1_34' title="bbox 418 1950 2004 2039">
    <p class='ocr_par' dir='ltr' id='par_1_34' title="bbox 418 1964 1996 2021">
     <span class='ocr_line' id='line_1_34' title="bbox 418 1964 1996 2021; baseline -0.001 -1"><span class='ocrx_word' id='word_1_234' title='bbox 418 1968 502 2020; x_wconf 82' lang='lat' dir='ltr'><strong>nis</strong></span> <span class='ocrx_word' id='word_1_235' title='bbox 535 1967 833 2020; x_wconf 78' lang='lat' dir='ltr'><strong>subvertere</strong></span> <span class='ocrx_word' id='word_1_236' title='bbox 864 1967 975 2020; x_wconf 79' lang='lat' dir='ltr'><strong>vias</strong></span> <span class='ocrx_word' id='word_1_237' title='bbox 1009 1964 1223 2020; x_wconf 86' lang='lat' dir='ltr'><strong>Domini</strong></span> <span class='ocrx_word' id='word_1_238' title='bbox 1244 1968 1457 2021; x_wconf 79' lang='lat' dir='ltr'><strong>rectas?</strong></span> <span class='ocrx_word' id='word_1_239' title='bbox 1477 1964 1545 2019; x_wconf 87' lang='lat' dir='ltr'><strong>Et</strong></span> <span class='ocrx_word' id='word_1_240' title='bbox 1573 1982 1710 2019; x_wconf 88' lang='lat' dir='ltr'><strong>nunc</strong></span> <span class='ocrx_word' id='word_1_241' title='bbox 1739 1981 1854 2019; x_wconf 86' lang='lat' dir='ltr'><strong>ecce</strong></span> <span class='ocrx_word' id='word_1_242' title='bbox 1879 1981 1996 2019; x_wconf 80' lang='lat' dir='ltr'><strong>ma-</strong></span> 
     </span>
    </p>
   </div>
   <div class='ocr_carea' id='block_1_35' title="bbox 2109 1950 3689 2039">
    <p class='ocr_par' dir='ltr' id='par_1_35' title="bbox 2109 1956 3689 2039">
     <span class='ocr_line' id='line_1_35' title="bbox 2109 1956 3689 2039; baseline -0.008 -18"><span class='ocrx_word' id='word_1_243' title='bbox 2109 1966 2268 2039; x_wconf 81' lang='grc' dir='ltr'>ἐώρα,</span> <span class='ocrx_word' id='word_1_244' title='bbox 2295 1968 2395 2019; x_wconf 72' lang='grc' dir='ltr'><strong>οὐκ</strong></span> <span class='ocrx_word' id='word_1_245' title='bbox 2423 1966 2674 2035; x_wconf 71' lang='grc' dir='ltr'>ἤνεγκεν,</span> <span class='ocrx_word' id='word_1_246' title='bbox 2716 1963 3034 2034; x_wconf 82' lang='grc' dir='ltr'>ἐπετίμησε,</span> <span class='ocrx_word' id='word_1_247' title='bbox 3071 1961 3324 2031; x_wconf 80' lang='grc' dir='ltr'>στέρησιν</span> <span class='ocrx_word' id='word_1_248' title='bbox 3349 1958 3457 2011; x_wconf 83' lang='grc' dir='ltr'>τῶν</span> <span class='ocrx_word' id='word_1_249' title='bbox 3489 1956 3689 2026; x_wconf 72' lang='grc' dir='ltr'>ὀφθαλ-</span> 
     </span>
    </p>
   </div>
   <div class='ocr_carea' id='block_1_36' title="bbox 416 2060 1997 2128">
    <p class='ocr_par' dir='ltr' id='par_1_36' title="bbox 416 2060 1997 2128">
     <span class='ocr_line' id='line_1_36' title="bbox 416 2060 1997 2128; baseline -0.001 -13"><span class='ocrx_word' id='word_1_250' title='bbox 416 2077 519 2115; x_wconf 73' lang='lat' dir='ltr'><strong>nus</strong></span> <span class='ocrx_word' id='word_1_251' title='bbox 559 2060 771 2114; x_wconf 85' lang='lat' dir='ltr'><strong>Domini</strong></span> <span class='ocrx_word' id='word_1_252' title='bbox 819 2076 976 2128; x_wconf 79' lang='lat' dir='ltr'><strong>super</strong></span> <span class='ocrx_word' id='word_1_253' title='bbox 1008 2070 1075 2123; x_wconf 81' lang='lat' dir='ltr'><strong>te,</strong></span> <span class='ocrx_word' id='word_1_254' title='bbox 1106 2070 1155 2113; x_wconf 85' lang='lat' dir='ltr'><strong>et</strong></span> <span class='ocrx_word' id='word_1_255' title='bbox 1190 2062 1295 2115; x_wconf 81' lang='lat' dir='ltr'><strong>eris</strong></span> <span class='ocrx_word' id='word_1_256' title='bbox 1329 2077 1522 2125; x_wconf 66' lang='lat' dir='ltr'><strong>circus,</strong></span> <span class='ocrx_word' id='word_1_257' title='bbox 1564 2077 1667 2114; x_wconf 89' lang='lat' dir='ltr'><strong>non</strong></span> <span class='ocrx_word' id='word_1_258' title='bbox 1700 2062 1879 2114; x_wconf 83' lang='lat' dir='ltr'><strong>videns</strong></span> <span class='ocrx_word' id='word_1_259' title='bbox 1909 2078 1997 2115; x_wconf 79' lang='lat' dir='ltr'><strong>so-</strong></span> 
     </span>
    </p>
   </div>
   <div class='ocr_carea' id='block_1_37' title="bbox 419 2152 1126 2222">
    <p class='ocr_par' dir='ltr' id='par_1_37' title="bbox 419 2152 1126 2222">
     <span class='ocr_line' id='line_1_37' title="bbox 419 2152 1126 2222; baseline 0.003 -17"><span class='ocrx_word' id='word_1_260' title='bbox 419 2152 520 2206; x_wconf 79' lang='lat' dir='ltr'><strong>lem</strong></span> <span class='ocrx_word' id='word_1_261' title='bbox 551 2168 714 2222; x_wconf 80' lang='lat' dir='ltr'><strong>usque</strong></span> <span class='ocrx_word' id='word_1_262' title='bbox 748 2152 817 2205; x_wconf 87' lang='lat' dir='ltr'><strong>ad</strong></span> <span class='ocrx_word' id='word_1_263' title='bbox 849 2153 1126 2221; x_wconf 73' lang='lat' dir='ltr'><strong>tempus“.</strong></span> 
     </span>
    </p>
   </div>
   <div class='ocr_carea' id='block_1_38' title="bbox 2105 2052 3686 2132">
    <p class='ocr_par' dir='ltr' id='par_1_38' title="bbox 2105 2052 3686 2132">
     <span class='ocr_line' id='line_1_38' title="bbox 2105 2052 3686 2132; baseline -0.006 -19"><span class='ocrx_word' id='word_1_264' title='bbox 2105 2060 2603 2132; x_wconf 64' lang='grc' dir='ltr'>μῶνσείργάσατο,</span> <span class='ocrx_word' id='word_1_265' title='bbox 2658 2057 2903 2129; x_wconf 69' lang='grc' dir='ltr'>ἐϐόησενθ</span> <span class='ocrx_word' id='word_1_266' title='bbox 2956 2052 3031 2110; x_wconf 69' lang='grc' dir='ltr'><strong><em>τΩ</em></strong></span> <span class='ocrx_word' id='word_1_267' title='bbox 3086 2053 3315 2122; x_wconf 77' lang='grc' dir='ltr'>πλῆρες</span> <span class='ocrx_word' id='word_1_268' title='bbox 3360 2053 3547 2107; x_wconf 75' lang='grc' dir='ltr'>δόλου</span> <span class='ocrx_word' id='word_1_269' title='bbox 3589 2052 3686 2105; x_wconf 78' lang='grc' dir='ltr'>καὶ</span> 
     </span>
    </p>
   </div>
   <div class='ocr_carea' id='block_1_39' title="bbox 2103 2144 3692 2219">
    <p class='ocr_par' dir='ltr' id='par_1_39' title="bbox 2103 2144 3692 2219">
     <span class='ocr_line' id='line_1_39' title="bbox 2103 2144 3692 2219; baseline -0.004 -14"><span class='ocrx_word' id='word_1_270' title='bbox 2103 2152 2307 2219; x_wconf 80' lang='grc' dir='ltr'>πάσης</span> <span class='ocrx_word' id='word_1_271' title='bbox 2333 2151 2738 2219; x_wconf 78' lang='grc' dir='ltr'>ῥᾳδιουργίας,</span> <span class='ocrx_word' id='word_1_272' title='bbox 2767 2150 2860 2204; x_wconf 82' lang='grc' dir='ltr'><strong>υἱὲ</strong></span> <span class='ocrx_word' id='word_1_273' title='bbox 2887 2150 3188 2210; x_wconf 79' lang='grc' dir='ltr'>διαϐόλου,</span> <span class='ocrx_word' id='word_1_274' title='bbox 3226 2149 3297 2201; x_wconf 85' lang='grc' dir='ltr'>οὐ</span> <span class='ocrx_word' id='word_1_275' title='bbox 3328 2147 3535 2214; x_wconf 76' lang='grc' dir='ltr'>παύσῃ</span> <span class='ocrx_word' id='word_1_276' title='bbox 3565 2144 3692 2199; x_wconf 82' lang='grc' dir='ltr'>δια-</span> 
     </span>
    </p>
   </div>
   <div class='ocr_carea' id='block_1_40' title="bbox 417 2239 3692 2319">
    <p class='ocr_par' dir='ltr' id='par_1_40' title="bbox 417 2239 3692 2319">
     <span class='ocr_line' id='line_1_40' title="bbox 417 2239 3692 2319; baseline -0.001 -21"><span class='ocrx_word' id='word_1_277' title='bbox 417 2245 693 2315; x_wconf 63' lang='grc' dir='ltr'>στρέφων</span> <span class='ocrx_word' id='word_1_278' title='bbox 740 2246 846 2313; x_wconf 82' lang='grc' dir='ltr'><strong>τὰς</strong></span> <span class='ocrx_word' id='word_1_279' title='bbox 926 2246 1106 2312; x_wconf 84' lang='grc' dir='ltr'>ὀδοὺς</span> <span class='ocrx_word' id='word_1_280' title='bbox 1166 2248 1390 2315; x_wconf 80' lang='grc' dir='ltr'>Κυρίου</span> <span class='ocrx_word' id='word_1_281' title='bbox 1444 2247 1553 2311; x_wconf 80' lang='grc' dir='ltr'>τὰς</span> <span class='ocrx_word' id='word_1_282' title='bbox 1603 2248 1840 2313; x_wconf 85' lang='grc' dir='ltr'>εὐθείας</span> <span class='ocrx_word' id='word_1_283' title='bbox 1856 2264 1875 2312; x_wconf 89' lang='grc'><strong><em>;</em></strong></span> <span class='ocrx_word' id='word_1_284' title='bbox 1922 2248 2033 2302; x_wconf 81' lang='grc' dir='ltr'><strong>Καὶ</strong></span> <span class='ocrx_word' id='word_1_285' title='bbox 2072 2248 2201 2303; x_wconf 74' lang='grc' dir='ltr'>ἰδοὺ</span> <span class='ocrx_word' id='word_1_286' title='bbox 2250 2250 2378 2319; x_wconf 79' lang='grc' dir='ltr'>χεὶρ</span> <span class='ocrx_word' id='word_1_287' title='bbox 2431 2250 2654 2317; x_wconf 81' lang='grc' dir='ltr'>Κυρίου</span> <span class='ocrx_word' id='word_1_288' title='bbox 2699 2248 2799 2301; x_wconf 75' lang='grc' dir='ltr'>ἐπὶ</span> <span class='ocrx_word' id='word_1_289' title='bbox 2841 2247 2935 2313; x_wconf 85' lang='grc' dir='ltr'>σὲ,</span> <span class='ocrx_word' id='word_1_290' title='bbox 2991 2246 3089 2299; x_wconf 81' lang='grc' dir='ltr'>καὶ</span> <span class='ocrx_word' id='word_1_291' title='bbox 3133 2246 3247 2313; x_wconf 79' lang='grc' dir='ltr'><strong>ἔσῃ</strong></span> <span class='ocrx_word' id='word_1_292' title='bbox 3293 2241 3554 2313; x_wconf 60' lang='grc' dir='ltr'>τυφλὸς,</span> <span class='ocrx_word' id='word_1_293' title='bbox 3602 2239 3692 2311; x_wconf 79' lang='grc' dir='ltr'>μὴ</span> 
     </span>
    </p>
   </div>
   <div class='ocr_carea' id='block_1_41' title="bbox 413 2339 1431 2410">
    <p class='ocr_par' dir='ltr' id='par_1_41' title="bbox 413 2339 1431 2410">
     <span class='ocr_line' id='line_1_41' title="bbox 413 2339 1431 2410; baseline 0.002 -17"><span class='ocrx_word' id='word_1_294' title='bbox 413 2339 665 2405; x_wconf 76' lang='grc' dir='ltr'>βλέπων</span> <span class='ocrx_word' id='word_1_295' title='bbox 691 2340 799 2395; x_wconf 76' lang='grc' dir='ltr'><strong>τὸν</strong></span> <span class='ocrx_word' id='word_1_296' title='bbox 820 2341 999 2408; x_wconf 74' lang='grc' dir='ltr'>ἣλιον</span> <span class='ocrx_word' id='word_1_297' title='bbox 1017 2341 1155 2410; x_wconf 80' lang='grc' dir='ltr'>ἄχρι</span> <span class='ocrx_word' id='word_1_298' title='bbox 1180 2342 1386 2409; x_wconf 80' lang='grc' dir='ltr'>καιροῦ</span> <span class='ocrx_word' id='word_1_299' title='bbox 1412 2358 1431 2405; x_wconf 87' lang='grc'><strong><em>;</em></strong></span> 
     </span>
    </p>
   </div>
   <div class='ocr_carea' id='block_1_42' title="bbox 1172 2474 2889 2548">
    <p class='ocr_par' dir='ltr' id='par_1_42' title="bbox 1172 2474 2889 2548">
     <span class='ocr_line' id='line_1_42' title="bbox 1172 2474 2889 2548; baseline -0.003 -16"><span class='ocrx_word' id='word_1_300' title='bbox 1172 2476 1300 2533; x_wconf 78' lang='lat' dir='ltr'><strong>CAP.</strong></span> <span class='ocrx_word' id='word_1_301' title='bbox 1341 2476 1482 2534; x_wconf 84' lang='lat' dir='ltr'><strong>XIV.</strong></span> <span class='ocrx_word' id='word_1_302' title='bbox 1510 2476 1654 2532; x_wconf 77' lang='lat' dir='ltr'><strong>Deus</strong></span> <span class='ocrx_word' id='word_1_303' title='bbox 1691 2480 1864 2548; x_wconf 81' lang='lat' dir='ltr'><strong>parcit</strong></span> <span class='ocrx_word' id='word_1_304' title='bbox 1890 2480 1943 2532; x_wconf 90' lang='lat' dir='ltr'><strong>in</strong></span> <span class='ocrx_word' id='word_1_305' title='bbox 1978 2478 2149 2533; x_wconf 78' lang='lat' dir='ltr'><strong>Veteri</strong></span> <span class='ocrx_word' id='word_1_306' title='bbox 2182 2487 2229 2533; x_wconf 89' lang='lat' dir='ltr'><strong>et</strong></span> <span class='ocrx_word' id='word_1_307' title='bbox 2266 2479 2320 2531; x_wconf 90' lang='lat' dir='ltr'><strong>in</strong></span> <span class='ocrx_word' id='word_1_308' title='bbox 2356 2475 2506 2529; x_wconf 84' lang='lat' dir='ltr'><strong>Novo</strong></span> <span class='ocrx_word' id='word_1_309' title='bbox 2536 2474 2889 2529; x_wconf 83' lang='lat' dir='ltr'><strong>Testamento.</strong></span> 
     </span>
    </p>
   </div>
   <div class='ocr_carea' id='block_1_43' title="bbox 486 2584 2004 2664">
    <p class='ocr_par' dir='ltr' id='par_1_43' title="bbox 486 2587 1990 2664">
     <span class='ocr_line' id='line_1_43' title="bbox 486 2587 1990 2664; baseline 0.004 -22"><span class='ocrx_word' id='word_1_310' title='bbox 486 2588 629 2654; x_wconf 84' lang='lat' dir='ltr'><strong>Quid</strong></span> <span class='ocrx_word' id='word_1_311' title='bbox 654 2589 721 2643; x_wconf 90' lang='lat' dir='ltr'><strong>de</strong></span> <span class='ocrx_word' id='word_1_312' title='bbox 737 2587 899 2643; x_wconf 86' lang='lat' dir='ltr'><strong>Petro</strong></span> <span class='ocrx_word' id='word_1_313' title='bbox 914 2588 1117 2653; x_wconf 87' lang='lat' dir='ltr'><strong>dicent,</strong></span> <span class='ocrx_word' id='word_1_314' title='bbox 1136 2590 1358 2658; x_wconf 88' lang='lat' dir='ltr'><strong>quando</strong></span> <span class='ocrx_word' id='word_1_315' title='bbox 1384 2589 1627 2647; x_wconf 84' lang='lat' dir='ltr'><strong>Ananias</strong></span> <span class='ocrx_word' id='word_1_316' title='bbox 1642 2599 1697 2646; x_wconf 90' lang='lat' dir='ltr'><strong>et</strong></span> <span class='ocrx_word' id='word_1_317' title='bbox 1718 2590 1990 2664; x_wconf 76' lang='lat' dir='ltr'><strong>Sappliira</strong></span> 
     </span>
    </p>
   </div>
   <div class='ocr_carea' id='block_1_44' title="bbox 2109 2584 3690 2664">
    <p class='ocr_par' dir='ltr' id='par_1_44' title="bbox 2174 2584 3690 2664">
     <span class='ocr_line' id='line_1_44' title="bbox 2174 2584 3690 2664; baseline -0.004 -19"><span class='ocrx_word' id='word_1_318' title='bbox 2174 2593 2239 2645; x_wconf 88' lang='grc' dir='ltr'>Τί</span> <span class='ocrx_word' id='word_1_319' title='bbox 2271 2592 2327 2645; x_wconf 86' lang='grc' dir='ltr'><strong>δὲ</strong></span> <span class='ocrx_word' id='word_1_320' title='bbox 2369 2591 2553 2664; x_wconf 79' lang='grc' dir='ltr'>ἐροῦσι</span> <span class='ocrx_word' id='word_1_321' title='bbox 2604 2588 2856 2660; x_wconf 72' lang='grc' dir='ltr'>περὶτοῦ</span> <span class='ocrx_word' id='word_1_322' title='bbox 2908 2586 3137 2656; x_wconf 83' lang='grc' dir='ltr'>Πέτρου,</span> <span class='ocrx_word' id='word_1_323' title='bbox 3184 2585 3273 2639; x_wconf 81' lang='grc' dir='ltr'><strong>ὅτε</strong></span> <span class='ocrx_word' id='word_1_324' title='bbox 3315 2584 3566 2649; x_wconf 80' lang='grc' dir='ltr'>Ἀνανίας</span> <span class='ocrx_word' id='word_1_325' title='bbox 3593 2586 3690 2639; x_wconf 70' lang='grc' dir='ltr'>καὶ</span> 
     </span>
    </p>
   </div>
   <div class='ocr_carea' id='block_1_45' title="bbox 418 2675 2004 2755">
    <p class='ocr_par' dir='ltr' id='par_1_45' title="bbox 418 2678 1997 2751">
     <span class='ocr_line' id='line_1_45' title="bbox 418 2678 1997 2751; baseline 0.004 -20"><span class='ocrx_word' id='word_1_326' title='bbox 418 2678 641 2734; x_wconf 87' lang='lat' dir='ltr'><strong>vendita</strong></span> <span class='ocrx_word' id='word_1_327' title='bbox 690 2678 1141 2749; x_wconf 89' lang='lat' dir='ltr'><strong>possessiuncula</strong></span> <span class='ocrx_word' id='word_1_328' title='bbox 1193 2687 1404 2749; x_wconf 87' lang='lat' dir='ltr'><strong>partem</strong></span> <span class='ocrx_word' id='word_1_329' title='bbox 1437 2682 1599 2751; x_wconf 90' lang='lat' dir='ltr'><strong>pretii</strong></span> <span class='ocrx_word' id='word_1_330' title='bbox 1644 2683 1745 2738; x_wconf 86' lang='lat' dir='ltr'><strong>sibi</strong></span> <span class='ocrx_word' id='word_1_331' title='bbox 1783 2692 1997 2739; x_wconf 87' lang='lat' dir='ltr'><strong>averte—</strong></span> 
     </span>
    </p>
   </div>
   <div class='ocr_carea' id='block_1_46' title="bbox 2109 2675 3688 2755">
    <p class='ocr_par' dir='ltr' id='par_1_46' title="bbox 2109 2675 3688 2755">
     <span class='ocr_line' id='line_1_46' title="bbox 2109 2675 3688 2755; baseline -0.007 -17"><span class='ocrx_word' id='word_1_332' title='bbox 2109 2685 2412 2755; x_wconf 74' lang='grc' dir='ltr'>Σάπφειρα.</span> <span class='ocrx_word' id='word_1_333' title='bbox 2460 2682 2810 2753; x_wconf 89' lang='grc' dir='ltr'>πωλήσαντες</span> <span class='ocrx_word' id='word_1_334' title='bbox 2843 2677 3161 2750; x_wconf 85' lang='grc' dir='ltr'>κτημάτιον,</span> <span class='ocrx_word' id='word_1_335' title='bbox 3202 2675 3549 2745; x_wconf 83' lang='grc' dir='ltr'>ἐνοσφίσαντο</span> <span class='ocrx_word' id='word_1_336' title='bbox 3590 2675 3688 2745; x_wconf 81' lang='grc' dir='ltr'>μέ-</span> 
     </span>
    </p>
   </div>
   <div class='ocr_carea' id='block_1_47' title="bbox 416 2763 2004 2847">
    <p class='ocr_par' dir='ltr' id='par_1_47' title="bbox 416 2769 1996 2841">
     <span class='ocr_line' id='line_1_47' title="bbox 416 2769 1996 2841; baseline 0.003 -18"><span class='ocrx_word' id='word_1_337' title='bbox 416 2775 567 2834; x_wconf 86' lang='lat' dir='ltr'><strong>runt,</strong></span> <span class='ocrx_word' id='word_1_338' title='bbox 595 2776 803 2839; x_wconf 88' lang='lat' dir='ltr'><strong>partem</strong></span> <span class='ocrx_word' id='word_1_339' title='bbox 834 2769 1169 2836; x_wconf 87' lang='lat' dir='ltr'><strong>attulerunt,</strong></span> <span class='ocrx_word' id='word_1_340' title='bbox 1215 2786 1341 2825; x_wconf 89' lang='lat' dir='ltr'><strong>cum</strong></span> <span class='ocrx_word' id='word_1_341' title='bbox 1375 2772 1647 2827; x_wconf 85' lang='lat' dir='ltr'><strong>Ananiam</strong></span> <span class='ocrx_word' id='word_1_342' title='bbox 1687 2773 1996 2841; x_wconf 88' lang='lat' dir='ltr'><strong>judicatum</strong></span> 
     </span>
    </p>
   </div>
   <div class='ocr_carea' id='block_1_48' title="bbox 2109 2763 3685 2847">
    <p class='ocr_par' dir='ltr' id='par_1_48' title="bbox 2110 2763 3685 2847">
     <span class='ocr_line' id='line_1_48' title="bbox 2110 2763 3685 2847; baseline -0.006 -21"><span class='ocrx_word' id='word_1_343' title='bbox 2110 2792 2220 2847; x_wconf 90' lang='grc' dir='ltr'>ρος,</span> <span class='ocrx_word' id='word_1_344' title='bbox 2247 2773 2411 2844; x_wconf 87' lang='grc' dir='ltr'>μέρος</span> <span class='ocrx_word' id='word_1_345' title='bbox 2444 2772 2501 2824; x_wconf 82' lang='grc' dir='ltr'><strong>δὲ</strong></span> <span class='ocrx_word' id='word_1_346' title='bbox 2527 2770 2916 2841; x_wconf 58' lang='grc' dir='ltr'>κεκομίκασιν</span> <span class='ocrx_word' id='word_1_347' title='bbox 2952 2770 3034 2822; x_wconf 84' lang='grc' dir='ltr'>ὃτι</span> <span class='ocrx_word' id='word_1_348' title='bbox 3079 2767 3270 2837; x_wconf 87' lang='grc' dir='ltr'>κρίνας</span> <span class='ocrx_word' id='word_1_349' title='bbox 3311 2767 3407 2820; x_wconf 82' lang='grc' dir='ltr'>καὶ</span> <span class='ocrx_word' id='word_1_350' title='bbox 3440 2763 3685 2833; x_wconf 83' lang='grc' dir='ltr'>ἐλέγξας,</span> 
     </span>
    </p>
   </div>
   <div class='ocr_carea' id='block_1_49' title="bbox 416 2858 2004 2938">
    <p class='ocr_par' dir='ltr' id='par_1_49' title="bbox 416 2861 1996 2937">
     <span class='ocr_line' id='line_1_49' title="bbox 416 2861 1996 2937; baseline 0.003 -21"><span class='ocrx_word' id='word_1_351' title='bbox 416 2869 472 2916; x_wconf 92' lang='lat' dir='ltr'><strong>et</strong></span> <span class='ocrx_word' id='word_1_352' title='bbox 502 2861 773 2915; x_wconf 86' lang='lat' dir='ltr'><strong>mendacii</strong></span> <span class='ocrx_word' id='word_1_353' title='bbox 829 2861 1146 2917; x_wconf 88' lang='lat' dir='ltr'><strong>convictum</strong></span> <span class='ocrx_word' id='word_1_354' title='bbox 1186 2871 1364 2917; x_wconf 89' lang='lat' dir='ltr'><strong>morte</strong></span> <span class='ocrx_word' id='word_1_355' title='bbox 1413 2863 1617 2929; x_wconf 81' lang='lat' dir='ltr'><strong>alTecit,</strong></span> <span class='ocrx_word' id='word_1_356' title='bbox 1670 2865 1996 2937; x_wconf 89' lang='lat' dir='ltr'><strong>Sappbiram</strong></span> 
     </span>
    </p>
   </div>
   <div class='ocr_carea' id='block_1_50' title="bbox 2109 2858 3690 2938">
    <p class='ocr_par' dir='ltr' id='par_1_50' title="bbox 2109 2858 3690 2938">
     <span class='ocr_line' id='line_1_50' title="bbox 2109 2858 3690 2938; baseline -0.007 -17"><span class='ocrx_word' id='word_1_357' title='bbox 2109 2869 2195 2922; x_wconf 85' lang='grc' dir='ltr'><strong>τὸν</strong></span> <span class='ocrx_word' id='word_1_358' title='bbox 2231 2867 2329 2938; x_wconf 86' lang='grc' dir='ltr'><strong>μὲν</strong></span> <span class='ocrx_word' id='word_1_359' title='bbox 2377 2864 2623 2918; x_wconf 84' lang='grc' dir='ltr'>Ἀνανίαν</span> <span class='ocrx_word' id='word_1_360' title='bbox 2661 2863 2851 2934; x_wconf 74' lang='grc' dir='ltr'>νεκρὸν</span> <span class='ocrx_word' id='word_1_361' title='bbox 2893 2862 3080 2929; x_wconf 81' lang='grc' dir='ltr'>ἔδειξε,</span> <span class='ocrx_word' id='word_1_362' title='bbox 3132 2859 3229 2932; x_wconf 87' lang='grc' dir='ltr'><strong>τὴν</strong></span> <span class='ocrx_word' id='word_1_363' title='bbox 3268 2859 3326 2912; x_wconf 90' lang='grc' dir='ltr'><strong>δέ</strong></span> <span class='ocrx_word' id='word_1_364' title='bbox 3372 2858 3690 2931; x_wconf 86' lang='grc' dir='ltr'>Σάπφειραν</span> 
     </span>
    </p>
   </div>
   <div class='ocr_carea' id='block_1_51' title="bbox 418 2950 2004 3031">
    <p class='ocr_par' dir='ltr' id='par_1_51' title="bbox 418 2952 1997 3021">
     <span class='ocr_line' id='line_1_51' title="bbox 418 2952 1997 3021; baseline 0.003 -13"><span class='ocrx_word' id='word_1_365' title='bbox 418 2962 600 3008; x_wconf 89' lang='lat' dir='ltr'><strong>autem</strong></span> <span class='ocrx_word' id='word_1_366' title='bbox 648 2952 828 3008; x_wconf 87' lang='lat' dir='ltr'><strong>eidem</strong></span> <span class='ocrx_word' id='word_1_367' title='bbox 880 2953 1136 3021; x_wconf 89' lang='lat' dir='ltr'><strong>sepulcro</strong></span> <span class='ocrx_word' id='word_1_368' title='bbox 1184 2953 1465 3009; x_wconf 85' lang='lat' dir='ltr'><strong>tradidit?</strong></span> <span class='ocrx_word' id='word_1_369' title='bbox 1514 2954 1781 3012; x_wconf 76' lang='lat' dir='ltr'><strong>Iacebant</strong></span> <span class='ocrx_word' id='word_1_370' title='bbox 1849 2960 1997 3013; x_wconf 91' lang='lat' dir='ltr'><strong>enim</strong></span> 
     </span>
    </p>
   </div>
   <div class='ocr_carea' id='block_1_52' title="bbox 2109 2950 3688 3031">
    <p class='ocr_par' dir='ltr' id='par_1_52' title="bbox 2109 2950 3688 3031">
     <span class='ocr_line' id='line_1_52' title="bbox 2109 2950 3688 3031; baseline -0.006 -17"><span class='ocrx_word' id='word_1_371' title='bbox 2109 2959 2185 3031; x_wconf 85' lang='grc' dir='ltr'>τῷ</span> <span class='ocrx_word' id='word_1_372' title='bbox 2239 2957 2387 3028; x_wconf 82' lang='grc' dir='ltr'>αὐτῷ</span> <span class='ocrx_word' id='word_1_373' title='bbox 2441 2957 2732 3029; x_wconf 87' lang='grc' dir='ltr'>μνηματίῳ</span> <span class='ocrx_word' id='word_1_374' title='bbox 2800 2955 3224 3027; x_wconf 84' lang='grc' dir='ltr'>παραδέδωκεν;</span> <span class='ocrx_word' id='word_1_375' title='bbox 3284 2954 3532 3006; x_wconf 88' lang='grc' dir='ltr'>’Έκειντο</span> <span class='ocrx_word' id='word_1_376' title='bbox 3577 2950 3688 3023; x_wconf 90' lang='grc' dir='ltr'><strong>γάρ</strong></span> 
     </span>
    </p>
   </div>
   <div class='ocr_carea' id='block_1_53' title="bbox 418 3041 2004 3124">
    <p class='ocr_par' dir='ltr' id='par_1_53' title="bbox 418 3041 2000 3115">
     <span class='ocr_line' id='line_1_53' title="bbox 418 3041 2000 3115; baseline 0.005 -18"><span class='ocrx_word' id='word_1_377' title='bbox 418 3045 641 3106; x_wconf 88' lang='lat' dir='ltr'><strong>mortui,</strong></span> <span class='ocrx_word' id='word_1_378' title='bbox 671 3043 839 3097; x_wconf 82' lang='lat' dir='ltr'><strong>verbo</strong></span> <span class='ocrx_word' id='word_1_379' title='bbox 863 3042 1160 3098; x_wconf 80' lang='lat' dir='ltr'><strong>interfecti.</strong></span> <span class='ocrx_word' id='word_1_380' title='bbox 1197 3041 1313 3097; x_wconf 90' lang='lat' dir='ltr'><strong>Illic</strong></span> <span class='ocrx_word' id='word_1_381' title='bbox 1335 3046 1476 3115; x_wconf 84' lang='lat' dir='ltr'><strong>ignis</strong></span> <span class='ocrx_word' id='word_1_382' title='bbox 1508 3048 1707 3104; x_wconf 90' lang='lat' dir='ltr'><strong>allatus</strong></span> <span class='ocrx_word' id='word_1_383' title='bbox 1739 3065 2000 3106; x_wconf 88' lang='lat' dir='ltr'><strong>consum-</strong></span> 
     </span>
    </p>
   </div>
   <div class='ocr_carea' id='block_1_54' title="bbox 2109 3041 3692 3124">
    <p class='ocr_par' dir='ltr' id='par_1_54' title="bbox 2109 3043 3692 3124">
     <span class='ocr_line' id='line_1_54' title="bbox 2109 3043 3692 3124; baseline -0.006 -18"><span class='ocrx_word' id='word_1_384' title='bbox 2109 3053 2291 3124; x_wconf 77' lang='grc' dir='ltr'>νεκροὶ</span> <span class='ocrx_word' id='word_1_385' title='bbox 2354 3051 2497 3121; x_wconf 83' lang='grc' dir='ltr'>λόγῳ</span> <span class='ocrx_word' id='word_1_386' title='bbox 2552 3049 2912 3124; x_wconf 78' lang='grc' dir='ltr'>ἀνῃρημένοι.</span> <span class='ocrx_word' id='word_1_387' title='bbox 2966 3049 3144 3102; x_wconf 87' lang='grc' dir='ltr'>Κάκεῖ</span> <span class='ocrx_word' id='word_1_388' title='bbox 3191 3048 3289 3119; x_wconf 83' lang='grc' dir='ltr'>μὲν</span> <span class='ocrx_word' id='word_1_389' title='bbox 3329 3047 3390 3099; x_wconf 85' lang='grc' dir='ltr'><strong>τὸ</strong></span> <span class='ocrx_word' id='word_1_390' title='bbox 3440 3043 3550 3117; x_wconf 81' lang='grc' dir='ltr'>πῦρ</span> <span class='ocrx_word' id='word_1_391' title='bbox 3599 3061 3692 3097; x_wconf 84' lang='grc' dir='ltr'>κο-</span> 
     </span>
    </p>
   </div>
   <div class='ocr_carea' id='block_1_55' title="bbox 417 3134 2004 3215">
    <p class='ocr_par' dir='ltr' id='par_1_55' title="bbox 417 3134 1999 3206">
     <span class='ocr_line' id='line_1_55' title="bbox 417 3134 1999 3206; baseline 0.004 -16"><span class='ocrx_word' id='word_1_392' title='bbox 417 3136 530 3206; x_wconf 86' lang='lat' dir='ltr'><strong>psit</strong></span> <span class='ocrx_word' id='word_1_393' title='bbox 559 3134 627 3188; x_wconf 90' lang='lat' dir='ltr'><strong>ad</strong></span> <span class='ocrx_word' id='word_1_394' title='bbox 660 3134 834 3188; x_wconf 88' lang='lat' dir='ltr'><strong>Eliam</strong></span> <span class='ocrx_word' id='word_1_395' title='bbox 857 3134 1135 3204; x_wconf 81' lang='lat' dir='ltr'><strong>profectos</strong></span> <span class='ocrx_word' id='word_1_396' title='bbox 1170 3154 1182 3189; x_wconf 91' lang='lat'><strong>:</strong></span> <span class='ocrx_word' id='word_1_397' title='bbox 1226 3135 1319 3189; x_wconf 80' lang='lat' dir='ltr'><strong>hic</strong></span> <span class='ocrx_word' id='word_1_398' title='bbox 1376 3139 1602 3193; x_wconf 84' lang='lat' dir='ltr'><strong>verbum</strong></span> <span class='ocrx_word' id='word_1_399' title='bbox 1636 3141 1901 3195; x_wconf 89' lang='lat' dir='ltr'><strong>emissum</strong></span> <span class='ocrx_word' id='word_1_400' title='bbox 1940 3143 1999 3197; x_wconf 92' lang='lat' dir='ltr'><strong>in</strong></span> 
     </span>
    </p>
   </div>
   <div class='ocr_carea' id='block_1_56' title="bbox 2109 3134 3691 3215">
    <p class='ocr_par' dir='ltr' id='par_1_56' title="bbox 2112 3134 3691 3215">
     <span class='ocr_line' id='line_1_56' title="bbox 2112 3134 3691 3215; baseline -0.005 -20"><span class='ocrx_word' id='word_1_401' title='bbox 2112 3143 2300 3215; x_wconf 82' lang='grc' dir='ltr'>μισθὲν</span> <span class='ocrx_word' id='word_1_402' title='bbox 2334 3143 2604 3213; x_wconf 86' lang='grc' dir='ltr'>,ἀνήλισκε</span> <span class='ocrx_word' id='word_1_403' title='bbox 2656 3141 2782 3204; x_wconf 78' lang='grc' dir='ltr'>τοὺς</span> <span class='ocrx_word' id='word_1_404' title='bbox 2836 3140 3230 3210; x_wconf 83' lang='grc' dir='ltr'>ἀφικομένους·</span> <span class='ocrx_word' id='word_1_405' title='bbox 3282 3134 3383 3191; x_wconf 80' lang='grc' dir='ltr'>ὦδε</span> <span class='ocrx_word' id='word_1_406' title='bbox 3433 3136 3488 3189; x_wconf 84' lang='grc' dir='ltr'>δὲ</span> <span class='ocrx_word' id='word_1_407' title='bbox 3533 3136 3691 3204; x_wconf 86' lang='grc' dir='ltr'>λόγος</span> 
     </span>
    </p>
   </div>
   <div class='ocr_carea' id='block_1_57' title="bbox 419 3221 2004 3305">
    <p class='ocr_par' dir='ltr' id='par_1_57' title="bbox 419 3227 2001 3305">
     <span class='ocr_line' id='line_1_57' title="bbox 419 3227 2001 3305; baseline 0.004 -23"><span class='ocrx_word' id='word_1_408' title='bbox 419 3236 718 3299; x_wconf 89' lang='lat' dir='ltr'><strong>conspectu</strong></span> <span class='ocrx_word' id='word_1_409' title='bbox 751 3227 1147 3299; x_wconf 86' lang='lat' dir='ltr'><strong>discipulorum</strong></span> <span class='ocrx_word' id='word_1_410' title='bbox 1177 3227 1376 3290; x_wconf 81' lang='lat' dir='ltr'><strong>clIecit,</strong></span> <span class='ocrx_word' id='word_1_411' title='bbox 1404 3239 1464 3283; x_wconf 91' lang='lat' dir='ltr'><strong>ut</strong></span> <span class='ocrx_word' id='word_1_412' title='bbox 1486 3232 1577 3302; x_wconf 88' lang='lat' dir='ltr'><strong>qui</strong></span> <span class='ocrx_word' id='word_1_413' title='bbox 1604 3232 1763 3288; x_wconf 80' lang='lat' dir='ltr'><strong>(idem</strong></span> <span class='ocrx_word' id='word_1_414' title='bbox 1794 3249 2001 3305; x_wconf 89' lang='lat' dir='ltr'><strong>caupo-</strong></span> 
     </span>
    </p>
   </div>
   <div class='ocr_carea' id='block_1_58' title="bbox 2109 3221 3690 3305">
    <p class='ocr_par' dir='ltr' id='par_1_58' title="bbox 2109 3221 3690 3304">
     <span class='ocr_line' id='line_1_58' title="bbox 2109 3221 3690 3304; baseline -0.008 -17"><span class='ocrx_word' id='word_1_415' title='bbox 2109 3231 2385 3304; x_wconf 86' lang='grc' dir='ltr'>προελθὼν</span> <span class='ocrx_word' id='word_1_416' title='bbox 2412 3233 2469 3286; x_wconf 86' lang='grc' dir='ltr'><strong>ἐν</strong></span> <span class='ocrx_word' id='word_1_417' title='bbox 2497 3230 2651 3301; x_wconf 74' lang='grc' dir='ltr'>ὂψεσι</span> <span class='ocrx_word' id='word_1_418' title='bbox 2674 3229 2782 3282; x_wconf 84' lang='grc' dir='ltr'><strong>τῶν</strong></span> <span class='ocrx_word' id='word_1_419' title='bbox 2807 3227 3256 3300; x_wconf 83' lang='grc' dir='ltr'>μαθητευομένων</span> <span class='ocrx_word' id='word_1_420' title='bbox 3276 3225 3501 3295; x_wconf 81' lang='grc' dir='ltr'>νεκροὺς</span> <span class='ocrx_word' id='word_1_421' title='bbox 3523 3221 3690 3286; x_wconf 73' lang='grc' dir='ltr'>ἔδειξε</span> 
     </span>
    </p>
   </div>
   <div class='ocr_carea' id='block_1_59' title="bbox 419 3313 2004 3397">
    <p class='ocr_par' dir='ltr' id='par_1_59' title="bbox 419 3322 2002 3397">
     <span class='ocr_line' id='line_1_59' title="bbox 419 3322 2002 3397; baseline 0.003 -21"><span class='ocrx_word' id='word_1_422' title='bbox 419 3322 536 3376; x_wconf 88' lang='lat' dir='ltr'><strong>nati</strong></span> <span class='ocrx_word' id='word_1_423' title='bbox 567 3331 747 3387; x_wconf 88' lang='lat' dir='ltr'><strong>erant,</strong></span> <span class='ocrx_word' id='word_1_424' title='bbox 784 3333 1152 3381; x_wconf 84' lang='lat' dir='ltr'><strong>morerentur.</strong></span> <span class='ocrx_word' id='word_1_425' title='bbox 1194 3324 1309 3377; x_wconf 88' lang='lat' dir='ltr'><strong>Illic</strong></span> <span class='ocrx_word' id='word_1_426' title='bbox 1350 3322 1566 3379; x_wconf 88' lang='lat' dir='ltr'><strong>Eliseus</strong></span> <span class='ocrx_word' id='word_1_427' title='bbox 1595 3340 1828 3394; x_wconf 86' lang='lat' dir='ltr'><strong>corpora</strong></span> <span class='ocrx_word' id='word_1_428' title='bbox 1870 3343 2002 3397; x_wconf 88' lang='lat' dir='ltr'><strong>pue-</strong></span> 
     </span>
    </p>
   </div>
   <div class='ocr_carea' id='block_1_60' title="bbox 2109 3313 3692 3397">
    <p class='ocr_par' dir='ltr' id='par_1_60' title="bbox 2109 3313 3692 3392">
     <span class='ocr_line' id='line_1_60' title="bbox 2109 3313 3692 3392; baseline -0.006 -18"><span class='ocrx_word' id='word_1_429' title='bbox 2109 3321 2233 3383; x_wconf 81' lang='grc' dir='ltr'>τυὺς</span> <span class='ocrx_word' id='word_1_430' title='bbox 2265 3322 2364 3392; x_wconf 76' lang='grc' dir='ltr'>τὴν</span> <span class='ocrx_word' id='word_1_431' title='bbox 2399 3321 2582 3373; x_wconf 87' lang='grc' dir='ltr'>πίστιν</span> <span class='ocrx_word' id='word_1_432' title='bbox 2625 3318 3125 3389; x_wconf 80' lang='grc' dir='ltr'>κεκαπηλευκότας.</span> <span class='ocrx_word' id='word_1_433' title='bbox 3162 3318 3340 3370; x_wconf 86' lang='grc' dir='ltr'>Κάκεῖ</span> <span class='ocrx_word' id='word_1_434' title='bbox 3381 3316 3479 3385; x_wconf 86' lang='grc' dir='ltr'><strong>μὲν</strong></span> <span class='ocrx_word' id='word_1_435' title='bbox 3516 3313 3692 3366; x_wconf 81' lang='grc' dir='ltr'>Ἐλισ-</span> 
     </span>
    </p>
   </div>
   <div class='ocr_carea' id='block_1_61' title="bbox 420 3410 2001 3484">
    <p class='ocr_par' dir='ltr' id='par_1_61' title="bbox 420 3410 2001 3484">
     <span class='ocr_line' id='line_1_61' title="bbox 420 3410 2001 3484; baseline 0.006 -22"><span class='ocrx_word' id='word_1_436' title='bbox 420 3424 608 3464; x_wconf 86' lang='lat' dir='ltr'><strong>rerum</strong></span> <span class='ocrx_word' id='word_1_437' title='bbox 645 3410 834 3466; x_wconf 88' lang='lat' dir='ltr'><strong>bestiis</strong></span> <span class='ocrx_word' id='word_1_438' title='bbox 867 3411 1055 3465; x_wconf 84' lang='lat' dir='ltr'><strong>dedit:</strong></span> <span class='ocrx_word' id='word_1_439' title='bbox 1098 3413 1188 3466; x_wconf 88' lang='lat' dir='ltr'><strong>hic</strong></span> <span class='ocrx_word' id='word_1_440' title='bbox 1245 3411 1451 3469; x_wconf 86' lang='lat' dir='ltr'><strong>Paulus</strong></span> <span class='ocrx_word' id='word_1_441' title='bbox 1494 3422 1777 3484; x_wconf 88' lang='lat' dir='ltr'><strong>aspectum</strong></span> <span class='ocrx_word' id='word_1_442' title='bbox 1816 3417 2001 3471; x_wconf 76' lang='lat' dir='ltr'><strong>oculo-</strong></span> 
     </span>
    </p>
   </div>
   <div class='ocr_carea' id='block_1_62' title="bbox 420 3503 2003 3580">
    <p class='ocr_par' dir='ltr' id='par_1_62' title="bbox 420 3503 2003 3580">
     <span class='ocr_line' id='line_1_62' title="bbox 420 3503 2003 3580; baseline 0.006 -25"><span class='ocrx_word' id='word_1_443' title='bbox 420 3516 542 3555; x_wconf 87' lang='lat' dir='ltr'><strong>rum</strong></span> <span class='ocrx_word' id='word_1_444' title='bbox 577 3503 802 3564; x_wconf 88' lang='lat' dir='ltr'><strong>ademit,</strong></span> <span class='ocrx_word' id='word_1_445' title='bbox 852 3512 908 3558; x_wconf 87' lang='lat' dir='ltr'><strong>et</strong></span> <span class='ocrx_word' id='word_1_446' title='bbox 935 3519 1060 3559; x_wconf 91' lang='lat' dir='ltr'><strong>eum</strong></span> <span class='ocrx_word' id='word_1_447' title='bbox 1110 3504 1204 3570; x_wconf 81' lang='lat' dir='ltr'><strong>qui</strong></span> <span class='ocrx_word' id='word_1_448' title='bbox 1247 3505 1497 3571; x_wconf 86' lang='lat' dir='ltr'><strong>videbat,</strong></span> <span class='ocrx_word' id='word_1_449' title='bbox 1532 3509 1790 3575; x_wconf 68' lang='lat' dir='ltr'><strong>caecavit;</strong></span> <span class='ocrx_word' id='word_1_450' title='bbox 1825 3517 1880 3563; x_wconf 91' lang='lat' dir='ltr'><strong>et</strong></span> <span class='ocrx_word' id='word_1_451' title='bbox 1909 3512 2003 3580; x_wconf 92' lang='lat' dir='ltr'><strong>qui</strong></span> 
     </span>
    </p>
   </div>
   <div class='ocr_carea' id='block_1_63' title="bbox 421 3593 2005 3671">
    <p class='ocr_par' dir='ltr' id='par_1_63' title="bbox 421 3593 2005 3671">
     <span class='ocr_line' id='line_1_63' title="bbox 421 3593 2005 3671; baseline 0.007 -26"><span class='ocrx_word' id='word_1_452' title='bbox 421 3593 550 3648; x_wconf 90' lang='lat' dir='ltr'><strong>talia</strong></span> <span class='ocrx_word' id='word_1_453' title='bbox 582 3603 955 3664; x_wconf 86' lang='lat' dir='ltr'><strong>patraverunt,</strong></span> <span class='ocrx_word' id='word_1_454' title='bbox 994 3610 1186 3664; x_wconf 65' lang='lat' dir='ltr'><strong>pinnas</strong></span> <span class='ocrx_word' id='word_1_455' title='bbox 1228 3595 1519 3652; x_wconf 86' lang='lat' dir='ltr'><strong>dederunt.</strong></span> <span class='ocrx_word' id='word_1_456' title='bbox 1553 3596 1609 3652; x_wconf 91' lang='lat' dir='ltr'><strong>Si</strong></span> <span class='ocrx_word' id='word_1_457' title='bbox 1646 3599 1812 3668; x_wconf 80' lang='lat' dir='ltr'><strong>igitur</strong></span> <span class='ocrx_word' id='word_1_458' title='bbox 1841 3617 2005 3671; x_wconf 68' lang='lat' dir='ltr'><strong>poena</strong></span> 
     </span>
    </p>
   </div>
   <div class='ocr_carea' id='block_1_64' title="bbox 424 3685 2005 3755">
    <p class='ocr_par' dir='ltr' id='par_1_64' title="bbox 424 3685 2005 3755">
     <span class='ocr_line' id='line_1_64' title="bbox 424 3685 2005 3755; baseline 0.006 -17"><span class='ocrx_word' id='word_1_459' title='bbox 424 3699 489 3740; x_wconf 83' lang='lat' dir='ltr'><strong>ac</strong></span> <span class='ocrx_word' id='word_1_460' title='bbox 518 3685 762 3740; x_wconf 85' lang='lat' dir='ltr'><strong>vindicta</strong></span> <span class='ocrx_word' id='word_1_461' title='bbox 791 3687 847 3740; x_wconf 91' lang='lat' dir='ltr'><strong>in</strong></span> <span class='ocrx_word' id='word_1_462' title='bbox 882 3687 1041 3741; x_wconf 90' lang='lat' dir='ltr'><strong>malis</strong></span> <span class='ocrx_word' id='word_1_463' title='bbox 1074 3695 1422 3755; x_wconf 88' lang='lat' dir='ltr'><strong>numeratur,</strong></span> <span class='ocrx_word' id='word_1_464' title='bbox 1460 3690 1591 3744; x_wconf 88' lang='lat' dir='ltr'><strong>mali</strong></span> <span class='ocrx_word' id='word_1_465' title='bbox 1624 3700 1755 3746; x_wconf 88' lang='lat' dir='ltr'><strong>sunt</strong></span> <span class='ocrx_word' id='word_1_466' title='bbox 1796 3694 2005 3749; x_wconf 88' lang='lat' dir='ltr'><strong>Paulus</strong></span> 
     </span>
    </p>
   </div>
   <div class='ocr_carea' id='block_1_65' title="bbox 423 3774 2002 3854">
    <p class='ocr_par' dir='ltr' id='par_1_65' title="bbox 423 3774 2002 3854">
     <span class='ocr_line' id='line_1_65' title="bbox 423 3774 2002 3854; baseline 0.004 -22"><span class='ocrx_word' id='word_1_467' title='bbox 423 3785 480 3832; x_wconf 88' lang='lat' dir='ltr'><strong>et</strong></span> <span class='ocrx_word' id='word_1_468' title='bbox 508 3774 740 3831; x_wconf 90' lang='lat' dir='ltr'><strong>Petrus:</strong></span> <span class='ocrx_word' id='word_1_469' title='bbox 775 3778 861 3831; x_wconf 87' lang='lat' dir='ltr'><strong>sin</strong></span> <span class='ocrx_word' id='word_1_470' title='bbox 894 3785 1075 3832; x_wconf 89' lang='lat' dir='ltr'><strong>autem</strong></span> <span class='ocrx_word' id='word_1_471' title='bbox 1100 3779 1231 3833; x_wconf 90' lang='lat' dir='ltr'><strong>boni</strong></span> <span class='ocrx_word' id='word_1_472' title='bbox 1254 3788 1407 3847; x_wconf 87' lang='lat' dir='ltr'><strong>sunt,</strong></span> <span class='ocrx_word' id='word_1_473' title='bbox 1433 3781 1562 3851; x_wconf 87' lang='lat' dir='ltr'><strong>quia</strong></span> <span class='ocrx_word' id='word_1_474' title='bbox 1594 3785 1830 3854; x_wconf 84' lang='lat' dir='ltr'><strong>apostoli</strong></span> <span class='ocrx_word' id='word_1_475' title='bbox 1854 3794 2002 3853; x_wconf 90' lang='lat' dir='ltr'><strong>sunt,</strong></span> 
     </span>
    </p>
   </div>
   <div class='ocr_carea' id='block_1_66' title="bbox 425 3867 2009 3946">
    <p class='ocr_par' dir='ltr' id='par_1_66' title="bbox 425 3867 2009 3946">
     <span class='ocr_line' id='line_1_66' title="bbox 425 3867 2009 3946; baseline 0.006 -24"><span class='ocrx_word' id='word_1_476' title='bbox 425 3867 556 3922; x_wconf 85' lang='lat' dir='ltr'><strong>boni</strong></span> <span class='ocrx_word' id='word_1_477' title='bbox 585 3875 737 3932; x_wconf 88' lang='lat' dir='ltr'><strong>sunt,</strong></span> <span class='ocrx_word' id='word_1_478' title='bbox 772 3868 901 3937; x_wconf 82' lang='lat' dir='ltr'><strong>quia</strong></span> <span class='ocrx_word' id='word_1_479' title='bbox 939 3885 1130 3939; x_wconf 71' lang='lat' dir='ltr'><strong>pmnas</strong></span> <span class='ocrx_word' id='word_1_480' title='bbox 1156 3883 1491 3942; x_wconf 63' lang='lat' dir='ltr'><strong>exegerunt.</strong></span> <span class='ocrx_word' id='word_1_481' title='bbox 1514 3873 1657 3939; x_wconf 84' lang='lat' dir='ltr'><strong>Quid</strong></span> <span class='ocrx_word' id='word_1_482' title='bbox 1691 3891 1886 3946; x_wconf 77' lang='lat' dir='ltr'><strong>poenas</strong></span> <span class='ocrx_word' id='word_1_483' title='bbox 1915 3892 2009 3932; x_wconf 91' lang='lat' dir='ltr'><strong>ac-</strong></span> 
     </span>
    </p>
   </div>
   <div class='ocr_carea' id='block_1_67' title="bbox 425 3960 2011 4036">
    <p class='ocr_par' dir='ltr' id='par_1_67' title="bbox 425 3960 2011 4036">
     <span class='ocr_line' id='line_1_67' title="bbox 425 3960 2011 4036; baseline 0.006 -21"><span class='ocrx_word' id='word_1_484' title='bbox 425 3974 615 4021; x_wconf 84' lang='lat' dir='ltr'><strong>cusas,</strong></span> <span class='ocrx_word' id='word_1_485' title='bbox 647 3960 814 4028; x_wconf 86' lang='lat' dir='ltr'><strong>idque</strong></span> <span class='ocrx_word' id='word_1_486' title='bbox 840 3962 1106 4029; x_wconf 86' lang='lat' dir='ltr'><strong>apostolis</strong></span> <span class='ocrx_word' id='word_1_487' title='bbox 1137 3964 1473 4035; x_wconf 78' lang='lat' dir='ltr'><strong>lrrogatione</strong></span> <span class='ocrx_word' id='word_1_488' title='bbox 1515 3980 1805 4036; x_wconf 81' lang='lat' dir='ltr'><strong>poenarum</strong></span> <span class='ocrx_word' id='word_1_489' title='bbox 1843 3969 2011 4026; x_wconf 86' lang='lat' dir='ltr'><strong>usis?</strong></span> 
     </span>
    </p>
   </div>
   <div class='ocr_carea' id='block_1_68' title="bbox 426 4049 2010 4128">
    <p class='ocr_par' dir='ltr' id='par_1_68' title="bbox 426 4049 2010 4128">
     <span class='ocr_line' id='line_1_68' title="bbox 426 4049 2010 4128; baseline 0.007 -25"><span class='ocrx_word' id='word_1_490' title='bbox 426 4049 637 4116; x_wconf 84' lang='lat' dir='ltr'><strong>Quodsi</strong></span> <span class='ocrx_word' id='word_1_491' title='bbox 666 4051 946 4120; x_wconf 87' lang='lat' dir='ltr'><strong>apostolos</strong></span> <span class='ocrx_word' id='word_1_492' title='bbox 987 4052 1210 4122; x_wconf 89' lang='lat' dir='ltr'><strong>quidem</strong></span> <span class='ocrx_word' id='word_1_493' title='bbox 1246 4057 1639 4125; x_wconf 87' lang='lat' dir='ltr'><strong>approbamus,</strong></span> <span class='ocrx_word' id='word_1_494' title='bbox 1660 4072 1852 4128; x_wconf 66' lang='lat' dir='ltr'><strong>poenas</strong></span> <span class='ocrx_word' id='word_1_495' title='bbox 1880 4075 2010 4116; x_wconf 90' lang='lat' dir='ltr'><strong>vero</strong></span> 
     </span>
    </p>
   </div>
   <div class='ocr_carea' id='block_1_69' title="bbox 427 4140 2009 4221">
    <p class='ocr_par' dir='ltr' id='par_1_69' title="bbox 427 4140 2009 4221">
     <span class='ocr_line' id='line_1_69' title="bbox 427 4140 2009 4221; baseline 0.008 -27"><span class='ocrx_word' id='word_1_496' title='bbox 427 4140 835 4211; x_wconf 90' lang='lat' dir='ltr'><strong>improbamus:</strong></span> <span class='ocrx_word' id='word_1_497' title='bbox 877 4157 987 4197; x_wconf 90' lang='lat' dir='ltr'><strong>non</strong></span> <span class='ocrx_word' id='word_1_498' title='bbox 1021 4143 1328 4200; x_wconf 88' lang='lat' dir='ltr'><strong>decernunt</strong></span> <span class='ocrx_word' id='word_1_499' title='bbox 1359 4147 1447 4200; x_wconf 86' lang='lat' dir='ltr'><strong>vel</strong></span> <span class='ocrx_word' id='word_1_500' title='bbox 1485 4147 1580 4217; x_wconf 88' lang='lat' dir='ltr'><strong>jus</strong></span> <span class='ocrx_word' id='word_1_501' title='bbox 1627 4148 1819 4204; x_wconf 90' lang='lat' dir='ltr'><strong>dicunt</strong></span> <span class='ocrx_word' id='word_1_502' title='bbox 1860 4150 2009 4221; x_wconf 78' lang='lat' dir='ltr'><strong>leges</strong></span> 
     </span>
    </p>
   </div>
   <div class='ocr_carea' id='block_1_70' title="bbox 428 4232 2007 4312">
    <p class='ocr_par' dir='ltr' id='par_1_70' title="bbox 428 4232 2007 4312">
     <span class='ocr_line' id='line_1_70' title="bbox 428 4232 2007 4312; baseline 0.009 -26"><span class='ocrx_word' id='word_1_503' title='bbox 428 4232 733 4288; x_wconf 88' lang='lat' dir='ltr'><strong>secundum</strong></span> <span class='ocrx_word' id='word_1_504' title='bbox 767 4251 1057 4306; x_wconf 87' lang='lat' dir='ltr'><strong>personam</strong></span> <span class='ocrx_word' id='word_1_505' title='bbox 1080 4237 1148 4292; x_wconf 90' lang='lat' dir='ltr'><strong>de</strong></span> <span class='ocrx_word' id='word_1_506' title='bbox 1185 4236 1384 4304; x_wconf 79' lang='lat' dir='ltr'><strong>factis;</strong></span> <span class='ocrx_word' id='word_1_507' title='bbox 1416 4255 1525 4294; x_wconf 92' lang='lat' dir='ltr'><strong>non</strong></span> <span class='ocrx_word' id='word_1_508' title='bbox 1548 4241 1854 4312; x_wconf 89' lang='lat' dir='ltr'><strong>disceptant</strong></span> <span class='ocrx_word' id='word_1_509' title='bbox 1873 4260 2007 4300; x_wconf 86' lang='lat' dir='ltr'><strong>con-</strong></span> 
     </span>
    </p>
   </div>
   <div class='ocr_carea' id='block_1_71' title="bbox 427 4328 2004 4400">
    <p class='ocr_par' dir='ltr' id='par_1_71' title="bbox 427 4328 2004 4400">
     <span class='ocr_line' id='line_1_71' title="bbox 427 4328 2004 4400; baseline 0.008 -22"><span class='ocrx_word' id='word_1_510' title='bbox 427 4333 511 4379; x_wconf 89' lang='lat' dir='ltr'><strong>tra</strong></span> <span class='ocrx_word' id='word_1_511' title='bbox 536 4342 845 4397; x_wconf 83' lang='lat' dir='ltr'><strong>personas;</strong></span> <span class='ocrx_word' id='word_1_512' title='bbox 879 4328 976 4385; x_wconf 91' lang='lat' dir='ltr'><strong>sed</strong></span> <span class='ocrx_word' id='word_1_513' title='bbox 1016 4329 1387 4400; x_wconf 87' lang='lat' dir='ltr'><strong>astipulantur</strong></span> <span class='ocrx_word' id='word_1_514' title='bbox 1419 4330 1771 4388; x_wconf 90' lang='lat' dir='ltr'><strong>similitudini</strong></span> <span class='ocrx_word' id='word_1_515' title='bbox 1826 4333 2004 4391; x_wconf 80' lang='lat' dir='ltr'><strong>fac’to-</strong></span> 
     </span>
    </p>
   </div>
   <div class='ocr_carea' id='block_1_72' title="bbox 426 4429 572 4472">
    <p class='ocr_par' dir='ltr' id='par_1_72' title="bbox 426 4429 572 4472">
     <span class='ocr_line' id='line_1_72' title="bbox 426 4429 572 4472; baseline 0.007 -3"><span class='ocrx_word' id='word_1_516' title='bbox 426 4429 572 4472; x_wconf 86' lang='lat' dir='ltr'><strong>rum.</strong></span> 
     </span>
    </p>
   </div>
   <div class='ocr_carea' id='block_1_73' title="bbox 2106 3401 3692 3486">
    <p class='ocr_par' dir='ltr' id='par_1_73' title="bbox 2106 3401 3692 3486">
     <span class='ocr_line' id='line_1_73' title="bbox 2106 3401 3692 3486; baseline -0.005 -18"><span class='ocrx_word' id='word_1_517' title='bbox 2106 3417 2258 3477; x_wconf 84' lang='grc' dir='ltr'>σαῖος</span> <span class='ocrx_word' id='word_1_518' title='bbox 2287 3414 2449 3486; x_wconf 77' lang='grc' dir='ltr'>θηρσὶ</span> <span class='ocrx_word' id='word_1_519' title='bbox 2486 3413 2555 3467; x_wconf 74' lang='grc' dir='ltr'><strong>τὰ</strong></span> <span class='ocrx_word' id='word_1_520' title='bbox 2594 3411 2824 3483; x_wconf 80' lang='grc' dir='ltr'>σώματα</span> <span class='ocrx_word' id='word_1_521' title='bbox 2863 3412 2970 3465; x_wconf 81' lang='grc' dir='ltr'><strong>τῶν</strong></span> <span class='ocrx_word' id='word_1_522' title='bbox 3018 3411 3226 3482; x_wconf 86' lang='grc' dir='ltr'>νηπίων</span> <span class='ocrx_word' id='word_1_523' title='bbox 3261 3409 3430 3462; x_wconf 80' lang='grc' dir='ltr'>ἐδίδου</span> <span class='ocrx_word' id='word_1_524' title='bbox 3452 3425 3465 3438; x_wconf 78' lang='grc'><strong><em>⁸</em></strong></span> <span class='ocrx_word' id='word_1_525' title='bbox 3494 3401 3595 3461; x_wconf 83' lang='grc' dir='ltr'><strong>ὧδε</strong></span> <span class='ocrx_word' id='word_1_526' title='bbox 3635 3406 3692 3460; x_wconf 78' lang='grc' dir='ltr'>δὲ</span> 
     </span>
    </p>
   </div>
   <div class='ocr_carea' id='block_1_74' title="bbox 2106 3498 3691 3577">
    <p class='ocr_par' dir='ltr' id='par_1_74' title="bbox 2106 3498 3691 3577">
     <span class='ocr_line' id='line_1_74' title="bbox 2106 3498 3691 3577; baseline -0.004 -17"><span class='ocrx_word' id='word_1_527' title='bbox 2106 3506 2318 3568; x_wconf 80' lang='grc' dir='ltr'>Παῦλος</span> <span class='ocrx_word' id='word_1_528' title='bbox 2349 3506 2550 3577; x_wconf 77' lang='grc' dir='ltr'>ἀφῄρει</span> <span class='ocrx_word' id='word_1_529' title='bbox 2581 3504 2677 3574; x_wconf 82' lang='grc' dir='ltr'><strong>τὴν</strong></span> <span class='ocrx_word' id='word_1_530' title='bbox 2710 3504 2892 3575; x_wconf 73' lang='grc' dir='ltr'>βλέψιν</span> <span class='ocrx_word' id='word_1_531' title='bbox 2921 3503 3028 3555; x_wconf 71' lang='grc' dir='ltr'>τῶ)</span> <span class='ocrx_word' id='word_1_532' title='bbox 3057 3503 3342 3573; x_wconf 84' lang='grc' dir='ltr'>ὀμμάτων,</span> <span class='ocrx_word' id='word_1_533' title='bbox 3373 3501 3468 3554; x_wconf 76' lang='grc' dir='ltr'>καὶ</span> <span class='ocrx_word' id='word_1_534' title='bbox 3490 3498 3691 3568; x_wconf 77' lang='grc' dir='ltr'>τυφλὸν</span> 
     </span>
    </p>
   </div>
   <div class='ocr_carea' id='block_1_75' title="bbox 2104 3590 3693 3669">
    <p class='ocr_par' dir='ltr' id='par_1_75' title="bbox 2104 3590 3693 3669">
     <span class='ocr_line' id='line_1_75' title="bbox 2104 3590 3693 3669; baseline -0.007 -17"><span class='ocrx_word' id='word_1_535' title='bbox 2104 3599 2196 3654; x_wconf 87' lang='grc' dir='ltr'><strong>τὸν</strong></span> <span class='ocrx_word' id='word_1_536' title='bbox 2247 3597 2512 3669; x_wconf 82' lang='grc' dir='ltr'>βλέποντα</span> <span class='ocrx_word' id='word_1_537' title='bbox 2563 3595 2848 3667; x_wconf 76' lang='grc' dir='ltr'>εἰργάζετο</span> <span class='ocrx_word' id='word_1_538' title='bbox 2872 3612 2885 3625; x_wconf 90' lang='grc'><strong>·</strong></span> <span class='ocrx_word' id='word_1_539' title='bbox 2937 3594 3029 3647; x_wconf 78' lang='grc' dir='ltr'><strong>καὶ</strong></span> <span class='ocrx_word' id='word_1_540' title='bbox 3080 3591 3305 3646; x_wconf 81' lang='grc' dir='ltr'>τοιαῦτα</span> <span class='ocrx_word' id='word_1_541' title='bbox 3362 3590 3693 3662; x_wconf 84' lang='grc' dir='ltr'>πράττοντες</span> 
     </span>
    </p>
   </div>
   <div class='ocr_carea' id='block_1_76' title="bbox 2106 3683 3693 3759">
    <p class='ocr_par' dir='ltr' id='par_1_76' title="bbox 2106 3683 3693 3759">
     <span class='ocr_line' id='line_1_76' title="bbox 2106 3683 3693 3759; baseline -0.004 -16"><span class='ocrx_word' id='word_1_542' title='bbox 2106 3690 2205 3754; x_wconf 86' lang='grc' dir='ltr'>τὰς</span> <span class='ocrx_word' id='word_1_543' title='bbox 2233 3689 2511 3759; x_wconf 76' lang='grc' dir='ltr'>ἐπιτιμίας</span> <span class='ocrx_word' id='word_1_544' title='bbox 2543 3688 2856 3742; x_wconf 85' lang='grc' dir='ltr'>δεδώκασιν.</span> <span class='ocrx_word' id='word_1_545' title='bbox 2898 3688 2961 3741; x_wconf 82' lang='grc' dir='ltr'>Εἰ</span> <span class='ocrx_word' id='word_1_546' title='bbox 2993 3683 3086 3739; x_wconf 79' lang='grc' dir='ltr'><strong>οὖν</strong></span> <span class='ocrx_word' id='word_1_547' title='bbox 3119 3686 3211 3738; x_wconf 80' lang='grc' dir='ltr'><strong>ἐπὶ</strong></span> <span class='ocrx_word' id='word_1_548' title='bbox 3248 3684 3471 3747; x_wconf 82' lang='grc' dir='ltr'>ἀτόποις</span> <span class='ocrx_word' id='word_1_549' title='bbox 3505 3686 3538 3754; x_wconf 83' lang='grc' dir='ltr'><strong>ἡ</strong></span> <span class='ocrx_word' id='word_1_550' title='bbox 3571 3686 3693 3737; x_wconf 87' lang='grc' dir='ltr'>ἐπι-</span> 
     </span>
    </p>
   </div>
   <div class='ocr_carea' id='block_1_77' title="bbox 2108 3770 3695 3851">
    <p class='ocr_par' dir='ltr' id='par_1_77' title="bbox 2108 3770 3695 3851">
     <span class='ocr_line' id='line_1_77' title="bbox 2108 3770 3695 3851; baseline -0.008 -18"><span class='ocrx_word' id='word_1_551' title='bbox 2108 3780 2267 3851; x_wconf 90' lang='grc' dir='ltr'>τιμία</span> <span class='ocrx_word' id='word_1_552' title='bbox 2311 3778 2668 3850; x_wconf 78' lang='grc' dir='ltr'>λαμϐάνεται,</span> <span class='ocrx_word' id='word_1_553' title='bbox 2713 3777 2912 3838; x_wconf 86' lang='grc' dir='ltr'>ἄτοπος</span> <span class='ocrx_word' id='word_1_554' title='bbox 2957 3775 3163 3844; x_wconf 83' lang='grc' dir='ltr'>Πέτρος</span> <span class='ocrx_word' id='word_1_555' title='bbox 3219 3771 3314 3826; x_wconf 77' lang='grc' dir='ltr'>καὶ</span> <span class='ocrx_word' id='word_1_556' title='bbox 3354 3770 3597 3832; x_wconf 81' lang='grc' dir='ltr'>Παῦλος·</span> <span class='ocrx_word' id='word_1_557' title='bbox 3644 3771 3695 3822; x_wconf 85' lang='grc' dir='ltr'>εἰ</span> 
     </span>
    </p>
   </div>
   <div class='ocr_carea' id='block_1_78' title="bbox 2110 3860 3692 3933">
    <p class='ocr_par' dir='ltr' id='par_1_78' title="bbox 2110 3860 3692 3933">
     <span class='ocr_line' id='line_1_78' title="bbox 2110 3860 3692 3933; baseline -0.007 -9"><span class='ocrx_word' id='word_1_558' title='bbox 2110 3871 2166 3924; x_wconf 84' lang='grc' dir='ltr'>δὲ</span> <span class='ocrx_word' id='word_1_559' title='bbox 2199 3868 2352 3923; x_wconf 88' lang='grc' dir='ltr'>καλοί</span> <span class='ocrx_word' id='word_1_560' title='bbox 2383 3870 2540 3933; x_wconf 82' lang='grc' dir='ltr'>εἰσιν,</span> <span class='ocrx_word' id='word_1_561' title='bbox 2581 3871 2663 3921; x_wconf 82' lang='grc' dir='ltr'>ὅτι</span> <span class='ocrx_word' id='word_1_562' title='bbox 2695 3865 2983 3920; x_wconf 88' lang='grc' dir='ltr'>ἀπόστολοί</span> <span class='ocrx_word' id='word_1_563' title='bbox 3016 3866 3119 3918; x_wconf 85' lang='grc' dir='ltr'>είσι</span> <span class='ocrx_word' id='word_1_564' title='bbox 3140 3904 3155 3926; x_wconf 93' lang='grc'><strong>,</strong></span> <span class='ocrx_word' id='word_1_565' title='bbox 3209 3864 3303 3917; x_wconf 75' lang='grc' dir='ltr'><strong>καὶ</strong></span> <span class='ocrx_word' id='word_1_566' title='bbox 3334 3860 3488 3916; x_wconf 88' lang='grc' dir='ltr'>καλοί</span> <span class='ocrx_word' id='word_1_567' title='bbox 3531 3863 3692 3925; x_wconf 78' lang='grc' dir='ltr'>εἰσιν,</span> 
     </span>
    </p>
   </div>
   <div class='ocr_carea' id='block_1_79' title="bbox 2112 3952 3695 4032">
    <p class='ocr_par' dir='ltr' id='par_1_79' title="bbox 2112 3952 3695 4032">
     <span class='ocr_line' id='line_1_79' title="bbox 2112 3952 3695 4032; baseline -0.008 -16"><span class='ocrx_word' id='word_1_568' title='bbox 2112 3963 2195 4016; x_wconf 84' lang='grc' dir='ltr'>ὅτι</span> <span class='ocrx_word' id='word_1_569' title='bbox 2226 3963 2669 4032; x_wconf 86' lang='grc' dir='ltr'>ἐπιτετιμήκασι.</span> <span class='ocrx_word' id='word_1_570' title='bbox 2702 3959 2767 4012; x_wconf 88' lang='grc' dir='ltr'>Τί</span> <span class='ocrx_word' id='word_1_571' title='bbox 2804 3953 3230 4019; x_wconf 65' lang='grc' dir='ltr'>διαϐάλλειςτάς</span> <span class='ocrx_word' id='word_1_572' title='bbox 3268 3954 3567 4023; x_wconf 83' lang='grc' dir='ltr'>ἐπιτιμίας,</span> <span class='ocrx_word' id='word_1_573' title='bbox 3601 3952 3695 4004; x_wconf 74' lang='grc' dir='ltr'>καὶ</span> 
     </span>
    </p>
   </div>
   <div class='ocr_carea' id='block_1_80' title="bbox 2110 4042 3694 4121">
    <p class='ocr_par' dir='ltr' id='par_1_80' title="bbox 2110 4042 3694 4121">
     <span class='ocr_line' id='line_1_80' title="bbox 2110 4042 3694 4121; baseline -0.009 -12"><span class='ocrx_word' id='word_1_574' title='bbox 2110 4056 2219 4109; x_wconf 84' lang='grc' dir='ltr'><strong>τῶν</strong></span> <span class='ocrx_word' id='word_1_575' title='bbox 2247 4053 2562 4108; x_wconf 87' lang='grc' dir='ltr'>ἀποστόλων</span> <span class='ocrx_word' id='word_1_576' title='bbox 2592 4051 2897 4120; x_wconf 88' lang='grc' dir='ltr'>ἐπιτιμίαις</span> <span class='ocrx_word' id='word_1_577' title='bbox 2929 4047 3320 4121; x_wconf 80' lang='grc' dir='ltr'>χρησαμένων;</span> <span class='ocrx_word' id='word_1_578' title='bbox 3350 4048 3413 4099; x_wconf 90' lang='grc' dir='ltr'>Εἰ</span> <span class='ocrx_word' id='word_1_579' title='bbox 3440 4045 3565 4106; x_wconf 80' lang='grc' dir='ltr'>τοὺς</span> <span class='ocrx_word' id='word_1_580' title='bbox 3595 4042 3694 4113; x_wconf 84' lang='grc' dir='ltr'>μὲν</span> 
     </span>
    </p>
   </div>
   <div class='ocr_carea' id='block_1_81' title="bbox 2111 4133 3695 4214">
    <p class='ocr_par' dir='ltr' id='par_1_81' title="bbox 2111 4133 3695 4214">
     <span class='ocr_line' id='line_1_81' title="bbox 2111 4133 3695 4214; baseline -0.011 -11"><span class='ocrx_word' id='word_1_581' title='bbox 2111 4149 2445 4211; x_wconf 88' lang='grc' dir='ltr'>ἀποστόλους</span> <span class='ocrx_word' id='word_1_582' title='bbox 2475 4143 2874 4214; x_wconf 82' lang='grc' dir='ltr'>ἀποδεχόμεθα,</span> <span class='ocrx_word' id='word_1_583' title='bbox 2915 4142 3013 4203; x_wconf 85' lang='grc' dir='ltr'>τὰς</span> <span class='ocrx_word' id='word_1_584' title='bbox 3061 4140 3117 4193; x_wconf 83' lang='grc' dir='ltr'>δὲ</span> <span class='ocrx_word' id='word_1_585' title='bbox 3162 4137 3441 4207; x_wconf 77' lang='grc' dir='ltr'>ἐπιτιμίας</span> <span class='ocrx_word' id='word_1_586' title='bbox 3485 4133 3695 4205; x_wconf 74' lang='grc' dir='ltr'>μεμφόι-</span> 
     </span>
    </p>
   </div>
   <div class='ocr_carea' id='block_1_82' title="bbox 2117 4223 3694 4313">
    <p class='ocr_par' dir='ltr' id='par_1_82' title="bbox 2117 4223 3694 4313">
     <span class='ocr_line' id='line_1_82' title="bbox 2117 4223 3694 4313; baseline -0.012 -18"><span class='ocrx_word' id='word_1_587' title='bbox 2117 4241 2299 4313; x_wconf 79' lang='grc' dir='ltr'>μεθαο</span> <span class='ocrx_word' id='word_1_588' title='bbox 2351 4241 2412 4292; x_wconf 83' lang='grc' dir='ltr'><strong>οὐ</strong></span> <span class='ocrx_word' id='word_1_589' title='bbox 2466 4236 2610 4292; x_wconf 83' lang='grc' dir='ltr'>κατὰ</span> <span class='ocrx_word' id='word_1_590' title='bbox 2659 4234 2949 4305; x_wconf 88' lang='grc' dir='ltr'>πρόσωπον</span> <span class='ocrx_word' id='word_1_591' title='bbox 3006 4233 3057 4284; x_wconf 78' lang='lat' dir='ltr'><strong>oi</strong></span> <span class='ocrx_word' id='word_1_592' title='bbox 3112 4229 3268 4300; x_wconf 89' lang='grc' dir='ltr'>νόμοι</span> <span class='ocrx_word' id='word_1_593' title='bbox 3323 4227 3568 4299; x_wconf 84' lang='grc' dir='ltr'>κρίνουσι</span> <span class='ocrx_word' id='word_1_594' title='bbox 3626 4223 3694 4277; x_wconf 89' lang='grc' dir='ltr'><strong>τά</strong></span> 
     </span>
    </p>
   </div>
   <div class='ocr_carea' id='block_1_83' title="bbox 2113 4314 3695 4402">
    <p class='ocr_par' dir='ltr' id='par_1_83' title="bbox 2113 4314 3695 4402">
     <span class='ocr_line' id='line_1_83' title="bbox 2113 4314 3695 4402; baseline -0.012 -18"><span class='ocrx_word' id='word_1_595' title='bbox 2113 4330 2452 4402; x_wconf 87' lang='grc' dir='ltr'>πράγματα,</span> <span class='ocrx_word' id='word_1_596' title='bbox 2515 4326 2545 4396; x_wconf 77' lang='grc' dir='ltr'>ἢ</span> <span class='ocrx_word' id='word_1_597' title='bbox 2598 4322 2949 4386; x_wconf 81' lang='grc' dir='ltr'>δικάζουσιν-</span> <span class='ocrx_word' id='word_1_598' title='bbox 3009 4319 3068 4372; x_wconf 85' lang='grc' dir='ltr'>οὐ</span> <span class='ocrx_word' id='word_1_599' title='bbox 3126 4316 3262 4389; x_wconf 80' lang='grc' dir='ltr'>πρὸς</span> <span class='ocrx_word' id='word_1_600' title='bbox 3312 4317 3381 4371; x_wconf 87' lang='grc' dir='ltr'><strong>τά</strong></span> <span class='ocrx_word' id='word_1_601' title='bbox 3428 4314 3695 4387; x_wconf 88' lang='grc' dir='ltr'>πρόσωπα</span> 
     </span>
    </p>
   </div>
   <div class='ocr_carea' id='block_1_84' title="bbox 2114 4405 3696 4495">
    <p class='ocr_par' dir='ltr' id='par_1_84' title="bbox 2114 4405 3696 4495">
     <span class='ocr_line' id='line_1_84' title="bbox 2114 4405 3696 4495; baseline -0.01 -20"><span class='ocrx_word' id='word_1_602' title='bbox 2114 4419 2496 4495; x_wconf 80' lang='grc' dir='ltr'>ἐρεσχελοῦσι,</span> <span class='ocrx_word' id='word_1_603' title='bbox 2522 4421 2590 4489; x_wconf 83' lang='grc' dir='ltr'>τῇ</span> <span class='ocrx_word' id='word_1_604' title='bbox 2629 4416 2687 4469; x_wconf 87' lang='grc' dir='ltr'>δὲ</span> <span class='ocrx_word' id='word_1_605' title='bbox 2725 4413 2831 4467; x_wconf 85' lang='grc' dir='ltr'>τῶν</span> <span class='ocrx_word' id='word_1_606' title='bbox 2870 4410 3120 4484; x_wconf 83' lang='grc' dir='ltr'>πράξεων</span> <span class='ocrx_word' id='word_1_607' title='bbox 3158 4410 3436 4482; x_wconf 85' lang='grc' dir='ltr'>ὁμοιότητι</span> <span class='ocrx_word' id='word_1_608' title='bbox 3474 4405 3696 4478; x_wconf 86' lang='grc' dir='ltr'>συντρέ-</span> 
     </span>
    </p>
   </div>
   <div class='ocr_carea' id='block_1_85' title="bbox 2114 4529 2319 4587">
    <p class='ocr_par' dir='ltr' id='par_1_85' title="bbox 2114 4529 2319 4587">
     <span class='ocr_line' id='line_1_85' title="bbox 2114 4529 2319 4587; baseline -0.005 -20"><span class='ocrx_word' id='word_1_609' title='bbox 2114 4529 2319 4587; x_wconf 86' lang='grc' dir='ltr'>χουσιν.</span> 
     </span>
    </p>
   </div>
   <div class='ocr_carea' id='block_1_86' title="bbox 1018 4641 3091 4715">
    <p class='ocr_par' dir='ltr' id='par_1_86' title="bbox 1018 4641 3091 4715">
     <span class='ocr_line' id='line_1_86' title="bbox 1018 4641 3091 4715; baseline 0.001 -21"><span class='ocrx_word' id='word_1_610' title='bbox 1018 4642 1148 4695; x_wconf 73' lang='lat' dir='ltr'><strong>CAP.</strong></span> <span class='ocrx_word' id='word_1_611' title='bbox 1189 4641 1306 4697; x_wconf 80' lang='lat' dir='ltr'><strong>XV.</strong></span> <span class='ocrx_word' id='word_1_612' title='bbox 1341 4641 1704 4712; x_wconf 80' lang='lat' dir='ltr'><strong>Evangelium,</strong></span> <span class='ocrx_word' id='word_1_613' title='bbox 1734 4647 2101 4704; x_wconf 84' lang='lat' dir='ltr'><strong>misericordia</strong></span> <span class='ocrx_word' id='word_1_614' title='bbox 2121 4649 2354 4715; x_wconf 83' lang='lat' dir='ltr'><strong>plenum.</strong></span> <span class='ocrx_word' id='word_1_615' title='bbox 2386 4646 2519 4710; x_wconf 76' lang='lat' dir='ltr'><strong>Lex,</strong></span> <span class='ocrx_word' id='word_1_616' title='bbox 2551 4644 2738 4698; x_wconf 85' lang='lat' dir='ltr'><strong>umbra</strong></span> <span class='ocrx_word' id='word_1_617' title='bbox 2768 4643 3091 4714; x_wconf 73' lang='lat' dir='ltr'><strong>futurorum.</strong></span> 
     </span>
    </p>
   </div>
   <div class='ocr_carea' id='block_1_87' title="bbox 499 4752 2004 4830">
    <p class='ocr_par' dir='ltr' id='par_1_87' title="bbox 499 4752 2004 4825">
     <span class='ocr_line' id='line_1_87' title="bbox 499 4752 2004 4825; baseline 0.003 -14"><span class='ocrx_word' id='word_1_618' title='bbox 499 4754 608 4811; x_wconf 90' lang='lat' dir='ltr'><strong>Sed</strong></span> <span class='ocrx_word' id='word_1_619' title='bbox 640 4769 835 4809; x_wconf 85' lang='lat' dir='ltr'><strong>rursus</strong></span> <span class='ocrx_word' id='word_1_620' title='bbox 863 4752 1018 4807; x_wconf 89' lang='lat' dir='ltr'><strong>aiunt</strong></span> <span class='ocrx_word' id='word_1_621' title='bbox 1046 4772 1058 4807; x_wconf 92' lang='lat'><strong>:</strong></span> <span class='ocrx_word' id='word_1_622' title='bbox 1091 4755 1415 4810; x_wconf 89' lang='lat' dir='ltr'><strong>Misericors</strong></span> <span class='ocrx_word' id='word_1_623' title='bbox 1443 4763 1527 4810; x_wconf 83' lang='lat' dir='ltr'><strong>est</strong></span> <span class='ocrx_word' id='word_1_624' title='bbox 1556 4755 1764 4825; x_wconf 89' lang='lat' dir='ltr'><strong>Filius;</strong></span> <span class='ocrx_word' id='word_1_625' title='bbox 1799 4761 2004 4817; x_wconf 90' lang='lat' dir='ltr'><strong>miseri-</strong></span> 
     </span>
    </p>
   </div>
   <div class='ocr_carea' id='block_1_88' title="bbox 2109 4752 3694 4830">
    <p class='ocr_par' dir='ltr' id='par_1_88' title="bbox 2195 4756 3694 4830">
     <span class='ocr_line' id='line_1_88' title="bbox 2195 4756 3694 4830; baseline 0.001 -18"><span class='ocrx_word' id='word_1_626' title='bbox 2195 4760 2357 4813; x_wconf 86' lang='grc' dir='ltr'>Ἀλλά</span> <span class='ocrx_word' id='word_1_627' title='bbox 2401 4776 2567 4829; x_wconf 82' lang='grc' dir='ltr'>φησιν</span> <span class='ocrx_word' id='word_1_628' title='bbox 2595 4774 2607 4787; x_wconf 81' lang='lat'><strong><em>°</em></strong></span> <span class='ocrx_word' id='word_1_629' title='bbox 2674 4759 2948 4830; x_wconf 86' lang='grc' dir='ltr'>Ἐλεήμων</span> <span class='ocrx_word' id='word_1_630' title='bbox 2990 4761 3018 4811; x_wconf 86' lang='grc' dir='ltr'><strong>ὁ</strong></span> <span class='ocrx_word' id='word_1_631' title='bbox 3064 4757 3222 4821; x_wconf 84' lang='grc' dir='ltr'>Υἱὸς,</span> <span class='ocrx_word' id='word_1_632' title='bbox 3269 4756 3514 4829; x_wconf 83' lang='grc' dir='ltr'>ἐλεήμων</span> <span class='ocrx_word' id='word_1_633' title='bbox 3555 4762 3585 4813; x_wconf 90' lang='grc' dir='ltr'><strong>ό</strong></span> <span class='ocrx_word' id='word_1_634' title='bbox 3625 4759 3694 4813; x_wconf 82' lang='grc' dir='ltr'>τὰ</span> 
     </span>
    </p>
   </div>
   <div class='ocr_carea' id='block_1_89' title="bbox 427 4845 2003 4918">
    <p class='ocr_par' dir='ltr' id='par_1_89' title="bbox 427 4845 2003 4918">
     <span class='ocr_line' id='line_1_89' title="bbox 427 4845 2003 4918; baseline 0.003 -14"><span class='ocrx_word' id='word_1_635' title='bbox 427 4862 552 4904; x_wconf 82' lang='lat' dir='ltr'><strong>cors</strong></span> <span class='ocrx_word' id='word_1_636' title='bbox 580 4847 676 4917; x_wconf 90' lang='lat' dir='ltr'><strong>qui</strong></span> <span class='ocrx_word' id='word_1_637' title='bbox 706 4845 1000 4916; x_wconf 75' lang='lat' dir='ltr'><strong>Evangelia</strong></span> <span class='ocrx_word' id='word_1_638' title='bbox 1027 4846 1251 4917; x_wconf 90' lang='lat' dir='ltr'><strong>scripsit</strong></span> <span class='ocrx_word' id='word_1_639' title='bbox 1277 4865 1292 4913; x_wconf 93' lang='lat'><strong>;</strong></span> <span class='ocrx_word' id='word_1_640' title='bbox 1339 4854 1393 4902; x_wconf 90' lang='lat' dir='ltr'><strong>et</strong></span> <span class='ocrx_word' id='word_1_641' title='bbox 1423 4848 1518 4917; x_wconf 91' lang='lat' dir='ltr'><strong>qui</strong></span> <span class='ocrx_word' id='word_1_642' title='bbox 1550 4849 1870 4907; x_wconf 90' lang='lat' dir='ltr'><strong>misericors</strong></span> <span class='ocrx_word' id='word_1_643' title='bbox 1899 4862 2003 4918; x_wconf 88' lang='lat' dir='ltr'><strong>est,</strong></span> 
     </span>
    </p>
   </div>
   <div class='ocr_carea' id='block_1_90' title="bbox 426 4938 2005 5014">
    <p class='ocr_par' dir='ltr' id='par_1_90' title="bbox 426 4938 2005 5014">
     <span class='ocr_line' id='line_1_90' title="bbox 426 4938 2005 5014; baseline 0.002 -20"><span class='ocrx_word' id='word_1_644' title='bbox 426 4940 574 4995; x_wconf 84' lang='lat' dir='ltr'><strong>tilius</strong></span> <span class='ocrx_word' id='word_1_645' title='bbox 618 4947 702 4995; x_wconf 89' lang='lat' dir='ltr'><strong>est</strong></span> <span class='ocrx_word' id='word_1_646' title='bbox 757 4938 1154 4995; x_wconf 87' lang='lat' dir='ltr'><strong>misericordis.</strong></span> <span class='ocrx_word' id='word_1_647' title='bbox 1209 4939 1317 4995; x_wconf 84' lang='lat' dir='ltr'><strong>Lex</strong></span> <span class='ocrx_word' id='word_1_648' title='bbox 1369 4958 1501 4998; x_wconf 89' lang='lat' dir='ltr'><strong>vero</strong></span> <span class='ocrx_word' id='word_1_649' title='bbox 1549 4941 1687 4995; x_wconf 88' lang='lat' dir='ltr'><strong>dura</strong></span> <span class='ocrx_word' id='word_1_650' title='bbox 1723 4955 1775 4998; x_wconf 86' lang='lat' dir='ltr'><strong>et</strong></span> <span class='ocrx_word' id='word_1_651' title='bbox 1811 4959 2005 5014; x_wconf 88' lang='lat' dir='ltr'><strong>aspera</strong></span> 
     </span>
    </p>
   </div>
   <div class='ocr_carea' id='block_1_91' title="bbox 424 5032 2005 5103">
    <p class='ocr_par' dir='ltr' id='par_1_91' title="bbox 424 5032 2005 5103">
     <span class='ocr_line' id='line_1_91' title="bbox 424 5032 2005 5103; baseline 0.001 -14"><span class='ocrx_word' id='word_1_652' title='bbox 424 5038 533 5097; x_wconf 81' lang='lat' dir='ltr'><strong>est,</strong></span> <span class='ocrx_word' id='word_1_653' title='bbox 564 5047 677 5099; x_wconf 86' lang='lat' dir='ltr'><strong>non</strong></span> <span class='ocrx_word' id='word_1_654' title='bbox 719 5048 953 5102; x_wconf 88' lang='lat' dir='ltr'><strong>parcens</strong></span> <span class='ocrx_word' id='word_1_655' title='bbox 1011 5032 1504 5103; x_wconf 87' lang='lat' dir='ltr'><strong>delinquentibus:</strong></span> <span class='ocrx_word' id='word_1_656' title='bbox 1567 5036 2005 5091; x_wconf 87' lang='lat' dir='ltr'><strong>misericordiam</strong></span> 
     </span>
    </p>
   </div>
   <div class='ocr_carea' id='block_1_92' title="bbox 426 5122 2008 5196">
    <p class='ocr_par' dir='ltr' id='par_1_92' title="bbox 426 5122 2008 5196">
     <span class='ocr_line' id='line_1_92' title="bbox 426 5122 2008 5196; baseline 0.002 -18"><span class='ocrx_word' id='word_1_657' title='bbox 426 5131 609 5178; x_wconf 85' lang='lat' dir='ltr'><strong>autem</strong></span> <span class='ocrx_word' id='word_1_658' title='bbox 664 5125 909 5179; x_wconf 87' lang='lat' dir='ltr'><strong>continet</strong></span> <span class='ocrx_word' id='word_1_659' title='bbox 958 5122 1336 5193; x_wconf 78' lang='lat' dir='ltr'><strong>Evangelinm,</strong></span> <span class='ocrx_word' id='word_1_660' title='bbox 1384 5124 1530 5193; x_wconf 91' lang='lat' dir='ltr'><strong>quod</strong></span> <span class='ocrx_word' id='word_1_661' title='bbox 1556 5125 1755 5180; x_wconf 88' lang='lat' dir='ltr'><strong>delicta</strong></span> <span class='ocrx_word' id='word_1_662' title='bbox 1785 5127 2008 5196; x_wconf 88' lang='lat' dir='ltr'><strong>quidem</strong></span> 
     </span>
    </p>
   </div>
   <div class='ocr_carea' id='block_1_93' title="bbox 430 5215 2003 5285">
    <p class='ocr_par' dir='ltr' id='par_1_93' title="bbox 430 5215 2003 5285">
     <span class='ocr_line' id='line_1_93' title="bbox 430 5215 2003 5285; baseline 0.003 -18"><span class='ocrx_word' id='word_1_663' title='bbox 430 5220 668 5278; x_wconf 86' lang='lat' dir='ltr'><strong>coercet,</strong></span> <span class='ocrx_word' id='word_1_664' title='bbox 710 5215 1066 5284; x_wconf 85' lang='lat' dir='ltr'><strong>poenitentias</strong></span> <span class='ocrx_word' id='word_1_665' title='bbox 1097 5230 1227 5270; x_wconf 88' lang='lat' dir='ltr'><strong>vero</strong></span> <span class='ocrx_word' id='word_1_666' title='bbox 1256 5216 1539 5285; x_wconf 73' lang='lat' dir='ltr'><strong>prtedicat.</strong></span> <span class='ocrx_word' id='word_1_667' title='bbox 1589 5216 1766 5283; x_wconf 92' lang='lat' dir='ltr'><strong>Ecce,</strong></span> <span class='ocrx_word' id='word_1_668' title='bbox 1800 5218 2003 5285; x_wconf 88' lang='lat' dir='ltr'><strong>dicent,</strong></span> 
     </span>
    </p>
   </div>
   <div class='ocr_carea' id='block_1_94' title="bbox 430 5304 2008 5381">
    <p class='ocr_par' dir='ltr' id='par_1_94' title="bbox 430 5304 2008 5381">
     <span class='ocr_line' id='line_1_94' title="bbox 430 5304 2008 5381; baseline 0.005 -23"><span class='ocrx_word' id='word_1_669' title='bbox 430 5304 624 5361; x_wconf 88' lang='lat' dir='ltr'><strong>Petrus</strong></span> <span class='ocrx_word' id='word_1_670' title='bbox 660 5308 897 5379; x_wconf 76' lang='lat' dir='ltr'><strong>negavit,</strong></span> <span class='ocrx_word' id='word_1_671' title='bbox 938 5318 994 5364; x_wconf 89' lang='lat' dir='ltr'><strong>et</strong></span> <span class='ocrx_word' id='word_1_672' title='bbox 1024 5307 1278 5362; x_wconf 81' lang='lat' dir='ltr'><strong>Salvator</strong></span> <span class='ocrx_word' id='word_1_673' title='bbox 1336 5310 1600 5378; x_wconf 86' lang='lat' dir='ltr'><strong>pepercit,</strong></span> <span class='ocrx_word' id='word_1_674' title='bbox 1634 5317 1691 5364; x_wconf 90' lang='lat' dir='ltr'><strong>et</strong></span> <span class='ocrx_word' id='word_1_675' title='bbox 1737 5327 1863 5366; x_wconf 91' lang='lat' dir='ltr'><strong>eum</strong></span> <span class='ocrx_word' id='word_1_676' title='bbox 1912 5313 2008 5381; x_wconf 87' lang='lat' dir='ltr'><strong>qui</strong></span> 
     </span>
    </p>
   </div>
   <div class='ocr_carea' id='block_1_95' title="bbox 433 5398 2007 5469">
    <p class='ocr_par' dir='ltr' id='par_1_95' title="bbox 433 5398 2007 5469">
     <span class='ocr_line' id='line_1_95' title="bbox 433 5398 2007 5469; baseline 0.004 -20"><span class='ocrx_word' id='word_1_677' title='bbox 433 5405 541 5450; x_wconf 87' lang='lat' dir='ltr'><strong>tam</strong></span> <span class='ocrx_word' id='word_1_678' title='bbox 586 5412 751 5468; x_wconf 83' lang='lat' dir='ltr'><strong>grave</strong></span> <span class='ocrx_word' id='word_1_679' title='bbox 801 5407 1088 5468; x_wconf 87' lang='lat' dir='ltr'><strong>peccatum</strong></span> <span class='ocrx_word' id='word_1_680' title='bbox 1148 5398 1525 5463; x_wconf 87' lang='lat' dir='ltr'><strong>commiserat,</strong></span> <span class='ocrx_word' id='word_1_681' title='bbox 1577 5399 1912 5469; x_wconf 77' lang='lat' dir='ltr'><strong>dissimulat,</strong></span> <span class='ocrx_word' id='word_1_682' title='bbox 1951 5410 2007 5456; x_wconf 89' lang='lat' dir='ltr'><strong>et</strong></span> 
     </span>
    </p>
   </div>
   <div class='ocr_carea' id='block_1_96' title="bbox 432 5490 2009 5564">
    <p class='ocr_par' dir='ltr' id='par_1_96' title="bbox 432 5490 2009 5564">
     <span class='ocr_line' id='line_1_96' title="bbox 432 5490 2009 5564; baseline 0.003 -21"><span class='ocrx_word' id='word_1_683' title='bbox 432 5490 613 5546; x_wconf 87' lang='lat' dir='ltr'><strong>minas</strong></span> <span class='ocrx_word' id='word_1_684' title='bbox 664 5490 971 5547; x_wconf 74' lang='lat' dir='ltr'><strong>clementia:</strong></span> <span class='ocrx_word' id='word_1_685' title='bbox 1027 5491 1286 5562; x_wconf 87' lang='lat' dir='ltr'><strong>subjecit,</strong></span> <span class='ocrx_word' id='word_1_686' title='bbox 1345 5498 1404 5545; x_wconf 87' lang='lat' dir='ltr'><strong>ut</strong></span> <span class='ocrx_word' id='word_1_687' title='bbox 1450 5494 1882 5550; x_wconf 87' lang='lat' dir='ltr'><strong>essetomnibus</strong></span> <span class='ocrx_word' id='word_1_688' title='bbox 1914 5510 2009 5564; x_wconf 88' lang='lat' dir='ltr'><strong>per</strong></span> 
     </span>
    </p>
   </div>
   <div class='ocr_carea' id='block_1_97' title="bbox 504 5664 1746 5739">
    <p class='ocr_par' dir='ltr' id='par_1_97' title="bbox 504 5664 1746 5739">
     <span class='ocr_line' id='line_1_97' title="bbox 504 5664 1746 5739; baseline 0.005 -20"><span class='ocrx_word' id='word_1_689' title='bbox 504 5666 549 5698; x_wconf 74' lang='grc'><strong>⁸⁸</strong></span> <span class='ocrx_word' id='word_1_690' title='bbox 588 5664 654 5720; x_wconf 80' lang='lat' dir='ltr'><strong>IV</strong></span> <span class='ocrx_word' id='word_1_691' title='bbox 689 5666 821 5739; x_wconf 82' lang='lat' dir='ltr'><strong>Reg.</strong></span> <span class='ocrx_word' id='word_1_692' title='bbox 859 5686 910 5733; x_wconf 90' lang='grc' dir='ltr'><strong>ι,</strong></span> <span class='ocrx_word' id='word_1_693' title='bbox 954 5669 1039 5725; x_wconf 89' lang='lat' dir='ltr'><strong>IO.</strong></span> <span class='ocrx_word' id='word_1_694' title='bbox 1114 5670 1159 5700; x_wconf 79' lang='grc'><strong>⁸⁸</strong></span> <span class='ocrx_word' id='word_1_695' title='bbox 1203 5669 1320 5724; x_wconf 71' lang='lat' dir='ltr'><strong>Act.</strong></span> <span class='ocrx_word' id='word_1_696' title='bbox 1360 5671 1495 5735; x_wconf 69' lang='lat' dir='ltr'><strong>xm&#39;,</strong></span> <span class='ocrx_word' id='word_1_697' title='bbox 1535 5670 1621 5736; x_wconf 85' lang='lat' dir='ltr'><strong>IO,</strong></span> <span class='ocrx_word' id='word_1_698' title='bbox 1659 5672 1746 5726; x_wconf 74' lang='lat' dir='ltr'><strong>il.</strong></span> 
     </span>
    </p>
   </div>
   <div class='ocr_carea' id='block_1_98' title="bbox 2115 4850 3697 4924">
    <p class='ocr_par' dir='ltr' id='par_1_98' title="bbox 2115 4850 3697 4924">
     <span class='ocr_line' id='line_1_98' title="bbox 2115 4850 3697 4924; baseline 0 -18"><span class='ocrx_word' id='word_1_699' title='bbox 2115 4852 2425 4920; x_wconf 83' lang='grc' dir='ltr'>Εὑαγγέλια</span> <span class='ocrx_word' id='word_1_700' title='bbox 2457 4851 2826 4924; x_wconf 75' lang='grc' dir='ltr'>γεγραφηκώς</span> <span class='ocrx_word' id='word_1_701' title='bbox 2853 4867 2865 4880; x_wconf 90' lang='grc'><strong>·</strong></span> <span class='ocrx_word' id='word_1_702' title='bbox 2924 4853 3018 4905; x_wconf 74' lang='grc' dir='ltr'><strong>καὶ</strong></span> <span class='ocrx_word' id='word_1_703' title='bbox 3063 4853 3093 4904; x_wconf 88' lang='grc' dir='ltr'><strong>ό</strong></span> <span class='ocrx_word' id='word_1_704' title='bbox 3156 4850 3403 4922; x_wconf 85' lang='grc' dir='ltr'>ἐλεήμων</span> <span class='ocrx_word' id='word_1_705' title='bbox 3447 4850 3697 4924; x_wconf 88' lang='grc' dir='ltr'>γέννημά</span> 
     </span>
    </p>
   </div>
   <div class='ocr_carea' id='block_1_99' title="bbox 2115 4943 3696 5017">
    <p class='ocr_par' dir='ltr' id='par_1_99' title="bbox 2115 4943 3696 5017">
     <span class='ocr_line' id='line_1_99' title="bbox 2115 4943 3696 5017; baseline 0 -20"><span class='ocrx_word' id='word_1_706' title='bbox 2115 4947 2232 4997; x_wconf 88' lang='grc' dir='ltr'>ἐστι</span> <span class='ocrx_word' id='word_1_707' title='bbox 2264 4943 2355 4998; x_wconf 79' lang='grc' dir='ltr'>τοῦ</span> <span class='ocrx_word' id='word_1_708' title='bbox 2388 4945 2698 5017; x_wconf 87' lang='grc' dir='ltr'>ἐλεήμονος.</span> <span class='ocrx_word' id='word_1_709' title='bbox 2742 4946 2801 4999; x_wconf 83' lang='lat'><strong>&#39;0</strong></span> <span class='ocrx_word' id='word_1_710' title='bbox 2844 4945 2900 4997; x_wconf 84' lang='grc' dir='ltr'>δὲ</span> <span class='ocrx_word' id='word_1_711' title='bbox 2943 4944 3107 5014; x_wconf 87' lang='grc' dir='ltr'>νόμος</span> <span class='ocrx_word' id='word_1_712' title='bbox 3146 4945 3369 5015; x_wconf 80' lang='grc' dir='ltr'>τραχὺς,</span> <span class='ocrx_word' id='word_1_713' title='bbox 3415 4944 3476 4996; x_wconf 84' lang='grc' dir='ltr'><strong>οὐ</strong></span> <span class='ocrx_word' id='word_1_714' title='bbox 3506 4960 3696 5013; x_wconf 83' lang='grc' dir='ltr'>συγγι-</span> 
     </span>
    </p>
   </div>
   <div class='ocr_carea' id='block_1_100' title="bbox 2115 5033 3697 5107">
    <p class='ocr_par' dir='ltr' id='par_1_100' title="bbox 2115 5033 3697 5107">
     <span class='ocr_line' id='line_1_100' title="bbox 2115 5033 3697 5107; baseline 0.001 -21"><span class='ocrx_word' id='word_1_715' title='bbox 2115 5034 2363 5088; x_wconf 69' lang='grc' dir='ltr'><strong>νὼσκων⁷</strong></span> <span class='ocrx_word' id='word_1_716' title='bbox 2386 5038 2499 5099; x_wconf 86' lang='grc' dir='ltr'>τοῖς</span> <span class='ocrx_word' id='word_1_717' title='bbox 2558 5036 2908 5107; x_wconf 77' lang='grc' dir='ltr'>ἡμαρτηκόσι</span> <span class='ocrx_word' id='word_1_718' title='bbox 2931 5052 2945 5067; x_wconf 87' lang='grc'><strong>·</strong></span> <span class='ocrx_word' id='word_1_719' title='bbox 3002 5034 3307 5104; x_wconf 84' lang='grc' dir='ltr'>σπλάγχνον</span> <span class='ocrx_word' id='word_1_720' title='bbox 3357 5034 3416 5088; x_wconf 83' lang='grc' dir='ltr'>δὲ</span> <span class='ocrx_word' id='word_1_721' title='bbox 3466 5034 3578 5105; x_wconf 77' lang='grc' dir='ltr'>ἔχει</span> <span class='ocrx_word' id='word_1_722' title='bbox 3634 5033 3697 5088; x_wconf 82' lang='grc' dir='ltr'><strong>τδ</strong></span> 
     </span>
    </p>
   </div>
   <div class='ocr_carea' id='block_1_101' title="bbox 2115 5124 3695 5199">
    <p class='ocr_par' dir='ltr' id='par_1_101' title="bbox 2115 5124 3695 5199">
     <span class='ocr_line' id='line_1_101' title="bbox 2115 5124 3695 5199; baseline 0.001 -20"><span class='ocrx_word' id='word_1_723' title='bbox 2115 5126 2466 5196; x_wconf 80' lang='grc' dir='ltr'>Εὑαγγέλιον,</span> <span class='ocrx_word' id='word_1_724' title='bbox 2514 5127 2799 5182; x_wconf 81' lang='grc' dir='ltr'>συστέλλον</span> <span class='ocrx_word' id='word_1_725' title='bbox 2851 5127 2950 5199; x_wconf 82' lang='grc' dir='ltr'><strong>μὲν</strong></span> <span class='ocrx_word' id='word_1_726' title='bbox 2995 5124 3095 5189; x_wconf 78' lang='grc' dir='ltr'>τὰς</span> <span class='ocrx_word' id='word_1_727' title='bbox 3146 5125 3543 5196; x_wconf 83' lang='grc' dir='ltr'>πλημμελείας,</span> <span class='ocrx_word' id='word_1_728' title='bbox 3596 5144 3695 5197; x_wconf 88' lang='grc' dir='ltr'>κη-</span> 
     </span>
    </p>
   </div>
   <div class='ocr_carea' id='block_1_102' title="bbox 2115 5201 3697 5289">
    <p class='ocr_par' dir='ltr' id='par_1_102' title="bbox 2115 5201 3697 5289">
     <span class='ocr_line' id='line_1_102' title="bbox 2115 5201 3697 5289; baseline -0.002 -20"><span class='ocrx_word' id='word_1_729' title='bbox 2115 5216 2305 5289; x_wconf 87' lang='grc' dir='ltr'>ρύττον</span> <span class='ocrx_word' id='word_1_730' title='bbox 2347 5217 2404 5270; x_wconf 86' lang='grc' dir='ltr'><strong>δέ</strong></span> <span class='ocrx_word' id='word_1_731' title='bbox 2443 5218 2541 5281; x_wconf 87' lang='grc' dir='ltr'><strong>τάς</strong></span> <span class='ocrx_word' id='word_1_732' title='bbox 2568 5201 2891 5289; x_wconf 69' lang='grc' dir='ltr'>ξμετανοίας.</span> <span class='ocrx_word' id='word_1_733' title='bbox 2950 5217 3080 5270; x_wconf 87' lang='grc' dir='ltr'>Ἰδοὺ</span> <span class='ocrx_word' id='word_1_734' title='bbox 3127 5216 3238 5285; x_wconf 85' lang='grc' dir='ltr'>γὰρ</span> <span class='ocrx_word' id='word_1_735' title='bbox 3276 5218 3304 5267; x_wconf 89' lang='grc' dir='ltr'><strong>ό</strong></span> <span class='ocrx_word' id='word_1_736' title='bbox 3348 5213 3560 5285; x_wconf 80' lang='grc' dir='ltr'>Σωτὴρ,</span> <span class='ocrx_word' id='word_1_737' title='bbox 3606 5214 3697 5267; x_wconf 86' lang='grc' dir='ltr'>λέ-</span> 
     </span>
    </p>
   </div>
   <div class='ocr_carea' id='block_1_103' title="bbox 2116 5306 3695 5382">
    <p class='ocr_par' dir='ltr' id='par_1_103' title="bbox 2116 5306 3695 5382">
     <span class='ocr_line' id='line_1_103' title="bbox 2116 5306 3695 5382; baseline -0.001 -21"><span class='ocrx_word' id='word_1_738' title='bbox 2116 5308 2285 5373; x_wconf 85' lang='grc' dir='ltr'>ξουσι,</span> <span class='ocrx_word' id='word_1_739' title='bbox 2319 5310 2412 5362; x_wconf 75' lang='grc' dir='ltr'><strong>καὶ</strong></span> <span class='ocrx_word' id='word_1_740' title='bbox 2444 5310 2652 5380; x_wconf 85' lang='grc' dir='ltr'>Πέτρου</span> <span class='ocrx_word' id='word_1_741' title='bbox 2679 5308 3055 5382; x_wconf 84' lang='grc' dir='ltr'>ἀρνησαμένου</span> <span class='ocrx_word' id='word_1_742' title='bbox 3084 5308 3356 5376; x_wconf 81' lang='grc' dir='ltr'>ἐφείσατο,</span> <span class='ocrx_word' id='word_1_743' title='bbox 3387 5306 3695 5377; x_wconf 80' lang='grc' dir='ltr'>καὶ.ἅμάρ-</span> 
     </span>
    </p>
   </div>
   <div class='ocr_carea' id='block_1_104' title="bbox 2113 5397 3696 5473">
    <p class='ocr_par' dir='ltr' id='par_1_104' title="bbox 2113 5397 3696 5473">
     <span class='ocr_line' id='line_1_104' title="bbox 2113 5397 3696 5473; baseline -0.002 -19"><span class='ocrx_word' id='word_1_744' title='bbox 2113 5419 2265 5472; x_wconf 88' lang='grc' dir='ltr'>τημα</span> <span class='ocrx_word' id='word_1_745' title='bbox 2326 5402 2646 5473; x_wconf 83' lang='grc' dir='ltr'>τηλικοῦτον</span> <span class='ocrx_word' id='word_1_746' title='bbox 2706 5398 3212 5472; x_wconf 88' lang='grc' dir='ltr'>πεπλημμεληκότα</span> <span class='ocrx_word' id='word_1_747' title='bbox 3272 5398 3537 5468; x_wconf 88' lang='grc' dir='ltr'>παρίησι,</span> <span class='ocrx_word' id='word_1_748' title='bbox 3600 5397 3696 5451; x_wconf 82' lang='grc' dir='ltr'>καὶ</span> 
     </span>
    </p>
   </div>
   <div class='ocr_carea' id='block_1_105' title="bbox 2117 5490 3693 5568">
    <p class='ocr_par' dir='ltr' id='par_1_105' title="bbox 2117 5490 3693 5568">
     <span class='ocr_line' id='line_1_105' title="bbox 2117 5490 3693 5568; baseline -0.003 -19"><span class='ocrx_word' id='word_1_749' title='bbox 2117 5495 2294 5565; x_wconf 80' lang='grc' dir='ltr'>ἁπλῆν</span> <span class='ocrx_word' id='word_1_750' title='bbox 2326 5495 2424 5566; x_wconf 88' lang='grc' dir='ltr'><strong>τὴν</strong></span> <span class='ocrx_word' id='word_1_751' title='bbox 2462 5495 2871 5568; x_wconf 79' lang='grc' dir='ltr'>φιλανθρωπίαν</span> <span class='ocrx_word' id='word_1_752' title='bbox 2904 5490 3358 5564; x_wconf 88' lang='grc' dir='ltr'>προσπεποίηται,</span> <span class='ocrx_word' id='word_1_753' title='bbox 3391 5490 3693 5563; x_wconf 84' lang='grc' dir='ltr'>ὑπόδειγμα</span> 
     </span>
    </p>
   </div>
   <div class='ocr_carea' id='block_1_106' title="bbox 506 5821 3516 5894">
    <p class='ocr_par' dir='ltr' id='par_1_106' title="bbox 506 5821 3516 5894">
     <span class='ocr_line' id='line_1_106' title="bbox 506 5821 3516 5894; baseline 0.002 -17"><span class='ocrx_word' id='word_1_754' title='bbox 506 5821 617 5891; x_wconf 74' lang='lat'><strong>(69.)</strong></span> <span class='ocrx_word' id='word_1_755' title='bbox 660 5823 943 5890; x_wconf 56' lang='lat' dir='ltr'><strong>Raptim...</strong></span> <span class='ocrx_word' id='word_1_756' title='bbox 989 5823 1209 5878; x_wconf 77' lang='grc' dir='ltr'>παιδία.</span> <span class='ocrx_word' id='word_1_757' title='bbox 1258 5822 1501 5893; x_wconf 77' lang='lat' dir='ltr'><strong>Infantes</strong></span> <span class='ocrx_word' id='word_1_758' title='bbox 1546 5841 1717 5881; x_wconf 74' lang='lat' dir='ltr'><strong>escam</strong></span> <span class='ocrx_word' id='word_1_759' title='bbox 1753 5836 1800 5878; x_wconf 81' lang='lat' dir='ltr'><strong>et</strong></span> <span class='ocrx_word' id='word_1_760' title='bbox 1838 5827 2123 5880; x_wconf 75' lang='lat' dir='ltr'><strong>convivium</strong></span> <span class='ocrx_word' id='word_1_761' title='bbox 2154 5825 2292 5880; x_wconf 77' lang='lat' dir='ltr'><strong>ursis</strong></span> <span class='ocrx_word' id='word_1_762' title='bbox 2325 5832 2736 5894; x_wconf 65' lang='lat' dir='ltr'><strong>pra’pararerat.</strong></span> <span class='ocrx_word' id='word_1_763' title='bbox 2769 5822 2893 5879; x_wconf 68' lang='lat' dir='ltr'><strong>Hm</strong></span> <span class='ocrx_word' id='word_1_764' title='bbox 2929 5824 2984 5879; x_wconf 89' lang='lat' dir='ltr'><strong>in</strong></span> <span class='ocrx_word' id='word_1_765' title='bbox 3018 5824 3267 5881; x_wconf 77' lang='lat' dir='ltr'><strong>versione</strong></span> <span class='ocrx_word' id='word_1_766' title='bbox 3293 5826 3516 5885; x_wconf 84' lang='lat' dir='ltr'><strong>omissa.</strong></span> 
     </span>
    </p>
   </div>
  </div>
