4138 6432
464 462 602 520 1245

1446 467 1817 527 ADVERSUS
1854 464 2281 523 MANICHEOS
2317 467 2446 523 LIB.
2486 467 2568 526 Ill.

3567 470 3708 527 lilii

456 582 549 635 τὸν
579 579 745 651 ἄνδρα
770 579 933 633 παντὶ
960 579 1036 651 τῷ
1074 579 1171 651 βίῳ
1201 580 1622 647 καταλελοιπὼς,
1656 584 1742 636 ἵνα
1773 582 1875 652 τῆς
1905 583 2009 634 έαυη

2138 580 2449 638 universam
2486 585 2651 637 vitam
2707 586 3012 654 exemplum
3066 593 3119 642 et
3176 586 3357 657 imago
3402 586 3706 643 clementiae

454 670 550 726 τοῦ
576 671 982 744 φιλανθρωπίας
1011 673 1191 725 εἰκόνα
1240 674 1443 726 ἐκεῖνον
1478 675 1754 747 παράσχῃ.
1792 674 1856 727 Τί
1884 669 1975 727 οὖν
2001 675 2029 726 6

455 764 657 836 νόμος
692 760 801 835 ἆρα
838 766 1031 836 ἀπορεῖ
1064 765 1161 836 τῆς
1208 767 1508 835 μιμήσεως,
1556 767 1649 818 καὶ
1697 763 2028 836 κατάλληλον

454 856 637 912 εἰκόνα
668 856 768 910 οὐκ
796 856 941 927 ἔχεις
977 856 1086 910 Καὶ
1119 856 1322 927 Πέτρος
1354 857 1469 927 μὲν,
1496 858 1779 921 σπουδαῖος
1808 856 1902 919 ὢν,
1934 856 2027 909 καὶ

454 947 698 1015 σφαλεὶς,
739 948 930 1018 ἀφέσει
982 950 1076 1000 καὶ
1118 950 1457 1020 συγχωρήσει
1495 950 1815 1020 τετίμηταιο
1853 950 2027 1012 οὐδεὶς

451 1041 507 1093 δὲ
537 1042 595 1093 ἐν
631 1039 708 1111 τῷ
740 1041 908 1111 νόμῳ,
944 1040 1370 1111 πλημμελήσας,
1404 1043 1495 1094 καὶ
1533 1042 1675 1113 μέγα
1707 1041 2026 1112 πλημμελή-

455 1147 574 1194 σας,
616 1132 681 1201 τῇ
713 1131 966 1202 μετανοίᾳ
998 1132 1095 1200 τὴν
1134 1132 1325 1201 ἄφεσιν
1371 1132 1788 1202 ἐμνηστεύσατο.
1828 1132 1890 1184 Εἰ
1927 1133 2024 1202 μὲν

450 1223 561 1296 γὰρ
589 1223 893 1293 ἀγνοοῦσιν,
922 1223 1155 1295 ἐροῦμεν
1189 1225 1247 1277 τὸ
1275 1224 1690 1296 γεγραμμένονο
1733 1224 2024 1290 Ἐλέησόν

442 1331 542 1386 με,
586 1319 620 1370 ὀ
658 1314 824 1383 Θεὸς,
865 1315 1014 1369 κατὰ
1050 1314 1116 1368 τὸ
1158 1314 1311 1385 μέγα
1356 1316 1529 1381 ἔλεός
1557 1330 1703 1368 σου·
1749 1315 1846 1367 καὶ
1876 1314 2023 1369 κατὰ

444 1408 513 1461 τὸ
550 1407 784 1475 πλῆθος
819 1405 937 1460 τῶν
962 1407 1275 1476 οἰκτιρμῶν
1295 1424 1409 1461 σου
1435 1406 1761 1474 ὲξάλειψον
1792 1407 1856 1459 τὸ
1878 1408 2021 1459 ἀνό-

438 1497 607 1567 μημά
631 1515 749 1566 μου
771 1511 785 1525 ⁸
825 1496 920 1549 ἐπὶ
945 1496 1155 1549 πλεῖον
1183 1496 1421 1550 πλῦνόν
1454 1513 1529 1565 με
1560 1496 1679 1550 ἀπὸ
1722 1494 1831 1563 τῆς
1878 1496 2019 1548 ἀνο-

437 1592 581 1659 μίας
599 1607 742 1658 μου,
786 1588 881 1659 καὶ
908 1589 1023 1643 ἀπὸ
1067 1588 1177 1657 τῆς
1210 1589 1497 1657 ἁμαρτίας
1530 1606 1650 1657 μου
1695 1587 2021 1657 καθάρισόν

438 1692 533 1750 με.
565 1679 666 1732 Σοὶ
702 1680 869 1749 μόνῳ
892 1677 1174 1748 ἥμαρτον,
1212 1681 1308 1733 καὶ
1354 1680 1417 1733 τὸ
1461 1680 1730 1748 πονηρὸν
1765 1680 2021 1735 ἐνώπιόν

440 1789 557 1825 σου
589 1772 867 1840 ἐποίησα.
916 1774 981 1827 Εἰ
1026 1773 1083 1827 δὲ
1131 1774 1298 1838 ἴσασι,
1343 1775 1409 1844 τῇ
1460 1774 1771 1847 κακομυθία
1821 1777 2019 1846 ἐχεμυ-

441 1862 533 1917 θοῦ
542 1881 642 1919 σιν.

2138 668 2461 729 Salvatoris.
2498 673 2639 740 Quid
2689 674 2856 743 igitur
2910 675 3037 730 lex?
3096 693 3163 732 an
3198 687 3347 732 caret
3396 677 3706 734 imitatione

2133 764 2390 832 exempli,
2422 773 2475 819 et
2507 780 2618 819 non
2650 764 2813 818 habet
2849 764 3134 836 imaginem
3164 783 3346 839 parem
3380 776 3434 824 et
3462 769 3589 825 huic
3614 783 3705 824 re-

2134 856 2532 924 spondentem?
2561 858 2638 911 Ac
2665 857 2863 913 Petrus
2890 859 3110 928 quidem
3143 862 3325 915 studio
3356 862 3578 917 virtutis
3601 863 3700 917 des

2132 946 2303 1012 ditus,
2335 956 2389 1002 et
2416 949 2627 1019 lapsus,
2656 950 2815 1003 venia
2858 959 2910 1003 et
2950 950 3351 1006 condonatione
3393 953 3701 1007 honoratus

2131 1047 2254 1094 est:
2288 1041 2340 1092 in
2371 1042 2485 1110 lege
2521 1047 2701 1095 autem
2733 1052 2892 1095 neum
2916 1048 3039 1110 post
3070 1049 3377 1110 peccatum,
3397 1049 3449 1097 et
3474 1043 3699 1112 quidem

2130 1147 2411 1201 magnum,
2440 1134 2653 1186 veniam
2692 1134 2793 1188 sibi
2828 1150 2923 1204 per
2958 1134 3333 1202 pmnitentiam
3363 1136 3696 1190 conciliavit.

2133 1221 2189 1274 Si
2223 1224 2368 1277 enim
2405 1224 2680 1295 ignorant,
2710 1225 3068 1279 recitabimus
3097 1224 3242 1293 quod
3277 1225 3540 1295 scriptum
3570 1234 3655 1282 est
3681 1246 3695 1282 :

2134 1312 2388 1368 Miserere
2413 1316 2546 1381 mei,
2582 1314 2717 1369 Deus
2741 1355 2755 1378 ,
2809 1314 3095 1369 secundum
3122 1331 3368 1384 magnam
3405 1316 3700 1370 misericor-

2128 1404 2276 1457 diam
2312 1416 2477 1460 tuam.
2529 1405 2597 1458 Et
2634 1406 2920 1460 secundum
2952 1407 3346 1461 multitudinem
3396 1408 3694 1462 miseratio-

2129 1513 2251 1550 num
2288 1508 2501 1551 tuarum
2523 1498 2639 1551 dele
2670 1498 3001 1567 iniquitatem
3032 1514 3220 1550 meam.
3275 1496 3524 1566 Amplius
3579 1499 3700 1551 lava

2128 1603 2208 1639 me
2240 1586 2304 1638 ab
2335 1587 2612 1656 iniquitate
2640 1604 2777 1652 mea,
2814 1598 2862 1640 et
2908 1605 2940 1641 a
2975 1598 3185 1657 peccato
3212 1605 3324 1642 meo
3355 1590 3553 1642 munda
3593 1605 3694 1644 me.

2131 1677 2246 1732 Tibi
2276 1679 2377 1734 soli
2410 1680 2635 1748 peccavi,
2668 1688 2717 1732 et
2741 1679 2940 1732 malum
2969 1696 3148 1733 coram
3178 1689 3240 1757 te
3273 1680 3373 1748 feci
3404 1681 3472 1732 9°.
3512 1680 3566 1733 Si
3598 1697 3697 1733 au-

2125 1778 2235 1826 tem
2273 1786 2383 1825 non
2414 1770 2691 1841 ignorant,
2732 1773 2828 1826 sed
2864 1772 3068 1836 sciunt,
3107 1771 3384 1827 silentium
3424 1779 3611 1827 tenent
3637 1772 3695 1826 in

2125 1863 2269 1916 malo
2298 1877 2569 1918 sermone.

521 1957 749 2027 Ἀδελφὰ
774 1952 865 2011 οῦν
894 1957 962 2011 τά
990 1959 1291 2029 πράγματα
1311 1977 1324 1991 ο
1358 1960 1540 2030 ὅμοιαι
1575 1961 1629 2012 αἰ
1664 1960 1869 2023 εἰκόνες
1888 1978 1901 1991 ·
1926 1961 2009 2014 καὶ

2194 1954 2449 2025 Cognata:
2467 1955 2633 2024 igitur
2659 1960 2715 2009 et
2732 1967 3005 2024 germanas
3027 1961 3153 2006 sunt
3172 1967 3283 2019 res,
3318 1952 3530 2008 similes
3556 1952 3693 2006 ima-

437 2041 541 2103 ὧδε
582 2048 680 2119 μὲν
723 2050 949 2121 Πέτρος,
989 2052 1106 2104 ἐκεῖ
1146 2051 1204 2104 δὲ
1248 2053 1276 2104 6
1327 2051 1684 2124 ἰεροψάλτης’
1737 2054 1884 2116 ὅπως
1924 2054 2019 2107 καὶ

440 2141 691 2210 μεγάλων
725 2142 1028 2214 ἀνθρώπων
1059 2142 1327 2214 πτώματα
1376 2144 1641 2215 μεγάλαις
1684 2148 1777 2199 καὶ
1805 2164 2017 2216 συγχω-

441 2233 663 2302 ρήσεσιν
714 2233 874 2304 ἰαθῇ·
922 2234 1016 2288 κα)⁸
1068 2238 1183 2299 τοῖς
1235 2236 1444 2306 μεγάλα
1491 2238 1789 2308 ἡτοπηκόσι
1846 2239 2018 2308 μέγας

435 2325 532 2377 καὶ
568 2327 597 2377 6
642 2326 930 2397 γενόμενος
975 2327 1143 2391 ἔλεος.
1194 2329 1257 2381 Εἰ
1302 2329 1399 2399 μὲν
1439 2325 1529 2383 οῦν
1578 2330 1915 2401 θαυμάζουσι
1948 2329 2017 2383 τὰ

435 2416 763 2485 Εὐαγγέλια,
814 2420 895 2471 ὅτι
936 2420 1142 2489 Πέτρος
1184 2420 1387 2492 ἠλεήθη
1410 2439 1424 2452 ’
1460 2419 1905 2491 θαυμαζέτωσαν,
1933 2423 2015 2476 ὅτι

435 2507 531 2559 καὶ
564 2507 726 2560 Δαὸἰδ
754 2507 978 2579 ἡλέηται
1001 2528 1011 2539 ο
1037 2512 1085 2562 εἰ
1118 2510 1174 2563 δὲ
1204 2510 1503 2572 αἰτιῶνται,
1537 2512 1619 2565 ὅτι
1661 2511 1797 2583 μετά
1824 2512 2015 2565 τοσάδε

434 2597 533 2649 οὐκ
574 2597 767 2667 ἀφείθη
821 2599 849 2650 6
898 2597 1082 2661 Δαῧίδ,
1129 2598 1247 2651 οὐδὲ
1296 2598 1548 2668 φεύξεται
1590 2598 1656 2651 δι’
1681 2599 1875 2661 αὐτοὺς
1918 2598 2015 2669 τὴν

434 2688 613 2742 αἰτίαν
662 2689 781 2742 οὐδέ
828 2692 856 2743 6
906 2690 1142 2761 Πέτρος·
1196 2691 1289 2743 καὶ
1338 2690 1478 2755 δόξει
1527 2691 1625 2761 μὲν
1668 2691 1806 2744 κατὰ
1852 2691 2013 2761 μόνου

433 2776 596 2831 Δαῆἰδ
622 2774 816 2850 εἶναιῆ
851 2778 1026 2843 αἰτία,
1053 2781 1118 2850 τῇ
1153 2779 1209 2833 δὲ
1242 2780 1465 2850 δυνάμει
1508 2780 2014 2852 κατηγορηθήσεται

433 2869 526 2922 καὶ
552 2872 580 2923 6
609 2870 813 2941 Πέτρος
848 2874 914 2942 τῇ
956 2872 1093 2942 αὐτῇ
1142 2873 1467 2944 κατηγορίᾳ.
1514 2873 1579 2925 Εἰ
1633 2873 1688 2925 δὲ
1729 2873 2011 2944 φήσουσιν,

431 2961 514 3013 ὃτι
546 2960 685 3032 καλὴ
732 2962 831 3033 μὲν
875 2964 907 3032 ὴ
958 2961 1322 3034 συγχώρησις,
1366 2963 1526 3036 μέχρι
1554 2963 1611 3017 δὲ
1655 2964 1838 3035 ἐνὸςή
1887 2981 2015 3033 συγ-

430 3051 673 3123 χώρησις
715 3052 807 3106 τοῦ
852 3053 1080 3107 παλαιοῦ
1114 3054 1279 3124 νόμου
1328 3053 1549 3122 ἔφθασε,
1591 3054 1799 3126 πληθὺς
1837 3056 1893 3108 δὲ
1926 3056 2014 3107 ἐν·

428 3141 603 3195 ταῦθα
664 3144 1097 3214 συγχωρήσεως.
1158 3143 1252 3196 καὶ
1303 3143 1537 3212 πέλαγος
1592 3143 1867 3213 ἀφέσεως,
1917 3145 2011 3198 καὶ

430 3236 579 3307 φωνή
621 3238 736 3288 ἐστι
785 3235 1107 3307 βεϐοηκυῖα·
1166 3236 1344 3290 Δεῦτε
1389 3236 1539 3304 πρὸς
1573 3235 1672 3305 μὲ,
1704 3236 1926 3301 πάντες
1955 3240 2009 3290 ol

430 3324 754 3390 κοπιῶντες
804 3327 900 3379 καὶ
942 3324 1420 3394 πεφορτισμένοι,
1471 3324 1631 3394 κάγὼ
1678 3326 2007 3379 ἀναπαύσω

425 3412 614 3483 ὑμᾶς’
651 3413 1046 3484 ἀναγνώτωσαν
1078 3413 1148 3467 τά
1176 3414 1399 3477 παλαιά,
1436 3415 1524 3467 καί
1565 3413 1746 3484 θαῦμα
1774 3413 1883 3466 τῶν
1910 3431 2002 3483 γε·

424 3505 762 3577 γραμμένων
785 3504 1227 3576 λαμϐανέτωσαν.

496 3682 559 3735 Εἰ
586 3681 643 3734 δὲ
674 3681 741 3736 δι’
768 3680 1132 3753 ἀμελετησίαν
1158 3684 1270 3745 τοῖς
1287 3680 1607 3753 γράμμασιν
1635 3683 1876 3752 ἐντυχεῖν
1904 3685 2003 3738 οὐκ

422 3771 722 3843 ἀνέχονται,
775 3772 1055 3825 κάνταῦθα
1091 3772 1192 3843 τῆς
1238 3772 1419 3836 αἰτίας
1464 3771 1670 3843 ταύτης
1728 3774 2003 3828 ἀπαλλατ-

422 3861 683 3917 τέτωσαν.
723 3865 781 3916 Ὀ
827 3863 1019 3935 Σωτὴρ
1063 3863 1245 3933 λέγει’
1290 3863 1500 3929 Δεῦτε,
1547 3863 1770 3930 πάντες
1801 3869 1857 3920 ol
1900 3884 2003 3921 κο-

423 3952 681 4020 πιῶντες
749 3952 850 4007 καί
900 3950 1396 4022 πεφορτισμένοι,
1454 3951 1617 4022 κάγὼ
1669 3953 2003 4007 ἀναπαύσω

420 4044 608 4117 ὑμᾶς’
662 4045 853 4099 οὐδένα
917 4044 1133 4117 παρεὶς,
1166 4043 1369 4115 μηδένα
1418 4043 1731 4109 ἀπολιπὼν,
1794 4045 2002 4109 πάντας

421 4137 753 4211 περιλαϐών.
795 4137 853 4191 ’0
874 4137 930 4189 δέ
950 4136 1269 4208 ἱεροψάλτης
1293 4136 1471 4204 λέγει’
1504 4134 1704 4191 Πάντα
1734 4136 1809 4191 τὰ
1832 4136 1997 4205 ἔθνη,

420 4228 755 4299 κροτήσατε
778 4229 981 4300 χεῖρας
1000 4248 1014 4263 ο
1050 4232 1144 4285 καὶ
1169 4230 1329 4284 πάλιν
1351 4248 1365 4261 ο
1412 4231 1829 4295 Ἐνωτίσασθε,
1858 4229 2000 4284 πάν-

419 4339 519 4388 τες
557 4324 613 4374 ol
635 4322 1055 4388 κατοικοῦντες
1105 4326 1222 4390 τὴν
1253 4320 1632 4391 οἰκουμένην,
1667 4322 1724 4375 oZ
1754 4339 1818 4375 τε
1838 4339 1999 4392 γηγε-

419 4411 546 4478 νεῖς
559 4412 658 4466 καὶ
678 4413 794 4467 υἰοί
820 4411 940 4467 τῶν
954 4414 1297 4483 ἀνθρώπων,
1320 4413 1417 4467 ἐπὶ
1442 4412 1509 4466 τὸ
1533 4412 1680 4466 αὐτὸ
1702 4414 1998 4480 πλούσιος

420 4505 519 4560 καὶ
546 4504 759 4575 πένης.
785 4507 994 4570 Πάντες
1022 4507 1082 4571 ἐξ
1119 4506 1473 4577 Εὐαγγελίου,
1507 4505 1709 4569 πάντες
1736 4507 1800 4558 ὲκ
1832 4505 1995 4577 νόμου

2119 2047 2273 2116 gines
2310 2065 2323 2099 :
2370 2055 2531 2114 atque
2559 2047 2646 2099 hic
2675 2046 2897 2116 quidem
2927 2043 3122 2099 Petrus
3143 2086 3159 2110 ,
3199 2044 3310 2098 illic
3334 2058 3464 2099 vero
3497 2042 3690 2112 David;

2121 2149 2180 2193 ut
2216 2152 2537 2208 magnorum
2576 2138 2817 2191 virorum
2873 2137 3060 2207 lapsus
3091 2152 3286 2207 magna
3322 2136 3487 2191 etiam
3531 2135 3693 2190 venia

2119 2241 2383 2285 curentur
2413 2269 2428 2294 ,
2464 2238 2517 2284 et
2554 2229 2621 2284 iis
2653 2229 2746 2299 qui
2778 2229 3018 2299 graviter
3060 2228 3443 2297 deliquerunt,
3495 2241 3692 2296 magna

2119 2323 2281 2376 etiam
2314 2320 2691 2377 misericordia
2721 2321 2925 2374 tributa
2953 2321 3045 2375 sit.
3078 2319 3135 2374 Si
3167 2320 3335 2390 igitur
3350 2318 3693 2373 admirantur

2118 2415 2431 2484 Evangelia,
2462 2414 2589 2484 quia
2622 2411 2819 2467 Petrus
2874 2412 3315 2466 misericordiam
3357 2416 3690 2465 consecutus

2117 2515 2235 2561 est:
2269 2505 2611 2560 admirentur
2635 2505 2800 2559 etiam
2834 2503 3030 2573 legem,
3066 2505 3193 2572 quia
3233 2511 3287 2555 et
3320 2502 3483 2556 David
3526 2502 3690 2557 mise-

2116 2597 2408 2653 ricordiam
2443 2598 2671 2666 adeptus
2700 2605 2805 2651 est.
2842 2595 2898 2649 Si
2947 2606 3130 2650 autem
3180 2596 3353 2666 legem
3388 2603 3689 2661 accusant,

2116 2691 2242 2761 quia
2271 2697 2395 2761 post
2436 2695 2589 2743 tanta
2616 2688 2814 2742 delicta
2841 2704 2949 2742 non
2986 2696 3070 2743 est
3101 2686 3272 2741 David
3303 2687 3432 2741 data
3482 2687 3642 2741 venia
3671 2703 3687 2753 ;

2114 2794 2292 2849 neque
2329 2778 2525 2832 Petrus
2557 2777 2813 2847 opinione
2834 2793 3046 2841 eorum,
3080 2780 3356 2848 querelam
3380 2788 3433 2831 et
3461 2791 3691 2831 accusa-

2115 2874 2317 2927 tionem
2348 2871 2568 2943 eﬂ‘ugiet
2594 2887 2607 2923 :
2639 2880 2694 2926 et
2718 2871 2994 2926 videbitur
3020 2870 3240 2940 quidem
3284 2879 3474 2925 contra
3509 2868 3688 2923 solum

2116 2963 2284 3017 David
2310 2964 2454 3017 facta
2486 2964 2801 3031 accusatio;
2833 2962 2928 3018 sed
2974 2964 3155 3032 reipsa
3207 2963 3398 3017 eadem
3455 2976 3688 3018 accusa.

2114 3056 2264 3110 tione
2302 3055 2660 3110 accusabitur
2702 3054 2921 3111 Petrus.
2958 3053 3016 3109 Si
3053 3063 3235 3109 autem
3272 3054 3549 3120 dixerint,
3593 3055 3688 3109 ho-

2111 3163 2237 3201 nam
2272 3147 2493 3218 quidem
2525 3163 2649 3203 esse
2680 3148 2918 3212 veniam,
2958 3147 3052 3203 sed
3076 3148 3290 3202 veniam
3321 3148 3522 3203 veteris
3551 3147 3687 3218 legis

2111 3257 2288 3311 usque
2321 3241 2390 3295 ad
2426 3257 2595 3295 unum
2624 3241 2932 3311 pertigisse,
2954 3240 3007 3293 in
3032 3239 3324 3309 Evangelio
3344 3248 3524 3293 autem
3553 3238 3689 3292 mul-

2111 3340 2220 3385 tam
2252 3347 2376 3387 esse
2407 3333 2642 3396 veniam,
2666 3339 2721 3386 et
2740 3332 2967 3402 pelagus
2993 3331 3452 3395 condonationis;
3489 3341 3539 3385 et
3572 3331 3687 3385 cla-

2108 3431 2219 3475 mat
2248 3422 2323 3477 ibi
2356 3421 2642 3478 Salvator:
2690 3423 2872 3477 Venite
2906 3424 2974 3475 ad
3013 3438 3113 3485 me,
3155 3437 3333 3475 omnes
3357 3422 3447 3491 qui
3474 3422 3687 3474 labora-

2110 3511 2176 3562 tis
2207 3520 2257 3565 et
2286 3513 2490 3565 onerati
2533 3513 2680 3580 estis,
2719 3521 2767 3566 et
2819 3529 2912 3582 ego
2948 3512 3187 3581 reﬁciam
3236 3529 3325 3566 vos
3367 3512 3440 3576 ⁸³,
3496 3512 3684 3581 legant

2105 3611 2379 3667 vetera,et
2403 3605 2596 3659 subeat
2625 3604 2917 3658 admiratio
2945 3620 3135 3659 eorum
3160 3620 3281 3675 qua:
3301 3604 3507 3675 scripta
3529 3614 3678 3659 sunt.

2178 3692 2236 3748 Si
2289 3703 2468 3749 autem
2518 3705 2741 3767 propter
2790 3695 3224 3751 dissuetudinem
3276 3695 3683 3753 exercitationis

2105 3784 2301 3839 nolunt
2323 3784 2501 3856 legere
2530 3786 2758 3856 scripta,
2784 3784 2953 3840 etiam
2990 3784 3080 3840 hic
3103 3784 3361 3841 desinant
3391 3798 3678 3841 accusare.

2107 3877 2358 3932 Salvator
2391 3878 2559 3933 dicit:
2605 3877 2784 3932 Venite
2819 3876 2890 3931 ad
2940 3894 3042 3941 me,
3088 3894 3264 3933 omnes
3309 3878 3399 3948 qui
3424 3878 3680 3932 laboratis

2104 3978 2153 4022 et
2179 3969 2383 4023 onerati
2415 3969 2562 4032 estis,
2607 3978 2655 4021 et
2674 3983 2768 4037 ego
2796 3969 3033 4038 reficiam
3073 3985 3161 4024 vos
3190 3985 3207 4022 :
3242 3968 3515 4024 neminem
3542 3982 3681 4037 pra:-

2103 4059 2357 4121 termisit,
2397 4060 2666 4113 neminem
2716 4061 2956 4130 reliquit,
2990 4075 3182 4115 omnes
3210 4061 3527 4130 complexus
3557 4067 3677 4114 est:

2102 4149 2273 4204 David
2304 4165 2432 4206 vero
2463 4154 2540 4205 ait
2570 4169 2583 4205 :
2614 4149 2806 4205 Omnes
2834 4161 3030 4223 gentes,
3067 4151 3305 4221 plaudite
3345 4150 3588 4205 manibus
3610 4151 3677 4206 ”.

2102 4241 2168 4297 Et
2206 4258 2446 4297 rursus:
2494 4241 2727 4296 Auribus
2772 4245 3040 4313 percipite,
3068 4260 3245 4297 omnes
3287 4245 3378 4313 qui
3420 4243 3678 4297 habitatis

2101 4336 2300 4403 orbem,
2330 4337 2517 4406 quique
2553 4336 2824 4405 terrigena:
2865 4344 2913 4389 et
2968 4337 3071 4405 ﬁlii
3112 4336 3403 4401 hominum,
3429 4334 3592 4389 simul
3622 4336 3679 4390 in

2101 4445 2263 4482 unum
2301 4429 2440 4483 dives
2466 4436 2515 4482 et
2565 4443 2762 4497 pauper
2778 4426 2846 4482 ”.
2878 4427 3080 4483 Omnes
3113 4427 3167 4481 in
3206 4426 3501 4499 Evangelio
3525 4427 3677 4482 exci-

2100 4523 2202 4577 tati
2234 4528 2396 4585 sunt,
2432 4536 2624 4576 omnes
2664 4521 2718 4576 in
2757 4523 2893 4593 lege.
2931 4519 3212 4576 Neminem
3245 4520 3464 4590 reliquit
3499 4519 3677 4575 Evan-

418 4598 751 4670 κεκίνηνται·
776 4599 965 4653 οὐδένα
982 4599 1414 4671 παραλέλοιπετὸ
1433 4598 1759 4668 Εὐαγγέλιον
1779 4616 1792 4628 ·
1810 4598 1999 4652 οὐδένα

2113 4616 2335 4687 gelium,
2376 4613 2651 4670 neminem
2708 4615 2792 4669 ιρι
2847 4614 3052 4668 omisit.
3111 4612 3380 4668 Clamavit
3428 4612 3675 4682 Evange-

418 4691 629 4760 ἀφῆκεν
688 4692 717 4743 6
768 4689 949 4759 νόμος.
1015 4688 1241 4759 Ἐϐόησε
1274 4690 1334 4742 τὸ
1375 4689 1745 4759 Εὐαγγέλιον·
1804 4690 1994 4742 Μετα-

417 4779 626 4845 νοεῖτε,
652 4779 856 4851 ἢγγικε
879 4781 989 4850 γὰρ
1018 4782 1056 4849 ἠ
1073 4781 1363 4844 ,βασιλεία
1389 4781 1508 4835 τῶν
1534 4781 1823 4850 οὐρανῶν.
1853 4781 1996 4854 Πρὸς

418 4873 626 4938 πάντας
658 4874 836 4944 ἀφῆκε
869 4872 965 4944 τὴν
1010 4874 1224 4945 ὁμιλίαν
1278 4874 1501 4945 ταύτην.
1537 4877 1795 4929 Πταίουσι
1831 4874 1997 4928 διελέο

415 4984 543 5036 γετο
565 4986 578 4998 ·
616 4966 975 5037 ἐσφαλμένοις
1030 4966 1254 5037 ὡμίλει·
1291 4967 1391 5039 ἤδη
1437 4967 1664 5021 θάνατον
1693 4967 1995 5038 ὀφείλουσιν

415 5060 741 5129 ἐφθέγγετο·
795 5057 1103 5130 ἐλευθερίαν
1158 5059 1246 5114 διὰ
1295 5058 1392 5113 τοῦ
1433 5061 1785 5132 κηρύγματος
1858 5076 1994 5132 προ-

414 5168 552 5224 εμνη
560 5152 793 5207 στεύετο.

499 5244 841 5316 Ἐπεδήμησε
864 5245 958 5299 καὶ
1008 5246 1191 5303 Ἰωνᾶς
1234 5246 1292 5298 ἐν
1317 5247 1383 5316 τῇ
1424 5243 1631 5308 Νινευῒ,
1663 5246 1721 5298 ἐν
1754 5243 1907 5297 πόλει
1928 5244 1989 5298 οὐ

419 5337 611 5409 μικρᾷ,
644 5338 702 5390 ἐν
734 5336 876 5391 ἔθνει
914 5334 1342 5409 πολυανθρώπῳ.
1375 5336 1485 5409 Τὴν
1528 5336 1754 5408 ἀπειλὴν
1788 5336 1986 5402 ἔδειξε·

414 5427 511 5497 τὴν
539 5428 819 5499 ἐπιτιμίαν
850 5428 949 5482 οὐκ
975 5427 1281 5496 ἐσιώπησεν
1305 5445 1317 5458 ’
1351 5428 1544 5501 ἐϐόησε
1570 5428 1885 5501 πληκτικῶς
1912 5429 2011 5501 τῷο

414 5517 576 5590 λόγῳ.
608 5517 731 5574 Εἷδε
752 5522 875 5585 τοῦς
898 5521 1092 5592 ἄνδρας
1111 5539 1123 5552 ·
1153 5522 1233 5586 εἰς
1250 5521 1537 5592 μετάθεσιν
1556 5522 1785 5592 ἤνεγκεν
1807 5537 1821 5553 ”
1847 5522 1983 5575 ἀπο-

412 5605 603 5670 λύτους
638 5608 739 5678 τῆς
785 5611 1058 5680 ἁμαρτίας
1110 5610 1421 5681 εἰργάσατο.
1477 5612 1539 5664 Ἠ
1576 5610 1986 5681 προκατηγγελ-

414 5696 551 5768 μένη
578 5699 825 5769 ἐπιτιμία
857 5698 1027 5771 ᾧχετο
1045 5717 1059 5731 θ
1086 5700 1231 5764 ἔλεος
1254 5700 1519 5772 διεδέχετο
1539 5720 1550 5732 -
1582 5702 1642 5754 τὸ
1657 5699 1984 5772 ζητούμενον

2097 4711 2254 4772 lium,
2271 4708 2417 4778 Agite
2440 4708 2819 4775 paenitentiam,
2839 4706 3267 4776 appropinquavit
3295 4706 3434 4759 enim
3460 4720 3676 4775 regnum

2099 4799 2431 4856 calorum“.
2459 4798 2725 4854 Omnibus
2745 4798 2953 4853 dimisit
2975 4798 3115 4853 hanc
3138 4796 3672 4863 sermocinationem;

2097 4908 2222 4947 cum
2243 4889 2693 4960 delinquentibus
2728 4890 3078 4961 loquebatur,
3107 4904 3231 4943 cum
3256 4888 3423 4958 lapsis
3463 4900 3676 4941 sermo-

2096 4999 2221 5037 nem
2276 4981 2549 5048 habebat,
2600 4996 2723 5035 cum
2751 4981 2820 5036 iis
2865 4981 2956 5051 qui
3010 4981 3123 5049 jam
3164 4988 3319 5033 erant
3345 4978 3423 5033 rei
3456 4976 3671 5042 mortis,

2095 5069 2441 5141 loquebatur,
2470 5068 2778 5124 libertatem
2820 5084 2916 5140 per
2944 5068 3382 5139 praedicationem
3426 5081 3676 5138 precon-

2098 5161 2336 5217 ciliabat.

2168 5249 2456 5305 Proiectus
2499 5257 2584 5305 est
2618 5247 2788 5305 Jonas
2820 5248 3091 5314 Ninivcm,
3133 5264 3255 5319 qua:
3300 5257 3421 5305 erat
3475 5249 3670 5306 civitas

2098 5357 2208 5396 non
2248 5355 2435 5410 parva,
2468 5347 2521 5396 et
2552 5354 2746 5412 magna
2790 5340 3031 5412 gentium
3068 5339 3375 5410 frequentia
3402 5338 3667 5395 habitata.

2098 5429 2285 5486 Edidit
2317 5430 2821 5497 comminationem,
2869 5445 2978 5485 non
3016 5431 3235 5487 reticuit
3262 5444 3502 5499 pinnam,
3554 5430 3669 5485 cla-

2095 5522 2284 5586 mavit,
2337 5523 2632 5591 perterruit
2676 5537 2949 5578 sermone.
2984 5520 3135 5577 Vidit
3173 5521 3344 5586 viros,
3377 5521 3446 5575 ad
3483 5528 3667 5574 muta-

2093 5611 2298 5666 tionem
2350 5612 2476 5666 vitm
2519 5611 2752 5682 impulit,
2801 5609 2931 5665 fecit
2976 5619 3034 5665 ut
3070 5619 3357 5681 peccatum
3406 5612 3663 5682 repudia-

2093 5710 2237 5757 rent.
2276 5701 2652 5757 Praenuntiata
2691 5701 3041 5758 comminatio
3080 5701 3231 5769 abiit,
3264 5701 3532 5759 successit
3556 5702 3662 5756 mi-

485 5877 533 5910 “
574 5877 714 5933 Psal.
754 5894 819 5947 ι,
853 5882 907 5945 3,
943 5882 1005 5940 4.
1047 5881 1097 5937 6.
1210 5884 1251 5916 ⁹¹
1296 5883 1486 5940 Matth.
1524 5901 1609 5953 ιι,
1644 5883 1734 5939 26.
1774 5960 1781 5963 γ
1814 5886 1857 5918 ⁹²
1897 5884 2009 5943 Psai

2113 5903 2251 5956 λινε,
2288 5888 2343 5943 2.
2421 5890 2466 5925 ’³
2502 5888 2652 5947 Psal.
2686 5889 2959 5957 xnvmﬂ,
3006 5887 3058 5945 5.
3155 5887 3201 5921 ’⁵
3240 5887 3428 5945 Matth.
3469 5903 3569 5954 ιιι,
3600 5884 3654 5939 Ξ.
