4138 6468
444 457 584 515 {247

1608 453 1745 508 TITI
1784 452 2206 509 BOSTIlENSIS
2239 451 2545 508 EPISCOPI

3567 456 3706 514 1248

443 571 762 628 sericordia.
793 567 1019 623 Factum
1063 576 1149 624 est
1180 569 1351 639 quod,
1386 578 1446 623 ut
1470 568 1643 628 ﬁeret,
1680 569 2008 624 curabatur:

2117 567 2341 636 γέγονεν
2362 583 2376 596 ·
2408 568 2467 620 οὐ
2497 567 2607 637 γὰρ
2632 569 2664 639 ή
2694 567 2801 621 τῶν
2819 566 3121 638 ἀνθρώπων
3144 568 3422 638 ἀναίρεσις
3439 567 3702 638 ἐζητεῖτο.

442 676 553 717 non
590 661 735 715 enim
773 661 1026 715 interitus
1078 661 1450 730 quaerebatur,
1501 658 1597 714 sed
1639 660 1870 714 mutatio
1905 675 2017 715 mo-

2119 659 2231 713 ἀλλ’
2259 662 2293 731 ἡ
2326 660 2434 715 τῶν
2465 662 2682 732 τρόπων
2747 660 3016 732 μεταϐολὴ
3052 663 3339 732 ἡρευνᾶτο.
3377 663 3487 715 Καὶ
3518 662 3706 734 ἐπειδὴ

440 769 563 807 rum
612 752 990 823 indagabatur.
1041 751 1340 821 Postquam
1392 750 1592 805 factum
1648 760 1733 807 est
1781 752 1905 815 hoc,
1962 758 2018 807 et

2116 751 2305 820 γέγονε
2346 751 2408 805 τὸ
2461 749 2716 824 ζητηθέν,
2774 753 2869 806 καὶ
2930 752 3343 823 μετεϐλήθησαν
3384 756 3434 807 οἱ
3481 753 3702 825 ἄνδρες,

437 846 543 900 viri
582 846 776 900 mutati
824 851 990 911 sunt,
1047 843 1300 914 apparuit
1343 844 1548 899 donum
1585 844 1714 910 Dei;
1759 846 2017 899 clamavit

2117 842 2289 914 ἐφάνη
2356 843 2450 897 τοῦ
2515 843 2898 915 φιλανθρώπου
2982 847 3015 915 ἠ
3075 845 3284 917 δωρεά·
3332 845 3523 917 ἐϐόησε
3587 863 3706 899 συν-

437 937 615 994 Judex
647 938 1016 1010 patrocinium
1044 936 1389 1007 suscipiens;
1421 936 1559 991 dixit
1589 936 1846 992 ministro
1871 953 1971 992 suo
1997 954 2009 990 :

439 1028 505 1084 Si
546 1039 600 1082 tu
647 1030 891 1082 tristatus
923 1045 976 1082 es
1013 1043 1108 1097 pro
1144 1027 1419 1081 cucurbita
1460 1044 1556 1097 pro
1600 1044 1704 1098 qua
1736 1044 1839 1082 non
1866 1028 2015 1082 labo-

437 1122 594 1185 rasti,
628 1137 745 1191 qum
774 1121 870 1174 sub
911 1137 1018 1175 una
1051 1132 1198 1175 nocte
1228 1130 1356 1174 nata
1389 1128 1467 1173 est
1500 1127 1550 1173 et
1578 1120 1674 1172 sub
1723 1135 1829 1173 una
1866 1131 2014 1175 nocte

433 1213 632 1281 periit;
686 1228 777 1282 ego
829 1227 947 1265 vero
993 1227 1095 1265 non
1149 1226 1367 1281 parcam
1415 1225 1509 1278 pro
1567 1208 1757 1264 Ninive
1805 1212 2014 1266 civitate

433 1318 648 1373 magna,
694 1302 748 1355 in
780 1317 884 1371 qua
917 1300 1159 1354 habitant
1212 1301 1332 1369 plus
1379 1316 1538 1370 quam
1579 1309 1784 1355 centum
1829 1303 2012 1372 viginti

432 1395 609 1448 millia
641 1394 931 1459 hominum,
971 1403 1020 1447 et
1072 1394 1243 1447 multa
1263 1393 1510 1462 jumenta
1532 1394 1577 1425 °'
1605 1394 1629 1447 ?
1666 1393 1733 1447 Et
1767 1395 2012 1465 pepercit

431 1484 597 1550 Deus,
647 1485 742 1555 qui
773 1500 919 1539 nunc
961 1484 1184 1555 quidem
1231 1485 1345 1539 haec
1375 1484 1555 1551 dixit;
1592 1486 1648 1539 in
1693 1488 1801 1541 alio
1826 1496 2008 1542 autem

428 1562 691 1646 propheta
724 1576 1000 1640 clamavit,
1033 1576 1288 1646 inquiens
1327 1592 1341 1630 :
1376 1574 1518 1631 Nolo
1562 1586 1782 1632 mortem
1824 1594 2009 1647 pecca-

428 1670 581 1733 toris,
605 1668 694 1724 sed
723 1670 890 1740 magis
910 1676 967 1722 ut
991 1679 1346 1734 convertatur,
1371 1679 1419 1723 et
1446 1671 1582 1724 vivat
1606 1670 1686 1725 “z
1716 1672 1807 1740 qui
1840 1672 1908 1726 ab
1938 1672 2007 1727 iis

425 1760 521 1830 qui
568 1761 751 1817 sciunt
779 1760 973 1817 laudes
1026 1761 1147 1832 ejus
1185 1777 1404 1826 canere,
1455 1764 1511 1818 in
1550 1763 1806 1819 laudibus
1840 1779 2006 1819 voca-

424 1859 517 1906 tur
543 1851 834 1908 miserator
881 1860 936 1908 et
974 1852 1314 1918 misericors,
1346 1855 1561 1923 patiens
1587 1862 1642 1909 et
1676 1855 1860 1909 multa:
1901 1855 2006 1910 mi-

2112 934 2332 1004 ηγορῶν
2361 936 2390 988 6
2431 935 2663 1000 δικάζων
2685 954 2697 967 ·
2732 932 2853 989 εἶπε
2895 936 2973 1008 τῷ
3015 938 3210 992 ἑαυτοῦ
3237 938 3422 1012 οἰκέτῃ
3444 956 3459 970 ·
3499 941 3571 994 Εἰ
3619 940 3703 994 σὺ

2112 1024 2336 1093 ἐφείσω
2391 1026 2545 1095 ὑπὲρ
2616 1025 2729 1095 τῆς
2810 1031 3185 1096 κολοκύνθης
3252 1028 3403 1097 ὑπὲρ
3452 1025 3528 1100 ἧς
3590 1032 3703 1085 οὐκ

2112 1117 2574 1186 ἐκακοπὰθησας
2603 1159 2619 1184 ,
2675 1118 2713 1187 ἣ
2739 1118 2857 1174 ὑπὸ
2906 1121 3097 1174 νύκτα
3149 1120 3384 1191 ἐγένετο
3437 1122 3534 1175 καί
3581 1121 3701 1177 ὑπὸ

2112 1210 2304 1263 νύκτα
2354 1209 2629 1266 ἀπώλετο
2654 1227 2667 1241 ’
2714 1209 2829 1281 ἐγὼ
2883 1209 2952 1264 δὲ
3004 1213 3075 1265 οὐ
3121 1212 3403 1280 φείσομαι
3435 1215 3587 1282 ὑπερ
3612 1216 3705 1267 Νι-

2110 1298 2244 1353 rev?
2292 1298 2400 1368 τῆς
2452 1301 2686 1366 πόλεως
2718 1300 2828 1370 τῆς
2862 1300 3153 1370 μεγάλης,
3189 1303 3258 1355 ἐν
3292 1297 3332 1373 ᾗ
3356 1304 3701 1358 κατοικοῦσι

2111 1391 2362 1457 πλείους
2410 1390 2447 1458 ἢ
2503 1390 2734 1445 δώδεκα
2772 1391 3060 1461 μυριάδες
3096 1393 3332 1461 ἀνδρῶν
3370 1395 3466 1449 καὶ
3510 1394 3699 1465 κτήνη

2111 1483 2349 1546 πολλά;
2413 1483 2524 1538 Καὶ
2564 1483 2781 1552 φειδοῦς
2834 1479 2902 1553 ἦν
2934 1483 3087 1548 Θεὸς,
3136 1486 3229 1538 καὶ
3277 1487 3510 1559 φανερὸς
3558 1483 3626 1558 ἦν
3670 1490 3700 1541 6

2111 1575 2482 1646 φθεγγόμενος
2507 1592 2519 1604 ·
2552 1577 2580 1628 6
2613 1575 2707 1630 νῦν
2737 1576 2834 1646 μὲν
2860 1575 3034 1630 ταῦτα
3067 1574 3324 1648 εἰρηκὼς,
3352 1580 3410 1631 ὲν
3436 1578 3493 1631 δὲ
3527 1579 3699 1650 ἑτέρῳ

2110 1669 2366 1738 προφήτῃ
2389 1665 2665 1737 βεϐοηκώς
2690 1682 2703 1694 ·
2732 1669 2816 1720 Οὐ
2831 1667 3131 1736 ,Βούλομαι
3151 1666 3259 1721 τὸν
3300 1668 3559 1723 θάνατον
3590 1671 3699 1725 τοῦ

2106 1761 2478 1830 ἀμαρτωλοῠ,
2536 1763 2617 1828 ὡς
2662 1761 2725 1815 τὸ
2772 1761 3129 1831 ἐπιστρέψαι
3180 1761 3279 1816 καί
3325 1761 3433 1832 ζῇν
3471 1767 3692 1820 αὐτόν·

2106 1854 2133 1903 6
2159 1854 2262 1906 ὑπὸ
2278 1853 2385 1905 τῶν
2413 1854 2794 1924 ἐπισταμένων
2812 1854 3003 1924 ὑμνεῖν
3022 1837 3302 1922 δοξολογού
3311 1872 3469 1925 μενος
3490 1858 3697 1929 οίκτίρς

424 1940 739 1997 sericordiae
777 1961 791 1996 :
825 1949 936 1996 tam
969 1942 1165 2013 ingens
1214 1945 1359 1998 enim
1420 1946 1644 2016 pelagus
1697 1945 2005 2001 miseratio-

2110 1960 2225 2014 μων
2255 1944 2351 1996 καὶ
2381 1943 2631 2014 ἐλεήμων
2675 1947 2702 1998 6
2739 1944 2962 2016 Κύριος,
3015 1946 3370 2017 μακρόθυμος
3396 1949 3489 2000 καὶ
3536 1947 3696 2001 πολυ-

422 2046 553 2087 num
587 2033 732 2103 apud
764 2032 935 2088 Deum
968 2041 1073 2100 est,
1122 2041 1183 2089 ut
1213 2035 1496 2090 minimam
1526 2043 1582 2091 et
1621 2036 2001 2093 brevissimam

417 2124 584 2179 etiam
615 2122 1163 2197 ﬂagitiosissimorum
1196 2127 1262 2182 ad
1296 2127 1670 2199 paenitentiam
1696 2128 2007 2182 inclinatio.

419 2230 544 2269 nem
594 2231 705 2271 non
762 2218 1044 2289 relinquat
1116 2218 1527 2274 inhonoratam.
1604 2220 1793 2275 Achab
1854 2220 2000 2275 enim
2049 2232 2055 2238 '

417 2303 593 2362 ferme
621 2308 688 2362 ad
715 2316 1023 2364 extremum
1067 2310 1327 2380 nequitiae
1362 2319 1734 2381 processerat,
1786 2318 1841 2367 et
1873 2327 2000 2367 cum

417 2398 642 2468 paulum
675 2407 1042 2471 compunctus
1070 2407 1237 2468 esset,
1273 2402 1562 2457 honoravit
1584 2417 1709 2458 eum
1749 2401 1914 2467 Deus,
1946 2410 2002 2459 et

417 2505 533 2546 rem
562 2492 819 2548 ministro
856 2493 1118 2562 ostendit,
1143 2502 1196 2549 et
1234 2497 1414 2551 minas
1446 2498 1707 2567 repressit
1748 2513 1814 2553 ac
1846 2498 2001 2552 cohi-

416 2580 557 2645 buit,
593 2583 922 2652 protrahens
970 2584 1186 2639 interim
1220 2592 1436 2657 tempus
1464 2588 1721 2658 supplicii
1753 2608 1765 2643 :
1824 2589 1998 2657 Vides,

416 2675 616 2746 inquit,
648 2677 907 2747 quomodo
944 2690 1285 2749 compunctus
1318 2689 1396 2736 est
1437 2683 1660 2738 Achab?
1704 2702 1808 2740 non
1838 2685 1998 2740 indu-

409 2781 533 2820 cam
562 2766 709 2821 mala
738 2768 797 2822 in
834 2767 1020 2824 diebus
1047 2769 1185 2839 ejus,
1219 2770 1310 2825 sed
1339 2772 1394 2825 in
1425 2773 1551 2829 aliis
1581 2774 1764 2831 diebus
1778 2778 1822 2809 ³⁷
1859 2796 1874 2832 :
1915 2777 2000 2832 id-

413 2873 521 2927 que
569 2867 629 2914 ut
666 2859 952 2915 minimam
1002 2861 1377 2933 aspersionem
1419 2864 1754 2935 poenitentia
1787 2867 1999 2925 decenti

412 2949 623 3006 honore
654 2947 799 3005 Deus
865 2950 1185 3007 bonoraret.

486 3124 596 3181 Sed
627 3125 741 3180 haec
771 3125 1060 3189 hactenus,
1098 3141 1169 3181 ne
1191 3124 1495 3197 disputatio
1527 3126 1595 3182 de
1617 3127 1734 3200 lege
1772 3129 1997 3184 omniu‘o

415 3217 794 3288 praeteriretur
841 3232 952 3272 non
1007 3225 1239 3273 tractata
1315 3227 1369 3274 et
1428 3234 1683 3276 excussa.
1731 3217 1846 3274 Hoc
1900 3235 1991 3276 so-
2020 3259 2063 3317 α

417 3312 530 3366 lum
584 3310 880 3375 addemus,
930 3309 1104 3367 fuisse
1161 3312 1336 3382 legem
1374 3313 1624 3368 umbram
1684 3312 1994 3369 futurorum

412 3407 728 3473 bonorum;
774 3406 1127 3479 paedagogum
1173 3424 1308 3465 vero
1355 3409 1614 3480 adjuvare
1656 3426 1885 3483 puerum
1938 3421 1995 3468 et

411 3507 624 3555 atatem
658 3500 925 3570 pueritiae,
945 3516 1234 3573 quousque
1264 3502 1527 3573 magister
1546 3512 1802 3574 suscepta
1832 3520 1995 3576 gran-

412 3589 567 3645 diore
609 3588 730 3660 ejus
763 3590 1115 3655 habitudine,
1163 3592 1467 3660 majoribus
1514 3594 1825 3665 disciplinis
1864 3611 1992 3651 eum

417 3682 599 3737 tradat
631 3702 645 3737 :
699 3683 1044 3740 commodius
1085 3684 1233 3740 enim
1265 3692 1320 3740 et
1353 3687 1534 3755 aptius
1579 3686 1683 3742 hoc
1721 3687 1992 3757 principio

412 3783 677 3846 tanquam
735 3777 1092 3832 fundamento
1140 3778 1328 3846 jacto,
1370 3777 1568 3847 poterit
1623 3780 1750 3848 quis
1789 3779 1991 3834 contir-

412 3882 588 3934 rnare,
639 3868 914 3937 quomodo
968 3868 1052 3921 lea:
1088 3883 1180 3937 per
1206 3867 1446 3939 Moysem
1474 3870 1621 3936 data,
1663 3873 1841 3943 gratia
1869 3884 1990 3928 vero

412 3966 466 4014 et
491 3960 688 4015 ueritas
731 3977 764 4013 a
791 3959 1003 4014 Christo
1032 3961 1176 4030 facta
1208 3962 1360 4015 sit“.

2106 2034 2252 2097 έλεος
2271 2051 2285 2065 ⁸
2314 2035 2630 2105 τηλικοῦτον
2658 2035 2768 2108 γὰρ
2794 2036 3029 2106 πέλαγός
3050 2038 3198 2091 ἐστιν
3225 2037 3523 2109 οἰκτιρμῶν
3544 2038 3696 2107 παρὰ

2104 2123 2182 2193 τῷ
2217 2124 2357 2194 Θεῷ,
2386 2123 2461 2188 ὡς
2487 2125 2581 2178 καὶ
2612 2127 2712 2195 τὴν
2741 2125 3030 2196 ἐλαχίστην
3075 2126 3171 2179 καὶ
3197 2125 3566 2199 βραχυτάτην,
3601 2128 3698 2183 καὶ

2101 2215 2211 2268 τῶν
2270 2216 2411 2270 πάνυ
2467 2217 2818 2286 φαυλοτάτων
2874 2218 3011 2291 πρὸς
3052 2220 3339 2290 μετάνοιαν
3373 2221 3580 2293 ῥοπὴν,
3618 2223 3694 2296 μὴ

2101 2308 2366 2379 ἀτίμητον
2403 2310 2581 2366 ἐᾶσαι.
2638 2310 2832 2381 Σχεδὸν
2867 2310 2979 2382 γὰρ
3013 2313 3094 2375 εἰς
3129 2311 3303 2387 πέρας
3339 2313 3537 2376 κακίας
3567 2313 3692 2386 ἐλη-

2102 2399 2331 2464 λακότος
2359 2400 2454 2454 τοῦ
2501 2401 2728 2471 Ἀχαά6,
2761 2402 2855 2455 καὶ
2897 2401 3092 2470 ὀλίγως
3125 2419 3242 2466 πως
3273 2406 3689 2473 κατανυγέντος,

2100 2491 2393 2563 τετίμηκεν
2435 2493 2463 2545 ὁ
2502 2491 2655 2555 Θεὸς,
2688 2492 2784 2544 καὶ
2815 2491 2982 2558 ἔδειξε
3016 2491 3094 2563 τῷ
3120 2493 3308 2566 οἰκέτῃ
3334 2494 3393 2547 τὸ
3433 2497 3685 2567 πρᾶγμα,

2099 2582 2197 2635 καὶ
2255 2582 2560 2637 συνέστειλε
2612 2584 2710 2654 τὴν
2763 2583 3015 2654 ἀπειλὴν,
3051 2584 3243 2656 χρόνον
3277 2586 3376 2655 τῆς
3406 2588 3685 2659 ἐπιτιμίας

2103 2672 2304 2744 μεταξὺ
2331 2672 2790 2744 καταλιμπάνων·
2822 2670 3016 2739 Εἶδες,
3047 2675 3199 2744 φησὶ,
3236 2674 3363 2741 πῶς
3394 2678 3686 2748 acutarum

2112 2763 2325 2833 Ἁχαάϐ
2343 2781 2362 2829 ;
2389 2766 2460 2819 οὐ
2511 2763 2598 2833 μὴ
2636 2764 2838 2829 ἐπάξω
2870 2765 2941 2820 τὰ
2979 2767 3135 2820 κακὰ
3180 2766 3251 2820 ἐν
3284 2767 3412 2834 ταῖς
3441 2768 3687 2839 ἡμέραις

2096 2857 2306 2920 αὐτοῦ,
2342 2856 2482 2911 ἀλλ’
2507 2855 2576 2909 ἐν
2629 2856 2877 2927 ἡμέραις
2913 2855 3166 2924 dumc-
3204 2858 3291 2912 ἵνα
3315 2860 3409 2913 καὶ
3432 2860 3530 2932 τὴν
3563 2861 3687 2918 έλα-

2097 2949 2289 3021 χίστην
2329 2948 2519 3021 ρανίδα
2564 2948 2668 3020 τῆς
2698 2950 2989 3021 μετανοίας
3032 2950 3242 3023 τιμήσῃ
3287 2952 3354 3023 τῇ
3399 2951 3685 3026 πρεπούσῃ

2096 3044 2229 3112 τιμῇ
2273 3042 2302 3094 ὁ
2329 3040 2480 3104 Θεός.

2167 3132 2279 3186 Καὶ
2326 3131 2501 3186 ταῦτα
2530 3133 2628 3203 μὲν
2660 3132 2823 3204 μέχρι
2876 3132 3068 3188 τούτου
3118 3135 3512 3206 προειρηκότες
3554 3152 3686 3190 κατ-

2096 3223 2378 3296 ελέξαμεν,
2407 3224 2494 3278 ἵνα
2528 3226 2624 3279 καὶ
2669 3227 2698 3279 6
2747 3226 2876 3297 περὶ
2914 3226 3081 3297 νόμου
3109 3225 3266 3296 λόγος
3295 3227 3368 3298 μὴ
3404 3227 3684 3294 παντελῶς

2097 3313 2445 3386 ἀγύμναστος
2491 3314 2986 3386 καταλελειμμένος
3032 3315 3273 3390 ὑπάρχῃο
3309 3318 3468 3388 μόνον
3521 3315 3682 3374 τοῦτο

2096 3407 2679 3480 προσγεγραφηκότες,
2728 3407 2809 3460 ὃτι
2866 3407 2994 3461 σκιά
3041 3408 3203 3479 νόμος
3236 3409 3344 3462 τῶν
3382 3409 3683 3480 μελλόντων

2095 3498 2345 3568 ἀγαθῶν·
2383 3499 2477 3552 καὶ
2506 3498 2616 3568 γὰρ
2653 3497 3000 3567 παιδαγωγὸς
3048 3500 3389 3571 συμπράττει
3418 3500 3495 3572 τῷ
3532 3503 3684 3556 παιδὶ

2095 3589 2189 3642 καὶ
2217 3591 2282 3660 τῇ
2318 3589 2417 3660 νέᾳ
2460 3587 2664 3659 ἡλικίᾳ,
2705 3588 2899 3660 μέχρις
2930 3580 2989 3641 οὗ
3027 3589 3055 3640 6
3093 3589 3409 3655 διδάσκαλος
3437 3591 3535 3664 τὴν
3569 3592 3681 3659 ἕξιν

2097 3677 2427 3750 παραλαϐὼν
2483 3681 2597 3745 τοῖς
2659 3679 2942 3752 μαθήμασι
2999 3683 3112 3744 τοῖς
3160 3681 3369 3751 μείζοσι
3412 3684 3637 3756 παραδῷ
3664 3702 3677 3717 ο

2100 3772 2458 3845 καιριώτερον
2490 3773 2600 3845 γάρ
2640 3790 2725 3836 τις
2752 3773 3059 3843 δυνήσεται,
3089 3772 3290 3845 ταύτην
3317 3774 3452 3828 ἰδίαν
3484 3775 3680 3830 ὑπόθε-

2093 3880 2177 3918 σιν
2208 3864 2457 3936 θέμενος,
2488 3865 2894 3920 κατασκευάσαι
2919 3865 3037 3929 πῶς
3078 3866 3177 3936 μὲν
3204 3865 3304 3919 διὰ
3342 3866 3602 3934 Μωσέως
3644 3872 3678 3922 ό

2094 3956 2299 4024 νόμος,
2330 3956 2450 4011 ἀπὸ
2475 3957 2543 4010 δὲ
2570 3958 2791 4026 Κυρίου
2817 3957 2854 4026 ἠ
2887 3957 3058 4026 χάρις
3090 3958 3188 4010 καὶ
3214 3959 3250 4025 ἡ
3263 3957 3514 4016 ἀλήθεια
3541 3956 3670 4026 ἐγέ-

2093 4065 2251 4101 γετο.

1262 4159 1391 4212 CAP.
1436 4157 1571 4214 XVI.
1613 4157 1826 4215 Creatio
1851 4176 1883 4214 a
1911 4160 2126 4215 diabolo
2166 4162 2449 4215 secundum
2482 4160 2827 4216 Hanichwos.

504 4272 618 4328 Nos
671 4283 850 4328 autem
899 4274 1037 4330 alias
1103 4277 1609 4346 argumentationes
1674 4277 1985 4332 abortionis

417 4368 579 4425 istius
612 4368 967 4438 attingamus,
996 4371 1273 4437 proposita
1298 4369 1403 4422 alia
1439 4369 1606 4439 hujus
1641 4370 1901 4439 Opinione
1930 4371 1987 4424 in

416 4458 717 4530 Scripturis
752 4459 960 4514 absona
1007 4466 1061 4514 et
1114 4459 1396 4527 absurda;
1435 4467 1493 4513 ut
1539 4476 1604 4516 ea
1660 4476 1893 4516 excussa
1939 4470 1992 4515 et

411 4554 650 4617 evoluta,
695 4552 874 4623 quoad
911 4553 1026 4608 ﬁeri
1058 4562 1258 4626 potest,
1291 4562 1500 4608 mentes
1553 4554 1875 4624 illaqueatas
1922 4570 1989 4610 ex

411 4644 668 4718 opinione
697 4653 911 4700 amente
941 4648 1153 4714 eripere
1168 4646 1463 4715 possimus.
1488 4644 1737 4700 Porrexit
1762 4646 1903 4700 enim
1930 4661 1989 4701 se

413 4753 588 4807 usque
621 4736 687 4790 ad
726 4735 990 4790 fabricam
1040 4735 1264 4802 mundi;
1321 4744 1375 4790 et
1421 4736 1523 4790 hoc
1558 4737 1702 4807 quod
1745 4738 1989 4793 cernitur

413 4838 677 4893 creatura,
736 4845 763 4882 a
800 4829 1021 4884 diabolo
1070 4837 1315 4882 creatum
1366 4844 1491 4884 esse
1550 4830 1702 4895 vult;
1760 4846 1988 4901 esseque

409 4918 685 4980 hominem
765 4938 794 4975 a
852 4923 1067 4976 diabolo
1130 4919 1478 4989 formatum;
1530 4929 1693 4991 atque
1751 4924 1988 4976 animam

417 5016 635 5090 quidem
670 5031 698 5069 a
729 5013 861 5078 Deo,
905 5029 1026 5069 esse
1060 5023 1241 5068 tamen
1270 5015 1487 5085 corpori
1516 5029 1545 5068 a
1573 5014 1792 5068 diabolo
1841 5025 1989 5083 apta-

412 5116 546 5172 tam,
601 5113 654 5160 et
695 5105 897 5159 factum
950 5103 1271 5169 hominem;
1320 5105 1411 5174 qui
1457 5104 1823 5158 substantiam
1863 5104 1986 5173 qui-

414 5203 534 5257 dem
562 5201 814 5271 corpuris
852 5216 919 5255 ex
967 5199 1277 5255 substantia
1303 5197 1504 5253 diaboli
1533 5200 1829 5269 acceperit,
1863 5198 1987 5254 sub-

411 5294 668 5349 stantiam
699 5307 827 5346 vero
862 5292 1055 5346 animze
1098 5299 1361 5360 tanquam
1411 5292 1646 5362 spolium
1682 5301 1734 5347 et
1763 5292 1987 5347 exuvias

411 5397 474 5433 ex
508 5380 618 5434 Deo
651 5382 949 5451 sumpserit
982 5400 995 5434 :
1033 5387 1095 5435 ut
1152 5378 1337 5433 anima
1382 5382 1600 5451 quidem
1655 5392 1868 5451 sumpta
1913 5383 1986 5436 sit

411 5486 475 5526 ex
515 5471 640 5535 Deo,
678 5473 911 5527 traxerit
941 5489 1073 5528 vero
1100 5472 1167 5529 de
1189 5471 1303 5528 Deo
1333 5473 1571 5544 spolium
1603 5472 1889 5528 diabolus:
1912 5479 1986 5526 at-

411 5580 516 5634 que
541 5567 611 5617 ita
656 5582 719 5619 ex
769 5565 1079 5620 substantia
1110 5565 1312 5621 diaboli
1364 5574 1418 5622 et
1455 5565 1631 5636 spolio
1660 5565 1770 5620 Deo
1803 5565 1988 5619 detra-

411 5664 502 5710 cto
535 5655 854 5709 fabricatum
885 5673 1008 5712 esse
1045 5657 1341 5722 hominem,
1369 5673 1433 5712 ex
1466 5671 1697 5726 corpore
1720 5666 1772 5709 et
1802 5656 1983 5709 anima

489 5813 532 5844 "
573 5810 691 5867 ἔοις.
733 5828 791 5865 ιιι
818 5852 831 5876 ,
868 5814 964 5878 10,
1004 5814 1088 5866 il.
1166 5814 1209 5844 "
1251 5812 1445 5869 Ezech.
1483 5828 1690 5876 xxxm,
1730 5812 1813 5865 Η.
1890 5813 1933 5848 ’⁷
1976 5810 2017 5866 ll

2100 5810 2205 5882 leg.
2242 5827 2330 5864 XXI
2348 5850 2361 5874 ,
2395 5810 2484 5865 29.

2175 4281 2364 4349 Ἡμεῖς
2397 4279 2453 4333 δὲ
2479 4280 2572 4332 καὶ
2592 4279 2700 4331 τῶν
2717 4279 2918 4349 ἑτέρων
2937 4279 3328 4348 ἐπιχειρήσεων
3356 4278 3449 4332 τοῦ
3466 4279 3672 4352 ἐκτρώ-

2098 4387 2266 4440 ματος
2292 4369 2648 4440 ἐφαψώμεθα,
2682 4370 2780 4439 τὴν
2825 4368 2991 4438 ἄλλην
3022 4368 3220 4421 ἄτοπον
3238 4369 3403 4423 αὐτοῦ
3431 4367 3586 4437 δόξαν
3610 4376 3670 4429 ἐς

2094 4464 2209 4523 τοῖς
2240 4460 2442 4527 λογίοις
2497 4459 2907 4529 παρατιθέντες,
2957 4460 3049 4512 καὶ
3086 4463 3207 4524 ταῖς
3240 4461 3517 4527 ὲξετάσεσι
3567 4482 3667 4534 γυ-

2100 4551 2373 4625 μνοῦντες,
2439 4554 2606 4613 ὅπως,
2667 4551 2718 4603 εἴ
2746 4568 2807 4619 γε
2836 4548 2943 4605 οἷόν
2970 4552 3029 4605 τέ
3068 4555 3203 4618 ἐστι,
3234 4552 3332 4617 τὰς
3360 4553 3669 4626 αἱρεθείσας

2094 4644 2331 4705 διανοίας
2375 4643 2471 4713 τῆς
2520 4640 2713 4709 ἀλόγου
2746 4642 2903 4713 δόξης
2940 4642 3293 4717 ὲξυφαιρῆσαι
3330 4644 3666 4718 δυνηθῶμεν.

2108 4731 2368 4796 Ἐξέτεινε
2388 4730 2497 4803 γὰρ
2522 4731 2714 4786 ἑαυτὸν
2745 4734 2838 4785 καὶ
2862 4732 3024 4803 μέχρι
3050 4733 3142 4787 τοῦ
3164 4734 3227 4804 δη
3237 4736 3468 4807 μιουργή
3476 4753 3663 4806 ματος·

2095 4826 2188 4878 καὶ
2210 4822 2367 4876 τοῦτο
2394 4823 2454 4876 τὸ
2484 4823 2804 4894 φαινόμενον
2828 4826 3037 4898 ποίημα
3061 4825 3154 4878 τοῦ
3189 4826 3504 4891 ἀπατεῶνος
3530 4824 3668 4882 εἶναι

2097 4914 2309 4986 ποίημα
2341 4913 2620 4985 βούλεται·
2655 4917 2752 4969 καὶ
2813 4912 2952 4970 εἶναι
2980 4916 3073 4969 τὸν
3126 4916 3410 4988 ἄνθρωπον
3443 4918 3668 4991 πλάσμα

2087 5006 2182 5061 τοῦ
2244 5007 2480 5078 πονηροῦ
2502 5024 2516 5038 ο
2546 5008 2640 5060 καὶ
2689 5005 2827 5062 εἶναι
2882 5008 2979 5079 μὲν
3017 5008 3115 5080 τὴν
3149 5008 3325 5080 ψυχὴν
3354 5009 3461 5062 ἀπὸ
3506 5010 3665 5077 Θεοῦ,

2089 5094 2227 5151 εἶναι
2252 5098 2308 5151 δὲ
2348 5099 2498 5169 παρὰ
2530 5098 2625 5152 τοῦ
2656 5098 2897 5171 πονηροῦ
2940 5102 3293 5171 ἡρμοσμένην
3319 5118 3332 5130 ’
3377 5101 3473 5154 καὶ
3510 5118 3669 5172 γεγο-

2087 5193 2234 5247 νέναι
2266 5193 2356 5245 τὸν
2373 5193 2468 5247 ἀνθ
2479 5210 2676 5262 ρωπον,
2699 5195 2797 5263 τὴν
2823 5194 2920 5264 μὲν
2948 5191 3132 5247 οὐσίαν
3156 5194 3249 5247 τοῦ
3283 5193 3534 5262 σώματος
3560 5196 3669 5249 ἀπὸ

2087 5287 2185 5356 τῆς
2222 5286 2410 5349 οὐσίας
2430 5285 2691 5356 εἰληφότα
2718 5285 2811 5338 τοῦ
2857 5284 3116 5355 πονηροῦ,
3147 5284 3244 5355 τὴν
3271 5284 3328 5337 δὲ
3360 5285 3546 5338 οὐσίαν
3569 5288 3669 5359 τῆς

2091 5377 2289 5448 ψυχῆς,
2322 5378 2397 5441 ὡς
2451 5378 2643 5431 σκῦλον
2691 5379 2724 5449 ἢ
2769 5378 3009 5449 λάφυρον
3047 5378 3155 5430 ἀπὸ
3188 5376 3322 5429 Θεοῦ
3350 5377 3665 5448 ληφθεῖσαν,

2094 5471 2198 5523 ὑπὸ
2243 5471 2299 5523 δὲ
2343 5468 2437 5522 τοῦ
2483 5470 2718 5541 πονηροῦ
2762 5466 3355 5540 λαφυραγωγηθεῖσανσ
3381 5466 3554 5533 οὕτως
3603 5469 3667 5522 ἐκ

2092 5581 2151 5615 τε
2184 5563 2281 5632 τῆς
2306 5560 2866 5633 λαφυραγωγηθείοης
2895 5561 2988 5614 καὶ
3030 5561 3130 5630 τῆς
3156 5560 3343 5624 οὐσίας
3368 5560 3463 5614 τοῦ
3499 5579 3665 5634 πονη-

2096 5654 2188 5727 ροῦ
2222 5653 2501 5723 γεγονέναι
2518 5653 2605 5705 τὸν
2636 5651 2937 5723 ἄνθρωπον,
2962 5655 3025 5705 ὲκ
3053 5652 3229 5723 ψυχῆς
3261 5652 3354 5706 καὶ
3389 5652 3662 5724 σώματος’

2563 5811 2606 5842 ’⁸
2644 5809 2798 5866 Joan.
2841 5827 2892 5877 ι,
2934 5810 3016 5867 l7.
