4138 6436
422 367 560 424 1249

1466 369 1836 429 ADVERSUS
1905 376 2327 436 MANICHIEOS
2361 381 2489 437 LIB.
2532 381 2618 436 Ill.

3539 390 3679 447 1250

422 481 512 534 καὶ
536 480 635 550 τῆς
662 480 760 552 μὲν
787 480 961 553 ψυχῆς
995 482 1068 555 μὴ
1090 481 1260 536 αἴτιον
1288 480 1424 537 εἶναι
1453 487 1545 540 τὸν
1576 489 1831 562 πονηρὸν,
1860 508 1998 561 μητε

2102 500 2442 549 constantem
2474 511 2486 546 :
2521 503 2684 564 atque
2722 494 2913 550 animae
2942 495 3161 567 quidem
3192 515 3301 555 non
3340 516 3462 558 esse
3489 516 3678 560 aucto-

420 571 775 642 πεποιηκέναι
803 574 989 628 οὐσίαν
1016 573 1215 644 ψυχῆς,
1250 575 1349 645 τῆς
1376 576 1529 641 δέεἰς
1558 579 1791 650 κρίσεως
1827 581 1993 651 μόνης

415 663 517 733 τῆς
577 664 637 717 ἐν
679 663 892 735 σώματι
923 666 1141 737 ἐνεργὸν
1169 667 1345 719 εἶναι·
1403 670 1702 734 σκυλεύσας
1748 672 1876 744 γὰρ,
1922 671 1997 736 ὥς

418 758 886 828 φασιν,εἰσέκρινε
914 760 978 828 τῇ
1025 759 1222 829 σαρκί·
1253 758 1350 830 τὴν
1375 760 1431 814 δὲ
1474 762 1651 831 σάρκα
1680 762 1871 834 αὐτὴν,
1902 765 1997 816 καὶ

415 847 516 918 τὴν
577 847 773 902 πλάσιν
822 849 1011 920 αὐτὴν,
1055 852 1149 903 καὶ
1206 852 1296 904 τὸν
1361 854 1715 926 χαρακτῆρα,
1762 856 1856 908 καί
1898 855 1995 926 τὴν

416 941 727 1011 τοιαυτήνδε
754 943 987 1013 μορφὴν,
1017 943 1107 996 καὶ
1127 942 1225 1013 τὴν
1268 944 1456 998 οὐσίαν
1483 946 1629 1015 ὃλην,
1666 946 1826 1017 ἔργον
1854 943 1994 999 εἶναι

418 1032 508 1083 καὶ
535 1031 729 1085 πλάσιν
762 1033 854 1086 τοῦ
885 1033 1216 1098 ἀπατεῶνος.
1256 1036 1345 1099 Ἐξ
1392 1037 1650 1090 ἐναντίων
1675 1038 1805 1106 γοῦν
1832 1055 1994 1107 γεγο-

416 1123 558 1177 νέναι
588 1124 679 1177 τὸν
708 1125 990 1195 ἄνθρωπον
1016 1127 1558 1196 ὁμολογοῦντες,οὐδέ
1585 1129 1674 1182 τὸν
1701 1130 1810 1182 τῶν
1841 1132 1995 1185 ἐνανο

412 1215 544 1269 τίων
572 1216 719 1269 ἴσασι
748 1217 903 1287 λόγον
927 1234 939 1246 ·
974 1219 1095 1272 οὐδὲ
1123 1221 1203 1273 ὅτι
1238 1221 1353 1273 ἐστι
1400 1222 1521 1275 τινὰ
1553 1220 1661 1274 τῶν
1711 1223 1991 1288 ἐναντίων,

414 1305 571 1360 ἀτινα
619 1308 791 1380 ἀμιγῆ
834 1311 978 1363 ἐστιν
1030 1313 1086 1364 ἐν
1114 1312 1316 1375 αὐτοῖς,
1354 1313 1623 1384 μηδεμίαν
1654 1313 1788 1383 πρὸς
1822 1313 1995 1367 ἑαυτὰ

417 1396 563 1467 μίξιν
612 1400 704 1452 καὶ
761 1402 1042 1455 κοινωνίαν
1084 1400 1337 1466 δέξασθαι
1400 1402 1694 1474 δυνάμενα,
1741 1404 1875 1457 ἀλλά
1926 1406 1992 1475 τῇ

415 1488 743 1562 νομιζομένῃ
784 1493 1036 1563 κοινωνίᾳ
1065 1494 1398 1567 ἀναιρέσεως
1435 1495 1643 1548 ἑαυτῶν
1667 1495 1795 1549 ὄντα
1827 1495 1994 1561 αἰτία,

416 1580 493 1651 μὴ
521 1580 793 1654 δυνάμενα
835 1585 971 1656 ὁμοῦ
1009 1582 1147 1641 εἶναι
1172 1603 1186 1616 ·
1220 1586 1356 1641 άλλά
1389 1586 1482 1640 τοῦ
1523 1588 1713 1659 ἐτέρου
1746 1587 1999 1659 ἀναιρου-

416 1672 601 1742 μένου,
622 1674 711 1728 διά
743 1676 842 1746 τὴν
871 1678 965 1731 τοῦ
1002 1679 1187 1751 ἐτέρου
1216 1680 1597 1751 ἐπικράτησιν.

2095 601 2211 640 rem
2268 585 2566 650 diabolum,
2622 600 2797 655 neque
2850 588 3217 644 substantiam
3258 591 3378 660 ejus
3454 594 3674 658 fecisse.

2096 676 2190 730 sed
2243 677 2418 731 solius
2482 677 2766 746 ingressus
2822 678 3015 733 animm
3069 680 3124 733 in
3187 698 3388 753 corpus
3451 686 3677 741 en‘ecto-

2095 782 2210 822 rem
2271 782 2424 834 esse;
2489 768 2788 822 detractam
2832 769 2979 823 enim
3029 778 3288 841 tanquam
3332 764 3586 846 spolium,
3616 789 3675 833 ut

2094 858 2198 927 ipsi
2257 859 2429 922 aiunt,
2504 858 2561 911 in
2616 873 2839 912 carnem
2916 859 3185 929 immisit;
3260 878 3479 920 carnem
3544 884 3675 923 vero

2095 951 2289 1019 ipsam,
2311 959 2362 1003 et
2392 948 2789 1016 formationem,
2815 958 2867 1003 et
2893 950 3138 1021 ﬁguram,
3156 962 3210 1008 et
3238 957 3396 1011 talem
3423 958 3671 1027 formam,

2096 1056 2162 1095 ac
2214 1049 2383 1094 totam
2426 1041 2790 1095 substantiam
2840 1056 2979 1112 opus
3026 1059 3150 1099 esse
3199 1054 3253 1101 et
3293 1047 3671 1107 formationem

2096 1131 2317 1186 diaboli.
2372 1130 2630 1188 Falentes
2678 1134 2842 1203 igitur
2872 1133 3079 1189 factum
3111 1152 3232 1192 esse
3280 1139 3555 1196 hominem
3605 1157 3670 1198 ex

2095 1225 2426 1289 contrariis,
2500 1239 2678 1295 neque
2746 1241 2867 1295 quae
2939 1228 3013 1281 sit
3077 1231 3475 1285 contrariorum
3533 1234 3673 1287 ratio

2093 1317 2292 1384 sciunt;
2320 1331 2497 1387 neque
2520 1317 2721 1383 sciunt,
2742 1331 2865 1371 esse
2895 1318 3143 1387 quaedam
3168 1323 3440 1375 contraria
3461 1339 3580 1393 quae
3601 1325 3675 1377 in-

2099 1416 2182 1463 ter
2210 1424 2271 1464 se
2308 1408 2651 1463 commisceri
2688 1421 2795 1461 non
2826 1417 3081 1477 possunt,
3121 1410 3251 1479 quia
3283 1412 3487 1466 nullam
3531 1414 3670 1469 inter

2103 1516 2161 1556 se
2184 1501 2624 1554 communionem
2654 1516 2831 1571 neque
2860 1500 3172 1555 misttonem
3200 1502 3401 1559 habere
3440 1512 3667 1573 queunt;

2104 1591 2237 1662 quin
2292 1589 2473 1660 potius
2516 1603 2686 1644 causa
2740 1597 2869 1645 sunt
2925 1590 3180 1645 interitus
3208 1591 3294 1646 sui
3327 1592 3382 1646 in
3421 1593 3514 1648 illa
3550 1613 3672 1665 quae

2097 1694 2343 1757 putatur,
2401 1683 2817 1750 communione,
2878 1684 3007 1754 quia
3057 1700 3166 1739 non
3222 1697 3452 1756 possunt
3505 1691 3670 1746 simul

2091 1793 2251 1843 esse;
2293 1776 2405 1831 imo
2441 1774 2592 1828 aliud
2628 1774 2863 1840 tollitur,
2899 1775 3028 1846 quia
3073 1777 3221 1832 aliud
3251 1777 3587 1835 dominatur.

1215 1905 1344 1961 CAP.
1384 1904 1548 1963 XVII.
1585 1905 1789 1976 Corpus
1812 1922 1915 1960 non
1944 1911 2021 1958 est
2045 1916 2079 1954 a
2110 1894 2349 1960 diabolo,
2372 1902 2422 1947 et
2447 1893 2627 1946 anima
2654 1909 2688 1946 a
2723 1891 2852 1947 Deo.

495 2013 625 2067 Ἰδοὺ
652 2012 760 2087 γὰρ
798 2016 857 2070 ἐν
910 2016 992 2071 ἐνὶ
1035 2019 1372 2091 κοιτωνίσκῳ
1417 2020 1600 2091 ἡμέρα
1633 2021 1729 2074 καὶ
1765 2019 1863 2084 νὺξ
1886 2018 1987 2072 οὐκ

2158 2010 2321 2076 Ecce,
2350 2010 2408 2063 in
2454 2023 2565 2063 uno
2598 2008 2856 2063 cubiculo
2884 2008 3002 2065 dies
3034 2016 3089 2064 et
3136 2025 3248 2065 nox
3295 2010 3526 2068 inveniri
3557 2005 3667 2067 no“

412 2103 478 2158 ἃν
505 2104 753 2176 εὑρεθείη
774 2122 789 2136 ο
822 2107 944 2160 ἐπεὶ
980 2107 1140 2177 μόνον
1173 2108 1289 2178 φῶς
1325 2110 1545 2180 εὑρεθὲν
1588 2113 1907 2182 προαναιρεί
1927 2109 1987 2162 τὸ

410 2196 619 2260 σκότος.
684 2198 815 2252 Ἰδοὺ
842 2200 900 2251 ἐν
957 2201 1057 2270 μιᾷ
1081 2199 1226 2272 ψυχῇ
1270 2201 1591 2274 σωφροσύνη
1629 2203 1721 2255 καί
1758 2199 1985 2272 πορνεία

405 2287 506 2339 οὐκ
533 2285 600 2341 ἂν
631 2288 849 2360 φανείη·
901 2290 1024 2342 ἐπεὶ
1052 2291 1189 2361 μόνη
1225 2292 1544 2364 σωφροσύνη
1563 2332 1580 2356 ,
1614 2296 1859 2361 φανεῖσα,
1898 2293 1989 2344 ἐκ·

409 2374 583 2429 ποδὼν
609 2377 860 2446 γενέσθαι
891 2379 988 2451 τὴν
1029 2380 1283 2451 πορνείαν
1328 2384 1492 2437 ποιεῖ.
1540 2382 1672 2435 ’ἰδοὺ
1709 2380 1987 2435 θεοσέϐεια

407 2469 501 2523 καί
532 2469 758 2524 ἀσέϐεια
788 2473 847 2524 ὲν
879 2474 961 2526 ἐνὶ
1003 2473 1276 2545 ἀνθρώπῳ
1316 2475 1418 2528 οὐκ
1463 2474 1528 2529 ἂν
1575 2475 1815 2542 γένοιτο·
1850 2475 1984 2528 ὅπου

407 2560 515 2633 γὰρ
539 2562 791 2615 εὐσέϐεια
837 2565 1106 2631 φαίνεται,
1146 2567 1267 2619 οὐδὲ
1294 2566 1445 2638 ῤαίς
1482 2565 1736 2630 ἀσεϐείας
1766 2565 1987 2635 φανείη.

418 2650 715 2723 Ἐπικρίνει
756 2651 814 2705 δὲ
843 2654 936 2707 καὶ
977 2654 1006 2706 ὁ
1055 2653 1393 2719 Ἀπόστολος,
1444 2655 1539 2708 καί
1580 2655 1869 2727 σφραγίζει
1916 2656 1984 2709 τά

405 2743 700 2815 εἰρημένω
738 2746 835 2810 Τίς
888 2747 1167 2799 κοινωνία
1212 2747 1358 2816 φωτί
1401 2747 1551 2815 πρὸς
1596 2747 1855 2815 σκότος;
1890 2748 1986 2813 Τίς

398 2832 812 2904 μερίς-Χριστῷ
843 2835 992 2905 πρὸς
1025 2838 1271 2902 Bella};
1302 2836 1382 2892 Τά
1403 2838 1511 2910 γὰρ
1537 2839 1747 2902 ἑαυτοῖς
1768 2838 1985 2892 ἐναντία

403 2924 535 2994 φίλα
550 2926 761 2989 ἑαυτοῖς
774 2926 877 2980 οὐκ
893 2927 959 2981 ἂν
977 2928 1188 2996 γένοιτο
1204 2945 1219 2959 ο
1243 2929 1337 2982 καὶ
1364 2929 1494 3000 μίαν
1513 2928 1781 3000 ἁρμονίαν
1797 2929 1896 2982 οὐκ
1915 2927 1985 2983 ἂν

403 3019 549 3071 ποιοῖ
568 3014 639 3069 τά
666 3017 872 3072 ἑαυτῶν
901 3018 1251 3091 διεστηκότα·
1299 3019 1420 3073 οὐδὲ
1459 3018 1569 3091 γὰρ
1599 3018 1664 3073 ἐκ
1683 3036 1744 3073 τε
1774 3018 1983 3092 ῥυθμοῦ

402 3108 499 3161 καί
508 3109 817 3181 ἀρρυθμίας
831 3111 931 3182 μία
943 3110 1153 3181 γίνεται
1167 3111 1422 3183 ἁρμονία,
1441 3109 1566 3164 οὔτε
1583 3095 1648 3164 ἐκ
1666 3110 1880 3182 σιωπῆς
1890 3110 1985 3165 καί

401 3199 589 3264 λαλιᾶς
618 3201 717 3273 μία
742 3201 991 3272 γίγνεται
1017 3201 1301 3267 σύστασις⁸
1343 3202 1504 3274 μόνον
1532 3200 1642 3273 τάρ
1664 3200 1726 3254 τὺ
1756 3199 1815 3255 ἓν
1843 3196 1983 3256 εἰναι

2087 2112 2288 2176 potest,
2323 2102 2452 2173 quia
2484 2102 2663 2156 solum
2699 2101 2882 2155 lumen
2927 2102 3209 2157 inventum
3237 2103 3394 2173 prius
3443 2106 3668 2160 sustulit

2085 2196 2366 2253 tenebras.
2404 2191 2567 2258 Ecce,
2607 2192 2663 2246 in
2694 2207 2804 2246 una
2845 2193 3030 2247 anima
3066 2194 3330 2263 pudicitia
3368 2204 3420 2249 et
3448 2202 3663 2251 scorta-

2086 2288 2161 2342 tio
2186 2301 2296 2341 non
2331 2293 2562 2354 possunt
2594 2284 2781 2349 cerni;
2812 2283 2941 2353 quia
2974 2284 3090 2338 sola
3115 2281 3402 2353 pudicitia,
3424 2284 3472 2342 si
3497 2298 3666 2354 appa-

2082 2378 2277 2444 ruerit,
2321 2377 2474 2447 fugat
2507 2382 2562 2431 et
2590 2375 2849 2430 amandat
2894 2376 3305 2431 scortationem.
3350 2374 3509 2440 Ecce,
3546 2376 3663 2446 pie-

2084 2480 2166 2527 tas
2195 2480 2250 2526 et
2269 2470 2519 2540 impietas
2561 2469 2617 2522 in
2646 2468 2867 2523 homine
2893 2483 3002 2522 uno
3035 2483 3317 2538 nunquam
3346 2477 3536 2536 erunt;
3570 2468 3662 2523 ubi

2083 2562 2227 2616 enim
2262 2561 2439 2631 pietas
2466 2558 2734 2621 cernitur,
2768 2574 2946 2628 neque
2976 2558 3124 2612 stilla
3156 2558 3454 2628 impietatis
3492 2572 3662 2630 appa-

2085 2652 2245 2708 rebit.
2294 2650 2598 2706 Confirmat
2639 2657 2821 2703 autem
2869 2648 3190 2720 Apostolus,
3230 2658 3283 2705 et
3320 2649 3502 2721 signat
3540 2664 3661 2720 quae

2083 2744 2229 2800 dicta
2265 2752 2393 2799 sunt
2427 2762 2441 2798 :
2472 2742 2625 2808 Qum,
2659 2742 2859 2812 inquit,
2892 2743 3117 2796 societas
3143 2743 3249 2796 luci
3283 2742 3352 2797 ad
3381 2742 3663 2797 tenebras?

2084 2833 2218 2902 Quae
2263 2847 2390 2902 pars
2432 2831 2647 2887 Christo
2699 2847 2818 2886 cum
2860 2830 3134 2886 Belial”?
3175 2831 3307 2899 Qua:
3345 2835 3491 2889 enim
3531 2841 3662 2891 sunt

2083 2925 2189 2981 sibi
2227 2923 2502 2979 contraria
2528 2961 2544 2986 ,
2601 2936 2712 2977 non
2758 2929 2993 2991 possunt
3038 2937 3161 2979 esse
3199 2922 3304 2979 sibi
3350 2923 3565 2990 amica;
3609 2931 3667 2978 et

2083 3029 2229 3071 unus
2268 3018 2573 3069 concentus
2623 3026 2737 3067 non
2788 3010 2990 3083 poterit
3039 3010 3242 3077 facere,
3276 3020 3337 3067 ut
3385 3028 3507 3084 qua
3537 3022 3668 3069 sunt

2083 3105 2251 3160 unius
2284 3112 2585 3159 concentus
2632 3101 2947 3173 discrepent
2982 3122 2995 3158 :
3032 3118 3137 3159 nec
3163 3104 3310 3159 enim
3361 3119 3430 3159 ex
3470 3119 3667 3160 nume-

2082 3210 2209 3252 roso
2258 3203 2315 3250 εἰ
2359 3209 2472 3250 non
2521 3208 2822 3250 numeroso
2899 3209 3044 3250 unus
3092 3203 3414 3260 concentus,
3455 3204 3511 3250 et
3555 3209 3663 3251 una

398 3292 624 3363 ὀφείλει,
656 3292 753 3347 τοῦ
787 3294 976 3367 ἐτέρου
1013 3294 1271 3367 συστῆναι
1313 3295 1415 3349 οὐκ
1458 3292 1806 3366 ἀνεχομένου.
1836 3294 1901 3346 Εἰ
1924 3293 1982 3347 δὲ

2081 3287 2382 3343 modulatio
2442 3284 2714 3351 eﬂicitur,
2762 3301 2864 3341 nec
2900 3300 2967 3341 ex
3016 3286 3238 3342 silentio
3286 3294 3342 3343 et
3386 3288 3663 3344 locutione

400 3384 463 3439 τὸ
495 3386 654 3457 σῶμα
683 3382 752 3460 ἦν
802 3365 897 3440 τοῦ
919 3365 1177 3458 πονηροῦ,
1202 3387 1349 3459 καἰή
1377 3386 1523 3457 ψυχὴ
1548 3386 1643 3440 τοῦ
1670 3384 1827 3451 Θεοῦ,
1860 3384 1979 3448 πῶς

2083 3393 2196 3434 una
2232 3377 2564 3447 compositio
2589 3376 2670 3431 iit.
2726 3375 2907 3431 Unum
2937 3377 3083 3432 enim
3125 3377 3302 3433 solum
3336 3394 3457 3434 esse
3497 3395 3661 3449 opor-

400 3479 481 3541 εἰς
512 3477 640 3549 μίαν
654 3479 919 3550 ἁρμονίαν
941 3479 1033 3533 τοῦ
1055 3478 1341 3551 ἀνθρώπου
1366 3478 1720 3543 ἀποδέδοται;
1748 3476 1864 3542 πῶς
1897 3478 1979 3542 εἰς

402 3568 531 3640 μίαν
588 3569 827 3624 διάθεσιν
875 3572 967 3624 καί
996 3570 1210 3642 φιλίαν;
1253 3571 1383 3625 Ἰδοὺ
1415 3569 1523 3642 γὰρ
1541 3570 1849 3641 ἥρμοσται,
1882 3568 1976 3623 καὶ

398 3663 618 3732 γέγονεν
677 3657 757 3727 εἷς
807 3663 1090 3736 ἄνθρωπος
1114 3681 1128 3695 ο
1178 3666 1271 3717 καί
1311 3666 1379 3736 τῇ
1430 3664 1667 3735 ἁρμονίᾳ
1695 3663 1841 3716 ἐστὶν
1872 3659 1970 3726 εἷς.

413 3753 549 3807 ’ἰδοὺ
582 3755 615 3825 ή
640 3753 785 3826 ψυχή
816 3754 1044 3809 ἐστιτοῦ
1081 3754 1349 3826 σώματος,
1392 3757 1489 3809 καί¹
1516 3754 1661 3825 φιλεῖ
1694 3756 1787 3809 καὶ
1811 3755 1971 3827 στέρ·

398 3860 505 3912 γει·
532 3844 740 3911 Οὐδεὶς
750 3846 861 3916 γάρ
884 3862 1028 3901 ποτε
1047 3848 1161 3915 τὴν
1185 3847 1402 3902 ἑαυτοῦ
1429 3846 1626 3915 σάρκα
1639 3846 1936 3916 ἐμίσησεν
1953 3863 1967 3877 ·

394 3936 532 3990 ἀλλ’
560 3935 830 4007 ἐκτρέφει
860 3938 959 3991 καί
978 3937 1189 3992 θάλπει
1210 3937 1423 4007 αὑτήν.
1453 3938 1516 3991 Εἰ
1534 3936 1668 4008 δὲδὴ
1686 3936 1766 4009 τῷ
1799 3937 1970 4009 ἑτέρῳ

399 4027 549 4097 μέλει
575 4028 704 4100 περί
730 4028 824 4083 τοῦ
875 4031 1082 4102 ἐτέρου,
1108 4030 1201 4083 καὶ
1227 4032 1325 4102 τὴν
1363 4030 1630 4102 ἀλγηδόνα
1657 4030 1751 4083 τοῦ
1786 4028 1971 4101 σώμα-

393 4134 505 4184 τος,
540 4119 677 4175 ἰδίαν
720 4120 989 4192 ἀλγηδόνα
1018 4124 1235 4193 ἡγεῖται
1262 4124 1295 4191 ὴ
1322 4121 1467 4193 ψυχή
1488 4138 1503 4154 ·
1536 4121 1631 4175 καί
1658 4122 1718 4175 οὐ
1749 4121 1969 4191 διαιρεῖ-

394 4226 484 4264 ται
514 4210 625 4264 τῶν
669 4212 1027 4284 παθημάτων,
1067 4213 1182 4268 ἀλλ’
1211 4213 1505 4267 οἰκειοῦται
1535 4214 1671 4284 πρὸς
1711 4212 1779 4267 τὰ
1804 4212 1968 4285 τραύ-

396 4321 561 4374 ματα,
583 4305 875 4359 οἰκειοῦται
899 4305 1114 4378 πρὸςτά
1135 4306 1451 4378 παθήματα·
1478 4306 1572 4359 καὶ
1586 4305 1672 4358 ὅτε
1695 4305 1793 4375 μὲν
1812 4305 1967 4374 ἀλγεῖ

391 4397 720 4470 τραυμάτων
790 4398 1008 4464 ἕνεκεν,
1069 4401 1323 4463 ἀνιᾶται,
1383 4396 1648 4474 ἀνώδυνον
1695 4393 1834 4451 εἶναι
1890 4398 1965 4470 μὴ

390 4487 692 4558 δυναμένη·
728 4487 817 4541 ὅτε
841 4487 899 4541 δέ
927 4487 1207 4559 ἡδυπαθεϊ,
1236 4489 1328 4542 καὶ
1368 4487 1471 4541 ὑπὸ
1494 4487 1592 4557 τῆς
1621 4486 1813 4557 ἡδονῆς
1845 4488 1966 4557 ἐρε-

393 4578 623 4645 θίζεται,
682 4581 896 4651 μετέχει
945 4580 1054 4632 τῶν
1107 4582 1423 4650 κινημάτων
1459 4579 1554 4633 καὶ
1591 4581 1624 4650 ὴ
1669 4578 1835 4650 ψυχὴ,
1869 4580 1965 4633 καὶ

393 4668 794 4739 συνεφάπτεται
815 4669 922 4723 τῶν
954 4668 1283 4741 ὲρεθισμῶν·
1317 4669 1412 4723 καί
1441 4668 1595 4741 λήγει
1622 4669 1720 4740 μὲν
1741 4669 1960 4739 ὁμοίως,

388 4761 656 4833 λαμϐάνει
714 4760 771 4814 δὲ
818 4761 1054 4815 ἐπίδοσιν
1079 4760 1357 4824 ὡσαύτως.
1399 4760 1510 4813 Καὶ
1555 4759 1828 4831 ληγούσης
1873 4759 1970 4831 μὲν

2077 3477 2173 3535 tet,
2204 3470 2379 3525 altero
2410 3466 2649 3533 sublato,
2687 3467 2836 3537 quod
2871 3482 2981 3522 non
3017 3468 3224 3538 patitur
3262 3477 3322 3522 ut
3369 3469 3532 3524 simul
3562 3471 3655 3526 sit.

2079 3560 2137 3616 Si
2163 3568 2345 3616 autem
2372 3574 2572 3632 corpus
2596 3570 2747 3615 esset
2788 3560 3015 3627 diaboli,
3045 3570 3101 3616 et
3130 3560 3313 3616 anima
3346 3559 3476 3628 Dei;
3518 3579 3656 3634 quo—

2075 3655 2239 3710 modo
2270 3670 2414 3710 unus
2448 3663 2751 3708 concentus
2784 3652 3022 3709 hominis
3051 3669 3117 3708 ex
3153 3654 3233 3709 eis
3270 3651 3541 3711 conﬂatus
3567 3672 3658 3714 cs-

2075 3748 2481 3817 set‘iquomodo
2510 3762 2618 3802 una
2644 3746 2883 3802 amicitia
2909 3755 2963 3802 et
2981 3748 3219 3804 affectio?
3243 3748 3344 3813 En,
3370 3755 3587 3819 aptatus
3602 3758 3656 3805 et

2074 3840 2252 3897 factus
2284 3847 2368 3896 est
2384 3855 2527 3896 unus
2555 3841 2720 3895 homo
2745 3880 2761 3905 ,
2808 3850 2861 3896 et
2881 3849 3152 3897 concentu
3181 3857 3245 3896 ac
3274 3841 3657 3896 convenientia
3726 3887 3733 3893 .

2072 3949 2214 3989 unus
2229 3940 2332 3989 est.
2360 3932 2500 3989 Ecce
2525 3933 2707 3987 anima
2724 3934 2978 4003 c0pulata
3003 3942 3224 3989 estcum
3245 3949 3495 4005 corpore,
3518 3941 3574 3989 et
3591 3933 3657 3988 il-

2069 4024 2162 4080 lud
2190 4033 2336 4079 amat
2356 4033 2410 4080 et
2434 4024 2718 4080 aerctione
2740 4025 3123 4096 complectitur
3146 4045 3159 4079 :
3202 4023 3374 4080 Nemo
3396 4026 3534 4080 enim
3554 4041 3655 4079 un-

2068 4131 2225 4187 quam
2236 4132 2448 4170 carnem
2462 4132 2612 4171 suam
2633 4116 2753 4170 odio
2764 4116 3064 4181 habuit,sed
3077 4119 3244 4171 nutrit
3258 4126 3307 4171 et
3323 4117 3459 4187 fovet
3474 4133 3592 4172 eam
3609 4117 3651 4171 ί.

2070 4207 2125 4263 Si
2138 4215 2320 4263 autem
2339 4208 2567 4263 alterum
2583 4208 2807 4263 alterius
2819 4223 3005 4262 curam
3019 4208 3263 4271 habet,et
3275 4209 3515 4264 dolorem
3534 4222 3650 4263 cor-

2065 4299 2214 4370 poris
2237 4315 2396 4354 suum
2416 4300 2567 4354 ducit
2586 4299 2846 4364 anima;et
2871 4314 2980 4353 non
3005 4299 3339 4371 disiungitur
3355 4298 3652 4354 affectioni-

2065 4393 2189 4462 bus,
2202 4393 2295 4449 sed
2308 4391 2553 4463 adjungit
2570 4409 2630 4449 se
2640 4393 2708 4447 ad
2724 4393 2970 4461 vulnera,
2986 4393 3233 4464 adiungit
3247 4408 3307 4450 se
3327 4392 3394 4447 ad
3415 4391 3653 4449 affectio-

2066 4493 2244 4550 nes;et
2261 4499 2384 4539 cum
2401 4500 2602 4555 corpus
2623 4478 2769 4538 d'olet
2789 4492 3009 4556 propter
3022 4484 3330 4549 vulnera,in
3351 4482 3568 4539 tristitia
3594 4491 3649 4539 et

2065 4577 2314 4633 molestia
2332 4584 2417 4633 est
2442 4577 2643 4645 anima,
2663 4592 2784 4647 quae
2803 4592 2913 4631 non
2939 4584 3117 4646 potest
3135 4591 3259 4632 esse
3280 4590 3475 4646 expers
3502 4574 3650 4631 dolo-

2072 4669 2174 4724 ris.
2194 4669 2331 4725 Cum
2353 4684 2482 4725 vero
2508 4671 2834 4740 voluptatem
2856 4667 3110 4739 percipit,
3135 4674 3189 4723 et
3221 4681 3254 4721 a
3280 4668 3553 4737 voluptate
3585 4667 3646 4722 ti-

2077 4764 2319 4829 tillatur;
2371 4764 2553 4818 anima
2599 4764 2762 4818 etiam
2801 4774 2983 4818 m0tus
3029 4760 3279 4831 corporis
3335 4759 3643 4831 participat,

388 4853 567 4925 ψυχῆς
585 4853 696 4906 ἀπὸ
724 4853 831 4907 τῶν
866 4852 1180 4923 κινημάτων
1213 4850 1322 4903 τῶν
1342 4850 1549 4917 παθῶν,
1585 4850 1841 4923 συλλήγει
1878 4854 1971 4905 καὶ

2081 4862 2127 4910 et
2159 4855 2502 4910 titillationes
2537 4856 2703 4911 simul
2741 4855 2959 4925 attingit
2997 4874 3010 4909 :
3048 4870 3113 4910 ac
3143 4853 3397 4909 similiter
3423 4852 3643 4922 quidem

389 4943 452 4997 τὸ
504 4942 682 5014 σῶμα,
735 4944 829 4997 καὶ
871 4941 1268 5011 καθησυχάζει·
1323 4940 1745 5012 ἐπιτριϐομένης
1775 4942 1833 4994 δὲ
1871 4942 1970 5012 τῆς

2081 4943 2295 5007 desinit,
2331 4945 2532 5014 accipit
2573 4961 2705 5001 vero
2744 4946 2996 5001 similiter
3027 4946 3449 4999 incrementum.
3507 4941 3644 4998 Cum

390 5032 683 5105 ἐπιθυμίας
727 5032 784 5085 ἐν
821 5035 886 5104 τῇ
925 5031 1068 5103 ψυχῇ
1104 5032 1196 5084 καί
1223 5030 1332 5084 τῶν
1357 5029 1663 5102 ἐρεθισμῶν
1690 5030 1969 5099 ἐπιτριϐο-

2081 5038 2275 5103 anima,
2318 5037 2575 5108 inquam,
2617 5038 2818 5093 desinit
2859 5037 3363 5109 perturbationibus
3415 5034 3640 5098 moveri,

393 5126 590 5196 μένων,
624 5125 803 5197 ἡδύνει
864 5126 958 5179 καί
1006 5124 1300 5195 τὸκσῶμα,
1337 5123 1433 5178 καί
1474 5122 1835 5193 φλεγμαίνει·
1875 5124 1969 5177 καὶ

388 5217 661 5285 γίγνονται
692 5218 820 5281 ἴσως
853 5217 950 5288 μὲν
1008 5218 1059 5270 οἰ
1110 5217 1406 5289 ἐρεθισμοί,
1448 5215 1578 5280 ἴσως
1615 5216 1673 5270 δὲ
1718 5217 1811 5270 καί
1854 5216 1964 5270 τῶν

390 5308 762 5380 ἐρεθισμάτων
798 5311 855 5363 αί
905 5309 1191 5373 ἀποθέσεις
1242 5310 1334 5363 καί
1378 5308 1667 5379 ἐκλείψεις.
1703 5309 1766 5363 Εἰ
1808 5309 1868 5362 δὲ
1905 5310 1966 5376 ἐξ

389 5401 646 5456 ἐναντίων
670 5398 759 5474 ἦν,
790 5403 883 5457 καί
930 5402 991 5456 τὸ
1016 5404 1113 5474 μὲν
1145 5402 1303 5473 σῶμα
1333 5403 1429 5457 τοῦ
1459 5402 1693 5474 πονηροῦ
1724 5400 1813 5475 ἦν,
1848 5405 1881 5475 ή
1908 5405 1964 5458 δὲ

388 5490 533 5565 ψυχὴ
578 5493 673 5547 τοῦ
733 5495 897 5549 Θεοῦ·
934 5495 1148 5567 πρῶτον
1179 5497 1277 5567 μὲν
1303 5496 1403 5549 οὐκ
1456 5494 1522 5549 ἂν
1564 5497 1806 5565 ἐγεγόνει
1843 5498 1966 5551 σύν-

385 5585 525 5653 οδος,
554 5584 679 5641 οὔτε
706 5587 842 5659 αὐτὴ
872 5590 905 5659 ἡ
937 5588 1123 5660 μακρά
1148 5588 1338 5660 κρᾶσις
1354 5586 1658 5641 ἐπετελεῖτο
1676 5605 1690 5619 °
1717 5588 1966 5661 δεύτερον

456 5763 506 5797 θ’
545 5762 585 5818 ll
618 5762 744 5820 Cor.
786 5780 874 5831 Vl,
912 5766 1013 5831 ιι,
1052 5766 1139 5822 15.
1216 5768 1233 5798 ¹
1274 5764 1477 5837 Ephes.
1512 5781 1567 5831 ν,
1604 5765 1693 5821 19.

2071 5129 2234 5184 simul
2259 5130 2462 5185 desinit
2490 5145 2714 5202 corpus,
2745 5138 2800 5185 et
2834 5130 3199 5200 conquiescit.
3231 5128 3369 5183 Cum
3396 5143 3525 5183 vero
3553 5141 3644 5181 cu-

2063 5220 2266 5291 piditas
2299 5223 2354 5277 in
2385 5224 2567 5277 anima
2590 5232 2922 5288 remoratur,
2958 5223 3360 5278 titillationibus
3388 5224 3551 5277 etiam
3585 5221 3641 5275 in

2066 5329 2298 5385 corpore
2338 5316 2653 5382 remoratis,
2709 5331 2910 5386 corpus
2950 5315 3219 5371 suavitate
3254 5312 3551 5384 perfundit,
3586 5319 3642 5367 et

2064 5408 2385 5475 inﬂammat;
2406 5411 2653 5480 fiuntque
2675 5411 2947 5481 mqualite.
2989 5407 3354 5473 titillationes,
3382 5415 3435 5463 et
3455 5418 3642 5477 aequa-

2068 5501 2192 5555 liter
2226 5502 2598 5555 titillationnm
2628 5502 2959 5573 abjectiones
2979 5510 3034 5555 et
3062 5499 3418 5555 defectiones.
3454 5495 3512 5550 Si
3540 5511 3641 5553 au-

2068 5599 2178 5647 tem
2209 5608 2275 5648 ex
2317 5593 2610 5649 contrariis
2654 5600 2802 5651 esset
2847 5593 3032 5659 homo,
3074 5607 3138 5647 ac
3177 5604 3381 5663 corpus
3413 5588 3637 5661 quidem
