4138 6430
502 331 635 387 1251

1603 320 1740 378 Tl'l'l
1781 318 2208 379 BOSTRENSIS
2245 318 2559 377 EPISCOPI

3613 306 3752 364 ιεδε

494 448 699 504 diaboli
727 455 891 513 esset,
913 447 1093 501 anima
1120 458 1249 499 vero
1279 441 1374 497 Dei
1404 460 1417 496 :
1450 441 1685 512 primum
1715 440 1934 511 quidem
1957 457 2065 495 non

2170 441 2221 494 δὲ
2246 442 2308 493 τὸ
2338 440 2525 510 ἕτερον
2551 437 2620 490 τά
2661 433 2752 488 τοῦ
2776 432 2961 505 ἐτέρου
2990 431 3090 485 οὐκ
3133 430 3200 484 ἂν
3229 428 3557 501 παρεδέχετο
3583 445 3595 457 ·
3631 424 3750 482 ἀλλ’

497 538 644 595 facta
701 537 895 593 fuisset
929 536 1244 605 conjunctio
1287 533 1599 603 utriusque,
1649 547 1750 586 nec
1778 534 1895 602 ipsa
1942 531 2068 585 diu-

494 641 660 685 turna
693 630 877 684 mistio
919 627 1291 699 perﬁceretur.
1340 624 1621 687 Secundo,
1656 623 1906 692 quamvis
1933 622 2070 675 alte-

495 737 618 777 rum
644 722 712 775 ab
741 722 912 776 altero
933 719 1291 788 reciperetur,
1320 723 1374 770 et
1399 725 1691 784 utrumque
1719 725 1918 777 tamen,
1950 727 2072 782 quze

499 826 599 867 sua
641 818 849 876 essent,
894 809 1116 880 propria
1164 818 1219 863 et
1253 807 1464 877 privata
1498 806 1721 860 duceret
1749 821 1763 869 ;
1792 819 1913 874 quae
1941 818 2071 858 vero

494 903 741 966 alterius,
782 902 959 957 aliena
991 918 1004 954 :
1041 908 1094 954 et
1133 913 1310 968 neque
1337 898 1585 966 voluptas
1629 896 1899 965 corporis,
1947 894 2068 949 ani-

493 1009 599 1049 ma:
625 994 877 1063 voluptas
927 991 1118 1056 ﬁeret;
1151 1004 1329 1059 neque
1372 989 1597 1042 vulnera
1641 987 1888 1056 corporis
1918 986 2072 1040 dolo-

494 1102 587 1142 res
627 1087 825 1141 animm
857 1093 1071 1149 essent;
1120 1085 1213 1140 sed
1261 1092 1554 1153 utrumque
1587 1097 1685 1151 per
1724 1097 1783 1136 se
1826 1082 2072 1151 volupta-

493 1186 629 1243 tem,
666 1187 719 1233 et
760 1178 1002 1232 dolorem
1041 1176 1147 1232 sibi
1188 1176 1510 1246 impertiret.
1556 1172 1843 1239 Quomodo
1888 1180 2069 1227 autem

495 1267 750 1323 diabolus
796 1267 965 1331 illinc,
1007 1268 1151 1336 quod
1198 1280 1356 1319 suum
1392 1279 1501 1317 non
1533 1272 1672 1328 erat,
1719 1277 1937 1316 sumere
1970 1276 2070 1331 po-

496 1361 644 1415 tuit?
673 1360 941 1430 quomodo
971 1360 1170 1421 anima,
1205 1372 1328 1428 qu:e
1365 1372 1475 1410 non
1511 1364 1598 1411 est
1630 1354 1815 1424 hujus,
1846 1354 1941 1409 sed
1986 1354 2070 1407 al-

494 1454 690 1516 terius,
737 1460 792 1505 et
823 1450 1028 1504 nullam
1067 1447 1451 1503 admistionem
1486 1446 1606 1515 ejus
1643 1445 1829 1509 habet,
1862 1445 1957 1500 sed
1987 1453 2072 1499 est

492 1544 722 1599 alterius
748 1542 1086 1606 substantiae,
1116 1547 1169 1595 et
1198 1539 1516 1595 substantiae
1545 1537 1771 1591 omnino
1796 1552 1826 1590 a
1851 1537 2070 1592 diabolo

490 1635 716 1699 alienae;
770 1622 1064 1703 quomodo,
1115 1632 1357 1701 inquam,
1394 1629 1448 1682 in
1502 1628 1696 1682 alienis
1723 1633 1775 1681 et
1826 1628 2069 1682 externis

486 1723 621 1779 est?
661 1731 718 1778 et
771 1720 1152 1777 admistionem
1213 1717 1465 1788 corporis
1529 1715 1733 1769 diaboli
1806 1722 2066 1783 tanquam

488 1816 775 1873 vinculum
816 1813 1021 1884 patitur
1067 1819 1121 1866 et
1162 1812 1379 1872 tolerat,
1432 1817 1486 1864 et
1519 1809 1682 1878 ligata
1730 1814 1813 1863 est
1868 1808 1924 1861 in
1957 1822 2067 1861 non

486 1907 641 1963 suo?
690 1902 962 1974 quomodo
1014 1915 1237 1956 carnem
1279 1898 1554 1969 propriam
1610 1912 1733 1952 esse
1779 1896 1950 1961 ducit,
2011 1901 2067 1949 et

486 2007 737 2057 sanctam
780 1996 911 2051 facit
938 2006 1100 2065 atque
1125 2008 1243 2049 eam
1279 1992 1347 2047 ad
1378 1991 1634 2057 virtutem
1674 1996 1965 2058 praeparat,
2008 1995 2068 2041 ut

484 2090 675 2164 quoad
729 2089 847 2145 ﬁeri
911 2093 1113 2159 potest,
1174 2084 1408 2140 similem
1461 2081 1574 2137 Deo
1635 2080 1868 2136 elliciat?
1928 2078 2066 2134 Cum

484 2184 639 2240 enim
676 2196 876 2251 corpus
908 2186 1122 2234 castum
1149 2184 1256 2242 est,
1288 2185 1342 2231 et
1371 2188 1483 2229 non
1512 2172 1850 2229 sordidatum
1888 2186 2067 2240 neque

490 2273 873 2337 maculatum;
914 2284 1040 2324 cum
1081 2278 1330 2323 sanctum
1377 2272 1462 2321 est
1508 2272 1563 2320 et
1595 2263 1909 2330 honestum,
1938 2277 2063 2315 cum

484 2380 674 2421 sermo
698 2363 817 2434 ejus
845 2370 1073 2418 sanctus
1097 2368 1152 2415 et
1181 2367 1386 2422 rectus,
1417 2372 1543 2412 cum
1577 2362 1832 2423 aspectus
1849 2354 2058 2425 justus,

2170 533 2427 605 ἑκάτερον
2478 532 2585 584 [δια
2639 528 2738 601 μὲν
2794 527 2862 579 τὰ
2893 523 3109 587 ἐαυτοῦ,
3149 522 3402 595 ἀλλότρια
3440 521 3500 575 δέ
3554 519 3625 576 τὰ
3652 519 3749 573 τοῦ

2170 625 2355 694 ἐτέρου
2409 621 2681 691 ἐλογίζετο
2702 637 2714 649 °
2754 618 2850 672 καὶ
2881 616 3004 670 οὔτε
3049 618 3083 687 ή
3125 614 3283 687 ἡδονὴ
3340 612 3448 668 τῶν
3477 613 3750 683 σωμάτων

2168 717 2330 787 ἡδονὴ
2359 716 2534 786 ψυχῆς
2569 713 2833 782 ἐγίγνετο,
2867 708 2989 764 οὔτε
3017 709 3084 763 τὰ
3108 708 3396 780 τραύματα
3429 706 3536 760 τῶν
3565 705 3747 777 σωμά-

2168 826 2275 861 των
2308 807 2596 878 ἀλγηδόνες
2622 805 2803 876 ψυχῆς
2838 803 3112 872 ἐγίγνοντο
3135 817 3148 831 ⁸
3186 801 3299 855 ἀλλ’
3325 800 3595 872 ἑκάτερον
3624 798 3748 853 καθ’

2171 899 2346 962 ἑαυτὸ,
2368 900 2459 953 καὶ
2487 899 2586 971 τὴν
2615 898 2806 968 ἡδονὴν
2837 895 3033 966 ἐαυτῷ,
3064 893 3158 952 καὶ
3189 893 3258 948 τὰ
3296 892 3585 965 τραύματα
3622 893 3751 962 ἐμε-

2172 988 2369 1060 ρίζετο.
2425 988 2548 1053 Πῶς
2578 988 2634 1041 δέ
2668 988 2761 1041 καὶ
2806 990 2835 1041 ὁ
2861 986 3106 1049 διάϐολος
3147 986 3331 1055 ἴσχυσε
3390 984 3452 1037 τὸ
3500 983 3574 1054 μὴ
3619 981 3748 1035 ἴδιον

2171 1082 2379 1135 ἐκεῖθεν
2416 1080 2637 1147 λαὸεἰν;
2670 1080 2785 1143 πῶς
2811 1079 2867 1131 δὲ
2896 1079 2989 1131 καὶ
3013 1080 3045 1148 ἡ
3073 1077 3218 1149 ψυχὴ
3250 1077 3324 1147 μὴ
3365 1076 3555 1129 τούτου
3590 1070 3747 1139 οὖσα,

2168 1173 2304 1227 ἀλλά
2345 1172 2506 1225 ἄλλοι)
2562 1167 2717 1238 οὖσα,
2763 1172 2857 1225 καὶ
2903 1170 3172 1242 μηδεμίαν
3232 1169 3512 1241 ἐπιμιξίαν
3553 1168 3752 1239 ἔχουσα

2169 1265 2306 1336 πρὸς
2349 1262 2408 1316 τὸ
2466 1264 2661 1334 χωρίον
2709 1264 2886 1326 τοῦτο,
2918 1264 3033 1318 ἀλλ’
3054 1260 3187 1317 οὖσα
3221 1263 3411 1334 ἐτέρας
3443 1261 3630 1325 οὐσίας
3652 1260 3750 1315 καὶ

2171 1356 2345 1426 πάντη
2403 1354 2839 1426 ήλλοτριωμένής
2875 1356 2976 1425 τῆς
3021 1355 3204 1418 οὐσίας
3248 1352 3341 1407 τοῦ
3396 1351 3655 1423 πονηροῦ,
3690 1351 3749 1404 ἐν

2167 1452 2282 1513 τοῖς
2308 1447 2607 1519 ἀλλοτρίοις
2640 1449 2757 1501 ἐστὶ
2784 1449 2878 1502 καὶ
2909 1449 3111 1514 ξένοις;
3139 1449 3231 1502 καὶ
3258 1447 3353 1518 τὴν
3377 1444 3469 1499 τοῦ
3499 1444 3749 1515 σώματος

2170 1537 2447 1608 ἐπιμιξίαν
2479 1537 2632 1610 φέρει
2680 1537 2877 1609 δεσμὸν
2908 1537 3164 1609 πονηροῦ,
3202 1538 3296 1591 καὶ
3327 1535 3532 1589 δέδεται
3561 1535 3661 1588 οὐκ
3688 1535 3747 1586 ἐν

2174 1630 2319 1700 ίδίῳ;
2352 1630 2445 1682 καὶ
2498 1628 2829 1682 ίδιοποιεῖται
2868 1629 2967 1701 τὴν
3007 1631 3206 1701 σάρκα,
3253 1628 3348 1682 καὶ
3389 1627 3548 1696 ἁγίαν
3563 1626 3747 1698 ,αὐτὴν

2170 1724 2331 1787 ποιεῖ,
2366 1722 2458 1773 καὶ
2490 1720 2624 1792 πρὸς
2646 1720 2845 1793 ἀρετὴν
2869 1721 3037 1792 αὐτὴν
3056 1718 3481 1792 παρασκευάζει,
3513 1718 3589 1781 ὡς
3639 1719 3746 1787 ἀφ-

2098 1790 2141 1845 B
2170 1812 2485 1884 ομοιοῦσθαι
2520 1790 2659 1866 πατὰ
2687 1790 2747 1866 τὸ
2778 1790 3004 1868 δυνατὸν
3031 1811 3110 1883 τῷ
3138 1790 3445 1883 ήκρείττονιξ
3472 1812 3601 1865 ὅταν
3636 1808 3748 1881 γὰρ

2171 1904 2334 1975 ἀγνδν
2441 1904 2535 1958 καὶ
2559 1905 2776 1977 άρῤύπα
2785 1922 2878 1976 ρον
2906 1906 2999 1960 καὶ
3026 1904 3354 1977 ἀκηλίδωτον
3375 1943 3392 1970 ,
3428 1904 3554 1957 ὅταν
3592 1901 3746 1971 ἅγιον

2168 1990 2202 2068 ᾖ
2239 1995 2330 2048 καὶ
2352 1995 2568 2066 σεμνὸν,
2598 1996 2723 2049 ὅταν
2750 1996 2911 2064 ἁγίας
2930 1996 3030 2070 ἐχῃ
3055 1997 3154 2061 τὰς
3170 1995 3377 2062 λαλιάς,
3398 1997 3527 2049 ὅταν
3565 1993 3747 2061 δεξιὰς

2168 2084 2267 2159 ἔχῃ
2319 2085 2417 2149 τὰς
2447 2086 2679 2157 βλέψεις,
2736 2089 2865 2141 ὅταν
2900 2087 3048 2152 θείας
3100 2089 3201 2161 ἔχῃ
3244 2092 3341 2151 τὰς
3383 2089 3651 2159 κινήσειςο
3689 2087 3748 2140 τί

2168 2177 2374 2248 ἕτερον,
2405 2179 2437 2249 ἢ
2466 2179 2860 2250 ἀφομοιοῦσθαι
2898 2179 2978 2251 τῷ
3023 2181 3334 2251 κρείττονι;
3391 2181 3485 2233 καὶ
3531 2179 3747 2244 ἐξεικά-

2169 2268 2315 2334 ζεται
2344 2271 2424 2342 τῷ
2455 2271 2625 2343 καλῷ,
2655 2273 2747 2326 καὶ
2800 2274 3061 2345 ἀναφέρει
3097 2276 3418 2348 χαρακτῆρα
3447 2275 3542 2327 τοῦ
3574 2274 3749 2345 κρείτ-

2166 2377 2316 2426 τονος
2340 2361 2448 2433 (65)
2473 2380 2488 2429 ;
2524 2365 2634 2417 Καὶ
2663 2364 2834 2418 ταῦτα
2863 2365 2962 2435 μὲν
2993 2365 3169 2430 οὕτως
3202 2366 3462 2438 εἰρήσθω.

486 2473 618 2513 cum
661 2464 842 2513 motus
892 2456 1013 2527 ejus
1057 2454 1228 2510 divini
1263 2460 1434 2510 sunt:
1467 2453 1600 2522 quid
1645 2451 1792 2506 aliud
1835 2457 1921 2505 est
1968 2450 2073 2505 hoc
2112 2470 2277 2523 quam
2334 2458 2565 2514 similem
2624 2475 2748 2515 esse
2794 2459 2952 2517 Deo?
2992 2461 3072 2517 Ac
3116 2462 3184 2518 de
3227 2462 3313 2519 his
3368 2462 3589 2534 quidem
3634 2461 3746 2517 hic

490 2552 638 2608 dicta
665 2552 794 2607 sint.

1010 2666 1140 2722 CAP.
1175 2666 1364 2721 XVIII.
1396 2666 1685 2737 Scriptura:
1721 2671 2024 2726 testimonia
2060 2670 2123 2724 de
2157 2668 2424 2723 creatione
2457 2669 2691 2737 corporis
2729 2677 2778 2722 et
2815 2670 3008 2723 anima:
3034 2686 3067 2723 a
3095 2669 3222 2727 Deo.
3260 2650 3266 2658 ί

562 2784 741 2839 Pauca
785 2792 966 2839 autem
1013 2799 1079 2840 ex
1106 2782 1408 2855 Scripturis
1457 2801 1817 2856 apponamus,
1862 2796 1923 2843 ut
1968 2805 2067 2860 ap-

488 2873 693 2947 positio
742 2872 1156 2943 Scripturarum
1212 2875 1338 2929 illos
1391 2875 1459 2928 ad
1507 2877 1947 2932 erubescendum
2007 2895 2067 2935 se

490 2966 699 3037 adigat,
731 2973 786 3019 et
810 2966 970 3020 nobis
996 2965 1157 3020 fidem
1200 2965 1459 3034 majorem
1493 2969 1768 3024 conciliet.
1815 2968 2068 3026 Salvator

490 3054 638 3109 enim
662 3069 788 3108 cum
823 3055 878 3108 in
906 3053 1206 3124 Evangelio
1237 3057 1303 3108 de
1340 3054 1670 3111 formatione
1696 3057 1800 3110 viri
1841 3066 1896 3112 et
1943 3074 2065 3112 mu-

491 3146 646 3201 lieris
692 3147 959 3211 meminit,
1008 3146 1397 3202 formationem
1448 3149 1516 3202 ad
1555 3148 1778 3206 Patrem
1824 3169 1984 3208 suum
2015 3160 2069 3207 et

491 3239 835 3295 conditorem
867 3239 1116 3295 universi
1149 3240 1416 3304 referens,
1453 3243 1632 3297 aiebat
1661 3262 1673 3297 :
1703 3243 1808 3309 Qui
1831 3244 1953 3312 fecit
1985 3245 2072 3299 ho-

489 3332 685 3387 minem
733 3333 798 3385 ab
838 3332 1010 3396 initio,
1057 3332 1353 3385 masculum
1385 3342 1436 3387 et
1479 3333 1731 3402 feminam
1778 3337 1902 3404 fecit
1945 3353 2069 3401 eos;

487 3434 540 3481 st
567 3426 745 3480 dixit:
774 3425 997 3494 Propter
1045 3425 1140 3479 hoc
1184 3426 1441 3496 relinquet
1483 3426 1635 3480 homo
1669 3438 1872 3496 patrem
1916 3447 2068 3484 suum

488 3527 539 3573 et
574 3528 796 3571 matrem
829 3534 1004 3581 suam,
1035 3527 1085 3571 et
1134 3517 1422 3572 adluerebit
1464 3521 1620 3574 uxori
1663 3538 1796 3585 sua),
1829 3532 1877 3575 et
1915 3532 2071 3577 erunt

487 3612 594 3665 duo
615 3612 668 3664 in
702 3627 915 3664 carnem
950 3627 1109 3665 unam
1135 3628 1152 3665 :
1175 3613 1351 3681 itaque
1372 3612 1492 3681 jam
1523 3630 1626 3667 non
1660 3624 1782 3668 sunt
1826 3614 1954 3679 duo,
1979 3615 2071 3669 sed

487 3716 598 3755 una
620 3718 765 3755 caro.
808 3700 960 3766 Quod
993 3717 1115 3770 ergo
1153 3700 1296 3754 Deus
1338 3703 1636 3769 conjunxit,
1674 3704 1827 3756 homo
1855 3720 1959 3757 non
1989 3720 2069 3757 se-

489 3800 639 3859 paret
662 3793 706 3847 ².
740 3791 901 3844 Novit
935 3791 1096 3859 cujus
1148 3801 1296 3846 esset
1326 3807 1528 3862 corpus
1569 3800 1623 3847 et
1665 3793 1823 3863 cujus
1857 3794 2067 3857 anima,

490 3880 805 3937 confitendo
852 3889 1131 3936 auctorem
1177 3883 1484 3952 utriusque,
1518 3893 1573 3937 et
1624 3884 1841 3938 Patrem
1892 3884 2070 3938 conﬁ-

491 3975 694 4041 tendo;
725 3981 781 4027 et
815 3975 1009 4029 retinet
1041 3989 1104 4028 ac
1134 3975 1353 4029 cohibet
1383 3976 1652 4039 humanas
1687 3977 2068 4046 cogitationes,

492 4064 708 4128 volens,
750 4071 806 4117 ut
856 4079 967 4119 non
1018 4065 1234 4135 possint
1273 4065 1514 4137 disjungi
1561 4083 1680 4136 qum
1723 4067 1869 4121 facta
1904 4076 2070 4136 sunt;

492 4172 604 4211 non
627 4156 957 4221 concedens,
984 4164 1043 4210 ut
1076 4157 1185 4211 ulla
1213 4158 1450 4211 humana
1482 4159 1753 4213 sententia
1783 4175 1848 4214 ac
1876 4161 2073 4215 volun-

494 4257 625 4312 tate,
672 4263 792 4318 quae
846 4249 984 4303 bene
1043 4255 1231 4317 aptata
1281 4258 1431 4311 sunt,
1482 4265 1737 4318 separare
1784 4252 1966 4309 liceat.
2007 4255 2071 4306 in

491 4339 788 4409 Evangelio
836 4347 1018 4393 autem
1072 4340 1141 4394 iis
1193 4340 1287 4409 qui
1325 4339 1465 4396 falso
1509 4342 1834 4397 videbantur
1875 4344 2069 4399 eodem

2258 2786 2446 2855 Ὀλίγα
2478 2786 2534 2839 δὲ
2575 2786 2670 2839 καὶ
2714 2786 2820 2841 τῶν
2859 2787 3056 2857 λογίων
3100 2788 3497 2861 παραϐώμεθα,
3540 2792 3626 2846 ἵνα
3657 2794 3751 2848 καὶ

2172 2878 2354 2949 ἡτῶν
2403 2877 2599 2946 λογίων
2655 2878 2959 2950 παράθεσις
3020 2880 3287 2953 ἐντροπὴν
3345 2883 3444 2952 μὲν
3501 2885 3751 2951 ἐκείνοις,

2174 2970 2305 3040 ἡμῖν
2344 2969 2399 3022 δὲ
2434 2970 2668 3032 πίστεως
2717 2970 3001 3042 ἀκρίϐειαν
3049 2975 3269 3047 ποιήσῃ.
3322 2974 3379 3027 ὐ
3423 2974 3533 3048 γὰρ
3563 2975 3755 3048 Σωτήρ

2174 3062 2231 3112 ἐν
2259 3060 2337 3132 τῷ
2388 3061 2706 3132 Εὑαγγελίῳ
2753 3063 2853 3132 τῆς
2898 3063 3147 3128 πλάσεως
3184 3067 3528 3137 μεμνημένος
3559 3069 3754 3141 ἀνδρὸς

2172 3152 2264 3206 καὶ
2318 3153 2603 3221 γυναικὸς,
2665 3155 2760 3207 καὶ
2810 3155 2910 3226 τὴν
2948 3156 3143 3210 πλάσιν
3192 3158 3479 3230 ἀναφέρων
3526 3160 3620 3213 ἐπὶ
3661 3161 3755 3214 τὸν

2172 3243 2364 3297 ἐαυτοῦ
2420 3243 2643 3314 Πατέρα
2698 3246 2793 3299 καὶ
2838 3248 3068 3319 ποιητὴν
3117 3250 3212 3302 τοῦ
3262 3250 3481 3316 παντὸς,
3527 3251 3749 3319 ἔλεγεν·

2183 3337 2246 3389 '0
2294 3336 2510 3402 κτίσας
2542 3336 2643 3390 ἀπ’
2674 3337 2889 3406 ἀρχῆς,
2932 3338 3119 3406 ἄρσεν
3148 3341 3245 3394 καὶ
3279 3342 3437 3412 θῆλυ
3468 3344 3758 3413 ἐποίησεν

2170 3429 2395 3495 αὐτούς
2420 3447 2433 3459 ·
2482 3429 2581 3482 καὶ
2628 3425 2832 3482 εἷπεν-ο
2871 3430 3119 3486 Ἕνεκεν
3159 3436 3374 3489 τούτου
3404 3440 3757 3506 καταλείψει

2173 3520 2484 3589 ἄνθρωπος
2535 3522 2642 3574 τὸν
2692 3522 2917 3589 πατέρα
2965 3525 3152 3579 αὐτοῦ
3189 3526 3287 3579 καί
3341 3527 3455 3596 τὴν
3486 3528 3755 3598 μητέραο

2174 3614 2273 3666 καὶ
2330 3613 2937 3683 προσκολληθήσεται
2970 3615 3046 3684 τῇ
3101 3619 3337 3686 γυναικὶ
3391 3619 3609 3673 αὐτοῦ·
3657 3623 3756 3675 καὶ

2173 3708 2415 3761 ἔσονται
2432 3710 2485 3761 οἱ
2501 3707 2609 3761 δύο
2631 3709 2718 3774 είς
2745 3707 2943 3776 σάρκα
2960 3710 3127 3779 μίαν.
3154 3713 3214 3763 ’Ὀ
3243 3707 3357 3766 οὖν
3385 3715 3417 3766 o’
3446 3713 3590 3779 Θεὸς
3606 3730 3757 3769 συν-

2174 3798 2432 3864 έζευξεν,
2465 3797 2782 3868 ἅνθρωπος
2806 3798 2893 3868 μὴ
2918 3798 3220 3868 χωριζέτω.
3257 3802 3365 3854 Καὶ
3394 3802 3485 3856 τὸν
3514 3803 3637 3875 ὅρον
3662 3803 3758 3856 τοῦ

2178 3891 2431 3962 σώματος
2462 3891 2557 3944 καὶ
2606 3890 2707 3960 τῆς
2736 3890 2915 3961 ψυχῆς
2960 3893 3129 3944 αἴτιον
3160 3893 3459 3963 ὁμολογῶν,
3501 3890 3631 3959 οἶδε,
3665 3896 3758 3948 καὶ

2176 3983 2396 4054 Πατέρα
2424 3983 2709 4053 ὁμολογεῖ⁵
2746 3984 2840 4035 καὶ
2887 3983 3072 4053 ἐπέχει
3108 3984 3205 4048 τὰς
3253 3985 3599 4057 ἀνθρωπίνας
3639 3988 3759 4038 ἐπι-

2175 4072 2342 4137 νοίας,
2376 4071 2656 4143 ἀχὼριστα
2707 4067 2846 4124 εἶναι
2899 4073 2968 4125 τὰ
3022 4074 3367 4145 πεποιημένα
3414 4074 3752 4145 βουλόμενος.

2176 4166 2269 4220 καί⁹
2318 4166 2393 4235 μὴ
2449 4164 2763 4236 ἀνθρωπίνῃ
2807 4163 2999 4236 γνώμῃ
3047 4165 3301 4237 χωρίζειν
3342 4166 3411 4220 τὰ
3446 4166 3625 4228 καλῶς
3654 4167 3757 4238 ἡρ-

2179 4258 2425 4330 μοσμένα
2458 4255 2787 4328 ἐπιτρέπων.
2838 4258 2925 4308 Ἐν
2971 4257 3027 4308 δὲ
3058 4256 3135 4325 τῷ
3166 4256 3480 4328 Εὑαγγελίῳ
3524 4259 3635 4321 τοῖς
3667 4258 3755 4311 δο-

2178 4352 2337 4422 κήσει
2385 4351 2482 4421 τῆς
2521 4349 2690 4419 αὐτῆς
2742 4348 3055 4419 ἐπιμελείας
3099 4349 3410 4420 ἐχομένοις,
3457 4351 3759 4422 ἠμεληκόσι

490 4430 674 4487 studio
708 4438 761 4485 et
806 4446 938 4485 cura
973 4434 1171 4496 teneri,
1203 4434 1418 4487 occulta
1452 4441 1634 4487 tamen
1667 4443 1722 4489 et
1748 4452 1869 4505 qua:
1919 4437 2069 4492 intus

2177 4443 2234 4496 δέ
2268 4442 2377 4495 τῶν
2410 4440 2670 4513 κρυπτῶν
2716 4441 2810 4493 καὶ
2850 4441 2950 4510 τῆς
2990 4441 3136 4495 ἔνδον
3172 4443 3510 4512 ἐπιμελείας,
3559 4444 3754 4514 φησίν’

490 4530 649 4578 erant
680 4521 735 4575 in
761 4521 1004 4585 homine,
1040 4523 1405 4593 negligebant,
1438 4524 1612 4577 aiebat
1644 4543 1655 4578 :
1687 4524 1873 4590 Stulti,
1896 4543 2069 4581 nonne

487 4614 577 4684 qui
598 4611 718 4681 fecit
746 4613 882 4681 quod
908 4612 1042 4681 foris
1064 4624 1163 4676 est,
1187 4613 1325 4682 quod
1352 4615 1495 4667 intus
1515 4626 1614 4679 est,
1643 4616 1763 4685 fecit
1789 4618 1847 4670 3?
1880 4615 1936 4672 Si
1967 4633 2068 4673 au-

489 4710 622 4766 tem,
655 4703 801 4772 quod
836 4703 985 4757 intus
1015 4711 1121 4766 est,
1147 4704 1336 4757 anima
1365 4716 1481 4771 est;
1517 4708 1659 4775 quod
1692 4715 1869 4762 autem
1904 4708 2065 4775 foris,

488 4807 727 4865 corpus;
760 4804 814 4850 et
842 4796 934 4866 qui
973 4796 1100 4850 fecit
1127 4797 1274 4869 quod
1306 4798 1454 4852 intus
1488 4807 1597 4863 est,
1632 4801 1870 4855 animam
1900 4801 2066 4869 fecit;

487 4892 544 4941 et
590 4886 684 4955 qui
719 4885 849 4940 fecit
899 4886 1044 4958 quod
1081 4885 1225 4943 foris
1275 4895 1379 4953 est,
1442 4898 1643 4959 carpus
1691 4890 1859 4947 fecit:
1891 4892 2068 4963 igitur

488 4977 582 5048 qui
611 4984 696 5032 est
735 4977 933 5032 anima:
978 4985 1172 5033 auctor
1214 4985 1267 5033 et
1294 4979 1540 5045 effector,
1572 4983 1820 5051 corporis
1865 4992 2061 5039 auctor

487 5082 544 5127 et
570 5070 792 5127 eﬂector
823 5082 907 5129 est
938 5093 951 5129 :
980 5081 1033 5129 et
1065 5073 1207 5129 Deus
1245 5085 1350 5138 est,
1389 5078 1481 5145 qui
1514 5085 1808 5148 utrumque
1852 5079 1983 5133 fecit
2011 5090 2065 5134 et

486 5165 696 5236 aptavit
734 5173 789 5220 et
830 5167 1147 5237 conjunxit,
1191 5166 1285 5237 qui
1317 5167 1459 5221 hanc
1493 5169 1835 5224 harmoniam
1866 5171 2068 5225 decen-

486 5258 757 5314 !issimam
787 5261 1203 5331 coagmentavit.
1233 5260 1355 5329 Ipse
1386 5271 1568 5316 autem
1603 5261 1855 5319 Salvator
1890 5278 2062 5333 quam

490 5352 893 5407 accurationem
919 5353 1136 5423 corpori
1175 5353 1230 5406 in
1265 5354 1610 5410 sermonibus
1638 5355 1755 5410 suis
1785 5356 2062 5421 adhibet,

623 5507 809 5563 Matth.
848 5526 975 5575 nx,
1010 5509 1127 5564 4-6.
1207 5510 1229 5542 ³
1265 5508 1406 5564 Luc.
1449 5527 1537 5576 xi,
1572 5510 1665 5565 40.

2183 4536 2493 4602 Ἀφρονες,
2540 4533 2651 4599 οὐχ
2683 4534 2716 4585 ὀ
2758 4532 3019 4600 ποιήσας
3051 4535 3117 4587 τὸ
3163 4534 3385 4599 ἔξωθεν
3425 4536 3522 4589 καὶ
3557 4536 3620 4589 τὸ
3662 4538 3761 4590 ἕν-

2177 4624 2354 4677 δοθεν
2394 4623 2720 4690 ἐποίησεν;
2763 4625 2827 4677 Εἰ
2883 4624 2941 4678 δέ
2996 4626 3057 4678 τὸ
3118 4627 3215 4697 μὲν
3277 4627 3477 4680 ἓσωθέν
3526 4630 3671 4682 ἐστιν
3724 4631 3758 4700 ἡ

2176 4713 2342 4784 ψυχὴ,
2373 4713 2432 4766 τὸ
2459 4713 2517 4765 δὲ
2546 4713 2743 4777 ἔξωθεν
2786 4715 2846 4768 τὸ
2875 4714 3054 4784 σῶμα,
3087 4718 3181 4770 καὶ
3224 4719 3252 4771 ὁ
3286 4719 3519 4789 ποιήσας
3560 4717 3619 4771 τὸ
3652 4719 3762 4772 ἔσω

2175 4805 2273 4877 τὴν
2302 4796 2479 4876 ψυχὴν
2508 4805 2794 4871 πεποίηκε,
2821 4808 2915 4861 καὶ
2949 4808 2977 4858 6
3006 4810 3238 4879 ποιήσας
3268 4808 3328 4861 τὸ
3375 4808 3479 4873 ἔξω
3511 4808 3572 4862 τὸ
3602 4809 3761 4880 σῶμα

2176 4898 2505 4969 πεποίηκεν’
2550 4901 2578 4952 6
2622 4899 2802 4969 ψυχῆς
2848 4900 3076 4971 ποιητὴς
3131 4902 3225 4954 καὶ
3279 4900 3530 4973 σώματος
3561 4901 3627 4956 ἂν
3674 4900 3759 4973 εἴη

2168 4992 2398 5062 ποιητής
2419 5008 2431 5020 ·
2469 4990 2564 5045 καὶ
2592 4991 2725 5055 Θεὸς
2758 4994 2907 5045 ἐστιν
2940 4995 2969 5044 6
2997 4992 3284 5062 ἀμφότερα
3324 4993 3492 5046 ποιῶν
3536 4993 3630 5046 καὶ
3656 4996 3760 5064 ἀρ-

2172 5082 2353 5151 μὸζων
2401 5085 2496 5154 καὶ
2547 5082 2854 5149 συνάπτων,
2884 5086 2911 5136 6
2961 5085 3059 5155 τὴν
3094 5086 3360 5155 ἁρμονίαν
3406 5085 3610 5156 ταύτην
3659 5087 3760 5156 τὴν

2171 5176 2673 5246 ίεροπρεπεστάτην
2710 5177 3076 5248 ἡρμοσμένος.
3110 5178 3283 5241 Αὐτὸς
3330 5178 3386 5231 δὲ
3418 5180 3446 5230 6
3477 5177 3666 5249 Σωτὴρ
3702 5180 3761 5229 ἐν

2166 5270 2286 5329 ταῖς
2314 5267 2509 5320 ἐαυτοῦ
2557 5267 2856 5336 διαλέξεσιν
2898 5271 3015 5323 οἵαν
3051 5269 3371 5340 ἐπιμέλειαν
3404 5273 3635 5323 ποιεῖται
3663 5270 3759 5323 τοῦ

2171 5356 2421 5429 σώματος
2444 5399 2458 5424 ,
2493 5362 2621 5414 ὅταν
2654 5361 2788 5434 λέγῃ
2809 5379 2821 5391 ·
2852 5363 3029 5416 Εἰσὶν
3061 5361 3364 5429 εὐνοῦχοι,
3399 5362 3615 5429 οἵτινες
3660 5365 3762 5417 εὑ·-

560 5686 670 5761 (63)
710 5690 819 5749 Καὶ
862 5693 1020 5758 ἐξω.
1054 5693 1413 5761 κρείττονος.
1458 5690 1584 5748 Haec
1637 5691 1821 5747 omisit
1870 5691 2167 5762 interpres.
