4138 6430
387 372 408 425 Ι
420 370 527 425 355

1440 367 1812 424 ADVERSUS
1842 368 2275 427 MANICHAEOS
2313 370 2442 428 LIB.
2485 371 2568 428 Ill.

3487 375 3625 430 1234

380 486 679 554 νούχισαν
706 484 959 551 ἑαυτοὺς
998 482 1093 538 διὰ
1123 484 1237 550 τὴν
1258 486 1586 549 ,βασιλείαν
1621 484 1737 538 τῶν
1784 488 1928 553 oi'pa

2061 502 2187 541 cum
2217 487 2292 541 ait
2326 507 2336 541 :
2366 485 2500 541 Sunt
2525 488 2766 551 eunuchi,
2804 489 2893 557 qui
2930 506 2984 544 se
3020 499 3384 545 castraveruat
3416 502 3628 559 propter

380 576 523 631 νῶν.
569 575 631 628 '0
664 574 997 644 δυνάμενος
1027 575 1237 643 χωρεῖν
1269 576 1563 645 χωρείτω]
1592 575 1807 648 Ταύτην
1842 578 1950 648 γὰρ

379 666 696 737 ἐπιμέλειαν
727 665 804 736 τῷ
846 665 1059 736 σώματι
1101 665 1472 730 ἀποδεδωκὼς,
1509 666 1604 719 καὶ
1636 667 1789 734 ἇγιον
1818 668 1949 720 αὐτὸ

378 758 473 811 καὶ¹
507 756 736 819 ἀπαθὲς,
771 758 864 810 καὶ
894 757 1144 827 ἀνήδονον
1175 758 1628 827 παρασκευάζων,
1652 758 1746 810 καί
1770 761 1948 811 πᾶσαν

376 847 671 919 ἐπιθυμίαν
700 848 1017 918 ὑποτέμνων
1054 849 1147 902 καὶ
1179 849 1484 920 ύποκείρων
1524 850 1602 919 τῷ
1635 849 1797 918 λόγῳ,
1849 850 1947 921 τὴν

376 939 513 1010 πρὸς
561 938 623 991 τὸ
670 938 825 1006 σῶμα
876 938 1190 1009 ἐπιμέλειαν
1234 938 1493 1003 δείκνυσι,
1529 941 1633 993 καὶ·
1668 940 1767 1011 τὴν
1810 940 1947 1010 πρὸς

374 1030 473 1101 τὴν
524 1029 701 1100 σάρκα
744 1030 1068 1101 κηδεμονίαν
1098 1033 1389 1102 σημαίνει·
1423 1031 1718 1101 κηδόμενος
1763 1031 1819 1083 δὲ
1855 1031 1946 1083 καὶ

375 1119 678 1194 φροντίζων
711 1121 808 1192 τὴν
835 1122 1068 1191 ἰδιότητα
1100 1124 1164 1174 ἐκ
1192 1124 1289 1192 τῆς
1316 1122 1641 1193 κηδεμονίας
1663 1121 1942 1193 κηρύττει,

376 1213 538 1283 μέχρι
583 1211 679 1265 τοῦ
730 1213 1042 1283 βλέμματος
1075 1213 1322 1282 φθάνων·
1357 1214 1441 1266 ἵνα
1476 1212 1550 1283 μὴ
1592 1212 1652 1265 τὸ
1706 1212 1940 1281 βλέμμα,

372 1304 448 1368 ὼς
483 1304 641 1375 ἔτυχε
688 1305 1023 1374 κινούμενον,
1055 1307 1326 1375 ῥυπαρίας
1363 1305 1454 1357 καὶ⁵
1491 1304 1705 1374 κηλίδος
1732 1306 1939 1374 ἐμπιμ-

372 1403 595 1474 πλῆται,
631 1397 765 1451 ἀλλὰ
798 1397 894 1468 τὴν
931 1397 1144 1450 εὔτονον
1193 1397 1313 1465 ἔχον
1344 1397 1557 1461 κίνησιν
1598 1394 1942 1465 ἡρμοσμένον

369 1491 617 1561 διατελῇ·
664 1489 812 1557 λέγει
840 1488 949 1559 γὰρ
981 1490 1038 1540 ἐν
1066 1487 1142 1557 τῷ
1182 1486 1531 1555 Εὑαγγελίῳ·
1571 1483 1697 1547 Πᾶς
1737 1487 1769 1536 ὁ
1795 1482 1942 1547 βλέ-

369 1600 499 1635 πων
548 1580 803 1649 γυναῖκα
852 1578 1001 1645 πρὸς
1055 1578 1120 1631 τὸ
1170 1576 1533 1644 ἐπιθυμῆσαι
1588 1574 1778 1641 αὐτῆς
1822 1574 1938 1643 ἤδη

367 1673 725 1742 ἐμοίχευσεν
755 1670 951 1738 αὐτὴν
980 1671 1050 1722 ἐν
1094 1667 1168 1737 τῇ
1221 1668 1433 1735 καρδίᾳ
1464 1665 1671 1720 αὐτοῦ.
1725 1665 1835 1717 Καὶ
1878 1664 1940 1716 τὸ

2058 593 2272 646 regnum
2300 577 2569 630 caelorum.
2604 577 2708 643 Qui
2738 582 2928 646 poterit
2950 597 3153 649 capere,
3180 583 3355 651 capiat
3376 582 3427 634 ‘l
3458 582 3627 637 Adhi-

2056 667 2191 721 bens
2212 668 2355 722 enim
2390 668 2533 722 hanc
2556 668 2897 738 diligentiam
2934 680 2987 725 et
3016 672 3255 726 studium
3298 673 3538 743 corpori,
3571 679 3623 728 et

2055 755 2293 812 elﬁciens
2323 756 2502 827 ipsum
2540 768 2788 813 sanctum
2819 767 2872 813 et
2902 762 3403 828 perturbationibus
3434 777 3498 815 ac
3530 779 3622 817 vo-

2056 849 2357 918 luptatibus
2393 864 2653 913 vacuum,
2705 857 2760 905 et
2800 866 3015 905 omnem
3057 854 3410 923 cupimtatem
3455 856 3623 911 verbo

2055 946 2347 1008 amputans
2394 950 2448 994 et
2493 940 2828 1006 detondens;
2878 945 3322 1011 procurationem
3371 950 3620 1017 corporis

2053 1027 2418 1092 demonstrat,
2465 1040 2521 1084 et
2548 1047 2739 1085 curam
2779 1034 2967 1088 carnis
2995 1036 3278 1103 providam
3322 1039 3617 1108 signiﬁcat.

2054 1116 2432 1177 Sollicitudine
2464 1132 2643 1177 autem
2697 1131 2750 1177 et
2780 1126 3130 1182 accuratione
3145 1144 3299 1183 suam
3327 1145 3448 1185 esse
3479 1147 3616 1201 pra:-

2051 1208 2219 1275 dicat,
2253 1213 2611 1283 progrediens
2638 1231 2811 1285 usque
2840 1216 2907 1270 ad
2937 1232 3126 1271 curam
3153 1228 3444 1289 aspectus;
3474 1238 3539 1277 ne
3571 1223 3617 1278 si

2050 1314 2306 1371 aspectus
2331 1306 2557 1361 fortuito
2583 1322 2647 1362 ac
2677 1315 2882 1364 temere
2913 1320 3220 1377 moveatur,
3247 1315 3395 1367 omni
3426 1314 3545 1369 labe
3565 1324 3620 1371 et

2048 1396 2266 1450 macula
2305 1398 2628 1467 impleatur;
2666 1401 2914 1469 quinimo
2958 1404 3004 1457 si
3044 1412 3365 1460 constanter
3400 1414 3455 1461 et
3500 1423 3619 1477 gra-

2048 1486 2188 1541 viter
2216 1488 2413 1552 cietur,
2444 1490 2500 1543 in
2536 1499 2662 1561 apta
2688 1492 2955 1547 modestia
2988 1503 3299 1564 perseveret
3324 1513 3338 1550 :
3362 1497 3439 1550 ait
3469 1500 3615 1553 enim

2047 1574 2103 1629 in
2131 1575 2425 1648 Evangelia
2452 1598 2463 1632 :
2499 1578 2685 1635 Omnis
2708 1583 2798 1644 qui
2822 1583 3006 1637 viderit
3032 1588 3301 1640 mulierem
3329 1588 3399 1640 ad
3420 1604 3615 1642 concu—

2044 1668 2348 1737 piscendum
2394 1688 2532 1735 eam,
2571 1673 2692 1742 jam
2742 1676 3026 1729 mwclzatus
3069 1686 3145 1730 est
3190 1693 3307 1731 eam
3356 1680 3413 1733 in
3459 1680 3615 1735 corde

369 1765 427 1817 ἐν
455 1762 534 1834 τῷ
567 1761 776 1831 σώματι
810 1762 976 1825 πάθος
1017 1764 1082 1831 τῇ
1128 1760 1323 1831 καρδίᾳ
1354 1756 1676 1830 σύμμετρά,
1717 1755 1811 1808 καὶ
1844 1754 1928 1807 106

2043 1762 2206 1814 καθ’.
2240 1761 2673 1819 Commotionem
2714 1766 2768 1820 in
2804 1782 3035 1838 corpore
3085 1783 3209 1823 eum
3257 1771 3423 1826 corde
3461 1787 3612 1827 com-

370 1853 679 1925 βλέμματος
731 1852 1192 1922 ἐπιμελούμενος,
1247 1850 1431 1920 κοινὴν
1476 1848 1575 1918 τὴν
1624 1846 1928 1916 ἐπιμέλειαι

2041 1852 2285 1917 metitur,
2331 1860 2386 1909 et
2430 1864 2711 1926 aspectum
2747 1871 2975 1923 curans,
3032 1874 3374 1917 communem
3417 1878 3607 1919 curam

363 1946 464 2016 τῆς
496 1946 722 2017 καρδίας
751 1947 1013 1997 ποιεῖται·
1050 1942 1219 2005 πάθος
1248 1941 1577 2012 βλέμματος,
1613 1938 1784 2002 πάθος
1808 1955 1928 2010 καρ

2040 1942 2262 1998 adhibet
2299 1944 2489 2013 cordi;
2533 1948 2956 2004 commotionem
2983 1959 3259 2021 aspectus,
3290 1954 3611 2009 commotio-

364 2035 482 2100 δίας
511 2036 963 2106 εἰσηγησάμενος,
1005 2036 1099 2087 καὶ
1148 2033 1467 2104 ἐπιμέλειαν
1513 2030 1774 2101 ὀμμάτων
1820 2031 1928 2083 ἐπι-

2039 2049 2165 2088 nem
2221 2034 2407 2091 cordis
2437 2045 2699 2107 reputans
2728 2054 2873 2105 esse,
2920 2048 2974 2095 et
3013 2043 3412 2098 accuratiouem
3454 2058 3611 2114 aspe-

362 2126 589 2196 μέλειαν
630 2126 722 2179 τοῦ
749 2124 1089 2195 διανοητικοῦ
1140 2124 1384 2195 θέμενος.
1420 2121 1553 2175 Οὐδὲ
1598 2121 1708 2192 γὰρ
1739 2122 1928 2193 έτέρως

2038 2130 2182 2192 ctus,
2218 2128 2627 2184 accurationem
2662 2131 2887 2186 mentis.
2938 2131 3048 2187 Nec
3076 2134 3223 2188 enim
3265 2136 3424 2190 aliter
3452 2151 3609 2192 noce-

366 2217 556 2286 βλάψει
591 2218 651 2270 τὸ
675 2218 850 2289 ὄμμα,
880 2218 912 2289 ἢ
938 2218 1014 2280 ὡς
1046 2216 1238 2287 βλάψει
1276 2218 1302 2269 ὁ
1335 2214 1459 2278 νοῦς
1482 2230 1497 2243 ·
1531 2214 1650 2267 οὐδὲ
1678 2213 1787 2283 γὰρ
1828 2209 1928 2265 οἷόν

2036 2216 2116 2269 bit
2138 2218 2354 2281 oculus,
2381 2234 2542 2287 quam
2576 2229 2635 2275 ut
2665 2224 2883 2277 nocebit
2920 2240 3109 2292 mens;
3134 2229 3262 2297 quia
3290 2244 3398 2283 non
3431 2238 3607 2299 potest

361 2308 422 2362 τέ
447 2310 563 2363 ἐστι
617 2310 680 2363 τὸ
727 2310 882 2381 ὄμμα
925 2308 1364 2380 διαστρέφεσθαι,
1409 2307 1507 2378 τὴν
1548 2306 1605 2359 δέ
1644 2305 1821 2374 ψυχὴν
1857 2303 1928 2374 μὴ

2040 2306 2233 2361 oculus
2261 2307 2574 2378 depravari,
2610 2327 2720 2365 non
2764 2312 3061 2383 depravata
3112 2318 3291 2371 anima
3321 2337 3333 2371 :
3366 2319 3416 2374 si
3458 2320 3602 2374 enim

360 2400 811 2473 διαστρέφεσθαι·
840 2400 1096 2462 ἐπιεικῶς
1120 2400 1227 2471 γάρ
1250 2400 1428 2469 ψυχῆς
1458 2398 1552 2452 καὶ
1583 2396 1765 2460 ἁπλῶς
1793 2394 1928 2465 ὁρώ-

2040 2396 2222 2450 anima
2248 2407 2334 2452 est
2365 2399 2419 2453 in
2451 2402 2708 2471 aequitate
2739 2411 2793 2458 et
2836 2415 2985 2461 recte
3012 2408 3180 2475 videt,
3214 2418 3339 2480 apte
3381 2418 3437 2467 et
3467 2427 3601 2469 con-

364 2511 483 2563 σης,
515 2492 833 2563 ἐπιτηδείως
865 2492 1056 2562 ὄψεται
1084 2491 1154 2544 τὰ
1178 2493 1416 2563 ὄμματα.

2037 2489 2319 2544 venienter
2344 2492 2488 2547 oculi
2516 2504 2763 2551 cement.

1272 2630 1399 2684 CAP.
1443 2626 1580 2681 XIX.
1619 2626 1861 2681 Christus
1892 2637 2080 2692 corpus
2104 2624 2346 2681 habuisse
2380 2632 2691 2687 ostenditur.

440 2747 708 2802 Ἐνταῦθα
752 2745 882 2813 γοῦν
917 2748 1015 2818 τὴν
1051 2748 1248 2801 ἄτοπον
1281 2745 1466 2815 βλέψιν
1498 2741 1926 2815 παραϐλεψάμε-

2109 2738 2208 2795 llic
2240 2743 2406 2812 igitur
2434 2747 2729 2815 repudians
2753 2755 2964 2818 turpem
2992 2760 3273 2820 aspectum
3297 2753 3600 2821 oculorum,

354 2857 469 2904 νος,
517 2840 615 2912 τὴν
645 2839 807 2908 ἁγίαν
842 2841 1199 2907 παρεισάγει·
1243 2840 1329 2891 ἵνα
1375 2841 1424 2891 οἱ
1477 2836 1747 2907 ὀφθαλμοὶ⁵
1795 2834 1928 2905 ὀρθὰ

2037 2841 2288 2886 sanctum
2319 2844 2599 2904 aspectum
2635 2837 2886 2892 inducit:
2917 2849 2973 2894 ut
3011 2842 3177 2907 oculi,
3215 2842 3411 2913 inquit,
3452 2852 3603 2900 recta

360 2934 619 3003 βλέπωσι,
670 2934 764 2987 καὶ¹
808 2933 878 2986 τὰ
918 2933 1159 3004 βλέφαρα
1208 2932 1408 2985 νευέτω
1440 2932 1658 2984 δίκαια·
1712 2928 1928 3000 ἐπαίρει

2034 2924 2253 2978 videant
2286 2934 2339 2979 et
2375 2927 2649 2996 palpebrae
2671 2929 2819 2998 justa
2866 2930 3181 2986 intueantur
3211 2952 3223 2987 :
3253 2935 3411 3005 erigit
3457 2934 3603 2991 enim

358 3025 466 3096 γὰρ
508 3025 577 3078 τὰ
608 3026 849 3096 ὄμματα,
880 3024 1029 3078 κάτω
1070 3025 1207 3077 αὐτὰ
1253 3023 1565 3093 κεκάμφθαι
1598 3022 1673 3093 μὴ
1706 3022 1928 3093 ἐπιτρέ-

359 3135 495 3185 πων,
522 3116 656 3171 ἀλλὰ
682 3117 966 3171 διανιστῶν
995 3116 1135 3169 αὐτὰ
1168 3118 1263 3170 καὶ
1305 3116 1605 3186 διεγείρων,
1638 3116 1730 3168 καὶ
1756 3116 1930 3185 ἐπῃρ-

360 3209 496 3280 μένα
537 3209 675 3262 αὐτὰ
723 3208 1178 3279 παρασκευάζων.
1220 3208 1329 3267 Διὸ.
1380 3207 1579 3276 πολλὴν
1609 3204 1925 3276 ἐπιμέλειαν

258 3348 269 3357 .
353 3298 463 3353 τῶν
498 3300 766 3371 σωμάτων
810 3299 1150 3368 ποιούμενος,
1184 3299 1279 3351 καὶ
1310 3298 1469 3368 σῶμα
1499 3297 1800 3366 πεφόρηκε,
1833 3295 1928 3347 καὶ

355 3392 437 3455 εἰς
475 3391 633 3461 σῶμα
668 3387 847 3461 ἦλθεν.
898 3392 961 3443 Εἰ
1006 3389 1105 3459 μὲν
1151 3386 1244 3442 οὖν
1275 3390 1374 3441 οὐκ
1405 3385 1567 3458 ἦλθεν
1607 3388 1666 3441 ὲν
1693 3386 1925 3457 σώματι,

353 3480 408 3536 τί
446 3483 678 3554 φήσουσι
709 3484 837 3554 περὶ
885 3482 979 3534 τοῦ
1029 3480 1283 3551 σταυροῦ,
1327 3481 1421 3533 καὶ
1467 3479 1558 3532 106
1605 3478 1778 3531 τύπου
1819 3476 1927 3530 τῶν

348 3571 520 3643 ἥλων,
551 3574 645 3626 καὶ
676 3571 771 3625 106
809 3571 979 3625 τύπου
1012 3572 1109 3642 τῆς
1142 3572 1359 3641 λόγχης,
1392 3572 1485 3624 καὶ
1516 3569 1610 3624 τοῦ
1637 3569 1923 3641 μνημείου,

351 3665 450 3719 καὶ
484 3664 584 3734 τῆς
614 3664 832 3735 ταφῆς;
863 3664 925 3716 El
949 3664 1006 3716 δὲ
1039 3666 1105 3718 ἐκ
1127 3664 1329 3716 τούτων
1359 3663 1703 3732 ἐλεγχόμενοι
1739 3659 1928 3731 ὁμολο-

351 3752 508 3824 γοῦσι
554 3756 712 3826 σῶμα
755 3755 844 3808 τὸν
891 3755 1119 3827 Σωτῆρα
1153 3754 1451 3825 εἰληφέναι,
1494 3754 1547 3805 τί
1594 3752 1827 3822 ἐροῦσιν,
1878 3751 1925 3803 εἰ

351 3849 486 3918 μήτι
514 3848 608 3902 καὶ
634 3847 795 3901 αὑτὸν
817 3847 922 3900 ὑπὸ
942 3846 1036 3899 106
1066 3844 1301 3916 πονηροῦ
1327 3844 1635 3898 πεπλάσθαι
1667 3844 1922 3913 φήσουσι,

352 3939 447 3993 καὶ
482 3939 677 4010 μηκέτι
708 3939 867 4009 μόνον
901 3938 961 3991 τὸ
990 3936 1325 4007 ἀνθρώπινον
1355 3935 1513 4005 σῶμα
1547 3931 1683 3987 εἶναι
1700 3933 1793 3987 τοῦ
1828 3952 1926 3988 πο-

350 4029 541 4102 νηροῦ,
592 4029 727 4083 ἀλλὰ
774 4030 869 4083 καὶ⁸
911 4029 974 4081 τὸ
1009 4028 1167 4099 σῶμα
1204 4025 1298 4080 106
1352 4026 1678 4096 εύεργέτου;
1710 4027 1771 4078 ού
1802 4026 1922 4095 φεί-

348 4138 536 4175 σονται
576 4121 667 4174 καὶ
716 4121 876 4193 μέχρι
916 4121 1011 4173 καὶ
1051 4120 1255 4190 ταύτης
1292 4119 1393 4188 τῆς
1427 4118 1666 4181 ἐπινοίας
1696 4118 1919 4187 φθάσαι,

349 4213 446 4266 καὶ
468 4213 568 4282 τὴν
600 4211 846 4280 γλῶτταν
876 4213 1111 4265 ἐκτεῖναι
1136 4212 1276 4264 κατὰ
1303 4209 1397 4262 106
1420 4210 1689 4279 Σωτῆρος.
1729 4209 1786 4261 ’0
1813 4209 1922 4282 γὰρ

351 4305 591 4377 μελετῶν
616 4303 757 4358 κατὰ
795 4304 904 4357 τῶν
935 4304 1128 4375 ἐκείνῳ
1161 4303 1521 4373 διαφερόντων
1558 4301 1918 4370 διαλέγεσθαι,

342 4393 522 4463 οὗτος,
552 4398 823 4467 ἀκονήσας
863 4397 963 4468 τὴν
994 4397 1261 4466 γλῶτταν,
1293 4396 1413 4448 κατ’
1444 4394 1610 4448 αὐτοῦ
1638 4395 1920 4465 διαλεχθή-

2034 3021 2090 3068 et
2118 3015 2333 3070 extollit
2357 3018 2569 3082 oculos,
2595 3033 2707 3073 non
2737 3021 3060 3089 permittens
3108 3023 3270 3078 simul
3294 3033 3352 3077 ut
3383 3024 3605 3080 ﬂectan-

2036 3112 2147 3170 tur,
2179 3107 2273 3161 sed
2304 3109 2486 3177 potius
2522 3114 2744 3176 excitat,
2776 3119 2831 3165 et
2862 3119 2921 3166 ut
2955 3114 3125 3167 erecti
3159 3115 3289 3179 sint,
3324 3114 3476 3169 facit.
3518 3115 3605 3170 ldr

2031 3199 2182 3252 circo
2236 3198 2490 3254 Salvator
2536 3217 2731 3272 gerens
2787 3218 3042 3273 magnam
3086 3206 3485 3274 providentiam
3545 3216 3601 3261 et

2028 3290 2470 3358 procurationem
2519 3307 2835 3363 corporum,
2887 3309 3089 3364 corpus
3144 3296 3378 3365 gestavit
3431 3305 3486 3351 et
3541 3296 3598 3351 in

2027 3392 2227 3449 corpus
2259 3381 2426 3434 venit.
2460 3381 2517 3435 Si
2550 3383 2717 3453 igitur
2746 3399 2855 3438 non
2891 3384 3039 3438 venit
3072 3385 3127 3437 in
3170 3401 3423 3455 corpore,
3458 3378 3594 3456 quid

2026 3474 2227 3528 dicturi
2254 3485 2382 3529 sunt
2408 3475 2475 3529 de
2504 3492 2667 3531 cruce
2699 3486 2752 3531 et
2781 3478 2953 3531 ﬁxura
2982 3478 3259 3531 clavorum
3283 3488 3338 3534 et
3371 3481 3594 3545 lanceas,

2026 3577 2081 3622 et
2108 3575 2464 3622 monumento
2493 3584 2556 3622 ac
2584 3570 2908 3639 sepultura?
2946 3569 3040 3625 Sin
3072 3578 3253 3625 autem
3293 3571 3378 3624 his
3408 3573 3597 3627 convi-

2025 3658 2096 3712 cti
2132 3672 2333 3729 corpus
2380 3660 2681 3728 sumpsisse
2714 3658 3053 3715 Salvatorem
3086 3661 3436 3725 conﬁtentur,
3465 3662 3596 3731 quid

2025 3751 2226 3815 dicent,
2252 3751 2297 3807 si
2326 3767 2434 3805 non
2465 3759 2595 3807 sunt
2619 3752 2842 3816 dicturi,
2876 3753 3051 3823 ipsum
3079 3769 3294 3823 quoque
3317 3768 3347 3806 a
3379 3753 3598 3809 diabolo

2025 3842 2319 3896 formatum
2344 3859 2495 3910 esse;
2521 3851 2574 3897 et
2605 3859 2712 3898 non
2737 3842 2849 3913 jam
2878 3845 3053 3898 solum
3078 3859 3278 3915 corpus
3301 3844 3597 3899 humanum

2024 3950 2147 3989 esse
2174 3934 2400 4002 diaboli,
2449 3935 2545 3991 sed
2591 3937 2755 3990 etiam
2791 3951 2993 4006 corpus
3028 3936 3333 3991 Salvatoris
3366 3936 3598 3992 beneﬁci

2024 4026 2239 4081 nostri?
2266 4043 2376 4081 non
2404 4027 2548 4081 enim
2578 4037 2805 4097 parcent
2837 4044 2937 4082 nec
2961 4029 3313 4083 abstinebunt
3349 4045 3428 4094 se,
3463 4029 3598 4100 quin

2023 4132 2197 4187 usque
2227 4118 2284 4171 in
2316 4118 2455 4173 hanc
2484 4118 2866 4189 cogitationem
2901 4120 3155 4185 evadant,
3181 4129 3235 4174 et
3266 4120 3505 4188 linguam
3540 4122 3596 4174 in

2026 4208 2363 4263 Salvatorem
2393 4210 2744 4279 protendant.
2779 4209 2882 4275 Qui
2910 4211 3055 4264 enim
3080 4218 3272 4265 contra
3295 4225 3357 4265 ea
3383 4227 3504 4280 quae
3528 4212 3597 4265 ad

2021 4299 2173 4353 illum
2205 4304 2502 4370 pertinent,
2534 4300 2800 4370 disputat,
2829 4302 2918 4355 hic
2944 4302 3183 4371 linguam
3215 4316 3419 4356 acuens
3464 4317 3597 4357 con-

2023 4401 2107 4447 tra
2151 4393 2328 4464 ipsum
2384 4395 2705 4463 disputabit.
2775 4393 3025 4448 Salvator
3091 4400 3272 4448 autem
3320 4393 3594 4463 baptismo

347 4507 523 4543 σεται.
581 4489 644 4544 '0
692 4489 749 4542 δὲ
793 4489 983 4561 Σωτὴρ
1030 4489 1125 4541 καὶ
1171 4488 1506 4559 βαπτίσματι
1551 4486 1818 4540 διελούετο
1862 4489 1920 4539 ἐν

2032 4486 2187 4539 etiam
2230 4486 2284 4540 in
2317 4483 2553 4541 Iordane
2592 4487 2937 4547 abluebatur,
2969 4493 3023 4539 et
3055 4486 3212 4554 aquis
3259 4486 3594 4555 aspergeba-

342 4582 424 4653 τῷ
469 4582 737 4653 Ἰορδάνῃ·
772 4580 928 4634 ὕδασι
957 4582 1399 4653 περιερραίνετο·
1435 4581 1520 4644 τίς
1548 4580 1621 4634 ὣν
1656 4580 1751 4633 καὶ⁸
1784 4596 1921 4648 τυγ-

340 4675 561 4747 χάνων;
615 4679 665 4730 ei
724 4676 823 4747 μὲν
875 4674 983 4745 γὰρ
1029 4674 1088 4726 οὑ
1143 4673 1301 4744 σῶμα
1347 4674 1552 4746 φέρων,
1604 4672 1728 4726 οὔτε
1762 4673 1921 4743 σῶμα

340 4770 505 4841 ἔχων,
540 4770 590 4824 τί
620 4771 795 4825 κοινὸν
824 4770 1099 4840 πνεύμασι
1128 4771 1222 4822 καὶ
1270 4773 1576 4839 ποταμοῖς;
1628 4770 1724 4832 Τίς
1757 4768 1917 4837 ἀγγέ-

342 4861 472 4928 λων,
511 4862 640 4915 ποία
672 4862 919 4932 δύναμις,
952 4862 1077 4913 ποία
1103 4861 1381 4931 κυριότης.
1412 4859 1539 4913 ποία
1578 4860 1741 4929 ἀρχὴ,
1794 4859 1919 4911 ποία

342 4952 561 5017 ἐξουσία
609 4953 985 5024 καταϐέϐηκεν
1025 4953 1106 5013 εἰς
1153 4950 1396 5020 λουτρὸν,
1429 4952 1524 5003 καὶ
1558 4954 1751 5021 πεῖραν
1791 4949 1917 5003 ὑδά-

337 5063 450 5100 των
489 5045 680 5117 ἓσχεν;
730 5047 792 5099 Εἰ
838 5046 896 5100 δέ
944 5046 1172 5115 δύναμις
1220 5045 1318 5114 μὲν
1361 5045 1478 5097 οὐδὲ
1529 5043 1763 5107 ἐξουσία,
1795 5041 1917 5095 οὔτε

339 5135 530 5207 θρόνος
560 5139 733 5201 οὐδεὶς
764 5141 845 5202 είς
891 5139 1058 5192 ὕδατα
1103 5136 1391 5206 κατῆλθεν,
1424 5137 1690 5207 ἀζήτητον
1720 5135 1914 5203 γέγονε

337 5227 402 5280 τὸ
445 5231 677 5300 πρᾶγμα
722 5231 817 5284 καὶ
860 5231 1062 5299 σαφές·
1097 5229 1190 5283 καὶ
1216 5228 1377 5299 δῆλον
1405 5229 1596 5296 γέγονε
1627 5227 1687 5279 τὸ
1721 5225 1916 5296 ζητούα

342 5335 522 5389 μενον.
592 5321 752 5374 Ἀλλά
804 5320 957 5391 ἀνῄει
1004 5321 1111 5375 ἀπὸ
1155 5321 1261 5373 τῶν
1307 5318 1545 5372 ὑδάτων·
1596 5318 1916 5389 ἐπειράζετο

338 5409 445 5463 ὑπὸ
486 5411 577 5465 τοῦ
613 5413 893 5467 διαϐόλου·
936 5416 1144 5479 ἐπείνα,
1193 5413 1379 5482 eatea,
1411 5412 1585 5475 ἔπλει,
1633 5411 1909 5481 ἐκοιμᾶτο,

334 5498 569 5567 ὥδευεν,
614 5504 844 5570 ἐκοπία,
891 5504 1140 5567 ἐϐάδιζε·
1193 5505 1391 5557 πεινῶν
1446 5505 1536 5558 ἐπὶ
1588 5505 1688 5557 τὴν
1745 5505 1913 5574 συκῆν

336 5585 469 5660 ἦλθε
487 5610 501 5623 ·
524 5594 588 5646 τὸ
608 5595 916 5651 τελευταῖον
940 5598 1203 5661 ἐκρίνετο,
1239 5597 1583 5668 ἐσταυροῦτο,
1621 5597 1715 5660 Ti;
1738 5596 1910 5650 ταῦτα

410 5750 438 5784 δ
470 5751 659 5810 Matth.
697 5771 821 5823 xix,
858 5759 944 5812 12.
1020 5761 1043 5791 ⁸
1083 5759 1271 5813 Matth.
1309 5777 1359 5826 v,
1396 5760 1485 5815 28.

2024 4585 2151 4643 tur;
2184 4579 2309 4648 quis
2337 4579 2489 4631 erat?
2523 4586 2577 4633 et
2604 4579 2737 4649 quid
2788 4579 2941 4633 erat?
2983 4581 3027 4634 si
3061 4579 3205 4633 enim
3240 4593 3444 4648 corpus
3478 4594 3589 4632 non

2021 4671 2270 4740 gestabat
2301 4687 2478 4741 neque
2508 4688 2711 4741 corpus
2740 4671 2974 4726 habebat
2999 4690 3013 4725 :
3046 4672 3172 4741 quid
3201 4685 3489 4725 commune
3508 4679 3593 4725 est

2022 4762 2312 4833 Spiritibus
2340 4779 2464 4817 cum
2498 4762 2858 4818 ﬂuminibus?
2886 4762 3022 4828 Quis
3046 4764 3296 4833 angelus,
3328 4778 3449 4831 qua:
3476 4762 3591 4816 vir-

2020 4863 2142 4919 tus,
2180 4870 2299 4924 quae
2338 4854 2661 4918 dominatio,
2707 4857 2830 4925 quis
2873 4857 3236 4925 principatus,
3286 4870 3406 4925 quae
3444 4863 3594 4924 pote-

2022 4955 2137 5001 stas
2160 4947 2226 4999 ad
2264 4948 2542 5000 lavacrum
2577 4947 2860 5002 descendit
2899 4955 2954 5001 et
2994 4962 3166 5018 aquas
3218 4954 3439 5015 experta
3468 4945 3596 5001 est?

2020 5032 2176 5099 Quod
2213 5034 2259 5089 si
2291 5051 2470 5104 neque
2501 5036 2703 5099 virtus,
2748 5052 2923 5105 neque
2947 5044 3213 5106 potestas,
3242 5050 3417 5104 neque
3442 5035 3592 5089 thro-

2017 5143 2125 5181 nus
2158 5128 2212 5180 in
2258 5142 2430 5196 aquas
2461 5127 2782 5181 descendit:
2815 5138 2968 5182 extra
3012 5127 3369 5197 quazstionem
3411 5125 3590 5195 posita

2018 5225 2101 5272 est
2124 5233 2212 5273 res
2239 5235 2252 5272 :
2282 5217 2482 5271 factum
2521 5226 2604 5272 est
2638 5218 3009 5287 perspicuum,
3049 5218 3192 5288 quod
3220 5217 3586 5285 quaerebatur.

2016 5306 2131 5363 lmo
2185 5310 2433 5365 ascendit
2461 5311 2530 5364 ab
2558 5311 2737 5379 aquis.
2782 5311 3070 5365 tenebatur
3116 5324 3145 5362 a
3178 5308 3417 5375 diabolo,
3461 5324 3589 5362 esu-

2016 5402 2211 5467 riebat,
2257 5402 2497 5464 sitiebat,
2541 5403 2851 5472 navigabat,
2902 5401 3228 5462 dormiebat,
3282 5400 3385 5454 iter
3420 5398 3587 5453 facie-

2013 5493 2129 5559 bat,
2176 5494 2599 5565 del‘atigabatur,
2649 5494 2982 5557 ambulabat,
3038 5493 3289 5548 esuriens
3333 5490 3483 5545 venit
3514 5489 3583 5543 ad

2014 5586 2172 5640 ﬁcum
2205 5604 2219 5640 :
2248 5597 2526 5657 postremo
2546 5587 2828 5657 judicatus
2859 5594 2945 5641 est
2989 5592 3041 5639 et
3090 5582 3407 5638 cruciﬁxus.
3450 5578 3586 5644 Quis
