4138 6444
493 364 630 420 1255

1647 352 1783 406 TlTl
1823 352 2248 409 BOSTRENSIS
2300 353 2608 410 EPISCOPI

3604 353 3748 411 1256

491 488 605 541 haec
654 483 1054 556 proclamabat?
1105 480 1227 551 quis
1274 480 1389 533 lucc
1434 478 1780 531 testabatur?
1821 476 2093 535 Taceant.

2194 476 2325 542 ϐόας
2362 478 2444 541 τίς
2473 476 2645 532 ταῦτα
2690 475 3023 547 ἐμαρτύρει;
3068 473 3437 527 Σιωπάτωσαν
3470 474 3527 525 αἱ
3568 473 3750 541 γλῶσ-

490 579 710 648 linguze,
756 577 1051 645 loquantur
1085 581 1206 627 acta
1234 587 1333 626 :os
1374 572 1575 625 habent
1622 586 1710 624 res
1744 589 1756 623 :
1793 585 1895 623 nec
1944 585 2062 623 am-

493 671 635 739 plius
676 683 857 723 aerem
893 668 1193 737 pulsantes,
1229 678 1423 718 sanum
1469 663 1781 717 emittamus
1810 682 1822 716 :
1849 677 1911 716 os
1966 662 2064 715 ha-

492 761 621 815 bent
645 759 850 829 scripta
884 778 897 812 :
931 766 987 812 et
1021 757 1067 812 si
1100 771 1204 810 nos
1236 766 1534 819 taceamus,
1584 768 1690 807 non
1723 761 1906 807 tacent
1936 768 2064 817 res;

490 861 545 907 et
575 852 620 906 si
647 866 748 906 nos
777 853 1226 920 nonloquamur,
1251 862 1371 917 quae
1396 848 1598 916 scripta
1631 853 1781 911 sunt,
1807 861 1915 900 non
1942 860 2070 915 pos-

494 950 623 997 sunt
659 958 768 997 non
799 942 969 1012 loqui.

566 1035 734 1103 Igitur
767 1034 892 1102 quia
936 1033 1016 1086 sic
1049 1037 1176 1084 sunt
1210 1029 1341 1089 haec,
1390 1037 1442 1081 et
1472 1034 1591 1082 acta
1642 1026 1802 1081 ﬁdem
1848 1028 2068 1095 habent,

497 1131 552 1177 et
575 1123 820 1176 narratio
847 1130 1094 1175 actorum
1119 1134 1247 1172 vera
1268 1125 1374 1180 est,
1405 1128 1456 1170 et
1481 1118 1719 1170 clamant
1745 1117 1876 1185 ipsa:
1902 1118 2073 1172 actio-

496 1230 596 1268 nes
630 1215 681 1267 vi
707 1230 826 1274 sua,
859 1213 1113 1267 habuisse
1147 1224 1348 1278 corpus
1390 1207 1751 1274 Salvatorem,
1779 1216 1833 1262 et
1872 1223 2073 1277 corpus

500 1306 761 1370 mortale;
808 1313 861 1358 et
908 1303 1053 1372 quod
1101 1309 1325 1371 propter
1372 1307 1559 1353 nostra
1593 1314 1827 1369 corpora
1870 1314 2073 1369 corpus

500 1396 772 1465 gestavit:
800 1392 947 1464 quod
986 1392 1255 1460 reliquum
1296 1400 1399 1454 est,
1445 1389 1624 1443 simile
1673 1390 1869 1458 quwrit
1900 1408 1912 1443 :
1945 1405 2073 1459 pro-

502 1496 625 1554 pter
660 1500 760 1538 nos
794 1484 939 1539 venit
982 1484 1129 1537 illius
1164 1483 1414 1551 corporis
1450 1481 1536 1535 sui
1581 1478 1825 1544 ellector,
1875 1490 1929 1536 et
1976 1495 2075 1534 no-

503 1585 742 1628 strorum
776 1574 1020 1628 elfector.
1076 1570 1135 1626 Si
1165 1573 1312 1628 enim
1354 1572 1504 1626 aliud
1551 1571 1747 1627 fuisset
1777 1572 1929 1637 illud,
1980 1588 2079 1627 cu-

502 1683 620 1721 ram
650 1667 772 1721 aliis
801 1682 910 1722 non
938 1666 1283 1722 adhibuisset
1312 1667 1656 1737 corporibus.
1693 1666 1749 1720 Si
1784 1678 1965 1721 autem
1999 1666 2078 1720 la—

503 1766 651 1813 etum
694 1767 798 1823 est,
836 1768 891 1815 et
924 1759 1129 1814 factum
1169 1776 1199 1814 a
1230 1759 1364 1826 Deo,
1403 1759 1607 1815 factum
1656 1774 1784 1813 vero
1828 1768 1912 1814 cst
1947 1774 2075 1828 pro-

2168 583 2287 619 σαι·
2322 568 2651 622 λαλείτωσαν
2683 568 2740 620 αἰ
2768 565 3025 637 πράξεις’
3067 565 3243 636 στόμα
3286 563 3468 634 ἔχουσι
3509 565 3576 618 τὰ
3604 567 3751 636 πρά-

2167 674 2385 727 γματα·
2419 659 2636 729 μηκέτι,
2668 658 2762 710 τὸν
2804 658 2942 728 ἀέρα
2974 656 3285 729 κρούοντες,
3314 655 3405 707 τὸν
3449 650 3582 726 ἦχον
3611 658 3753 708 ἀπο-

2169 750 2474 821 πέμψωμεν
2494 767 2506 780 ·
2529 749 2701 821 στόμα
2732 750 2914 820 ἔχουσι
2939 747 3008 801 τά
3043 748 3399 819 γεγραμμένα
3422 764 3436 778 ’
3459 749 3563 800 κᾶν
3591 749 3754 817 ἡμεῖς

2172 843 2557 913 σιωπήσωμεν,
2575 843 2635 895 οὐ
2670 846 2849 915 σιωπᾷ
2872 844 2938 897 τὰ
2976 844 3275 914 πράγματα
3294 859 3307 872 σ
3331 842 3437 894 κᾶν
3469 844 3631 912 ἡμεῖς
3667 842 3742 913 μὴ

2169 933 2509 1006 λαλήσωμεν,
2545 935 2645 987 οὐκ
2684 934 2934 1004 ἀνέχεται
2968 933 3232 1004 μηλαλεῖν
3266 932 3336 985 τὰ
3370 932 3752 1004 γεγραμμένα.

2256 1026 2473 1096 Ἐπειδὴ
2500 1021 2592 1079 οὖν
2627 1025 2798 1078 ταῦτα
2833 1025 3006 1088 οὕτως
3032 1024 3167 1094 ἕχει.
3194 1023 3289 1077 καὶ
3321 1024 3511 1075 πισταί
3533 1026 3673 1075 εἰσιν
3698 1023 3754 1075 αἰ

2173 1122 2423 1194 πράξεις,
2450 1121 2545 1174 καὶ
2571 1119 2681 1173 τῶν
2712 1119 2968 1190 πράξεων
3004 1119 3283 1189 δυνάμεις,
3320 1118 3402 1170 ὅτι
3426 1116 3583 1186 σῶμα
3611 1112 3757 1186 εἶχεν

2171 1218 2201 1268 6
2228 1213 2441 1285 Σωτὴρ,
2472 1214 2568 1267 καὶ
2617 1213 2777 1283 σῶμα
2821 1212 3032 1283 θνητὸν,
3078 1212 3172 1264 καὶ
3212 1210 3370 1280 σῶμα
3409 1210 3635 1281 ἐφόρεσε
3668 1209 3759 1262 διὰ

2174 1306 2241 1360 τὰ
2268 1306 2515 1377 ἡμέτερα
2535 1323 2550 1337 ’
2574 1307 2634 1359 τὸ
2667 1306 2853 1376 ὅμοιον
2884 1304 3071 1358 λοιπὸν
3106 1303 3291 1375 ζητεῖ·
3314 1303 3439 1373 ἥκει
3462 1303 3527 1355 δι’
3556 1304 3705 1373 ἡμᾶς
3730 1304 3761 1354 6

2175 1400 2383 1451 ἐκείνου
2429 1398 2679 1469 ποιητὴς,
2732 1398 2827 1451 καὶ
2889 1396 2998 1449 τῶν
3058 1395 3342 1467 ἡμετέρων
3398 1395 3645 1464 ποιητής.
3695 1392 3761 1445 Εἰ

2175 1488 2283 1560 γὰρ
2336 1489 2521 1559 ἕτερον
2561 1484 2783 1560 (64)ἦν,
2838 1488 2940 1541 οὐκ
2988 1486 3053 1541 ἂν
3107 1487 3235 1557 περὶ
3287 1486 3489 1557 ἐτέρων
3550 1484 3761 1537 ἐκείνου

2177 1581 2436 1653 πρόνοιαν
2488 1582 2757 1633 ἐποιεῖτο’
2810 1582 2859 1633 εἰ
2902 1580 2958 1633 δὲ
3006 1580 3300 1648 πεποίηται
3334 1577 3438 1630 ὑπὸ
3469 1575 3625 1638 Θεοῦ,
3658 1592 3759 1628 πε-

2178 1672 2399 1744 ποίηται
2446 1672 2503 1725 δέ
2549 1672 2691 1743 ὑπὲρ
2739 1671 2917 1741 ἡμῶν,
2969 1669 3111 1741 ὑπὲρ
3154 1669 3263 1723 τῶν
3320 1669 3463 1723 ἰδίων
3502 1670 3760 1722 ἐποιεῖτο.

2181 1763 2298 1815 ’Ἰνα
2331 1764 2440 1834 γὰρ
2487 1762 2556 1816 τὰ
2589 1763 2698 1817 ίδια
2742 1761 2936 1815 ἑαυτοῦ
2986 1760 3156 1834 σώσῃ,
3199 1763 3374 1814 ἐκεῖνο
3405 1761 3652 1831 ἐποίησε,
3694 1760 3762 1828 τῇ

503 1859 625 1920 pter
668 1851 1002 1922 noszigitur
1053 1860 1276 1921 propter
1329 1852 1548 1921 propria
1602 1851 1783 1916 ﬁebat,
1852 1858 1910 1904 ut
1957 1867 2081 1921 quae

2194 1857 2391 1911 ἐκείνου
2438 1857 2656 1927 ποιήσει
2702 1856 2922 1909 πάντων
2972 1856 3080 1908 τῶν
3118 1855 3263 1907 ἰδίων
3312 1853 3408 1925 τὴν
3450 1851 3768 1923 ἐλευθερίαν

505 1944 724 2014 propria
752 1951 931 2007 erant,
975 1944 1127 1997 salva
1157 1953 1364 1999 essent.
1397 1944 1535 1999 Illud
1572 1942 1721 2006 fecit,
1766 1943 1913 1997 illius
1955 1942 2083 1999 eﬂ'e—

507 2036 690 2090 ctione
713 2036 955 2089 omnium
980 2051 1206 2090 suorum
1237 2036 1543 2091 libertatem
1569 2044 1852 2105 ope-ratus.
1885 2035 2085 2089 Gratia:

506 2125 673 2195 igitur
712 2125 979 2179 debentur
1029 2126 1076 2180 ei
1128 2126 1222 2196 qui
1281 2140 1514 2196 corpora
1553 2133 1743 2180 nostra
1797 2124 1923 2180 fecit
1954 2126 2085 2196 ;qui

506 2230 698 2271 eorum
734 2217 964 2286 ignavia:
1010 2227 1173 2287 atque
1207 2217 1440 2287 pigritiae
1469 2218 1750 2288 prospexit
1780 2226 1833 2272 et
1880 2233 2086 2271 consu-

510 2305 614 2361 luit
638 2322 653 2372 ;
676 2308 769 2375 qui
801 2308 950 2362 misit
985 2305 1183 2362 Filium
1226 2323 1387 2362 suum
1415 2308 1471 2362 in
1498 2323 1751 2378 corpore,
1784 2317 1839 2363 et
1884 2309 2088 2365 nostris

508 2399 835 2469 corporibus
866 2399 1063 2469 pignus
1097 2398 1283 2465 dedit;
1320 2406 1380 2452 ut
1429 2414 1541 2453 non
1566 2399 1678 2469 jam
1727 2400 1960 2469 amplius
1991 2398 2087 2453 lle-

508 2490 725 2539 ctamur
752 2495 807 2540 et
835 2486 988 2541 humi
1018 2502 1333 2553 cernamus,
1371 2489 1467 2543 sed
1507 2489 1681 2545 simu's
1711 2490 1839 2544 elati
1879 2499 1934 2544 et
1966 2504 2087 2544 ere-

508 2577 584 2631 cti
615 2579 1006 2635 communitate
1034 2596 1351 2653 corporum.

2183 1948 2574 2021 ἐργασάμενος.
2609 1948 2781 2019 Χάρις
2808 1942 2900 2001 οὖν
2949 1945 3028 2018 τῷ
3059 1945 3382 2016 πεποιηκότι
3424 1944 3492 1997 τά
3520 1943 3766 2014 ἡμέτερα

2184 2040 2445 2111 σώματα,
2498 2037 2578 2110 τῷ
2632 2039 3063 2111 προνοησαμένῳ
3134 2038 3229 2091 καὶ
3300 2035 3766 2108 ἐρρᾳθυμηκότων

2182 2131 2398 2195 αὐτῶν,
2454 2131 2547 2184 καὶ
2607 2131 2991 2185 ἀποστείλαντι
3049 2130 3139 2183 τὸν
3190 2129 3321 2182 ἰδιον
3385 2128 3511 2181 Υἰὺν
3560 2130 3617 2180 ἐν
3665 2125 3770 2180 σώ-

2187 2237 2339 2292 ματι,
2390 2220 2484 2273 καὶ
2536 2219 2790 2273 δεδωκότι
2840 2219 3112 2292 ἐνέχειρον
3161 2222 3277 2282 τοῖς
3326 2218 3617 2289 ἡμετέροις
3661 2212 3768 2269 σώ-

2192 2327 2377 2382 μασιν,
2406 2311 2493 2363 ἵνα
2542 2311 2739 2382 μηκέτι
2769 2310 3134 2381 κάμπτωμεν,
3185 2312 3280 2365 καὶ
3325 2310 3501 2380 χαμαὶ
3532 2307 3767 2379 ὁρῶμεν,

2189 2400 2326 2453 ἀλλά
2353 2394 2504 2471 ὦμεν
2534 2400 2837 2472 ἐπηρμένοι
2867 2403 2933 2471 τῇ
2968 2401 3222 2472 κοινωνίᾳ
3249 2400 3358 2453 τῶν
3392 2399 3681 2470 σωμάτων.

1807 2694 1940 2751 Car.
1982 2692 2099 2750 XX.
2143 2695 2450 2757 Conclusio.

581 2803 709 2858 Illos
751 2804 920 2874 Igitur
948 2813 1271 2874 acceptores
1314 2813 1369 2859 et
1409 2820 1633 2862 iauaces
1664 2805 1720 2860 in
1770 2806 1873 2862 hoc
1906 2807 2075 2862 etiam

520 2896 899 2960 attendemus,
951 2893 1097 2964 quod
1145 2894 1202 2947 in
1253 2908 1483 2963 corpora
1534 2895 1894 2961 invaserunt,
1938 2907 1993 2951 et
2032 2897 2091 2949 in

517 2999 722 3057 corpus
782 2985 1028 3041 auctoris
1081 2993 1527 3055 processerunt,
1587 3000 1652 3041 ac
1704 2994 1901 3041 contra
1938 3002 2094 3043 meo-

2260 2816 2636 2888 Εὑτελίσωμεν
2682 2814 2774 2871 οὖν
2824 2820 2918 2873 καὶ
2962 2822 3020 2875 ἐν
3065 2823 3243 2893 τούτῳ
3281 2823 3409 2887 τοὺς
3450 2824 3776 2892 ἀπατεῶνας

2192 2906 2453 2973 ἐκείνους,
2513 2909 2594 2962 ὅτι
2642 2910 2734 2964 καὶ
2775 2910 2915 2964 κατά
2960 2913 3068 2965 τῶν
3120 2914 3389 2985 σωμάτων
3431 2914 3774 2985 βεδαδίκασι,

2196 2997 2463 3053 καὶκατὰ
2506 2999 2601 3054 τοῦ
2653 3000 2891 3056 πλάστου
2938 3005 3308 3077 κεχωρήκασι,
3356 3007 3453 3060 καὶ
3497 3009 3639 3062 κατά
3680 3010 3779 3081 τῆς

516 3079 757 3135 nomiam
798 3088 854 3133 et
894 3076 1357 3147 dispensationem
1410 3075 1507 3134 Dei
1553 3077 1794 3148 linguam
1836 3082 2093 3137 extende-

2196 3090 2505 3162 οἰκονομίας
2549 3092 2643 3147 τοῦ
2697 3094 2832 3150 Θεοῦ
2878 3096 2979 3168 τὴν
3029 3075 3277 3166 γλῶτταν
3328 3099 3598 3166 ἐξέτειναν
3618 3118 3631 3131 ’
3684 3075 3781 3157 καὶ

516 3175 690 3236 runt;
726 3182 790 3224 ac
836 3178 1029 3223 contra
1075 3167 1384 3223 libertatem
1431 3175 1677 3225 nostram
1723 3170 1791 3225 ad
1829 3186 1993 3227 usum
2043 3182 2093 3229 et

2199 3180 2341 3235 κατά
2370 3183 2470 3254 τῆς
2503 3184 2816 3258 ἐλευθερίας
2849 3167 3006 3259 ήμῶν
3040 3188 3220 3243 λαλεῖν
3267 3191 3329 3245 οὐ
3369 3194 3776 3266 παρῃτήσαντο,

516 3260 964 3317 exercitationem
1001 3259 1198 3331 linguae
1231 3260 1377 3331 loqui
1415 3276 1527 3316 non
1560 3261 1954 3319 dubitaverunt
1986 3265 2093 3321 cir-

2195 3273 2430 3346 ἀγύρται
2468 3276 2611 3341 τινὲς
2655 3277 2807 3343 ὄντες
2847 3281 2942 3334 καὶ
2985 3282 3259 3353 ἀγοραῖοι,
3293 3259 3781 3356 ἄθροισμα-λόγων

517 3351 794 3405 calatores
836 3349 1062 3420 quidam
1103 3358 1158 3404 et
1201 3348 1644 3407 circumforanei.
1705 3350 2097 3423 Congessimus

519 3454 775 3497 acervum
835 3441 1128 3496 verborum
1188 3439 1479 3509 pravitatis
1522 3441 1728 3499 istius:
1778 3444 1907 3499 licet
1947 3446 2097 3500 enim

516 3548 585 3589 ex
621 3548 733 3588 uno
776 3531 925 3587 aliud
959 3548 1222 3590 accusare
1252 3552 1266 3601 ;
1304 3535 1415 3589 imo
1451 3536 1633 3589 omnia
1671 3534 1931 3607 deinceps
1971 3553 2097 3608 per-

517 3633 850 3694 sequentes,
916 3625 1101 3680 omnia
1166 3626 1380 3680 inutilia
1437 3634 1492 3679 et
1538 3626 1717 3680 aliena
1757 3627 2095 3685 existimare.

521 3714 733 3769 Idcirco
764 3730 867 3770 nos
907 3715 963 3769 in
1007 3730 1199 3771 omnes
1229 3732 1512 3771 sermones
1539 3717 1785 3787 ipsorum
1816 3718 2101 3791 hucusque

522 3806 766 3876 delapsi,
810 3822 877 3861 ne
913 3807 1344 3877 magnitudinem
1393 3809 1535 3863 libro
1588 3810 1964 3880 prmbeamus,
2005 3813 2101 3871 his

522 3897 791 3952 hactenus
821 3897 985 3953 dictis
1016 3899 1408 3965 terminemus,
1446 3899 1590 3954 facta
1626 3917 1693 3957 ex
1739 3904 1930 3973 paucis
1966 3904 2099 3960 alio-

524 4005 649 4046 rum
680 3990 1049 4057 indicatione,
1083 3998 1137 4045 et
1168 4006 1231 4045 ex
1267 3990 1432 4046 dictis
1487 3993 1638 4061 prius
1677 4008 1867 4048 eorum
1907 3995 2103 4051 confu-

526 4083 733 4137 talione
763 4081 1029 4137 conlecta.
1065 4082 1216 4154 Opus
1252 4091 1433 4157 autem
1460 4092 1543 4140 est
1574 4085 1861 4157 diligentia
1891 4089 2104 4144 studio-

528 4174 607 4231 sis
629 4215 645 4241 ,
676 4180 737 4228 ut
760 4189 951 4229 omnes
976 4174 1282 4245 praestigias
1308 4154 1647 4245 praetervecti
1674 4154 1837 4233 aures
1862 4188 2101 4246 servent,

527 4279 597 4319 ne
626 4279 655 4318 a
686 4264 955 4334 pravitate
983 4265 1272 4335 capiantur
1299 4282 1316 4333 ;
1354 4275 1412 4319 ut
1444 4266 1554 4321 sint
1586 4266 1846 4323 custodes
1879 4284 2103 4323 suarum

527 4355 743 4410 aurium
763 4395 777 4420 ,
811 4357 1008 4426 partim
1039 4372 1132 4411 eas
1165 4358 1474 4427 aperientes
1494 4398 1509 4421 ,
1561 4374 1685 4413 cum
1728 4374 1889 4417 verus
1924 4376 2105 4417 sermo

528 4447 712 4516 pulsat
742 4465 757 4511 ;
787 4448 984 4517 partim
1020 4449 1338 4505 claudentes
1360 4492 1374 4517 ,
1405 4466 1529 4504 cum
1565 4451 1737 4507 falsus
1762 4460 1817 4508 et
1846 4454 2102 4520 dolosus,

527 4537 816 4592 veritatem
845 4539 1111 4594 simulans
1140 4540 1383 4605 laborat,
1417 4549 1476 4596 ut
1508 4544 1564 4598 in
1599 4544 1860 4600 conclave
1906 4547 2106 4602 mentis

531 4625 821 4698 irrumpat.
855 4628 1003 4683 Multi
1033 4631 1177 4684 enim
1209 4631 1318 4685 ﬁcti
1360 4641 1415 4686 et
1460 4633 1703 4688 simulati
1744 4636 1965 4704 pulsant
2009 4653 2107 4691 au-

532 4734 655 4785 res,
683 4719 928 4778 dicentes
960 4741 972 4776 :
1023 4721 1134 4794 Ego
1176 4739 1293 4776 sum
1325 4722 1571 4778 Christus
1608 4725 1650 4789 ⁸,
1684 4733 1737 4779 et
1782 4728 1983 4783 multos
2012 4729 2107 4785 de-

533 4812 774 4883 cipient:
810 4812 953 4867 Unus
987 4823 1159 4869 autent
1194 4816 1339 4871 solus
1370 4816 1612 4873 Christus
1643 4818 1684 4885 ⁷,
1719 4820 1809 4889 qui
1848 4828 1933 4875 est
1973 4820 2109 4877 libe-

534 4909 707 4969 rator,
744 4917 946 4971 praeses
980 4903 1255 4968 victoriae,
1293 4904 1603 4971 beneﬁcus,
1631 4906 1724 4976 qui
1750 4906 2110 4976 dispositione

535 4995 749 5064 pulsat,
787 4996 878 5065 qui
911 4996 1216 5052 libertatem
1262 5000 1312 5052 in
1358 4999 1477 5069 ipso
1507 4998 1659 5054 aditu
1686 5000 1982 5064 conciliat,
2015 5000 2107 5069 qui

537 5085 701 5141 simul
733 5094 790 5141 ut
821 5088 1147 5156 ingreditur,
1198 5101 1420 5159 peccata
1455 5092 1735 5157 excludit,
1769 5093 1863 5162 qui
1919 5094 1975 5147 in
2026 5093 2111 5146 in-

538 5192 728 5247 gressu
773 5179 1066 5233 amicitiam
1107 5197 1231 5235 cum
1267 5181 1425 5238 Patre
1457 5185 1684 5249 tribuit,
1718 5184 1813 5255 qui
1863 5199 1990 5238 mox
2023 5184 2109 5237 in-

538 5270 789 5338 grediens
820 5279 1024 5342 tropaea
1063 5272 1116 5326 in
1154 5275 1332 5327 anima
1370 5277 1539 5345 ponit.

2197 3365 2463 3437 πονηρίας
2492 3370 2884 3441 συναγηοχότες
2907 3389 2921 3404 ο
2951 3371 3066 3426 ἐστι
3094 3373 3204 3445 γὰρ
3224 3374 3285 3427 τὸ
3318 3374 3375 3427 ἓν
3409 3377 3665 3447 ἐχόμενον
3690 3378 3782 3431 τὸν

2197 3458 2385 3530 ἕτερον
2414 3461 2689 3516 αἰτιᾶσθαι
2711 3478 2724 3492 '
2756 3463 2894 3517 ἀλλά
2918 3465 2991 3537 μὴ
3022 3469 3198 3521 πάντα
3223 3468 3420 3539 ἐφεξῆς
3447 3471 3778 3538 ἐπεξιόντας,

2200 3547 2380 3603 πάντα
2408 3551 2602 3622 ἀχρεῖα
2633 3554 2728 3608 καί
2772 3554 2979 3625 ἔκφυλα
3020 3558 3291 3628 ἡγεῖσθαι.
3340 3561 3440 3614 Διά
3484 3563 3644 3617 τοῦτο
3687 3566 3785 3620 καὶ

2198 3640 2362 3708 ἡμεῖς
2404 3642 2483 3704 εἰς
2526 3641 2739 3696 ἅπαντα
2785 3644 2942 3713 λόγον
2974 3646 3153 3700 αὐτῶν
3196 3649 3496 3713 κατιόντες,
3532 3653 3606 3724 μὴ
3652 3653 3784 3708 πολὺ

2205 3731 2378 3801 μῆκος
2417 3732 2785 3805 παράσχωμεν
2807 3736 2883 3808 τῷ
2921 3736 3085 3809 λόγῳ,
3117 3741 3279 3812 μέχρι
3312 3741 3516 3795 τούτων
3547 3743 3784 3815 στῶμεν,

2201 3820 2290 3875 διὰ
2336 3822 2444 3876 τῶν
2474 3823 2668 3893 ὀλίγων
2705 3827 2798 3881 καὶ
2835 3828 2902 3882 τά
2946 3829 3080 3884 ἀλλα
3121 3833 3514 3901 ὑποδείξαντες,
3558 3838 3653 3891 καὶ
3699 3838 3788 3893 διὰ

2202 3914 2310 3967 τῶν
2371 3916 2771 3987 προλεχθέντων
2826 3921 2917 3975 τὸν
2965 3922 3184 3994 ἔλεγχον
3248 3928 3780 3991 κατασκευάσαντες.

2217 4005 2558 4075 Ἐπιμελείας
2611 4009 2669 4062 δὲ
2722 4014 2834 4074 τοῖς
2886 4014 3191 4080 σπουδαίοις
3242 4019 3420 4089 χρεία,
3472 4019 3561 4071 ἴνα
3607 4020 3786 4071 πᾶσαν

2204 4097 2457 4165 γοητείαν
2507 4098 2963 4171 ὑπερϐεϐηκότες,
3013 4104 3284 4176 ἀλήπτους
3315 4106 3414 4169 τὰς
3462 4106 3631 4169 ἀκοὰς
3679 4108 3787 4160 ἀπὸ

2205 4186 2305 4257 τῆς
2356 4188 2620 4259 πονηρίας
2674 4189 3101 4259 διαφυλάξωσιν
3164 4193 3311 4256 ὅπως
3369 4193 3790 4263 κλειδοφύλακες

2207 4271 2308 4330 ὦσι
2335 4279 2442 4331 τῶν
2468 4280 2676 4334 ἑαυτῶν
2699 4281 2896 4349 ἀκοῶν,
2920 4283 3013 4335 καί
3045 4282 3122 4353 πῆ
3157 4284 3253 4353 μὲν
3285 4284 3678 4353 ἀνοιγνύοντες,
3701 4288 3791 4341 ὅτε

2208 4369 2392 4442 κρούει
2432 4373 2460 4424 6
2508 4372 2713 4445 ἀληθὴς
2758 4372 2943 4441 λόγος’
2986 4374 3059 4445 πῆ
3107 4375 3164 4427 δὲ
3208 4376 3609 4444 ἀποκλείοντες,
3643 4380 3732 4432 ὅτε
3762 4382 3792 4432 6

2206 4463 2407 4535 ψευδὴς
2433 4467 2526 4519 καὶ
2552 4467 3023 4536 πεφευακισμένος
3054 4469 3524 4539 σχηματιζόμενος
3542 4470 3641 4542 τὴν
3662 4472 3793 4543 ἀλή-

2212 4556 2360 4611 θειαν
2406 4557 2707 4611 εἰσϐάλλειν
2740 4560 2798 4611 ἐν
2844 4559 2922 4630 τῷ
2954 4562 3166 4633 ταμείῳ
3199 4563 3298 4632 τῆς
3343 4564 3583 4627 διανοίας
3629 4581 3795 4618 σπου-

2212 4648 2382 4713 δάζει.
2426 4649 2618 4704 Πολλοὶ
2649 4650 2758 4722 γὰρ
2791 4650 3162 4723 πεπλασμένοι
3198 4656 3291 4707 καί
3332 4656 3796 4727 ἐσχηματισμένοι

2213 4740 2310 4805 τάς
2351 4740 2555 4805 ἀκουάς
2593 4743 2869 4813 κρούουσι,
2917 4743 3196 4813 λέγοντες*
3243 4745 3391 4815 Ἐγώ
3431 4750 3547 4816 ειμι
3595 4751 3628 4801 ὁ
3659 4749 3796 4815 Χρι-

2215 4834 2379 4900 στὸς,
2410 4836 2504 4888 καὶ
2536 4835 2758 4900 πολλοὺς
2786 4836 3181 4907 πλανήσουσινο
3206 4832 3309 4903 Εἷς
3329 4837 3396 4890 ὑὲ
3411 4840 3598 4905 μόνος
3626 4838 3798 4891 ἐστὶν

2219 4921 2251 4972 ό
2282 4920 2555 4987 Χριστός,
2585 4924 2613 4975 6
2656 4921 3045 4992 ἐλευθερωτής,
3089 4923 3117 4974 6
3160 4920 3542 4992 τροπαιοῦχοςν
3576 4923 3605 4974 ὁ
3643 4922 3797 4991 εὐερ-

2219 5011 2452 5078 γετικὸς,
2480 5012 2508 5063 6
2535 5011 2771 5065 διαθέσει
2804 5012 3036 5085 κρούων,
3086 5013 3114 5065 6
3156 5012 3466 5084 ἐλευθερίαν
3498 5015 3562 5083 τῇ
3606 5013 3799 5081 εἰσόδῳ

2223 5103 2655 5174 μνηστευόμενος
2682 5124 2693 5135 ·
2742 5106 2770 5158 6
2808 5105 2925 5175 ἅμα
2967 5104 3045 5175 τῷ
3090 5104 3358 5157 εἰσϐαλεῖν
3397 5101 3674 5167 ἐξοικίζων
3701 5103 3800 5165 τὰς

2222 5191 2515 5261 ἁμαρτίας,
2562 5194 2590 5244 6
2634 5196 2690 5246 ὲν
2729 5197 2794 5266 τῇ
2832 5196 3021 5265 εἰσόδῳ
3050 5195 3146 5266 τὴν
3188 5194 3368 5263 φιλίαν
3405 5194 3505 5261 τὴν
3539 5195 3673 5265 πρὸς
3708 5194 3799 5245 τὸν

2222 5285 2443 5355 Πατέρα
2475 5286 2777 5350 ἀποδιδοὺς,
2811 5288 2839 5338 6
2889 5287 3229 5358 παραχρῆμα
3257 5288 3323 5356 τῇ
3354 5286 3542 5356 εἰσόδῳ
3577 5290 3643 5356 τῇ
3675 5288 3802 5339 ἐαυ-

2220 5380 2315 5425 τοῦ
2341 5380 2595 5447 τροπαῖα.

610 5532 633 5564 ⁸
674 5531 858 5589 Matth.
896 5551 1043 5600 utv,
1081 5535 1173 5589 ‘23.
1250 5536 1269 5564 ⁷
1314 5535 1329 5587 I
1367 5533 1494 5588 Cor.
1540 5551 1633 5588 vn.
1657 5575 1670 5595 ,
1708 5532 1779 5597 6;
1822 5531 1840 5585 Ι
1875 5531 2014 5586 Tim.
2050 5547 2086 5585 ιι
2111 5572 2129 5599 ,
2164 5530 2217 5585 5.

617 5691 728 5761 (δὲ)
768 5694 836 5744 El
868 5691 977 5761 γὰρ
1005 5692 1154 5760 ἔτερ.
1186 5691 1241 5747 ld
1271 5702 1375 5759 est,
1410 5693 1455 5749 si
1485 5708 1596 5748 non
1633 5693 1824 5750 fuisset
1857 5692 2102 5761 ejusdem
2143 5696 2355 5745 natura).
2378 5702 2601 5757 corpus,
2630 5685 2843 5742 scilicet
2869 5687 3190 5747 humanum,
3230 5681 3409 5735 anima
3465 5678 3804 5750 intelligente

547 5759 852 5826 praeditum.
878 5759 1063 5816 Tum.
