4138 6484
394 461 527 517 125⁸7

394 626 724 650 —.————\

491 738 557 790 TI
568 736 708 789 ΤΟΥ
736 729 1163 787 ΕΠΙΣΚΟΙΙΟΥ
1194 723 1385 780 ΚΑΤΑ
1423 722 1857 778 ΜΑΝΙΧΑΙΩΝ.

706 909 1013 973 ’Υπόθεσις
1043 903 1150 959 τοῦ
1181 903 1411 971 πρώτου
1434 901 1644 971 λόγου.

474 1025 532 1079 '0
561 1020 778 1094 πρῶτος
808 1017 1050 1089 περιέχει
1084 1015 1240 1085 λόγος
1276 1013 1495 1082 ἔλεγχον
1525 1011 1619 1066 καὶ
1649 1008 1957 1081 ἀνασκευὴν

392 1117 498 1172 τῶν
545 1115 776 1187 μάλιστα
832 1109 1139 1179 κεφαλαίων
1191 1106 1286 1162 τοῦ
1333 1106 1602 1177 δόγματος
1641 1103 1750 1157 τῶν
1788 1104 1961 1158 Μανι-

1372 449 1739 507 ADVERSUS
1778 447 2195 504 MANICILEOS
2235 448 2755 505 SUPPLEMENTA.

3493 446 3627 502 I238

730 605 3597 641 __________________________.______________________.___.

1982 722 2029 777 Α
2058 718 2247 784 TITI,
2292 718 2650 776 EPISCOPI‘
2696 719 3194 786 BOSTRENSIS,
3235 718 3629 777 ADVERSUS

2598 787 3089 846 HANICHxEOS.

2533 902 2915 973 Argumentum
2954 901 3076 956 libri
3115 917 3150 955 ι.
3192 858 3209 873 ι

2129 1013 2348 1071 Primus
2389 1014 2526 1071 liber
2566 1016 2814 1071 continet
2848 1014 3277 1073 confutationem
3327 1017 3631 1088 praecipuo-

2060 1120 2182 1161 rum
2224 1107 2463 1177 capitum
2513 1106 2777 1162 doetrinae
2824 1105 3287 1171 Manichaeorum,
3339 1122 3460 1178 qum
3504 1115 3633 1163 sunt

393 1206 579 1279 χαίων,
613 1203 690 1266 ὡς
734 1201 1029 1270 ἀλλοτρίως
1074 1200 1250 1270 πάντη
1293 1197 1430 1269 πρὸς
1467 1195 1566 1259 τάς
1608 1193 1751 1249 κατά
1797 1192 1959 1264 φύσιν

2070 1198 2281 1268 penitus
2328 1198 2548 1263 aliena,
2593 1206 2649 1254 et
2696 1214 2821 1254 cum
2880 1199 3269 1255 communibus
3316 1200 3631 1255 notionibus

393 1297 575 1362 κοινάς
603 1296 809 1359 ἐννοίας
834 1294 1087 1364 ἑχόντων.

686 1408 991 1472 Ύπόθεσις
1018 1404 1124 1459 τοῦ
1153 1402 1433 1473 δευτέρου
1464 1402 1668 1472 λόγου.

469 1523 529 1576 ’0
551 1521 800 1592 δεύτερος
825 1519 1219 1583 ἀποδείκνυσιν,
1248 1518 1325 1582 ὡς
1359 1518 1459 1571 οὐκ
1495 1516 1559 1571 ἔκ
1590 1533 1734 1581 τινος
1765 1515 1864 1586 τῆς
1892 1531 1957 1584 γε

396 1615 470 1687 μὴ
524 1614 690 1686 οὔσης
740 1614 975 1685 ἀνάρχου
1023 1612 1243 1675 κακίας,
1292 1611 1385 1665 καὶ
1425 1610 1674 1674 ἐναντίας
1712 1610 1791 1682 τῷ
1838 1608 1958 1680 Θεῷ

393 1703 567 1776 ἀρχῆς
626 1702 908 1775 ἄνθρωπος
972 1699 1315 1772 πλημμελεῖ·
1373 1699 1467 1754 καὶ
1520 1698 1596 1762 ὡς
1646 1697 1798 1751 οὐδὲν
1843 1698 1962 1751 κατ’

393 1794 579 1849 οὐσίαν
624 1795 681 1847 ὲν
714 1796 825 1857 τοῖς
865 1789 983 1846 οὖσι
1024 1792 1224 1845 κακόν
1275 1789 1399 1845 οῦτε
1434 1791 1537 1862 μήν
1580 1806 1662 1853 τις
1710 1788 1963 1859 ἀνισότης

396 1887 454 1940 ὲν
484 1888 592 1950 τοῖς
645 1885 765 1940 καθ’
819 1887 965 1957 ἡμᾶς
1015 1887 1159 1939 ἐστι·
1197 1884 1288 1938 καὶ
1336 1884 1411 1948 ὡς
1463 1883 1638 1955 μάτην
1693 1882 1787 1935 καὶ
1837 1879 1959 1933 λίαν

393 1976 604 2040 ἀσεϐῶς
649 1977 933 2042 κακίζουσι
978 1976 1076 2048 τὴν
1128 1974 1237 2029 τῶν
1288 1976 1425 2029 ὅλων
1473 1973 1802 2045 οἰκονομίαν.
1854 1970 1965 2025 Καὶ

2062 1295 2261 1344 natura
2293 1288 2475 1346 insitis
2507 1298 2562 1345 et
2591 1288 2906 1360 anticipatis
2935 1292 3256 1362 pugnantia.

2532 1399 2911 1470 Argumentum
2951 1399 3074 1454 libri
3112 1415 3169 1454 ll.

2137 1508 2421 1568 Secundus
2458 1511 2594 1568 liber
2627 1512 2787 1568 docet
2833 1521 2887 1568 ct
2929 1513 3224 1583 explanat,
3258 1530 3370 1569 non
3405 1529 3636 1584 peccare

2067 1600 2337 1656 hominem
2369 1617 2436 1657 ex
2469 1601 2704 1673 quodam
2736 1604 2879 1658 malo
2904 1612 3110 1658 aeterno
3136 1613 3192 1660 et
3221 1604 3339 1660 sine
3367 1607 3637 1676 principio

2066 1706 2131 1747 ac
2165 1690 2274 1747 Deo
2307 1695 2587 1749 contrario
2608 1733 2622 1758 ,
2657 1693 2804 1765 quod
2833 1679 3193 1764 quidem-non
3235 1706 3318 1752 est
3348 1716 3362 1751 :
3417 1705 3470 1753 et
3514 1700 3638 1753 nul-

2067 1783 2178 1837 lum
2212 1798 2333 1839 esse
2363 1784 2567 1838 malum
2601 1785 2900 1840 secundum
2931 1787 3293 1841 substantiam
3328 1788 3382 1841 in
3418 1787 3484 1844 iis
3514 1805 3637 1859 qum

2067 1883 2195 1930 sunt
2220 1893 2235 1943 ;
2266 1891 2364 1932 nec
2394 1876 2556 1930 ullam
2586 1878 3004 1948 inaequalitatem
3035 1879 3087 1933 in
3117 1883 3324 1936 nostris
3341 1880 3542 1949 rebus;
3573 1897 3638 1937 ae

2067 1982 2206 2021 vane
2234 1975 2289 2021 et
2320 1967 2476 2022 valde
2508 1968 2672 2038 impie
2694 1968 3139 2038 gubernationem
3170 1971 3408 2026 universi
3434 1954 3640 2042 impro-

393 2069 527 2133 ὅλως
551 2068 642 2124 τὸν
687 2070 813 2141 περὶ
857 2070 1118 2138 Προνοίας
1156 2068 1369 2122 ἅπαντα
1396 2067 1553 2136 λόγον
1582 2063 1968 2137 κεφαλαιωδῶς

2073 2059 2188 2113 bari
2219 2067 2273 2114 et
2302 2059 2647 2129 reprehendi.
2676 2060 2918 2131 Denique
2947 2076 3162 2116 omnem
3196 2062 3264 2117 de
3291 2061 3640 2120 Providentia

394 2157 807 2229 περιλαμϐάνει,
839 2158 1179 2222 ἀποδεικνὺς,
1228 2157 1305 2220 ὡς
1335 2157 1559 2227 οὐδεμία
1593 2156 1803 2226 ἀνάγκη
1836 2155 1960 2208 δευ-

393 2250 554 2315 τέραν
583 2249 702 2304 τινά
736 2250 828 2304 καὶ
845 2249 1089 2303 ἐναντίαν
1122 2248 1298 2321 ἀρχὴν
1333 2246 1413 2319 τῷ
1457 2245 1575 2318 Θεῷ
1601 2248 1665 2300 ὲκ
1687 2245 1795 2300 τῶν
1824 2261 1967 2317 πρα-

395 2342 620 2413 γμάτων
647 2341 912 2395 ὑπονοεῖν.

720 2455 1021 2521 Ὑπόθεσις
1050 2453 1155 2508 τοῦ
1197 2460 1395 2521 τρίτου
1440 2453 1648 2524 λόγου.

475 2564 535 2621 '0
578 2566 762 2637 τρίτος
809 2566 951 2637 ὑπὲρ
1002 2565 1098 2618 τοῦ
1153 2565 1318 2636 νόμου
1367 2566 1461 2619 καὶ
1513 2565 1621 2619 τῶν
1675 2562 1966 2638 προφητῶν

394 2661 627 2712 ποιεῖται
670 2659 845 2727 λόγον,
877 2658 954 2722 ὡς
1000 2658 1152 2730 παρά
1194 2657 1290 2711 τοῦ
1328 2656 1462 2711 Θεοῦ
1502 2657 1683 2726 πάσης
1712 2656 1811 2726 τῆς
1851 2657 1967 2711 Πα-

394 2750 551 2816 λαιᾶς
580 2750 854 2822 Διαθήκης
878 2749 1144 2821 δοθείσης.
1185 2751 1280 2804 καὶ
1316 2750 1392 2813 ὡς
1438 2748 1590 2803 οὐδὲν
1636 2747 1745 2802 τῶν
1779 2747 1967 2802 αὐτόθι

396 2843 799 2915 πεπραγμένων
825 2860 885 2896 τε
923 2844 1017 2897 καὶ
1042 2842 1379 2913 λελεγμένων
1418 2841 1638 2911 εὔλογόν
1680 2858 1801 2895 τινα
1846 2858 1971 2895 κατ·-

395 2934 621 3006 ηγορίαν
648 2933 761 3005 ἔχει
786 2934 878 2988 τοῦ
919 2935 1243 3006 ποιήσαντός
1267 2952 1327 2988 τε
1354 2934 1449 2988 καὶ
1472 2933 1802 3005 λαλήσαντος
1828 2950 1842 2963 ·
1875 2933 1971 2988 καὶ

395 3026 471 3090 ὡς
496 3026 705 3096 συνῳδά
728 3028 904 3082 πάντα
935 3030 1001 3099 τῇ
1030 3029 1205 3097 Καινῇ
1229 3026 1472 3099 Διαθήκῃ
1492 3042 1505 3055 ⁸
1528 3025 1605 3089 ὡς
1634 3026 1768 3096 μηδὲ
1788 3024 1972 3079 ἐντεῦά

397 3115 488 3170 θεν
514 3118 759 3189 ἀνάγκην
798 3113 959 3182 εἶναι,
986 3117 1246 3189 δευτέραν
1289 3116 1411 3170 τινά
1455 3116 1551 3171 καὶ
1587 3117 1839 3170 ἐναντίαν
1864 3117 1972 3189 ,ἀρ-

398 3208 499 3279 χὴν
529 3206 607 3279 τῷ
636 3208 755 3280 Θεῷ
785 3209 1051 3271 ὑπονοεῖν.

687 3324 991 3393 Ὑπόθεσις
1019 3326 1128 3381 τοῦ
1165 3328 1448 3396 τετάρτου
1478 3331 1689 3396 λόγου.

2072 2153 2495 2224 disputationem
2547 2146 2862 2213 summatim
2916 2159 3320 2230 complectitur,
3373 2157 3641 2228 docetque

2072 2247 2297 2302 minime
2342 2263 2565 2304 necesse
2613 2264 2737 2305 esse
2784 2251 3053 2321 suspicari
3103 2268 3170 2307 ex
3217 2255 3416 2315 rebus,
3469 2253 3640 2307 ullum

2071 2354 2195 2397 esse
2225 2341 2523 2396 secundum
2560 2343 2886 2413 principium
2910 2383 2925 2406 ,
2964 2342 3074 2399 Deo
3104 2345 3463 2407 contrarium.

2522 2456 2900 2527 Argumentum
2939 2458 3062 2512 libri
3102 2474 3183 2514 ιιι.

2144 2566 2363 2624 Tertius
2416 2568 2552 2624 liber
2604 2586 2703 2641 pro
2749 2572 2867 2639 lege
2915 2578 2971 2626 et
3028 2571 3313 2641 prophetis
3355 2567 3642 2643 disputat:

2073 2659 2274 2729 quippe
2318 2675 2442 2714 cum
2489 2667 2664 2715 totum
2695 2659 2865 2717 Vetus
2897 2660 3307 2719 Testamentum
3341 2680 3372 2719 a
3404 2662 3515 2721 Deo
3543 2664 3645 2720 da-

2073 2757 2187 2805 tum
2221 2752 2311 2817 sit,
2362 2759 2417 2807 et
2445 2752 2581 2807 nihil
2618 2768 2809 2809 eorum
2855 2769 2976 2824 quae
3009 2755 3063 2808 in
3099 2769 3166 2809 eo
3200 2755 3343 2809 facta
3377 2762 3471 2809 aut
3500 2755 3645 2811 dicta

2074 2848 2237 2907 sunt,
2282 2842 2620 2912 probabilem
2665 2844 3070 2900 accusationem
3118 2844 3240 2913 ejus
3281 2846 3374 2915 qui
3420 2843 3551 2900 fecit
3591 2852 3649 2901 et

2075 2933 2253 2999 dixit,
2296 2933 2537 3001 habeat;
2586 2934 2807 3005 sintque
2856 2935 3042 2989 omnia
3085 2950 3213 2990 cum
3260 2934 3411 2993 Novo
3459 2935 3643 2992 Testa-

2076 3033 2263 3081 mento
2294 3026 2695 3082 consentientis
2722 3046 2735 3083 :
2770 3033 2829 3083 ut
2863 3042 2966 3084 nec
2994 3042 3062 3084 ex
3092 3028 3197 3084 hac
3242 3039 3396 3099 parte
3424 3043 3651 3086 necesse

2078 3117 2152 3173 sit
2214 3118 2456 3189 cogitare
2505 3118 2728 3190 aliquod
2796 3119 3096 3176 secundum
3145 3120 3474 3191 principium
3541 3121 3653 3180 Deo

2077 3209 2435 3266 contrarium.

2536 3326 2917 3397 Argumentum
2956 3329 3079 3383 libri
3117 3346 3187 3385 Iv.

478 3435 539 3491 Ὃ
567 3437 823 3511 τέταρτος
853 3438 1061 3512 ἐξαιρεῖ
1085 3442 1179 3494 καὶ
1197 3439 1294 3512 τὴν
1332 3441 1541 3513 Καινὴν
1573 3439 1845 3512 Διαθήκην
1871 3439 1969 3512 τῆς

2148 3435 2389 3504 Quartus
2420 3436 2560 3493 liber
2600 3435 2811 3492 Novum
2852 3435 3264 3494 Testamentum
3311 3439 3379 3495 ab
3425 3439 3644 3495 illorum

398 3529 622 3585 lxaivwv
650 3531 792 3585 κατά
823 3531 958 3586 Θεοῦ
1004 3531 1372 3605 βλασφημίας,
1403 3534 1479 3598 ὡς
1522 3532 1643 3586 οὐδὲ
1695 3533 1832 3605 πρὸς
1875 3533 1974 3587 αὐ-

396 3621 494 3692 τὴν
524 3621 800 3687 παντελῶς
840 3623 1074 3694 ἐχόντων
1115 3624 1236 3678 τινὰ
1274 3625 1576 3692 κοινωνίαν,
1623 3626 1719 3680 καὶ
1749 3625 1827 3689 ὡς
1868 3625 1972 3696 μά·

320 3733 331 3739 ν
397 3726 498 3782 την
532 3711 874 3778 ἐκϐιάζονται
923 3715 1061 3788 μέρη
1095 3715 1158 3785 γέ
1189 3733 1313 3771 τινα
1349 3717 1553 3788 ταύτης
1588 3717 1726 3786 πρὸς
1770 3716 1971 3772 σύστα-

402 3818 485 3855 σιν
509 3803 608 3874 τῆς
627 3804 807 3859 αὐτῶν
831 3806 1085 3872 ἀσεϐείας
1103 3824 1118 3839 '
1154 3808 1246 3862 καὶ
1266 3808 1343 3873 ὡς
1372 3809 1405 3881 ή
1437 3808 1579 3863 κατά
1605 3810 1695 3863 τὸν
1726 3809 1970 3864 διάϐολον

398 3894 848 3971 ὑπόθεσιςρύδὲν
900 3900 1083 3963 αὐτοῖς
1130 3901 1442 3973 συναίρεται
1487 3900 1625 3973 πρὸς
1673 3899 1711 3956 ἃ
1755 3899 1973 3971 λέγουσι

399 3984 539 4039 κατά
571 3984 729 4042 Θεοῦ.

2076 3529 2416 3600 blasphemia
2454 3530 2509 3583 in
2543 3528 2711 3585 Deum
2743 3526 3015 3594 defendit,
3046 3538 3107 3584 ut
3138 3531 3233 3603 qui
3263 3532 3467 3586 nullam
3494 3547 3649 3602 pror-

2078 3637 2174 3679 sus
2206 3623 2644 3679 communionem
2674 3639 2799 3679 cum
2831 3638 2899 3679 eo
2935 3623 3195 3692 habeant,
3240 3633 3298 3680 et
3339 3624 3542 3681 [rustra
3588 3641 3651 3682 ac

2076 3727 2215 3769 vane
2257 3712 2523 3785 quasdam
2556 3720 2740 3785 partes
2773 3713 2894 3785 ejus
2919 3716 2987 3770 ad
3018 3716 3459 3772 constituendam
3494 3732 3651 3773 suam

2078 3806 2414 3877 impietatem
2467 3821 2566 3876 per
2611 3806 2722 3862 vim
2773 3806 3035 3875 trahant;
3087 3807 3344 3880 quodque
3398 3807 3452 3863 id
3506 3808 3652 3879 quod

2079 3897 2349 3955 diabolice
2381 3897 2711 3970 subjiciam,
2742 3899 2883 3956 nihil
2922 3915 3020 3957 eos
3059 3899 3216 3971 juvat
3258 3900 3329 3956 ad
3372 3915 3438 3957 ea
3484 3900 3655 3957 stabi-

2078 3987 2260 4045 lienda
2291 4002 2411 4059 qua:
2443 3997 2635 4043 contra
2666 3986 2836 4045 Deum
2868 3986 3079 4044 dicunt.

1577 4216 2457 4309 SUPPLEMENTA

401 4412 455 4472 E
494 4408 828 4473 Parandi:
856 4409 1321 4472 Damascenicis
1367 4405 1929 4488 Bupefuea-ldinis,
1981 4405 2057 4469 ad
2102 4406 2301 4470 libros
2322 4408 2407 4470 ιν
2438 4406 2741 4469 adversus
2780 4407 3159 4471 Manicheam
3187 4404 3316 4468 Titi
3349 4407 3656 4468 Bostren-

1811 4525 1903 4571 διε
1931 4524 2238 4588 episcopi.

804 4856 886 4913 Ea:
911 4854 1137 4913 Joannis
1171 4855 1486 4911 Damasceni
1506 4872 1650 4915 sacr.
1684 4857 1938 4919 Parallel.
1967 4861 2101 4929 Opp.
2134 4873 2262 4918 tam.
2297 4859 2364 4927 ιι,
2391 4877 2513 4931 pag.
2550 4857 2678 4922 765,
2706 4856 2841 4913 edit.
2886 4854 3070 4912 Paris.
3104 4856 3266 4911 1712.

408 5002 520 5058 Τοῦ
540 5001 711 5073 ἁγίου
754 4997 922 5073 Τίτου
947 4997 1283 5073 ἐπισκόπου
1306 4997 1587 5073 Βόστρων
1607 4998 1677 5052 ἐκ
1704 4999 1811 5056 τοῦ
1828 5001 1969 5057 κατὰ

2081 4999 2267 5059 Sancti
2299 5000 2407 5057 Titi
2456 4998 2686 5070 episcopi
2713 4995 3070 5073 ξυλίνου-ωτι,
3123 5009 3189 5049 ea:
3242 4992 3377 5047 liora
3420 5008 3438 5046 ι
3475 5002 3660 5051 contra

784 5068 1127 5138 Μανιχαίων
1161 5067 1348 5137 λόγου
1381 5073 1430 5121 α’
1456 5067 1588 5141 (65).

474 5183 598 5247 Πῶς
613 5175 727 5245 οῦν,
758 5178 886 5252 φῆς.
921 5178 1283 5250 ἀναστήσεται
1309 5180 1368 5233 τὸ
1408 5178 1589 5251 σῶμα,
1621 5181 1670 5234 εί
1715 5180 1852 5253 σὰρξ
1880 5182 1976 5236 καὶ

404 5270 543 5348 αἷμα
578 5272 850 5346 βασιλείαν
878 5268 1012 5325 Θεοῦ
1055 5269 1456 5344 κληρονομῆσαι
1494 5273 1556 5326 οὐ
1586 5272 1880 5340 δύνανται;
1912 5274 1977 5327 οὐ

402 5369 581 5423 τοίνυν
642 5366 779 5429 ἐστὶ,
837 5366 1019 5434 φασὶν,
1065 5363 1275 5434 νεκρῶν
1332 5364 1643 5428 ἀνάστασις.
1694 5364 1831 5420 Οὔτε
1863 5367 1979 5429 τοῖς

400 5459 659 5530 ἀνωτέρω
672 5456 759 5511 διά
775 5455 1031 5509 πλειόνων
1047 5454 1276 5525 λεχθεῖσι
1291 5455 1381 5509 τὸν
1404 5456 1528 5510 νοῦν
1548 5457 1608 5511 οὗ
1626 5458 1978 5529 παρέχουσιν,

400 5551 519 5607 ἀλλ’
538 5549 724 5621 ῶσπερ
751 5548 893 5610 τινὲς
933 5550 990 5601 ὲν
1016 5547 1296 5615 διαμοναῖς
1333 5548 1675 5619 πραγμάτων
1700 5547 1979 5603 ἀδικωτά-

403 5658 535 5706 των,
556 5642 617 5695 τὸ
645 5640 855 5702 ἑαυτοῖς
886 5637 1181 5710 προσφιλὲς
1209 5642 1289 5705 είς
1309 5639 1406 5711 τὴν
1432 5640 1689 5695 ὑπόνοιαν
1717 5641 1818 5712 τῆς
1846 5658 1982 5712 σφε-

2700 5065 3044 5121 Manicluros.

2153 5183 2385 5252 Quinam
2434 5179 2600 5252 igitur
2643 5176 2754 5242 ﬁet,
2799 5175 3005 5245 inquis.
3048 5181 3110 5229 ut
3135 5187 3335 5239 corpus
3376 5181 3662 5245 resurgat,

2079 5274 2128 5331 si
2156 5289 2284 5330 caro
2318 5278 2374 5328 et
2413 5270 2639 5341 sanguis
2683 5283 2913 5339 regnum
2940 5266 3035 5323 Dei
3069 5263 3354 5336 possidere
3382 5280 3494 5320 non
3532 5281 3663 5336 pos-

2080 5365 2240 5422 sunt?
2268 5374 2615 5433 nequaquam
2633 5359 2801 5429 igitur
2821 5363 2905 5413 est
2931 5354 3268 5411 resurrectio
3292 5361 3660 5410 mortuorum.

2081 5458 2178 5513 His
2198 5471 2319 5528 qua:
2349 5455 2605 5526 superius
2637 5452 2863 5522 copiose
2905 5449 3051 5504 dicta
3092 5453 3248 5511 sunt,
3272 5447 3516 5501 animum
3549 5462 3663 5502 non

2082 5549 2409 5612 advertunt;
2442 5545 2572 5610 sed,
2622 5544 2772 5599 velut
2809 5540 3031 5611 quidam
3083 5538 3446 5610 iniquissimis
3482 5538 3540 5593 in
3567 5555 3665 5594 ne-

2081 5639 2245 5711 gotiis
2278 5646 2727 5710 perseverantes,
2774 5634 2828 5689 id
2858 5631 3006 5705 quod
3042 5630 3145 5687 sibi
3210 5629 3275 5684 ad
3330 5628 3662 5700 impietatem

468 5795 579 5880 (65)
742 5793 1040 5880 ,τοξέαξὰ
1063 5798 1277 5880 {nam
1302 5794 1486 5880 λόγου
1510 5800 1584 5880 r3".
1608 5792 1960 5880 Nequaquam

2070 5808 2221 5880 {nunc
2273 5799 2493 5848 exstant
2564 5807 2633 5848 ex
2690 5787 3047 5848 translatione
3096 5783 3357 5844 Turriani
3384 5826 3402 5855 ,
3461 5786 3661 5862 reperi.

405 5861 521 5924 huic
549 5861 605 5923 in
633 5865 788 5923 libris
821 5861 929 5919 Titi
964 5861 1277 5921 Bostrensis
1304 5861 1490 5919 contra
1521 5861 1869 5931 Manicizwos,
1905 5872 1966 5919 ut
2072 5863 2335 5927 Leouzsx.

723 5956 987 6018 Ρλτιιοι..
1021 5955 1139 6017 Gn.
1172 5954 1403 6018 XVIII.

3345 5955 3424 6016 [ιο
