4138 6482
496 442 636 501 1259

1587 446 1724 503 TITI
1759 446 2190 504 BOSTRENSIS
2227 446 2529 503 EPISCOPI

3602 452 3736 507 ιτω

497 574 652 616 suam
675 558 917 614 arridere
954 558 1302 629 suspicantur
1328 599 1343 623 ,
1378 573 1486 613 non
1521 561 1669 630 quod
1699 562 1906 631 justum
1937 570 2051 624 est.

2165 561 2329 632 τέρας
2367 559 2644 626 ἀσεϐείας,
2678 560 2738 613 οὐ
2785 560 2844 613 τὸ
2889 559 3096 623 δίκαιον
3138 559 3438 632 αίροῦνται.
3473 563 3589 616 Οὐκ
3622 562 3736 618 ἐστι

494 651 722 720 eligunt.
757 649 897 704 Caro
922 651 1273 721 passionibus
1294 652 1528 708 obnoxia
1550 668 1658 708 non
1675 655 1943 725 resurgit,
1970 654 2058 708 in-

493 742 613 810 quit
646 741 978 811 Apostolus,
1015 758 1203 812 neque
1237 760 1487 799 crassum
1516 760 1717 815 corpus
1773 761 1881 798 una
1934 760 2058 800 cum

492 826 909 902 mgritudinibus
983 834 1100 890 suis
1165 835 1327 891 vivet.
1386 836 1651 903 Quocirca
1710 838 2057 907 perspicuam

492 924 810 993 quaestionis
842 926 1349 996 interpretationem
1412 927 1637 982 subdit:
1691 927 1823 982 Ecce
1868 941 2062 1000 myste-

491 1014 630 1066 rium
679 1013 822 1067 aobis
872 1013 1030 1068 dico:
1082 1032 1259 1070 omnes
1307 1016 1512 1086 quidem
1550 1033 1654 1070 non
1693 1017 2054 1083 dormiamus,

489 1104 580 1158 sed
610 1120 790 1159 omnes
814 1106 1215 1161 immutabimur
1252 1109 1294 1163 ⁸.
1339 1107 1495 1164 Unde
1543 1125 1645 1165 nos
1673 1112 1767 1180 qui
1802 1112 1935 1167 salvi
1974 1110 2059 1165 fu-

491 1196 599 1249 turi
629 1211 855 1261 sumus,
906 1202 1259 1254 mutationem
1309 1201 1695 1267 admittemus,
1735 1203 2058 1272 corporibus

489 1289 714 1342 meliore
764 1294 907 1342 statu
941 1304 1006 1343 ac
1045 1290 1360 1345 conditione
1415 1292 1655 1347 donatis.
1723 1293 1801 1348 Ac
1858 1309 2058 1363 corpus

489 1380 709 1450 quidem
760 1382 884 1446 erit,
922 1381 1065 1450 quod
1100 1382 1261 1438 nobis
1296 1386 1597 1441 mutatione
1639 1386 1732 1439 illa
1790 1386 2052 1441 dabitur:

489 1480 543 1523 at
572 1485 677 1524 non
723 1472 945 1540 perinde
1003 1488 1131 1527 caro
1176 1483 1230 1528 et
1288 1476 1511 1545 sanguis
1566 1491 1690 1530 cum
1743 1476 2058 1534 inﬁrmitate

488 1563 828 1631 complicata.
861 1562 979 1617 Non
1005 1565 1148 1619 enim
1171 1565 1275 1620 hoc
1306 1568 1424 1637 ipso
1446 1567 1590 1638 quod
1624 1584 1825 1639 corpus
1851 1570 2054 1641 aliquid

487 1655 577 1717 sit,
612 1654 743 1707 illud
774 1656 1032 1710 continuo
1071 1671 1198 1712 caro
1246 1674 1465 1732 quoque
1522 1668 1625 1716 est.
1662 1661 1755 1715 Sol
1787 1663 1947 1731 plane
2001 1670 2055 1717 et

485 1746 612 1799 luna
668 1754 723 1799 et
765 1747 943 1803 omnis
992 1748 1233 1804 cmlestis
1288 1752 1528 1806 chorus.
1584 1767 1784 1823 corpus
1832 1753 2055 1810 omnino

2165 655 2302 727 σὰρξ
2350 653 2603 725 ἐμπαθὴς
2656 652 3014 724 ἀνισταμένη,
3069 652 3235 723 φησὶν
3286 653 3316 705 6
3380 652 3734 719 Ἀπόστολος,

2161 746 2282 799 οὐδὲ
2324 746 2469 817 παχὺ
2527 744 2686 816 σῶμα
2734 739 2888 807 αὖθις
2934 742 3205 815 μετὰ,τῶν
3242 743 3429 797 παθῶν
3463 743 3735 798 πολιτεύε-

2160 856 2248 891 ται
2275 838 2404 908 (66).
2441 837 2531 890 Διὸ
2572 837 2766 906 ἐπάγει
2804 835 2946 907 σαφῆ
2982 834 3279 906 ἑρμηνείαν
3307 835 3407 905 τῆς
3450 836 3734 907 ἐπαπορή-

2162 949 2297 995 σεως
2317 946 2329 958 ·
2350 930 2494 985 Ἰδοὺ
2510 928 2849 999 μυστήριον
2873 926 3011 996 ὑμῖν
3040 926 3194 995 λέγω
3216 942 3230 956 ο
3267 924 3489 991 πάντες
3513 925 3632 995 μὲν
3663 928 3735 980 οὐ

2159 1022 2654 1090 κοιμηθησόμεθα,
2696 1019 2917 1085 πάντες
2949 1018 3018 1072 δὲ
3051 1019 3548 1088 ἀλλαγησόμεθα·
3593 1018 3733 1073 ὥστε

2163 1113 2462 1185 μεταϐολὴν
2482 1111 2675 1183 ἕξομεν
2708 1113 2756 1164 οί
2784 1110 3154 1181 σωθησόμενοι
3182 1108 3274 1161 ἐπί
3295 1126 3416 1162 τινα
3445 1110 3734 1180 κρείττονα

2162 1205 2429 1275 σωμάτων
2481 1205 2833 1257 κατάστασιν.
2887 1202 2998 1254 Καὶ
3059 1200 3219 1270 σῶμα
3260 1198 3360 1270 μὲν
3389 1198 3620 1253 ἔσταιτὺ
3668 1202 3734 1254 ἐκ

2162 1297 2461 1368 μεταϐολῆς
2490 1295 2760 1365 διδόμενον
2793 1296 2945 1365 ήμῖν,
2975 1294 3160 1347 οὐκέτι
3197 1292 3255 1347 δέ
3304 1291 3440 1363 σὰρξ
3473 1293 3567 1345 καὶ
3594 1288 3735 1365 αἷμα

2161 1388 2413 1459 ἀσθενείᾳ
2461 1386 2943 1459 συμπεπλεγμένα.
2973 1387 3046 1439 Οὐ
3095 1386 3203 1457 γὰρ
3232 1385 3358 1439 εἴτι
3390 1384 3569 1454 σῶμα,
3599 1386 3733 1440 πᾶν·

2157 1495 2265 1541 τως
2294 1479 2386 1531 καὶ
2437 1475 2592 1549 σάρξ.
2622 1477 2810 1539 ’Ἥλιος
2861 1475 2992 1543 γοῦν
3044 1474 3138 1528 καὶ
3184 1473 3379 1545 σελήνη
3426 1474 3519 1527 καὶ
3564 1475 3670 1537 πᾶς
3702 1474 3731 1526 6

2155 1568 2403 1639 οὐράνιος
2450 1568 2628 1639 χορὸς,
2671 1567 2829 1637 σῶμα
2878 1566 2976 1635 μὲν
3008 1563 3233 1617 καθόλου
3273 1563 3552 1633 τυγχάνει,
3597 1563 3734 1635 σὰρξ

2155 1659 2211 1711 δὲ
2235 1659 2507 1729 οὐδαμῶς.
2544 1658 2810 1729 Τοιαύτην
2839 1656 2959 1710 τινὰ
2987 1655 3130 1710 ἰδέαν
3161 1655 3388 1726 λήψεται
3421 1653 3480 1707 τὸ
3506 1654 3729 1707 ἀνιστά-

2165 1769 2324 1822 μενον
2350 1752 2528 1823 σῶμα,
2561 1750 2701 1804 ὥστε
2729 1750 2824 1814 τὰς
2852 1749 2960 1803 τῶν
2981 1749 3150 1817 ἁγίων
3178 1748 3355 1819 ψυχὰς
3389 1747 3732 1817 συνοικήσειν

484 1844 645 1901 sunt,
694 1854 1037 1909 nequaquam
1090 1851 1267 1895 autem
1328 1856 1477 1899 caro.
1538 1842 1819 1913 Ejusmodi
1886 1862 2051 1917 porro

2161 1842 2370 1915 σώματι
2400 1843 2604 1907 λοιπὸν,
2640 1842 2820 1895 οὐκέτι
2854 1858 2916 1911 γε
2939 1840 3403 1913 τροφῆςδεομένῳ
3439 1838 3732 1908 σαρκικῆς,

484 1931 719 1998 speciem
754 1934 1042 2002 quamdam
1076 1932 1293 1988 habebit
1325 1950 1525 2005 corpus
1575 1939 1719 2006 quod
1775 1914 2051 2010 resurget;

2156 1914 2335 1990 οὐκέτι
2362 1935 2418 1989 δὲ
2448 1935 2659 2007 ἡδοναῖς
2692 1952 2749 1987 τε
2808 1935 2900 1988 καὶ
2918 1933 3136 1996 λύπαις,
3170 1933 3264 1987 καὶ
3285 1930 3537 2002 ἀλγηδόσι
3577 1948 3731 2001 περι-

482 2022 557 2076 ita
594 2030 653 2077 ut
682 2037 993 2080 sanctorum
1026 2027 1222 2081 animae
1249 2042 1375 2082 cum
1408 2044 1639 2099 corpore
1672 2030 1929 2101 deinceps
1958 2033 2054 2085 hac

482 2113 674 2179 bitent,
700 2117 843 2186 quod
873 2118 1133 2172 alimento
1168 2120 1440 2189 corporali
1472 2128 1652 2176 tamen
1678 2122 1911 2192 amplius
1942 2139 2052 2178 non

481 2218 664 2277 egeat;
695 2211 826 2279 quin
858 2225 958 2264 nec
1008 2211 1063 2265 in
1097 2212 1514 2277 oblectationes,
1549 2229 1725 2284 neque
1768 2215 1825 2269 in
1881 2216 2053 2272 mole-

482 2301 615 2355 stias
643 2310 695 2356 et
718 2302 933 2359 dolores
968 2302 1206 2371 incidat;
1256 2306 1352 2359 sed
1383 2305 1439 2360 in
1468 2306 1655 2377 gloriae
1680 2322 1793 2362 suae
1823 2323 2052 2363 consor-

483 2400 590 2447 tem
619 2395 855 2449 animam
889 2394 1133 2451 divinum
1155 2396 1305 2451 illum
1330 2398 1538 2452 cultum
1578 2399 1850 2455 ullatenus
1872 2408 2051 2456 trans—

480 2485 639 2549 ferat,
674 2487 839 2542 linitis
867 2488 1283 2552 certaminibus,
1318 2496 1372 2543 et
1408 2489 1589 2544 anima
1617 2489 1840 2547 decreto
1872 2491 1964 2546 Dei
1994 2493 2047 2547 in

481 2576 724 2644 requiem
775 2591 929 2630 suam
978 2576 1245 2647 digressa.
1289 2576 1518 2648 Insuper
1549 2594 1677 2634 vero
1726 2580 1829 2635 hoc
1876 2589 2048 2636 totum

480 2666 653 2735 aperit
687 2674 739 2720 et
761 2666 1019 2732 elucidat,
1054 2683 1119 2723 ac
1148 2671 1572 2727 resurrectionis
1602 2674 1875 2729 rationem
1904 2676 2051 2731 edis-

479 2755 633 2816 serit,
672 2754 947 2811 dicendo:
990 2757 1257 2824 Quoniam
1303 2770 1503 2828 oportet
1547 2765 1892 2833 corruptibile
1958 2766 2051 2819 hoc

478 2845 693 2902 induere
720 2849 1197 2918 incorruptionem,
1230 2860 1280 2905 et
1312 2853 1534 2907 mortale
1563 2854 1659 2908 hoc
1699 2856 1916 2912 induere
1947 2858 2051 2911 im-

478 2940 862 2994 mortalitatem
895 2943 936 2997 ⁹.
984 2941 1125 2996 Hinc
1171 2958 1363 2998 verum
1421 2946 1493 2999 sit
1540 2946 1718 3002 illud:
1765 2945 2050 3018 Corruptio

478 3031 920 3099 incorruptionem
978 3030 1286 3085 haereditate
1328 3050 1431 3087 non
1479 3032 1673 3087 obtinet
1708 3034 1773 3088 ¹⁰.
1836 3034 1969 3089 Nam
2002 3037 2050 3092 si

479 3121 751 3191 quispiam
800 3122 903 3177 hoc
946 3123 1170 3188 diceret,
1200 3124 1345 3194 quod
1379 3140 1511 3181 caro
1540 3142 1645 3180 una
1684 3140 1811 3181 cum
1868 3127 2049 3184 insitis

480 3213 537 3267 in
575 3229 637 3268 ea
669 3213 1048 3270 aﬂ‘ectionibus
1084 3231 1410 3286 resurgens,
1459 3216 1732 3286 ejusmodi
1780 3219 1852 3273 sit
1880 3220 2044 3274 vitam

479 3314 690 3370 actura,
721 3313 781 3359 ut
818 3306 1006 3361 eadem
1040 3307 1203 3362 simul
1252 3323 1376 3362 cum
1419 3309 1598 3362 anima
1625 3309 1961 3380 perpetiatur
1994 3319 2047 3365 et

477 3404 637 3467 agat,
675 3398 872 3451 rationi
905 3408 1333 3456 consentaneum
1365 3417 1474 3455 non
1512 3409 1678 3465 esset,
1723 3401 1870 3470 quod
1903 3401 2048 3456 bona

478 3502 574 3558 spe
601 3496 835 3543 careret.
869 3486 965 3543 Sin
988 3505 1116 3544 vero
1171 3490 1304 3545 illud
1352 3491 1530 3561 ipsum
1585 3490 1940 3546 mutationem
1990 3492 2046 3545 in

478 3580 758 3633 meliorem
810 3586 864 3634 et
891 3579 1101 3635 felicem
1130 3588 1333 3636 statum
1382 3581 1622 3652 accipit,
1677 3582 1783 3636 hoc
1831 3580 2047 3652 egregie

477 3669 874 3726 demonstravit
911 3672 984 3726 ita
1020 3673 1245 3742 loquens
1277 3672 1559 3743 :.0portet
1606 3673 1745 3727 enim
1785 3675 2047 3741 corrupti-

478 3758 580 3816 bile
606 3761 701 3814 hoc
741 3761 957 3815 induere
987 3763 1456 3833 incorruptionem,
1490 3772 1539 3817 et
1568 3764 1789 3817 mortale
1837 3766 1933 3816 hoc
1961 3764 2046 3816 ino-

476 3850 636 3903 duere
686 3851 1155 3905 immortalitatem.
1208 3851 1362 3906 .lusta
1411 3852 1630 3923 quidem
1673 3855 2045 3909 remuneratio

475 3950 563 3996 est
594 3943 976 4010 instrumenti,
1027 3944 1171 4014 quod
1224 3944 1473 3999 laborum
1526 3945 1720 4000 animae
1774 3947 2046 4017 particeps

480 4033 618 4088 fuit:
650 4049 752 4089 nec
782 4050 913 4090 vero
941 4051 1002 4091 ea
1030 4036 1292 4093 damnosa
1320 4044 1406 4092 est
1432 4077 1447 4101 ,
1496 4052 1598 4092 nec
1629 4037 1912 4094 laboribus
1947 4041 2047 4094 ob.

478 4126 661 4183 noxia.
691 4127 855 4198 Atqui
909 4128 965 4183 in
1022 4127 1127 4184 bac
1159 4130 1314 4184 beata
1350 4130 1461 4184 vita
1491 4131 1627 4185 tales
1677 4146 1800 4186 esse
1852 4146 2042 4186 eorum

475 4220 572 4288 qui
608 4220 855 4274 salvandi
884 4227 1033 4287 sunt,
1072 4222 1283 4276 animas
1330 4228 1581 4291 oportet;
1633 4229 1696 4276 ut
1749 4229 2042 4292 cognatum

474 4307 697 4377 quidem
741 4309 845 4364 sibi
879 4324 1079 4379 corpus
1118 4310 1418 4380 recipiant,
1462 4325 1573 4365 non
1626 4322 1807 4366 autem
1862 4312 2040 4380 ipsum

2154 2030 2424 2090 πίπτοντι,
2452 2028 2565 2082 ἀλλ’
2613 2025 2672 2080 εὗ
2707 2027 2849 2098 μάλα
2886 2025 3125 2096 ὁμοδόξῳ
3154 2027 3221 2096 τῇ
3263 2024 3408 2095 ψυχῇ
3439 2023 3728 2095 προσάπαν

2150 2120 2249 2191 τὴν
2297 2119 2477 2174 ἔνθεον
2530 2119 2784 2191 λατρείαν
2819 2118 3086 2189 μηδέποτε
3130 2117 3482 2180 ἀνατείνοντι,
3518 2133 3731 2169 πεπαυ-

2155 2211 2329 2281 μένων
2374 2210 2483 2264 τῶν
2527 2209 2944 2280 ἀγωνισμάτων.
2974 2208 3070 2262 καὶ
3109 2208 3247 2280 πρὸς
3279 2207 3599 2261 ἀνάπαυλαν
3630 2207 3728 2277 τῆς

2151 2300 2327 2371 ψυχῆς
2382 2300 2872 2371 ἀνακεχωρηκυίας
2900 2298 3129 2369 δόγματι
3161 2297 3318 2351 Θεοῦ.
3362 2299 3483 2350 Ἐπὶ
3516 2296 3571 2350 δὲ
3601 2296 3726 2349 τού⁶

2148 2409 2262 2456 τοις
2284 2393 2567 2463 σαφηνίζει
2602 2391 2816 2445 ἅπαντα
2844 2390 2935 2443 τὸν
2966 2390 3141 2458 λόγον,
3160 2389 3360 2443 καὶτὸν
3391 2389 3592 2460 τρόπον
3630 2388 3730 2459 τῆς

2150 2485 2495 2549 ἀναστάσεως
2532 2483 2805 2554 ἐξηγεῖται
2833 2482 3005 2550 λέγων
3026 2500 3039 2512 ·
3080 2483 3208 2535 Ὅτι
3240 2480 3336 2534 δεῖ
3364 2480 3430 2534 τὸ
3465 2478 3741 2549 φθαρτὸν

2148 2578 2324 2632 τοῦτο
2335 2577 2703 2631 ἐνδύσασθαι
2720 2577 3084 2645 ἀφθαρσίαν,
3114 2573 3213 2628 καὶ
3237 2573 3305 2627 τὸ
3321 2570 3732 2639 θνητὸντοῦτσ

2146 2667 2513 2721 ἐνδύσασθαι
2537 2667 2892 2721 ἀθανασίαν.
2924 2664 3144 2737 Ἀληθές
3164 2664 3230 2719 ἂν
3246 2665 3329 2735 είη
3350 2663 3410 2716 τό
3424 2680 3438 2693 ·
3456 2663 3527 2717 'H
3537 2662 3734 2731 φθορὰ

2147 2761 2264 2830 τὴν
2288 2763 2628 2830 ἀφθαρσίαν
2667 2764 2739 2815 οὐ
2782 2759 3157 2828 κληρονομεῖ.
3210 2760 3275 2812 Εί
3324 2758 3422 2829 μὲν
3473 2759 3581 2827 γάρ
3636 2774 3725 2820 τις

2149 2853 2303 2907 τοῦτο
2326 2852 2526 2922 ἔλεγεν,
2556 2854 2636 2906 ὅτι
2673 2855 2706 2923 ή
2742 2852 2877 2923 σὰρξ
2903 2852 3019 2923 ἅμα
3059 2854 3180 2914 τοῖς-
3206 2849 3467 2919 ἐμφύτοις
3497 2849 3725 2903 πάθεσιν

2149 2942 2303 3008 αὖθις
2319 2946 2597 2998 ἀναστᾶσα
2627 2944 2876 3015 ζήσεται,
2909 2943 2976 2997 τὰ
3011 2942 3150 2997 αὐτά
3179 2943 3465 3013 πάσχουσά
3517 2958 3577 2995 τε
3632 2942 3728 2995 καὶ

2147 3035 2368 3106 δρῶμας
2395 3034 2529 3105 (66')
2561 3034 2676 3105 ἅμα
2696 3037 2761 3105 τῇ
2795 3033 2939 3105 ψυχῇ
2960 3074 2973 3097 ,
2998 3029 3066 3104 ἦν
3088 3033 3151 3087 ἂν
3186 3032 3375 3099 ἄλογος
3401 3032 3501 3085 οὑκ
3529 3032 3726 3102 ἔχουσα

2148 3127 2357 3199 ἀγαθὴν
2373 3126 2581 3179 ἐλπίδα·
2606 3131 2655 3179 εί
2670 3126 2727 3179 δέ
2746 3125 3044 3196 μεταϐολὴν
3060 3125 3190 3179 αὐτὸ
3204 3124 3268 3195 δὴ
3288 3124 3440 3177 τοῦτο
3463 3123 3727 3193 λαμϐάνει

2149 3216 2455 3288 κρείττονος
2482 3216 2576 3268 καὶ
2614 3213 2890 3284 μακαρίας
2918 3213 3100 3278 ἕξεως,
3146 3212 3282 3281 ὅπερ
3312 3208 3597 3272 δεικτικῶς
3628 3225 3725 3280 ση-

2152 3310 2353 3381 μαίνει,
2384 3308 2607 3376 φάσκων
2626 3324 2639 3336 ο
2673 3306 2772 3359 Δεῖ
2808 3306 2916 3376 γὰρ
2950 3304 3014 3358 τὸ
3049 3304 3312 3374 φθαρτὸν
3341 3303 3515 3357 τοῦτο
3547 3301 3724 3356 ἐνδύ-

2149 3404 2371 3457 σασθαι
2419 3400 2779 3469 ἀφθαρσίαν,
2811 3398 2908 3452 καί
2950 3397 3016 3450 τὸ
3041 3397 3261 3465 θνητὸν
3276 3395 3451 3449 τοῦτο
3472 3393 3727 3448 ἐνδύσα-

2149 3497 2289 3548 σθαι
2313 3490 2669 3547 ἀθανασίαν.
2706 3487 2899 3541 Δικαία
2920 3488 3016 3557 μὲν
3032 3485 3124 3540 τοῦ
3155 3484 3529 3555 συγκαμόντος
3559 3486 3727 3556 ἐργα-

2148 3584 2291 3638 λείου
2317 3587 2384 3655 τῇ
2411 3580 2556 3652 ψυχῇ
2591 3582 2624 3652 ἡ
2661 3580 2932 3642 ἀπόδοσις,
2971 3578 3072 3630 οὐκ
3109 3576 3400 3646 ἐπιζήμιος
3433 3575 3488 3627 δὲ
3518 3574 3611 3628 καὶ
3645 3572 3726 3627 ἐτι

2149 3671 2404 3732 ἐπίπονος
2447 3672 2641 3743 ταύτῃ.
2683 3670 2820 3724 Ἀλλ’
2857 3671 2914 3722 ἐν
2951 3666 3025 3739 τῷ
3063 3667 3315 3738 μακαρίῳ
3352 3664 3490 3736 (βίῳ)
3522 3664 3726 3729 ταύτας

2151 3763 2368 3817 ἔσεσθαι
2393 3763 2500 3817 τῶν
2540 3761 2859 3833 σωζομένων
2893 3759 2989 3822 τὰς
3010 3758 3184 3830 ψυχὰς
3232 3754 3591 3827 ἀπειληφυίας
3625 3753 3726 3827 μὲν

2151 3855 2212 3907 τὸ
2271 3854 2545 3926 σύμφυτον
2613 3855 2803 3917 αὐταῖς
2866 3852 3042 3922 σῶμα,
3078 3853 3139 3904 οὐ
3206 3850 3388 3921 μέντοι
3438 3847 3576 3919 βαρὺ
3630 3849 3726 3901 καὶ

2152 3947 2374 4016 γεῶδες,
2396 3948 2492 4001 καὶ
2526 3947 2792 4019 σαρκικῆς
2814 3945 3108 4017 ἐπιθυμίας
3131 3943 3318 4014 γέμον,
3349 3939 3600 4012 καθάπερ
3623 3938 3723 4010 τὴν

2151 4038 2345 4112 ἀρχὴν,
2389 4039 2479 4091 ὅτε
2529 4037 2593 4108 δὴ
2651 4035 2924 4107 προσῆκον
2952 4031 3020 4105 ἦν
3066 4033 3144 4103 τῷ
3181 4032 3352 4102 ἀγῶνι
3384 4030 3484 4101 τῆς
3523 4029 3724 4101 ἀρετῆς

2150 4131 2566 4201 ἐνευδοκιμῆσαι
2608 4128 2847 4191 ταύταις.
2892 4126 3098 4179 Ἀδικία
3147 4124 3277 4194 γάρ,
3305 4124 3353 4175 εί
3397 4121 3471 4192 μὴ
3500 4121 3560 4171 τὸ
3586 4134 3722 4187 συμ-

2149 4223 2391 4293 πονῆσαν
2421 4224 2485 4293 τῇ
2533 4221 2676 4291 ψυχῇ
2718 4219 2875 4290 σῶμα
2916 4216 3057 4271 κατὰ
3089 4215 3245 4273 τήνδε
3290 4212 3388 4281 τήν
3447 4207 3721 4262 πολιτείαν

2148 4310 2366 4382 ἀποδῴη
2396 4310 2809 4365 συναπόλαυσιν.

476 4415 641 4468 grave
659 4410 715 4456 et
751 4411 1047 4468 terrenum,
1098 4405 1444 4474 carnalisque
1476 4405 1793 4475 cupiditatis
1830 4406 2068 4474 plenum,
2110 4407 2572 4478 quemadmodum
2633 4414 2831 4471 antea;
2862 4403 3080 4474 quando
3106 4414 3303 4471 nempe
3345 4395 3724 4453 necessarium

475 4501 614 4559 erat,
668 4502 728 4550 ut
775 4511 898 4550 cum
951 4497 1031 4552 eis
1103 4497 1324 4552 virtutis
1390 4499 1691 4552 certamine.
1750 4500 2095 4568 probaretur.
2135 4500 2389 4570 Iniquum
2428 4497 2697 4568 siquidem
2730 4496 2944 4560 fuisset,
2993 4495 3039 4551 si
3087 4508 3293 4563 corpus
3323 4490 3470 4560 quod
3523 4488 3721 4544 animat

474 4585 722 4641 laborum
770 4587 826 4641 in
856 4588 1085 4658 hujusce
1115 4589 1238 4643 vitae
1266 4588 1638 4646 [unctionibus
1694 4605 1925 4646 consors
1955 4590 2079 4656 fuit,
2122 4595 2470 4664 prmmiorum
2498 4591 2619 4661 ejus
2651 4590 3010 4645 retributione
3043 4603 3154 4643 non
3179 4586 3496 4641 donaretur.

1872 4816 2012 4872 Ibid.
2043 4835 2165 4892 oag.
2201 4821 2324 4876 747.

475 4954 661 5010 Sancti
692 4953 798 5008 Titi
837 4952 1083 5023 episcopi
1101 4951 1418 5023 _Bos!rorum
1439 4991 1453 5014 ,
1484 4966 1547 5006 ea:
1592 4952 1725 5006 libro
1759 4967 1797 5005 ιι
1845 4959 2040 5007 contra
2074 4956 2117 5011 D

1068 5021 1417 5077 Manichznos.

552 5112 846 5168 Dicendum
900 5113 1064 5182 igitur
1103 5120 1208 5179 est,
1248 5112 1524 5167 hominem
1562 5127 1592 5165 a
1617 5112 1918 5168 Conditore
1955 5128 2043 5168 re-

472 5221 595 5261 rum
631 5206 684 5260 in
723 5206 887 5259 vitam
917 5203 1243 5275 productum
1296 5219 1439 5268 esse,
1482 5215 1541 5259 ut
1580 5207 1716 5259 nihil
1763 5206 1910 5260 aliud
1948 5222 2047 5262 ne-

473 5299 789 5369 gotiaretur,
832 5298 938 5352 nisi
996 5298 1251 5367 pietatem
1301 5311 1365 5351 ac
1400 5297 1688 5353 virtutem.
1736 5297 1832 5353 His
1890 5299 2039 5354 enim

541 5456 563 5487 ⁸
599 5453 620 5507 Ι
651 5453 780 5509 Cor.
812 5469 903 5521 xv,
938 5454 1027 5508 51.
1102 5455 1123 5486 ’
1163 5452 1294 5508 ibid.
1331 5453 1420 5509 53.
1497 5453 1542 5485 "
1580 5452 1713 5509 ibid.
1753 5452 1840 5509 50.

542 5609 654 5680 (66)
687 5607 1196 5680 ΠολιτσύετᾳιζΑη
1221 5604 1636 5680 πολιτεύσεταιῖ

543 5676 678 5748 (66')
710 5677 973 5748 forte‘lcg.
993 5676 1185 5748 ⁸δρῶσα
1220 5677 1379 5730 Enir.

1132 5744 1805 5831 frag‘inentumlreperitur
1836 5744 1888 5831 in
1922 5742 2028 5831 Pa-

471 5814 673 5873 ratletis
705 5816 847 5873 infra
874 5816 1078 5871 Littera
1108 5832 1165 5883 π,
1202 5814 1284 5870 tit.
1318 5831 1441 5882 xxv,
1488 5814 1574 5871 ubi
1612 5829 1712 5886 pro
1757 5816 2027 5887 ἐμπορευ-

2328 4953 2436 5009 Τοῦ
2465 4953 2636 5023 ἁγίου
2668 4952 2834 5007 Τίτου
2863 4948 3199 5004 ἐπισκόπου
3242 4947 3543 5013 Βόστρων.

2221 5110 2332 5183 (67)
2364 5110 2581 5184 Ῥητέον
2611 5109 2812 5172 τοίνυν,
2845 5108 2928 5161 ὅτι
2950 5105 3088 5177 πρὸς
3108 5102 3201 5156 τοῦ
3224 5098 3728 5171 δημιουργήσαντος

2150 5203 2179 5255 6
2217 5202 2503 5277 ἅνθρωπος
2547 5203 2627 5266 είς
2654 5202 2746 5254 τὸν
2780 5198 2892 5270 βίον
2925 5195 3201 5268 παρήχθη,
3250 5188 3725 5263 ἐμπορευσόμενος

2151 5297 2339 5368 ἓτερον
2386 5295 2601 5367 οὒδένῆ
2640 5294 2799 5367 μόνον
2848 5289 3129 5347 εὐσέϐειαν
3158 5287 3252 5341 καὶ
3290 5283 3507 5354 ἀρετήν.
3537 5279 3724 5334 Ταῦτα

2136 5604 2359 5673 σόμενος
2384 5597 3072 5674 ιοείιιιζ-ἐμπορευόμενος.
3097 5593 3432 5674 Ηωοοροιτο
3468 5603 3724 5674 spe‘ctare

2134 5662 2537 5744 noscunturfad
2565 5662 2770 5744 librum
2792 5683 2854 5731 ιι,
2883 5662 3136 5744 leguntur
3167 5662 3312 5744 enim
3352 5675 3518 5744 supra
3552 5662 3579 5733 ᾗ
3606 5679 3724 5744 _vn,

2132 5743 2376 5813 ejusdem
2408 5740 2531 5822 libri
2560 5739 2689 5796 :ubi
2716 5733 3137 5809 quoque'altera
3167 5733 3327 5809 lectio
3350 5733 3726 5807 tpaopcudps-

2132 5830 2221 5878 νος
2249 5818 2507 5868 oecurrit.
