4138 6430
443 415 572 471 1261

1354 419 1730 479 ADVERSUS
1765 424 2190 483 MAMCHEOS
2222 427 2739 487 SUPPLEMENTA.

3543 438 3680 493 i262

441 538 553 609 γάρ
608 537 984 609 κτησάμενος,
1041 538 1221 602 καλῶς
1277 540 1344 593 ἂν
1376 541 1684 613 διανήξαιτο
1729 546 1878 600 τόνδε
1928 546 2003 601 «ei

2123 550 2485 621 comparatis,
2548 559 2696 606 recte
2756 567 2927 605 atrum
2983 551 3131 609 istud
3193 554 3614 608 transmeaverit
3658 571 3679 612 :

442 630 588 703 βίον·
627 631 906 702 ἀμελήσας
942 631 999 685 δὲ
1054 632 1295 698 τούτων,
1331 635 1579 704 χαλεπῶς
1617 637 1683 691 ἀν
1729 638 2011 692 διαϐαπτι-

443 719 595 791 σθείη
630 720 996 793 πλανώμενος.

2019 839 2106 896 Ill.

2123 638 2170 692 si
2189 655 2224 693 ιι
2250 654 2382 696 vero
2409 641 2730 712 neglexerit,
2765 657 2948 699 errore
2975 659 3074 699 suo
3095 644 3244 716 gravi
3276 658 3406 699 casu
3431 644 3682 700 submers

2114 738 2237 798 gelu
2245 746 2291 783 r.

1837 952 1981 1012 Ibid.
2020 974 2141 1029 pag.
2177 957 2298 1012 788.

588 1052 705 1111 Τοῦ
748 1056 919 1125 ἁγίου
957 1062 1147 1125 Τίτου,
1178 1061 1245 1115 ἐκ
1289 1064 1395 1117 τοῦ
1423 1065 1558 1137 Περὶ
1588 1066 1869 1137 Προνοίας.

512 1253 623 1326 (68)
663 1255 806 1323 Πρὸς
849 1255 905 1309 δὲ
937 1259 1051 1321 τοῖς
1095 1257 1265 1313 ἅπασι
1298 1261 1405 1314 τῶν
1449 1264 1694 1335 συνήθως
1748 1266 1851 1320 ὑπὸ
1875 1266 2008 1331 Θεοῦ
2041 1283 2050 1293 ·

441 1338 741 1417 δεδομένων
791 1351 942 1419 κοινῇ
979 1351 1143 1403 πᾶσιν
1192 1351 1499 1424 ἀνθρώποις
1550 1357 1597 1408 εί
1649 1347 1886 1429 μηδεμία
1930 1359 2011 1423 τίς

442 1438 591 1491 ἔστιν
618 1438 706 1491 ὅτε
741 1438 1019 1493 συνέϐαινε
1052 1439 1305 1507 κώλυσις,
1343 1446 1483 1515 φορᾷ
1521 1444 1734 1513 φύσεως
1776 1448 1841 1502 ἀν
1866 1467 2009 1513 τινος

440 1526 817 1601 ἀμεταϐλήτου
851 1531 949 1601 τὴν
976 1532 1237 1604 χορηγίαν
1280 1534 1459 1588 αὐτῶν
1505 1535 1772 1609 ἠθέλησαν
1798 1538 2008 1612 ἀνθρωο

442 1636 569 1684 ποι,
602 1620 696 1673 καὶ
730 1621 827 1674 οὐκ
857 1621 943 1688 ἂν,
987 1624 1265 1695 δεχόμενοι
1300 1626 1491 1692 ταῦτα,
1528 1629 1687 1700 χάριν
1730 1629 2007 1700 ώμολόγη·

443 1726 541 1764 σαν
572 1710 650 1782 τῷ
680 1711 797 1783 Θεῷ
816 1754 831 1775 ,
869 1715 971 1767 οὐκ
1001 1713 1066 1767 ἂν
1091 1715 1147 1767 δὲ
1178 1715 1386 1786 ᾔτησαν
1418 1717 1651 1787 ἔχοντες.
1688 1720 2007 1791 Στεροῦνται

438 1801 728 1873 τοιγαροῦν
783 1804 953 1857 ἐνίοτε
1004 1805 1140 1877 πρὸς
1190 1806 1399 1874 ὀλίγον,
1447 1808 1532 1861 ἵνα
1586 1809 1877 1882 αίτήσωσι·
1914 1812 2006 1866 καὶ

2127 1071 2316 1126 Sancti
2341 1071 2470 1137 Titi,
2497 1085 2561 1124 ea:
2585 1068 2718 1124 libro
2735 1067 2810 1123 De
2839 1066 3203 1135 Providentia,
3233 1083 3297 1122 ea:
3317 1066 3448 1121 libro
3481 1080 3518 1121 ιι
3545 1081 3679 1124 con-

2672 1149 2758 1194 tra
2783 1138 3127 1195 Manichatos.

2194 1253 2397 1307 Praeter
2450 1253 2567 1308 haec
2623 1252 2828 1319 omnia,
2867 1251 2973 1306 nisi
3016 1266 3139 1322 qua:
3187 1265 3217 1304 a
3248 1249 3360 1305 Deo
3409 1226 3680 1304 universis

2114 1344 2432 1401 hominibus
2465 1345 2689 1415 perinde
2728 1344 2971 1415 concedi]
2998 1344 3201 1409 solent,
3234 1332 3524 1397 identidem
3575 1338 3680 1391 iin-

2117 1435 2291 1506 pediri
2319 1434 2664 1505 contingeret
2688 1433 2983 1488 immobilis
3017 1431 3304 1501 cujusdam
3349 1438 3557 1486 natura:
3578 1433 3681 1486 ima

2114 1532 2241 1596 petu
2270 1544 2285 1594 ;
2321 1527 2512 1580 horum
2544 1525 2880 1597 largitionem
2912 1524 3048 1578 nihil
3080 1533 3366 1577 curassent
3396 1522 3678 1586 homines,

2115 1632 2216 1673 nec
2255 1618 2324 1672 iis
2347 1617 2583 1673 obtentis
2622 1615 2733 1671 Deo
2764 1617 2966 1685 gratias
2997 1622 3237 1684 agerent,
3280 1626 3456 1684 neque
3484 1614 3680 1678 bonum

2114 1717 2399 1779 compotes
2456 1707 2608 1773 facti,
2648 1708 2922 1763 ullatenus
2961 1706 3434 1777 precarentur.Ad
3466 1713 3681 1776 tempus

2114 1800 2283 1871 igitur
2326 1798 2545 1870 aliquod
2592 1799 2752 1854 donis
2809 1799 3112 1870 privamur,
3166 1803 3226 1850 ut
3270 1804 3528 1864 exorent;
3557 1802 3682 1850 rur-

438 1891 681 1962 δέχονται
728 1890 918 1959 αὖθις,
966 1896 1051 1949 ἵνα
1092 1896 1249 1966 χάριν
1299 1896 1670 1970 ὁμολογήσωσι
1717 1900 1793 1971 τῷ
1844 1918 2003 1973 χορη-

2112 1907 2342 1961 sumque
2378 1891 2673 1961 accipiunt,
2726 1898 2783 1945 ut
2806 1891 3051 1961 largitori
3095 1892 3475 1955 conﬁteantur,
3513 1902 3681 1958 agno-

439 1989 645 2057 γοῦντι,
672 1987 1051 2057 γινώσκοντες,
1077 1990 1151 2052 ὼς
1193 1990 1355 2053 αὑτός
1383 1990 1447 2058 γέ
1488 1992 1633 2043 ἐστιν
1671 1992 1699 2045 ό
1730 1991 2003 2061 παρέχων,

2112 1989 2330 2036 sccntes
2352 1981 2531 2050 ipsum
2562 1996 2686 2037 esse
2718 1982 2811 2051 qui
2842 1982 3055 2046 tribuit,
3087 1997 3190 2035 nec
3223 1982 3448 2034 alteram
3480 1993 3676 2049 quam-

439 2078 537 2133 καὶ
564 2079 625 2132 οὐ
660 2079 820 2149 φύσις
846 2079 979 2150 ἄλλη
1023 2080 1107 2143 τίς
1139 2083 1254 2132 ἐστι
1293 2079 1443 2151 παρά
1467 2080 1556 2132 τὸν
1595 2080 1747 2147 Θεὸν,
1788 2079 2003 2151 ἀκριτός

2109 2074 2192 2129 vis
2221 2082 2417 2144 prazter
2450 2073 2615 2128 Deum
2647 2081 2897 2128 naturam
2927 2089 3080 2138 esse,
3114 2084 3236 2144 qua:
3274 2072 3680 2127 iudiscrimina-

439 2182 498 2222 τε
533 2170 627 2223 καὶ
666 2171 1099 2241 ἀμεταμέλητος,
1144 2173 1177 2241 ή
1225 2170 1555 2242 χορηγοῦσα.
1598 2170 1854 2224 Βούλεται
1886 2171 1943 2224 δὲ
1981 2173 2003 2223 ό

2109 2165 2205 2219 tim
2254 2172 2310 2219 et
2361 2165 2481 2220 sine
2527 2167 2849 2236 pmnitentia
2884 2167 3285 2221 subministret.
3321 2164 3449 2218 Vult
3494 2164 3680 2233 itaque

438 2258 572 2323 Θεὸς
600 2259 797 2314 εἰδέναι
822 2261 983 2331 χάριν
1021 2260 1188 2331 αὐτῷ,
1226 2262 1311 2314 ἵνα
1342 2260 1625 2332 ἀξιώτεροι
1663 2260 1756 2314 τοῦ
1797 2259 2003 2330 λαμϐά·

2110 2252 2254 2310 Deus
2282 2255 2385 2311 sibi
2416 2256 2647 2326 gratiam
2699 2256 2913 2321 haberi,
2938 2263 2999 2310 ut
3047 2256 3296 2311 homines
3328 2252 3563 2309 evadant
3590 2252 3679 2307 di-

438 2365 552 2403 vetv
599 2352 733 2422 παρ’
777 2350 941 2405 αὐτοῦ
976 2351 1256 2419 γένωνται,
1283 2352 1381 2422 οὐχ
1425 2352 1512 2405 ἴνα
1555 2368 1607 2404 τι
1648 2351 2003 2423 καρπώσηται

2114 2349 2335 2418 gniores
2365 2348 2455 2418 qui
2480 2348 2547 2402 ab
2571 2348 2688 2419 ipso
2714 2349 3007 2419 accipiant,
3030 2364 3139 2402 non
3164 2355 3222 2402 ut
3251 2346 3354 2401 sibi
3394 2345 3495 2415 ipsi
3528 2357 3680 2399 emo-

438 2442 520 2503 ιίς
558 2440 769 2494 ἑαυτόν.
808 2441 1064 2495 Βούλεται
1094 2442 1203 2514 γάρ
1231 2442 1300 2495 τά
1348 2441 1528 2511 ἀγαθὰ
1553 2441 1774 2503 τούτους
1815 2441 2003 2504 αίτεϊν,

2113 2438 2341 2494 lumenti
2369 2438 2646 2509 quidpiam
2678 2439 2885 2494 redeat.
2911 2435 3040 2493 Vult
3073 2438 3216 2492 enim
3241 2436 3458 2491 uthona
3483 2440 3674 2503 postud

439 2531 546 2594 ἵνα,
593 2531 890 2603 δεχόμενοι,
942 2533 1192 2605 αἴσθησιν
1235 2531 1329 2586 τοῦ
1385 2530 1744 2603 χορηγοῦντος
1786 2530 2000 2600 ἔχωσιν.

2112 2529 2247 2594 ient,
2296 2529 2495 2599 quibus
2529 2529 2773 2599 acceptis
2820 2530 3135 2599 largitorem
3179 2527 3441 2582 sentiant.
3468 2522 3680 2578 Gaudet

438 2624 634 2694 Χαίρει
676 2624 779 2694 μὲν
825 2624 934 2697 γὰρ
976 2624 1044 2678 τά
1076 2627 1205 2696 παρ’
1261 2624 1455 2678 ἑαυτοῦ
1507 2624 1703 2686 διδοὺς,
1745 2623 1923 2694 χαίρει
1949 2622 2003 2675 δὲ

2106 2620 2251 2675 enim
2275 2620 2455 2675 dando
2491 2636 2611 2692 qua:
2642 2638 2740 2677 sua
2774 2629 2938 2688 sunt;
2977 2620 3072 2676 sed
3103 2620 3302 2691 gaudet
3338 2618 3572 2689 amplius
3594 2616 3681 2671 dia

443 2713 642 2784 μᾶλλον
673 2714 844 2779 ἀξίοις
867 2714 1072 2779 διδούς·
1105 2715 1181 2778 ὼς
1220 2715 1320 2785 τῆς
1359 2712 1765 2786 φιλανθρωπίας
1806 2711 2003 2782 τρόπον

2111 2712 2233 2782 guis
2291 2712 2657 2783 impartiendo
2690 2729 2703 2765 :
2738 2728 2802 2767 ac
2835 2713 2882 2768 si
2927 2712 3238 2781 benignitas
3298 2709 3472 2780 ipsius
3515 2706 3680 2762 modo

437 2804 558 2857 τινὰ
602 2806 1046 2877 ἀτιμαζομένης,
1108 2798 1158 2859 εί
1212 2806 1287 2877 μὴ
1333 2804 1469 2878 πρὸς
1513 2802 1865 2875 εὐαισθήτους
1915 2800 2003 2869 γέ-

2108 2803 2825 2878 quodamdedecoraretur,
2857 2804 2965 2859 nisi
2991 2804 3044 2858 in
3085 2817 3181 2858 eos
3207 2802 3303 2857 oui
3328 2801 3468 2856 bene
3498 2796 3678 2855 aﬂ‘ecti

436 2906 602 2951 νοιτο.
2109 2874 2727 2963 ειιιιιῖίἷῦἶιειιὰετοιιιισῖ

2018 3032 2110 3090 ιν.

1825 3170 1967 3226 Ῑὺὶάε
2009 3188 2132 3244 pag.
2164 3160 2291 3227 783s

2027 3294 2071 3353 C.
2105 3287 2293 3344 Sancti
2324 3275 2453 3356 Iiti,
2483 3283 2698 3339 exlibro
2727 3282 2813 3356 D_e_
2833 3271 3199 3356 Providentia,
3218 3298 3281 3337 ex
3304 3270 3436 3337 libro
3480 3297 3517 3336 ιι
3543 3287 3679 3338 con-

613 3283 724 3339 Τοῦ
760 3282 934 3354 ἁγίου
964 3284 1152 3348 Τίτου,
1173 3284 1244 3339 ἐκ
1270 3286 1374 3341 τοῦ
1399 3286 1535 3359 Περὶ
1559 3288 1839 3359 Προνοίαςε

2105 3287 2293 3344 Sancti
2324 3285 2453 3356 Iiti,
2483 3283 2698 3339 exlibro
2727 3282 2801 3339 De
2833 3282 3091 3338 Providen

2648 3362 2733 3407 tra
2763 3353 3091 3408 Manichaeos

508 3458 619 3533 (69)
651 3460 765 3514 Ούκ
793 3459 984 3532 ἐχρῆν,
1017 3461 1092 3526 ὡς
1121 3460 1285 3526 ἔοικε,
1313 3462 1458 3517 κατὰ
1477 3466 1589 3529 τοῖς
1619 3464 1784 3518 πᾶσιν
1823 3451 2003 3537 ὺπάρε

435 3568 552 3621 χειν
585 3550 679 3604 τοῦ
716 3550 850 3605 Θεοῦ
883 3550 951 3605 τά
1002 3554 1276 3624 τεκμήρια
1297 3592 1312 3617 ,
1367 3554 1463 3607 καὶ
1493 3555 1585 3608 τὸν
1639 3556 1873 3628 ἄρῤητον
1910 3556 2004 3611 καὶ

435 3643 817 3715 ἀκατάληπτον
846 3643 970 3698 νοῦν
995 3643 1169 3714 πάντη
1190 3644 1465 3717 γνώριμον
1492 3640 1632 3700 εἷναι
1660 3645 1966 3718 ἀνθρώποις
1984 3664 1999 3677 ο

434 3732 568 3786 ὅπου
599 3749 663 3802 γε
697 3734 790 3788 καὶ
823 3732 1085 3803 βασιλέως
1117 3733 1400 3806 ἀνθρώπου
1426 3736 1518 3789 καὶ
1549 3736 1805 3808 ἄρχοντός
1835 3739 2001 3802 ἐστιν,

434 3825 517 3881 ὅτι
549 3824 621 3879 τὰ
648 3825 873 3882 πλεῖστα
907 3827 1015 3880 τῶν
1047 3817 1424 3898 βουλευμάτων
1454 3829 1775 3901 κρύπτεται,
1809 3832 1884 3896 ὡς
1910 3833 2004 3886 καὶ

435 3915 496 3969 τὸ
527 3916 898 3989 πραττόμενον
945 3919 1138 3989 ἄδηλον
1163 3915 1334 3984 εἶναι,
1366 3921 1472 3991 ὅτῳ
1509 3920 1652 3993 λόγῳ
1686 3923 1999 3994 πράττεται.

435 4006 510 4063 Ού
540 4007 716 4061 τοίνυν
767 4008 973 4079 θαῦμα,
1011 4010 1061 4063 εί
1109 4010 1383 4083 ἄνθρωποι
1431 4013 1506 4084 μή
1551 4014 1817 4085 χωροῦσιν
1868 4014 2004 4080 ὅλως

431 4098 532 4170 τῆς
555 4099 868 4172 διοικήσεως
895 4100 990 4156 τοῦ
1017 4102 1150 4157 Θεοῦ
1178 4104 1267 4157 τὸν
1299 4103 1476 4173 λόγον,
1507 4099 1590 4170 οἷς
1620 4107 1876 4178 ἁρμόττει
1909 4110 2002 4163 καὶ

433 4193 556 4265 δίχα
582 4194 675 4249 τοῦ
704 4196 1177 4269 πολυπραγμονεῖν
1207 4199 1452 4253 ὑπείκειν
1480 4218 1539 4254 τε
1570 4201 1663 4254 καὶ
1686 4201 1999 4272 ἡσυχάζειν,

434 4288 529 4341 καὶ
559 4287 758 4357 ἥκιστα
785 4290 1062 4361 ἀνταίρειν
1097 4292 1236 4346 κατὰ
1261 4292 1361 4363 τῆς
1390 4293 1632 4364 ἀῤῥήτου
1662 4293 1997 4365 διοικήσεως.

432 4377 700 4443 Πολλάκις
730 4379 840 4452 γὰρ
892 4382 1013 4435 οὐδὲ
1069 4383 1339 4454 τεχνίτην,
1380 4383 1554 4437 εἶτουν
1587 4386 1929 4457 οἰκοδομίας,
1966 4386 1999 4456 ἢ

432 4471 774 4540 ναυπηγίας,
829 4472 1283 4545 ἢ.χαλκευτικῆς
1333 4473 1628 4547 ἔμπειρον,
1697 4479 2000 4549 αἰδούμενοι

431 4564 938 4635 περιεργαζόμεθα,
993 4565 1250 4621 ποιοῦντά
1281 4585 1343 4637 γε
1376 4569 1437 4621 τὸ
1488 4572 1688 4623 οἰκεῖον
1737 4572 1996 4625 ἕκαστον·

429 4652 565 4707 ἀλλά
618 4656 683 4725 τῇ
741 4655 905 4727 πείρᾳ
934 4659 1501 4725 καταπιστεύσαντες,
1559 4662 1888 4734 ὲκδεχόμεθα
1938 4663 1999 4718 τὸ
2031 4650 2075 4706 Ῐ)

430 4745 589 4817 ἔργον
623 4746 769 4802 ἰδεῖν.
801 4750 955 4802 Ἔστι
986 4748 1043 4801 δὲ
1075 4748 1169 4801 καὶ
1208 4750 1297 4802 ὅτε
1335 4752 1685 4824 σφαλλομένῳ
1715 4756 1814 4808 οὐκ
1842 4756 1996 4809 ἐπαι-

431 4836 755 4908 σθανόμεθα.
804 4841 871 4893 Τί
914 4840 958 4892 δ’
991 4841 1055 4894 ἂν
1084 4843 1290 4912 εἴποιμι
1328 4845 1456 4914 περὶ
1497 4846 1596 4915 τῆς
1638 4846 1777 4917 ὑπὲρ
1820 4847 1995 4902 πάντα

426 4927 549 4981 νοῦν
590 4928 783 4998 σοφίας
810 4929 901 4983 τοῦ
932 4930 1103 4996 Θεοῦ;
1135 4931 1201 5002 ῆν
1224 4933 1488 5004 προσῆκε,
1522 4936 1615 4987 καί
1647 4935 1905 5001 νοοῦντάς
1932 4955 1994 4991 τε

426 5017 520 5070 καὶ
556 5018 631 5089 μὴ
663 5018 934 5085 νοοῦντας,
975 5021 1371 5093 ἐκπλήττεσθαί
1402 5040 1461 5077 τε
1502 5024 1594 5078 καὶ
1630 5025 1814 5095 τιμᾷν.
1843 5026 1907 5078 Ei
1937 5025 1995 5079 δέ

421 5124 527 5172 τις,
550 5109 640 5162 διά
661 5110 721 5162 τὸ
745 5111 818 5182 μή
844 5112 1283 5184 καταλαμϐάνειν
1310 5112 1401 5167 τὸν
1423 5114 1578 5184 λόγον
1600 5115 1713 5169 τῶν
1738 5116 1996 5171 πλειόνων

419 5199 529 5253 τῶν
555 5202 693 5272 πρὸς
716 5202 809 5255 τοῦ
844 5203 979 5257 Θεοῦ
1012 5205 1334 5277 γινομένων,
1364 5207 1586 5260 ἐκπέσοι
1611 5208 1746 5279 πρὸς
1765 5209 1993 5263 ἀτοπίαν

419 5293 518 5363 τῆς
567 5292 661 5345 τοῦ
708 5293 843 5348 Θεοῦ
895 5294 1053 5368 δόξης
1095 5297 1208 5371 (70)
1264 5296 1629 5365 ἀθλιώτατος,
1682 5301 1776 5353 καὶ
1830 5300 1989 5356 πάλιν

491 5448 603 5522 (68)
623 5449 811 5528 11on
834 5449 902 5504 δὲ
945 5450 1070 5528 τοῖς
1101 5451 1204 5528 ἂνξ.
1257 5451 1522 5528 Excerpta
1582 5462 1710 5528 sunt
1762 5454 1879 5528 haec
1927 5472 1996 5512 ex

419 5518 515 5596 lib}
547 5518 731 5596 tt_'_l‘iti
767 5520 1104 5596 .Bostrensis,
1160 5522 1189 5593 §
1234 5540 1323 5596 xv,
1372 5518 1461 5578 ubi
1512 5526 1717 5596 rectius
1775 5526 1993 5596 iegitur,

418 5590 556 5661 πρὸς
599 5590 657 5666 ξε
688 5589 930 5666 τούτοιςς
976 5600 1137 5663 atque
1162 5589 1260 5666 :ita
1305 5595 1499 5666 legisse
1559 5595 1770 5650 videtur
1829 5589 2001 5652 inter?

417 5658 567 5730 pEes.
602 5658 842 5730 Uterque
870 5663 1022 5717 locus
1044 5658 1378 5720 conferatur:

492 5728 606 5801 (69)
639 5728 766 5785 οὐκ
795 5730 1008 5801 ἐχρῆν.
1047 5750 1104 5787 κ.
1146 5750 1196 5788 τ.
1237 5733 1288 5790 λ.
1342 5734 1549 5793 Auctor
1598 5735 1992 5792 Paralletorum

418 5794 523 5854 leta
557 5794 944 5870 ἄθεοι-ἰοειΐεί
975 5794 1069 5858 lib.
1100 5819 1161 5871 ιι,
1195 5802 1224 5872 ᾗ
1259 5818 1452 5862 ιιινιιιε

2173 3469 2395 3527 Minime
2424 3476 2850 3526 consentaneum
2882 3474 3022 3535 erat,
3068 3471 3129 3522 ut
3149 3464 3385 3528 videtur,
3417 3463 3512 3520 Dei
3549 3480 3680 3520 ροιιὁ

2104 3562 2231 3621 Silia
2260 3562 2447 3633 pervia
2475 3559 2732 3615 omnibus
2772 3559 2921 3623 ﬁeri,
2952 3566 3007 3613 et
3054 3554 3490 3626 inexplicabilem
3526 3555 3679 3609 illam

2104 3665 2269 3726 atque
2333 3644 2941 3722 incomprehensibilem
2984 3657 3224 3703 mentem
3271 3646 3419 3702 omni
3463 3645 3678 3700 ratione

2104 3746 2426 3803 hominibus
2458 3743 2797 3815 exploratam
2836 3755 2998 3797 esse:
3035 3739 3256 3812 quando
3289 3740 3370 3795 vel
3413 3740 3558 3810 regis
3583 3737 3678 3809 qui

2104 3835 2272 3891 homo
2328 3843 2438 3899 est,
2472 3850 2534 3888 ac
2569 3832 2837 3903 principis
2876 3831 3137 3902 pleraque
3178 3829 3412 3885 consilia
3464 3830 3679 3884 occulta

2105 3936 2273 3993 sunt,
2309 3926 2384 3980 ita
2422 3935 2478 3979 ut
2510 3924 2804 3981 obscurum
2841 3926 2914 3980 sit
2937 3938 3101 3995 quam
3128 3920 3199 3977 ob
3230 3936 3450 3976 causam
3486 3919 3679 3991 agatur|

2103 4019 2158 4074 id
2188 4017 2335 4090 quod
2366 4017 2565 4089 agitur.
2600 4015 2748 4070 Nihil
2772 4015 2970 4069 mirum
3003 4013 3190 4084 igitur,
3222 4012 3269 4068 si
3300 4012 3551 4069 homines
3591 4002 3678 4067 di-

2103 4112 2246 4166 vinae
2278 4108 2697 4181 gubernationis
2733 4108 2998 4162 rationem
3033 4120 3143 4161 non
3193 4103 3444 4174 capiant;
3477 4104 3680 4176 quibus

2105 4205 2417 4270 conveniat,
2444 4203 2624 4274 posita
2674 4201 3017 4264 curiositate,
3060 4198 3254 4254 cedere
3300 4207 3352 4252 et
3378 4198 3675 4263 conticere,
3766 4188 3773 4191 Α

2103 4311 2206 4352 nec
2248 4309 2479 4366 prorsus
2512 4294 2777 4349 adversus
2817 4288 3091 4347 ineﬂ‘abile
3128 4291 3371 4360 regimen
3403 4290 3534 4345 illhd
3580 4291 3678 4346 οι)ὁ

2103 4403 2470 4444 murmurare.
2501 4384 2799 4441 Enimvero
2849 4400 2993 4454 saepe
3028 4379 3257 4448 accidit,
3291 4389 3351 4436 ut
3392 4385 3570 4452 neque
3608 4372 3678 4436 ab

2105 4479 2335 4544 artitice,
2384 4478 2501 4533 sive
2547 4474 2745 4532 domus
2777 4474 3074 4536 struendae,
3107 4473 3222 4528 sive
3263 4471 3689 4542 compingenda?

2104 4572 2284 4638 navis,
2313 4572 2430 4627 sive
2459 4570 2585 4625 atris
2647 4565 2909 4624 l‘undendi
2958 4567 3168 4638 perito,
3207 4564 3327 4634 ejus
3372 4565 3677 4619 reverentia

2104 4663 2311 4734 aliquid
2369 4663 2751 4733 inquiramus,
2778 4655 2907 4715 dum
2961 4657 3050 4713 ille
3072 4656 3303 4730 quodvis
3345 4660 3483 4728 opus
3516 4671 3676 4712 suum

2110 4757 2279 4823 facit;
2312 4754 2406 4812 sed
2445 4756 2566 4824 ejus
2595 4753 2950 4824 experientiae
3001 4752 3157 4806 tidem
3204 4749 3487 4813 habentes,
3519 4748 3678 4818 opilis

2104 4840 2250 4903 cium
2308 4848 2494 4902 videre
2552 4836 2955 4918 praestolamur.
3003 4843 3292 4909 Quinimo,
3346 4839 3677 4912 quandoque

2103 4939 2270 4994 etiam
2295 4939 2444 4993 illius
2473 4945 2656 4993 errata
2685 4952 2792 4992 non
2851 4935 3363 4991 animadvertimus.
3397 4925 3539 4998 Quid
3566 4933 3674 4985 ita;

2105 5045 2209 5100 que
2242 5029 2418 5084 dicam
2454 5028 2523 5084 de
2549 5026 2647 5083 Dei
2681 5027 2949 5097 sapientia
2970 5067 2984 5090 ,
3014 5042 3137 5097 quae
3166 5032 3402 5080 mentem
3456 5033 3674 5077 omnem

2101 5119 2355 5176 excedit?
2385 5135 2572 5189 quam,
2600 5119 2714 5174 sive
2753 5119 3140 5189 intelligamus,
3186 5117 3301 5172 sive
3342 5131 3449 5169 non
3473 5113 3676 5167 intelli-

2099 5224 2313 5284 gamus,
2347 5218 2447 5267 n‘os
2469 5210 2715 5281 oportuit
2740 5210 3000 5265 admirari
3045 5223 3109 5263 ac
3136 5207 3406 5263 venerari.
3441 5204 3595 5273 Quod
3626 5204 3673 5261 si

2100 5303 2398 5374 quispiam,
2431 5314 2496 5358 ex
2538 5318 2604 5358 eo
2637 5297 2781 5372 quod
2823 5302 3115 5356 multarum
3143 5310 3266 5371 quae
3297 5315 3327 5353 a
3378 5293 3488 5356 Deo
3516 5294 3673 5364 liunt,

2169 5456 2280 5527 (Ἱο)
2311 5457 2467 5525 Πρὸς
2492 5458 2748 5527 ἀτοπίαν
2777 5454 2886 5522 τῆς
2916 5455 3021 5527 τοῦ
3051 5453 3200 5510 Θεοῦ
3221 5455 3424 5524 δόξης.
3453 5454 3582 5525 Leg.
3609 5472 3671 5512 π.

2100 5527 2157 5599 ἀί.
2182 5526 2238 5582 τ.
2262 5526 2411 5599 κατά
2442 5526 2537 5581 τοῦ
2557 5527 2692 5580 Θεοῦ
2708 5527 2763 5599 κδ.
2794 5528 2949 5597 Apud
2982 5526 3384 5599 TiltthiDLll,
3416 5527 3670 5599 §AXXXIII§

2102 5598 2182 5652 sic
2209 5598 2427 5665 legitur,
2460 5598 2596 5668 πρὸς
2624 5594 2858 5660 ἀτόπους
2884 5595 3027 5668 κατά
3059 5594 3192 5649 Θεοῦ
3220 5595 3399 5668 δόξας.
3419 5594 3561 5668 Quae
3585 5612 3672 5668 re-

2101 5669 2244 5722 ctius
2277 5682 2441 5736 quam
2475 5665 2666 5722 Dillius
2707 5667 2782 5721 ita
2824 5667 3127 5723 reddidisse
3179 5665 3394 5721 videtur
3445 5665 3672 5720 'l‘urriaé

2102 5752 2257 5809 nus_:
2288 5735 2348 5792 Si
2375 5739 2582 5809 quia...
2616 5755 2717 5793 non
2746 5738 3063 5809 assequitur,
3087 5735 3296 5791 decidat
3326 5738 3381 5792 in
3409 5736 3673 5791 absurdae

2102 5806 2168 5862 de
2197 5807 2307 5864 Deo
2344 5808 2634 5865 winioncs.
