4138 6426
457 418 594 475 H65
1551 408 1689 465 'I'ITI
1723 405 2150 466 BOSTRENSIS
2193 400 2507 460 EPISCOPI
3571 385 3705 441 rem

452 535 722 587 rationem
764 544 875 584 non
901 528 1354 601 comprehendat,
1383 529 1447 584 in-
1479 529 1623 584 hanc
1648 529 1816 584 miser
1840 539 2025 581 vecor-
2055 536 2077 588 Α

2146 524 2355 594 ὶνόητος
2399 522 2429 574 ό
2475 516 2737 582 τοιοῦτος,
2787 514 2865 578 ὡς
2908 512 3046 583 αὐτῇ
3088 528 3150 580 γε
3178 508 3242 581 τῇ
3291 505 3562 578 τυφλὼσει
3611 503 3706 558 τῆς

452 625 596 680 diam
625 633 814 679 contra
845 620 943 678 Dei
996 623 1226 696 gloriam
1260 622 1464 689 cadat;
1517 630 1637 677 tum
1696 621 1789 676 ille
1828 632 2027 675 rursus

2146 615 2270 679 ἰδίας
2297 611 2535 675 διανοίας
2565 607 2747 680 ὁδηγῷ
2767 604 3063 680 χρώμενος.

449 716 742 771 amentiam
792 715 984 786 prodet
1031 730 1209 783 suam,
1243 730 1344 773 ceu
1389 714 1480 787 qui
1513 713 1771 770 obcaecati
1823 723 2022 767 sensus
2054 708 2141 761 sui
2165 707 2423 762 ducatum
2453 714 2741 778 sequatur.

2052 848 2115 906 V.

1846 976 1987 1033 Ibid.
2011 994 2132 1052 pag.
2171 981 2296 1037 785.

2177 1112 2292 1168 Τοῦ
2319 1110 2515 1182 .ἁγίου
2552 1109 2721 1165 Τίτου
2763 1106 3099 1182 ἐπισκόπίου
3149 1105 3432 1172 Βόστρων
3473 1104 3543 1157 ἐκ
3572 1101 3678 1156 τοῦ

2780 1179 2968 1248 λόγου
3001 1176 3070 1229 δ’.

520 1296 685 1353 Fides
708 1297 762 1351 in
798 1295 965 1352 Deum
1005 1296 1244 1368 cognitio
1300 1292 1395 1354 Dei
1435 1306 1541 1363 est,
1572 1313 1695 1370 quae
1728 1312 1793 1354 ex
1821 1296 2028 1352 visibili

2189 1281 2404 1348 ’Ἔστιν
2436 1293 2469 1364 ἡ
2503 1291 2647 1346 κατά
2682 1290 2818 1345 Θεὸν
2864 1290 3045 1354 πίστις
3081 1286 3280 1358 γνῶσις
3318 1285 3453 1342 Θεοῦ
3478 1329 3492 1354 ,
3525 1286 3614 1341 διά
3655 1303 3713 1341 τε

450 1401 702 1448 creatura
724 1405 1018 1460 rerumque
1042 1391 1378 1446 naturalium
1407 1392 1832 1465 cogitationibus
1850 1399 2026 1461 parta,

2146 1388 2237 1460 τῆς
2273 1386 2560 1460 ὁρωμένης
2591 1382 2950 1456 δημιουργίας
2970 1382 3065 1436 καὶ
3092 1378 3198 1435 τῶν
3230 1379 3470 1450 φυσικῶν
3496 1377 3714 1433 ἐννοιῶν

453 1498 580 1539 cum
614 1483 996 1538 benevolentia
1019 1474 1074 1539 et
1103 1500 1290 1542 amore
1319 1502 1449 1557 erga
1474 1487 1650 1556 ipsum
1688 1501 1783 1556 per
1804 1483 2029 1539 virtutis

2146 1478 2257 1553 μετ’
2303 1477 2519 1541 εὐνοίας
2550 1476 2645 1530 καὶ
2677 1474 2896 1546 ἀγάπης
2938 1473 3037 1545 τῆς
3091 1472 3226 1545 πρὸς
3249 1470 3411 1526 αὐτὸν
3452 1470 3572 1525 κατ’
3612 1472 3714 1523 έπ-

404 1622 416 1635 .
454 1591 518 1631 ac
540 1575 658 1629 vitii
687 1574 976 1631 scientiam
1009 1575 1186 1633 eidem
1219 1580 1533 1650 gratissima
1566 1588 1669 1633 est.

2146 1573 2376 1644 ιστήμην
2406 1569 2606 1643 ἀρετῆς
2636 1570 2732 1623 καὶ
2757 1567 2955 1632 κακίας
2982 1563 3350 1638 εὐαρεστοῦσα
3369 1562 3500 1635 Θεῷ.

449 1110 637 1169 Sancti
673 1111 783 1166 Titi
807 1113 1034 1183 episcopi
1060 1112 1429 1238 Βξοεξινιῖινιηη,
1462 1130 1528 1169 ex
1560 1113 1696 1169 libro
1738 1128 1795 1169 tv
1833 1122 2026 1169 contra

1114 1198 1235 1238 ante
1277 1199 1408 1238 mos.

1114 1198 1408 1242 οηιοηωοε.

847 1767 3685 1797 W

459 1778 845 1800 ~—-——-

1279 1953 1621 2040 ΤΙΤΟΥ
1672 1946 2346 2037 ΕΠΙΣΚΟΠΟΥ
2395 1940 2888 2031 ΒΟΣΤΡΩΝ

1860 2152 1969 2207 ΕΙΣ
2001 2150 2091 2203 TA
2128 2149 2305 2203 BAIA.

850 2436 1015 2499 TITI
1061 2431 1540 2498 BOSTRENSIS
1598 2427 1953 2491 EPISCOPI
2012 2423 2327 2487 ORATIO
2382 2423 2463 2485 IN
2516 2417 2796 2481 ΒΑΜοὸ
2849 2413 3320 2477 PALMARUM.

523 2674 565 2732 1.
588 2672 659 2731 Ut
688 2666 954 2729 immensa
975 2670 1230 2742 abyssus,
1249 2681 1517 2738 aquarum
1546 2663 1726 2721 fontes
1741 2663 1898 2737 copia
1917 2679 2039 2719 sca-
2068 2676 2077 2731 1

2209 2658 2426 2726 Ὥσπερ
2456 2652 2491 2724 ἡ
2526 2647 2835 2722 ἀμέτρητος
2871 2644 3107 2707 ἄϐυσσος
3154 2641 3308 2714 βρύει
3340 2637 3585 2710 ἀφθόνως
3621 2637 3718 2702 τὰς

461 2771 617 2835 turit,
664 2768 815 2841 iique
839 2766 957 2839 jugi
993 2767 1198 2835 impetu
1231 2759 1578 2820 decurrentia
1618 2758 1844 2814 ﬂumina
1883 2774 2035 2830 rege—

454 2873 584 2919 runt
613 2903 628 2928 ,
678 2876 801 2933 quae
847 2869 1049 2916 terram
1090 2857 1374 2921 obeuntia,
1427 2853 1676 2924 irrigent,
1719 2860 1781 2908 ut
1826 2852 1896 2907 iis
1942 2851 2034 2906 illa

457 2952 686 3023 irrigua,
718 2964 910 3021 panem
953 2948 1010 3002 in
1051 2947 1235 3002 cibum
1280 2944 1590 3008 fructilicet,
1630 2943 1926 3012 vinumque
1968 2941 2037 2997 ad

460 3044 706 3099 laetitiam
741 3040 1029 3097 hominum
1060 3054 1076 3104 ;
1108 3052 1280 3106 eaque
1313 3037 1393 3091 illi
1423 3048 1643 3089 annona
1676 3031 1856 3103 potiti,
1887 3030 2037 3086 Scri-

459 3144 635 3206 ptura:
668 3132 804 3188 illud
836 3131 1136 3202 adimplent
1178 3149 1192 3184 :
1240 3126 1411 3183 Edent
1446 3142 1701 3196 pauperes
1740 3132 1791 3180 et
1825 3133 2041 3178 satura-

458 3228 672 3291 buntur,
694 3233 743 3279 et
767 3221 1063 3278 laudabunt
1094 3221 1375 3277 Dominum
1400 3218 1492 3289 qui
1520 3216 1790 3287 requirunt
1817 3232 1937 3271 eum
1961 3214 2037 3279 “;

458 3321 542 3378 sic
578 3334 797 3391 quoque
839 3314 1133 3372 ineffabilia
1173 3312 1391 3369 Domini
1438 3310 1609 3367 nostri
1655 3305 1784 3364 Jesu
1833 3304 2037 3364 ChriStl

458 3413 793 3484 benignitas,
841 3425 909 3466 ex
954 3422 1069 3464 suae
1117 3406 1382 3463 bonitatis
1427 3418 1491 3458 ac
1533 3400 1888 3472 benignitatis
1936 3400 2039 3454 im-

460 3520 649 3559 mensa
680 3502 900 3573 abysso,
940 3504 1128 3555 sacras
1157 3496 1318 3553 nobis
1350 3492 1728 3550 solemnitates
1762 3491 1817 3546 in
1838 3490 2041 3562 quibus

459 3601 706 3652 nostram
750 3598 1011 3663 operatus
1052 3596 1137 3644 est
1187 3586 1452 3650 salutem,
1505 3598 1605 3640 ceu
1651 3583 1820 3640 fontis
1869 3596 2040 3637 venas

458 3685 682 3759 proﬂuit
715 3703 729 3740 :
762 3683 935 3745 sancti
975 3690 1156 3737 autem
1203 3679 1444 3751 Spiritus
1481 3677 1655 3751 gratia
1688 3678 1743 3732 in
1779 3676 2041 3732 solemni-

462 3778 670 3833 tatibus
698 3774 909 3840 eﬂicax,
940 3772 1132 3846 implet
1164 3772 1403 3844 ﬂuminis
1434 3771 1655 3840 impetus
1688 3772 1730 3803 “
1761 3790 1774 3824 :
1801 3767 2041 3825 deiferos

462 3869 656 3938 utique
696 3866 866 3931 viros,
916 3865 1217 3921 doctrinam
1256 3866 1522 3922 habentes
1568 3867 1623 3919 in
1668 3864 1901 3919 docendo
1960 3863 2040 3931 ¹³;

464 3958 557 4030 qui
580 3946 892 4029 dspiritalem
941 3970 1006 4010 ac
1045 3955 1368 4011 rationalem
1417 3952 1639 4007 humani
1675 3952 1890 4022 generis
1931 3958 2043 4005 ter-

2138 2747 2321 2820 πηγὰς
2353 2744 2464 2799 τῶν
2493 2741 2724 2802 ὑδάτων,
2752 2738 2847 2791 καὶ
2880 2737 2934 2789 al
2962 2734 3136 2807 πηγαὶ
3159 2731 3519 2788 ἀποὸλύουσιν
3548 2731 3718 2803 ἀκρα-

2136 2843 2333 2914 τήτους
2373 2832 2687 2905 ποταμούς·
2726 2831 2777 2883 ei
2817 2829 2875 2883 δὲ
2917 2826 3155 2898 ποταμοὶ
3193 2823 3584 2878 ἒπισκέπτουσι
3625 2821 3722 2893 τὴν

2116 2935 2264 3005 γῆν,
2292 2928 2387 2985 καὶ
2413 2926 2743 3001 μεθύσκουσι
2768 2921 2936 2991 αὐτὴν
2953 2960 2968 2986 ,
2991 2917 3085 2973 τοῦ
3115 2917 3533 2989 καρποφορῆσαι
3559 2914 3722 2985 ἄρτον

2139 3026 2219 3090 είς
2247 3022 2470 3095 βρῶσιν,
2494 3018 2589 3072 καὶ
2615 3012 2755 3069 οἶνον
2778 3015 2858 3077 εις
2887 3009 3225 3083 εὐφροσύνην
3250 3008 3358 3061 τῶν
3385 3005 3718 3079 ἀνθρώπων⁸

2139 3117 2189 3170 οἱ
2212 3113 2270 3168 δὲ
2302 3110 2578 3181 ἄνθρωποι
2602 3147 2616 3171 ,
2645 3102 3007 3164 ἀπολαύοντες
3026 3140 3041 3164 ,
3070 3099 3335 3172 πληροῦσι
3366 3097 3427 3150 τὸ
3470 3113 3721 3167 γεγραμ-

2144 3206 2304 3278 μένον
2327 3221 2341 3234 ’
2372 3199 2664 3270 Φάγονται
2708 3194 2998 3262 πένητες,
3034 3192 3132 3247 καί
3164 3189 3719 3262 ἐμπλησθήσονται,

2142 3298 2241 3353 καὶ
2264 3293 2583 3351 αἱνέσουσι
2621 3289 2841 3358 Κύριον
2868 3289 2922 3340 οὶ
2961 3284 3348 3353 ἐκζητοῦσιν-ες
3380 3280 3598 3337 αὐτόν’
3631 3278 3725 3333 οῦ-

2140 3407 2248 3454 τως
2293 3387 2389 3442 xa‘l
2430 3386 2464 3455 ή
2506 3384 2712 3453 ᾶφατος
2740 3377 3119 3451 φιλανθρωπία
3171 3374 3268 3430 τοῦ
3315 3374 3520 3448 Κιιςιίςιι
3566 3371 3725 3445 ἡμῶν

2153 3478 2330 3553 Ἰησοῦ
2362 3473 2599 3550 Χριστοῦ
2627 3475 2693 3527 ὲκ
2716 3473 2814 3545 τῆς
2839 3471 3147 3543 ἀμετρήτου
3179 3467 3415 3521 ἀϐύσσου
3450 3465 3551 3535 τῆς
3589 3465 3727 3533 ἀγα-

2143 3573 2366 3645 θότητος
2404 3568 2499 3623 καὶ
2528 3563 2937 3638 φιλανθρωπίας
2980 3556 3145 3616 αὑτοῦ
3176 3554 3414 3630 πηγάζει
3445 3556 3579 3629 ἡμῖν
3625 3555 3725 3619 τὰς

2145 3662 2304 3732 ἁγίας
2329 3657 2544 3732 ἑορτὰς.
2569 3658 2625 3711 ὲν
2652 3649 2739 3718 αἷς
2767 3654 2865 3724 τὴν
2898 3650 3172 3724 σωτηρίαν
3210 3649 3368 3721 ἡμῶν
3390 3647 3684 3721 εἰργάσατο
3707 3663 3722 3677 ο

2145 3753 2239 3808 καὶ
2269 3751 2432 3815 αὐτὸς
2461 3750 2556 3821 μὲν
2588 3744 2782 3818 ἑορτὰς
2807 3743 3046 3815 πηγάζει
3064 3759 3078 3772 ο
3120 3738 3154 3813 ἢ
3187 3740 3244 3795 δὲ
3267 3740 3427 3812 χάρις
3451 3736 3543 3792 τοῦ
3573 3736 3725 3807 ἁγίου

2145 3842 2285 3900 Πνεύ
2295 3858 2461 3915 ματος
2491 3843 2525 3912 ή
2557 3836 2854 3910 ὲνεργοῦσα
2895 3838 2953 3889 ὲν
2998 3836 3118 3898 ταῖς
3156 3834 3372 3906 ἑορταῖς
3417 3829 3492 3885 τὰ
3541 3827 3726 3898 ὁρμή⁴

2142 3953 2304 4010 ματα
2327 3933 2434 3989 τοῦ
2465 3927 2733 3999 ποταμοῦ
2761 3926 2984 3999 πληροῖ·
3017 3925 3159 3993 λέγω
3184 3924 3249 3996 δὴ
3281 3923 3408 3986 τοὺς
3438 3919 3731 3993 θεοφόρους

465 4065 582 4105 ram
617 4049 938 4111 lustrantes,
964 4045 1270 4102 Ecelesiam
1305 4052 1550 4103 sanctam
1584 4044 1885 4109 laatiiicent;
1913 4042 2042 4097 eivi-
2070 4034 2077 4070 ⁴

2146 4031 2346 4103 ἄνδρας
2369 4067 2384 4091 ,
2414 4025 2541 4087 τοὺς
2583 4019 2985 4077 διδασκαλίαν
3020 4018 3093 4071 ἐν
3123 4014 3202 4084 τῇ
3235 4012 3596 4079 διδασκαλίᾳ
3633 4029 3726 4065 κε-

466 4151 627 4196 tatem
654 4138 801 4195 illam
825 4136 978 4211 Regis
1009 4138 1189 4210 magni
1209 4137 1338 4195 Jesu
1369 4137 1573 4193 Christi
1612 4136 1675 4199 “,
1707 4135 1862 4205 juxta
1894 4132 2041 4204 quod

465 4234 728 4304 scriptum
752 4239 838 4288 est
873 4248 887 4285 :
923 4229 1190 4286 Fluminis
1222 4231 1445 4301 impetus
1470 4229 1744 4298 lwtiﬁcant
1776 4228 2041 4283 civitatem

467 4324 565 4381 Dei
595 4324 664 4380 ¹⁸.
702 4323 951 4380 Ecclesia
994 4323 1229 4393 denique
1274 4322 1548 4378 laetificata
1589 4336 1652 4381 ac
1700 4320 1967 4376 delectata
2012 4328 2041 4372 a

465 4416 797 4490 pinguedine
836 4414 1019 4473 cordis
1059 4414 1128 4480 ¹⁶,
1166 4422 1483 4486 regnantem
1508 4414 1564 4468 in
1594 4414 1712 4483 ipsa
1750 4410 2041 4467 Dominum

466 4509 649 4566 laudat
684 4517 848 4581 atque
873 4506 1159 4580 gloriﬁcat.
1179 4509 1291 4578 Age
1320 4508 1526 4578 itaque,
1556 4514 1616 4560 ut
1640 4515 1694 4561 et
1718 4505 1882 4561 hodie
1902 4503 2045 4574 quod

468 4597 588 4670 ipse
616 4599 684 4654 de
730 4614 788 4654 se
834 4599 954 4669 ipso
988 4614 1083 4669 per
1129 4605 1353 4652 sanctos
1400 4596 1696 4667 prophetas
1739 4603 1870 4649 sues
1909 4607 2051 4663 prte-

467 4691 625 4757 dixit,
645 4691 1125 4769 eloquamur..eam
1146 4705 1245 4760 pro
1256 4689 1399 4744 virili
1417 4696 1601 4744 nostra
1620 4694 1777 4759 parte
1802 4694 2046 4742 nostram

2150 4100 2456 4194 κτημένους
2481 4130 2495 4145 ·
2527 4113 2623 4167 καὶ
2662 4110 2817 4167 αὐτοὶ
2848 4108 3263 4163 ὲπισκέπτονται
3283 4104 3384 4175 τὴν
3409 4102 3604 4172 νοητὴν
3632 4100 3727 4154 καὶ

2150 4189 2375 4281 λογικὴν
2422 4208 2527 4279 γῆν
2575 4204 2675 4275 τῆς
2723 4200 3136 4272 ἀνθρωπότητος
3159 4235 3174 4260 ,
3200 4194 3581 4266 εὐφραίνοντες
3628 4189 3726 4262 τὴν

2152 4302 2315 4371 ἁγίαν
2354 4297 2717 4370 Ἐκκλησίαν,
2748 4294 2869 4364 ἥτις
2916 4289 3033 4343 ἐστὶ
3084 4289 3262 4354 πόλις
3303 4284 3414 4341 τοῦ
3457 4285 3728 4356 μεγάλου

2147 4393 2454 4463 βασιλέως
2506 4389 2682 4463 Ἰησοῦ
2725 4382 2997 4460 Χριστοῦ,
3027 4381 3168 4436 κατὰ
3205 4379 3265 4433 τὸ
3310 4377 3724 4450 γεγραμμένον

2156 4487 2267 4544 Τοῦ
2301 4482 2569 4554 ποταμοῦ
2598 4482 2671 4535 τὰ
2709 4477 3017 4549 ὀρμήματα
3052 4473 3443 4544 εὐφραίνουσι
3474 4469 3591 4537 τὴν
3619 4470 3730 4522 πό-

2148 4583 2254 4635 λιν
2281 4576 2388 4632 τοῦ
2416 4573 2587 4630 Θεοῦ.
2632 4573 2700 4626 Ἠ
2739 4570 2795 4624 δὲ
2835 4566 3160 4639 Ἐκκλησία,
3200 4559 3600 4636 εὐφραινομένη
3636 4559 3731 4613 καὶ

2148 4668 2454 4741 ἡδυνομένη
2487 4665 2595 4720 ἀπὸ
2620 4664 2870 4734 πιότητος
2895 4660 3146 4732 καρδίας,
3178 4659 3315 4711 αἰνεῖ
3344 4653 3439 4708 καὶ
3466 4651 3733 4720 δοξολογεϊ

467 4791 783 4839 scrutemur
826 4749 1056 4838 salutem
1099 4796 1262 4852 quam
1307 4780 1466 4835 nobis
1517 4781 1633 4834 Rex
1680 4785 1865 4834 noster
1911 4777 2051 4830 festa

2151 4763 2358 4834 Κύριον
2392 4760 2485 4813 τδν
2512 4761 2570 4812 ὲν
2607 4758 2744 4829 αὐτῇ
2781 4753 3146 4826 βασιλεύοντα.
3187 4749 3324 4821 Φέρε
3341 4747 3405 4819 δὴ
3440 4746 3533 4800 καὶ
3566 4744 3735 4852 σήμεζ

468 4874 574 4931 hac
613 4874 735 4930 luce
782 4874 1004 4929 molitus
1038 4881 1141 4930 est.
1195 4874 1307 4946 Age
1352 4871 1708 4944 exquiramus
1757 4870 2047 4940 cujusaam

470 4966 644 5037 gratia
675 4965 872 5038 Regem
895 4980 1020 5021 eum
1054 4965 1252 5021 nedum
1281 4965 1532 5019 homines
1557 4961 1921 5025 laudaverint,
1952 4958 2048 5016 sed

468 5068 525 5114 et
554 5057 811 5129 angelicae
836 5057 1089 5119 virtutes.

2156 4832 2256 4931 ρον
2281 4856 2486 4919 εἰπεῖν,
2516 4852 2545 4905 ὃ
2574 4849 3029 4924 προανεφώνησεν
3059 4842 3220 4906 αὐτὸς
3245 4840 3375 4914 περὶ
3410 4834 3606 4891 ἑαυτοῦ
3642 4832 3733 4931 διὰ

2153 4924 2264 5006 τῶν
2294 4948 2464 5018 ἁγίων
2497 4944 2665 5000 αὐτοῦ
2703 4941 3018 5016 προφητῶν,
3047 4936 3429 5010 ὲρευνήσωμεν
3466 4928 3604 5000 πρὸς
3634 4924 3733 5018 τὴν

2157 5046 2388 5115 δύναμιν
2428 5041 2587 5113 ημῶν
2629 5040 2728 5110 τὴν
2777 5033 3079 5106 σωτηρίαν,
3113 5031 3179 5101 ἦν
3211 5031 3241 5083 ὁ
3287 5024 3533 5115 βασιλεὺς
3574 5017 3732 5091 ἡμῶν

471 5114 967 5222 ἐπραγματεύσατο
995 5116 1130 5220 ἡμῖν
1169 5149 1227 5202 ὲν
1259 5147 1432 5220 ταύτῃ
1495 5149 1564 5219 τῇ
1627 5146 1788 5219 ἑορτῇ
1811 5161 1828 5177 ο
1891 5142 2022 5216 φέρε
2072 5138 2498 5210 κατανοήσωμεν
2556 5132 2742 5186 ἓνεκεν
2787 5127 2936 5191 τίνος
2993 5122 3217 5195 βασιλέα
3274 5117 3435 5173 αὐτὸν
3488 5114 3733 5185 ὕμνησαν

470 5241 531 5294 οὐ
569 5240 730 5313 μόνον
759 5240 807 5294 οί
840 5241 1139 5306 ἄνθρωποι,
1183 5240 1318 5295 ἀλλὰ
1351 5241 1447 5296 καὶ
1483 5240 1538 5293 αἱ
1579 5238 1871 5309 ἀγγελικαλ¹
1903 5235 2183 5305 δυνάμεις.

542 5332 607 5388 ll.
636 5332 817 5389 Causa
850 5335 1014 5405 igitur
1044 5334 1315 5405 ejusmodi
1346 5333 1571 5398 cantici,
1608 5335 1761 5404 juxta
1795 5331 1939 5402 quod
1971 5328 2051 5382 vi-

2146 5295 2153 5297 ?
2235 5323 2301 5377 Ἦ
2330 5322 2480 5377 αἰτία
2506 5315 2602 5373 οὖν
2632 5318 2748 5397 τῆς
2771 5310 3049 5386 ὑμνῳδίας
3073 5310 3107 5380 ἡ
3139 5300 3633 5405 ἐγερσιςᾎδαζάρρυ
3665 5295 3733 5370 ἦν

473 5423 726 5491 debatur,
773 5393 967 5481 Lazvari
998 5393 1287 5482 suscitatio
1318 5425 1442 5491 fuit,
1474 5393 1933 5497 quemadmodum
1975 5421 2053 5475 ait

2159 5417 2302 5471 κατά
2347 5415 2408 5469 τὸ
2458 5393 2807 5484 φαινόμενον,
2850 5402 3033 5467 καθώς
3078 5416 3209 5471 φησι
3252 5396 3314 5450 τὸ
3357 5393 3684 5497 Eua-insitio:
3716 5408 3729 5420 θ

479 5512 824 5586 Evangelium
863 5537 875 5571 :
912 5516 1288 5590 ﬂagitaverunt
1335 5526 1511 5571 autem
1539 5513 1738 5578 Judazi,
1770 5523 1828 5567 ut
1856 5521 1906 5568 et
1943 5508 2052 5566 La+

2172 5482 2646 5564 Ἐϐουλεύσαντο
2678 5502 2746 5556 δὲ
2783 5496 3081 5559 Ἰουδαῖοι,
3122 5493 3223 5547 ινα
3262 5488 3363 5544 καὶ
3402 5485 3510 5541 τὸν
3546 5482 3734 5544 Adfa-

474 5621 661 5660 zarnm
685 5609 1041 5680 inter/icerant
1060 5650 1075 5675 ,
1100 5610 1223 5681 quia
1248 5608 1403 5664 multi
1425 5617 1639 5680 propter
1661 5606 1809 5661 illum
1836 5603 2055 5658 abibant

2152 5621 2269 5673 por
2298 5598 2767 5655 ἀποκτείνωσιν·
2798 5594 2888 5647 ὅτι
2919 5585 3137 5644 πολλοὶ
3176 5583 3248 5638 δι’
3283 5580 3470 5637 αὑτὸν
3496 5576 3736 5647 ὑπῆγον

547 5759 591 5795 ﬂ
633 5758 778 5818 Peal.
815 5781 939 5831 ni,
971 5764 1061 5821 27.
1141 5765 1183 5798 ¹²
1207 5765 1352 5821 Psal.
1386 5780 1510 5832 ην,
1544 5764 1596 5819 5.
1678 5763 1721 5797 ¹³
1767 5759 1915 5817 Rom.
1946 5774 2025 5817 xu
2047 5800 2061 5827 ,

2146 5800 2149 5813 .
2229 5759 2267 5790 ¹⁵
2296 5756 2439 5813 Psal.
2473 5769 2616 5811 κινιι
2680 5753 2734 5809 6.
2811 5752 2853 5813 “f
2879 5747 3169 5807 PsalJLV,
3200 5744 3252 5803 5.
3333 5743 3377 5774 ¹⁶
3417 5737 3519 5797 Isa.
3556 5730 3731 5801 “,2.
