4138 6430
417 455 553 526 i265

1532 470 1790 528 ORATIO
1828 472 1894 528 ΙΝ
1937 471 2173 530 ιιΑιιοε
2210 474 2617 531 PALMARUM.

3524 486 3663 540 1266

416 583 533 640 τῶν
575 585 907 653 Ἰουδαίων,
946 587 1047 643 καὶ
1086 586 1410 641 ἐπίστευον
1450 588 1538 653 εἱς
1581 586 1689 639 τὸν
1730 585 1987 654 Ἰησοῦν.

2098 603 2164 641 ea:
2189 587 2423 655 Indicis,
2452 601 2500 644 et
2524 588 2801 643 credebant
2831 592 2883 644 in
2902 590 3083 647 Iesum
3121 595 3182 649 ".
3215 593 3280 649 Et
3308 595 3423 651 haec
3449 599 3668 670 quidem

416 679 527 732 Καὶ
552 678 697 750 αὕτη
728 680 877 734 ἐστὶν
914 681 949 752 ή
982 680 1132 733 αἰτία
1159 679 1259 749 τῆς
1290 677 1599 745 δοξολογίας
1638 677 1746 731 τῶν
1782 675 1991 730 πιστῶν
2015 700 2041 715 ο

416 772 558 825 κατά
603 771 667 825 τὸ
703 773 1056 845 φαινόμενον·
1089 772 1387 845 λεληθότως
1429 771 1485 824 δὲ
1533 772 1626 825 καὶ
1657 770 1914 843 κρυπτῶς
1957 770 1991 842 ή

416 866 632 938 ἐγερσις
668 867 847 938 πάσης
876 867 977 937 τῆς
1006 864 1351 937 ἀνθρωπίνης
1385 863 1618 934 φύσεως.
1662 862 1772 917 Καὶ
1804 860 1993 932 ὥσπερ

419 957 567 1030 [τοὺς
591 956 1025 1029 ἀνθρώπουςιτὺ
1049 957 1145 1010 τοῦ
1175 956 1427 1029 Λαζάρου
1455 959 1677 1027 σημεῖον
1713 957 1807 1009 καὶ
1837 954 1994 1026 ἐγερ-

418 1070 502 1116 σις
534 1052 717 1123 ἐκείνη
754 1052 1071 1124 ὑμνολογεῖν
1113 1051 1336 1124 ἐποίησε
1376 1052 1504 1116 τοῦς
1541 1050 1861 1123 ἀνθρώπους
1900 1050 1993 1104 τὸν

417 1142 623 1214 Κύριον
644 1182 659 1207 ,
693 1142 867 1208 οὕτως
893 1142 991 1199 καὶ
1016 1144 1144 1209 τοὺς
1170 1144 1361 1213 ἁγίους
1400 1141 1666 1212 ἀγγέλους
1695 1141 1993 1211 δοξολογεῖν

416 1234 801 1308 παρεσκεύασε
841 1234 904 1289 τὸ
956 1238 1179 1306 σημεῖον
1219 1234 1321 1305 τῆς
1359 1234 1630 1305 ἐγέρσεως
1672 1233 1853 1305 πάσης
1892 1233 1993 1305 τῆς

415 1326 762 1400 ἀνθρωπίνης
788 1325 1001 1396 φύσεως
1025 1342 1038 1355 ·
1070 1326 1164 1378 καὶ
1189 1326 1312 1380 ὅσον
1347 1322 1549 1396 μείζων
1577 1324 1611 1395 ἠ
1640 1324 1748 1377 τῶν
1778 1324 1993 1377 πάντων

416 1419 633 1489 ἐγερσις
664 1418 766 1488 τῆς
800 1417 1072 1490 ἐγέρσεως
1103 1415 1377 1490 Λαζάρου,
1411 1416 1663 1471 τοσοῦτον
1688 1416 1782 1470 καὶ
1808 1418 1841 1487 ἡ
1866 1414 1993 1480 δόξα

413 1511 537 1564 τότε
575 1509 885 1581 μειζοτέρα.
919 1509 1031 1563 Καὶ
1064 1511 1098 1580 η
1135 1508 1233 1579 μὲν
1258 1507 1562 1580 συνείδησις
1588 1508 1696 1561 τῶν
1724 1506 1990 1578 βοώντων,

414 1603 743 1674 ἐξισταμένη
776 1602 854 1674 τῷ
895 1601 1170 1674 θαύματι,
1209 1602 1380 1656 ἐκίνει
1409 1602 1607 1664 αὐτοὺς
1649 1599 1919 1665 δοξάζειν·
1956 1602 1992 1672 ἡ

414 1694 472 1749 δὲ
500 1694 620 1749 θεία
659 1695 941 1765 οίκονομία
989 1695 1088 1765 τὴν
1133 1693 1348 1767 ἔγερσιν
1382 1693 1496 1765 (71)
1539 1692 1720 1765 πάσης
1751 1692 1851 1763 τῆς
1896 1692 1991 1746 ἀν-

415 1785 693 1857 θρωπίνης
739 1788 955 1855 φύσεως
997 1784 1299 1855 λεληθότως
1342 1784 1513 1839 ἐκίνει
1555 1784 1618 1837 οὐ
1669 1782 1827 1854 μόνον
1864 1783 1990 1845 τοὺς

414 1876 735 1949 ἀνθρώπους
753 1918 768 1938 ,
792 1878 929 1932 ἀλλά
960 1878 1052 1932 καὶ
1079 1881 1206 1943 τοὺς
1243 1877 1536 1948 ἀγγέλους,
1573 1876 1871 1948 θαυμάζειν
1900 1876 1990 1929 τὸν

2100 680 2387 735 manifesta
2423 683 2565 736 ratio
2594 681 2920 736 laudationis
2954 684 3098 739 illius
3132 684 3366 741 ﬁdelium
3407 705 3422 743 :
3453 690 3669 744 occulta

2096 782 2277 827 autem
2308 786 2373 827 ac
2401 772 2643 827 abditior
2686 775 3018 829 resurrectio
3057 782 3149 855 est.
3168 778 3437 833 universa:
3459 788 3671 835 natura:

2101 863 2402 919 hominum.
2434 864 2516 921 Ac
2555 867 2700 921 sicut
2726 866 2940 937 signum
2964 864 3154 920 Lazari
3179 868 3403 940 ejusque
3434 872 3671 927 suscita—

2102 953 2177 1007 tio
2206 953 2489 1008 hominum
2534 954 2747 1011 animos
2788 954 2856 1009 ad
2887 955 3265 1011 celebrandum
3304 960 3534 1015 canticis
3563 959 3670 1015 Do-

2096 1042 2303 1097 minum
2335 1044 2632 1108 excitavit,
2664 1045 2745 1099 sic
2773 1055 2826 1099 et
2848 1045 3063 1116 signum
3098 1047 3398 1103 suscitandi
3429 1051 3667 1107 universi

2096 1135 2322 1192 humani
2350 1137 2567 1208 generis
2601 1137 2823 1208 angelos
2848 1147 3071 1195 sanctos
3092 1140 3160 1194 ad
3190 1141 3517 1197 laudandum
3548 1159 3672 1214 per-

2094 1228 2287 1284 movit.
2318 1228 2591 1295 Quantum
2625 1244 2757 1285 vero
2786 1229 2956 1285 totius
2991 1230 3365 1288 universitatis
3391 1233 3669 1290 hominum

2095 1320 2452 1385 resurrectio,
2503 1318 2696 1374 Lazari
2748 1320 2914 1376 unius
2965 1322 3316 1379 suscitationi
3372 1326 3669 1397 pmcellit;

2096 1416 2309 1463 tantum
2372 1425 2592 1480 quoque
2658 1410 2831 1483 gloria
2885 1424 2951 1465 ac
3003 1410 3245 1467 laudatio
3301 1412 3355 1468 id
3410 1414 3673 1485 temporis

2095 1501 2394 1570 praestabit.
2437 1502 2516 1557 Ac
2555 1504 2894 1559 conscientia
2934 1504 3151 1575 quidem
3185 1504 3540 1560 clamantium
3574 1506 3671 1561 ho-

2098 1593 2308 1648 minum
2334 1593 2602 1651 miraculo
2636 1596 2873 1651 excitata
2907 1597 2976 1652 ad
3012 1595 3346 1653 laudandum
3379 1598 3671 1665 movebat,

2095 1685 2280 1740 divina
2341 1694 2524 1743 autem
2570 1688 2912 1759 providentia
2952 1689 3153 1745 nedum
3183 1690 3455 1756 homines,
3492 1691 3588 1748 sed
3616 1701 3672 1749 et

2095 1777 2320 1847 angelos
2362 1776 2429 1832 ad
2472 1776 2603 1835 Jcsu
2652 1780 3068 1837 admirationem
3116 1781 3189 1838 ob
3239 1792 3451 1838 natura:
3503 1785 3673 1841 totius

2096 1865 2338 1920 futuram
2383 1869 2846 1925 resurrectionem
2891 1872 3108 1927 occulte
3156 1872 3471 1944 instigabat.
3509 1871 3673 1929 Vide-

427 1967 651 2041 Ἰησοῦν.
683 1967 835 2024 Εἶδον
861 1971 1004 2042 γάρ,
1031 1971 1246 2043 άληθῶς
1292 1967 1463 2033 εἶδον,
1503 1973 1600 2024 καὶ
1646 1968 1868 2041 ἔμαθον,
1896 1966 1987 2022 καὶ

2097 1967 2226 2013 runt
2272 1962 2446 2026 etaim,
2498 1962 2754 2018 viderunt
2813 1980 2874 2020 re
2928 1979 3059 2020 vera
3112 1963 3555 2036 didiceruntque,
3605 1980 3671 2022 ac

412 2064 882 2136 κατεσοφίσθησαν
915 2065 1106 2133 σοφίαν
1124 2103 1140 2128 ,
1168 2064 1236 2136 ὴν
1272 2064 1372 2118 οὐκ
1401 2063 1619 2135 ᾔδεισαν
1637 2103 1652 2128 ,
1677 2065 1733 2117 αί
1771 2061 1991 2131 ἀγγελι-

412 2156 507 2210 atat
530 2155 786 2228 δυνάμεις
817 2156 905 2210 διὰ
931 2140 1031 2229 τῆς
1073 2156 1399 2227 Ἐκκλησίας
1424 2156 1532 2210 τῶν
1564 2155 1770 2209 πιστῶν
1794 2156 1985 2225 ἐκφαι-

412 2248 644 2319 νομένην
675 2248 782 2302 ἀπὸ
808 2248 903 2301 τοῦ
933 2248 1068 2301 Θεοῦ
1102 2247 1171 2302 τά
1199 2247 1377 2303 πάντα
1428 2247 1733 2311 κτίσαντος,
1760 2246 1858 2318 τὴν
1883 2244 1991 2318 πρὸ

410 2338 520 2391 τῶν
564 2338 775 2394 αἰώνων
819 2341 877 2394 ἐν
926 2340 1074 2411 αὐτῷ
1121 2339 1544 2413 κεκρυμμένην·
1584 2340 1728 2410 λέγω
1770 2339 1835 2411 δὴ
1880 2338 1989 2393 τῶν

410 2429 663 2504 διδαχῶν,
713 2432 810 2485 καὶ
855 2431 1246 2502 ἐπαγγελιῶν,ο
1265 2434 1359 2487 καὶ
1401 2430 1857 2503 θαυματουργιῶν
1893 2430 1988 2485 τοῦ

411 2523 618 2595 Κυρίου
664 2523 838 2594 Ἰησοῦ
864 2564 878 2588 ,
913 2523 1093 2588 καθώς
1121 2541 1225 2577 που
1256 2526 1285 2577 ὁ
1317 2524 1602 2587 θεσπέσιος
1638 2522 1849 2587 Παῦλός
1885 2539 1991 2593 φη-

412 2629 496 2669 σιν
532 2630 549 2646 ·
597 2616 721 2673 Ἵνα
765 2615 1066 2686 γνωρισθῇ
1110 2616 1231 2671 νῦν
1281 2616 1410 2682 ταῖς
1446 2614 1659 2685 ἀρχαῖς
1704 2619 1801 2669 καὶ
1860 2614 1991 2681 ταῖς

407 2706 717 2774 ἐξουσίαις
758 2707 858 2762 διὰ
912 2707 1023 2777 τῆς
1067 2708 1427 2777 Ἐκκλησίας
1468 2710 1507 2777 ἠ
1554 2709 1990 2775 πολυποίκιλος

408 2800 596 2868 σοφία
616 2800 721 2855 τοῦ
762 2800 931 2856 Θεοῦ.
971 2800 1318 2855 Μανθάνουσι
1356 2802 1465 2873 γὰρ
1490 2803 1546 2855 αί
1575 2801 1687 2855 ἀνω
1711 2800 1987 2871 δυνάμεις,

410 2888 553 2961 ἅπερ
600 2888 809 2943 οὐδέπω
858 2884 1025 2955 εἶδον,
1075 2890 1199 2945 οὐδὲ
1240 2891 1499 2962 ἥκουσαν.
1550 2891 1837 2963 Κτίσματα
1878 2891 1989 2963 γάρ

409 2978 515 3030 εἰσι
542 2993 558 3008 ·
590 2979 684 3033 καὶ
709 2978 771 3031 τὸ
799 2979 1006 3051 κτίσμα
1037 2981 1139 3034 οὐκ
1165 2980 1332 3048 ἐστιν,
1362 2982 1392 3035 δ
1427 2982 1502 3052 μὴ
1530 2982 1721 3053 χρείαν
1745 2982 1858 3054 ἔχει
1885 3000 1990 3055 μα-

410 3068 541 3124 θεῖν.
579 3070 717 3124 Ἀλλ’
750 3072 870 3126 οὐδὲ
904 3073 977 3126 τά
1017 3073 1279 3144 μέλλοντα
1324 3075 1578 3143 γενέσθαι
1605 3074 1987 3145 γινώσκουσιν,

408 3163 457 3216 εἰ
490 3164 563 3234 μή
595 3180 649 3217 τι
676 3164 721 3218 δ’
750 3164 815 3218 ἂν
849 3165 956 3219 ὑπὸ
999 3167 1098 3237 τῆς
1126 3167 1287 3236 ἁγίας
1318 3168 1413 3222 κιιί
1442 3169 1645 3241 σεπτῆς
1680 3170 1775 3223 καὶ
1814 3185 1988 3240 προσ·

408 3256 645 3325 κυνητῆς
700 3255 928 3327 Τριάδος
977 3256 1275 3327 μυηθῶσιν.
1324 3259 1566 3330 Ἐμαθον
1612 3256 1704 3313 οὖν
1744 3260 1836 3314 καὶ
1882 3261 1983 3313 ἐπ-

407 3342 812 3414 εδεδαιώθησαν
841 3345 940 3416 τὴν
955 3346 1248 3401 ἀνάστασιν
1270 3346 1364 3400 τοῦ
1393 3349 1583 3419 Ἀδὰμ,
1611 3348 1987 3420 θεωρήσαντες

405 3434 496 3490 τὸν
533 3434 663 3489 Θεὸν
696 3437 983 3507 ἐγείραντα
1026 3438 1118 3491 τὸν
1160 3440 1275 3493 υἱὸν
1318 3441 1417 3511 τῆς
1467 3442 1658 3512 χήρας.
1704 3441 1793 3504 Ὧς
1843 3442 1987 3513 χήρα

406 3528 515 3600 γάρ
544 3530 760 3598 ἐγένετο
805 3532 838 3602 ἡ
875 3531 978 3601 γῆ,
1009 3531 1370 3596 ἀποθανόντος
1414 3532 1508 3586 τοῦ
1560 3533 1986 3606 πρΜοπλάστου

406 3620 575 3690 αὐτῆς
608 3620 747 3674 υἱοῦ.
796 3621 1018 3684 Ἰδόντες
1058 3621 1116 3674 δὲ
1158 3622 1320 3676 αὐτὸν
1357 3623 1517 3676 πάλιν
1563 3624 1852 3696 ἐγείραντα
1889 3624 1987 3696 τὴν

407 3710 680 3783 θυγατέρα
718 3711 813 3766 τοῦ
854 3713 1305 3785 ἀρχισυναγώγου
1325 3757 1340 3782 ,
1372 3717 1837 3789 κατεσοφεσθησαν
1856 3758 1871 3783 ,
1905 3719 1985 3773 ὅτι

404 3804 500 3854 καὶ
542 3804 642 3874 τὴν
684 3801 829 3856 Εὔαν
864 3803 1002 3875 μετά
1031 3805 1126 3858 τοῦ
1165 3806 1337 3877 Ἀδάμ
1374 3809 1573 3879 ἐγερεῖ.
1601 3877 1608 3885 Ι
1634 3809 1802 3863 Πάλιν
1849 3811 1985 3863 ἀνα·-

407 3895 612 3966 στήσας
643 3896 736 3950 τὸν
776 3897 943 3952 παῖδα
973 3898 1069 3951 τοῦ
1102 3898 1400 3968 ἀλλοφύλου
1434 3902 1852 3974 ἑκατοντάρχου,
1880 3902 1988 3956 ἐδί-

406 3984 534 4051 δαξε
566 3988 660 4040 καὶ
685 3986 838 4060 [είς]
882 3988 1060 4056 τοῦτο,
1102 3991 1181 4043 ὅτι
1212 3992 1306 4044 καὶ
1344 3990 1412 4044 τὰ
1454 3991 1580 4058 ξένα
1624 3992 1751 4064 ἔθνη
1782 3995 1981 4065 ἐγερεῖ.

416 4073 547 4128 ἰδοὺ
578 4079 727 4147 τρεῖς
764 4075 1019 4148 διαφοραὶ
1049 4079 1157 4133 τῶν
1179 4080 1409 4153 νεκρῶν.
1444 4083 1783 4154 Ἐγείραντος
1806 4085 1861 4137 δὲ
1892 4084 1985 4138 τὸν

402 4167 651 4239 Λάζαρον
688 4169 780 4223 τὸν
820 4175 1141 4243 τεταρταῖον
1188 4174 1379 4246 νεκρὸν
1399 4215 1413 4239 ,
1440 4176 1532 4229 καὶ
1567 4180 1882 4248 τεταρταῖον
1919 4179 1984 4232 ἐκ

400 4258 495 4312 τοῦ
545 4262 833 4333 μνημείου,
871 4264 963 4317 τὸν
994 4263 1101 4318 ὑπὸ
1128 4265 1410 4337 τεσσάρων
1452 4267 1732 4339 στοιχείων
1774 4286 1985 4325 συσπα-

404 4353 597 4408 σθέντα
616 4397 631 4421 ,
670 4355 763 4409 τὸν
794 4357 1062 4421 ὁζέσαντα
1082 4398 1096 4424 ,
1132 4359 1226 4413 τὸν
1258 4359 1499 4415 σαπέντα
1519 4402 1533 4427 ,
1569 4362 1660 4416 τὸν
1701 4363 1807 4417 ὑπὸ
1842 4380 1985 4418 σκω-

399 4442 583 4513 λήκων
615 4448 996 4521 κυριευθέντα,
1026 4451 1336 4524 ἐγνωρίσθη
1365 4456 1485 4517 ταῖς
1524 4455 1720 4526 ἀρχαῖς
1749 4456 1842 4509 καὶ
1863 4459 1985 4521 ταῖς

399 4535 670 4604 ἐξουσίαις
704 4543 826 4604 ταῖς
875 4543 1223 4614 ἐπουρανίοις
1243 4584 1259 4609 ,
1294 4546 1389 4600 καὶ
1419 4548 1533 4610 τοῖς
1565 4548 1829 4616 ἐπιγείοις
1854 4586 1870 4610 ,
1902 4549 1983 4602 ὅτι

2092 2067 2257 2122 quam
2301 2053 2578 2109 nescirent
2622 2056 2944 2127 sapientiam
2986 2057 3194 2113 edoctae
3245 2067 3374 2114 sunt
3415 2061 3670 2116 caelestes

2091 2145 2322 2201 virtutes
2351 2161 2447 2217 per
2482 2145 2717 2203 ﬁdelium
2748 2148 3049 2205 Ecclesiam
3081 2150 3146 2216 ιθ,
3177 2151 3248 2207 ab
3288 2151 3669 2207 universorum

2098 2246 2349 2293 creatore
2380 2236 2512 2306 Deo,
2546 2240 2602 2293 in
2634 2254 2743 2310 quo
2766 2249 2894 2298 ante
2921 2242 3121 2297 saecula
3148 2242 3469 2299 abscondita
3502 2254 3669 2309 esset,

2094 2347 2294 2387 novum
2347 2332 2693 2403 elucentem;
2738 2349 2860 2390 eam
2910 2335 3174 2390 nimirum
3202 2351 3323 2407 qua:
3361 2336 3420 2392 in
3456 2335 3668 2392 Domini

2089 2420 2220 2481 Jesu
2248 2426 2514 2483 doctrinis
2539 2442 2603 2482 ac
2634 2428 3095 2498 promissionibus
3119 2429 3512 2501 miraculisque
3537 2445 3665 2486 eon-

2095 2516 2261 2579 sistit,
2300 2519 2763 2589 quemadmodum
2812 2521 3150 2579 admirabilis
3189 2521 3394 2580 Paulus
3430 2523 3669 2596 quodam

2095 2609 2216 2665 loco
2249 2610 2385 2667 dicit
2413 2630 2425 2666 ε
2463 2609 2532 2666 Ut
2560 2613 2852 2668 innotescat
2883 2630 3021 2668 nunc
3046 2615 3428 2685 principatibus
3454 2626 3504 2671 et
3524 2627 3668 2686 pote-

2091 2702 2321 2758 statibus
2342 2719 2437 2774 ρετ
2463 2703 2778 2770 Ecclesiam,
2813 2706 3157 2777 multiformis
3185 2710 3448 2778 sapientia
3477 2708 3575 2764 Dei
3604 2707 3667 2764 ε’.

2091 2792 2368 2851 Doeentur
2398 2796 2543 2851 enim
2593 2811 2843 2867 supernae
2872 2796 3103 2853 virtutes
3146 2799 3377 2857 necdum
3419 2799 3489 2855 ab
3534 2798 3667 2870 ipsis

2090 2885 2209 2943 visa
2248 2888 2521 2943 auditave.
2570 2886 2783 2944 Etenim
2828 2898 2956 2946 sunt
2980 2898 3245 2946 creaturae
3274 2909 3290 2952 ;
3324 2907 3425 2947 nec
3456 2891 3568 2946 ulla
3600 2893 3667 2947 sit

2091 2988 2369 3046 creatura,
2402 2980 2491 3035 cui
2515 2995 2627 3035 non
2656 2981 2909 3038 doctrina
2938 2981 3249 3039 necessaria
3278 2982 3368 3039 sit.
3392 2982 3463 3038 At
3495 2999 3669 3055 neque

2093 3080 2369 3127 noverunt
2416 3071 2622 3136 futura,
2701 3073 2807 3129 nisi
2855 3072 2991 3144 quid
3038 3081 3228 3129 sancta
3279 3087 3344 3129 ac
3392 3074 3668 3130 adoranda

2094 3162 2366 3221 Trinitate
2398 3164 2628 3220 docente
2653 3166 2985 3237 acceperint.
3012 3164 3329 3222 Didicerunt
3357 3182 3506 3239 ergo,
3550 3182 3666 3223 cer-

2092 3262 2315 3325 tumque
2352 3265 2731 3328 argumentum
2776 3255 2971 3311 futura:
3013 3256 3437 3313 resurrectionis
3474 3255 3666 3311 Adami

2090 3355 2457 3419 acceperunt,
2514 3348 2756 3405 videntes
2798 3348 2967 3403 ﬁlium
3007 3348 3183 3404 vidua:
3216 3364 3246 3401 a
3291 3348 3399 3404 Dco
3432 3349 3664 3405 suscita-

2090 3446 2203 3492 tum
2255 3439 2320 3495 ”.
2378 3436 2725 3511 Protoplasto
2771 3441 2915 3493 etiim
2964 3448 3123 3495 terra:
3171 3441 3281 3494 lilio
3323 3450 3561 3505 mOrtuo,
3602 3455 3667 3495 ea

2089 3537 2347 3600 tanquam
2378 3531 2541 3587 vidua
2573 3529 2761 3587 etIecta
2806 3539 2912 3587 est.
2953 3530 3169 3588 Rursus
3205 3539 3385 3586 autem
3422 3532 3667 3587 videntes

2088 3621 2407 3677 suscitatam
2448 3621 2863 3694 archisynagogi
2895 3622 3057 3678 tiliam
3092 3624 3163 3691 “,
3198 3623 3476 3695 sapienter
3506 3624 3666 3679 intel-

2087 3714 2338 3769 lexerunt
2385 3715 2551 3770 Evam
2588 3728 2806 3786 quoque
2850 3730 2976 3769 cum
3016 3715 3226 3772 Adamo
3266 3714 3664 3771 suscitandam.

2087 3805 2222 3860 Tum
2245 3821 2375 3861 vero
2404 3807 2666 3863 suscitato
2700 3822 2870 3877 puero
2892 3808 3229 3865 centurionis
3264 3808 3580 3879 alienigenas
3596 3807 3646 3841 "

2088 3897 2193 3953 hoc
2221 3899 2441 3955 abunde
2473 3898 2617 3956 Deus
2647 3900 2861 3965 docuit,
2897 3902 3013 3957 fore
3044 3909 3105 3956 ut
3148 3910 3406 3958 externas
3450 3916 3667 3973 quoque

2088 3998 2278 4061 gentes
2301 3992 2615 4048 suscitaret.
2649 3991 2731 4047 En
2769 3994 2865 4049 tibi
2901 4004 3013 4049 tres
3046 4003 3386 4049 mortuorum
3409 3992 3655 4049 differen-

2090 4081 2215 4137 tias.
2261 4082 2332 4136 At
2370 4080 2638 4139 Lazarum
2681 4084 3000 4140 suscitando
3048 4091 3303 4154 quartum
3346 4092 3667 4151 mortuum,

2087 4174 2518 4246 quatriduanum
2556 4178 2707 4230 illum
2739 4191 2768 4229 a
2792 4179 3065 4245 sepulcro,
3107 4174 3391 4230 elementis
3428 4181 3665 4245 quatuor

2085 4268 2543 4337 distrahentibus,
2596 4270 2854 4333 olentem,
2906 4277 3143 4340 putrem,
3184 4268 3466 4324 vermibus
3508 4283 3664 4324 man-

2087 4360 2388 4431 cipatum;
2458 4371 2646 4417 uotum
2709 4360 2916 4415 factum
2975 4370 3061 4416 est
3132 4359 3535 4431 principatibus
3594 4374 3661 4416 ac

2087 4451 2408 4507 coelestibus
2466 4450 2836 4521 potestatibus
2913 4449 3259 4520 terrenisque
3322 4447 3660 4513 hominibus,

2087 4543 2203 4600 fore
2233 4553 2293 4599 ut
2324 4543 2544 4599 tandem
2582 4543 2728 4600 Deus
2758 4544 3067 4598 universam
3100 4542 3379 4596 hominum
3410 4548 3661 4595 naturam

400 4630 578 4683 πᾶσαν
614 4631 712 4703 τὴν
749 4633 814 4687 ἐκ
856 4637 1139 4711 τεσσάρων
1190 4639 1551 4694 συσταθεῖσαν
1590 4640 1981 4713 ἀνθρωπότητα

2090 4636 2380 4694 elementis
2433 4648 2673 4708 quatuor
2727 4641 3073 4697 constantem
3126 4634 3439 4699 suscitaret,
3488 4648 3661 4703 quan-

398 4719 599 4792 ἐγερεῖ,
627 4722 733 4777 κᾶν
753 4721 957 4789 ὧξεσεν
992 4728 1051 4779 ἐν
1076 4730 1142 4799 τῇ
1172 4729 1419 4803 ἀμαρτία
1448 4732 1548 4803 τῆς
1575 4732 1940 4803 παραῦάσεως
1957 4749 1973 4764 ο

398 4810 501 4865 κᾶν
530 4813 709 4885 ἐσάπη
751 4816 811 4869 ἐν
855 4819 920 4889 τῇ
962 4818 1187 4892 ἀσεόείᾳ
1225 4821 1324 4893 τῆς
1370 4823 1809 4897 είδωλολατρείας
1835 4842 1848 4856 ·
1876 4824 1977 4880 κᾶν

397 4905 472 4969 ὡς
500 4907 606 4961 ὑπὸ
633 4909 951 4981 σκωλήκων,
979 4912 1085 4965 ὑπὸ
1111 4912 1382 4983 δαιμόνων
1413 4917 1835 4989 κατεκυριεύθη,
1878 4918 1978 4972 καί

398 4997 715 5070 ἐζωπρεύθη
747 5004 834 5069 είς
855 5003 922 5057 τὸ
943 5005 1192 5059 ἐκείνων
1231 5005 1477 5075 θέλημα.
1507 5007 1693 5063 Ταῦτα
1720 5004 1813 5064 οὖν
1846 5009 1979 5064 ίδόν-

397 5108 487 5157 τες
528 5095 579 5148 oi
617 5094 839 5163 ἄγγελοι
883 5096 1180 5168 κρυπτῶς,
1228 5098 1324 5151 καὶ
1368 5098 1646 5171 ἄνθρωποι
1696 5102 1975 5176 φανερῶς,

396 5184 721 5257 ἐξέστησαν,
775 5187 1263 5260 ἐξεθαμϐήθησαν,
1298 5192 1393 5246 καί⁵
1437 5192 1669 5265 ἤρξαντο
1715 5194 1845 5268 βοᾷν
1881 5197 1976 5251 καὶ

397 5276 571 5345 λέγειν
591 5295 605 5308 ·
642 5279 904 5335 Ὡσαννὰ
927 5280 997 5333 ὲν
1026 5281 1151 5348 τοῖς
1172 5284 1473 5351 ὑψίστοις.
1506 5286 1618 5358 Οὐχ
1647 5286 1723 5350 ὡς
1748 5304 1974 5360 σημειο-

395 5369 559 5440 φόρου
595 5368 651 5422 δὲ
689 5371 850 5441 μόνον
895 5371 1162 5442 ἐπῄνουν,
1190 5373 1329 5427 ἀλλά
1374 5376 1468 5430 καὶ
1503 5376 1579 5440 ὡς
1626 5376 1849 5449 βασιλέα
1892 5381 1974 5435 ὅτι

398 5460 782 5532 ᾑχμαλώτευσε
814 5465 993 5518 πᾶσαν
1020 5463 1117 5537 τὴν
1146 5466 1241 5520 ἀπ’
1269 5466 1467 5533 αἰῶνος
1510 5470 1615 5524 ὑπὸ
1655 5470 1749 5526 τοῦ
1790 5470 1972 5527 διαδό-

466 5659 508 5692 ¹⁷
544 5657 706 5714 Joan.
742 5676 868 5737 an,
898 5661 1029 5737 “Ill.
1102 5665 1145 5737 ‘f'
1185 5664 1381 5737 Ephes.
1422 5684 1522 5732 ιιι,
1561 5669 1649 5723 10.
1727 5670 1771 5702 ¹⁹
1812 5670 1944 5727 ibid.

2089 4744 2252 4799 quam
2286 4729 2378 4785 illa
2400 4729 2456 4785 in
2480 4728 2942 4800 praevaricationis
2977 4734 3203 4799 peccato
3233 4725 3445 4791 l'eteret,
3488 4739 3660 4795 quau-

2084 4838 2249 4897 quam
2276 4822 2332 4877 in
2362 4822 2682 4878 idololatria:
2704 4822 2979 4894 impietate
3007 4820 3330 4892 putruisset,
3349 4831 3660 4889 quanquam

2083 4916 2135 4972 ei
2156 4915 2436 4971 daemones
2466 4915 2642 4973 instar
2666 4914 2931 4970 vermium
2952 4911 3386 4978 dominarentur,
3419 4920 3469 4965 et
3503 4910 3659 4980 capti-

2085 5024 2205 5063 vam
2245 5016 2497 5072 tenerent,
2527 5008 2597 5060 ad
2619 5023 2774 5062 suam
2810 5007 3046 5077 ipsorum
3080 5006 3401 5063 voluntatem
3426 5002 3492 5056 ³⁸.
3522 5002 3658 5058 Cum

2089 5104 2207 5160 haec
2257 5117 2390 5175 ergo
2437 5100 2619 5173 angeli
2667 5113 2870 5155 arcana
2913 5099 3144 5161 ratione,
3181 5095 3430 5155 homines
3476 5103 3656 5150 autem

2081 5194 2379 5266 conspicua
2404 5199 2722 5258 cernerent,
2770 5190 3147 5245 vehementius
3181 5185 3433 5241 admirati
3467 5186 3660 5241 obstu-

2083 5296 2342 5361 puerunt,
2372 5296 2766 5359 cmperuutque
2788 5287 3027 5341 clamare
3053 5299 3117 5339 ac
3143 5283 3326 5339 dicere
3356 5301 3369 5337 :
3398 5280 3658 5339 Hosarmtl

2080 5382 2136 5436 in
2189 5381 2467 5437 altissimis
2508 5381 2573 5434 “.
2610 5379 2782 5438 Porro
2820 5378 3137 5441 laudabant,
3177 5391 3286 5432 non
3329 5383 3389 5430 ut
3439 5380 3653 5429 tantum

2084 5471 2430 5546 signiferum,
2488 5471 2582 5531 sed
2634 5480 2693 5528 ut
2743 5471 2906 5528 etiam
2959 5483 3183 5542 regem;
3247 5467 3393 5540 quod
3434 5478 3652 5522 omnem

2045 5675 2092 5706 '°
2131 5675 2263 5731 Luc.
2299 5690 2409 5738 vn,
2446 5674 2534 5732 11.
2609 5676 2654 5707 ¹¹
2695 5672 2883 5730 Matth.
2938 5689 2990 5729 ιτ
3015 5713 3030 5738 ,
3069 5669 3180 5739 18;
3233 5670 3401 5733 Marc.
3446 5689 3499 5739 ν,
3533 5670 3646 5737 ἳ2;

395 5727 527 5786 an.
566 5745 696 5796 rm,
729 5731 818 5786 A2.
857 5727 863 5729 ”
894 5734 939 5766 η
979 5733 1176 5792 Matth.
1213 5727 1344 5806 ιίιι,
1382 5738 1431 5794 5.
1508 5727 1558 5773 ⁵³
1598 5739 1638 5795 lt
1673 5738 1816 5797 Tim.
1854 5757 1929 5808 ιι,
1966 5742 2059 5800 26.
2132 5727 2410 5800 ﬁ“Matth:
2446 5727 2569 5811 inii,
2604 5745 2661 5801 9.

461 5888 575 5960 (71)
610 5888 725 5957 ’τὴν
751 5888 838 5959 ἔγ.
872 5887 1031 5948 Deest
1057 5891 1163 5948 δια.
