4138 6432
422 417 553 475 126Ἱ

1557 427 1694 484 TiTi
1738 431 2175 491 BOSTRENSIS
2215 435 2541 494 EPISCOPI.

3540 446 3676 502 1268

420 553 586 606 quam
642 554 672 592 a
728 541 927 597 saeculo
989 539 1241 602 diabolus
1301 560 1563 617 morsque
1622 551 1994 621 captivitatem

2107 556 2192 609 λου
2222 559 2315 610 καὶ
2342 556 2436 609 τοῦ
2462 556 2693 611 θανάτου
2717 559 3249 629 αἰχμαλωτισθεῖσαν
3277 558 3671 632 αἰχμαλωσίαν.

423 632 723 707 subjectam
759 633 1098 700 habuissent,
1135 636 1251 707 ipse
1281 640 1613 709 captivassel
1635 643 1701 695 ".
1728 642 1825 701 His
1847 646 1997 701 enim

422 738 488 777 ac
519 723 791 781 similibus
825 725 893 782 de
926 728 1132 797 causis,
1166 744 1291 784 eum
1314 731 1484 786 divini
1517 735 1794 805 propheta:
1815 752 1996 808 regem
2049 800 2055 806 ,

424 815 739 885 praedicant.

496 904 582 959 Ill.
630 904 769 971 Quia
813 922 978 976 porro
1024 907 1237 983 ιιι-πίειιί
1275 914 1553 985 propheta:
1591 917 1832 971 conviva:
1871 925 2000 972 sunt

423 998 779 1053 rationalium
839 1000 1199 1067 animorum;
1258 1018 1320 1056 ac
1374 1006 1517 1059 sicut
1572 1023 1787 1063 menses
1832 1010 1996 1063 annui

421 1091 586 1160 spatii
637 1091 848 1145 circulo
886 1107 981 1162 per
1020 1103 1202 1161 partes
1251 1094 1488 1158 humana
1536 1113 1763 1169 corpora
1799 1101 1953 1155 alunt
1979 1143 1995 1168 ,

424 1184 500 1234 ita
532 1190 585 1235 et
615 1181 675 1246 ii,
720 1196 821 1235 nos
859 1198 1077 1252 quoque
1110 1199 1206 1252 per
1251 1195 1453 1254 partes,
1494 1202 1587 1242 seu
1618 1196 1797 1259 potius
1844 1206 1995 1245 com-

423 1273 668 1326 muniter
708 1273 997 1328 instructis
1035 1274 1233 1343 epulis,
1272 1275 1401 1331 dum
1444 1277 1660 1333 interim
1705 1279 1841 1336 festa
1885 1283 2001 1352 agi-

424 1376 569 1427 mus,
602 1379 696 1419 seu
742 1366 903 1419 etiam
939 1365 1157 1435 ubique,
1195 1366 1433 1421 [idolium
1481 1371 1633 1423 alunt
1681 1373 1893 1433 animos
1934 1388 1999 1427 ac

424 1453 629 1519 divinis
660 1456 929 1512 doctrinis
959 1458 1301 1516 Christianos
1332 1462 1625 1529 inebriant,
1658 1462 1814 1533 juxta
1852 1465 1998 1533 quod

423 1561 613 1601 eurum
665 1547 863 1618 aliquis
926 1549 1059 1603 dicit
1114 1572 1128 1605 :
1190 1550 1603 1607 Inebriabuntur
1654 1555 1718 1607 ab
1761 1555 2000 1615 ubertate

424 1638 612 1701 domus
664 1647 769 1692 tute
820 1640 887 1693 “.
940 1639 1152 1704 Venite,
1223 1645 1530 1707 audiamus,
1586 1655 1640 1699 et
1698 1648 2000 1702 narrabunt

422 1727 582 1785 nobis
621 1744 814 1785 omnes
853 1731 947 1800 qui
989 1732 1223 1803 diligunt
1255 1750 1478 1804 regnum
1509 1735 1626 1797 Dei.
1657 1738 1787 1807 quid
1825 1738 1891 1792 de
1934 1754 2000 1794 eo

2103 648 2329 702 Ἕνεκεν
2358 648 2560 702 τούτων
2584 650 2678 702 καὶ
2710 649 2819 702 τῶν
2851 650 3106 705 τοιούτων
3137 652 3359 707 ϐασιλέα
3387 653 3545 707 αὐτὸν
3572 672 3675 708 κτι-

2102 738 2387 811 ρύττουσιν
2419 741 2470 792 οἱ
2502 739 2635 793 θεῖοι
2674 741 2968 812 προφῆται.

2184 925 2398 995 Ἐπειδὴ
2429 924 2486 977 δὲ
2525 926 2575 978 οἱ
2617 924 3002 997 προειρημένοι
3046 925 3323 996 προφῆται
3367 926 3678 998 ἑστιάτορες

2099 1016 2207 1069 τῶν
2238 1016 2471 1084 λογικῶν
2507 1017 2811 1089 ὑπάρχουσι
2838 1031 2852 1046 ’
2907 1016 3000 1069 καὶ
3042 1015 3230 1089 ὥσπερ
3284 1019 3333 1071 οἰ
3382 1020 3547 1088 μῆνες
3582 1015 3677 1071 τοῦ

2102 1108 2346 1161 ἐνιαυτοῦ
2397 1109 2536 1161 κατὰ
2582 1109 2744 1180 μέρος
2787 1109 3043 1179 τρέφουσι
3093 1110 3161 1164 τὰ
3205 1108 3518 1181 ἀνθρώπινα
3573 1107 3680 1162 σώ-

2104 1219 2269 1273 ματα,
2302 1201 2474 1264 οὕτως
2513 1203 2607 1256 καὶ
2651 1198 2794 1257 οὗτοι
2857 1204 2998 1257 κατὰ
3035 1203 3196 1275 μέρος
3242 1203 3428 1272 ἡμᾶς,
3478 1201 3677 1272 μᾶλλον

2102 1292 2295 1356 κοινῶς
2337 1294 2595 1364 τρέφουσι
2638 1295 2778 1348 κατὰ
2825 1295 3045 1367 ἑορτὴν,
3082 1294 3115 1364 ἢ
3172 1294 3265 1348 καὶ
3313 1294 3539 1346 πάντοτε
3577 1294 3687 1357 τὰς

2099 1384 2276 1455 ψυχὰς
2306 1385 2420 1440 τῶν
2461 1386 2690 1450 πιστῶν,
2721 1388 2815 1441 καὶ
2856 1386 3184 1457 μεθύσκουσι
3214 1389 3332 1449 ταῖς
3364 1385 3570 1449 θεῖκαίς
3602 1386 3680 1439 δι-

2098 1475 2416 1540 δασκαλίαις
2455 1478 2812 1549 Χριστιανοὺς
2836 1522 2851 1544 ,
2905 1480 3085 1543 καθώς
3124 1498 3226 1534 που
3270 1476 3350 1544 εἷς
3390 1479 3449 1547 ὲξ
3496 1480 3678 1534 αὐτῶν

2102 1585 2233 1647 φησι
2257 1584 2271 1599 ο
2317 1569 2812 1636 Μεθυσθήσονται
2847 1573 2963 1627 ἀπὸ
3012 1575 3296 1639 πιότητος.
3327 1571 3497 1625 οἶκου
3537 1588 3675 1626 σου.

2100 1661 2263 1715 Δεῦτε
2306 1661 2656 1734 ἀκούσωμεν,
2692 1665 2787 1717 καὶ
2829 1664 3176 1735 διηγήσονται
3221 1666 3352 1735 ἡμῖν
3398 1666 3597 1727 πάντες
3628 1665 3679 1717 οἰ

2101 1753 2423 1821 ἀγαπῶντες
2466 1755 2565 1825 τὴν
2601 1754 2874 1824 βασιλείαν
2919 1755 3013 1810 τοῦ
3054 1754 3226 1819 Θεοῦ,
3256 1756 3308 1808 τί
3347 1756 3473 1827 περὶ
3510 1756 3681 1828 αὐτῆς

423 1818 712 1890 prophetet
754 1836 986 1892 magnus
1035 1821 1354 1890 Zacharias,
1402 1827 1675 1898 gloriosus
1723 1829 1812 1884 ille
1860 1830 2001 1883 inter

2107 1818 2233 1915 iam
2277 1818 2611 1917 ἰτροίινητέύεἱ
2643 1848 2671 1899 ὁ
2735 1847 2908 1917 μέγας
2955 1846 3270 1919 Ζαχαρίας,
3310 1848 3338 1899 ὁ
3379 1818 3587 1912 ἔνδοξος
3620 1818 3683 1901 ἐν

423 1913 735 1986 prophetas.
778 1915 1149 1987 lntelligamus
1198 1919 1328 1990 quid
1377 1920 1537 1975 fausti
1599 1923 1776 1976 nuntii
1824 1937 2004 1991 praeco

2107 1913 2431 2008 προφήταις.
2448 1913 2748 2008 ’Συνίωμεν
2769 1939 2798 1991 δ
2820 1913 2908 2009 ⁷κῆ
2920 1939 3016 2011 ρυξ
3038 1913 3466 2006 ἐύαγγελίξεται
3488 1978 3503 2003 ,
3549 1955 3682 2008 προ-

424 2002 594 2070 ferat,
647 2005 835 2062 multis
886 2008 1105 2062 saeculis
1159 2023 1503 2078 praecurrens
1546 2025 1734 2080 regno.
1783 2009 1997 2075 Venite,

424 2103 587 2165 atque
620 2104 679 2151 ut
718 2098 957 2152 conviva:
1001 2100 1322 2164 rationales,
1364 2101 1609 2156 fruamur
1648 2103 1831 2159 verbis
1872 2119 2002 2175 pro-

423 2189 749 2245 cedentibus
792 2190 859 2245 de
913 2207 1008 2247 ore
1056 2192 1170 2260 Dei,
1220 2209 1317 2263 per
1369 2195 1671 2264 spiritalem
1716 2196 2000 2250 convivam

424 2279 743 2337 Zachariam
778 2299 794 2348 ;
837 2282 924 2338 cui
957 2284 1228 2355 obtigerit,
1267 2294 1326 2339 ut
1357 2287 1472 2341 suis
1516 2301 1616 2341 nos
1652 2288 1827 2356 epulis
1856 2286 1999 2342 festa

425 2375 527 2427 hac
568 2374 691 2429 luce
725 2374 1042 2445 exciperet;
1077 2377 1538 2447 quemadmodum
1582 2379 1657 2433 ait
1688 2379 1952 2434 Dominus
1985 2396 2000 2433 :

426 2459 551 2520 Non
593 2465 649 2519 in
694 2466 808 2519 solo
854 2483 989 2537 pane
1029 2468 1157 2522 vivet
1212 2469 1388 2536 homo,
1430 2468 1519 2523 sed
1560 2471 1613 2524 in
1659 2472 1800 2524 omni
1852 2470 2004 2524 verbo

424 2554 565 2624 quod
610 2557 846 2625 procedit
890 2558 952 2614 de
995 2576 1084 2615 ore
1139 2559 1238 2615 Dei
1277 2562 1341 2614 ⁸⁷.
1388 2559 1522 2615 Nam
1575 2564 1705 2632 quia
1760 2563 2005 2617 homines

424 2649 705 2713 tristitiam
747 2652 998 2719 oderunt,
1043 2663 1228 2706 amant
1263 2668 1393 2709 vero
1457 2654 1715 2723 gaudium
1746 2694 1762 2717 .
1816 2654 2000 2724 incipit

427 2757 458 2806 ρ
513 2743 713 2811 gaudio
766 2743 1044 2810 clamare,
1096 2742 1286 2799 dicens
1343 2763 1357 2798 :
1423 2742 1604 2797 Gaude
1666 2743 2004 2807 rebementer,

427 2834 546 2907 ﬁlia
592 2833 743 2891 Sion.
788 2832 972 2889 Gaude
1015 2835 1365 2899 uehementer,
1406 2834 1667 2889 inclamat
1707 2833 2007 2903 captivitati

430 2928 698 2999 propheta
752 2928 822 2980 ".
881 2926 925 2982 0
989 2925 1219 2980 altitudo
1277 2926 1586 2979 divitiarum
1640 2916 1912 2994 sapientia:
1959 2934 2008 2979 et

427 3020 663 3073 scientia:
693 3017 792 3073 Dei
821 3018 889 3072 “.
921 3018 1287 3086 Quamobrem
1328 3017 1546 3089 gaude?
1580 3026 1633 3073 et
1655 3017 2009 3089 quamobrem

434 3107 757 3161 vehementer
808 3107 1082 3164 delectare
1129 3117 1183 3163 et
1231 3108 1445 3179 gaude?
1518 3106 1657 3174 Quia
1719 3108 1867 3161 venit
1917 3106 2010 3176 qui

430 3206 710 3263 convertat
754 3207 826 3265 te,
875 3198 1021 3254 sicut
1067 3200 1194 3253 olim
1243 3200 1493 3269 praedixit
1532 3207 1685 3269 pater
1722 3196 1884 3269 Regis
1916 3197 2009 3268 qui

430 3292 697 3361 convertit
728 3298 781 3347 te
813 3311 826 3349 :
865 3290 933 3346 In
970 3291 1314 3346 convertenda
1359 3291 1611 3346 Dominus
1649 3290 2007 3359 captivitatem

429 3382 581 3454 Sion,
631 3383 763 3454 facti
806 3401 989 3451 sumus
1039 3385 1174 3449 sicut
1219 3384 1478 3440 consolati
1516 3397 1536 3437 :
1575 3391 1696 3436 tunc
1751 3381 2007 3449 repletum

428 3451 514 3537 esi
543 3475 737 3546 gaudio
776 3493 834 3528 os
892 3486 1151 3547 nostrum,
1206 3486 1256 3530 et
1302 3476 1483 3545 lingua
1534 3484 1717 3529 nostra
1770 3473 2010 3528 exsulta-

432 3567 572 3620 tione
604 3566 673 3619 ³⁶.
706 3563 916 3635 Gaude,
949 3566 1150 3636 inquit,
1181 3567 1327 3621 velut
1358 3565 1694 3643 pnstliminio
1727 3576 1945 3617 reversa
1978 3575 2009 3614 a

430 3659 751 3729 captivitate
779 3660 1087 3714 daemonum
1120 3667 1174 3713 et
1200 3659 1386 3714 saeculi
1420 3657 1583 3726 hujus
1621 3663 1911 3728 potestate,
1941 3653 2010 3706 ad

432 3750 712 3815 cgelestem
747 3749 894 3803 illam
922 3748 1223 3815 Jerusalem
1243 3790 1257 3814 ,
1304 3764 1465 3821 quam
1495 3764 1647 3824 pater
1678 3756 1805 3802 tuus
1832 3745 2008 3801 Abra-

432 3843 559 3908 ham
578 3842 952 3915 exspectabat,
971 3842 1044 3894 uti
1064 3841 1138 3894 ait
1157 3839 1390 3910 quodam
1416 3840 1535 3893 loco
1559 3839 1749 3903 beatus
1769 3835 1970 3889 Paulus
1996 3852 2008 3901 ;

444 3931 549 3987 Vos
590 3941 765 3997 autem
800 3934 1096 3987 accessistis
1128 3932 1197 3985 ad
1235 3930 1365 3987 Sion
1403 3943 1630 3991 montem
1663 3939 1711 3988 et
1749 3930 2013 3983 civitatem.

434 4025 534 4080 Dei
571 4025 819 4090 virentis,
846 4023 1145 4078 Jerusalem
1177 4024 1433 4078 caelestem
1478 4033 1526 4077 et
1567 4022 1852 4076 multorum
1893 4022 2015 4075 mil-

438 4120 568 4184 lium
596 4119 901 4189 angelorum
932 4117 1282 4188 frequentiam
1302 4157 1317 4183 ,
1342 4127 1393 4171 et
1423 4115 1696 4179 ecclesiam
1722 4114 2015 4186 primitiua-

437 4227 554 4275 rum
586 4213 678 4287 qui
706 4212 993 4281 conscripti
1022 4221 1144 4265 sunt
1174 4211 1229 4264 in
1260 4210 1403 4277 ccelis
1423 4249 1439 4274 ,
1484 4218 1535 4264 et
1567 4207 1803 4279 judicem
1849 4205 2015 4261 Deum

437 4304 607 4369 pivum
626 4345 642 4369 ,
666 4312 716 4357 et
742 4304 963 4373 spiritus
983 4303 1254 4372 justorum
1281 4303 1633 4372 perfectorum
1657 4300 1723 4353 ".
1759 4297 1907 4352 Unde
1930 4298 2019 4367 fu-

433 4395 509 4465 git
561 4392 732 4459 dolor,
774 4395 1013 4466 [tristitia
1056 4403 1105 4448 et
1168 4394 1393 4463 gemitus
1444 4393 1489 4424 ³⁸
1536 4410 1549 4445 :
1603 4389 1706 4455 Ubi
1754 4390 2018 4456 iustorum

437 4472 669 4553 eumium
689 4487 981 4542 ltetantium
998 4484 1256 4539 habitatio
1284 4494 1362 4539 est
1385 4484 1449 4537 ³³.
1473 4481 1631 4537 Tunc
1663 4482 1934 4545 delectare
1965 4487 2020 4536 et

432 4578 739 4651 jucuntlare
770 4586 826 4632 et
854 4579 1029 4649 gaude
1053 4577 1405 4632 vehementer
1437 4575 1547 4629 ﬁlia
1567 4615 1581 4638 ,
1618 4575 1782 4644 hujus
1807 4574 2016 4644 utique,

441 4656 592 4724 Sion.
620 4669 732 4737 Cur
758 4685 909 4737 vero,
934 4669 1151 4740 inquit,
1177 4668 1525 4723 vehementer
1544 4665 1810 4736 gaudebo,
1835 4679 1868 4719 ο
1891 4679 2021 4747 pro-

437 4762 645 4831 pheta?
675 4760 893 4829 Gaude,
927 4764 1057 4832 quia
1084 4775 1192 4816 non
1224 4761 1369 4815 ultra
1403 4759 1688 4815 doloribus
1722 4757 1832 4815 illis
1866 4771 2023 4811 man-

439 4859 671 4929 cipanda
702 4860 781 4915 sis
810 4877 823 4913 :
850 4858 1167 4913 vehementer
1222 4866 1404 4912 autem
1425 4897 1441 4920 ,
1476 4871 1541 4910 eo
1574 4854 1721 4926 quod
1758 4854 2024 4910 liberator

438 4961 572 5009 tuus
603 4952 745 5008 haud
780 4954 981 5019 habeat
1026 4953 1103 5021 uti
1139 4953 1458 5022 alii.reges,
1491 4950 1585 5006 sed
1629 4950 1701 5007 sit
1734 4965 1829 5005 rex
1859 4957 2020 5017 aster-

440 5063 581 5116 nus,
610 5058 663 5103 et
684 5049 844 5119 cujus
870 5065 1099 5119 regnum
1128 5057 1388 5115 mternum
1418 5050 1526 5111 sit,
1557 5045 2019 5119 quemadmodum

443 5137 520 5191 ait
556 5138 775 5193 Gabriel
819 5140 1046 5211 angelus
1094 5136 1163 5191 ad
1205 5136 1327 5211 ejus
1367 5146 1596 5193 matrem
1643 5153 1709 5191 ac
1751 5137 2018 5208 virginem

442 5228 708 5285 Mariam:
758 5229 826 5285 Et
866 5231 1011 5302 regni
1053 5230 1168 5301 ejus
1216 5247 1321 5284 non
1362 5231 1463 5286 erit
1507 5231 1630 5301 ﬁnis
1666 5230 1750 5286 ’δι
1785 5244 1848 5284 ac
1881 5232 2026 5285 sicut

2099 2028 2311 2100 τρέχων
2364 2029 2464 2099 τῆς
2519 2028 2794 2099 βασιλείας
2852 2030 2961 2102 πρὸ
3011 2028 3220 2083 πολλῶν
3283 2029 3393 2082 τῶν
3446 2029 3675 2100 χρόνων.

2099 2123 2286 2189 Δεῦτε,
2322 2122 2749 2193 ἀπολαύσωμεν,
2775 2123 2850 2185 ὡς
2890 2121 3097 2190 λογικοὶ⁵
3119 2120 3437 2192 δαιτύμονες
3454 2160 3469 2183 ,
3498 2121 3567 2174 τὰ
3595 2121 3685 2175 διὰ

2103 2219 2368 2290 στόματος
2399 2217 2534 2271 Θεοῦ
2578 2218 2984 2289 ἐκπορευόμενα
3025 2218 3244 2288 ῥήματα
3279 2215 3369 2269 διὰ
3394 2215 3488 2269 τοῦ
3519 2233 3685 2269 πνευ-

2105 2310 2333 2382 ματικοῦ
2363 2310 2671 2381 ἑστιάτορος
2691 2310 2957 2381 Ζαχαρίου
2977 2326 2992 2340 ⁸
3011 2308 3160 2379 αὐτῷ
3174 2309 3283 2380 γὰρ
3308 2309 3465 2379 ἔλαχε
3489 2309 3683 2377 θρέψαι

2103 2404 2248 2475 ἡμᾶς
2277 2403 2335 2455 ὲν
2360 2405 2427 2473 τῇ
2456 2403 2615 2474 ἑορτῇ
2645 2399 3057 2473 ταύτῃοςιαθώς
3090 2417 3252 2471 φησιν
3283 2402 3311 2453 ὁ
3336 2399 3538 2469 Κύριος
3560 2441 3575 2465 ,
3601 2400 3684 2453 ὃτι

2109 2496 2229 2548 Οὐκ
2258 2494 2349 2547 ἐπ’
2376 2492 2532 2560 ἄρτῳ
2558 2493 2724 2561 μόνῳ
2762 2490 3000 2558 ζήσεται
3039 2489 3382 2559 ἅνθρωπος,
3421 2491 3559 2545 ἀλλ’
3583 2490 3685 2545 ἐπὶ

2106 2591 2283 2644 παντὶ
2326 2591 2541 2658 ῥήματι
2572 2586 3019 2657 ἐκπορευομένῳ
3058 2586 3155 2642 διὰ
3180 2587 3478 2656 στόματος
3512 2585 3681 2643 Θεοῦ.

2117 2679 2335 2750 Ἐπειδὴ
2375 2678 2485 2749 γὰρ
2528 2679 2561 2749 ἡ
2606 2678 2749 2748 λύπη
2789 2679 2937 2750 παρὰ
2981 2679 3094 2740 τοῖς
3132 2675 3439 2749 ἀνθρώποις
3483 2675 3684 2748 μισητὴ

2105 2771 2403 2841 τυγχάνει,
2446 2768 2654 2840 ποθητὴ
2693 2769 2751 2821 δὲ
2788 2771 2821 2840 ἠ
2866 2770 3012 2840 χαρά
3038 2788 3049 2801 ·
3095 2769 3203 2823 ἀπὸ
3246 2771 3420 2841 χαρᾶς
3460 2772 3687 2842 ἄρχεται

2111 2861 2238 2933 βοᾷν
2271 2862 2474 2930 λέγων·
2507 2860 2684 2928 Χαζοε
2721 2860 2976 2928 σφόδρα,
3013 2861 3263 2931 θύγατερ
3300 2862 3469 2915 Σιών.
3512 2861 3689 2930 Χαῖρε

2111 2951 2367 3021 σφόδρα,
2399 2951 2495 3022 βοᾷ
2528 2953 2555 3005 ὁ
2589 2953 2874 3024 προφήτης
2908 2952 3044 3022 πρὸς
3072 2952 3170 3022 τὴν
3200 2952 3594 3023 αἰχμαλωσίαν.
3620 2952 3684 3005 Ὢ

2104 3044 2298 3109 βάθος
2336 3044 2601 3097 πλούτου
2647 3042 2746 3096 καὶ
2781 3043 3003 3110 σοφίας
3042 3042 3142 3096 καί
3185 3041 3457 3112 γνώσεως
3495 3041 3690 3097 Θεοῦί

2111 3134 2211 3188 Διὰ
2233 3135 2286 3188 τὶ
2314 3135 2512 3204 xa'l'pe;
2551 3134 2643 3188 καὶ
2667 3131 2756 3187 διὰ
2776 3133 2828 3187 τί
2862 3134 3097 3204 σφόδρα
3118 3135 3321 3207 τέρπου
3344 3134 3436 3187 καὶ
3469 3132 3690 3205 εὐφραί⁹

2037 3257 2077 3315 C
2113 3241 2238 3290 νου;
2270 3224 2391 3277 Ὀτι
2434 3224 2559 3294 ἥκει
2611 3226 2639 3277 ό
2686 3223 3028 3294 ἐπιστρέφων
3088 3241 3147 3277 σε
3174 3263 3189 3287 ,
3259 3222 3442 3286 καθὼς
3493 3239 3693 3294 προανα

2110 3315 2390 3387 εφώνησεν
2422 3317 2449 3368 ὁ
2487 3315 2675 3387 Πατὴρ
2725 3314 2819 3368 τοῦ
2858 3315 3277 3385 ὲπιστρέφοντός
3321 3332 3381 3368 σε
3426 3314 3691 3387 βασιλέως

2106 3408 2312 3478 λέγων·
2362 3409 2463 3461 Ἐν
2506 3406 2586 3472 τῷ
2640 3406 2997 3475 ἐπιστρέψαι
3043 3408 3264 3476 Κύριον
3309 3408 3427 3476 τὴν
3479 3410 3690 3477 αἰχμα-

2106 3501 2339 3555 λωσίαν
2403 3498 2557 3553 Σιὼν
2581 3539 2596 3561 ,
2650 3497 3016 3566 ἐγενήθημεν
3094 3499 3177 3564 ὡς
3250 3494 3693 3567 πορακεκλημέ,

2107 3608 2233 3645 νοιο
2268 3591 2400 3644 τότε
2448 3589 2726 3657 ἐπλήσθη
2773 3590 2963 3657 χαρᾶς
3007 3588 3074 3643 τὸ
3121 3591 3315 3659 στόμα
3351 3588 3558 3659 ἡμῶν,
3590 3589 3691 3646 και

2110 3685 2148 3751 ἠ
2210 3681 2462 3752 γλῶσσα
2518 3679 2690 3750 ἡμῶν
2751 3682 3183 3750 ἀγαλλιάσεως.
3245 3684 3417 3752 Χαῖρε
3437 3721 3453 3745 ,
3504 3683 3691 3753 φησὶν,

2110 3774 2194 3827 ὅτι
2246 3773 2601 3843 ὑπεπράφης
2653 3774 2718 3826 ὲκ
2762 3775 2860 3846 τῆς
2905 3774 3280 3845 αἰχμαλωσίας
3338 3776 3447 3828 τῶν
3505 3775 3696 3845 δαιμό-

2111 3884 2240 3929 νων,
2276 3866 2372 3919 καὶ
2401 3865 2466 3919 ὲκ
2490 3866 2588 3935 τῆς
2618 3864 2868 3930 ἐξουσίας
2900 3866 2993 3919 τοῦ
3026 3865 3220 3930 αἰῶνος
3246 3867 3459 3930 τούτου,
3489 3869 3568 3931 εἰς
3595 3869 3695 3939 τὴν

2112 3959 2225 4025 ἄνω
2259 3957 2636 4028 Ἰερουσαλὴμ,
2664 3958 2729 4027 ἢν
2744 3957 3016 4028 ἐξεδέχετο
3037 3959 3065 4010 ὁ
3092 3960 3272 4030 πατήρ
3296 3975 3391 4012 σου
3420 3959 3692 4030 Ἀϐραὰμ,

2114 4048 2296 4112 καθώς
2342 4064 2444 4101 που
2490 4049 2518 4101 ό
2563 4049 2832 4120 μακάριος
2873 4048 3085 4113 Παῦλός
3139 4065 3337 4119 φησιν·
3390 4049 3586 4119 ’Υμεῖς
3624 4047 3693 4101 δὲ

2115 4139 2610 4207 προσεληλύθατε
2640 4142 2793 4193 Σιων
2821 4138 2943 4207 ὄρει
2967 4139 3066 4192 καὶ
3090 4141 3262 4193 πόλει
3280 4139 3428 4192 Θεοῦ
3460 4138 3691 4203 ζῶντος.

2130 4227 2521 4299 Ἰερουσαλὴμ
2555 4228 2909 4296 ἐπουρανίῳ,
2957 4230 3055 4280 καί
3096 4226 3384 4296 μυριάσιν
3425 4226 3693 4297 ἀγγέλων

2118 4319 2465 4389 πανηγύρει,
2496 4318 2594 4372 καί
2618 4318 2913 4385 ἐκκλησίᾳ
2929 4318 3315 4385 πρωτοτόκων
3339 4317 3695 4387 ἀπογεγραμ-

2115 4408 2315 4477 μένων
2341 4410 2412 4463 ἐν
2439 4408 2565 4477 τοῖς
2594 4406 2890 4476 οὐρανοῖς,
2928 4406 3026 4460 καί
3056 4403 3225 4474 κριτῇ
3248 4404 3368 4470 Θεῷ
3393 4403 3577 4468 ζῶντι,
3599 4403 3696 4458 καί

2122 4501 2424 4571 πνεύμασι
2459 4499 2705 4554 δικαίων
2759 4497 3255 4568 τετελειωμένων
3284 4496 3423 4551 ὅθεν
3471 4494 3697 4565 ἀπέδρα

2052 4603 2097 4663 D
2125 4590 2332 4656 ὀδύνη,
2363 4590 2529 4657 λύπη
2556 4588 2655 4642 καὶ
2693 4587 3059 4657 στεναγμός”
3115 4586 3262 4641 ἔνθα
3298 4584 3540 4639 πάντων
3582 4583 3698 4637 τῶν

2123 4680 2372 4734 δικαίων
2413 4677 2895 4748 εὐφραινομένων
2941 4678 3112 4732 ἐστὶν
3149 4679 3188 4746 ή
3241 4678 3528 4731 κατοικία.
3567 4675 3699 4730 Τότε

2124 4772 2324 4842 τέρπου
2362 4770 2457 4825 καὶ
2494 4770 2806 4843 εὐφραίνου,
2840 4770 2933 4830 καὶ
2970 4772 3124 4841 χαῖρε
3170 4768 3393 4839 σφόδρα,
3441 4767 3699 4835 θύγατερ,

2124 4860 2329 4932 ταύτης
2356 4861 2455 4930 τῆς
2494 4858 2663 4923 Σιὼν,
2702 4859 2877 4930 δῆλον.
2917 4860 3026 4913 Καὶ
3062 4859 3151 4912 διὰ
3186 4859 3238 4911 τί
3286 4875 3453 4927 φησι,
3493 4857 3701 4929 Σφόδρα

2124 4953 2319 5024 χαίρω,
2343 4946 2388 5017 ὦ
2407 4952 2687 5024 προφῆτα;
2722 4949 2917 5018 Χαῖρε,
2961 4951 3093 5011 διότι
3121 4949 3304 5003 οὐκέτι
3329 4949 3538 5005 ὀδύναις
3557 4950 3701 5003 ἐκει-

2125 5062 2243 5110 ναις
2294 5042 2744 5119 αἰχμαλωτεύσῃ·
2794 5042 3029 5114 σφόδρα
3078 5042 3167 5107 δὲ,
3217 5042 3350 5097 διότι
3388 5043 3487 5113 οὐχ
3539 5041 3614 5105 ὡς
3653 5039 3704 5093 oi

2123 5135 2302 5190 λοιποὶ
2333 5134 2591 5208 βασιλεῖς,
2624 5133 2796 5197 οὕτως
2822 5135 2851 5188 ὀ
2884 5134 3141 5205 ῥυόμενός
3170 5151 3231 5195 σε
3250 5151 3263 5164 ·
3297 5133 3430 5189 ἀλλά
3456 5132 3703 5203 βασιλεὺς

2127 5227 2365 5297 αἰώνιος,
2401 5226 2494 5281 καὶ
2520 5225 2713 5279 αἰωνία
2749 5222 2915 5278 αὑτοῦ
2954 5212 2991 5295 ἡ
3019 5222 3296 5293 βασιλεία,
3330 5220 3511 5285 καθώς
3540 5237 3704 5293 φησιν

444 5324 565 5405 ejus
611 5339 840 5395 regnum
882 5333 1149 5379 aeternum
1204 5330 1322 5386 est,
1366 5322 1444 5377 ita
1486 5323 1636 5381 salus
1681 5330 1774 5376 tua
1818 5329 2009 5376 aeterna

2129 5320 2158 5371 ὁ
2189 5317 2417 5385 ἄγγελος
2444 5315 2688 5387 Γαϐριὴλ
2720 5317 2856 5387 πρὸς
2880 5314 2977 5382 τὴν
3008 5312 3219 5385 μητέρα
3250 5308 3414 5367 αὐτοῦ
3446 5312 3540 5365 καὶ
3565 5327 3703 5405 παρ-

446 5399 572 5481 ετίί.
602 5414 831 5486 Propter
859 5416 964 5470 hoc
993 5431 1153 5491 ergo,
1180 5412 1362 5475 Gaude
1388 5413 1710 5468 vehementer
1727 5428 1746 5477 ;
1770 5412 2004 5483 pradica

2131 5407 2281 5462 θένον
2325 5406 2558 5480 Μαριάμ
2579 5424 2592 5436 ·
2645 5406 2755 5461 Καὶ
2790 5404 2898 5474 τῆς
2922 5403 3246 5473 ,ϐασιλείας
3275 5401 3460 5467 αὐτοῦ
3496 5404 3609 5457 οὐκ
3644 5399 3710 5455 ἐκ

450 5507 568 5590 filia
602 5506 752 5563 Sion.
788 5506 929 5575 Quid
968 5490 1276 5580 praedicabo
1298 5549 1314 5575 ,
1358 5524 1392 5562 ο
1439 5505 1752 5579 propheta?
1783 5503 2009 5559 Praedic:

2133 5516 2271 5555 σται
2301 5499 2497 5566 τέλος·
2532 5500 2627 5553 καὶ
2652 5496 2833 5555 καθὼς
2860 5497 3053 5552 αἰωνία
3078 5492 3244 5550 αὐτοῦ
3271 5495 3305 5566 ἡ
3337 5492 3599 5564 βασιλεία,
3615 5490 3703 5547 οὔ·

525 5715 571 5749 ⁸⁸
609 5715 756 5788 Psa].
789 5732 970 5781 vau.
1008 5718 1116 5785 19;
1165 5716 1364 5788 Ephes.
1404 5671 1488 5784 Iv,
1517 5717 1569 5772 8.
1602 5712 1605 5715 ’
1647 5714 1692 5750 ¹⁶
1728 5712 2009 5788 13591.3“

2114 5710 2168 5788 ξ).
2244 5710 2287 5742 ’⁷
2330 5706 2519 5788 blatth.
2545 5705 2747 5788 ιν.ρκ
2804 5707 2847 5737 ’³
2888 5704 3053 5763 Zach.
3077 5718 3143 5788 ξς
3167 5744 3182 5772 ,
3344 5705 3390 5739 ³⁸
3425 5698 3705 5788 Bouh“,

455 5786 543 5857 3'5.
621 5787 666 5820 ³⁸
704 5785 848 5852 Psal.
884 5774 1042 5853 cxsv,
1082 5774 1141 5853 ι’,
1180 5774 1231 5853 2'.
1312 5789 1352 5820 ³¹
1396 5774 1559 5841 Hebr.
1600 5802 1709 5852 ιιι,
1741 5783 1842 5849 22,
1873 5783 1962 5837 23.
2039 5783 2082 5814 "
2122 5780 2224 5837 lsa.
2261 5795 2345 5846 LI,
2383 5778 2466 5832 lt.
2544 5778 2587 5809 ³³
2627 5777 2769 5832 Psal.
2808 5792 3040 5842 Lxsxw,
3077 5775 3125 5829 7.
3204 5775 3249 5808 ”
3286 5774 3419 5829 Luc.
3460 5790 3511 5841 ι,
3549 5774 3635 5827 3'5.
