4138 6506
496 427 632 486 1269

1511 430 1769 486 ORATIO
1808 430 1874 485 IN
1919 427 2153 484 BAMOS
2191 426 2605 486 PALMARUM.

3626 434 3765 494 i270

493 559 602 605 τως
655 543 849 598 αίωνία
904 561 996 598 σου
1046 545 1080 617 ἡ
1133 545 1394 617 σωτηρία.
1438 547 1543 607 Διὰ
1586 549 1746 603 τοῦτο
1776 545 1869 603 οὖν
1906 547 2062 616 Χαῖρε

2185 547 2299 617 regi
2329 553 2424 602 tuo
2444 588 2458 612 ,
2490 549 2584 618 qui
2619 548 2764 603 venit
2794 548 2863 605 de
2894 548 3125 617 excelsis
3157 551 3426 607 calorum
3478 556 3538 604 ut
3568 556 3622 604 te
3655 550 3765 605 sal-

493 633 761 703 σφόᾶρα·
802 636 1077 707 κήρυττε,
1130 640 1381 709 θύγατερ
1423 639 1841 712 Ἰερουσαλήμ.
1887 642 1952 694 Τί
1984 660 2084 713 κη-

495 725 662 798 ρύξω,
694 722 739 781 ὦ
764 732 1051 803 προφῆτας
1082 734 1333 803 Κήρυττε
1362 733 1440 804 τῷ
1465 733 1675 804 βασιλεῖ
1699 753 1814 802 σου,
1842 736 1919 806 τῷ
1947 753 2082 790 κατ-

466 818 700 874 Δελθόντι
731 821 840 875 ἀπὸ
884 823 993 876 τῶν
1037 823 1348 896 ὑψωμάτων
1378 827 1470 880 τοῦ
1511 828 1742 901 οὐρανοῦ
1776 827 1949 883 σῶσαί
1997 846 2077 891 σε,

493 910 867 983 εὐχαριστίαν,
882 913 1209 985 δοξολογίαν,
1229 918 1573 988 ὑμνολογίαν.
1588 922 1842 992 Κήρυττε
1871 922 2082 976 Ὡσαν-

491 1003 571 1056 νὰ
600 1004 671 1056 ἐν
698 1004 821 1071 τοῖς
840 1008 1141 1075 ὑψίστοις,
1164 1009 1284 1063 ὃθεν
1302 1013 1632 1082 παρεγένετο
1654 1012 1826 1066 σῶσαί
1848 1031 1907 1066 σε
1926 1031 1942 1045 ο
1964 1014 2081 1066 Εὐ-

490 1095 824 1165 λογημένος
865 1102 899 1152 ό
940 1100 1265 1169 ἐρχόμενος
1293 1102 1363 1155 ἐν
1398 1104 1641 1172 ὀνόματι
1684 1106 1924 1173 Κυρίου.
1968 1106 2080 1160 Καὶ

493 1186 682 1241 σκόπει
702 1206 790 1259 μοι
806 1189 895 1242 τὸν
914 1191 1326 1263 εὐαγγελιστὴν,
1354 1193 1474 1258 πῶς
1491 1194 1712 1248 διπλοῦν
1728 1196 1819 1249 τὸν
1844 1195 1885 1249 X
1897 1197 2078 1268 ριστὸν

490 1277 769 1350 κηρύττει.
792 1280 881 1333 Ἐν
908 1280 986 1352 τῷ
1008 1281 1118 1355 γὰρ
1145 1282 1344 1351 λέγειν,
1393 1285 1656 1340 Ὡσαννὰ
1685 1287 1756 1340 ἐν
1789 1286 1914 1354 τοῖς
1938 1289 2079 1357 ὑψί-

490 1386 680 1438 στοις,
724 1373 824 1445 τὴν
853 1374 1063 1446 ὑψηλὴν
1105 1378 1205 1448 τῆς
1246 1376 1497 1447 θεότητος
1534 1377 1695 1446 φύσιν
1725 1378 1906 1450 δηλοῖ·
1941 1382 1997 1432 ὲν
2021 1379 2077 1434 δὲ

489 1461 568 1531 τῷ
589 1462 771 1531 λέγειν
793 1480 807 1495 ο
829 1464 1260 1535 Εὐλογημένος
1304 1470 1336 1521 ὁ
1368 1469 1691 1539 ἐρχόμενος
1728 1472 1798 1525 ἐν
1835 1474 2079 1543 ὀνόματι

489 1553 732 1620 Κυρίου,
755 1553 852 1627 τὴν
888 1555 988 1626 τῆς
1014 1557 1432 1629 ἀνθρωπότητος
1458 1563 1647 1617 οὐσίαν
1694 1564 1981 1636 σημαίνει·
2016 1567 2078 1621 τὸ

488 1643 681 1717 εὐλογη
691 1645 850 1716 μένον
878 1649 1119 1721 σπέρμα,
1139 1650 1167 1703 ὃ
1198 1652 1463 1725 εύλογήθη
1500 1655 1528 1706 ὁ
1569 1655 1932 1728 εὐλογημένος
1948 1657 2074 1710 Ἀσ-

491 1733 659 1805 ραὰμ,
685 1737 743 1788 ὲν
772 1735 852 1807 τῷ
890 1738 1166 1810 σπέρματι
1198 1742 1363 1796 αὐτοῦ
1393 1744 1751 1817 εὑλογηθῆναι
1789 1748 1968 1802 πάντα
2006 1747 2076 1802 τὰ

488 1825 615 1898 ἔθνη
639 1830 738 1900 τῆς
755 1830 880 1900 γῆς.
909 1832 1320 1903 Εὐλογημένη,
1347 1836 1532 1906 φησὶν»
1563 1838 1601 1906 vi
1629 1838 1926 1909 ἐρχομένη
1954 1840 2072 1905 βα-

488 1922 688 1964 σιλεΙα
706 1921 812 1964 rm",
845 1923 1069 1964 InrnAn
1096 1924 1266 1964 enim
1295 1927 1469 1964 Ληιςίε
2100 1909 2144 1964 Β

488 1922 688 1974 cateia
706 1921 812 1975 τοῦ
844 1923 1069 1991 πατρὸς
1096 1924 1266 1994 ἡμῶν
1290 1927 1492 1985 Δαϐίδ.

575 2034 942 2106 Αναλάὅωμεν
968 2036 1131 2090 πάλιν
1172 2037 1269 2110 τὴν
1307 2040 1489 2114 φωνὴν
1520 2042 1618 2115 τὴν
1652 2046 1943 2118 προτέραν,
1980 2046 2072 2100 καὶ

486 2122 676 2197 ὥσπερ
709 2126 914 2196 μασθὸν
947 2129 1284 2199 προφητικὸν
1310 2132 1653 2204 ὲκπιέσωμεν
1680 2152 1691 2164 ·
1721 2134 1800 2188 ἔτι
1833 2137 1942 2209 γὰρ
1959 2136 2071 2207 ἕχει

485 2216 777 2283 γάλακτος.
802 2218 939 2291 Φησὶ
967 2221 1076 2293 γάρ
1094 2238 1109 2253 ’
1136 2223 1314 2293 Χαῖρε
1341 2226 1595 2296 σφόδρα,
1623 2228 1875 2299 θύγατερ
1898 2231 2065 2284 Σιών·

486 2304 780 2376 κήρυττε,
829 2312 1082 2382 θύγατερ
1125 2315 1540 2388 Ἰερουσαλήμ.
1571 2321 1682 2373 Καὶ
1722 2321 1864 2385 τίνος
1884 2320 2069 2378 ἕνεκεν

486 2399 737 2468 θύγατερ
766 2401 939 2469 Σιὼν,
981 2405 1075 2458 καὶ
1109 2407 1169 2460 οὐ
1203 2406 1375 2475 Σιών;
1430 2410 1525 2463 καὶ
1565 2411 1816 2482 θύγατερ
1857 2413 2068 2482 Ἰερου-

483 2492 713 2561 σαλὴμ,
744 2495 838 2547 καὶ
853 2496 914 2548 οὐ
944 2496 1332 2571 Ἱερουσαλήμ;
1398 2502 1639 2573 Πρόσεχε
1666 2503 1925 2571 συνετῶς,
1955 2525 2064 2561 πα-

485 2583 727 2654 ρακαλῶ.
775 2586 984 2658 Ὥσπερ
1014 2590 1123 2662 γὰρ
1155 2591 1223 2645 τὰ
1250 2592 1491 2663 ὀνόματα
1529 2594 1637 2648 τῶν
1670 2594 1935 2666 βοτανῶν,
1972 2600 2067 2654 καὶ

481 2673 591 2728 τῶν
619 2677 902 2740 πετεινῶν,
932 2681 1153 2735 καὶτῶν
1175 2684 1539 2755 τετραπόδων,
1572 2688 1666 2739 καὶ
1706 2688 1815 2741 τῶν
1856 2689 2068 2762 ἀνθρὼο

482 2785 621 2833 πων,
654 2769 795 2824 κατὰ
821 2772 922 2844 τὴν
964 2772 1225 2846 διαφορὰν
1256 2775 1358 2846 τῆς
1394 2777 1609 2850 μορφῆς
1642 2780 1733 2833 καὶ
1774 2780 1874 2851 τῆς
1907 2782 2062 2836 δυνά-

481 2873 628 2927 μεως
654 2859 797 2914 οὕτω
825 2861 920 2914 καὶ
946 2862 1007 2915 τὸ
1033 2862 1206 2933 ὄνομα
1235 2866 1522 2936 κέκτηται,
1554 2868 1726 2933 οὕτως
1750 2871 1954 2942 ἑκάστη
1981 2890 2066 2927 κε-

482 2946 608 3015 ραία
657 2950 765 3002 τῶν
823 2948 982 3003 θείων
1015 2951 1211 3021 )ογίων
1248 2953 1386 3007 ἰδίαν
1430 2955 1660 3027 δύναμιν
1705 2959 1802 3012 καὶ
1834 2960 2063 3035 θεωρίαν

477 3037 760 3109 κέκτηται.
793 3040 1002 3094 Οὐκοῦν
1032 3045 1436 3117 ὲρεννήσωμεν,
1487 3048 1540 3100 τί
1583 3049 1784 3122 δήποτε
1833 3052 1932 3125 τὴν
1966 3053 2063 3108 νῦν

478 3129 675 3200 πιστὴν
713 3130 1063 3205 Ἰερουσαλὴμ
1096 3135 1312 3207 πρῶτον
1333 3137 1489 3190 καλεῖ
1523 3141 1551 3191 ὁ
1585 3142 1870 3213 προφήτης
1895 3143 2065 3213 θυγα-

473 3221 608 3326 τερα
657 3222 796 3326 ξιῶν
847 3223 1127 3326 [mpm-re,
1180 3226 1418 3301 θύγατερ
1488 3230 2133 3326 ’1ερουσαλήμ].Φησ⁴ιο

473 3311 610 3385 γάρ’
642 3313 817 3382 Χαῖρε
850 3316 1105 3386 σφόδρα,
1140 3319 1392 3390 θύγατερ
1418 3321 1568 3376 Σιών
1588 3341 1601 3354 ο
1647 3324 1920 3394 κήρυττε.
1959 3332 2053 3385 θύο

473 3421 648 3474 γατερ
700 3407 1101 3479 Ἰερουσαλήμ.
1171 3410 1308 3465 Σιὼν
1374 3415 1729 3486 ἑρμηνεύεται
1790 3418 2048 3488 διψῶσα.

477 3497 633 3552 Ἐστι
661 3497 717 3552 δὲ
748 3500 944 3571 αὖτηὴ
980 3504 1271 3577 συναγωγὴ
1307 3507 1417 3559 τῶν
1451 3507 1674 3563 δικαίων
1708 3511 1803 3564 καὶ
1840 3530 2054 3587 προφη-

470 3588 581 3641 τῶν
600 3606 614 3621 ο
636 3591 745 3643 τῶν
770 3593 863 3645 ἀπ’
886 3594 1080 3660 αἰῶνος
1120 3598 1281 3669 μέχρι
1313 3600 1413 3670 τῆς
1446 3601 1681 3672 Χριστοῦ
1712 3605 2048 3675 παρουσίαςο

469 3679 797 3752 διψήσαντες
846 3686 1110 3758 ἑνωθῆναι
1141 3689 1235 3743 καὶ
1281 3691 1648 3763 εὐαρεστῆσαι
1688 3696 1756 3766 τῇ
1805 3694 1926 3768 θείᾳ
1958 3697 2053 3751 καὶ

471 3779 818 3848 προσκυνητῇ
861 3779 1018 3852 οὐσίᾳ
1045 3780 1144 3850 τῆς
1181 3780 1451 3853 θεότητος,
1480 3783 1662 3849 καθώς
1703 3802 1866 3856 φησιν
1902 3788 1930 3840 ὀ
1963 3805 2054 3841 κο-

474 3871 700 3939 ρυφαῖος
720 3869 828 3923 τῶν
852 3871 1166 3927 ἀποστόλων
1183 3874 1406 3947 Πέτρος·
1433 3877 1567 3929 Ἵνα
1584 3877 1869 3946 γένωνται
1889 3881 2053 3947 θείας

469 3962 743 4015 κοινωνοὶ
772 3963 1033 4030 φύσεως.
1055 3959 1234 4029 Οὗτοι,
1265 3966 1557 4037 ζητοῦντες
1583 3969 1675 4022 τὸν
1704 3971 1938 4041 Χριστὸν
1956 3975 2052 4027 καὶ

464 4049 745 4122 διψῶντες,
779 4053 1083 4126 ἐκλήθησαν
1117 4056 1275 4124 Σιὼν,
1306 4058 1488 4122 καθὼς
1513 4055 1592 4124 εἷς
1628 4061 1688 4125 ἐξ
1725 4063 1904 4117 αὐτῶν
1935 4064 2051 4117 ἕλε-

464 4158 560 4212 γεν
581 4158 597 4176 ο
644 4145 977 4214 Ἐὃίψησεν
1000 4149 1038 4215 ἠ
1064 4149 1234 4217 ψυχή
1246 4168 1366 4218 μου
1393 4153 1544 4220 πρὸς
1586 4152 1693 4207 τὸν
1742 4155 1891 4209 Θεὸν
1941 4158 2050 4211 τὸν

465 4237 720 4307 ἰσχυρὸν
767 4239 875 4293 τὸν
906 4238 1109 4301 ζῶντα.
1147 4244 1313 4296 Ὅταν
1356 4244 1413 4327 δε
1456 4245 1715 4317 ἐπέτυχον
1755 4248 1846 4301 καὶ
1896 4249 2049 4321 ἤγγι-

465 4342 584 4389 σαν,
612 4328 810 4399 μᾶλλον
835 4330 891 4382 δὲ
924 4329 1217 4401 ὤφθησαν
1256 4335 1352 4388 καὶ
1386 4335 1730 4406 ἐθεώρησαν
1762 4341 1829 4394 τὸ
1859 4343 2050 4410 πρόσο-

462 4433 627 4473 ωπον
645 4420 834 4475 αὐτοῦ
851 4439 867 4454 ⁶
884 4420 1027 4477 οὕτω
1053 4424 1162 4497 γὰρ
1194 4426 1342 4496 λέγει
1364 4428 1526 4499 ἑτέρα
1545 4428 1775 4495 ἔκδοσις·
1800 4432 2048 4501 ἐγένοντο

472 4511 846 4585 Ἰερουσαλὴμ,
878 4516 1115 4589 ὁρῶντες
1135 4517 1288 4583 Θεὸν,
1313 4521 1406 4573 καὶ
1447 4526 1841 4596 σκοπευτήριον
1866 4527 2047 4600 πάσης

2188 648 2305 704 νοι,
2337 641 2641 710 gratiarum
2667 641 2971 705 actionem,
3007 641 3460 712 gloriﬁcalionem
3483 682 3499 705 ,
3538 639 3763 696 laudum

2183 732 2422 785 cantica.
2454 729 2699 786 Praedica
2736 730 2997 786 Hosanna
3025 734 3079 786 in
3116 733 3396 787 altissimis
3424 733 3504 798 ³⁸,
3539 731 3685 787 unde
3717 731 3765 787 is

2182 829 2238 877 te
2291 822 2607 878 salvaturus
2637 823 2858 877 advenit
2883 841 2898 877 :
2950 822 3263 877 Benedictus
3290 825 3380 895 qui
3410 824 3547 879 venit
3578 823 3633 878 in
3662 841 3763 877 no-

2180 913 2320 967 mine
2349 913 2567 968 Domini
2598 915 2664 970 ³⁶.
2699 913 2781 968 Τιι
2831 928 2962 969 vero
2993 914 3124 968 mihi
3155 916 3542 986 evangelistam
3579 914 3763 970 consi-

2180 1003 2344 1067 dera,
2401 1011 2459 1058 ut
2509 1004 2785 1074 duplicem
2842 1002 3124 1059 Christum
3176 1005 3457 1074 praedicet.
3521 1003 3765 1059 Dicendo

2179 1096 2324 1150 enim
2355 1138 2369 1162 ,
2406 1095 2666 1152 Hosanna
2713 1098 2768 1151 in
2814 1097 3128 1161 altissimis,
3180 1098 3466 1152 sublimem
3507 1107 3759 1152 naturam

2179 1184 2487 1243 divinitatis
2515 1186 2760 1242 ostendit
2786 1204 2800 1253 ;
2827 1186 3063 1242 dicendo
3087 1194 3269 1242 autem
3296 1206 3310 1243 :
3337 1187 3647 1242 Benedictus
3674 1188 3763 1257 qui

2178 1279 2313 1332 venit
2347 1278 2402 1332 in
2437 1280 2647 1333 nomine
2683 1278 2931 1344 Domini,
2967 1280 3337 1335 substantiam
3372 1280 3622 1350 designat
3653 1280 3759 1335 hu-

2179 1370 2456 1425 manitatis
2482 1389 2494 1425 :
2517 1386 2723 1439 semen,
2760 1371 3018 1441 inquam,
3057 1371 3190 1425 illud
3212 1372 3585 1438 benedictum,
3617 1371 3759 1442 quod

2178 1459 2501 1517 benedictus
2534 1461 2808 1516 Abraham
2845 1462 2901 1516 in
2941 1462 3375 1518 benedictionem
3418 1464 3662 1534 accepit,
3704 1472 3762 1516 ut

2178 1551 2232 1605 in
2264 1554 2475 1609 semine
2504 1555 2627 1622 ejus
2667 1556 3128 1611 benedicerentur
3175 1571 3366 1612 omnes
3411 1563 3602 1626 gentes
3651 1563 3762 1610 ter-

2176 1658 2251 1698 ra:
2271 1645 2336 1698 ³⁷.
2367 1644 2712 1700 Benedictum
2733 1685 2747 1711 ,
2771 1647 2986 1720 inquit,
3015 1646 3155 1719 quod
3182 1650 3318 1702 venit
3348 1663 3565 1718 regnum
3589 1649 3760 1717 patris

2176 1735 2345 1789 nostri
2373 1733 2546 1789 David
2574 1736 2641 1791 ³⁸.

2244 2038 2333 2092 lV.
2363 2037 2728 2094 Resumamus
2756 2037 2993 2109 priorem
3019 2052 3206 2093 vocem
3229 2078 3244 2104 ,
3271 2052 3334 2092 ac
3356 2037 3504 2093 velut
3523 2037 3755 2108 prophe-

2173 2131 2283 2185 tica
2316 2131 2481 2186 ubera
2510 2131 2925 2202 exprimamus:
2962 2136 3162 2201 quippe
3196 2131 3374 2186 adhuc
3409 2133 3491 2186 lac
3526 2133 3751 2189 habent.

2171 2220 2262 2275 Ait
2297 2221 2599 2292 siquidem:
2633 2218 2815 2275 Gaude
2859 2220 3197 2286 vehementer,
3234 2221 3353 2291 ﬁlia
3396 2220 3571 2285 Sion;
3614 2239 3753 2292 pra:-

2169 2304 2325 2378 dica,
2357 2312 2476 2382 ﬁlia
2503 2310 2825 2366 Jerusalem.
2868 2310 3142 2378 Quorsum
3193 2328 3325 2368 vero
3349 2352 3364 2376 ,
3417 2314 3537 2384 ﬁlia
3580 2312 3709 2370 Sion
3735 2355 3749 2377 .

2171 2401 2492 2471 nonSion?
2518 2402 2795 2471 Quorsum
2837 2405 2954 2473 ﬁlia
2994 2402 3294 2459 Jerusalem
3314 2445 3329 2470 ,
3380 2422 3491 2460 non
3522 2404 3749 2462 Jerusa-

2168 2495 2319 2551 lem?
2373 2494 2571 2562 Quaaso
2622 2494 2875 2550 attendas
2922 2495 3215 2565 sapienter.
3277 2496 3748 2562 Quemadmodum

2167 2587 2312 2643 enim
2343 2589 2494 2643 olera
2516 2627 2531 2652 ,
2566 2588 2855 2651 volucres,
2894 2587 3253 2658 quadrupeda
3289 2588 3547 2643 animalia
3583 2598 3748 2659 atque

2168 2680 2451 2744 homines,
2495 2694 2594 2751 pro
2637 2680 2790 2734 varia
2836 2679 3010 2734 forma
3056 2687 3221 2751 atque
3251 2680 3492 2741 virtute,
3525 2681 3631 2734 alia
3665 2686 3750 2735 at-

2166 2786 2275 2841 que
2315 2770 2421 2826 alia
2465 2781 2798 2843 acceperunt
2831 2773 3078 2835 nomina,
3136 2775 3217 2829 sic
3251 2787 3382 2829 sane
3429 2772 3630 2844 singuli
3664 2773 3750 2826 di-

2166 2864 2417 2918 vinorum
2454 2864 2798 2934 eloquiorum
2835 2864 3049 2934 apices,
3085 2865 3344 2920 virtutem
3376 2866 3650 2936 propriam
3685 2879 3749 2919 ac

2166 2970 2389 3012 sensum
2422 2957 2726 3027 spiritalem
2762 2957 2986 3013 habent.
3021 2958 3345 3015 Scrutemur
3362 2975 3525 3030 ergo,
3555 2974 3749 3030 quam-

2165 3050 2354 3104 obrem
2386 3049 2686 3119 prepheta,
2739 3049 2949 3106 ﬁdelem
2985 3052 3288 3107 Jerusalem
3311 3092 3326 3117 ,
3373 3052 3613 3124 primum
3649 3067 3747 3123 ap-

2166 3142 2329 3214 pellet
2383 3139 2548 3195 ﬁliam
2599 3141 2772 3208 Sion;
2808 3128 3154 3214 subindeque
3201 3143 3366 3198 ﬁliam
3416 3142 3744 3200 Jerusalem.

2166 3233 2300 3287 Nam
2330 3234 2406 3287 ait
2433 3252 2446 3288 :
2484 3230 2668 3290 Gaude
2698 3235 3044 3299 vehementer,
3075 3235 3194 3304 ﬁlia
3244 3235 3416 3299 Sion;
3465 3236 3700 3305 pra'dica
3728 3275 3741 3300 ,

2163 3326 2281 3395 filia
2312 3325 2635 3381 Jerusalem.
2675 3327 2807 3381 Sion
2843 3329 3135 3397 exponitur
3166 3328 3369 3382 sitiens.
3403 3326 3530 3383 Haec
3576 3344 3744 3399 porro

2154 3417 2431 3487 justorum
2465 3433 2529 3473 ac
2556 3418 2945 3490 prophetarum
2975 3421 3323 3490 congregatio
3350 3427 3467 3484 est,
3499 3421 3592 3491 qui
3626 3421 3743 3477 fue-

2158 3519 2287 3565 runt
2312 3526 2340 3565 a
2374 3511 2576 3566 saiculo
2608 3527 2781 3581 usque
2812 3511 2876 3566 ad
2908 3512 3113 3566 Christi
3150 3512 3440 3566 adventum
3470 3532 3482 3566 :
3520 3513 3614 3583 qui
3649 3514 3701 3567 ni
3722 3544 3736 3555 -

2155 3599 2356 3654 mirum
2394 3599 2537 3653 uniri
2572 3600 2863 3667 sitierunt,
2900 3604 2981 3655 ac'
3011 3600 3227 3670 placere
3263 3600 3459 3658 divina:
3503 3605 3738 3657 adorau-

2154 3689 2347 3761 daeque
2392 3690 2700 3745 divinitatis
2740 3689 3103 3756 substantia,
3151 3690 3612 3760 quemadmodum
3659 3693 3737 3744 ait

2151 3780 2348 3838 Petrus
2377 3782 2749 3853 apostolorum
2777 3782 3067 3853 princeps:
3103 3781 3172 3837 Ut
3192 3782 3383 3837 divina:
3408 3783 3589 3852 eﬁicer.
3607 3794 3737 3837 nlur

2153 3885 2419 3930 consortes
2454 3884 2661 3929 natura:
2695 3875 2762 3929 ⁹⁹.
2799 3873 2907 3952 Hi,
2939 3875 3180 3946 'inquam
3208 3915 3223 3941 ,
3258 3874 3537 3930 Christum
3589 3891 3737 3946 qua:-

2152 3974 2338 4023 rentes
2387 3980 2451 4021 ac
2506 3966 2757 4022 sitientes
2805 3949 3060 4036 appellati
3108 3972 3237 4021 sunt
3267 3962 3439 4029 Sion,
3474 3966 3737 4036 quemad-

2152 4057 2375 4112 modum
2412 4072 2604 4112 eorum
2655 4056 2857 4128 aliquis
2910 4048 2989 4133 ait
3021 4075 3034 4111 :
3072 4054 3251 4115 Sitiuit
3302 4057 3484 4111 anima
3518 4074 3632 4111 mea
3665 4060 3733 4115 ad

2151 4149 2322 4205 Deum
2365 4149 2554 4219 fortem
2607 4150 2777 4203 vivum
2820 4148 2886 4201 ⁸ο.
2944 4147 3046 4203 Ubi
3083 4160 3264 4205 autem
3295 4149 3475 4219 adepti
3510 4158 3640 4205 sunt
3672 4167 3736 4205 ac

2151 4250 2541 4309 accesserunt,
2579 4256 2675 4297 seu
2718 4241 2903 4312 potius
2946 4226 3192 4295 viderunt
3231 4257 3293 4294 ac
3334 4244 3559 4296 contuiti
3608 4253 3735 4297 sunt

2148 4336 2337 4406 faciem
2370 4334 2524 4405 ejus;
2556 4334 2637 4390 sic
2670 4334 2817 4390 enim
2853 4333 3017 4389 habet
3048 4334 3154 4387 alia
3185 4333 3395 4399 editio;
3432 4333 3566 4388 facti
3597 4346 3731 4391 sunt

2146 4426 2449 4484 Jerusalem
2485 4424 2654 4480 Deum
2688 4424 2975 4490 videntes,
3011 4440 3074 4480 ac
3110 4425 3279 4479 totius
3315 4424 3562 4479 scientiae
3605 4441 3731 4495 spe-

2148 4521 2293 4576 cula.
2328 4518 2505 4589 Hujus
2539 4531 2704 4588 porro
2739 4516 2874 4576 Sion
2905 4516 3071 4572 ﬁliam
3103 4525 3292 4582 vocat,
3326 4515 3513 4573 ﬁdeles
3540 4517 3595 4572 in
3626 4517 3735 4573 Do-

458 4604 558 4675 τῆς
591 4604 863 4673 γνώσεως.
887 4606 1173 4680 Θυγατὲρα
1210 4610 1268 4664 δὲ
1306 4611 1508 4683 ταύτης
1551 4614 1691 4668 Σιὼν
1721 4616 1879 4671 καλεῖ
1922 4620 2047 4684 τοὺς

2161 4613 2303 4667 mino
2350 4613 2444 4682 qui
2488 4610 2683 4666 sitiunt
2733 4625 2829 4685 per
2883 4609 3080 4673 ﬁdem,
3131 4609 3337 4680 quique
3380 4609 3731 4680 exsequendo

457 4694 546 4749 διὰ
574 4697 673 4766 τῆς
693 4696 929 4763 πίστεως
946 4699 1233 4770 διψῶντας,
1264 4704 1360 4757 καὶ
1395 4704 1483 4759 διὰ
1515 4708 1613 4779 τῆς
1647 4709 1908 4781 ἐργασίας
1938 4712 2046 4765 τῶν

2161 4705 2463 4777 evangelica
2507 4710 2811 4774 praecepta,
2862 4701 3151 4758 Dominum
3199 4702 3254 4756 in
3282 4702 3363 4757 eis
3397 4704 3729 4757 occultatum

458 4787 685 4841 ἐντολῶν
727 4788 823 4842 τοῦ
872 4790 1226 4859 Εὑαγγελίου,
1273 4792 1572 4865 ζητοῦντας
1611 4799 1792 4869 εὑρεῖν
1817 4801 1907 4853 τὸν
1939 4802 2048 4855 Κύ-

459 4892 596 4947 ριον,
639 4878 731 4931 τὸν
780 4881 838 4933 ὲν
880 4881 1066 4946 αὐτοῖς
1097 4886 1500 4955 κεκρυμμένον,
1560 4889 1742 4955 καθώς
1797 4909 1931 4965 φησι
1980 4894 2044 4947 τὸ

455 4968 612 5039 ἅγιον
643 4971 899 5042 Πνεῦμα·
944 4974 1104 5042 Αὕτη
1142 4977 1181 5044 ἡ
1213 4978 1386 5047 γενεὰ
1423 4978 1758 5048 ζητούντων
1784 4985 1893 5036 τὸν
1921 4986 2040 5039 Κύ-

447 5079 601 5130 ριον,
651 5062 982 5132 ζητούντων
1021 5066 1087 5121 τὸ
1125 5070 1449 5139 πρόσωπον
1485 5071 1591 5125 τοῦ
1636 5074 1784 5129 Θεοῦ
1817 5075 2035 5131 Ἰακώϐ.

453 5154 566 5247 Καὶ
589 5157 716 5209 ὅταν
744 5158 1063 5229 ἐπιτύχωσι,
1083 5160 1369 5216 καλοῦνται
1392 5162 1637 5238 θυγάτηρ
1657 5166 1755 5237 τῆς
1778 5185 2039 5247 προειρη-

456 5244 623 5316 μένης
656 5248 1031 5323 ἰερουσαλὴμ,
1066 5250 1396 5326 θεωροῦντες
1432 5256 1523 5311 τὸν
1566 5260 1733 5322 Θεὸν,
1770 5262 1864 5317 καὶ
1914 5244 2037 5316 σκο-

453 5335 681 5401 ποῢντες
720 5338 818 5411 τὴν
864 5343 1243 5415 πνευματικὴν
1285 5344 1505 5413 γνῶσιν.
1542 5347 1884 5421 Παρακαλῶν
1917 5350 1973 5404 δὲ
2007 5354 2039 5404 ό

450 5431 739 5502 προφήτης
761 5432 849 5486 διὰ
878 5433 972 5487 τοῦ
1002 5435 1308 5507 πνεύματος
1335 5439 1428 5492 τὸν
1471 5439 1602 5495 Θεὸν
1632 5441 1905 5507 ἀναδεῖξαι
1933 5444 2032 5519 τὴν

450 5522 704 5593 τοιαύτην
750 5523 889 5579 Σιὼν
934 5527 1029 5581 καὶ
1063 5528 1436 5603 Ἰερουσαλὴμ,
1492 5532 1656 5605 φησί·
1713 5533 2031 5604 Μνήσθητι

452 5608 558 5678 τῆς
584 5615 946 5686 συναγωγῆς
982 5634 1120 5685 σου,
1163 5615 1237 5691 ἧς
1275 5622 1510 5691 ἐκτήσω
1543 5623 1842 5695 ἀπῳχῆς.
1889 5627 2031 5681 Οὐκ-

519 5788 787 5869 ")dajth.
830 5808 945 5860 χιι,
978 5796 1033 5851 9.
1105 5795 1150 5869 ‘f
1182 5795 1323 5855 ibid.
1356 5868 1361 5869 ί
1392 5798 1440 5869 Α³ῗ
1482 5800 1677 5859 chcs.
1718 5819 1887 5869 mu,
1935 5805 2017 5858 18.

446 5856 502 5917 3.
580 5860 620 5893 “
661 5861 805 5921 Psal.
842 5856 1049 5930 mm,
1109 5866 1161 5921 2.
1245 5870 1290 5900 δ·
1330 5867 1464 5927 ibid.

2120 5804 2163 5837 ³⁸
2222 5799 2390 5859 Marc.
2429 5817 2517 5883 n_,
2560 5801 2646 5858 10.
2723 5802 2766 5835 ³⁹
2806 5800 2852 5857 ll
2890 5800 3043 5858 Petr.’
3076 5816 3132 5867 ι,
3169 5801 3221 5858 4.

2149 4800 2399 4855 invenire
2445 4804 2732 4868 quaerunt,
2769 4795 2851 4850 uti
2894 4795 2972 4849 ait
3014 4793 3254 4864 Spiritus
3297 4802 3560 4858 sanctus;
3601 4793 3731 4849 Hazc

2146 4899 2225 4945 est
2253 4888 2522 4960 generatio
2549 4886 2893 4957 quaerentium
2917 4882 3233 4951 Dominum,
3266 4886 3613 4956 quwrentium
3643 4888 3732 4957 {a-

2144 4982 2275 5036 ciem
2311 4978 2408 5039 Dei
2439 4976 2609 5033 Jacob
2641 4976 2709 5031 δί.
2751 4975 2853 5031 Ubi
2889 4985 3071 5031 autem
3109 4976 3394 5032 consecuti
3428 4984 3594 5043 sunt,
3626 4995 3728 5033 vo-

2146 5080 2343 5129 cantur
2372 5072 2479 5127 ﬁlia
2514 5070 2753 5143 praefatae
2781 5069 3088 5125 Jerusalem
3111 5112 3123 5135 ,
3155 5069 3404 5126 videntes
3439 5070 3610 5126 Deum
3662 5087 3727 5127 ac

2147 5165 2433 5223 scientiam
2475 5163 2779 5235 spiritalem
2825 5160 3192 5232 speculantes.
3243 5159 3417 5216 Porro
3460 5162 3727 5233 propheta

2147 5258 2314 5313 Deum
2347 5257 2648 5313 obsecrans
2676 5255 2731 5309 in
2769 5254 2967 5325 spiritu
2990 5294 3005 5317 ,
3040 5261 3100 5309 ut
3139 5270 3260 5310 eam
3306 5252 3437 5309 Sion
3470 5270 3533 5309 ac
3566 5254 3727 5310 Jeru-

2144 5350 2312 5405 salem
2367 5347 2681 5412 exhiberet,
2730 5346 2844 5400 ait:
2886 5344 3093 5400 Memor
3141 5354 3253 5400 esto
3306 5348 3725 5418 congregationis

2141 5453 2276 5506 tuw,
2322 5456 2482 5511 quam
2527 5440 2813 5509 possedisti
2854 5438 2918 5493 ab
2966 5440 3117 5493 initio
3157 5438 3223 5494 δ’.
3271 5437 3412 5510 Ergo
3453 5454 3581 5494 cum
3621 5439 3725 5496 hac

2140 5541 2317 5588 matre
2343 5540 2435 5587 tua
2455 5569 2471 5597 ,
2496 5540 2555 5587 tu
2581 5530 2713 5586 Sion
2748 5530 2931 5586 Gaude
2962 5530 3307 5595 vehementer,
3338 5518 3455 5601 filia
3481 5531 3724 5587 ccclesiis

2139 5625 2476 5681 Jerusalem:
2507 5625 2684 5681 clama
2715 5640 2840 5680 cum
2875 5633 2967 5679 tua
3001 5624 3093 5678 illa
3126 5631 3341 5681 matre:
3380 5622 3640 5679 Hosanna
3669 5627 3722 5680 in

3336 5803 3382 5836 “
3422 5802 3565 5861 Psal.
3604 5815 3718 5868 xu,
