4138 6476
383 394 518 452 (271

1508 384 1647 445 ΤΙᾘ
1682 383 2114 439 Βοετιιεαδιδ
2153 382 2461 439 EPXSCGPI

3482 386 3625 438 {273

381 513 658 570 altissimis
684 527 703 566 :
737 509 1049 565 Benedictus
1081 508 1172 580 qui
1233 506 1371 561 venit
1439 506 1495 560 in
1562 506 1769 561 nomine
1834 503 1943 558 Do-

2063 506 2140 558 rSv
2172 505 2287 575 μετ’
2311 503 2481 572 αὐτῆς
2505 502 2602 574 τῆς
2627 502 2831 574 μητρός
2861 517 2953 554 σου
2976 498 3137 565 Σιὼν,
3163 498 3340 568 Χαῖρε
3366 499 3622 569 σφόδρα,

382 606 533 662 mini.

2045 600 2299 669 θύγατερ
2341 596 2723 665 Ἰερουσαλὴμ
2750 595 3098 666 ἐπουρανίου·
3133 592 3269 664 μετὰ
3292 592 3392 664 τῆς
3423 592 3626 664 μητρός

385 716 480 755 σου
509 696 719 769 βοῶσα·
766 694 1028 749 Ὡσαννά
1065 692 1137 747 ἐν
1184 690 1310 759 τοῖς
1360 692 1674 761 ὑψίστοις·
1720 690 2119 763 εὐλογημένος
2152 694 2185 745 ὀ
2208 690 2530 759 ἐρχόμενος
2558 688 2628 743 ἐν
2651 689 2896 757 ὀνόματι
2920 687 3165 756 Κυρίου.

454 793 521 850 ν.
555 791 696 860 Quid
719 805 849 846 vero
874 791 951 845 ait
964 788 1317 859 Evangelia-3
1338 805 1352 842 :
1376 786 1512 842 Cum
1537 788 1956 858 appropinquas-

385 894 497 941 sent
549 880 935 952 Hierosolymis
958 918 975 945 ,
1026 888 1075 932 et
1124 878 1383 932 venissent
1413 876 1715 947 Bethphage
1751 876 1839 930 "‘l
1868 876 1955 932 Id-

383 977 533 1032 circo
554 977 696 1031 enim
722 974 820 1029 ivit
844 974 898 1027 in
920 971 1263 1027 ccenaculum
1285 1011 1299 1034 ,
1324 969 1391 1023 ad
1415 978 1653 1024 montem
1674 969 1953 1025 Olivarum

384 1064 577 1140 (quod
606 1073 692 1119 est
726 1061 970 1117 Ecclesia
1001 1060 1173 1115 lidelis
1206 1058 1435 1129 populi),
1473 1069 1532 1113 ut
1563 1073 1690 1113 eum
1724 1060 1956 1115 mandu-

385 1164 596 1212 careul.
623 1154 770 1209 Tunc
801 1152 945 1207 misit
978 1151 1240 1206 Dominus
1270 1149 1405 1203 duos
1430 1164 1494 1202 ea:
1514 1150 1789 1219 discipulis
1817 1151 1952 1207 suis.

387 1246 528 1303 Sunt
557 1245 645 1310 hi,
695 1244 847 1299 chori
888 1243 1031 1308 duo,
1062 1241 1451 1311 prophetarum
1492 1239 1705 1296 scilicet
1726 1247 1789 1295 et
1819 1254 1955 1311 apo-

386 1338 677 1395 stolorum.
709 1332 953 1404 Apostoli
983 1332 1129 1387 enim
1163 1345 1287 1385 cum
1321 1330 1580 1389 docerent
1608 1338 1832 1400 gentes,
1866 1346 1954 1387 se-

386 1445 515 1485 cum
539 1428 811 1483 habebam
831 1440 860 1478 a
888 1424 996 1480 Deo
1022 1423 1290 1494 inspirata
1315 1423 1535 1479 oracula
1563 1423 1951 1494 prophetarum

387 1540 508 1595 quae
555 1522 772 1577 Christo
818 1518 1188 1575 testimonium
1243 1518 1625 1588 perhiberent,
1681 1520 1955 1589 quomodo

384 1615 522 1670 vidit
552 1626 783 1682 magnus
810 1610 959 1665 inter
986 1610 1284 1681 prophetas
1327 1608 1614 1665 Ezechiel:
1666 1609 1831 1678 Rata,
1872 1611 1956 1665 in—

385 1704 539 1774 quit,
574 1704 629 1757 in
659 1712 810 1769 rota,
838 1700 1021 1754 volans
1051 1715 1113 1752 ac
1142 1715 1360 1754 currens
1393 1698 1461 1754 “.
1512 1698 1711 1755 Dicens
1747 1699 1951 1757 Jesus:

2129 787 2239 840 Kal.
2264 785 2317 839 τί
2350 802 2481 857 φησι
2525 784 2588 838 τδ
2631 783 2992 853 Εὑαγγέλιον·
3047 784 3184 837 Ὅτε
3228 781 3490 852 ἤγγισαν
3540 784 3628 850 είς

2071 879 2484 948 Ἰερουσαλὴμ,
2514 876 2615 931 καὶ
2644 873 2832 948 ἦλθον
2867 879 2954 943 εὶς
2994 874 3318 946 Βηθφαγῆ;
3360 875 3477 928 ’Ίνα
3520 874 3629 945 γὰρ

2059 971 2307 1041 φάγωσιν
2336 971 2499 1026 αὐτὸν
2519 970 2570 1023 οί
2593 968 2796 1033 πιστοὶ,
2828 968 3027 1039 ἤρχετο
3052 970 3110 1021 ὲν
3129 966 3206 1038 τῷ
3238 964 3470 1037 ὑπερῴῳ
3493 964 3630 1037 πρὸς

2056 1061 2119 1115 τὸ
2142 1061 2265 1134 ὅρος
2307 1061 2415 1116 τῶν
2445 1060 2670 1113 Ἐλαιῶν
2699 1061 2748 1127 (ὅ
2781 1062 2928 1113 ἐστιν
2959 1060 3025 1111 ὲκ
3043 1058 3137 1111 τοῦ
3164 1055 3295 1110 λαοῦ
3330 1055 3629 1126 πιστὴἘκ-

2058 1153 2299 1225 κλησία).
2325 1153 2464 1211 Τότε
2491 1155 2524 1206 ό
2554 1152 2769 1220 Κύριος
2795 1151 3116 1206 ἀπέστειλε
3139 1148 3248 1202 δύο
3290 1146 3410 1201 τῶν
3443 1152 3630 1217 μαθη-

2058 1247 2178 1303 τῶν
2212 1247 2418 1304 αὐτοῦ·
2466 1247 2661 1311 οἵτινές
2703 1250 2808 1300 είσι
2855 1245 2949 1299 δύο
2998 1243 3150 1316 χοροὶ¹
3194 1242 3302 1296 τῶν
3338 1239 3631 1313 προφητῶν

2058 1341 2153 1394 καί
2193 1340 2523 1394 ἀποστόλων.
2560 1337 2969 1408 Μαθητεύοντες
3000 1335 3111 1407 γὰρ
3155 1332 3226 1387 τὰ
3260 1333 3388 1403 ἔθνη
3418 1333 3468 1387 οἱ
3500 1330 3630 1385 ἀπό-

2061 1430 2256 1491 στολοι.
2278 1425 2425 1501 εἶχον
2449 1428 2574 1500 μεθ’
2600 1428 2804 1483 ἑαυτῶν
2824 1425 2893 1481 τὰ
2925 1426 3257 1480 θεόπνευστα
3286 1423 3396 1477 τῶν
3420 1437 3625 1495 προφη-

2056 1521 2167 1575 τῶν
2203 1520 2378 1591 λόγια,
2408 1519 2481 1575 τὰ
2524 1519 2903 1592 μαρτυροῦντα
2933 1512 3011 1588 τῷ
3048 1514 3288 1589 Χριστῷ,
3336 1513 3395 1568 ὃν
3432 1513 3630 1585 τρόπον

2054 1614 2362 1688 ἐθεώρησεν
2386 1615 2581 1678 αὐτοὺς
2606 1612 2868 1684 Ἰεζεκιὴλ
2916 1613 2945 1665 ό
2990 1611 3162 1682 μέγας
3199 1611 3257 1664 ἐν
3286 1609 3590 1680 προφήταις
3613 1623 3626 1635 ·

2066 1705 2303 1775 Τροχός,
2335 1706 2521 1775 φησὶν,
2552 1703 2622 1757 ἐν
2651 1702 2862 1773 τροχῷ,
2896 1703 3221 1771 πετόμενος
3250 1698 3347 1753 καὶ
3383 1696 3631 1766 τρέχων.

298 1850 307 1855 ,
386 1792 472 1848 Ite
512 1793 568 1847 in
611 1789 890 1845 castellum
929 1788 1068 1860 quod
1113 1797 1300 1841 contra
1329 1804 1417 1841 vos
1443 1797 1543 1855 est,
1597 1789 1743 1843 misit
1775 1804 1872 1843 eos
1903 1788 1958 1842 in

2063 1796 2323 1865 Λέγοντος
2352 1793 2488 1867 πρὸς
2517 1793 2716 1856 αὐτοὺς
2743 1791 2840 1846 τοῦ
2874 1789 3079 1863 Ἰησοῦ·
3105 1784 3510 1856 Πορευθέντες
3546 1787 3634 1851 είς

386 1886 701 1941 universum
727 1882 970 1954 gentium
998 1881 1184 1936 orbem
1216 1899 1230 1936 :
1258 1881 1525 1936 hactenus
1552 1880 1697 1936 enim
1730 1881 1959 1952 gentiles

386 1975 649 2034 contrarii
677 1980 837 2030 erant
865 1972 1007 2029 ﬁdeli
1036 1970 1297 2028 Ecclesia:
1323 1970 1535 2028 Judaici
1566 1972 1770 2043 populi.
1788 1971 1959 2027 Porro

386 2075 695 2140 opportuno
718 2079 814 2120 eos
845 2073 1088 2133 tempore
1116 2062 1266 2118 misit
1293 2061 1347 2116 in
1375 2062 1662 2117 castellum
1690 2060 1957 2132 gentium,

387 2160 533 2232 quod
581 2166 773 2213 contra
809 2164 968 2212 erat:
1012 2154 1214 2225 quippe
1248 2153 1384 2210 illud
1431 2160 1679 2225 paratum
1712 2161 1862 2217 erat,
1901 2161 1960 2208 ut

386 2249 642 2321 prmfatos
669 2248 808 2304 duos
837 2246 1037 2302 choros
1069 2245 1459 2315 prophetarum
1492 2259 1557 2299 ac
1585 2244 1959 2315 apostolorum

388 2339 675 2411 reciperet.
708 2335 775 2391 Et
806 2346 862 2391 ut
891 2337 938 2391 ei
967 2336 1173 2406 pullum
1201 2334 1521 2390 adducerent
1547 2350 1566 2397 ;
1597 2350 1798 2405 nempe
1825 2350 1961 2405 gen-

384 2443 471 2487 tes
495 2470 511 2494 ,
538 2445 703 2499 super
726 2444 863 2500 quas
893 2426 1214 2484 ascenderet
1233 2443 1298 2483 ac
1328 2435 1616 2498 regnaret,
1636 2427 1794 2497 juxta
1806 2425 1959 2497 quod

392 2522 679 2578 Psalmista
719 2522 830 2575 ait:
877 2518 1126 2588 Regnavit
1174 2519 1310 2573 Deus
1340 2535 1498 2590 super
1524 2530 1700 2591 gentes
1723 2535 1743 2573 :
1773 2520 1960 2576 Domi-

388 2627 487 2665 nus
537 2609 925 2693 sedens‘super
969 2607 1142 2662 sedem
1192 2617 1433 2661 sanctam
1479 2624 1633 2663 suam
1669 2608 1734 2663 ".
1788 2607 1962 2678 Super

386 2718 540 2774 quem
581 2718 730 2756 nemo
775 2716 1004 2772 unquam
1036 2698 1305 2753 hominum
1352 2696 1487 2752 sedit
1516 2697 1581 2752 ⁸⁸⁸.
1616 2696 1752 2751 Nam
1783 2713 1962 2769 neque

388 2796 557 2851 Deum
579 2811 851 2852 sessorem
875 2794 1151 2849 habebant
1183 2808 1247 2847 ac
1278 2799 1596 2863 regnantem
1627 2806 1796 2862 super
1824 2807 1920 2848 eas
1942 2830 1959 2858 ,

388 2904 567 2959 neque
595 2890 765 2959 legem
795 2902 972 2957 neque
1007 2885 1326 2956 prophetas.
1382 2878 1614 2949 Solvite,
1648 2884 1829 2953 inquit
1851 2923 1865 2947 ,
1900 2883 1962 2937 il-

390 2978 542 3042 lum,
572 2987 622 3031 et
654 2975 898 3030 adducite
945 2974 1098 3029 mihi.
1148 2973 1393 3044 Apostoli
1444 2972 1588 3026 enim
1642 2987 1672 3025 ιι
1720 2973 1961 3028 tenebris

388 3078 579 3140 gentes
609 3068 996 3123 absolverunt:
1032 3067 1135 3121 hoc
1168 3073 1284 3129 est,
1322 3082 1350 3117 a
1389 3064 1483 3119 Dei
1514 3064 1856 3135 ignorantia,
1892 3065 1962 3120 ab

389 3175 577 3217 errore
597 3199 612 3224 ,
651 3174 680 3213 a
711 3166 971 3230 peccato,
1012 3159 1080 3213 ab
1115 3157 1276 3212 alieni
1309 3131 1605 3219 servitute,
1636 3170 1666 3208 a
1693 3131 1960 3224 potestate
1986 3131 2029 3189 (ἶ

391 3251 739 3306 tenebrarum
766 3249 1031 3320 principis
1060 3248 1244 3306 saeculi
1276 3247 1437 3316 hujus
1468 3246 1545 3301 ’τε
1588 3246 1961 3301 adduxerunt-

391 3358 497 3416 que
524 3342 592 3397 ad
615 3357 806 3397 eorum
843 3350 1148 3396 creatorem
1180 3355 1245 3395 ac
1268 3340 1518 3410 0piticem
1544 3336 1857 3394 Dominum.
1884 3339 1965 3395 Ac

389 3447 518 3488 ecce
538 3472 553 3498 ,
587 3446 752 3501 super
785 3446 878 3487 eas
913 3429 1065 3487 sedet
1097 3437 1395 3501 regnatque
1417 3469 1431 3491 ,
1466 3428 1541 3482 uti
1572 3445 1737 3500 super
1769 3429 1965 3486 cheru-

393 3525 501 3580 bim
524 3564 539 3587 ,
575 3524 872 3578 clamantes
904 3532 1067 3592 atque
1096 3521 1380 3577 dicentes:
1421 3522 1679 3577 Hosanna
1714 3523 1767 3576 in
1804 3522 1963 3576 altis-

391 3612 540 3672 simis
561 3613 1020 3685 :Benedictusqui
1043 3613 1177 3668 verrit
1200 3612 1254 3667 in
1281 3613 1491 3668 nomine
1511 3613 1760 3676 Domini;
1782 3628 1890 3683 pax
1910 3615 1966 3666 in

392 3710 520 3764 caelo
541 3749 555 3773 ,
586 3719 634 3763 et
659 3708 833 3780 gloria
863 3709 918 3762 in
947 3707 1248 3762 altissimis.
1283 3706 1376 3762 Sic
1404 3711 1548 3763 enim
1583 3709 1763 3764 Lucas
1791 3710 1866 3764 ait
1895 3709 1962 3763 “'.

391 3801 504 3856 Cur
531 3801 579 3856 is
603 3815 734 3854 vero
751 3838 765 3863 ,
796 3797 917 3852 Pax
943 3799 996 3852 in
1023 3799 1150 3852 σαείο
1170 3840 1186 3865 ,
1219 3800 1352 3853 dicit
1375 3800 1397 3853 ?
1419 3799 1675 3873 Nunquid
1706 3802 1849 3857 enim
1875 3818 1968 3856 an-

394 3891 498 3963 geli
532 3907 641 3945 non
669 3891 942 3945 habebant
971 3891 1024 3943 in
1055 3892 1195 3947 caelo
1223 3908 1409 3962 pacem
1434 3894 1458 3947 ?
1488 3892 1765 3948 llahebant
1794 3910 1928 3949 sane
1948 3937 1964 3962 ,

394 4001 460 4040 ac
491 3985 650 4056 plane
679 3982 947 4038 habebant
979 3995 1166 4051 pacem
1215 3983 1268 4036 in
1318 3998 1377 4038 se
1411 3984 1581 4054 ipsis:
1624 3985 1771 4037 illam
1812 3985 1967 4039 nimi-

395 4093 516 4133 rum
548 4092 734 4148 pacem
751 4115 766 4142 ,
790 4091 907 4147 qum
930 4085 1209 4145 exsuperat
1235 4093 1439 4130 omnem
1461 4093 1673 4131 sensum
1694 4077 1760 4145 ⁸⁸,
1785 4094 1968 4149 quem-

395 4167 688 4223 admodum
733 4166 1176 4237 sapientissimUs
1222 4166 1427 4223 Paulus
1471 4169 1579 4223 ait:
1608 4170 1966 4228 habebantin

2060 1887 2175 1957 τὴν
2198 1886 2514 1941 κατέναντι
2533 1883 2757 1954 κώμην·
2776 1880 3098 1938 ἀπέστειλεν
3125 1880 3321 1942 αὐτοὺς
3350 1879 3430 1941 είς
3454 1877 3634 1930 πᾶσαν

2058 1968 2158 2051 τὴν
2197 1976 2523 2047 οἰκουμένην
2561 1974 2672 2028 τῶν
2712 1972 2902 2029 ἐθνῶν·
2951 1973 3034 2026 ὅτι
3081 1969 3311 2025 ἐναντίοι
3336 1963 3476 2040 ἦσαν
3496 1966 3634 2030 τέως

2058 2071 2158 2143 τῆς
2183 2070 2247 2124 ὲκ
2277 2068 2371 2123 τοῦ
2399 2066 2528 2122 λαοῦ
2558 2065 2755 2136 πιστῆς
2788 2062 3135 2136 Ἐκκλησίας.
3180 2060 3370 2133 Καιρῷ
3414 2056 3523 2130 γὰρ
3550 2058 3634 2111 εὐ-

2061 2162 2200 2233 θέτῳ
2238 2160 2555 2216 ἀπέστειλεν
2598 2159 2796 2223 αὐτοὺς
2837 2158 2918 2222 είς
2958 2155 3058 2229 τὴν
3107 2156 3393 2210 κατέναντι
3439 2152 3634 2224 κώμην

2059 2255 2168 2309 τῶν
2206 2253 2404 2308 ἐθνῶν·
2441 2251 2630 2323 ἑτοίμη
2658 2251 2767 2324 γὰρ
2797 2246 2865 2322 ἦν
2905 2248 3161 2314 δέξασθαι
3207 2249 3331 2311 τοὺς
3372 2262 3635 2319 προειρη-

2056 2346 2256 2418 μένους
2306 2345 2401 2399 δύο
2444 2346 2639 2416 χοροὺς
2682 2342 2790 2396 τῶν
2829 2341 3140 2396 ἀποστόλων
3191 2340 3285 2394 καὶ
3317 2338 3632 2411 προφητῶν.

2061 2438 2168 2493 Καὶ
2194 2435 2438 2508 ἀγαγεῖν
2463 2435 2612 2505 πρὸς
2658 2433 2846 2489 αὐτὸν
2891 2435 2998 2486 τὸν
3027 2431 3233 2487 πῶλον
3251 2449 3265 2462 ·
3300 2428 3497 2494 οἵτινές
3528 2431 3636 2483 εἰσι

2061 2530 2127 2584 τὰ
2152 2529 2300 2599 ἔθνη·
2326 2527 2419 2581 τοῦ
2446 2515 2703 2597 ἐπιϐῆναι
2726 2526 2820 2579 καὶ
2856 2524 3169 2596 βασιλεῦσαι
3199 2524 3285 2576 ἐπ’
3330 2522 3498 2586 αὐτὰ,
3532 2539 3633 2575 κα-

2063 2620 2171 2683 θώς
2197 2637 2360 2691 φησιν
2390 2621 2419 2672 ὀ
2448 2617 2786 2690 Ψαλμῳδός·
2834 2618 3263 2672 Ἐϐασίλευσεν
3299 2617 3332 2668 ό
3369 2614 3512 2681 Θεὸς
3535 2612 3629 2666 ἐπὶ

2062 2715 2134 2769 τὰ
2166 2714 2330 2782 ἔθνη·
2360 2713 2577 2782 Κύριος
2599 2710 2847 2779 κάθηται
2867 2709 2967 2763 ἐπὶ
2995 2710 3208 2779 θρόνου
3229 2709 3401 2778 ἀγιου
3429 2705 3628 2761 αὐτοῦ·

2061 2807 2153 2876 ἐφ’
2184 2799 2233 2873 ᾧ
2264 2805 2463 2870 οὐδείς
2485 2817 2630 2857 ποτε
2661 2802 2987 2873 ἀνθρώπων
3014 2800 3349 2856 κεκάθικεν.
3379 2798 3511 2854 Οὐδὲ
3529 2798 3637 2869 γὰρ

2062 2899 2194 2954 Θεὸν
2240 2895 2381 2968 εἶχον
2426 2896 2773 2951 ἐπιϐαίνοντα
2822 2894 2915 2948 καὶ
2961 2891 3311 2964 βασιλεύοντα
3359 2890 3445 2944 ἐπ’
3479 2888 3638 2952 αὐτὰ,

2063 2993 2185 3048 οὐδὲ
2207 2992 2370 3063 νόμον
2397 2991 2516 3043 οὐδὲ
2537 2989 2843 3061 προφήτας.
2870 2987 3179 3051 Λύσαντες
3209 2982 3417 3046 αὐτὸν,
3451 2982 3637 3053 φησὶν,

2061 3083 2311 3157 ἀγάγετέ
2332 3101 2452 3153 μοι.
2485 3081 2718 3135 Ἔλυσαν
2745 3079 2851 3150 γὰρ
2879 3078 2945 3131 τὰ
2973 3077 3100 3145 ἔθνη
3138 3078 3186 3130 οἱ
3217 3073 3503 3129 ἀπόστολοι
3531 3073 3640 3127 ἀπὸ

2062 3178 2162 3248 τῆς
2195 3175 2433 3240 σκοτίας,
2486 3172 2732 3226 τουτέστι
2762 3173 2862 3243 τῆς
2887 3169 2982 3224 τοῦ
3013 3168 3148 3223 Θεοῦ
3192 3166 3494 3237 ἀγνωσίας,
3529 3164 3640 3218 ἀπὸ

2062 3270 2159 3339 τῆς
2180 3268 2408 3339 πλάνης,
2443 3265 2549 3320 ἀπὸ
2571 3264 2673 3336 τῆς
2693 3262 2990 3336 ἁμαρτίας,
3015 3262 3123 3316 ἀπὸ
3155 3260 3256 3331 τῆς
3282 3257 3523 3321 δουλείας
3543 3257 3638 3311 τοῦ

2062 3360 2360 3433 ἀλλοτρίου.
2395 3357 2503 3412 ἀπὸ
2533 3357 2634 3427 τῆς
2666 3355 2914 3421 ἐξουσίας
2964 3353 3056 3408 τοῦ
3111 3353 3355 3416 σκότους,
3403 3349 3499 3404 τοῦ
3550 3348 3644 3421 ἄρ-

2060 3470 2243 3526 χοντος
2262 3451 2354 3506 τοῦ
2387 3450 2581 3515 αἰῶνος
2609 3449 2802 3502 τούτου
2821 3463 2836 3478 ·
2868 3448 2963 3500 καὶ
2991 3445 3198 3516 ἤγαγον
3235 3444 3372 3516 πρὸς
3409 3444 3500 3497 τὸν
3527 3444 3645 3497 κτί-

2065 3562 2197 3619 στην
2230 3546 2324 3599 καὶ
2354 3541 2680 3615 δημιουργὸν
2709 3539 2885 3595 αὐτῶν
2917 3538 3141 3612 Κύριον.
3174 3538 3285 3592 Καὶ
3333 3537 3439 3591 ἰδοὺ
3470 3536 3644 3608 κάθη-

2063 3657 2150 3695 ται
2184 3637 2268 3691 ἐπ’
2296 3635 2468 3699 αὐτὰ,
2522 3633 2616 3688 καὶ
2658 3631 2935 3704 βασιλεύει
2974 3630 3049 3694 ὼς
3083 3629 3175 3684 ἐπὶ
3204 3628 3312 3683 τῶν
3353 3628 3642 3699 χερουὸὶμ,

2064 3732 2335 3805 κράζοντα
2368 3728 2461 3783 καὶ
2480 3726 2731 3795 λέγοντα·
2772 3722 3040 3777 Ὡσαννὰ
3081 3722 3152 3776 ἐν
3172 3720 3296 3787 τοῖς
3327 3721 3640 3789 ὑψίστοις·

2064 3820 2467 3895 εὐλογημένος
2489 3822 2523 3873 ό
2544 3818 2868 3887 ἐρχόμενος
2887 3817 2956 3870 ὲν
2987 3816 3230 3885 ὀνόματι
3268 3815 3490 3881 Κυρίου
3509 3830 3523 3844 ·
3562 3813 3644 3867 ει-

2057 3915 2216 3986 ρήνη
2234 3914 2305 3967 ὲν
2329 3908 2582 3981 οὐρανῷ,
2611 3908 2712 3963 καὶ
2732 3907 2883 3973 δόξα
2900 3908 2968 3961 ἐν
2996 3908 3300 3976 ὑψίστοις.
3336 3904 3493 3960 Οὕτω
3536 3905 3645 3976 γάρ

2066 4023 2228 4078 φησιν
2256 4007 2284 4059 ὁ
2315 4002 2551 4064 Λουκᾶς.
2592 3998 2817 4069 Εἰρήνη
2854 3999 2924 4052 ἐν
2959 3996 3039 4064 τῷ
3071 3996 3336 4067 οὐρανῷ,
3372 3996 3517 4061 τίνος
3539 3997 3644 4051 ἓνε-

2067 4116 2161 4154 κεν
2184 4096 2365 4165 λέγει;
2395 4095 2509 4147 Οὐκ
2534 4089 2678 4162 εἶχον
2706 4091 2754 4144 οἱ
2786 4088 3006 4159 ἄγγελοι
3039 4090 3260 4160 εἰρήνην
3290 4089 3349 4142 ὲν
3372 4086 3450 4158 τῷ
3480 4088 3642 4159 οὐρα-

2066 4189 2170 4261 νῷ;
2200 4188 2336 4243 Ναί·
2373 4186 2465 4240 καὶ
2491 4185 2631 4239 πάνυ
2661 4179 2805 4255 εἶχον
2831 4184 2890 4236 ἐν
2910 4183 3125 4246 ἑαυτοῖς
3156 4180 3254 4251 τὴν
3285 4180 3508 4252 εἰρήνην
3526 4193 3540 4207 ·
3573 4179 3642 4230 sl-

395 4260 535 4315 coelo
558 4274 742 4330 pacem
767 4276 782 4327 ;
809 4244 955 4312 haud
975 4269 1153 4315 tamen
1178 4274 1303 4315 cum
1330 4260 1646 4316 hominibus
1671 4262 1965 4323 habebant.

2063 4244 2259 4349 ριὶνην
2283 4276 2397 4344 τὴν
2419 4244 2843 4345 ὑπερέχουοναν
2869 4272 3064 4325 πάντα
3089 4244 3256 4333 νοῦν,
3274 4244 3642 4338 καθώς-φησιν

394 4353 603 4409 Ctelum
634 4368 732 4423 per
760 4368 820 4409 se
850 4352 1027 4422 ipsum
1061 4368 1195 4423 pace
1226 4353 1514 4426 gaudebat.
1553 4356 1625 4413 Ut
1661 4371 1838 4413 autem
1870 4374 1970 4414 an-

2068 4374 2097 4426 ὁ
2126 4368 2433 4440 σοφώτατος
2460 4365 2691 4430 Παῦλος·
2728 4360 2874 4435 εἶχον
2905 4364 3126 4436 εἰρήνην
3152 4364 3209 4416 ὲν
3235 4359 3448 4431 οὐρανῷ
3471 4377 3484 4389 ·
3511 4357 3643 4413 ἀλλὰ

395 4444 500 4515 geli
528 4445 844 4500 universum
879 4444 1178 4499 humanum
1213 4461 1386 4513 genus
1416 4445 1610 4503 Lazuri
1647 4449 1805 4521 signo
1832 4465 1968 4505 con-

2074 4461 2212 4536 μετὰ
2256 4460 2365 4515 τῶν
2408 4458 2725 4531 ἀνθρώπων
2750 4457 2850 4509 οὐκ
2876 4451 3040 4526 εἶχον.
3080 4455 3136 4508 '0
3169 4451 3392 4525 οὐρανὸς
3428 4452 3645 4522 εἰρήνην

391 4544 676 4607 gregatum
722 4535 1005 4599 viderunt,
1051 4547 1347 4608 gentesque
1373 4540 1581 4594 solutas
1612 4541 1741 4612 pulli
1774 4544 1968 4610 instar,

395 4628 465 4685 ad
491 4628 732 4683 auctoris
760 4627 1078 4683 servitutem
1109 4629 1431 4685 accedentes
1467 4646 1531 4686 ac
1562 4646 1788 4701 regnum
1813 4650 1828 4700 ;
1860 4648 1974 4689 cae-

394 4717 506 4771 lum
555 4733 773 4788 quoque
814 4719 967 4789 pacis
1020 4716 1228 4774 ftedera
1272 4734 1398 4774 cum
1446 4719 1763 4780 hominibus
1809 4724 1969 4790 iniit,

395 4811 874 4882 elamaveruntque
899 4814 1251 4882 unanimiter,
1281 4822 1445 4884 atque
1474 4816 1767 4883 dixerunt;
1801 4818 1971 4874 Bene-

394 4901 567 4956 dictus
600 4903 690 4974 qui
724 4905 858 4959 venit
889 4903 944 4957 in
978 4905 1184 4959 nomine
1213 4904 1431 4959 Domini
1455 4924 1474 4960 :
1506 4922 1613 4975 pax
1641 4908 1697 4961 in
1722 4910 1889 4976 .cazlo,
1920 4919 1969 4965 et

395 4994 567 5066 gloria
609 4996 665 5049 in
710 4996 1010 5050 altissimis.
1063 4994 1132 5050 Et
1178 4996 1537 5066 imposuerunt
1582 5014 1738 5065 super
1765 5001 1969 5068 pullum

396 5090 725 5144 vestimenta.
751 5088 1073 5159 Signiﬁcant
1090 5089 1205 5144 haec
1224 5129 1239 5153 ,
1262 5106 1424 5160 quam
1451 5091 1566 5160 ipse
1583 5092 1664 5147 eis
1686 5092 1834 5149 dedit
1855 5110 1974 5165 gra-

396 5184 526 5236 tiam
562 5183 617 5236 in
647 5182 990 5253 gentibus“,
1015 5196 1110 5251 per
1141 5197 1305 5252 quam
1338 5180 1524 5237 lesum
1551 5200 1718 5255 super
1754 5202 1848 5241 eas
1883 5203 1972 5242 sc-

395 5275 525 5328 dere
559 5274 845 5329 fecerunt:
883 5288 984 5328 nec
1015 5273 1071 5329 id
1098 5275 1276 5330 solum
1297 5316 1313 5340 ,
1346 5275 1443 5330 sed
1485 5283 1540 5331 et
1582 5293 1681 5347 per
1719 5278 1970 5348 proprias

397 5382 613 5437 quoque
641 5382 830 5423 eorum
874 5367 1140 5432 virtutes,
1189 5367 1650 5438 quemadmodum
1696 5371 1971 5441 signiﬁcat

398 5475 555 5515 sacer
587 5458 929 5530 Evangelista
958 5458 1185 5516 dicens:
1216 5461 1329 5514 Alii
1358 5470 1533 5515 autem
1559 5463 1858 5518 sternebant
1890 5480 1973 5520 ve-

471 5702 516 5733 “
555 5701 740 5777 blatth.
780 5704 1001 5777 x_xu,__l.
1078 5704 1123 5737 ⁸³
1162 5702 1360 5777 Ιλξῑεοί]ἔ
1400 5718 1454 5768 ι,
1484 5703 1578 5777 Π.
1654 5701 1881 5777 "Psal.
1921 5720 2081 5777 xux,
2112 5706 2165 5763 9.

400 5788 519 5837 xix,
558 5773 647 5829 '58.
719 5778 763 5808 δ’
802 5774 1035 5844 Philipp.
1072 5790 1145 5840 ιν,
1183 5774 1235 5829 7.
1308 5771 1358 5806 ‘°
1448 5775 1576 5830 alat.
1612 5790 1677 5841 νιι,
1714 5776 1771 5829 8.

2069 4553 2179 4627 εἶχε
2211 4552 2351 4608 ’καθ’
2390 4551 2603 4606 ἑαυτόν.
2653 4550 2823 4603 Ὅταν
2853 4548 2910 4602 δὲ
2938 4548 3046 4602 ἴδον
3099 4548 3151 4601 οἱ
3188 4544 3411 4616 ἄγγελοι
3471 4545 3645 4597 πᾶσαν

2067 4648 2166 4719 τὴν
2206 4642 2600 4717 ἀνθρωπὸτητα
2631 4642 2994 4714 ἀγειρομένην
3028 4640 3117 4695 διὰ
3148 4641 3241 4695 τοῦ
3278 4640 3504 4711 σημείου
3555 4637 3649 4692 τοῦ

2068 4737 2346 4810 Λαζάρου,
2374 4736 2470 4791 καὶ
2504 4736 2574 4791 τὰ
2598 4736 2723 4808 ἔθνη
2762 4736 2997 4808 λυόμενα
3029 4735 3186 4808 δίκην
3210 4734 3306 4789 τοῦ
3337 4733 3537 4795 πώλου,
3557 4732 3651 4810 καὶ

2068 4809 2341 4902 ἐρχόμενα
2384 4831 2464 4892 είς
2505 4827 2565 4881 τὸ
2612 4827 2987 4898 βασιλεύεσθαι
3035 4826 3140 4880 ὑπὸ
3176 4825 3269 4880 τοῦ
3320 4809 3651 4897 δημιουργοῦ

2068 4922 2276 4975 αὐτῶν·
2307 4921 2428 4974 τότε
2457 4919 2743 4992 είρηνεύθη
2773 4920 2867 4973 καὶ
2898 4919 2927 4971 ὁ
2966 4917 3195 4991 οὐρανὸς
3240 4916 3379 4987 μετὰ
3417 4915 3525 4969 τῶν
3560 4916 3651 4968 ἁν-

2071 5007 2325 5082 θρώπων,
2356 5008 2453 5063 καὶ
2495 5008 2834 5080 ὁμοθυμαδὸν
2879 5007 3109 5081 ἔκραζον
3158 5008 3252 5062 καὶ
3284 5006 3467 5074 ἔλεγον
3487 5023 3500 5035 ·
3535 5006 3650 5057 Εὐσ-

2072 5097 2406 5170 λογημένος
2434 5103 2466 5154 ό
2495 5100 2816 5168 ἐρχόμενος
2845 5099 2916 5152 ἐν
2944 5100 3188 5167 ὀνόματι
3213 5097 3437 5166 Kvplov
3460 5112 3472 5125 ·
3502 5094 3651 5163 εἰρή-

2073 5209 2150 5259 νη
2174 5192 2242 5245 ἐν
2273 5190 2526 5261 οἰρανῷ,
2560 5191 2657 5246 καὶ
2689 5190 2837 5255 δόξα
2862 5192 2930 5245 ἐν·
2961 5191 3265 5260 ὑψίστοις.
3296 5189 3404 5243 Καὶ
3437 5186 3652 5253 ἐπέθη-

2074 5300 2181 5337 κεν
2206 5282 2404 5337 ἐπάνω
2434 5284 2537 5338 τοῦ
2560 5282 2763 5337 πώλου
2798 5283 2870 5335 τὰ
2896 5285 3096 5353 ἱμάτια
3118 5299 3132 5312 ·
3175 5281 3333 5336 ἅτινα
3361 5278 3650 5350 σημαίνου-

2077 5392 2130 5428 σι
2163 5373 2258 5447 τὴν
2287 5376 2447 5448 χάριν
2474 5376 2571 5445 τὴν
2593 5379 2720 5447 παρ’
2751 5376 2917 5430 αὐτοῦ
2950 5374 3195 5428 δοθεῖσαν
3233 5373 3418 5435 αὐτοῖς
3454 5371 3513 5422 ἐν
3541 5369 3653 5430 τοῖς

2077 5465 2275 5534 έονεσι,
2306 5467 2399 5521 καὶ
2412 5467 2488 5521 δι’
2516 5469 2684 5540 αὐτῆς
2705 5468 3037 5522 ἐπεϐίϐασαν
3068 5468 3160 5521 τὸν
3187 5464 3395 5537 Ἰησοῦν
3433 5461 3519 5516 ἐπ’
3557 5459 3652 5514 αὺ-

2280 5711 2324 5745 “
2365 5708 2532 5765 Marc.
2571 5726 2625 5765 ιι
2650 5750 2665 5776 ,
2702 5710 2756 5767 2.
2864 5710 2909 5742 ⁸⁷
2951 5709 3147 5781 Ephes.
3188 5726 3264 5781 ιι,
3299 5710 3355 5767 2.
3434 5710 3479 5744 ⁸⁸
3518 5706 3651 5764 Luc.
