4138 6426
392 385 531 443 ΙΞἚ

1459 383 1716 441 ORATIO
1754 386 1822 441 lN
1859 380 2095 440 ΒΑΜΟὸ
2131 378 2542 436 PALMARUM.

389 504 494 559 τά·
521 503 584 557 οὐ
629 504 788 576 μόνον
827 505 885 559 δὲ
930 504 1120 570 τοῦτο,
1159 501 1294 557 ἀλλὰ
1319 502 1406 556 διὰ
1445 504 1543 567 τὰς
1577 502 1712 567 ἰδίας
1732 502 1953 576 ἀρετὰς,

2058 501 2303 555 stimenta
2334 516 2432 553 sua
2456 500 2513 552 in
2542 500 2642 553 via.
2677 497 2780 553 Per
2810 498 2914 553 hoc
2961 497 3110 553 enim
3142 498 3394 568 proprias
3434 512 3624 553 eorum

395 591 573 655 καθὼς
617 591 867 665 σημαίνει
900 596 931 646 ὁ
967 591 1377 663 εύαγγελιστὴς,
1410 592 1582 661 λέγων
1602 609 1615 623 ·
1660 593 1858 646 Ἄλλοι
1887 592 1956 646 δὲ

392 681 853 751 ὑπεστρώννυον
903 682 975 738 τὰ
1022 682 1220 753 ἱμάτια
1261 682 1458 738 αὐτῶν
1482 682 1592 754 (72,
1618 683 1689 737 ἐν
1717 682 1793 751 τῇ
1817 682 1952 749 ὀδῷ.

396 774 487 837 Εἰς
505 774 662 828 τοίτο
690 776 746 829 δὲ
766 775 863 840 τὰς
881 775 1011 839 ιδίας
1036 775 1268 848 ἀρετὰς,
1294 774 1362 839 ἃς
1402 776 1725 844 συνέζευξαν
1752 776 1952 847 χάριτι,

393 864 704 929 αἰνίττεται,
747 865 824 931 ὡς
866 866 1115 938 φανερῶς
1169 866 1316 935 λέγει
1346 869 1375 921 ὀ
1400 865 1683 931 θεσπέσιος
1714 867 1950 932 Παῦλος·

392 955 803 1023 Δικαιωθέγτες
840 953 953 1011 οὖν
997 958 1064 1011 ἐκ
1100 959 1389 1025 πίστεως,
1435 959 1684 1027 εἰρήνην
1727 959 1955 1029 ἔχωμεν

392 1048 542 1117 πρὸς
570 1049 676 1102 τὸν
714 1051 862 1103 Θεὸν
896 1046 993 1101 διὰ
1018 1049 1124 1103 τοῦ
1151 1050 1368 1119 Κιιοίου
1400 1048 1570 1120 ἡμῶν
1601 1050 1803 1118 Ἰησοῦ
1825 1054 1956 1119 Χρι-

392 1140 562 1201 στοῦ,
616 1137 691 1193 δι’
725 1133 797 1195 οὗ
829 1138 926 1193 καὶ
951 1137 1067 1206 τὴν
1097 1140 1492 1211 προσαγωγὴν
1515 1142 1860 1213 ἐσχήκαμεν
1886 1145 1956 1199 ἑν

392 1227 465 1297 τῇ
491 1230 688 1284 πίστει
714 1232 800 1295 είς
820 1228 933 1295 τὴν
959 1228 1133 1299 χάριν
1157 1232 1396 1299 ταύτην,
1420 1233 1489 1286 ἐν
1521 1228 1561 1305 ᾖ
1589 1235 1951 1305 ἑστήκαμεν,

392 1319 488 1372 καὶ
522 1317 867 1388 καυχώμεθα
896 1320 987 1373 ἐπ’
1014 1320 1210 1373 ἐλπίδι
1260 1319 1370 1390 τῆς
1422 1320 1605 1390 δόξης
1640 1324 1745 1378 τοῦ
1782 1324 1950 1380 Θεοῦ.

394 1408 538 1473 Ἕως
569 1410 624 1463 δὲ
658 1410 892 1484 [τούτου]
912 1412 979 1465 τὰ
1006 1412 1104 1483 τῆς
1127 1411 1368 1483 χάριτος.
1396 1415 1479 1468 Οὑ
1502 1415 1693 1484 μόνον
1721 1413 1789 1467 δὲ
1807 1455 1821 1477 ,
1849 1416 1957 1469 ἀλ-

388 1500 469 1555 λὰ
500 1502 598 1555 καὶ
630 1502 978 1573 καυχώμεθα
1012 1505 1081 1558 ἐν
1106 1504 1234 1571 ταῖς
1259 1506 1543 1574 θλίψεσιν
1577 1505 1763 1576 ήμῶν,
1802 1507 1955 1561 είδό·

391 1609 507 1660 τες,
568 1593 656 1648 ὅτι
700 1597 905 1665 θλίψις
952 1597 1267 1666 ὑπομονὴν
1305 1595 1709 1666 κατεργάζεται
1736 1615 1749 1628 ·
1799 1600 1837 1667 ή
1887 1597 1956 1651 δὲ

389 1684 660 1754 ὑπομονὴ
691 1685 971 1755 δοκιμήν·
1001 1687 1039 1753 ή
1065 1686 1132 1741 δὲ
1151 1687 1365 1757 δοκιμὴ
1398 1687 1645 1743 ἐλπίδα·
1682 1689 1718 1757 ή
1750 1687 1817 1741 δὲ
1854 1689 1954 1744 ἐλ-

392 1774 494 1840 πὶς
520 1777 630 1828 οὐκ
657 1777 931 1846 αἰσχύνει
951 1796 965 1810 ·
999 1776 1088 1831 ὅτι
1116 1779 1151 1847 ή
1176 1777 1375 1848 ἀγάπη
1401 1778 1519 1847 τοῦς
1532 1779 1679 1834 Θεοῦ
1709 1778 1956 1847 ἐκκέχυ-

2061 591 2292 645 virtutes
2315 604 2453 660 quas
2483 590 2669 659 gratia:
2695 588 3099 657 conjunxerunt
3117 629 3133 654 ,
3166 589 3403 654 indicat,
3435 604 3627 659 quem-

2054 680 2352 739 admodum
2382 680 2722 735 admirabilis
2748 678 2950 737 Paulus
2972 690 3156 751 aperte
3183 682 3258 737 ait
3284 700 3298 736 :
3327 679 3625 751 lusti/icati

2056 790 2180 844 ergo
2210 788 2275 827 es;
2300 771 2407 843 ﬁde
2432 787 2612 841 pacem
2639 770 2923 825 habeamus
2946 770 3014 826 ad
3041 771 3207 827 Deum
3227 789 3318 842 per
3338 772 3624 828 Dominum

2057 874 2299 921 nostrum
2319 862 2505 918 Jesum
2534 862 2805 941 Christum
2829 878 2847 917 :
2876 878 2967 931 per
2995 878 3144 932 quem
3175 874 3225 916 et
3251 862 3500 918 habemus
3531 878 3625 916 ac-

2060 971 2264 1011 cessum
2295 971 2386 1024 per
2410 952 2567 1024 ﬁdem
2597 954 2652 1007 in
2689 953 2920 1023 gratiam
2953 952 3113 1004 istam
3133 991 3148 1015 ,
3175 951 3230 1004 in
3258 968 3360 1022 qua
3388 961 3622 1018 stanuts,

2058 1056 2106 1101 et
2133 1045 2498 1117 gloriamurIin
2518 1060 2606 1114 spe
2627 1044 2812 1116 gloria:
2834 1043 2930 1098 Dei
2958 1044 3025 1099 ⁸¹.
3055 1041 3327 1099 Hactenus
3351 1059 3471 1114 quae
3498 1059 3625 1115 spe-

2058 1144 2210 1193 ctant
2237 1136 2304 1190 ad
2345 1136 2599 1206 gratiam.
2632 1126 2759 1190 Non
2786 1136 2961 1191 solum
2988 1145 3166 1189 autem
3191 1174 3207 1201 ,
3237 1134 3327 1189 sed
3349 1146 3396 1190 et
3424 1136 3624 1205 gloria-

2059 1244 2178 1281 mur
2194 1227 2246 1280 in
2264 1225 2687 1289 tribulationibus
2707 1228 2903 1281 nostris
2920 1243 2938 1280 :
2957 1226 3179 1280 scientes
3194 1224 3331 1297 quod
3350 1225 3624 1280 tribulatio

2055 1317 2370 1387 patientiam
2414 1326 2699 1387 operatur;
2729 1318 2988 1386 patientia
3015 1326 3190 1372 autem
3219 1315 3623 1386 probationem;

2058 1409 2300 1479 probatio
2328 1426 2446 1464 vero
2470 1425 2653 1480 spem;
2680 1426 2794 1480 spes
2823 1418 2998 1464 autem
3025 1425 3129 1463 non
3150 1408 3432 1478 confundit
3459 1424 3478 1463 :
3501 1409 3627 1480 quia

2064 1502 2299 1557 charitas
2319 1502 2417 1558 Dei
2452 1503 2650 1572 di/fusa
2678 1515 2755 1559 est
2775 1504 2829 1559 in
2849 1502 3094 1559 cordibus
3108 1505 3306 1559 nostris
3332 1519 3424 1573 per
3452 1502 3626 1573 Spiri-

2062 1604 2172 1649 tum
2214 1606 2459 1650 sanctum
2493 1597 2583 1666 qui
2623 1596 2782 1651 datus
2822 1604 2901 1652 est
2942 1594 3091 1649 nobis
3124 1596 3191 1648 ".
3236 1594 3392 1661 Quod
3438 1604 3624 1651 autem

2061 1687 2171 1751 ait,
2206 1686 2519 1743 Sternebant
2552 1688 2607 1742 in
2636 1688 2721 1742 eia
2742 1729 2756 1752 ,
2787 1703 2854 1742 eo
2885 1686 3091 1742 dictum
3122 1687 3225 1751 sit,
3256 1687 3399 1758 quod
3432 1702 3621 1742 eorum

2013 1817 2016 1821 ι
2058 1781 2288 1837 virtutes
2318 1795 2503 1835 coram
2536 1781 2790 1852 gentibus
2835 1780 3195 1850 corporaliter
3232 1780 3519 1849 palamque
3559 1794 3624 1835 ac

390 1881 483 1918 ται
522 1868 608 1932 εις
645 1868 751 1934 τὰς
785 1867 1030 1937 καρδίας
1056 1867 1224 1938 ήμῶν
1254 1868 1351 1923 διὰ
1382 1871 1724 1939 Πνεύματος
1765 1871 1956 1941 ἁγίου,

2062 1874 2307 1931 sensibili
2362 1875 2573 1932 ratione
2628 1874 2971 1946 aspectandte
3024 1884 3483 1945 proponerentur,
3542 1875 3622 1929 uti

388 1956 495 2009 τοῦ
530 1956 808 2025 δοθέντος
850 1959 1011 2028 ήμῒν.
1046 1959 1119 2012 Τὸ
1156 1958 1232 2022 δὲ,
1263 1959 1368 2013 Ἕν
1405 1958 1478 2029 τῇ
1505 1959 1582 2030 τῇ
1615 1961 1955 2030 ὑπεστρών-

390 2065 556 2114 νυον,
602 2050 683 2102 ὅτι
727 2050 1049 2122 σωματικῶς
1097 2050 1189 2104 καὶ
1244 2050 1492 2123 φανερῶς
1536 2052 1629 2105 καὶ
1686 2050 1955 2120 αἰσθητῶς

391 2138 718 2213 ἐθεωροῦντο
744 2144 798 2195 αἱ
826 2144 1017 2214 ἀρεταὶ
1034 2141 1213 2196 αὐτῶν
1239 2142 1465 2195 ὲνὼπιον
1487 2141 1593 2195 τῶν
1608 2142 1798 2206 ἐθνῶν,
1827 2142 1954 2196 καθ-

2062 1966 2225 2020 etiam
2248 1965 2355 2019 alio
2375 1966 2610 2036 quodam
2631 1966 2753 2020 loco
2780 1966 2848 2021 ad
2868 1966 3013 2022 idem
3039 1967 3114 2020 ait
3132 1966 3464 2036 Apostolus:
3493 1965 3626 2032 Quae

2062 2054 2267 2109 vidistis
2296 2056 2353 2108 in
2383 2072 2464 2111 me
2477 2065 2525 2127 et
2543 2054 2818 2110 audivistis
2847 2062 2898 2110 et
2929 2057 3226 2125 accepistis,
3258 2055 3369 2111 haec
3399 2057 3537 2127 agite
3550 2056 3621 2112 ⁸³.

2066 2146 2263 2202 Verum
2299 2146 2367 2202 ad
2396 2147 2736 2218 propositum
2768 2156 3109 2203 revertamur

389 2232 466 2297 ὼς
490 2237 592 2289 ,καὶ
623 2237 680 2289 ὲν
703 2236 871 2307 ἑτέρῳ
896 2237 998 2290 πού
1020 2254 1151 2307 φησι
1178 2237 1313 2308 πρὸς
1334 2236 1501 2290 ταῦτα
1558 2236 1731 2306 λέγων
1794 2240 1823 2291 ὁ
1872 2238 2219 2305 Ἀπόστόλος·
2253 2235 2362 2294 Οἷα
2402 2240 2589 2295 εἴδετε
2619 2240 2835 2310 ἐνέμοὶ
2862 2240 2961 2296 καὶ
3006 2240 3308 2308 ἠκούσατε
3336 2236 3442 2295 καὶ
3480 2257 3625 2309 παρ.

389 2324 656 2387 ελάόετε,
708 2327 891 2380 ταῦτα
924 2327 1204 2396 πράξητε.
1240 2328 1378 2381 Ἀλλ’
1412 2328 1503 2381 ἐπὶ
1534 2332 1595 2382 τδ
1635 2329 1990 2400 προκείμενον
2012 2333 2341 2404 ὲπανίωμεν.

464 2418 527 2468 Ol
556 2413 622 2468 δὲ
649 2415 818 2483 ὄχλοι
846 2419 900 2469 ol
926 2416 1279 2487 προάγοντες
1317 2417 1415 2470 καί
1461 2421 1514 2472 οί
1549 2418 1955 2472 ἀκολουθοῦν-

391 2522 490 2572 τες
536 2505 801 2574 ἔκραζον,
853 2507 989 2579 μετὰ
1037 2506 1199 2561 αἴνων
1251 2509 1343 2561 καὶ
1387 2508 1594 2562 κλάδων
1634 2508 1826 2562 ὲλαιῶν
1862 2508 1957 2562 καὶ

391 2595 594 2667 βαῖων·
630 2597 824 2661 οἵτινες
863 2598 1185 2670 σημαίνουσι
1210 2599 1307 2670 τὴν
1348 2598 1655 2671 πρακτικὴν
1698 2598 1957 2670 ἐργασίαν

389 2689 483 2744 τοῦ
518 2690 624 2758 ἔξω
658 2690 942 2761 ἀνθρώπου
963 2710 977 2723 ·
1008 2694 1102 2747 καὶ
1138 2692 1265 2764 βάῖα
1310 2693 1588 2762 φοινίκων,
1622 2694 1813 2758 οἵτινες
1851 2711 1958 2765 μη-

392 2783 572 2836 νύουσι
609 2783 707 2853 τὴν
737 2783 1108 2855 πνευματικὴν
1148 2784 1243 2838 καὶ
1275 2785 1581 2856 πρακτικὴν
1613 2784 1707 2838 καὶ
1735 2801 1958 2855 γνωστι-

393 2873 492 2945 κὴν
522 2876 611 2927 καὶ
630 2873 874 2945 καθαρὰν
894 2874 987 2928 τοῦ
1015 2874 1122 2929 ἔσω
1143 2874 1426 2947 ἀνθρώπου
1450 2875 1728 2947 ἐργασίαν.
1752 2878 1962 2945 Ἐκρά-

391 2963 491 3025 ζον
532 2963 845 3034 λέγοντες·
911 2965 1168 3020 Ὡσαννὰ
1222 2967 1292 3019 ἐν
1343 2966 1467 3032 τοῖς
1510 2968 1815 3035 ὑψίστοις.
1871 2967 1958 3020 Ἑν

390 3055 617 3128 ἀληθείᾳ
655 3056 763 3128 γὰρ
788 3056 985 3120 πάντες
1015 3058 1064 3110 οἱ
1086 3057 1229 3128 ὄχλοι
1262 3057 1369 3111 τῶν
1390 3057 1610 3111 δικαίων
1636 3059 1729 3110 καὶ
1756 3074 1963 3130 προφη-

391 3148 499 3200 τῶν
523 3150 615 3202 καὶ
636 3150 844 3222 ἱερέων,
866 3149 1059 3212 οἵτινές
1076 3151 1211 3202 εἰσιν
1236 3150 1285 3202 οἱ
1304 3149 1634 3221 προάγοντες
1657 3150 1748 3201 καὶ
1764 3150 1814 3202 oi
1836 3150 1960 3202 ἀκο-

2127 2418 2215 2475 Vl.
2242 2420 2431 2475 Turbae
2456 2431 2629 2476 autem
2667 2438 2787 2492 quis
2822 2419 3080 2491 prwibant
3127 2430 3177 2475 et
3198 2437 3314 2492 qua:
3341 2425 3620 2491 sequeban-

2061 2518 2148 2564 tur
2175 2510 2497 2574 clamabant,
2529 2526 2652 2565 cum
2683 2510 2940 2565 laudibus
2971 2520 3026 2565 et
3056 2510 3226 2565 ramis
3253 2512 3518 2567 olivarum
3542 2522 3624 2567 at-

2024 2646 2033 2651 -
2060 2614 2166 2669 que
2194 2601 2515 2669 palmarum.
2542 2596 2859 2670 Signiﬁcant
2882 2600 3149 2654 olivarum
3175 2602 3313 2655 rami
3340 2611 3623 2659 actuosam

2067 2690 2434 2759 operationem
2476 2690 2765 2746 exterioris
2798 2690 3036 2746 hominis
3066 2710 3078 2745 :
3110 2693 3248 2746 rami
3294 2702 3473 2748 autem
3504 2695 3623 2765 pal-

2063 2794 2298 2847 marum,
2332 2780 2633 2852 spiritalem
2663 2782 3006 2854 activamque
3039 2798 3104 2839 ac
3146 2786 3622 2856 contemplativam

2064 2878 2226 2941 atque
2258 2874 2451 2941 pura'm
2480 2871 2720 2925 hominis
2762 2872 3043 2929 interioris
3070 2876 3461 2945 operationem.
3493 2874 3625 2932 Cla-

2063 2960 2282 3015 mabant
2329 2961 2558 3016 dicentes
2585 2976 2604 3014 :
2629 2960 2889 3017 Hosanna
2925 2965 2980 3018 in
3023 2965 3320 3021 altissimis.
3374 2965 3455 3021 Re
3496 2983 3626 3023 vera

2064 3050 2210 3106 enim
2252 3066 2442 3107 omnes
2491 3054 2665 3107 turbae
2689 3053 2985 3123 justorum,
3034 3065 3087 3109 et
3125 3054 3513 3126 prophetarum
3561 3073 3626 3112 ac

2063 3141 2430 3215 sacerdotum,
2465 3159 2604 3213 quos
2628 3145 2984 3214 intelligimus
3010 3155 3315 3216 praeeuntes
3345 3154 3506 3217 atque
3540 3164 3628 3203 sc-

3487 379 3628 437 ηπ
3688 388 3693 395 ’

393 3237 728 3304 λουθοῦντες,
760 3240 937 3293 πίστει
958 3239 1241 3311 κράζουσι,
1269 3241 1362 3292 καὶ⁹
1390 3239 1636 3308 λέγουσιν
1656 3257 1668 3268 ·
1702 3238 1956 3294 Ὡσαννὰ

2061 3241 2329 3307 quentes,
2377 3232 2482 3288 ﬁde
2529 3236 2787 3298 clamant,
2840 3235 3181 3305 dicuntque:
3216 3235 3471 3291 Hosanna
3512 3239 3626 3306 ﬁlio

394 3327 473 3394 τῷ
504 3327 611 3395 υἱῷ
631 3329 807 3383 Δαϐίό
826 3346 839 3359 ·
867 3333 1282 3401 Εὐλογημένος
1310 3334 1342 3386 ὀ
1374 3330 1696 3400 ἐρχόμενος
1724 3330 1795 3382 ἐν
1823 3330 1956 3383 ὀνό-

2058 3320 2233 3375 David
2259 3337 2279 3375 .·
2299 3321 2613 3376 Benedictus
2639 3326 2729 3393 qui
2758 3326 2895 3378 venit
2924 3326 2978 3378 in
3008 3326 3217 3379 nomine
3237 3325 3448 3381 Domini
3469 3341 3488 3380 :
3513 3326 3624 3381 Ηυ-

384 3439 528 3493 ματι
577 3423 830 3491 Κυρίου·
884 3424 1141 3478 Ὡσαννὰ
1180 3424 1251 3477 ἐν
1296 3422 1420 3489 τοῖς
1462 3424 1778 3490 ὑψίστοις·
1809 3420 1885 3483 ὡς
1929 3422 1956 3474 ὀ

2058 3432 2231 3470 sanna
2258 3416 2313 3469 in
2346 3418 2624 3471 attissimis
2655 3432 2674 3471 :
2696 3417 3159 3487 quemadmodum
3196 3434 3355 3475 sacer
3397 3435 3624 3491 evange-

394 3513 783 3586 εὑαγγελιστής
832 3531 998 3586 φησι·
1031 3515 1211 3570 Τοῦτο
1253 3513 1321 3568 δὲ
1367 3514 1512 3567 ὅλον
1562 3512 1826 3583 γέγονεν,
1859 3512 1956 3566 ἵνα

2058 3513 2183 3568 lista
2215 3512 2326 3568 ait:
2356 3513 2472 3568 Hoc
2500 3524 2677 3568 autem
2723 3524 2891 3569 totum
2916 3515 3121 3585 factum
3159 3524 3260 3580 est,
3290 3525 3347 3569 ut
3378 3517 3623 3586 adimple-

393 3603 676 3673 πληρωθῇ
715 3604 781 3658 τὸ
802 3606 991 3674 ρηθὲν
1015 3603 1111 3660 διὰ
1142 3604 1246 3659 τοῦ
1282 3603 1609 3673 προφήτου,
1638 3601 1921 3672 λέγοντος
1941 3618 1954 3630 ·

395 3700 618 3753 Εἴπατε
658 3696 732 3766 τῇ
769 3698 1009 3768 θυγατρὶ
1050 3696 1217 3751 Σιών.
1262 3697 1406 3770 Πρὸς
1444 3696 1591 3760 τίνας
1623 3695 1817 3764 λέγεις,
1858 3695 1959 3747 El-

395 3805 564 3855 πατε,
611 3783 656 3842 ὧ
694 3792 984 3860 προφῆτα;
1023 3788 1154 3842 Ἰδοὺ
1186 3789 1249 3841 σὺ
1273 3787 1589 3859 κηρύττεις·
1633 3787 1740 3840 ἰδοὺ
1785 3787 1849 3839 σὺ
1881 3785 1961 3839 λέ-

395 3900 533 3953 γεις.
571 3880 731 3951 Ἐγὼ,
756 3881 938 3951 φησὶν,
970 3879 1272 3950 ἐπεθύμουν
1304 3879 1430 3932 ἰδεῖν
1460 3880 1552 3932 καὶ
1580 3877 1836 3932 ἀκοῦσαι·
1859 3878 1960 3931 οὐκ

396 3975 507 4044 ἐγὼ
538 3974 716 4046 μόνος,
741 3972 874 4026 ἀλλὰ
905 3974 997 4026 καὶ
1020 3971 1235 4027 πολλοὶ
1266 3969 1562 4041 προφῆται
1585 3970 1682 4024 καί
1719 3970 1955 4024 δίκαιοι.

410 4065 569 4120 Ἀλλὰ
616 4066 708 4120 καί
744 4066 855 4130 τοῖς
901 4063 1305 4135 εὑρισκομένοις
1341 4062 1435 4116 καὶ
1479 4060 1957 4133 μαθητευομένοις,

398 4156 493 4211 καὶ
534 4155 868 4228 θεωροῦντας
909 4155 1019 4225 (75)
1062 4154 1155 4208 καὶ
1211 4152 1505 4215 ἀκούοντας
1554 4150 1647 4204 τοῦ
1697 4150 1959 4221 βασιλέως

311 4274 324 4296 ι
395 4247 534 4301 Σιὼν
577 4248 739 4315 λέγω,
780 4247 1097 4300 ῐναοείπωσι
1136 4246 1229 4299 καὶ
1260 4244 1596 4317 κηρύξωσιν·
1632 4246 1852 4298 Εἴπατε
1885 4241 1961 4312 τῇ

396 4335 636 4403 θυγατρί
664 4333 815 4390 Σιών
833 4351 846 4363 ·
887 4334 1041 4389 Ἰδοὺ
1065 4337 1097 4389 ό
1120 4334 1419 4400 ,βασιλεύς
1438 4350 1553 4386 σου
1579 4333 1815 4401 ἔρχεταί
1839 4347 1956 4388 σοι.

395 4426 504 4479 Καὶ
545 4426 644 4479 οὐκ
692 4423 813 4478 εἷπε
855 4425 1048 4496 ψιλῶς,
1095 4426 1328 4494 ἔρχεται
1354 4441 1367 4455 ·
1404 4424 1517 4478 ἀλλ’
1550 4424 1782 4493 ἔρχεταί
1823 4440 1958 4477 σοι·

2059 3613 2204 3656 retur
2224 3603 2369 3672 quod
2399 3604 2598 3657 dictum
2632 3614 2712 3660 est
2741 3621 2833 3674 per
2851 3606 3187 3676 prophetam,
3210 3606 3462 3662 dicentem
3487 3623 3506 3661 :
3528 3607 3623 3661 Di-

2059 3694 2161 3748 cite
2180 3694 2307 3763 filia:
2330 3693 2479 3749 Sion.
2510 3694 2848 3761 Quibusnam
2877 3696 3139 3770 prOphcta
3169 3697 3271 3762 ais,
3302 3697 3511 3755 Dicite?
3543 3700 3622 3754 En

2059 3783 2177 3855 ipse
2212 3780 2476 3855 praedicas
2503 3803 2517 3841 :
2550 3801 2619 3840 en
2650 3786 2769 3857 ipse
2811 3785 2972 3841 dicis.
3003 3785 3136 3858 Ego,
3178 3788 3375 3859 inquit,
3408 3789 3622 3845 deside-

2063 3876 2252 3931 rabam
2300 3876 2483 3932 videre
2527 3884 2582 3932 et
2622 3877 2852 3932 audire:
2884 3892 2986 3932 nec
3028 3892 3129 3948 ego
3163 3887 3394 3945 tantum,
3438 3881 3533 3936 sed
3569 3890 3625 3937 et

2061 3969 2216 4023 multi
2228 3969 2493 4039 propheta:
2507 3981 2555 4024 et
2561 3969 2699 4039 justi
2720 3970 2809 4023 "2
2835 3968 3036 4026 Verum
3057 3970 3202 4034 dico,
3227 3988 3350 4026 cum
3373 3973 3621 4028 inventu-

2060 4059 2141 4115 ris
2171 4075 2236 4115 ac
2269 4061 2577 4132 discipulis,
2602 4071 2714 4116 tum
2746 4062 2813 4117 iis
2838 4062 2934 4131 qui
2961 4061 3146 4117 vident
3171 4078 3235 4117 ac
3264 4064 3494 4118 audiunt
3521 4064 3626 4121 Rc—

2060 4167 2181 4222 gem
2207 4149 2361 4217 Sion,
2392 4160 2451 4206 ut
2472 4153 2659 4207 dicant
2681 4168 2743 4208 ac
2769 4140 3065 4224 prtedicent
3085 4173 3098 4209 :
3119 4153 3291 4207 Dicite
3312 4154 3440 4223 ﬁlia:
3461 4155 3587 4211 Sion
3607 4174 3626 4213 :

2062 4242 2197 4297 Ecce
2233 4258 2326 4298 rex
2357 4253 2478 4297 tuus
2500 4244 2635 4297 venit
2663 4243 2774 4298 tibi.
2803 4242 2920 4299 Non
2949 4245 3092 4300 nude
3112 4245 3270 4309 dixit,
3304 4246 3441 4299 venit
3466 4260 3488 4300 .'
3506 4248 3624 4312 sed,

2062 4337 2197 4390 venit
2238 4334 2373 4389 tibi:
2403 4336 2510 4390 hoc
2549 4344 2652 4394 est.
2688 4343 2747 4389 ut
2789 4336 2862 4391 sit
2907 4345 3057 4399 tuus,
3106 4345 3162 4392 et
3203 4337 3413 4393 habitet
3450 4339 3505 4393 in
3550 4346 3624 4394 te.

2063 4427 2200 4481 Ecce
2246 4442 2339 4481 rex
2381 4435 2500 4480 tuus
2538 4427 2677 4481 venit
2710 4427 2806 4480 tibi
2826 4427 3009 4497 justus
3035 4439 3085 4483 et
3126 4428 3359 4483 salvans.
3395 4410 3624 4486 Salvans

395 4516 660 4580 τουτέστι,
700 4517 792 4571 σοῦ
834 4515 1106 4586 γενέσθαι,
1135 4518 1229 4569 καὶ
1254 4518 1310 4569 ὲν
1350 4516 1431 4569 σοὶ
1463 4517 1699 4587 οἰκῆσαι.
1746 4514 1898 4568 Ἰδοὺ
1929 4516 1956 4567 d

2064 4517 2134 4571 ab
2163 4516 2371 4571 inimici
2399 4517 2662 4571 servitute
2694 4518 2981 4573 credentes
3014 4518 3071 4572 in
3112 4534 3250 4573 eum.
3290 4518 3624 4586 Mansuetus,

390 4609 690 4675 ,ϐασιλεύς
733 4625 850 4662 σου
897 4608 1130 4678 ἔρχεταί
1179 4623 1277 4661 σοι
1322 4607 1544 4673 δίκαιος
1596 4605 1693 4659 καὶ
1740 4603 1956 4666 σώζων.

2066 4616 2115 4662 et
2150 4606 2333 4662 sedens
2377 4621 2531 4676 super
2564 4607 2769 4678 pullum
2812 4608 2984 4678 ﬁlium
3023 4608 3316 4679 subjugalis
3338 4625 3356 4663 :
3380 4609 3483 4665 hoc
3518 4619 3624 4675 est,

396 4697 591 4763 ’Σώζων
612 4699 720 4752 ἀπὸ
745 4698 845 4769 τῆς
872 4697 1110 4761 δουλείας
1126 4696 1217 4750 τοῦ
1247 4696 1439 4768 ἐχθροῦ
1466 4698 1590 4760 τοὺς
1612 4695 1956 4759 πιστεύοντας

2068 4700 2314 4768 humilis,
2350 4716 2559 4769 suaque
2594 4699 2898 4755 humilitate
2938 4700 3236 4771 dispergens
3268 4717 3453 4757 currus
3485 4705 3624 4774 regni

396 4792 482 4843 ἐπ’
508 4791 688 4845 αὐτόν.
723 4790 921 4860 Πραῖις
953 4791 1048 4844 καὶ
1084 4789 1438 4857 ἐπιϐεϐηκὼς
1475 4789 1572 4843 ἐπὶ
1600 4787 1805 4843 πῶλον
1832 4787 1956 4842 υίὸν

2069 4790 2428 4863 Ephraim“;
2457 4791 2561 4846 hoc
2620 4801 2705 4846 est
2741 4791 2962 4858 diaboli,
2994 4792 3086 4862 qui
3124 4803 3440 4862 regnaverat
3464 4808 3623 4864 super

395 4882 716 4952 ὑποζυγίου
734 4899 749 4914 ·
782 4882 1026 4936 τουτέστι
1050 4882 1446 4952 ταπεινόφρων,
1479 4881 1572 4934 καὶ
1596 4882 1654 4933 ὲν
1676 4882 1742 4951 τῇ
1772 4896 1956 4933 ταπει-

2067 4881 2234 4938 Israel
2264 4888 2318 4937 et
2344 4896 2510 4950 super
2534 4892 2746 4951 gentes.
2781 4879 2887 4936 Sed
2914 4890 2969 4936 et
3006 4882 3072 4936 ad
3100 4882 3358 4944 litteram,
3397 4898 3624 4953 regnum

398 4974 697 5046 νοφροσύνῃ
730 4973 893 5028 αὐτοῦ
930 4973 1331 5041 ὲξολοθρεύων
1359 4973 1432 5027 τὰ
1458 4972 1688 5042 ἅρματα
1708 4970 1816 5040 τῆς
1848 4973 1956 5038 ,βα-

2066 4988 2285 5045 quoque
2311 4973 2495 5044 populi
2525 4970 2838 5027 Judarorum
2864 4971 3222 5042 disperdidit.
3258 4971 3498 5044 illudque
3515 4973 3624 5044 jam

398 5065 633 5131 σιλείας
676 5065 942 5134 Ἐξεραΐμ·
984 5064 1225 5117 τουτέστι
1260 5062 1353 5117 τοῦ
1392 5061 1659 5123 διαϐόλου,
1690 5062 1749 5126 ὃς
1776 5063 1956 5116 ὲόασί-

2066 5065 2247 5122 desiit.
2277 5063 2345 5118 Et
2371 5080 2558 5134 equum
2585 5064 2650 5119 de
2672 5063 2973 5118 Jerusalem
2991 5080 3010 5117 :
3031 5063 3135 5118 hoc
3165 5071 3270 5123 est.
3298 5077 3513 5121 omnem
3536 5080 3631 5120 eo-

396 5156 583 5210 λευσεν
606 5158 696 5211 ἐπὶ
715 5157 802 5210 τὸν
831 5156 1043 5229 Ἰσραὴλ
1072 5157 1165 5210 καὶ
1184 5157 1274 5209 ἐπὶ
1295 5156 1365 5209 τὰ
1389 5156 1535 5226 ἔθνη.
1572 5158 1956 5231 Ἐξωλόθρευσε

2067 5173 2188 5212 rum
2211 5157 2549 5228 principatus
2572 5155 2885 5227 superbiam
2910 5155 3102 5210 humili
3121 5157 3270 5226 pullo
3292 5170 3413 5212 suo.
3439 5154 3627 5218 Porro,

396 5245 453 5299 δὲ
484 5246 576 5299 καὶ
607 5246 746 5300 κατὰ
782 5246 842 5299 τὸ
874 5246 1105 5318 γράμμα
1142 5246 1239 5299 καὶ
1271 5246 1366 5317 τὴν
1398 5246 1670 5317 βασιλείαν
1706 5248 1799 5301 τοῦ
1833 5249 1956 5303 λαοῦ

2066 5248 2237 5305 Jacob
2264 5264 2388 5304 cum
2421 5247 2765 5304 benediceret
2782 5247 2999 5313 ludam,
3031 5247 3341 5319 factamque
3361 5247 3429 5303 ad
3452 5249 3631 5305 Abra-

397 5336 505 5391 τῶν
553 5338 839 5404 Ἰουδαίων,
878 5339 972 5392 καὶ
1015 5339 1246 5410 ἐπαύθη.
1278 5339 1386 5393 Καὶ
1431 5340 1641 5405 ἵππον,
1676 5342 1862 5412 φησὶν,
1891 5341 1956 5407 ἐξ

2067 5341 2192 5402 ham
2239 5355 2305 5395 ac
2336 5340 2489 5395 Isaac
2516 5345 2701 5415 patres
2735 5354 2867 5396 suos
2893 5337 3351 5407 benedictionem,
3382 5354 3503 5410 quae
3545 5348 3630 5394 est

406 5428 804 5499 Ἰερουσαλήμ
820 5449 834 5460 ·
858 5430 1098 5484 τουτέστι
1131 5431 1308 5485 πᾶσαν
1333 5431 1431 5504 τὴν
1458 5431 1834 5504 ὑπερηφανίαν
1862 5433 1956 5505 τῆς

2064 5431 2319 5493 ϐιαίους
2360 5431 2699 5496 .declararet,
2726 5431 2846 5495 ait:
2879 5431 3213 5499 Alliamsad
3242 5433 3398 5491 vitem
3419 5431 3627 5502 pullum

464 5582 512 5616 ³¹
553 5583 711 5639 Rom.
746 5600 799 5649 ν,
834 5585 886 5652 l,
919 5585 973 5639 2.
1048 5587 1093 5618 "
1130 5584 1263 5641 ibid.
1297 5584 1364 5652 5,
1394 5586 1450 5642 5.
1520 5583 1569 5618 ⁸³
1607 5583 1831 5651 PhUl’mL
1877 5601 1951 5652 β’,

2117 5576 2189 5621 ⁸³*
2225 5586 2416 5644 Matth.
2451 5602 2587 5657 xm,
2623 5574 2710 5643 Π.
2784 5587 2832 5621 ⁸⁸
2867 5586 3033 5643 Zach.
3070 5603 3159 5655 ix,
3193 5586 3281 5644 10.

467 5759 580 5835 (⁷2)
609 5760 835 5819 Αὐτῶν.
863 5763 1018 5835 Apud
1048 5764 1356 5821 Matthteum
1383 5782 1496 5834 xxi,
1528 5767 1583 5835 8,
1606 5764 1829 5821 ἑαυτῶν.

2123 5766 2233 5837 (75)
2266 5766 2377 5823 Καὶ
2400 5769 2564 5837 θεωρ.
2598 5765 2764 5825 Forte
2798 5768 2890 5823 καὶ
2918 5765 3054 5833 πρὸς
3085 5766 3253 5830 Ρεωρ.
