4138 6420
289 455 298 463 ,
377 411 514 466 ιεπ

1449 414 1704 470 ORATIO
1733 415 1797 468 IN
1827 415 2063 470 RAMOS
2090 413 2496 470 PALMARU‘M.

3473 412 3610 468 {278

376 527 470 584 καὶ
504 528 808 598 σφάζουσαν
835 531 1008 586 πάντα
1045 531 1300 602 λογισμὸν
1327 533 1702 604 ἐπαιρόμενον,
1735 536 1936 605 αἰχμα-

2051 537 2246 588 tionem
2306 549 2526 589 omnem
2577 533 2924 588 extollentem
2981 548 3040 588 se
3062 531 3131 596 °‘,
3187 538 3246 586 ut
3299 545 3401 585 nos
3449 543 3480 581 a
3518 525 3613 582 Dei

375 620 641 676 λωτεῦσαι
675 623 822 692 ἡμᾶς
851 623 957 675 ἀπὸ
982 624 1080 694 τῆς
1107 623 1358 692 γνώσεως
1383 623 1476 677 τοῦ
1507 625 1668 677 Θεοῦ’
1703 627 1795 678 καί
1825 627 1945 679 ἀντὶ

375 715 475 784 τῆς
495 713 830 784 γλυκύτητος
875 715 966 768 τοῦ
1011 717 1248 784 φοίνικος
1285 716 1383 788 τὴν
1421 716 1675 784 γλυκεῖαν
1703 717 1940 788 ἀγάπην,

376 806 474 875 τὴν
518 807 913 876 συνισταμένην
952 808 1015 860 ὲκ
1055 807 1164 860 τῶν
1219 808 1633 879 προρρηθέντων
1690 809 1942 872 πίστεως,

379 899 472 952 καὶ
513 899 748 962 ἐλπίδος,
794 901 884 952 καὶ
916 900 1020 952 τῶν
1063 901 1282 965 λοιπῶν,
1313 901 1399 953 ἵνα
1446 899 1700 972 πληρωθῇ
1727 903 1782 952 ἐν
1815 902 1945 970 ἡμῖν

377 988 438 1041 τὸ
464 989 626 1058 ῥηθέν
645 1006 656 1018 ·
686 990 917 1052 Δίκαιος
936 989 1015 1052 ὡς
1035 989 1232 1056 φοίνιξ
1258 988 1506 1053 ἀνθήσει
1525 1005 1536 1015 ·
1567 988 1705 1039 ὡσεὶ
1738 986 1946 1052 κέδρος

377 1079 416 1144 ἠ
455 1078 526 1131 ἐν
553 1078 632 1143 τῷ
665 1078 892 1145 Λιϐάνῳ
917 1079 1418 1143 πληθυνθιξσεται.
1469 1076 1945 1145 Ἀκολουθήσωμεν

380 1169 528 1239 αὐτῷ
561 1172 639 1232 είς
655 1171 752 1240 τὴν
778 1171 935 1238 ἁγίαν
967 1170 1116 1222 πόλιν
1137 1190 1148 1198 ·
1174 1169 1500 1239 εἰσέλθωμεν
1519 1169 1634 1236 μετ’
1675 1167 1838 1220 αὑτοῦ
1863 1168 1943 1228 εἰς

380 1261 439 1314 τὸ
457 1261 617 1332 ἱερὸν,
646 1263 732 1316 ἵνα
757 1263 852 1324 τὰς
884 1262 1157 1332 τραπέζας
1185 1261 1294 1313 τῶν
1329 1263 1385 1313 ὲν
1414 1263 1545 1330 ἡμῖν
1585 1258 1944 1311 κολλυϐιστῶν

381 1353 754 1424 καταστρέψῃ,
793 1355 886 1406 καὶ
927 1354 1050 1415 τοὺς
1077 1353 1333 1422 δαίμονας
1359 1354 1484 1413 τοὺς
1524 1351 1830 1412 πωλοῦντας
1850 1350 1947 1412 τὰς

383 1444 730 1514 περιστερὰς,
749 1444 872 1505 τοὺς
892 1443 949 1495 ὲν
968 1443 1142 1515 πλάνῃ
1158 1443 1484 1511 πετομένους
1505 1441 1948 1509 λογισμοὺςβιπο-

380 1534 546 1605 διώξῃ
584 1535 674 1602 ἀφ’
703 1533 858 1604 ἡμῶν
878 1534 1014 1604 μετὰ
1048 1534 1260 1586 πάντων
1279 1533 1389 1584 τῶν
1410 1532 1726 1585 πωλούντων
1745 1533 1801 1582 ὲν
1817 1533 1946 1600 ἡμῖν

384 1628 480 1680 καὶ
511 1625 886 1696 ἀγοραζόντων
906 1643 922 1657 ο
953 1626 1042 1679 καὶ
1075 1626 1193 1677 ἀντὶ
1227 1624 1486 1694 σπηλαίου
1515 1622 1722 1694 λῃστῶν
1747 1624 1948 1693 ποιήσῃ

380 1717 529 1787 ἡμᾶς
555 1716 695 1769 κατὰ
732 1717 820 1768 τὸν
849 1718 1071 1786 ἀρχαῖον
1106 1715 1247 1786 ἱερὸν
1291 1714 1410 1768 ναὸν
1442 1715 1615 1782 ἆγιον,
1645 1717 1701 1767 ὲν
1814 1716 1953 1766 οἰκεῖ

383 1809 478 1862 καὶ
517 1811 807 1879 περιπατεῖ
850 1806 1113 1878 Χριστός·
1137 1808 1222 1858 ἵνα
1256 1808 1366 1868 τοῖς
1394 1806 1609 1874 τυφλοῖς
1653 1805 1808 1874 ἡμῶν
1837 1804 1952 1874 φῶς

2047 629 2277 682 scientia
2327 627 2564 694 captivet
2591 646 2602 677 :
2633 641 2732 695 pro
2785 626 2978 694 palmae
3019 623 3237 678 demum
3290 621 3610 682 dulcedine,

2046 718 2260 773 dulcem
2301 718 2647 782 charitatem,
2691 731 2812 786 qua:
2857 731 2922 768 ex
2956 715 3213 785 praefatis,
3248 715 3373 779 fide,
3423 729 3517 783 spe
3549 727 3614 767 ac

2048 809 2272 879 reliquis
2305 817 2544 870 constat,
2594 815 2652 861 ut
2696 809 2749 861 in
2807 806 2965 860 nobis
2999 807 3286 875 impleatur
3343 804 3486 875 quod
3530 803 3615 857 di-

2047 909 2192 955 ctum
2217 911 2299 956 est
2327 919 2340 953 :
2367 899 2556 954 Justus
2577 909 2633 953 ut
2659 900 2838 968 palma
2861 898 3102 967 ﬂorebit;
3125 899 3257 951 sicut
3287 899 3470 950 cedrus
3498 911 3615 965 qua:

2043 992 2102 1070 in
2134 992 2331 1046 Libano
2361 1002 2458 1057 est,
2491 993 2930 1060 multiplicabilur
2953 993 3018 1045 ⁸⁷.
3054 989 3357 1059 Sequamur
3393 995 3614 1043 euntem

2049 1087 2101 1138 in
2134 1095 2378 1140 sanctam
2411 1085 2689 1138 civitatem
2721 1102 2732 1136 :
2759 1084 3131 1152 ingrediamur
3158 1096 3280 1134 cum
3309 1095 3371 1134 eo
3397 1081 3449 1132 in
3477 1087 3616 1133 tem-

2049 1177 2218 1245 plum,
2247 1185 2304 1228 ut
2338 1177 2390 1228 in
2426 1176 2583 1230 nobis
2619 1191 2836 1230 mensas
2867 1173 3356 1227 mnmnulariorum
3388 1170 3616 1224 subver-

2048 1267 2221 1327 tat“.
2283 1282 2346 1320 ac
2407 1265 2684 1320 daemones
2728 1266 3026 1320 vemlentes
3075 1264 3618 1329 columbas:nempe

2049 1357 2406 1425 cogitationes
2449 1356 2502 1408 in
2532 1370 2718 1409 errore
2749 1355 3015 1420 volantes,
3060 1370 3183 1407 cum
3229 1353 3482 1407 omnibus
3525 1349 3618 1420 qui

2049 1450 2106 1502 in
2153 1450 2311 1503 nobis
2344 1456 2533 1503 emunt
2567 1448 2936 1517 venduntque,
2974 1462 3002 1499 a
3039 1446 3198 1500 nobis
3249 1445 3524 1513 expellat,
3556 1457 3620 1496 ac

2050 1553 2149 1607 pro
2179 1539 2437 1607 spelunca
2485 1539 2777 1602 latronum,
2815 1551 3031 1590 sacrum
3067 1551 3165 1589 nos
3208 1535 3488 1603 templum,
3541 1532 3620 1585 uti

2053 1633 2336 1700 antiquum
2362 1630 2516 1694 illud,
2549 1630 2601 1683 in
2624 1646 2731 1699 quo
2756 1629 3007 1683 Christus
3033 1627 3238 1681 habitet
3269 1642 3331 1678 ac
3354 1623 3619 1679 deambu—

2052 1722 2148 1783 let,
2185 1721 2384 1786 faciat;
2433 1736 2542 1790 quo
2569 1720 2726 1775 cazcis
2776 1720 2980 1775 nostris
3015 1719 3276 1787 largiatur
3309 1717 3507 1778 visum,
3556 1729 3620 1767 ac

2055 1809 2252 1863 surdos
2289 1810 2451 1862 faciat
2484 1810 2693 1872 audire,
2750 1817 2804 1862 et
2850 1808 3128 1860 ambulare
3177 1805 3424 1863 claudos.
3473 1817 3620 1857 mor-

383 1901 692 1972 χαρίσηται,
740 1898 832 1952 καί
881 1901 1007 1962 τοὺς
1057 1899 1271 1965 κωφοὺς
1325 1899 1520 1967 ποιήσῃ
1569 1895 1817 1960 ἀκοῦσαι,
1857 1897 1947 1949 καὶ

2056 1909 2290 1969 tuosque
2321 1915 2444 1954 cum
2478 1899 2685 1955 Lazaro
2723 1899 3034 1954 resuscitet.
3071 1896 3169 1950 Ubi
3203 1897 3346 1950 enim
3388 1895 3494 1948 vita
3524 1895 3620 1948 ha-

381 1991 507 2054 τοὺς
532 1991 736 2060 χωλοὺς
761 1989 1148 2060 περιπατῆσαι,
1173 1990 1264 2042 xal.
1288 1988 1414 2050 τοὺς
1441 1988 1665 2057 νεκροὺς
1690 1986 1829 2057 μετά
1849 1988 1952 2039 Λα-

383 2078 550 2151 ζάρου
590 2081 796 2150 ἐγείρῃ.
838 2081 1009 2133 Ὅπου
1043 2079 1150 2150 γὰρ
1178 2081 1318 2132 οἰκεῖ
1346 2078 1478 2149 ζωὴ,
1513 2080 1628 2131 ἐκεῖ
1660 2077 1951 2142 ἀνάστασίς

383 2168 559 2220 ἐστιν·
603 2168 689 2220 ἵνα
730 2167 868 2236 μετὰ
910 2170 1182 2240 Λαζάρου,
1217 2170 1308 2222 καὶ
1345 2168 1452 2221 τῶν
1486 2168 1656 2238 ὄχλων
1699 2170 1793 2221 καὶ
1841 2167 1950 2221 τῶν

387 2255 644 2324 μαθητῶν
691 2255 878 2318 αὑτοῦ,
917 2258 1055 2327 μετὰ
1091 2258 1297 2326 νηπίων
1330 2258 1421 2310 καὶ
1467 2257 1824 2327 Θηλαζόντων,
1859 2257 1951 2310 καὶ

387 2347 522 2417 μετά
537 2347 643 2400 τῶν
660 2348 826 2414 ἁγίων
844 2348 1085 2416 ἀγγέλων
1105 2349 1391 2419 κράξωμεν
1410 2347 1637 2416 βοῶντες
1651 2365 1666 2379 ’
1695 2349 1953 2403 Ὡσαννὰ

382 2437 451 2490 ἐν
483 2438 606 2503 τοῖς
640 2441 955 2506 ύψίστοις’
987 2439 1404 2508 Εὐλογημένος
1451 2441 1482 2491 d
1523 2440 1842 2506 ἐρχόμενος
1882 2441 1952 2493 ἐν

384 2527 625 2596 ὀνόματι
655 2530 901 2597 Κυρίου·
932 2529 1162 2600 Χριστὸς
1182 2529 1383 2600 Κύριος
1422 2529 1516 2581 καὶ
1549 2531 1577 2582 ὁ
1606 2529 1736 2592 Θεὸς
1769 2531 1946 2600 ἡμῶν,

385 2618 731 2683 όβασιλεὺς
767 2619 884 2672 τῶν
914 2619 1158 2673 αἰώνων.
1188 2619 1344 2689 Αὐτῷ
1371 2619 1518 2684 δόξα,
1553 2619 1709 2688 τιμὴ,
1751 2622 1950 2691 κράτος

2055 1991 2214 2053 bitat,
2255 1990 2326 2044 ibi
2354 1991 2689 2044 resurrectio
2720 1999 2804 2044 est
2834 2007 2846 2043 :
2883 1996 2940 2040 ut
2965 2001 3088 2041 cum
3123 1985 3330 2040 Lazaro
3362 1993 3414 2039 et
3445 1984 3621 2038 turbis

2055 2094 2120 2134 ac
2158 2080 2444 2150 discipulis
2491 2080 2633 2148 ejus,
2681 2094 2914 2147 cumque
2957 2077 3256 2131 infantibus
3303 2090 3366 2128 ac
3420 2073 3622 2142 angelis

2056 2173 2263 2227 sanctis
2297 2172 2594 2226 clamemus
2623 2171 2866 2224 dicentes
2895 2189 2906 2222 :
2938 2169 3192 2223 Hosanna
3227 2169 3280 2220 in
3308 2166 3622 2220 altissimis:

2057 2261 2364 2315 Benedictus
2406 2263 2496 2326 qui
2541 2264 2670 2316 venit
2715 2264 2767 2314 in
2813 2263 3017 2314 nomine
3067 2259 3279 2313 Domini
3319 2274 3332 2312 :
3370 2256 3624 2312 Christus

2059 2351 2321 2408 Dominus
2365 2360 2419 2407 et
2465 2353 2608 2408 Deus
2654 2362 2869 2418 uoster,
2919 2367 3009 2405 rex
3073 2349 3476 2404 swculurum“.
3516 2347 3624 2416 ipsi

2058 2445 2250 2514 gloria,
2283 2446 2478 2512 honor,
2522 2455 2764 2516 potestas
2807 2453 2862 2500 et
2906 2445 3173 2506 adoratio,
3221 2457 3345 2496 cum
3376 2439 3536 2492 Patre
3570 2446 3625 2490 et

2061 2534 2270 2605 Spiritu
2317 2546 2530 2600 sancto,
2567 2554 2712 2592 nunc
2741 2545 2796 2593 et
2841 2552 3077 2608 semper,
3106 2544 3160 2590 et
3187 2535 3252 2588 in
3289 2533 3486 2587 saecula
3525 2545 3627 2584 saa-

2055 2629 2322 2685 culorum.
2357 2631 2551 2685 Amen.

385 2711 480 2764 καῖ
510 2711 897 2782 προσκύνησις,
937 2713 1052 2783 ἅμα
1092 2711 1169 2782 τῷ
1202 2711 1376 2783 Πατρὶ
1415 2711 1510 2764 καὶ
1536 2710 1615 2782 τῷ
1648 2712 1788 2784 ἁγίῳ
1818 2715 2116 2788 Πνεύματι,
2157 2723 2251 2778 νῦν
2283 2724 2376 2778 καὶ
2405 2725 2514 2788 ἀεὶ,
2554 2723 2649 2777 καὶ
2715 2725 2796 2787 είς
2826 2724 2950 2786 τοὺς
2980 2722 3178 2785 αἰῶνας
3213 2719 3323 2773 τῶν
3393 2715 3622 2772 αἰώνων.

399 2804 590 2873 Ἀμήν.

461 3000 506 3034 ⁶⁶
543 2998 587 3054 ll
617 3000 746 3056 Cor.
778 3013 851 3068 ι,
884 3003 938 3058 5.
1013 3005 1035 3035 ⁶
1097 3002 1242 3059 Psal.
1277 3018 1396 3069 τοι,
1430 3003 1518 3061 15.
1594 3002 1641 3036 ⁸⁸
1678 3001 1866 3060 Matth.
1898 3021 1947 3059 ιι

2061 3005 2153 3062 12.
2228 3007 2272 3038 ⁶⁹
2310 3005 2331 3060 Ι
2371 3005 2514 3064 Tim.
2549 3023 2589 3073 t,
2626 3007 2714 3062 l'a'.

407 3201 3619 3251 nam

1549 3401 1688 3441 ANNO
1721 3401 1907 3440 DOIllNl
1947 3401 2450 3444 οσοιιν-ῦοοιιιιν.

497 3607 1437 3840 MARCELLUS
1543 3609 1947 3842 ANCY

2051 3611 2504 3977 lANUS
2615 3612 3507 3844 EPISCOPUS

1663 4099 2353 4214 DIATRIBA

1345 4343 1450 4403 DE
1493 4343 1744 4405 CAUSA
1792 4344 2202 4408 MARCELLI
2245 4346 2660 4409 ANCYRANI

1399 4506 1786 4569 (llomwcort..
1821 4504 2044 4558 Bibliotlt.
2066 4519 2188 4557 nova
2211 4509 2434 4570 Patrum,
2476 4509 2514 4569 1,
2539 4509 2624 4572 ιι.)

1475 4808 1871 4866 ΡῐιοοΕΜιυΜ
1909 4809 1997 4863 ΕΤ
2044 4809 2294 4865 DIVISIO
2330 4809 2595 4869 OPERIS.

461 4958 536 5014 De
565 4955 808 5012 Marcelli
833 4955 1106 5028 Ancyrani
1131 4953 1407 5019 doctrina,
1438 4957 1541 5011 etsi
1573 4957 1640 5011 ab
1664 4957 1783 5026 ipso
1811 4957 2053 5013 Marcelli
2091 4973 2208 5012 aevo
2235 4955 2304 5010 ad
2337 4957 2442 5010 hoc
2475 4971 2650 5026 usque
2686 4961 2902 5025 tempus
2925 4954 2992 5009 ab
3031 4954 3338 5026 insignibus
3369 4956 3502 5012 viris
3524 4957 3637 5014 dis-

390 5064 662 5126 ceptatum
700 5055 790 5116 sit,
843 5068 931 5108 res
969 5059 1152 5106 tamen
1193 5051 1373 5106 adhuc
1404 5053 1458 5106 in
1490 5051 1714 5121 ancipiti
1737 5063 1920 5108 manet
1961 5071 1974 5108 :
2008 5055 2099 5107 alii
2128 5069 2366 5123 namque
2410 5053 2566 5107 illum
2603 5060 2877 5126 temerata:
2925 5051 3046 5106 fidei
3091 5069 3242 5108 reum
3284 5061 3486 5122 agunt,
3543 5056 3636 5109 alii

393 5125 629 5219 utirectae
658 5149 781 5205 fidei
814 5147 1090 5203 vindicem
1119 5146 1569 5226 defendunt,.alii
1599 5149 1920 5218 quazstionis
1951 5148 2274 5206 difficultate
2313 5147 2584 5210 deterriti,
2617 5125 2750 5200 non.
2770 5146 2971 5202 audent
3011 5147 3067 5201 in
3114 5148 3381 5202 utramvis
3427 5156 3636 5216 partem

390 5247 537 5303 ferre
560 5246 848 5314 judicium.
880 5244 960 5298 Ad
991 5252 1302 5314 postremos
1324 5253 1505 5298 autem
1546 5245 1932 5298 incunctanter
1965 5245 2306 5310 accederem,
2327 5244 2434 5300 nisi
2465 5260 2529 5299 ex
2562 5260 2648 5305 eo,
2687 5242 2833 5313 quod
2882 5244 2995 5313 jam
3049 5244 3282 5313 primum
3308 5245 3635 5314 publicatur,

390 5340 662 5409 opusculo
693 5356 834 5394 nova
868 5337 1238 5394 Marcellianis
1262 5339 1428 5394 rebus
1455 5339 1542 5392 lux
1581 5338 1845 5391 oriretur.
1880 5337 2054 5406 Hujus
2085 5337 2420 5392 adminiculo
2452 5352 2561 5392 non
2596 5337 2715 5392 sine
2746 5351 2843 5406 spe
2872 5336 3192 5399 enodandae,
3233 5338 3290 5390 in
3324 5335 3508 5390 multis
3529 5337 3639 5388 sal-

391 5437 524 5493 tem,
557 5431 635 5486 rei
665 5431 936 5486 hactenus
971 5430 1243 5500 perplexze
1272 5438 1326 5484 et
1354 5428 1643 5492 intricataz,
1679 5427 1806 5479 huic
1835 5424 2091 5481 Diatribae
2115 5443 2338 5480 manum
2372 5426 2749 5488 admovemus,
2779 5431 3057 5492 totamque
3086 5424 3200 5479 haec
3229 5424 3283 5477 in
3316 5425 3497 5493 capita
3520 5423 3638 5476 dis-

391 5522 705 5578 tribuimus.
751 5521 914 5576 Praeit
949 5521 1360 5590 compendiaria
1383 5521 1450 5576 de
1485 5519 1598 5573 vita
1637 5519 1877 5596 Marcelli
1903 5519 2183 5582 narratio;
2216 5519 2344 5572 hinc
2366 5518 2694 5588 exquiritur,
2719 5517 2811 5588 qui
2841 5516 3004 5572 fuerit
3035 5517 3125 5571 ille
3161 5516 3416 5572 Marcello
3437 5517 3640 5572 ascris—

395 5620 521 5682 ptus
547 5627 736 5678 error;
791 5622 904 5667 tum
934 5629 1003 5666 an
1034 5612 1090 5666 in
1123 5612 1246 5681 ejus
1293 5621 1487 5668 contra
1516 5611 1793 5666 Asterium
1827 5611 1970 5664 libro
2004 5610 2341 5680 deprehendi
2366 5609 2635 5678 potuerit;
2686 5608 2883 5664 deinde
2915 5624 3044 5662 num
3084 5623 3326 5663 errorem
3380 5609 3532 5662 illum
3583 5609 3641 5663 in

391 5704 631 5758 decursu
664 5705 788 5759 vita:
812 5705 980 5760 verbo
1003 5705 1088 5759 vel
1117 5706 1327 5775 scripto
1350 5703 1668 5767 tradiderit;
1692 5703 1930 5770 itemque
1953 5717 2021 5756 an
2055 5703 2123 5758 ab
2139 5703 2439 5757 Athanasio
2463 5701 2900 5756 acommunione
2925 5708 3170 5754 remotus
3199 5699 3398 5766 fuerit;
3420 5699 3640 5757 demum

392 5796 573 5862 agitur
603 5807 668 5851 ae
703 5796 943 5852 Marcelli
972 5807 1022 5852 et
1045 5797 1302 5854 Ecclesiae
1334 5798 1636 5864 Ancyram:
1665 5793 1730 5848 ad
1762 5792 2122 5848 Athanasium
2157 5794 2444 5858 legatione,
2483 5809 2646 5860 quam
2690 5809 2834 5847 nunc
2872 5792 3105 5853 primum
3142 5790 3378 5846 edimus.
