4138 6442
486 403 627 459 19.79

995 521 1225 578 CAPUT
1261 525 1554 588 PRIMUM.

632 670 1031 714 COIPENDIARIA
1061 677 1127 714 DE
1161 679 1284 716 νιτΑ
1322 680 1589 721 IARCELLI
1618 684 1911 724 NARBATIO.

557 783 661 849 Qui
693 800 840 840 anno
870 787 976 842 574
1011 790 1204 845 saltem
1234 795 1586 850 centenarius
1609 811 1645 852 e
1675 797 1818 854 vivis
1859 813 2057 856 exces-

487 875 579 939 sit,
613 875 926 946 Marcellus,
953 897 1100 938 anno
1124 883 1346 940 circiter
1376 886 1504 948 271,
1542 889 1841 944 Aureliano
1875 906 2058 946 rerum

486 966 750 1034 potiente,
795 979 962 1025 natus
999 977 1071 1027 sit
1102 981 1339 1042 oportet,
1375 977 1566 1031 eodem
1599 977 1772 1034 ferme
1814 987 2060 1050 tempore

487 1075 596 1128 quo
628 1058 835 1117 Paulus
885 1061 1305 1130 Samosatenus,
1357 1067 1519 1135 cujus
1564 1068 1797 1125 haeresin
1846 1081 2060 1127 restau-

485 1167 642 1208 rasse
673 1153 851 1208 fertur
877 1155 1187 1220 Marcellus,
1211 1157 1553 1214 Antiochena
1586 1162 1715 1216 sede
1737 1165 1932 1232 pulsus
1951 1173 2056 1221 est.

483 1243 626 1300 Ante
655 1258 860 1298 annum
876 1246 980 1299 514
1000 1246 1053 1299 in
1077 1247 1426 1318 Ancyranum
1443 1249 1764 1320 episcopum
1790 1251 2056 1319 adfectus,

483 1333 791 1404 Ancyrana:
814 1336 1025 1406 synodo
1053 1337 1242 1392 eodem
1275 1355 1422 1394 anno
1456 1342 1745 1398 celebratae
1779 1344 2055 1402 interfuit.

484 1422 624 1479 Hinc
648 1425 703 1479 in
734 1423 950 1480 Nicaena
987 1429 1199 1496 synodo
1228 1429 1282 1483 in
1305 1431 1497 1485 Arium
1526 1441 1579 1488 et
1598 1435 1844 1492 asseclas
1857 1438 2060 1492 acriter

483 1517 752 1580 invectus,
794 1533 983 1572 eorum
1018 1519 1073 1573 in
1115 1536 1175 1576 se
1222 1522 1581 1578 inﬂammavit
1628 1526 1776 1580 odia.
1809 1526 2059 1583 Excitata

481 1623 610 1664 vero
644 1609 916 1665 dissensio
945 1612 1002 1667 in
1025 1621 1275 1683 apertum
1303 1615 1505 1670 bellum
1536 1619 1741 1686 erupit,
1761 1634 1884 1674 cum
1902 1622 2060 1675 Aste-

480 1701 565 1757 rio
591 1703 837 1772 sophista
868 1705 1203 1762 Arianorum
1234 1707 1454 1764 vindice
1486 1709 1546 1762 in
1569 1709 1719 1764 edito
1736 1711 1803 1766 ab
1833 1728 1892 1768 se
1917 1712 2058 1765 libro

477 1795 802 1849 catholicam
822 1795 979 1851 fidem
992 1809 1360 1869 oppugnante,
1380 1800 1878 1873 Marcellusinsigni
1893 1819 2059 1874 opere

478 1886 754 1941 Asterium
794 1887 1041 1953 adortus,
1080 1889 1409 1950 Arianorum
1452 1884 1816 1964 prfmipilares
1862 1911 2056 1951 omnes

478 1979 796 2047 exagitavit.
829 1978 955 2035 Haec
981 1982 1246 2052 princeps
1276 1998 1444 2040 causa
1475 1985 1705 2050 irarum,
1726 1985 1778 2038 hi
1805 1987 1933 2045 saevi
1965 1985 2057 2043 do-

485 2067 631 2123 lores
660 2070 1015 2137 Arianorum,
1048 2072 1143 2142 qui
1172 2073 1369 2129 exinde
1397 2075 1691 2130 classicum
1738 2077 1794 2130 in
1827 2075 2056 2131 Marcel-

479 2159 589 2213 lum
621 2169 909 2224 canentes,
939 2178 1066 2217 eum
1105 2172 1159 2219 et
1188 2164 1410 2234 scriptis
1436 2174 1493 2221 et
1523 2167 1894 2221 moliminibus
1924 2175 2056 2224 sunt

479 2253 745 2322 aggressi.
799 2252 1082 2324 Siquidem
1135 2256 1467 2312 ulciscendae
1508 2257 1724 2327 injuriae
1774 2259 2051 2329 cupidine.

478 2345 656 2412 primo
691 2343 1111 2417 Jerosolymam,
1146 2356 1283 2406 teste
1303 2346 1552 2413 Socrate,
1579 2349 1895 2404 Marcellum
1919 2366 2053 2406 evo-

479 2440 628 2496 cant,
664 2449 890 2489 causam
921 2435 1234 2504 dicturum;
1267 2437 1463 2494 deinde
1493 2455 1624 2494 vero
1666 2439 2054 2495 Constantino-

479 2525 626 2594 polin
673 2537 985 2593 accersunt,
1048 2529 1490 2601 abnuentemque
1540 2531 1757 2600 ejurare
1797 2533 2050 2598 haeresin,

483 2632 646 2686 quam
679 2617 733 2671 in
761 2619 899 2672 libro
939 2620 1059 2689 ejus
1089 2621 1269 2698 eﬂerri
1299 2625 1722 2686 contendebant,
1759 2627 1930 2696 gradu
1957 2628 2055 2681 de-

477 2707 694 2777 jiciunt,
723 2709 937 2779 ipsique
981 2711 1240 2766 Basilium
1270 2714 1750 2785 subrogant.lliuc
1781 2715 2052 2772 Eusebius

477 2799 833 2858 Caesariensis
881 2805 1098 2859 duobus
1148 2813 1339 2860 contra
1389 2806 1705 2862 Marcellum
1754 2809 1910 2864 libris
1953 2810 2052 2862 tri-

479 2893 688 2963 busque
711 2895 836 2950 aliis
869 2896 1022 2949 vario
1049 2896 1209 2951 titulo
1239 2897 1571 2952 Arianorum
1595 2915 1681 2954 res
1710 2901 2006 2954 vindicavit
2035 2920 2049 2955 :

481 2994 649 3055 atque
673 2987 747 3039 ita
773 2987 1086 3062 gregalibus
1116 2989 1232 3044 suis
1266 2990 1449 3044 oblata
1473 2991 1705 3049 erimina
1731 2993 1961 3062 depulit,
1995 3000 2054 3052 ut

479 3091 539 3131 se
571 3076 687 3146 ipse
714 3057 964 3145 proderet
998 3079 1284 3135 Arianum.
1315 3079 1671 3137 Tumibidem
1704 3091 1894 3137 contra
1912 3084 2056 3138 Mar-

479 3169 676 3224 cellum
709 3185 822 3224 rem
867 3178 1088 3226 strenue
1117 3173 1307 3242 gessit,
1347 3190 1508 3244 quem
1536 3175 1744 3230 violata!
1773 3190 1919 3231 sanat
1951 3177 2053 3232 do-

479 3261 671 3313 ctrina:
706 3275 858 3314 reum
895 3261 1006 3330 egit
1041 3281 1054 3316 :
1088 3277 1152 3316 ac
1183 3263 1470 3317 instaurati
1502 3265 1751 3319 Pauliani
1780 3276 1834 3321 et
1871 3265 2054 3321 Sabel-

478 3350 612 3404 liani
647 3353 853 3406 erroris
881 3354 1183 3406 accusavit.
1219 3353 1330 3408 lfac
1359 3363 1541 3410 autem
1583 3357 1636 3409 in
1673 3373 1732 3412 re
1758 3373 1867 3412 non
1896 3373 2054 3428 pror-

479 3459 576 3499 sus
605 3443 846 3499 infausto
880 3453 1083 3500 conatu
1117 3444 1435 3502 Marcellum
1457 3447 1681 3504 adortus
1707 3461 1782 3504 est
1814 3469 1826 3504 :
1859 3449 2054 3506 exinde

481 3550 724 3604 namque
755 3551 862 3590 non
895 3537 1056 3591 modo
1085 3537 1304 3593 Arianis
1339 3540 1549 3594 invisus
1569 3580 1583 3604 ,
1626 3544 1722 3595 sed
1753 3543 1915 3597 etiam
1949 3543 2054 3596 Ca-

481 3625 809 3682 tholicorum
852 3627 1040 3681 multis
1075 3639 1368 3698 suspectus
1397 3645 1519 3685 esse
1548 3631 1732 3701 cmpit.

554 3715 670 3772 Sub
699 3717 815 3776 meo
844 3717 1104 3774 defuncto
1131 3719 1516 3787 Constantino,
1544 3737 1668 3778 cum
1703 3723 1824 3778 aliis
1851 3724 2054 3779 exsuli-

481 3808 588 3864 bus
615 3807 904 3863 Marcellus
928 3809 1042 3864 sedi
1075 3812 1384 3879 restitutus,
1419 3830 1528 3868 non
1564 3815 1684 3870 sine
1726 3817 1962 3870 tumultu
1993 3833 2056 3871 ac

485 3899 729 3954 caedibus
778 3900 959 3954 locum
1008 3901 1245 3970 repetiit.
1302 3902 1412 3958 Nec
1453 3905 1546 3958 diu
1591 3914 1779 3976 postea
1819 3909 2054 3964 extorris

483 3992 664 4045 denuo
697 3990 896 4058 factus,
942 3993 1008 4046 ad
1043 3991 1248 4047 Julium
1289 4009 1482 4065 papam
1529 4005 1807 4068 receptum
1843 3999 2053 4054 habuit.

484 4083 561 4137 lbi
592 4083 762 4138 fidens
793 4083 1136 4140 adversarios
1166 4094 1428 4156 provocat
1465 4087 1531 4142 ad
1576 4088 1867 4158 judicium,
1910 4089 2056 4147 Julio

486 4174 607 4227 fidei
640 4189 752 4229 suae
782 4175 1069 4232 formulam
1097 4177 1276 4244 offert,
1310 4179 1480 4244 nullo,
1508 4190 1566 4234 ut
1587 4183 1808 4251 planum
1827 4194 1933 4248 est,
1967 4185 2053 4238 vi-

484 4265 562 4320 tio
595 4267 928 4322 laborantem
966 4289 978 4323 :
1019 4286 1177 4352 suum
1218 4279 1410 4326 contra
1430 4272 1705 4328 Asterium
1728 4276 1924 4330 librum
1959 4277 2058 4333 de-

483 4356 677 4422 fendit,
715 4367 940 4414 truncas
979 4362 1284 4417 sententias
1334 4363 1402 4416 ab
1454 4362 1781 4421 Eusebianis
1826 4383 2054 4436 pravum

485 4448 541 4500 in
568 4462 787 4502 sensum
803 4449 1070 4514 detortas,
1090 4451 1452 4505 adulteratam
1470 4453 1759 4509 verborum
1781 4457 1979 4511 seriem
1998 4459 2052 4511 in

1749 417 1838 472 DE
1883 417 2040 472 VlTA
2078 417 2166 474 ET
2203 419 2514 476 SCRIPTIS

2093 544 2137 600 Α
2171 535 2333 591 nibus
2366 534 2670 592 secundum
2703 534 3012 588 haereticam
3038 534 3366 589 sententiam
3393 535 3693 605 explicaret
3720 549 3738 601 ;

3605 419 3743 475 1280

2163 629 2279 682 sive
2309 629 2440 698 quia
2473 627 2742 681 Photinus
2771 627 2892 696 ejus
2915 627 3223 697 discipulus
3249 641 3438 697 parem
3484 627 3741 697 impieta-

2163 725 2294 782 wm,
2323 717 2437 772 imo
2485 717 2817 788 graviorem,
2859 718 3037 787 palam
3067 725 3120 770 et
3154 718 3208 771 in
3241 717 3486 773 Ecclesia
3528 719 3741 788 deprae-

2160 805 2390 871 dicaret,
2423 823 2532 877 qua
2556 807 2624 862 de
2647 823 2815 862 causa
2843 823 2944 862 nec
2963 808 3058 862 diu
3101 817 3288 876 postea
3316 809 3611 864 damnatus
3643 810 3740 869 de-

2160 900 2487 969 positusque
2537 907 2661 964 est;
2712 899 2840 952 hinc
2898 897 3141 953 Marcelli
3187 899 3333 953 fama
3378 900 3435 954 in
3494 899 3740 957 deterius

2159 1005 2317 1044 versa
2336 1009 2348 1044 :
2370 991 2653 1044 crescebat
2667 989 2723 1043 in
2739 989 2858 1045 dies
2872 989 3134 1058 suspicio,
3155 990 3310 1044 multi
3325 989 3737 1048 Catholicorum

2161 1084 2338 1152 palam
2379 1082 2676 1146 hominem,
2712 1091 2772 1136 ut
2811 1082 3048 1139 Sa-bellio
3076 1082 3314 1148 affinem,
3349 1083 3685 1139 damnabant
3717 1103 3734 1140 :

2159 1189 2362 1243 resque
2395 1173 2490 1227 illo
2513 1173 2749 1229 deducta
2780 1182 2888 1239 est,
2913 1181 2972 1227 ut
2992 1174 3154 1230 etiam
3173 1174 3496 1238 Athanasio,
3511 1177 3736 1245 quicum

2161 1265 2267 1336 ipsi
2299 1265 2565 1321 hactenus
2599 1264 2954 1321 necessitudo
2990 1274 3046 1319 et
3087 1264 3436 1321 familiaritas
3464 1269 3734 1323 interces-

2163 1365 2334 1420 serat,
2363 1367 2654 1426 suspectus
2682 1372 2805 1412 esse
2847 1356 3097 1427 ceperit.
3139 1354 3324 1426 Neque
3353 1365 3559 1420 tamen,
3599 1374 3736 1412 nar-

2159 1448 2410 1502 rantibus
2443 1448 2566 1502 licet
2591 1447 2800 1501 Hilario
2820 1457 2874 1503 et
2913 1446 3156 1517 Sulpicio
3200 1445 3422 1513 Severo,
3457 1447 3526 1505 ab
3567 1449 3736 1504 Atha-

2160 1538 2317 1593 nasio
2347 1548 2480 1593 tunc
2526 1538 2840 1602 damnatus,
2891 1546 2946 1593 et
2981 1553 3012 1591 a
3049 1539 3440 1593 communione
3485 1549 3736 1596 remotus

2159 1629 2286 1691 fuit,
2314 1639 2373 1683 ut
2410 1644 2535 1684 mox
2564 1629 3110 1684 commonstrabitur.
3131 1627 3429 1704 Postreniis
3447 1629 3735 1685 Athanasii

2157 1721 2284 1775 vitae
2333 1722 2496 1776 annis
2546 1736 2687 1775 nova
2740 1722 3097 1790 omniumque
3137 1720 3275 1778 forte
3312 1721 3644 1790 gravissima
3677 1724 3735 1778 in

2158 1808 2472 1864 Marcellum
2511 1817 2811 1878 tempestas
2839 1809 3110 1864 excitatur
3136 1827 3160 1863 -:
3201 1824 3325 1864 cum
3364 1809 3602 1866 Basilius
3637 1812 3730 1866 ille

2088 1881 2130 1938 Β
2160 1901 2388 1972 Magnus
2417 1911 2472 1956 et
2495 1901 2587 1954 alii
2620 1901 2758 1956 bene
2785 1902 2944 1955 multi
2973 1901 3147 1956 coorti
3175 1910 3324 1966 sunt,
3347 1911 3400 1957 et
3416 1903 3594 1957 virum
3624 1903 3728 1957 im-

2155 1992 2378 2061 pietatis
2410 2007 2579 2046 causa
2619 1991 2992 2046 damnandum
3037 1991 3338 2061 praedicant
3366 2012 3380 2048 :
3407 2001 3524 2047 tum
3558 1994 3730 2052 Atha-

2155 2086 2314 2140 nasio
2344 2093 2602 2140 auctores
2633 2092 2783 2150 sunt,
2814 2094 2872 2139 ut
2918 2085 3193 2140 hominem
3237 2101 3268 2139 a
3312 2087 3584 2142 catholica
3625 2088 3734 2144 fido

2153 2177 2390 2232 alienum
2426 2178 2494 2232 ab
2535 2177 2793 2233 Ecclesiae
2835 2179 3222 2233 communione
3250 2179 3510 2250 depellat.
3545 2179 3733 2236 Sensit

2156 2269 2568 2324 Marcellus'vir
2617 2268 3019 2325 annosissimus
3073 2277 3126 2326 et
3179 2285 3318 2340 pene
3356 2273 3730 2335 centenarius,

2150 2358 2262 2428 jam
2299 2359 2606 2429 proximum
2639 2374 2763 2414 esse
2784 2367 2844 2412 ut
2867 2359 3204 2416 Athanasius
3230 2361 3496 2425 ille,olim
3519 2363 3730 2420 amicus

2153 2457 2208 2505 et
2247 2449 2594 2504 fortunarum
2635 2465 2889 2516 consors,
2954 2453 3283 2507 sententiam
3333 2454 3624 2510 adversum
3671 2471 3731 2512 se

2153 2541 2383 2606 diceret,
2414 2549 2470 2596 et
2502 2557 2628 2595 cum
2660 2542 2771 2610 jain
2813 2542 3115 2610 periculum
3143 2543 3588 2613 portenderetur,
3635 2545 3720 2600 sui

2153 2642 2206 2690 et
2227 2637 2394 2690 totius
2425 2634 2732 2708 Ancyranze
2765 2633 3021 2689 Ecclesiae
3038 2637 3257 2690 nomine
3274 2635 3575 2706 Eugenium
3602 2638 3721 2692 dia-

2153 2742 2351 2782 conum
2407 2727 2657 2796 aliosque
2715 2727 2782 2781 ad
2834 2727 3194 2784 Athanasium
3247 2738 3499 2784 oratores
3540 2730 3725 2793 mittit,

2153 2819 2618 2874 commendatitiis
2662 2819 3050 2888 episcoporum
3107 2820 3328 2874 Gneciae
3373 2828 3430 2874 et
3469 2819 3724 2875 Macedo-

2155 2907 2277 2968 niae,
2307 2907 2637 2976 quibuscum
2668 2908 2854 2976 p‘acem
2877 2916 2934 2962 et
2954 2909 3269 2964 societatem
3317 2909 3534 2967 fovebat
3555 2911 3728 2964 Athao

2153 2999 2365 3063 Dasius,
2402 2997 2602 3053 litteris
2638 2998 2943 3056 instructos
2978 3017 2991 3054 :
3023 3001 3118 3069 qui
3170 3000 3396 3054 recitata
3442 2987 3727 3060 ﬁdei'suze

2155 3086 2414 3152 formula,
2453 3089 2660 3143 erroris
2699 3089 2766 3142 ab
2797 3105 2855 3145 se
2896 3096 2950 3145 et
2997 3105 3176 3160 pravae
3227 3091 3501 3161 opinionis
3541 3092 3725 3160 suspio

2155 3174 2367 3230 cionem
2400 3175 2739 3230 dimoverent
2777 3193 2790 3230 :
2823 3176 2952 3244 quia
2981 3191 3114 3232 vero
3151 3177 3265 3232 haec
3300 3176 3418 3232 fidei
3449 3176 3724 3246 professio

2154 3264 2210 3318 in
2238 3265 2494 3319 omnibus
2530 3266 2646 3320 suis
2679 3267 2924 3336 partibus
2953 3268 3219 3323 catholica
3248 3279 3354 3331 est,
3402 3269 3724 3338 ascriptam-

2155 3371 2262 3428 que
2296 3355 2554 3415 Marcello
2591 3357 2821 3412 haaresin
2855 3361 3202 3414 anathemate
3237 3360 3383 3425 ferit,
3439 3360 3506 3414 ab
3554 3359 3722 3413 Atha-

2155 3449 2312 3505 nasio
2368 3458 2424 3504 et
2471 3449 2744 3520 Egyptiis
2791 3451 3064 3522 episcopis
3111 3451 3373 3519 admissa,
3422 3468 3725 3522 eorumque

2154 3537 2429 3608 suﬂragiis
2461 3538 2669 3591 munita
2703 3546 2806 3593 est.
2842 3537 3264 3594 Hallucinantur
3295 3557 3428 3612 ergo
3453 3543 3545 3610 qui
3578 3541 3722 3595 Mar-

2146 3630 2350 3685 cellam
2408 3639 2600 3702 putant
2657 3630 2726 3684 ab
2779 3629 3079 3686 Athanasio
3129 3630 3317 3688 Basilii
3369 3634 3726 3703 instigatione

2153 3722 2496 3782 damnatum,
2522 3737 2552 3777 e
2585 3736 2816 3791 quorum
2847 3739 3081 3778 numero
3115 3721 3515 3780 IfiUemontius.
3560 3723 3721 3788 Nam,

2155 3824 2216 3868 ut
2241 3816 2298 3867 in
2325 3813 2431 3866 hoc
2463 3813 2682 3883 egregio
2707 3816 2975 3884 opusculo
3007 3813 3213 3876 videas,
3246 3815 3605 3878 Athanasius,
3629 3815 3722 3884 qui

2155 3905 2414 3961 Ecclesiae
2450 3906 2754 3977 Ancyrauaa
2786 3908 3098 3960 oratoribus
3123 3909 3402 3976 postulata
3443 3906 3722 3969 concedit,

2155 4011 2456 4067 eorumque
2487 3997 2608 4052 fidei
2628 3997 2875 4052 formula:
2891 3998 3240 4067 astipulatur,
3267 3999 3431 4054 etiam
3451 4013 3566 4060 eas,
3585 4013 3722 4067 quas

2155 4095 2438 4155 expetunt,
2463 4088 2939 4142 commendatitias
2973 4089 3186 4143 litteras
3240 4088 3383 4141 haud
3423 4089 3589 4142 dubie
3627 4087 3724 4142 de-

2153 4177 2297 4232 derit
2335 4193 2562 4233 necesse
2589 4185 2691 4234 est.
2724 4176 2838 4232 Sub
2868 4179 2981 4232 haec
3021 4188 3198 4233 autem
3239 4178 3381 4232 diem
3418 4178 3553 4231 obiit
3578 4177 3722 4230 Mar-

2155 4269 2349 4332 cellus,
2378 4270 2538 4325 annis
2559 4269 2778 4323 circiter
2807 4269 3024 4324 duobus
3058 4277 3348 4338 antequam
3381 4267 3722 4337 Epiphanius

2145 4359 2223 4415 de
2251 4359 2618 4416 Marcellianis
2655 4361 2709 4414 in
2750 4359 2991 4415 Panario
3031 4361 3312 4424 scriberet,
3348 4358 3556 4414 scilicet
3577 4373 3723 4412 anno

2157 4449 2385 4504 circiter
2403 4450 2527 4505 574.
2549 4449 2705 4515 Nam,
2733 4465 2856 4504 cum
2882 4449 3216 4520 Epiphanius
3243 4450 3536 4503 Panarium
3559 4465 3718 4504 suum

482 4541 727 4594 Romana
755 4541 824 4596 50
851 4541 1236 4612 episcoporum
1281 4543 1491 4613 synodo
1525 4547 1871 4616 comprobat,
1907 4546 2053 4601 dicta
2084 4551 2132 4610 D
2157 4541 2229 4596 sit
2257 4556 2420 4596 orsus
2442 4555 2586 4595 anno
2617 4541 2741 4608 575’,
2771 4549 2831 4595 ut
2862 4542 3185 4598 testiﬁcatur
3213 4542 3350 4612 ipse,
3385 4551 3439 4596 et
3461 4557 3605 4595 anno
3636 4557 3722 4595 sc-

480 4639 666 4686 tuetur
708 4641 756 4687 et
793 4633 1033 4702 explicat
1068 4651 1081 4687 :
1113 4633 1442 4704 demumque
1481 4635 1549 4688 ab
1576 4633 1721 4690 Julio
1755 4647 1810 4691 et
1840 4639 2055 4706 episco—

479 4724 565 4794 pis
597 4724 663 4778 ad
692 4724 1137 4780 communionem
1171 4731 1228 4778 ut
1258 4725 1516 4780 innoxius
1560 4725 1870 4781 admittitur
1910 4745 2055 4784 anno

479 4819 605 4874 542.
633 4819 852 4875 Arianis
894 4833 1023 4873 vero
1058 4833 1168 4872 non
1213 4817 1646 4887 quiescentibus,
1691 4819 2052 4874 detrectanti-

479 4913 693 4982 busque
732 4911 1040 4966 Romanum
1089 4909 1393 4980 judicium,
1435 4927 1620 4982 parem
1655 4914 1759 4969 sub
1802 4913 1916 4968 hrec
1947 4913 2058 4969 for-

480 5011 669 5057 tunam
699 5013 956 5074 expertus
986 5010 1072 5057 est
1117 5005 1172 5057 in
1214 5001 1527 5058 Sardicensi
1562 5005 1774 5075 synodo
1815 5021 2057 5062 (acume-

479 5097 604 5151 nica
638 5115 651 5150 :
687 5096 780 5149 ubi
815 5103 1101 5166 postquam
1137 5110 1361 5150 causam
1377 5075 1611 5160 dixerat,
1631 5100 2053 5169 purgatusipse,

475 5189 664 5243 Ariani
711 5189 972 5258 praesules
1019 5187 1261 5241 damnati
1309 5189 1766 5260 anathemateque
1804 5191 2056 5258 percussi

479 5288 626 5337 sunt.
655 5279 776 5333 Jam
806 5294 975 5349 prona
1006 5278 1261 5334 Marcello
1293 5279 1475 5334 omn-ia
1499 5290 1658 5334 erant
1691 5300 1702 5334 :
1734 5289 1788 5336 et
1827 5289 1952 5351 post
1979 5282 2058 5337 di-

475 5381 621 5429 ctam
641 5372 940 5427 secundum
961 5372 1137 5442 ipsum
1160 5369 1376 5426 duabus
1395 5371 1448 5425 in
1463 5371 1687 5442 synodis
1703 5374 2050 5438 sententiain,

477 5482 604 5536 spes
627 5467 1049 5522 videbaturesse
1070 5466 1340 5520 neminem
1358 5465 1765 5519 Catholicorum
1790 5481 2054 5520 ausurum

487 5558 630 5610 ultra
664 5557 731 5613 de
748 5559 961 5612 sincera
988 5557 1108 5628 ejus
1128 5557 1228 5612 ﬁde
1252 5557 1523 5612 dubitare.
1560 5554 1752 5610 Verum
1780 5574 1940 5614 secus
1969 5573 2056 5612 res

480 5649 648 5702 cessit
683 5665 697 5702 :
727 5665 850 5702 nam
881 5653 997 5704 sive
1030 5649 1159 5720 quia
1189 5648 1504 5713 Marcellus,
1550 5666 1671 5718 qua:
1701 5650 1754 5703 in
1787 5651 1925 5704 libro
1953 5665 2056 5706 suo

480 5739 556 5796 ita
587 5738 955 5809 adtemperate
971 5740 1255 5794 enuntiata
1272 5747 1430 5795 erant
1455 5747 1512 5792 ut
1536 5750 1763 5808 possent
1781 5740 1833 5792 in
1855 5739 2053 5793 bonam

479 5831 748 5888 malamve
781 5840 989 5898 partem
1024 5830 1258 5897 deflecti,
1297 5831 1350 5886 in
1385 5831 1725 5902 quotidianis
1766 5831 2055 5888 fabulatio-

2155 4642 2357 4704 quente
2390 4633 2493 4686 576
2521 4632 2589 4686 ad
2617 4631 3033 4688 Manichaeorum
3052 4633 3556 4705 haeresin'(numero
3576 4634 3722 4706 vai)

2155 4727 2459 4790 devenerit,
2505 4737 2561 4780 ut
2593 4726 2792 4781 ibidem
2831 4728 2985 4798 legis,
3023 4728 3212 4783 eodem
3250 4743 3393 4782 anno
3420 4726 3726 4782 Marcellia-

2153 4818 2612 4874 norumhaeresin
2637 4817 2888 4888 (numero
2927 4820 3097 4888 Lun)
3140 4819 3434 4889 scripsisse
3482 4819 3721 4882 videtur,

2157 4910 2252 4966 ubi
2285 4918 2474 4970 narrat
2506 4926 2536 4964 a
2567 4911 2783 4966 duobus
2816 4913 3044 4966 circiter
3075 4911 3235 4966 annis
3266 4911 3474 4966 obiisse
3492 4910 3723 4968 Marcel-

2157 5003 2290 5056 lum.
2323 5002 2454 5056 Erat
2485 5019 2647 5073 porro
2679 5012 2792 5058 tum
2825 5003 3138 5072 Marcellus,
3175 5011 3234 5058 ut
3274 5003 3512 5068 videtur,
3542 5013 3726 5058 cente-

2155 5096 2312 5150 nario
2339 5096 2532 5164 major,
2571 5104 2756 5166 utpote
2777 5097 2870 5166 qui
2905 5095 3015 5165 jam
3037 5112 3180 5151 anno
3197 5095 3300 5150 556
3321 5109 3724 5159 senex,cauus,

2156 5201 2211 5245 et
2243 5190 2297 5243 in
2329 5190 2645 5258 episcopatu
2677 5189 3040 5244 consenuisse
3088 5190 3304 5243 dicatur
3348 5187 3418 5241 ab
3461 5187 3722 5250 Eusebio,

2155 5283 2450 5351 itidemque
2481 5282 2550 5335 ab
2588 5281 2890 5336 Athanasio
2931 5302 2942 5336 :
2976 5298 3096 5352 qua:
3130 5283 3391 5352 frequens
3428 5279 3726 5336 senectutis

2153 5373 2406 5442 repetitio
2458 5372 2818 5442 sexagenario
2869 5373 3133 5440 majorem
3181 5383 3431 5445 spectare
3473 5378 3720 5442 putatur.

2153 5465 2285 5521 Post
2318 5465 2559 5518 Marcelli
2584 5466 2892 5531 decessum,
2929 5467 3184 5534 discipuli
3234 5466 3374 5534 ejus,
3420 5465 3725 5535 Ancyranaa

2153 5556 2412 5612 Ecclesia:
2438 5557 2647 5619 clerici,
2687 5556 2752 5610 ad
2779 5557 3069 5627 episcopos
3103 5564 3158 5610 et
3191 5556 3540 5610 confessores
3597 5552 3726 5606 Dio-

2154 5663 2404 5704 caesarcze
2429 5655 2654 5718 agentes
2683 5648 2957 5713 adierunt,
3003 5648 3342 5718 prolatisque
3373 5643 3726 5700 commenda--

2156 5739 2292 5794 titiis
2321 5739 2628 5802 Athanasii,
2655 5755 2813 5810 quem
2835 5741 3232 5812 τρισμακάριον
3258 5747 3475 5804 vocant,
3501 5734 3721 5799 litteris,

2157 5830 2394 5900 dataque
2428 5829 2550 5888 fidei
2583 5831 2814 5888 formula
2859 5833 2987 5889 huic
3025 5849 3134 5888 non
3165 5830 3423 5898 absimili,
3469 5828 3564 5884 sed
3601 5828 3727 5882 bre-
