4138 6454
426 382 557 437 1281

1656 388 2004 447 MARCELLI
2042 390 2177 443 AM;
2191 391 2219 441 ἴ
2232 391 2414 443 ιίΑΝΙ.

3538 396 3677 449 1282

424 498 589 563 viori,
619 499 1025 557 communioms
1058 500 1375 558 societatem
1414 505 1704 575 rogabant,
1750 521 1857 577 qua
1893 505 1997 560 im—
2024 509 2070 566 Α
2097 520 2163 558 ex
2227 506 2488 559 diametro
2545 504 2839 573 oppositam
2898 506 3026 559 .-lrio
3083 506 3401 575 impietatem
3449 510 3675 564 extulit.

425 595 659 660 petrala,
696 598 1062 646 recesserunt.
1111 589 1449 664 Demumque
1495 594 1753 660 Basilius,
1802 596 1996 651 horum

422 683 673 754 exemplo
700 690 756 739 et
782 686 1114 741 auctoritate
1144 694 1350 751 motus,
1402 687 1532 744 licet
1554 704 1719 760 aegre,
1757 688 1999 746 Marcelli

424 774 629 828 clerum
661 781 717 829 et
756 774 872 845 ipse
898 776 1272 831 communioni
1310 792 1426 833 suae
1471 779 1783 835 restituisse
1817 782 1999 836 credi-

421 872 535 919 tur.
565 863 643 919 En
669 868 859 936 paucis
904 874 1074 922 totam
1106 867 1172 923 de
1202 867 1457 924 Marcello
1498 871 1888 926 narrationem.
1936 871 1992 927 Si

420 956 555 1026 quid
578 972 708 1013 vero
744 969 941 1027 praeter
982 960 1261 1030 vulgarem
1295 962 1634 1018 eruditorum
1680 964 1991 1035 opinionem

426 1047 518 1103 hic
553 1049 906 1105 enuntiatum
954 1051 1358 1122 deprehendas,
1382 1053 1439 1109 id
1467 1057 1633 1110 certis
1661 1054 1993 1113 testimoniis

422 1137 715 1205 asseritur,
742 1147 807 1194 ut
836 1140 888 1195 in
920 1141 1276 1212 sequentibus
1306 1143 1487 1213 palam
1514 1142 1641 1199 erit.

1041 1252 1272 1310 CAPUT
1297 1253 1362 1310 11.
1474 1292 1477 1295 ι

588 1382 678 1431 QUI
717 1380 917 1423 FUEBIT
957 1382 1135 1426 ειιιιοκ
1172 1382 1458 1427 Ἀκεειιο
1496 1384 1807 1429 Αεσκιιντιιε.

1894 1488 1990 1543 uid

489 1482 565 1531 De
596 1482 841 1533 Marcelli
877 1482 1136 1534 sententia
1180 1484 1329 1536 varia
1374 1483 1680 1537 traduntur.
1738 1483 1802 1539 ll.
1845 1482 1985 1552 Qutd

487 1547 729 1624 Basilius
762 1550 831 1624 d_e_
851 1549 1107 1624 Marcelli
1124 1568 1308 1624 errore
1334 1554 1501 1608 dicat.
1532 1553 1631 1624 fill.
1678 1554 1822 1621 Quid
1856 1556 1985 1624 Epi-

478 1617 726 1691 phanius.
764 1619 852 1691 IY,
895 1621 1037 1687 Quid
1068 1621 1502 1689 Chrysostomus.
1529 1622 1590 1679 V.
1636 1617 1779 1691 Quid
1811 1617 1983 1682 Theoo

482 1688 698 1758 doretus
728 1730 742 1744 .
799 1689 888 1745 Vl.
933 1692 1076 1758 Quid
1137 1688 1399 1749 Eusebius
1448 1688 1824 1753 Ctesariensis.
1869 1696 1981 1753 VII.

483 1757 706 1813 Summa
735 1757 993 1816 doctrina:
1027 1760 1417 1820 Marcellianw.

413 1474 457 1531 I.
489 1475 565 1531 De
596 1478 841 1533 Marcelli
877 1481 1136 1534 sententia
1180 1484 1329 1536 varia
1374 1483 1680 1537 traduntur.
1738 1483 1802 1539 ll.

638 1872 680 1924 Ι.
704 1874 780 1924 De
806 1874 1025 1925 Marcelli
1050 1878 1300 1928 sententia
1320 1879 1446 1929 varia
1472 1881 1747 1932 traduntur.

475 1964 597 2023 Non
646 1982 878 2038 prorsus
914 1970 1235 2029 dilﬁeultate
1256 1983 1435 2041 vacat,
1476 1991 1602 2048 qum
1651 1976 1821 2034 fuerit
1864 1979 1978 2046 illa,

406 2058 475 2117 de
502 2076 612 2133 qua
639 2061 929 2121 Marcellus
968 2065 1354 2134 accusabatur,
1383 2069 1609 2127 haeresis
1642 2073 1780 2131 :etsi
1822 2088 1983 2129 nam-

409 2167 518 2223 que
538 2153 684 2223 apud
742 2153 1006 2212 Basiliam
1056 2167 1115 2213 et
1160 2157 1568 2216 Theodoretum
1623 2161 1983 2222 Marcelliani:

412 2246 701 2302 sententiae
735 2249 919 2318 capita
951 2264 1060 2305 non
1100 2251 1337 2309 obscure
1386 2253 1659 2323 ferantur,
1710 2257 1980 2315 Eusebius

406 2345 615 2402 tamen,
651 2340 745 2408 qui
773 2355 897 2394 cum
915 2342 1111 2412 aequali
1140 2358 1242 2398 suo
1269 2344 1633 2416 disceptabat,
1680 2350 1885 2421 quique
1911 2367 1979 2408 ex

405 2425 547 2482 libro
574 2426 812 2484 Marcelli
849 2430 1068 2503 singula
1089 2434 1380 2505 excerpsit,
1421 2452 1544 2508 quae
1571 2440 1654 2495 vel
1707 2456 1976 2508 errorem,

402 2518 486 2572 vel
520 2519 727 2575 erroris
759 2522 997 2591 speciem
1035 2522 1377 2593 praeferrent,
1402 2530 1460 2581 in
1493 2529 1824 2598 quihusdam
1863 2548 1975 2587 non

402 2602 478 2667 ita
536 2608 699 2668 facile
755 2627 883 2667 cum
910 2612 1116 2670 Basilio
1145 2623 1202 2673 et
1232 2615 1585 2676 Theodoreto
1629 2623 1974 2680 conciliatur.

400 2698 611 2757 Idcirco
639 2716 671 2757 e
694 2718 755 2757 re
789 2702 969 2760 visum
999 2715 1085 2761 est
1116 2705 1255 2775 fore,
1299 2717 1360 2763 ut
1413 2710 1594 2767 allatis
1635 2712 1692 2767 in
1733 2714 1977 2771 medium

400 2790 492 2856 iis,
533 2808 657 2863 quas
689 2793 759 2849 ab
804 2793 999 2850 iisdem
1060 2798 1422 2868 scriptoribus
1468 2800 1537 2856 de
1570 2801 1811 2859 Marcelli
1860 2807 1975 2877 opi-

398 2885 565 2943 nione
612 2896 932 2955 narrantur,
994 2905 1117 2961 quae
1170 2907 1298 2949 vere
1338 2893 1504 2949 fuerit
1547 2895 1640 2951 illa
1686 2898 1976 2971 diligenter

398 2977 764 3033 excutiamus.

612 3079 673 3131 II.
702 3083 829 3143 Quid
854 3084 1061 3135 Basilius
1080 3086 1143 3136 de
1169 3086 1386 3140 Marcelli
1414 3104 1584 3143 errore
1605 3096 1752 3148 dicat.

465 3162 704 3275 Basilius
735 3166 901 3275 igitpr
945 3168 998 3275 in
1042 3171 1200 3275 epist.
1232 3171 1321 3275 ΒΞ
1349 3189 1470 3275 qua:
1498 3186 1581 3232 est
1612 3180 1682 3234 ad
1716 3181 1971 3255 Magnum
1996 3212 2045 3275 ο

401 3252 790 3325 Athanasium,
824 3256 939 3314 haec
977 3259 1139 3315 habet
1185 3280 1199 3316 ε
1262 3264 1626 3336 Ἐπιζητεῖται
1664 3271 1722 3325 δὲ
1759 3252 1978 3337 κάκεῖνο

402 3346 556 3417 παρά
604 3364 767 3403 τινων
809 3350 919 3403 τῶν
951 3351 1198 3406 ἐντεῦθεν
1222 3355 1534 3425 ἀναγκαίως
1566 3361 1642 3425 ὡς
1675 3367 1770 3419 καὶ
1795 3370 1979 3437 αὐτοῖς

404 3440 537 3510 ἡμῖν
559 3440 971 3509 καταφαίνεται,
1000 3442 1062 3496 τὸ
1078 3444 1177 3515 τὴν
1201 3447 1519 3518 Μαρκέλλου
1546 3453 1756 3525 αἵρεσιν
1779 3461 1978 3528 αὐτοὺς

393 3530 471 3595 ὡς
522 3530 764 3603 χαλεπὴν
795 3533 891 3586 καὶ
922 3532 1212 3607 βλασεράν,
1245 3537 1339 3592 καὶ
1380 3541 1479 3612 τῆς
1512 3542 1864 3621 ὑγιαινούσης
1895 3551 1979 3606 πί.

396 3622 889 3717 στεωςῌάλλοτρίως
925 3625 1175 3717 ἔχουσαν,
1207 3629 1571 3701 ὲξορίζεσθαι.
1614 3638 1769 3694 Ἐπεὶ
1812 3643 1977 3717 μέχρι

392 3714 488 3768 τοῦ
528 3713 623 3768 νῦν
667 3717 726 3769 ὲν
768 3717 933 3770 πᾶσιν
960 3710 1041 3781 οἷς
1081 3720 1491 3778 ἐσπιστέλλουσι
1528 3710 1855 3798 γράμμασι,

393 3806 493 3877 μὲν
521 3806 835 3878 δυσώνυμον
859 3809 1077 3879 Ἀρειον
1107 3810 1220 3865 ἀνω
1244 3815 1340 3867 καὶ
1363 3816 1513 3870 κάτω
1544 3818 1974 3892 ἀναθεματίζον-

387 3915 480 3963 τες
504 3897 598 3952 καὶ
633 3898 741 3952 τῶν
789 3898 1124 3971 Ἐκκλησιῶν
1148 3902 1482 3973 ὲξορίζοντες
1510 3909 1570 3962 οὑ
1601 3909 1937 3971 διαλείπουσι
1956 3934 1972 3950 ·

392 3988 697 4063 Μαρκέλλῳ
725 3990 803 4055 δὲ,
840 3991 919 4061 τῷ
950 3991 1094 4046 κατά
1130 3993 1417 4066 διάμετρον
1449 3998 1643 4071 ἐκείνῳ
1704 4003 1804 4075 τὴν
1849 4007 1976 4060 ἀσέ-

391 4079 541 4170 ϐειαν
585 4082 1011 4154 ὲπιδειξαμένῳ,
1037 4084 1132 4138 καὶ
1154 4087 1235 4150 είς
1270 4086 1441 4159 αὐτὴν
1469 4089 1568 4163 τὴν
1603 4090 1836 4165 ὕπαρξιν
1873 4098 1976 4170 τῆς

394 4169 489 4223 τοῦ
516 4171 856 4240 Μονογενοῦς
887 4173 1139 4244 θεότητος
1169 4176 1520 4249 ἀσεϐήσαντι,
1551 4182 1645 4235 καὶ
1666 4185 1853 4250 κακῶς
1876 4169 1973 4259 την

390 4261 487 4317 τοῦ
511 4263 683 4333 Λόγου
700 4265 1069 4337 προσηγορίαν
1100 4267 1463 4340 ὲκδεξαμένῳ,
1488 4272 1742 4343 οὐδεμίαν
1768 4276 1973 4349 μέμψιν

386 4355 773 4423 ἐπενεγκόντες
810 4357 1090 4425 φαίνονται
1112 4375 1125 4388 ο
1158 4357 1217 4422 ὃς
1257 4359 1428 4429 Λόγον
1472 4362 1570 4433 μὲν
1597 4366 1846 4437 εἰρῆσθαι
1882 4368 1973 4423 τὸν

386 4442 665 4515 Μονογενῆ
686 4443 890 4510 δίδωσι,
922 4447 1063 4500 κατὰ
1116 4447 1305 4519 χρείαν
1328 4451 1421 4503 καὶ
1454 4452 1546 4505 ἐπὶ
1580 4454 1772 4526 καιροῦ
1806 4474 1975 4530 προσ-

2106 605 2262 668 atque
2291 599 2344 652 in
2390 599 2560 665 ipsam
2593 596 2859 667 Unigeniti
2893 596 3108 653 deitatis
3130 600 3495 654 exsistentiam
3522 602 3679 670 impie

2099 691 2227 760 egit,
2300 689 2548 761 Verbique
2591 689 2992 760 appellationem
3046 690 3183 744 male
3236 693 3473 761 accepit,
3524 693 3675 747 nulla

2102 783 2438 836 accusatione
2487 783 2742 851 impetunt
2785 797 2804 834 .'
2834 782 2925 851 qui
2957 779 3286 852 Unigenitum
3330 784 3537 855 quidem
3566 787 3674 841 dici

2108 872 2331 928 Verbum
2350 872 2533 938 tradit,
2560 881 2817 943 quatenus
2848 871 2917 925 ad
2958 888 3109 925 usum
3142 882 3191 927 et
3220 875 3288 927 ad
3324 884 3521 944 tempus
3549 893 3673 947 pro-

2094 964 2197 1028 dit,
2249 982 2312 1019 ac
2342 981 2529 1019 rursus
2582 963 2651 1018 ad
2679 980 2794 1018 eum
2842 978 2908 1018 ex
2946 979 3048 1034 quo
3100 964 3293 1030 prodiit
3342 969 3617 1022 revertitur
3647 983 3671 1024 ε

2097 1073 2260 1126 neque
2300 1064 2419 1111 ante
2474 1072 2739 1126 egressum
2763 1094 2779 1119 ,
2838 1070 2972 1118 esse,
3031 1070 3122 1108 nec
3173 1065 3287 1123 post
3350 1073 3664 1129 regressum,

2090 1150 2377 1204 subsistere
2415 1150 2511 1204 ait.
2541 1147 2707 1218 Cujus
2738 1149 2814 1202 rei
2857 1158 3223 1216 argumentum
3252 1158 3373 1202 sunt
3408 1151 3545 1219 apud
3571 1168 3666 1205 nos

2088 1241 2345 1297 reconditi
2402 1242 2595 1312 iniqua:
2647 1240 2797 1296 illius
2844 1241 3169 1313 Sgngraphte
3217 1241 3361 1297 libri.
3421 1243 3668 1297 Attamen

2088 1331 2228 1386 hunc
2256 1332 2560 1386 nullatenus
2609 1332 2904 1401 improbare
2941 1333 3039 1386 visi
3064 1342 3185 1386 sunt
3219 1348 3237 1385 :
3269 1333 3396 1403 quin
3418 1342 3466 1387 et
3492 1334 3545 1387 in
3573 1334 3669 1390 hoe

2088 1424 2360 1494 culpandi,
2395 1423 2531 1494 quod
2567 1441 2684 1478 eum
2720 1442 2752 1478 a
2779 1425 3037 1493 principio
3072 1438 3163 1492 per
3189 1424 3549 1491 ignorantiam
3588 1440 3671 1479 ue-

2089 1518 2265 1571 ritatis
2318 1518 2386 1571 ad
2434 1517 2849 1573 ecclesiasticam
2895 1518 3310 1573 communionem
3356 1519 3667 1587 receperint.

2158 1611 2302 1666 Idem
2352 1609 2588 1666 Basilius
2634 1611 2794 1682 epist.
2830 1610 2921 1677 74,
2952 1610 3018 1665 ad
3056 1610 3420 1674 Eustathium,
3458 1609 3670 1682 Apolli-

2084 1703 2300 1757 narium
2339 1712 2392 1758 et
2422 1701 2736 1767 Paulinum,
2781 1702 2896 1757 haec
2925 1702 3127 1759 habet:
3172 1703 3229 1756 Ὀ
3260 1702 3440 1773 μέντοι
3463 1700 3668 1755 Παυλῖ-

2083 1810 2174 1858 νος
2217 1797 2267 1848 εί
2305 1793 2406 1866 μέν
2431 1812 2484 1848 τι
2523 1795 2616 1849 καὶ
2661 1794 2790 1867 περ)⁵
2827 1794 2928 1866 τὴν
2960 1795 3291 1866 χειροτονίαν
3339 1794 3666 1865 ἐπιλήψιμον

2012 1872 2058 1929 Β
2087 1884 2220 1957 ἔχει,
2253 1885 2406 1938 αὑτοὶ
2444 1884 2509 1940 ἂν
2555 1885 2756 1938 εἴποιτε
2775 1901 2790 1916 °
2822 1886 2856 1956 ἡ
2866 1886 2971 1955 μᾶς
3000 1885 3056 1938 δὲ
3089 1885 3247 1938 λυπεῖ
3275 1886 3387 1948 τοῖς
3418 1883 3668 1955 Μαρκέλρ

2083 1978 2175 2032 λου
2203 1974 2478 2041 πεποιθὼς
2507 1975 2757 2047 δόγμασι,
2802 1976 2895 2031 καὶ
2922 1977 3047 2039 τοὺς
3066 1974 3487 2038 ἀκολουθοῦντας
3516 1968 3665 2045 αὐτῷ

2082 2071 2409 2141 ἀδιακρίτως
2463 2070 2544 2134 εἰς
2588 2068 2687 2140 τὴν
2750 2068 3033 2122 κοινωνίαν
3085 2065 3249 2122 αὑτοῦ
3285 2065 3660 2137 προσιέμενος.

2082 2162 2294 2224 Οἴδατε,
2329 2160 2547 2230 ἀδελφοὶ
2576 2157 2914 2230 τιμιώτατοι,
2945 2159 3025 2212 ὅτι
3053 2159 3232 2229 πάσης
3267 2155 3422 2229 ἡμῶν
3447 2156 3546 2227 τῆς
3572 2156 3663 2209 ὲλ-

2083 2250 2236 2314 πίδος
2267 2248 2524 2321 ἀθέτησιν
2565 2248 2675 2322 ἔχει
2708 2249 2769 2303 τὸ
2795 2246 3116 2321 Μαρκέλλου
3139 2250 3347 2320 δόγμα*
3374 2246 3498 2301 οὔτε
3532 2247 3663 2302 Υἰὸν

2080 2340 2139 2397 ἑν
2162 2343 2267 2415 ἰδίᾳ
2292 2343 2585 2397 ὑποστάσει
2619 2341 2930 2413 ὁμολογοῦν,
2954 2340 3090 2395 ἀλλά
3118 2340 3533 2414 προενεχθέντα,
3567 2338 3664 2394 καὶ

2081 2434 2243 2490 πάλιν
2279 2430 2692 2505 ὑποστρέψαντα
2725 2435 2806 2498 είς
2832 2432 2925 2487 τὸν
2962 2432 3083 2487 ὅθεν
3109 2431 3398 2504 προῆλθεν,
3419 2430 3543 2486 οὕτε
3570 2431 3661 2484 τὸν

2079 2524 2435 2595 Παράκλητον
2462 2523 2604 2584 ἰδίως
2629 2523 2992 2594 ὑφεστηκέναι
3016 2521 3359 2594 συγχωροῦν*
3388 2521 3530 2576 ὥστε
3560 2521 3662 2574 οὑκ

2076 2617 2144 2672 ἄν
2184 2634 2266 2680 τις
2299 2616 2537 2689 ἁμάρτοι
2564 2615 2993 2687 Χριστιανισμοῦ
3040 2616 3137 2687 μὲν
3178 2616 3458 2681 παντελῶς
3505 2615 3662 2671 ἀλλο-

2074 2706 2233 2779 τρίαν
2282 2707 2602 2777 ἀποφαίνων
2634 2705 2731 2778 τὴν
2782 2707 3012 2779 αἵρεσιν,
3057 2706 3384 2779 Ἱουδαῖσμὺν
3421 2707 3477 2760 δὲ
3515 2724 3662 2777 παρ-

2076 2796 2416 2868 εφθαρμένον
2451 2795 2620 2866 αὑτὴν
2658 2795 3097 2868 προσαγορεύων.
3136 2793 3251 2848 Hoc
3302 2801 3430 2849 est:
3467 2793 3661 2848 Pauli-

2076 2904 2176 2942 nus
2206 2904 2323 2943 vero
2351 2904 2421 2941 an
2446 2888 2585 2959 quod
2623 2887 2691 2940 ad
2714 2888 3096 2941 ordinationem
3123 2894 3335 2955 spectat.
3365 2884 3660 2955 culpandus

2076 2981 2169 3044 sit,
2193 2996 2281 3034 eos
2303 2981 2406 3048 ipsi
2435 2980 2715 3042 dixeritis;
2749 2996 2842 3033 nos
2868 2994 2995 3033 sane
3018 2980 3322 3042 contristat,
3345 2978 3480 3048 quod
3509 2976 3662 3031 Mar-

2076 3071 2197 3125 celli
2242 3069 2579 3142 dogmatibus
2616 3069 2774 3139 fidem
2810 3069 3018 3133 habeat,
3064 3079 3111 3123 et
3172 3072 3454 3123 sectatores
3513 3068 3662 3124 illius"

2076 3163 2191 3216 sine
2234 3161 2539 3217 discrimine
2584 3161 2655 3215 ad
2687 3163 3105 3216 communionem
3157 3162 3422 3215 admittat.
3475 3160 3657 3225 Scitis,

2077 3251 2436 3309 colendissimi
2481 3254 2698 3322 fratres,
2753 3251 2999 3307 Marcelli
3039 3253 3231 3324 dogma
3272 3269 3474 3308 omnem
3515 3267 3658 3321 spem

2076 3355 2312 3400 nostram
2345 3348 2555 3399 irritam
2588 3346 2781 3415 facere,
2824 3345 2965 3416 quod
3006 3362 3167 3417 neque
3199 3345 3399 3400 Filium
3436 3346 3490 3399 in
3533 3361 3657 3414 pro-

2073 3439 2194 3509 pria
2243 3437 2514 3509 hgpostasi
2565 3438 2901 3507 conﬁteatur,
2956 3437 3053 3492 sed
3085 3438 3434 3507 productum,
3485 3446 3537 3492 et
3585 3435 3656 3493 ad

2074 3548 2192 3587 eum
2224 3533 2431 3600 ipsum,
2471 3545 2537 3585 ea:
2579 3546 2679 3601 quo
2716 3540 3058 3599 processerat,
3097 3531 3287 3585 iterum
3329 3546 3654 3586 reversurum

2075 3622 2238 3677 tradit
2266 3638 2284 3675 :
2318 3637 2478 3691 neque
2515 3619 2854 3675 Paracletum
2886 3621 3152 3690 propriam
3195 3619 3382 3675 habere
3413 3620 3656 3690 hyposta-

2073 3717 2154 3771 sin
2184 3714 2459 3778 concedit;
2505 3712 2580 3768 ita
2602 3722 2661 3766 ut
2702 3728 3030 3783 nequaquam
3061 3710 3264 3767 aberret
3296 3711 3345 3765 si
3374 3711 3489 3780 quis
3518 3711 3654 3764 hanc

2073 3807 2296 3863 lucresin
2322 3821 2538 3875 prorsus
2569 3823 2603 3859 a
2629 3803 3042 3861 Christianismo
3079 3804 3309 3859 alienam
3338 3819 3450 3858 esse
3476 3801 3656 3857 decla-

2074 3908 2172 3962 ret,
2194 3914 2408 3969 eamque
2430 3906 2731 3964 corruptum
2756 3897 3030 3978 quemdam
3046 3894 3388 3950 Judaismum
3411 3892 3652 3966 appellet.

2074 3988 2313 4060 Epistola
2337 4004 2464 4044 vero
2490 3988 2577 4053 78,
2599 3988 2715 4041 haec
2738 3986 2899 4042 habet
2921 3987 2988 4041 de
3016 3985 3232 4040 Nicmna
3261 3982 3364 4040 llde
3391 3985 3650 4055 loquens:

2074 4082 2196 4135 Είσὶ
2231 4080 2343 4152 γάρ
2378 4094 2543 4144 τινες,
2573 4079 2621 4132 oi
2666 4078 2760 4133 καὶ
2786 4081 2844 4133 ἐν
2866 4079 3039 4150 ταύτῃ
3071 4081 3137 4149 τῇ
3166 4078 3345 4131 πίστει
3378 4078 3656 4145 δολοῦντες

2072 4175 2163 4228 τὸν
2187 4174 2343 4243 λόγον
2370 4170 2468 4245 τῆς
2493 4172 2769 4244 ἀληθείας,
2794 4172 2888 4226 καὶ
2916 4171 3052 4243 πρὸς
3084 4171 3143 4223 τὸ
3170 4171 3377 4224 ἑαυτῶν
3406 4169 3652 4242 βούλημα

2072 4265 2163 4321 τὸν
2195 4265 2320 4320 νοῦν
2363 4264 2471 4318 τῶν
2517 4266 2575 4319 ὲν
2615 4264 2754 4335 αὑτῇ
2797 4264 3055 4335 ῥημάτων
3092 4262 3370 4326 ἕλκοντες⁸
3403 4262 3538 4316 ὅπου
3585 4279 3650 4331 γε

2073 4359 2167 4413 καὶ¹
2189 4355 2506 4427 Μάρκελλος
2537 4355 2851 4425 ἐτόλμησεν,
2891 4353 3103 4407 ἀσεϐῶν
3129 4354 3209 4417 εἰς
3237 4353 3335 4423 τὴν
3357 4352 3651 4407 ὑπόστασιν

2072 4447 2166 4500 τοῦ
2197 4445 2403 4517 Κυρίου
2435 4441 2595 4515 ⁴ἡμῶν
2636 4442 2807 4513 Ἰησοῦ
2835 4441 3070 4513 Χριστοῦ
3092 4482 3106 4506 ,
3149 4441 3244 4495 καὶ
3285 4440 3438 4511 ψιλὸν
3489 4442 3649 4495 αὑτὸν

385 4532 629 4599 ελθόντα,
660 4536 822 4589 πάλιν
871 4536 931 4590 δὲ
965 4539 1044 4602 εἰς
1086 4539 1178 4594 τὸν
1218 4540 1343 4595 ὅθεν
1381 4541 1600 4614 ἐξῆλθεν
1639 4546 1973 4619 ὲπαναστρέ-
2004 4555 2046 4611 D
2075 4538 2434 4610 ἐξηγούμενος
2460 4534 2636 4603 λόγον.
2660 4532 2869 4587 ἐκεῖθεν
2895 4532 3332 4604 προφασίσασθαι
3353 4533 3451 4597 τὰς
3475 4532 3649 4604 ἀρχὰς

387 4623 594 4695 ψαντα,
641 4621 766 4678 οὑτε
807 4626 913 4698 πρὸ
948 4626 1046 4697 τῆς
1092 4624 1272 4692 ἐξόδου
1314 4625 1491 4697 εἶναι,
1531 4629 1658 4686 οὔτε
1694 4634 1831 4705 μετά
1869 4635 1967 4707 τὴν

387 4715 644 4771 ἐπάνοδον
688 4717 1004 4786 ὑφεστάναι.
1054 4720 1166 4771 Καὶ
1205 4719 1395 4774 τούτου
1441 4722 1715 4791 ἀπόδειξις
1752 4726 1808 4778 αἱ
1839 4741 1967 4797 παρ’

383 4810 514 4882 ἡμῖν
545 4809 904 4881 ἀποκείμεναι
956 4806 1128 4880 βίϐλοι
1183 4811 1282 4882 τῆς
1323 4813 1510 4867 ἀδίκου
1566 4815 1781 4887 ἐκείνης
1834 4835 1969 4888 συγ-

382 4902 599 4974 γραφῆς
620 4902 973 4975 ὑπάρχουσιν.
992 4900 1134 4956 Ἀλλ’
1164 4904 1316 4974 ὅμως
1347 4905 1539 4960 τοῦτον
1570 4908 1824 4980 οὐδαμῶς
1854 4909 1968 4964 δια-

383 4990 669 5059 ϐάλλοντες
692 4993 989 5066 ἐφάνησαν,
1014 4995 1109 5050 καὶ
1135 4994 1309 5050 ταῦτα
1339 4997 1517 5051 αἰτίαν
1541 4999 1772 5070 ἔχοντες,
1807 5002 1882 5066 ὡς
1907 5002 1970 5057 τὸ

380 5084 440 5154 ἐξ
482 5087 659 5159 ἀρχῆς
696 5088 817 5140 κατ’
858 5086 1080 5155 ἄγνοιαν
1120 5087 1221 5158 τῆς
1259 5087 1515 5159 ἀληθείας
1554 5093 1633 5154 είς
1679 5092 1967 5147 κοινωνίαν

381 5178 546 5233 αὑτὸν
576 5177 1035 5252 ἐκκλησιαστικὴν
1057 5181 1511 5254 παραδεξάμενοι.
1558 5184 1613 5238 ld
1640 5192 1726 5241 est
1761 5204 1773 5240 :
1807 5184 1967 5252 Qum-

382 5274 521 5327 ritur
553 5283 727 5328 autem
776 5272 859 5326 hic
899 5291 933 5329 a
981 5275 1251 5329 nonnullis
1308 5285 1366 5329 ut
1418 5276 1792 5338 necessarium,
1826 5278 1966 5348 quod

382 5360 563 5417 itidem
590 5360 740 5418 nobis
792 5363 1032 5428 videtur;
1077 5374 1134 5417 ut
1168 5362 1412 5419 Marcelli
1451 5365 1676 5420 Iucresin
1711 5364 1814 5431 illi,
1843 5377 1966 5422 tan-

383 5468 542 5523 quam
593 5454 793 5509 malam
828 5465 879 5509 et
937 5457 1174 5521 noxiam,
1222 5464 1272 5511 et
1316 5473 1351 5511 a
1393 5473 1526 5511 sana
1586 5456 1690 5527 ﬁde
1735 5457 1964 5512 alienam

382 5546 745 5600 exterminent.
774 5546 1037 5612 Quoniam
1068 5547 1137 5601 ad
1167 5551 1263 5602 hoc
1292 5566 1453 5620 usque
1483 5558 1683 5619 tempus
1714 5551 1769 5605 in
1792 5553 1963 5607 omni—

383 5634 478 5689 bus
507 5653 641 5707 quas
681 5637 914 5693 scribunt
956 5639 1148 5694 litteris
1185 5641 1566 5695 exsecrandum
1596 5642 1803 5707 Arium,
1840 5660 1961 5697 sur-

382 5740 500 5779 sum
536 5744 599 5780 ac
627 5727 871 5782 deorsum
906 5739 1171 5785 versantes
1206 5731 1677 5798 anatltematizare,
1717 5741 1873 5802 atque
1895 5748 1965 5788 ea:

384 5814 634 5874 Ecclesiis
661 5818 938 5877 eliminare
967 5838 1071 5877 non
1099 5829 1340 5886 cessant;
1364 5819 1678 5877 Marcellum
1705 5838 1848 5889 vero,
1869 5822 1960 5890 qui

2071 4629 2373 4700 εἰληφέναι,
2416 4626 2510 4681 τοῦ
2554 4625 2838 4698 ὁμοουσίου
2890 4626 2988 4690 τὴν
3035 4625 3273 4680 διάνοιαν
3329 4624 3511 4689 κακῶς
3563 4624 3650 4693 te-

2069 4723 2395 4795 ηγοὺμενος.
2425 4720 2539 4775 Hoc
2568 4728 2652 4776 est
2683 4736 2697 4773 :
2740 4719 2874 4775 Sunt
2901 4720 3040 4774 enim
3083 4719 3299 4789 quidam
3340 4719 3430 4789 qui
3465 4720 3520 4773 in
3551 4719 3650 4774 hac

2069 4814 2177 4885 ﬁde
2211 4812 2488 4886 [Nica'na'l
2514 4828 2803 4868 sermonem
2833 4812 3069 4866 ueritatis
3099 4810 3222 4865 dolo
3253 4810 3568 4877 adulterent,
3595 4820 3649 4867 et

2070 4906 2139 4960 ad
2184 4905 2394 4960 libitum
2454 4920 2610 4959 suum
2676 4902 2950 4958 verborum
3011 4914 3233 4957 mentem
3286 4903 3643 4975 detorqueant.

2069 4995 2512 5068 Quandoquidem
2561 5004 2611 5049 et
2660 4993 2969 5060 Marcellus,
3011 4994 3075 5049 de
3120 4994 3391 5065 [typostasi
3436 4994 3647 5051 Domini

2068 5089 2237 5144 nostri
2261 5087 2392 5143 Jesu
2441 5086 2642 5142 Christi
2680 5088 2836 5156 impie
2866 5089 3112 5153 sentiens,
3149 5103 3211 5141 ac
3252 5087 3447 5141 nudum
3491 5087 3645 5141 illum

2068 5198 2368 5252 merumque
2401 5179 2610 5236 verbum
2635 5196 2748 5235 esse
2774 5196 3056 5249 exponens,
3104 5179 3250 5232 illinc
3282 5195 3443 5232 ausus
3479 5186 3555 5232 est
3587 5193 3647 5233 se

2067 5292 2257 5330 causas
2301 5276 2585 5344 impietatis
2626 5274 2911 5342 sumpsisse
2954 5282 3257 5340 pra-texere,
3283 5268 3644 5325 Consubstan-

2069 5368 2213 5423 tialis
2241 5384 2397 5422 sensu
2421 5382 2691 5437 perperam
2722 5366 2975 5437 exposito.
3011 5362 3137 5420 Haec
3169 5363 3402 5420 Basilius
3433 5362 3501 5420 de
3529 5362 3643 5419 bae-

2067 5458 2175 5518 resi
2220 5441 2475 5513 Marcello
2517 5458 2775 5527 ascripta.

2559 5556 2647 5606 Ill.
2673 5556 2800 5618 Quid
2822 5556 3140 5619 Epiphanius.

2135 5636 2471 5710 Epiphanius
2492 5639 2698 5694 veroin
2739 5636 2997 5704 Panario,
3036 5638 3229 5695 haeresi
3256 5654 3427 5705 LXXII,
3462 5652 3637 5711 pauca

2065 5729 2135 5786 de
2167 5730 2404 5787 Marcelli
2448 5730 2638 5786 haeresi
2686 5730 2870 5795 ell‘ert,
2902 5730 3288 5801 aitque-solum
3319 5731 3498 5803 ipsum
3531 5731 3635 5787 Sa-

2063 5822 2394 5880 bellianismi
2445 5829 2761 5881 accusatum
2813 5822 3002 5890 fuisse,
3056 5822 3286 5894 ejusque
3332 5822 3632 5896 discipuli»
