4138 6442
481 390 622 447 1285
1714 387 1802 443 DE
1840 388 2001 444 VITA
2041 387 2115 443 E'l

2105 387 2129 442 l‘
2171 386 2480 445 SCRIPTIS
3601 380 3739 444 12θέ

476 517 592 564 tren
619 505 941 579 bypostases
976 504 1221 561 conﬁteri
1258 504 1504 561 noluisse
1539 526 1551 561 :
1584 522 1772 562 verum
1806 507 1898 562 illo
1927 515 2065 561 tem—
2092 515 2140 568 Α
2170 508 2360 573 fuisse,
2386 506 2572 563 Jesum
2606 505 2890 564 Christum
2924 513 3200 572 vocatum,
3227 512 3521 578 regemque
3552 508 3740 577 appel-

477 614 611 671 pore
638 599 867 653 liberum
889 605 1004 653 erat
1036 598 1117 654 eis
1145 597 1232 653 vel
1258 605 1373 654 tres
1396 599 1479 653 vel
1519 613 1684 653 unam
1724 609 1931 654 tantum
1968 602 2065 672 hy-
2168 600 2359 667 latum,
2389 600 2518 656 item
2550 599 2842 671 imaginem
2873 596 2968 654 Dei
3018 599 3344 669 invisibilis,
3376 608 3433 656 et
3465 600 3739 672 primoge-

477 692 727 761 postasin
777 691 1051 757 conﬁteri,
1098 691 1225 745 dum
1256 699 1463 745 rectam
1496 700 1780 747 servarent
1808 701 2061 748 mentem.
2166 694 2340 748 nitum
2367 694 2547 748 omnis
2574 701 2861 757 creatum,
2904 692 3040 747 nihil
3092 700 3275 749 autem
3334 693 3530 748 borum
3585 694 3739 765 prius

477 782 612 836 Nam
646 783 743 854 qui
788 784 1056 839 Catholici
1105 800 1270 839 unam
1315 784 1635 856 hypostasin
1669 793 1879 839 tantum
1919 801 2066 843 asse.
2164 785 2468 851 exstitisse,
2500 801 2564 841 ac
2601 798 2726 856 post
2748 785 3018 855 judicium
3044 786 3160 843 haec
3190 786 3375 842 omnia
3403 788 3738 844 amissurum

444 875 708 949 Irebant.
750 876 1115 948 hypostaseos
1177 878 1395 932 nomine
1448 878 1808 933 substantiam
1854 878 2063 933 indica-
2161 893 2320 943 esse;
2380 878 2672 947 ipsumque
2703 876 2911 931 nudum
2941 893 3066 933 esse
3097 876 3336 934 Verbum
3384 878 3627 935 humano
3657 879 3737 935 si-

475 967 629 1029 bant,
659 984 823 1039 quam
848 984 1013 1022 unam
1052 969 1107 1022 in
1139 967 1248 1023 Deo
1279 983 1400 1023 esse
1433 976 1640 1023 eertum
1663 980 1748 1025 est
1781 989 1794 1024 :
1822 970 1914 1039 qui
1949 978 2061 1026 tres
2162 968 2289 1023 mile
2327 969 2403 1037 (.p.
2439 969 2549 1040 19),
2583 983 2689 1022 non
2727 977 2908 1023 autem
2940 968 3135 1024 Filium
3167 985 3291 1026 esse
3318 969 3412 1026 Dei
3464 972 3645 1027 vivum
3684 979 3739 1028 et

473 1061 802 1133 hypostases
831 1062 1228 1132 proﬁtebantur
1250 1102 1263 1122 ,
1288 1061 1376 1116 his
1402 1077 1508 1116 non
1538 1062 1935 1132 substantiam,
1963 1066 2059 1121 sed
2161 1060 2552 1116 snbsistentem
2577 1077 2591 1127 ;
2638 1077 2745 1116 non
2776 1062 2944 1118 fuisse
2978 1061 3071 1117 Dei
3116 1062 3409 1133 imaginem
3439 1072 3734 1134 antequam

475 1153 749 1223 cujusque
772 1168 1023 1222 persona:
1042 1153 1450 1208 subsistentiam
1473 1154 1878 1225 intelligebant:
1899 1167 2060 1228 atque
2160 1152 2325 1208 homo
2355 1155 2542 1217 lieret;
2595 1155 2942 1209 existentiam
2975 1153 3208 1227 ὓπαρξιν
3238 1162 3293 1210 et
3323 1155 3621 1210 ὑπόστασιν
3649 1155 3738 1210 Fi-

477 1240 556 1295 ita
591 1242 669 1295 illi
703 1244 869 1297 verbo
913 1251 1289 1298 tantumtenus
1317 1244 1734 1301 dissentiebant.
1769 1248 1900 1313 Quae
1930 1265 2058 1305 vero
2159 1243 2215 1296 iii
2246 1242 2341 1298 DCi
2375 1244 2565 1300 l0llel‘e
2591 1243 2905 1300 Marcellum
2945 1247 3022 1300 ait
3051 1256 3125 1316 (p-
3159 1247 3249 1309 55.
3282 1248 3371 1313 55,
3405 1248 3519 1318 56),
3552 1265 3618 1304 ac
3650 1250 3735 1303 di-

474 1329 801 1404 Fragmenta
858 1334 1041 1390 Acacii
1091 1336 1445 1393 Caesariensis
1501 1346 1691 1393 contra
1742 1340 2056 1396 Marcellum
2158 1350 2283 1391 cere
2322 1335 2500 1405 ipsum
2536 1335 2707 1393 fuisse
2751 1338 2960 1393 nudum
2996 1341 3343 1395 solummodo
3397 1342 3622 1397 verbum
3665 1342 3733 1397 ad

474 1424 633 1480 all‘ert
660 1424 1018 1496 Epiphanius,
1063 1442 1126 1483 ea
1155 1430 1339 1483 omnia
1382 1446 1480 1485 ceu
1511 1434 1894 1502 compendium
1928 1442 2056 1489 sunt
2152 1427 2307 1496 iussa
2336 1430 2719 1498 exsequenda;
2763 1429 3079 1485 Marcellum
3134 1432 3263 1486 item
3307 1432 3400 1503 qui
3452 1433 3508 1488 in
3546 1434 3737 1490 Sabel-

474 1514 701 1573 fusioris
723 1519 943 1574 Eusebii
971 1519 1327 1577 Caesariensis
1374 1532 1567 1578 contra
1609 1523 1918 1582 Marcellum
1941 1535 2055 1581 tra—
2154 1520 2288 1575 lium
2323 1521 2617 1585 invehitur.
2649 1520 2888 1576 Sabellio
2921 1524 3073 1592 paria
3102 1524 3336 1589 sentire,
3388 1527 3483 1595 qui
3513 1524 3734 1581 Patrem

474 1608 753 1673 ctationis,
781 1609 848 1665 de
867 1626 1128 1697 quaomox
1150 1625 1397 1683 agemus.
2153 1620 2209 1667 et
2264 1610 2503 1667 Verbum
2558 1628 2729 1668 unum
2770 1629 2893 1669 esse
2937 1614 3121 1680 dicat;
3164 1617 3455 1687 ipsumque
3489 1621 3567 1687 (p.
3606 1618 3731 1683 167,

932 1716 1014 1767 IV.
1045 1718 1171 1777 Quid
1202 1719 1592 1781 Cbrysostomus.
2156 1702 2281 1767 174)
2310 1712 2422 1761 "es
2473 1706 2566 1759 ὑπ(

2156 1702 2281 1767 174)
2310 1712 2422 1761 tres
2473 1705 2799 1770 ὑπόστάσεις
2839 1720 3036 1775 negare
3061 1747 3077 1771 ,
3126 1717 3181 1762 et
3221 1724 3385 1763 unam
3438 1711 3733 1766 ὑπόστασιν

542 1797 783 1856 Joannes
835 1802 1261 1873 Chrysostomus
1304 1804 1360 1858 in
1403 1804 1502 1874 Ep.
1540 1806 1610 1859 ad
1653 1804 1818 1860 Hebr.
1879 1819 1930 1859 e.
1996 1822 2047 1870 ι,
2081 1809 2176 1909 ΒΤ

2097 1855 2125 1909 Β
2153 1794 2568 1865 τριπρόσωπον,
2621 1796 2714 1849 καὶ
2758 1794 3135 1866 τρισώνυμον,
3157 1796 3211 1850 id
3252 1809 3336 1856 est
3369 1799 3731 1857 substantiam

2155 1884 2569 1909 ι-ξ-Α--,-.-1-...
2627 1895 2673 1909 ,ι
2705 1887 3051 1909 ι..Ξ..-..Α2..-.,-
3086 1889 3257 1909 ΔΕΑ---
3310 1889 3429 1909 II---
3461 1906 3509 1909 -,,
3534 1907 3563 1909 κ,
3588 1894 3622 1909 ,-

469 1888 786 1947 Marcellum
842 1894 1026 1964 culpat
1082 1899 1228 1965 quod
1290 1896 1523 1964 dixerit,
1574 1900 1801 1954 verbum
1862 1884 2103 1953 ἐνυπόο¹

2100 1884 2125 1909 ³
2155 1884 2593 1969 tripersonalem,
2621 1895 2676 1942 et
2705 1887 3053 1942 trinominem
3079 1889 3282 1947 dicere.
3310 1889 3437 1946 Haec
3461 1894 3734 1964 praecipue

470 1999 683 2049 στατον,
708 1984 854 2055 quod
878 1986 950 2040 ita
982 1988 1275 2059 intelligas,
1298 1992 1454 2058 quasi
1483 1990 1727 2067 eju§dem
1752 2007 1861 2047 ηοη
1889 1993 2052 2047 modo
2154 1976 2211 2031 in
2245 1976 2483 2033 Marcelli
2530 1978 2667 2032 libro
2720 1980 2905 2049 culpat
2936 1980 3202 2038 Eusebius
3234 2001 3247 2037 :
3277 1983 3369 2037 ubi
3425 1987 3690 2041 nonnulla
3715 2028 3731 2052 ,

469 2076 810 2144 substantiae,
839 2079 934 2133 sed
968 2082 1132 2134 etiam
1174 2082 1486 2153 hypostasis
1527 2085 1600 2139 sit
1650 2095 1817 2155 atque
1851 2084 2048 2140 Pater:

2154 2069 2382 2140 ipsaque
2409 2071 2727 2126 orthodoxae
2748 2075 3031 2128 sententia:
3045 2076 3228 2139 verba,
3255 2085 3441 2145 utpote
3468 2078 3729 2145 Arianus,

467 2169 722 2224 eumdem
762 2186 892 2225 vero
938 2171 1250 2228 Marcellum
1273 2214 1288 2235 ,
1326 2176 1485 2245 quasi
1527 2174 1767 2243 Photini,
1804 2177 2049 2241 Sabellii,

2152 2167 2414 2230 tanquam
2463 2161 2718 2217 haeretica
2769 2164 2949 2234 carpit
2981 2175 3033 2220 et
3086 2165 3367 2235 confutat;
3412 2169 3519 2223 alia
3567 2186 3729 2234 vero,

465 2258 621 2316 Pauli
674 2262 1017 2320 Samosateni
1068 2267 1343 2336 ὁμόφρονα
1383 2284 1490 2323 non
1528 2271 1696 2325 semel
1750 2272 2053 2327 insectatur

2152 2268 2274 2323 quae
2303 2269 2434 2310 sane
2468 2262 2528 2310 ut
2566 2271 2794 2312 erronea
2830 2258 2997 2327 probe
3025 2258 3504 2329 reprehenduntur
3525 2303 3541 2327 ,
3584 2262 3730 2319 haud

466 2353 692 2421 ibidem,
730 2369 793 2409 ac
823 2371 948 2411 cum
982 2357 1361 2413 haereticorum
1386 2362 1644 2431 pessimis
1673 2371 1977 2419 enumerat,
2150 2347 2225 2401 ita
2248 2348 2395 2402 clare
2423 2349 2478 2401 in
2507 2347 2749 2403 Marcelli
2781 2349 2918 2406 locis
2968 2351 3347 2418 enuntientur,
3383 2360 3442 2406 ut
3497 2354 3728 2411 inferius

934 2458 1015 2511 _v_
1046 2459 1171 2520 Quid
1199 2459 1556 2512 Theodoram.
2147 2438 2457 2507 videbitur;
2494 2439 2568 2494 ita
2594 2448 2653 2494 ut
2673 2456 2795 2511 quae
2816 2443 3021 2497 diserte
3050 2453 3104 2498 et
3136 2442 3284 2498 nulla
3317 2444 3546 2516 ambage
3586 2444 3727 2517 apud

538 2538 917 2597 Theodorelus
956 2543 1050 2597 lib.
1105 2558 1142 2597 ll
1199 2542 1589 2599 Htereticarum
1635 2545 1944 2615 fabularum
1982 2545 2051 2601 de
2150 2528 2172 2583 Ῑ

2150 2528 2411 2585 Basiliam
2438 2539 2493 2587 et
2510 2530 2915 2587 Theodorelum
2940 2533 3162 2589 eﬂ'ertur
3184 2533 3426 2592 Marcelli
3461 2536 3684 2594 haresis
3704 2578 3721 2605 ,

465 2628 721 2686 Marcello
797 2631 910 2686 haec
961 2633 1125 2688 habet
1169 2653 1182 2688 :
1242 2635 1559 2707 Μάρκελλος
1615 2623 1680 2690 δὲ’
1719 2639 1748 2691 ὁ
1802 2636 2050 2707 Γαλάτης

2149 2622 2287 2676 adeo
2320 2622 2578 2693 perplexe
2602 2623 2744 2694 apud
2773 2622 3072 2680 Eusebium
3103 2626 3306 2696 jaceat,
3341 2634 3401 2681 ut
3424 2626 3480 2682 in
3512 2639 3720 2687 utram-

462 2723 640 2794 τούτῳ
676 2725 774 2794 μὲν
820 2726 1217 2797 παραπλησίως
1267 2726 1477 2799 ἠρνήθη
1534 2727 1643 2781 τῶν
1697 2729 2048 2782 ὑποστάσεων

1312 2726 1477 2799 ρνήθη
1534 2727 1643 2781 τῶν
1697 2729 2048 2782 ὑποστάσεων
2147 2714 2231 2769 vis
2256 2723 2461 2785 partem
2492 2715 2651 2772 facile
2670 2716 2946 2773 dellectas.

462 2816 562 2887 τὴν
591 2817 784 2889 τριάδα
803 2835 816 2848 ·
852 2818 1072 2872 ἔκτασιν
1098 2818 1155 2871 δέ
1182 2836 1300 2872 τινα
1321 2822 1418 2891 τῆς
1438 2819 1531 2873 τοῦ
1560 2821 1771 2892 Πατρὸς
1798 2820 2048 2891 θεότητος

1798 2820 2048 2891 θεότητος
2459 2817 2562 2867 VII.
2591 2818 2787 2870 Summa
2809 2821 3135 2870 Mareellianze
3157 2820 3408 2872 doctrinm.

464 2906 665 2978 ἔφησεν
699 2909 778 2971 εἰς
799 2909 889 2961 τὸν
910 2908 1144 2981 Χριστὸν
1176 2910 1511 2981 ἐληλυθέναι,
1547 2912 1642 2964 καὶ
1680 2911 1884 2981 ταύτην
1914 2910 2047 2966 Θεὸν

2217 2895 2295 2952 Ex
2325 2898 2508 2953 allatis
2544 2913 2709 2968 porro
2742 2901 3073 2957 testimoniis
3107 2900 3473 2959 Marcellianae
3496 2912 3722 2961 senten-

462 2998 638 3069 Λόγον
682 3001 947 3054 ἐκάλεσε·
980 3001 1118 3071 μετὰ
1159 3001 1215 3055 δὲ
1257 3004 1355 3074 τὴν
1397 3003 1693 3073 σύμπασαν
1737 3005 2047 3073 οἰκονομίαν

2146 2990 2235 3044 tiae
2266 3005 2536 3045 summam
2576 2991 2800 3048 duxeris
2832 3011 2847 3048 :
2888 2991 3042 3049 Unus
3072 2994 3141 3049 ab
3171 3001 3380 3050 aeterno
3409 2995 3554 3054 Deus
3578 3000 3724 3055 exsl-

463 3093 627 3146 πάλιν
658 3093 1092 3166 ἀνασπασθῆναι,
1126 3096 1218 3149 καὶ⁵
1258 3096 1586 3167 συσταλῆναι
1617 3099 1753 3169 πρὸς
1775 3098 1866 3152 τὸν
1891 3098 2042 3162 Θεὸν,

2146 3082 2282 3137 stit:
2342 3082 2502 3151 cujus
2540 3082 2716 3151 λόγος,
2776 3099 2870 3139 seu
2920 3085 3100 3151 ratio,
3158 3093 3254 3141 aut
3282 3087 3505 3142 verbum
3533 3129 3549 3155 ,
3591 3105 3719 3145 nam

464 3184 525 3263 ἐξ
551 3179 719 3256 οὗπερ
743 3183 966 3257 ἐξετάθη
988 3203 1004 3217 ο
1035 3186 1096 3239 τὸ
1129 3186 1185 3240 δὲ
1216 3187 1729 3263 πανάγιονθηνεῦμα
1762 3188 2041 3259 παρέκτα-
2069 3200 2098 3259 ί

2085 3200 2113 3259 ε
2148 3182 2380 3244 utroque
2413 3174 2573 3230 modo
2594 3177 2956 3245 exprimitur,
2992 3179 3198 3248 pariter
3242 3189 3526 3247 aeternum,
3549 3199 3719 3240 unum

460 3255 550 3331 ἶςιν
572 3277 672 3347 τῆς
693 3255 974 3341 ἐκτάσεως
1003 3278 1170 3349 λέγει,
1210 3281 1302 3333 καὶ
1338 3255 1541 3351 ταὺτῆν
1579 3255 2042 3344 τοίς.ὰποστόλοις
2079 3255 2094 3259 “

2086 3255 2111 3259 r
2144 3273 2230 3321 est
2257 3280 2381 3320 cum
2416 3265 2526 3322 Deo
2570 3268 2689 3338 ipso
2729 3269 2888 3342 οὐσίᾳ
2927 3271 3023 3324 καὶ
3053 3271 3380 3336 ὑποστάσει,
3415 3275 3720 3330 substantia

461 3367 895 3439 napaoxeﬁﬁvat.
940 3369 1050 3423 Καὶ
1073 3370 1409 3435 ἁπαξαπλῶς
1438 3370 1669 3424 ὑπέθετο
1705 3371 1911 3443 Τριάδα
1946 3373 2040 3424 ὲκ-

2143 3369 2199 3414 et
2231 3359 2535 3431 hypostasi.
2564 3361 2640 3414 ita
2671 3368 2731 3414 ut
2759 3362 2906 3416 nulla
2932 3364 3001 3417 sit
3033 3363 3177 3418 inter
3204 3373 3499 3437 utrumque
3524 3368 3724 3423 distin-

461 3458 775 3528 ἐιτεεινομένην
807 3459 900 3511 καὶ
945 3457 1369 3530 συστελλομένην
1407 3459 1547 3512 κατά
1575 3458 1865 3530 διαφόρους
1895 3459 2041 3510 οἰκο-

2143 3452 2256 3507 etio
2294 3471 2308 3508 :
2339 3462 2537 3524 estque
2566 3454 2792 3508 verbum
2834 3453 3035 3522 silens,
3075 3456 3376 3523 internum,
3405 3460 3522 3516 sive
3548 3461 3724 3517 ἐνδιά-

461 3549 675 3620 νομίας.
713 3549 768 3604 ld
798 3558 919 3606 est:
950 3549 1240 3605 Marcellus
1265 3560 1437 3606 autem
1459 3549 1676 3614 Galata,
1700 3550 1947 3604 similiter
1984 3557 2043 3603 ut
2144 3542 2315 3597 θετον·
2375 3543 2611 3613 Spiritus
2659 3542 2786 3598 item
2841 3553 3070 3599 sanctus
3123 3547 3178 3600 in
3228 3546 3338 3603 Deo
3394 3550 3463 3604 ab
3514 3560 3725 3607 aeterno

460 3639 572 3702 ille,
623 3642 826 3709 negavit
868 3640 1230 3709 [typostasium
1294 3641 1607 3695 trinitatem.
1666 3639 2041 3695 Extensionem
2143 3636 2265 3700 fuit,
2304 3637 2452 3690 nulla
2484 3636 2737 3692 similiter
2765 3636 2871 3691 nisi
2903 3637 3147 3694 nominis
3180 3649 3234 3695 et
3257 3641 3491 3697 rationis
3517 3642 3722 3698 distin-

460 3745 582 3783 vero
622 3730 908 3801 quamdam
962 3732 1175 3785 deitatis
1227 3731 1411 3786 Patris
1454 3734 1506 3786 in
1540 3731 1810 3787 Christum
1844 3735 2043 3787 venisse
2143 3731 2345 3786 ctione.
2375 3730 2512 3785 Cum
2545 3738 2728 3785 autem
2756 3728 2900 3785 Deus
2922 3742 3182 3800 operatur
3205 3740 3259 3787 et
3302 3734 3565 3805 loquitur,
3590 3746 3720 3791 tunc

461 3820 619 3888 dixit,
645 3823 850 3877 ethunc
882 3823 1047 3878 Deum
1084 3823 1303 3879 Verbum
1341 3825 1621 3895 appellavit
1652 3842 1670 3880 :
1701 3837 1917 3893 peracta
1944 3844 2043 3880 au—
2143 3820 2384 3877 Verbum
2411 3837 2509 3876 ceu
2541 3821 2789 3892 quaedam
2820 3821 3067 3885 emissio,
3098 3824 3347 3879 extensio
3378 3833 3434 3880 et
3470 3826 3724 3883 dilatatio

467 3924 569 3969 tem
607 3915 849 3969 universa
888 3917 1194 3979 oeconomia,
1225 3932 1438 3970 rursum
1479 3927 1765 3971 attractam
1794 3935 1927 3982 esse,
1968 3935 2043 3973 re-
2143 3912 2365 3968 deitatis
2395 3913 2601 3984 prodit,
2632 3922 2684 3967 et
2719 3921 2842 3984 post
2873 3921 3086 3984 gestum
3135 3929 3275 3985 opus
3325 3916 3393 3971 ad
3424 3917 3590 3974 Deum
3637 3937 3724 3977 re-

463 4022 767 4076 versumque
790 4004 858 4059 ad
889 4005 1079 4071 Deum,
1113 4024 1177 4062 ea:
1210 4025 1312 4078 quo
1341 4018 1559 4063 extensa
1601 4009 1724 4079 fuit.
1777 4010 2040 4077 Spiritum
2139 4005 2402 4068 vertitur,
2441 4012 2496 4060 et
2525 4005 2579 4059 in
2612 4004 2845 4075 pristina
2894 4004 3211 4060 conditione
3257 4016 3460 4063 manet.
3511 4008 3724 4065 Pariter

465 4114 584 4152 vero
636 4110 879 4153 saucium
941 4099 1250 4154 ulteriorem
1318 4102 1668 4155 extentionem
1718 4103 2039 4157 extensiom's
2140 4098 2405 4153 emissum
2428 4096 2531 4151 fuit
2561 4095 2824 4161 Verbum,
2856 4102 2916 4151 ut
2944 4110 3164 4152 carnem
3187 4107 3491 4154 assumeret
3518 4118 3532 4166 ;
3559 4112 3720 4156 tunc-

467 4206 600 4254 esse,
631 4199 683 4244 et
716 4190 852 4245 hanc
892 4191 1147 4261 apostolis
1176 4193 1360 4245 datam
1410 4192 1574 4261 fuisse
1616 4192 1903 4247 secundum
1954 4193 2041 4249 di-
2140 4208 2248 4263 que
2272 4191 2444 4246 Filius
2472 4191 2565 4246 Dei
2609 4190 2863 4246 eﬁ‘ectum
2916 4199 3004 4247 est
3029 4233 3045 4258 ,
3088 4207 3182 4247 rex
3235 4193 3384 4257 item,
3417 4193 3673 4252 Christus
3698 4238 3714 4263 ,

466 4300 640 4340 versas
670 4288 1004 4341 meonomias.
2140 4284 2319 4354 imago
2354 4282 2450 4339 Dei
2482 4283 2777 4339 invisibilis
2800 4324 2813 4347 ,
2851 4291 2905 4336 et
2936 4283 3329 4361 primogenitus
3366 4287 3546 4343 omnis
3567 4302 3725 4343 crea~

814 4391 899 4443 vi,
928 4392 1055 4450 Quid
1079 4390 1320 4441 Eusebius
1348 4391 1679 4442 awriensig,
2138 4386 2295 4445 tum,
2319 4393 2443 4432 eum
2476 4387 2632 4431 antea
2658 4376 2793 4430 nihil
2828 4391 3015 4430 eorum
3047 4375 3272 4433 fuisset:
3312 4393 3376 4433 ac
3412 4390 3537 4450 post
3567 4381 3721 4452 judi-

527 4475 645 4531 Jam
696 4490 763 4531 ex
818 4474 1055 4530 Eusebio
1111 4475 1268 4546 ipso,
1317 4476 1407 4545 qui
1466 4485 1658 4530 contra
1722 4475 2035 4531 Marcellum
2141 4471 2286 4525 cium
2318 4472 2437 4525 haec
2467 4468 2650 4523 omnia
2680 4467 3034 4531 amissurum,
3067 4478 3231 4539 atque
3263 4477 3323 4524 ut
3367 4472 3521 4541 prius
3545 4490 3717 4529 unum

459 4570 700 4639 scripsit,
736 4568 856 4622 loca
891 4567 1183 4623 all'eramus
1218 4567 1282 4621 ad
1314 4566 1714 4621 Marcellianam
1757 4568 1901 4621 illam
1927 4568 2037 4623 liaa-
2066 4575 2113 4634 ι)
2139 4579 2264 4618 cum
2298 4560 2457 4616 Patre
2488 4561 2731 4614 futurum
2768 4566 2873 4615 est.
2916 4559 2985 4615 Ut
3016 4573 3196 4617 autem
3227 4561 3468 4619 Verbum
3499 4575 3586 4622 est
3621 4583 3719 4623 ex-

459 4666 607 4720 resin
643 4662 1049 4731 intelligendam
1075 4669 1404 4731 opportuna.
1436 4660 1523 4714 Ait
1554 4663 1737 4732 itaque
1768 4661 1844 4731 (p.
1874 4660 2031 4732 4,5‘)
2137 4655 2315 4709 tensio
2342 4661 2396 4707 el
2436 4651 2688 4706 dilalalio
2750 4651 2884 4717 Dei,
2938 4653 3018 4708 sic
3074 4662 3129 4709 et
3183 4655 3422 4725 Spiritus
3488 4669 3721 4715 sanctus

458 4749 600 4805 hanc
627 4766 750 4806 esse
781 4749 1017 4804 Marcelli
1050 4750 1386 4819 opinionem,
1410 4748 1648 4804 Verbum
1682 4751 1872 4810 silens.
1907 4759 2033 4806 ante
2138 4746 2370 4801 ulterior
2396 4744 2645 4798 extensio
2692 4751 2746 4798 et
2792 4744 3041 4801 dilatatio
3070 4754 3155 4802 est
3179 4788 3194 4811 ,
3246 4749 3587 4821 παρέκτασις
3619 4754 3720 4824 τῆς

457 4843 810 4904 creationem,
846 4842 899 4897 in
931 4836 1093 4897 Patre
1129 4841 1319 4907 fuisse,
1355 4858 1524 4897 unum
1552 4859 1674 4899 eum
1700 4841 1813 4897 Deo
1847 4842 2027 4909 Patre,
2137 4838 2445 4905 ὲκτάσεως;
2483 4839 2574 4908 qui
2612 4838 2816 4907 pariter
2854 4853 2883 4891 a
2922 4839 3029 4893 Deo
3058 4840 3329 4896 emittitur
3358 4851 3412 4898 et
3444 4845 3510 4897 ad
3546 4843 3717 4901 Deum

456 4936 884 5003 sempiternum,
950 4933 1153 4996 ἀΐδιον,
1208 4948 1315 4987 non
1347 4934 1614 5004 genitum,
1657 4937 1730 4989 ita
1762 4940 1822 4988 ut
1869 4932 2032 4988 Pater
2135 4931 2430 4985 revertitur
2479 4942 2536 4985 ut
2565 4921 2802 4985 Verbum
2833 4970 2847 4993 ,
2888 4946 3143 5000 unusque
3189 4941 3275 4987 est
3321 4949 3445 4989 cum
3497 4933 3608 4990 Deo
3664 4946 3718 4991 et

454 5026 673 5097 quidem
710 5032 764 5081 et
798 5018 969 5081 Filius
1022 5018 1258 5080 diversis
1318 5025 1635 5081 nominibus
1687 5025 2026 5093 efferantur;
2137 5019 2317 5077 Verbo
2345 5021 2465 5077 sine
2493 5021 2602 5075 ulla
2634 5018 3007 5074 distinctione.
3048 5017 3178 5074 Haec
3227 5019 3465 5077 Marcelli
3494 5033 3719 5078 senten-

455 5119 550 5174 sed
588 5134 754 5173 unum
783 5126 964 5171 tamen
996 5117 1107 5173 sint
1135 5118 1375 5171 essentia
1415 5125 1469 5171 et
1498 5116 1778 5188 hypostasi
1802 5156 1818 5182 ,
1871 5117 2031 5189 οὑσιᾳ
2134 5115 2211 5170 tia
2237 5123 2343 5179 est,
2378 5112 2677 5170 secundum
2712 5112 2935 5167 Eusebii
2967 5112 3390 5182 explicationem
3417 5153 3431 5179 ,
3471 5114 3584 5179 cui,
3618 5116 3717 5171 sed

452 5211 511 5264 δὲ
544 5212 637 5265 καὶ
674 5211 968 5265 ὑποστάσει
1025 5210 1081 5263 ἒν
1141 5204 1303 5273 ὄντα,
1358 5209 1438 5264 uti
1476 5207 1747 5265 Sabellius
1799 5209 2028 5265 docuit:

2136 5224 2244 5263 non
2278 5209 2351 5261 ita
2382 5209 2548 5273 clare,
2587 5205 2957 5277 astipulantur
2982 5202 3215 5262 Basilius
3236 5214 3290 5262 et
3314 5205 3712 5264 Theodoretus.

454 5301 692 5358 Verbum
727 5304 853 5357 item
905 5310 1030 5357 ante
1076 5303 1428 5357 emissionem
1477 5317 1598 5357 esse
1632 5300 1814 5356 simile
1862 5302 2030 5357 verbo
2138 5301 2194 5356 Si
2228 5316 2393 5371 porro
2422 5301 2547 5354 talis
2575 5299 2695 5367 ejus
2725 5297 2976 5353 do‘ctrina
3033 5296 3235 5363 fuerit,
3289 5299 3345 5353 in
3392 5301 3545 5356 nullo
3588 5319 3719 5359 vere

452 5406 646 5452 nostro
694 5395 906 5460 silenti,
964 5390 1149 5467 ὅμοιον
1168 5392 1246 5465 τῷ
1275 5398 1332 5449 ὲν
1382 5395 1512 5466 ἡμῖν
1564 5393 1870 5448 σιωπῶντι·
1904 5409 2029 5448 cum

2138 5386 2352 5449 diﬁérat
2379 5409 2406 5446 a
2437 5390 2677 5447 Sabellio
2698 5399 2750 5445 et
2774 5389 3237 5459 Patripassianis:
3272 5390 3480 5444 nullam
3514 5395 3714 5464 quippe

452 5488 723 5542 emittitur
754 5502 883 5543 vero
911 5487 977 5542 ad
1014 5490 1419 5559 operationem,
1469 5501 1590 5542 esse
1636 5487 1813 5542 simile
1861 5489 2028 5542 verbo
2134 5481 2542 5537 distinctionem
2599 5493 2959 5550 personarum
3021 5478 3296 5543 admittit,
3344 5488 3398 5535 et
3426 5480 3574 5534 illam
3613 5498 3713 5536 ex-

452 5586 668 5642 nostro,
702 5595 827 5634 cum
860 5578 1152 5649 loquimur.
1201 5572 1337 5634 lllud
1387 5580 1462 5649 (p.
1504 5577 1560 5648 6)
1590 5593 1751 5648 porro
1787 5576 2026 5633 Verbum
2137 5575 2439 5630 tensionem
2471 5582 2525 5627 et
2554 5573 2871 5628 ulteriorem
2917 5571 3319 5639 dilatationem,
3350 5575 3558 5629 nullam
3587 5590 3717 5645 pro-

453 5685 578 5726 cum
611 5686 829 5726 carnem
876 5672 1194 5742 assumpsit,
1248 5678 1379 5727 tunc
1417 5669 1614 5726 Filium
1670 5668 1762 5726 Dei
1822 5668 2027 5725 factum

2134 5668 2310 5739 priam
2342 5666 2571 5737 ὓπαρξιν
2598 5674 2650 5722 et
2680 5667 3010 5731 ὑπόστασιν,
3048 5665 3424 5722 exsistentiam
3453 5674 3509 5723 et
3541 5667 3715 5740 hypo—

456 5904 478 5951 ι
581 5823 815 5950 ﬁt???
842 5826 1095 5953 ἐπιοιιίςο
1129 5826 1386 5885 editionis
1420 5825 1748 5885 Parisiensis
1775 5838 2009 5899 quarum
2051 5824 2249 5885 seriem
2290 5823 2465 5883 textui
2488 5822 2801 5885 Eusebiano
2835 5825 3183 5887 inserendam
3216 5828 3554 5886 curavimus.
3577 5822 3721 5881 Vide

480 5911 591 5952 om.
886 5911 1001 5951 σιτ.
