4138 6474
439 417 579 471 1285

1698 413 2055 474 MARCELLI
2095 411 2467 471 ANCYRANI.

3556 419 3695 477 {236

439 531 614 589 stasin
638 570 652 595 ,
692 531 894 588 habere
929 533 1111 589 docet.
1149 532 1379 599 Verum,
1411 536 1459 593 si
1505 535 1749 593 Marcelli
1785 535 1903 592 loca
1955 533 2025 589 ab
2053 538 2099 595 Α
2126 541 2238 589 tres
2289 533 2629 589 substantias
2662 542 2942 603 separatas
2974 542 3028 590 et
3074 534 3319 607 dispares
3368 536 3694 607 intelligere,

439 624 677 680 Eusebio
705 625 869 679 allata
889 627 1035 682 serio
1059 627 1461 697 expendantur,
1491 644 1599 684 non
1632 630 1707 683 ita
1740 627 1902 686 facile
1930 636 2014 685 est

439 716 494 771 in
522 715 837 772 Marcellum
869 720 1198 776 sententiam
1226 720 1432 787 dicere,
1456 731 1516 777 ιιι
1561 738 1689 779 mox
1732 739 2017 782 common-

438 804 727 860 strabitur.

1044 921 1272 977 CAPUT
1318 922 1408 979 lll.

439 1052 506 1092 ΑΝ
535 1052 815 1093 ΙΑιισειιο
845 1054 1132 1094 ASCRIPTUS
1163 1055 1339 1095 ERROR
1376 1056 1428 1095 ιη
1460 1055 1584 1095 ειυς
1614 1055 1828 1095 CONTRA
1854 1056 2013 1096 ιετε-

721 1124 850 1164 ιιιωι
880 1126 1039 1164 ιιιιιιο
1067 1126 1404 1166 DEPREHENDI
1437 1126 1728 1167 POTUERIT.

441 1226 487 1282 1.
530 1224 771 1294 Asterius
819 1240 915 1294 pro
959 1224 1177 1278 Arianis
1233 1224 1455 1287 scribit,
1507 1233 1697 1278 contra
1745 1224 2012 1278 Asterium

507 1293 830 1367 Marcellus,
875 1312 1023 1367 quem
1074 1296 1270 1365 refutat
1304 1294 1590 1367 Eusebius.
1616 1296 1705 1367 ill.
1754 1298 1831 1349 An
1862 1294 2015 1367 Mar-

507 1366 668 1420 cellus
724 1365 1136 1420 dicat‘Patrem
1177 1376 1227 1420 et
1270 1366 1497 1420 Verbum
1541 1366 1672 1419 solis
1717 1365 2014 1420 nominibus

506 1437 783 1504 distingui.
814 1435 897 1492 lll.
939 1436 1022 1490 An
1066 1438 1259 1490 dixerit
1297 1436 1521 1489 Verbum
1548 1436 1841 1504 ἀγέννητον
1876 1453 2009 1498 esse,

504 1516 556 1561 et
588 1505 793 1560 Filium
826 1524 928 1561 non
953 1508 1117 1573 fuisse
1148 1516 1268 1561 ante
1296 1506 1549 1561 Mariam.
1594 1507 1678 1561 IV.
1726 1505 1835 1561 Cur
1871 1507 2017 1559 dicat

515 1577 741 1632 Verbum
773 1588 888 1645 post
917 1579 1333 1631 incarnationem
1358 1588 1563 1631 tantum
1594 1594 1707 1631 esse
1735 1578 2015 1645 imaginem

504 1647 637 1718 Dei,
673 1658 722 1702 et
751 1634 1155 1718 primogenitum
1188 1651 1360 1703 omnis
1406 1657 1685 1702 creaturae.
1739 1649 1801 1703 V.
1840 1634 1905 1700 In
1951 1647 2019 1700 lio

506 1717 599 1772 bro
625 1718 877 1773 Marcelli
904 1717 1039 1773 nihil
1066 1730 1243 1789 aperte
1271 1734 1548 1774 erroneum
1582 1719 1749 1787 fuisse
1788 1717 2014 1773 videtur.

435 1828 478 1881 Ι.
495 1831 721 1882 Asterius
736 1846 826 1895 pro
842 1832 1035 1882 Arianis
1056 1834 1243 1890 scribit,
1267 1841 1436 1883 contra
1464 1834 1711 1883 Asterium
1734 1833 2016 1893 Marcellus,

910 1908 1058 1957 quem
1080 1897 1261 1947 refutat
1283 1895 1543 1945 Eusebius.

499 1989 750 2048 Asterius
768 1992 856 2048 ille
882 1992 1130 2063 sophista
1161 1993 1479 2055 circulator,
1511 1991 1624 2062 qui,
1661 1999 1719 2045 ut
1749 1991 1824 2046 ait
1850 1991 2013 2046 Atha-

431 2083 643 2148 nasius,
669 2097 954 2156 grassante
976 2086 1031 2139 in
1062 2085 1410 2141 Christianos
1453 2085 1773 2149 Maximino,
1803 2083 2009 2140 Christi

429 2174 644 2245 ejurata
691 2176 824 2244 ﬁde,
875 2176 1039 2233 idolis
1101 2178 1513 2243 immolaverat,
1571 2178 1816 2233 nascenti
1850 2177 2009 2232 Aria-

429 2269 615 2323 nismo
664 2286 863 2327 nomen
916 2271 1103 2336 dedit,
1163 2272 1477 2343 librumque
1527 2271 1841 2342 evulgavit,
1898 2286 2008 2342 quo

427 2359 757 2414 catholicam
835 2360 1144 2417 doctrinam
1222 2360 1507 2431 impeteret
1540 2401 1555 2427 ,
1639 2360 2009 2431 Arianamque

428 2451 750 2507 vindicaret.
782 2452 1069 2509 Marcellus
1105 2469 1233 2509 vero
1281 2454 1503 2509 Arianis
1542 2469 1572 2508 a
1616 2455 1890 2525 principio
1922 2455 2007 2509 in-

429 2540 815 2609 fensissimus,
849 2544 1125 2601 Asterium
1183 2546 1331 2601 edito
1384 2548 1651 2617 opusculo
1704 2546 2004 2612 refutavit,

427 2636 871 2709 Arianorumque
928 2639 1205 2709 principes
1269 2638 1566 2695 Eusebium
1624 2639 2007 2695 Nicomedien-

428 2743 566 2791 sem,
594 2727 887 2784 Eusebium
921 2728 1337 2794 Caesariensem,
1368 2728 1662 2784 Paulinum
1693 2728 1843 2799 Tyri,
1867 2727 2006 2781 Nar—

427 2816 636 2871 cissum
683 2816 1005 2874 Neroniadis
1037 2827 1092 2875 et
1122 2820 1258 2875 alios
1287 2820 1492 2889 passim
1541 2819 1730 2874 eodem
1764 2820 1817 2873 in
1863 2819 2004 2875 libro

427 2906 750 2963 lacessivit:
803 2925 913 2980 qua
955 2926 1014 2965 re
1058 2920 1343 2982 permotus
1393 2910 1663 2967 Eusebius
1700 2910 1991 2966 Cresarieno

426 3003 528 3064 sis,
555 3004 798 3073 quinque
828 3003 999 3060 libros
1045 3005 1219 3060 edidit
1246 3023 1260 3059 :
1292 3005 1381 3060 ubi
1414 3004 1743 3059 Arianorum
1778 3019 2000 3059 causam

428 3110 528 3166 pro
555 3096 766 3152 viribus
793 3095 1110 3157 defendens.
1144 3114 1335 3153 eorum
1366 3097 1759 3167 antesignanos
1792 3111 1824 3151 a
1860 3097 2003 3153 Mar-

427 3187 567 3243 cello
597 3189 900 3259 exagitatos
934 3190 1189 3246 laudibus
1218 3190 1282 3245 ad
1321 3189 1503 3245 sidera
1534 3190 1712 3252 tollit,
1759 3189 1815 3243 in
1857 3190 2001 3244 Mar-

2123 639 2289 678 uuam
2322 632 2534 679 tantum
2568 624 2908 694 hypostasin,
2936 624 3070 688 sive,
3113 632 3171 679 ut
3214 626 3291 680 illi
3323 626 3694 696 explicabant,

2121 717 2486 773 substantiam
2519 716 2574 770 in
2615 715 2725 770 Deo
2754 732 2877 772 esse
2922 718 3355 785 contendebant;
3407 719 3482 773 ita
3511 729 3696 774 tamen

2120 817 2179 863 ut
2208 808 2447 872 Patrem,
2481 807 2681 863 Filium
2723 816 2777 863 et
2826 807 3087 878 Spiritum
3120 818 3392 874 sanctum,
3441 811 3610 865 alium
3641 818 3696 865 et

2119 900 2286 953 alium
2320 908 2373 955 et
2406 901 2573 955 alium
2600 915 2723 955 esse
2751 899 3167 968 proﬁterentur;
3201 902 3294 955 alii
3327 916 3452 956 vero
3483 902 3695 956 formu-

2118 989 2227 1043 lam
2257 991 2420 1045 trium
2447 991 2823 1062 hypostasium
2856 991 2924 1045 ad
2954 991 3121 1044 trium
3155 991 3560 1049 distinctionem
3591 1009 3692 1063 op-

2117 1092 2406 1150 portunam
2454 1083 2746 1146 admisere,
2782 1081 2911 1136 dum
2965 1098 3126 1136 unam
3188 1085 3391 1153 pariter
3436 1086 3691 1140 substan-

2118 1173 2249 1226 tiam
2293 1174 2347 1227 in
2372 1173 2483 1228 Deo
2512 1189 2636 1229 esse
2662 1174 2926 1229 dicerent.
2958 1174 3294 1230 Athanasius
3320 1183 3498 1230 autem
3527 1177 3690 1232 modo

2119 1278 2306 1329 unam,
2362 1264 2524 1319 modo
2573 1274 2685 1319 tres
2721 1264 2776 1319 in
2832 1263 2943 1319 Deo
2982 1265 3306 1336 hypostases
3340 1266 3506 1333 dicit;
3551 1276 3604 1322 et
3633 1268 3690 1322 in

2119 1353 2330 1423 synodo
2359 1354 2729 1409 Alexandrina
2760 1354 2886 1408 anui
2918 1354 3043 1418 562,
3073 1356 3164 1409 cui
3195 1363 3426 1426 praeerat
3451 1354 3693 1410 Athana-

2119 1446 2255 1510 sius,
2297 1447 2525 1501 liberum
2575 1463 2699 1504 esse
2733 1448 2991 1502 delinitur
3020 1451 3100 1504 vel
3154 1465 3318 1504 unam
3368 1450 3691 1522 bypostasin

2118 1538 2322 1603 dicere,
2360 1539 2489 1593 dum
2521 1540 2687 1594 trium
2718 1539 2999 1596 distinctio
3032 1554 3298 1606 servetur,
3331 1544 3415 1598 vel
3445 1552 3559 1598 tres
3591 1544 3691 1615 Ιη-

2117 1639 2367 1699 postases
2418 1632 2701 1702 proﬁteri,
2758 1632 2888 1687 dum
2951 1649 3060 1688 una
3114 1644 3320 1689 tantum
3379 1636 3689 1691 substantia

2119 1720 2353 1776 dicatur.
2394 1722 2511 1777 Non
2550 1724 2855 1794 culpandus
2899 1739 3028 1796 ergo
3058 1725 3366 1789 Marcellus,
3404 1727 3548 1797 quod
3578 1726 3687 1781 Pa-

2121 1818 2260 1867 trem
2294 1820 2348 1867 et
2377 1812 2615 1868 Verbum
2647 1816 2929 1886 hypostasi
2957 1832 3127 1871 unum
3157 1833 3279 1873 esse
3306 1818 3521 1882 dixerit,
3554 1819 3687 1873 dum

2045 1891 2092 1951 Β
2121 1903 2287 1958 alium
2336 1912 2390 1960 et
2420 1906 2584 1960 alium
2616 1921 2739 1963 esse
2770 1909 3055 1979 professus
3100 1910 3191 1974 sit,
3241 1925 3344 1965 nec
3375 1911 3688 1965 distinctio-

2113 2009 2236 2048 nem
2265 1996 2574 2051 abstulerit.
2612 1998 2670 2053 id
2718 2015 2849 2054 vero
2875 2016 2942 2054 ex
2964 2002 3146 2056 allatis
3173 2001 3242 2057 ab
3280 2000 3516 2058 Eusebio
3542 2002 3685 2057 Mar-

2110 2085 2234 2140 celli
2283 2086 2420 2141 locis
2450 2088 2872 2148 examinandum
2904 2090 3072 2145 venit.
3122 2090 3213 2144 Ait
3253 2091 3419 2161 igitur
3455 2090 3685 2147 Marcel-

2110 2175 2196 2231 lus
2240 2176 2316 2247 (p.
2371 2180 2490 2249 55),
2545 2180 2818 2236 referente
2868 2180 3146 2237 Eusebio:
3178 2183 3385 2237 Οὐκοῦν
3427 2183 3534 2255 πρὸ
3583 2184 3683 2255 μὲν

2108 2271 2200 2324 τοῦ
2231 2273 2531 2341 κατελθεῖν,
2576 2276 2671 2328 καὶ
2701 2274 2790 2328 διὰ
2820 2274 2920 2344 τῆς
2948 2274 3224 2345 Παρθένου
3259 2274 3533 2347 τεχθῆναι,
3580 2277 3684 2330 Λό-

2106 2380 2203 2431 γος
2240 2360 2309 2436 ἦν
2365 2366 2543 2436 μόνον.
2591 2368 2740 2420 Ἐπεὶ
2764 2367 2817 2420 τι
2850 2366 3037 2437 ἕτερον
3075 2362 3165 2437 ἦν,
3206 2368 3311 2437 πρὸ
3337 2367 3429 2421 τοῦ
3457 2368 3557 2440 τὴν
3597 2369 3684 2422 ἀνα

2108 2454 2383 2529 θρωπίνην
2412 2457 2699 2511 ἀναλαϐεῖν
2737 2459 2935 2529 σάρκα,
2964 2460 3026 2512 τὸ
3053 2459 3311 2513 κατελθὸν
3340 2461 3426 2512 ἐπ’
3458 2460 3684 2530 ἔσχατον

2104 2548 2213 2600 τῶν
2245 2549 2487 2620 ἡμερῶν,
2516 2551 2591 2613 ὡς
2626 2551 2721 2604 καὶ
2747 2551 2906 2616 αὐτὸς
2927 2552 3188 2626 γέγραφε,
3218 2553 3308 2606 καὶ
3335 2553 3396 2606 τὸ
3426 2552 3684 2625 γεννηθὲν

2104 2642 2169 2694 ὲκ
2200 2641 2300 2712 τῆς
2333 2644 2641 2716 Παρθένου;
2675 2646 2840 2698 Οὐδὲν
2886 2645 3072 2714 ἕτερον
3100 2645 3132 2716 ἢ
3168 2645 3363 2713 Λόγος.
3410 2645 3524 2700 Hoc
3555 2655 3676 2701 est:

2105 2731 2294 2803 Itaque
2343 2735 2649 2803 priusquam
2691 2735 3043 2803 descenderet,
3093 2744 3143 2791 et
3207 2751 3273 2790 ea;
3328 2736 3537 2807 Virgine
3584 2753 3683 2791 na-

2104 2834 2353 2886 sceretur,
2399 2824 2618 2877 Verbum
2665 2834 2780 2879 erat
2811 2824 3161 2879 solummodo.
3201 2823 3345 2878 Nam
3374 2824 3499 2895 quid
3531 2823 3682 2878 aliud

2103 2924 2240 2978 erat,
2291 2916 2603 2985 priusquam
2660 2918 2947 2969 humanam
2998 2933 3208 2970 carnem
3264 2925 3584 2980 assumeret,
3626 2914 3683 2970 id

2102 3007 2239 3078 quod
2268 3008 2321 3060 in
2355 3008 2650 3062 novissimis
2706 3008 2888 3062 diebus
2922 3007 3189 3062 descendit
3218 3007 3682 3078 (quemadmodum

2103 3098 2215 3168 ipse
2261 3099 2491 3165 scribit),
2520 3108 2572 3153 et
2610 3101 2749 3169 quod
2778 3105 2842 3154 de
2901 3099 3111 3171 Virgine
3158 3110 3342 3154 natum
3369 3102 3492 3155 est?
3527 3098 3684 3155 Nihil

2105 3190 2254 3243 aliud
2300 3209 2461 3262 quam
2521 3191 2766 3247 Verbum.
2817 3192 3110 3249 Marcellus
3161 3208 3313 3259 sane,
3349 3193 3443 3262 qui
3490 3204 3683 3247 contra

427 3281 735 3351 cellumque
764 3279 1172 3338 Sabellianismi
1195 3283 1417 3338 nomine
1451 3282 1654 3337 acriter
1699 3283 1998 3338 invehitur.
2029 3250 2071 3305 θ
2110 3280 2404 3335 Sabellium
2439 3296 2628 3351 agens,
2670 3281 2884 3336 Patrem
2941 3292 3105 3354 negat
3152 3284 3516 3346 incarnatum,
3566 3283 3681 3337 haec

430 3369 545 3425 Sub
577 3376 692 3428 haec
715 3383 896 3428 autem
928 3374 995 3429 de
1022 3374 1259 3430 Marcelli
1327 3376 1599 3431 sententia
1644 3375 1808 3431 etiam
1865 3377 2007 3432 inter

426 3465 740 3524 Catholicos
799 3468 1137 3537 disputatum
1193 3476 1317 3523 est:
1355 3469 1477 3524 aliis
1527 3468 1652 3538 jure
1682 3476 2004 3524 accusatum

427 3556 743 3614 Marcellum
803 3561 1206 3630 pugnantibus;
1261 3561 1386 3616 aliis
1451 3576 1641 3617 sanam
1704 3561 1826 3631 cjus
1882 3577 2006 3617 esse

428 3647 590 3704 ﬁdem
644 3651 944 3705 tuentibus.
997 3652 1106 3706 Nos
1145 3653 1329 3722 igitur,
1383 3652 1700 3722 pundcratis
1740 3653 1905 3709 rebus
1951 3662 2005 3709 et

427 3744 684 3813 expensis
721 3744 940 3799 Eusebii
999 3744 1485 3811 accusationibus,
1537 3746 1669 3817 quid
1706 3747 1778 3800 sit
1812 3746 1905 3800 illa
1937 3747 2006 3802 de

428 3850 488 3891 re
517 3836 862 3891 sentiendum
894 3837 1297 3907 indagabimus.

428 3946 489 3999 ll.
513 3948 593 4000 An
610 3949 871 4000 Marcellus
891 3951 1021 4000 dicat
1048 3951 1244 4062 nggm
1270 3958 1324 4062 eit
1344 3951 1564 4002 Verbum
1587 3951 1708 4003 solis
1728 3951 2007 4003 nominibus

1200 4028 1296 4062 neu
1323 4051 1335 4062 .

1200 4028 1335 4075 ugm.

496 4105 649 4162 Hanc
678 4107 856 4177 primo
901 4107 957 4162 in
1008 4106 1324 4163 Marcellum
1373 4107 1816 4164 criminationem
1848 4106 2005 4162 aliert

428 4195 697 4254 Eusebius
730 4198 806 4269 (p.
859 4199 937 4270 5),
976 4198 1124 4268 quod
1158 4198 1381 4263 dixerit,
1430 4196 1669 4254 Verbum
1702 4201 1772 4254 ab
1800 4209 2003 4255 aeterno

429 4306 596 4345 unum
639 4306 762 4347 esse
795 4306 918 4346 cum
969 4290 1131 4346 Patre
1161 4291 1318 4363 οὐσίᾳ
1348 4292 1442 4345 καὶ
1473 4292 1787 4355 ὑποστάσει,
1816 4307 2005 4347 essen-

428 4383 503 4436 tia
530 4391 584 4438 et
607 4382 926 4453 hypostasi;
961 4384 1034 4437 ita
1066 4392 1125 4437 ut
1146 4385 1278 4440 solis
1303 4385 1617 4439 nominibus
1640 4393 1831 4438 mutuo
1858 4384 2006 4440 dili'e-

429 4483 598 4529 rant:
630 4490 865 4545 esseque
915 4473 1156 4530 Verbum
1218 4488 1477 4533 aeternum
1542 4486 1597 4533 et
1652 4477 1999 4548 ingenitum:

2107 3374 2350 3429 scribere
2398 3388 2507 3427 non
2557 3376 2756 3443 potuit,
2788 3373 2921 3443 quin
2953 3372 3191 3429 Verbum
3226 3388 3256 3427 a
3286 3373 3446 3429 Patre
3482 3375 3680 3431 distin-

2107 3471 2256 3518 ctum
2290 3464 2556 3518 crederet.
2588 3462 2654 3516 Et
2694 3467 2883 3535 paucis
2912 3465 3250 3534 interpositis
3296 3466 3411 3520 haec
3440 3466 3679 3525 Marcelli

2104 3555 2269 3610 verba
2300 3554 2638 3609 alieruntur:
2672 3555 2856 3609 Discat
2884 3556 3066 3626 igitur,
3107 3555 3328 3609 Verbum
3356 3556 3472 3625 Dei,
3492 3573 3596 3611 non
3619 3568 3679 3612 ut

2105 3646 2187 3700 illi
2216 3647 2414 3709 volunt,
2454 3646 2678 3701 Verbum
2709 3647 3166 3718 καταχρηστικῶς
3195 3648 3554 3717 appellatum;
3578 3648 3672 3704 sed

2104 3736 2242 3808 quod
2265 3753 2464 3803 revera,
2485 3738 2561 3800 ὼς
2590 3737 2826 3807 ἀληθῶς,
2844 3738 3150 3801 exsistebat,
3184 3738 3428 3794 Verbum.
3455 3738 3578 3803 libi,
3609 3741 3679 3794 il-

2106 3828 2222 3893 lud,
2252 3845 2454 3893 revera,
2485 3827 2721 3884 Verbum
2765 3829 3046 3885 exstitisse
3090 3846 3214 3885 vere
3239 3839 3293 3885 et
3321 3846 3418 3901 per
3463 3846 3541 3898 se,
3574 3847 3679 3886 nec

2104 3936 2275 3975 unum
2321 3931 2375 3976 et
2427 3921 2570 3976 idem
2617 3937 2742 3977 cum
2788 3921 2952 3977 Patre
3002 3922 3195 3987 fuisse,
3244 3922 3488 3979 denotat.
3534 3923 3679 3977 Alibi

2104 4028 2235 4069 vero
2274 4014 2349 4084 (p.
2385 4013 2475 4084 59)
2509 4014 2586 4067 ait
2632 4013 2923 4069 Marcellus
2952 4014 3105 4086 :Ilpb
3144 4014 3254 4086 γὰρ
3283 4014 3385 4084 τῆς
3423 4013 3683 4086 δημιουρ-

2103 4103 2228 4172 γίας
2257 4104 2473 4174 ἀπάσης
2505 4104 2702 4174 ἡσυχία
2751 4121 2834 4167 τις
2862 4099 2952 4175 ἦν,
2999 4104 3076 4166 ὡς
3109 4103 3277 4167 εἰκὸς,
3324 4104 3384 4156 ὲν
3433 4102 3512 4174 τῷ
3562 4102 3682 4174 Θεῷ

2102 4194 2197 4248 τοῦ
2227 4196 2400 4263 Λόγου
2429 4195 2602 4259 ὄντος.
2628 4196 2739 4250 lloc
2770 4205 2892 4251 est:
2927 4195 3062 4249 Ante
3086 4211 3289 4248 omnem
3320 4210 3496 4248 rerum
3534 4210 3684 4249 crea-

2107 4288 2299 4342 tionem
2348 4297 2486 4351 erat,
2522 4297 2579 4341 ut
2621 4302 2720 4356 par
2759 4298 2837 4341 est
2873 4288 3105 4350 credere,
3141 4290 3286 4359 quies
3334 4289 3389 4341 in
3428 4288 3559 4354 Deo,
3590 4305 3683 4343 ea:-

2103 4381 2314 4434 sistente
2372 4380 2511 4449 apud
2563 4378 2733 4433 Deum
2790 4378 2980 4433 Verbo.
3051 4377 3155 4435 U'ui
3210 4380 3344 4433 nihil
3410 4395 3520 4433 non
3574 4380 3683 4434 Ca-

2105 4469 2368 4523 tholicam
2421 4468 2797 4539 deprehendas
2832 4489 2844 4523 :
2877 4484 3004 4524 nam
3050 4470 3198 4540 quod
3247 4469 3383 4524 dicit
3438 4469 3678 4525 Verbum

427 4565 598 4634 quod,
636 4573 694 4620 ut
746 4567 824 4620 ait
886 4566 998 4630 ille,
1045 4567 1321 4637 ipsissima
1377 4576 1462 4625 est
1510 4567 1731 4623 Sabellii
1792 4568 1997 4639 Opinio.
2033 4585 2079 4640 ι)
2105 4577 2229 4618 esse
2254 4561 2308 4615 in
2329 4560 2438 4617 Deo
2469 4563 2551 4616 vel
2581 4561 2724 4634 apud
2750 4561 2941 4629 Deum,
2963 4561 3192 4618 Joannis
3220 4571 3324 4619 est.
3351 4563 3562 4618 Etenim
3586 4564 3679 4618 alii

428 4656 584 4724 Quod
633 4667 815 4713 autem
859 4657 1021 4713 Pater
1049 4667 1102 4714 et
1135 4658 1373 4716 Verbum
1416 4661 1576 4733 οὑσίᾳ
1623 4661 1737 4717 sive
1762 4662 2003 4717 essentia

430 4766 600 4805 unum
632 4759 839 4817 essent,
870 4752 923 4807 id
954 4752 1221 4808 Catholici
1265 4769 1457 4809 omnes
1487 4754 1743 4810 dicebant
1771 4772 1784 4820 ;
1811 4754 2003 4808 Ariani

428 4857 560 4897 vero
597 4842 844 4898 diversas
890 4844 945 4899 in
977 4843 1139 4899 Patre
1176 4854 1231 4900 et
1263 4844 1441 4901 Verbo
1479 4856 1533 4901 et
1566 4855 1848 4917 separatas
1885 4846 2004 4901 dis-

428 4946 698 5003 paresque
749 4936 1022 4990 essentias
1060 4948 1183 4990 esse
1215 4935 1622 4990 contendebant
1682 4955 1695 4991 :
1737 4937 2007 5006 idipsum-

429 5040 535 5092 que
562 5033 762 5097 pugnat
797 5025 1067 5082 Eusebius
1094 5036 1152 5080 ut
1178 5027 1231 5080 in
1260 5026 1717 5095 praeliminaribus
1752 5025 1821 5080 ad
1848 5041 2006 5081 com-

431 5119 697 5172 mentaria
723 5119 780 5171 iu
810 5117 1056 5173 Psalmos
1101 5119 1512 5188 comprobatum
1544 5127 1649 5174 est.
1703 5118 1776 5173 De
1826 5119 2007 5190 hypo-

432 5210 587 5273 stasi,
633 5211 948 5277 ὑποστάσει,
1006 5226 1136 5265 vero
1183 5213 1413 5281 quaestio
1465 5221 1584 5267 erat
1644 5214 1810 5267 etiam
1858 5213 2001 5266 inter

430 5301 782 5359 Catholicos;
814 5319 1046 5374 quorum
1088 5304 1181 5359 alii
1229 5314 1340 5360 tres
1374 5306 1698 5376 hypostases
1728 5306 1782 5358 in
1813 5304 2000 5359 Trini-

432 5402 544 5450 tate
583 5396 997 5466 proﬁtebantur,
1030 5397 1121 5451 alii
1158 5411 1343 5462 unam,
1389 5413 1498 5452 non
1541 5413 1619 5463 re,
1652 5396 1748 5453 sed
1778 5399 2000 5452 nomine

434 5497 641 5544 tantum
686 5490 828 5547 inter
855 5506 915 5546 se
946 5490 1342 5560 discrepantes.
1382 5489 1517 5545 Nam
1549 5506 1675 5547 cum
1708 5490 1899 5545 Ariani
1937 5491 2006 5545 ab

433 5595 624 5636 exortu
656 5583 929 5640 haereseos
971 5592 1085 5639 tres
1123 5584 1448 5655 hypostases
1483 5584 1537 5637 in
1573 5584 1840 5638 Trinitate
1871 5598 2004 5653 pro-

433 5672 567 5728 fessi
608 5681 813 5738 essent,
859 5690 924 5731 ac
974 5675 1291 5739 ὑπόστασις,
1325 5684 1462 5731 teste
1504 5675 1830 5740 Athanasio,
1873 5675 2006 5730 sub-

435 5767 692 5821 stantiam
722 5782 788 5822 ex
821 5783 881 5823 se
918 5767 1223 5839 signiﬁcet;
1251 5768 1409 5822 multi
1448 5766 1859 5823 Catholicorum
1889 5781 2000 5821 non

432 5858 604 5916 nescii
662 5858 917 5923 Arianos,
954 5859 1082 5917 dum
1133 5866 1246 5917 tres
1297 5860 1618 5927 hypostases
1664 5858 2000 5925 proferrent,
2041 5932 2078 5944 θ’

2107 4671 2176 4713 ex
2219 4653 2321 4709 SS.
2351 4654 2625 4720 Patribus,
2673 4655 2725 4709 in
2755 4656 2956 4726 quibus
2983 4656 3319 4711 Athanasius
3361 4656 3586 4726 passim,
3626 4662 3682 4710 et

2102 4746 2469 4821 Augustinus,
2496 4749 2733 4819 idipsum
2761 4764 2907 4814 esse,
2941 4747 3078 4821 πρὸς
3107 4747 3202 4799 τὸν
3227 4747 3358 4801 Θεὸν
3386 4746 3481 4799 καὶ
3518 4747 3577 4798 ὲν
3601 4743 3682 4816 τῷ

2106 4842 2250 4912 Θεῷ,
2277 4840 2416 4908 apud
2446 4840 2616 4894 Deum
2647 4850 2696 4894 et
2726 4840 2779 4893 in
2814 4838 2925 4893 Deo
2955 4853 3078 4894 esse
3106 4838 3398 4905 dicebant;
3429 4837 3521 4892 alii
3552 4851 3683 4890 vero

2106 4948 2162 4993 et
2185 4936 2406 5007 quidem
2441 4950 2641 5005 magno
2667 4948 2916 4997 numero,
2952 4934 3086 4988 illud
3120 4919 3178 4986 ἐν
3201 4932 3277 5003 τῷ
3299 4931 3437 5003 Θεῷ,
3466 4932 3592 5002 quia
3626 4931 3682 4984 in

2107 5029 2401 5099 Evangelio
2419 5028 2492 5103 ita
2507 5042 2614 5081 non
2640 5027 2860 5098 legitur,
2885 5031 3199 5095 suspectum
3217 5022 3527 5078 habebant:
3556 5036 3682 5074 nam

2107 5122 2251 5195 quod
2275 5121 2541 5185 Pauliani,
2564 5120 2880 5185 Sabelliani,
2920 5117 3276 5180 Marcelliani,
3295 5122 3350 5170 et
3370 5112 3682 5168 Pbotiniani

2108 5215 2356 5286 iorteque
2376 5215 2490 5278 alii,
2527 5214 2706 5268 omnis
2726 5213 2868 5265 inter
2888 5209 3108 5264 Patrem
3133 5218 3188 5262 et
3216 5205 3410 5260 Filium
3434 5203 3686 5260 tollenda:

2106 5308 2481 5365 distinctionis
2510 5321 2701 5369 causa,
2732 5307 2834 5360 hac
2860 5302 3117 5374 loquendi
3151 5301 3365 5355 ratione
3393 5300 3688 5353 abuteren-

2108 5407 2220 5464 tur,
2270 5399 2404 5455 illud
2456 5401 2515 5453 ὲν
2559 5400 2637 5472 τῷ
2684 5398 2824 5470 Θεῷ,
2848 5397 3190 5467 rejiciebant.
3241 5390 3400 5459 Quod
3450 5405 3581 5446 vero
3610 5392 3687 5444 ait

2107 5491 2416 5558 Marcellus,
2458 5500 2585 5548 ante
2607 5493 2941 5547 creationem
2975 5488 3149 5544 fuisse
3192 5486 3431 5557 quietem
3465 5483 3520 5537 in
3554 5480 3687 5546 Deo,

2108 5585 2223 5641 sive
2261 5584 2557 5649 silentium,
2591 5591 2650 5637 ut
2677 5584 2817 5640 alias
2858 5582 3143 5651 loquitur;
3186 5577 3240 5632 id
3290 5590 3477 5631 sanam
3525 5572 3685 5628 ﬁdem

2107 5677 2245 5731 nihil
2273 5676 2435 5732 laedit.
2466 5673 2623 5731 Licet
2655 5676 2800 5731 enim
2828 5674 2883 5728 in
2914 5672 3026 5728 Deo
3060 5670 3210 5725 nulla
3243 5664 3575 5722 conditionis
3603 5664 3687 5721 vel

2108 5776 2286 5825 status
2338 5768 2569 5823 mutatio
2602 5782 2731 5823 vere
2778 5765 3033 5829 exsistat,
3081 5770 3137 5817 et
3176 5758 3419 5816 Verbum
3462 5754 3687 5829 perinde

2110 5870 2259 5920 ante.
2306 5874 2471 5918 quam
2519 5866 2644 5917 post
2692 5858 3024 5915 creationem
3056 5862 3111 5913 et
3151 5851 3585 5912 incarnationem
3628 5848 3684 5901 in
