4138 6450
442 403 578 459 19.87

1686 397 1772 451 DE
1812 393 1973 448 VITA
2004 389 2090 445 ET
2125 389 2435 450 SCRIPTIS

3535 387 3556 438 l
3565 385 3670 440 288

441 519 553 574 lleo
588 519 744 574 Patre
785 519 1046 574 manserit
1075 525 1128 573 et
1155 526 1404 582 maneat;
1451 515 1690 569 humano
1711 521 1892 569 tamen
1927 511 2003 565 ιο-
2034 513 2078 568 Α
2105 521 2158 566 et
2185 511 2578 574 extensionem,
2613 524 2775 578 quam
2807 507 3110 564 secumlum
3157 503 3393 559 Marcelli
3448 513 3667 556 senten-

440 611 640 681 qncndi
669 625 836 674 more,
882 608 1256 670 descendisse,
1283 607 1505 673 exiisse,
1529 620 1812 675 egressum
1859 617 2003 669 cem,

443 700 752 769 pariterque
771 700 1053 768 quiescere
1075 705 1128 752 et
1151 697 1310 752 silere
1334 697 1553 751 dicitur.
1569 694 1740 748 Paulo
1761 701 1882 764 post
1904 708 2005 746 au-

442 798 547 844 tem
587 795 660 858 (p.
693 789 783 858 40)
821 790 935 844 haec
977 788 1218 843 Marcelli
1261 789 1430 842 verba
1460 787 1806 842 vehementer
1830 783 2006 854 carpit

441 885 750 940 Eusebius:
787 881 996 940 Sriebat
1020 894 1195 937 autem
1235 882 1367 935 illud
1405 883 1708 943 conducere,
1743 889 1801 932 ut
1828 877 2008 933 crede-

442 988 553 1032 rent
615 994 777 1032 unum
846 977 1009 1030 Deum
1054 993 1190 1032 esse.
1225 973 1353 1028 Ideo
1403 973 1480 1028 sic
1526 989 1648 1027 eum
1671 971 2006 1041 alloquitur:

446 1090 466 1123 ι
528 1069 638 1141 Ego
692 1087 810 1126 sum
865 1070 956 1140 qui
1019 1085 1136 1123 sum
1177 1069 1230 1132 ¹;
1293 1085 1314 1118 ι
1382 1075 1441 1119 ut
1485 1075 1640 1118 extra
1699 1081 1754 1118 se
1799 1064 2005 1118 nullum

441 1164 608 1216 alium
669 1179 783 1217 esse
841 1161 1009 1215 Deum
1084 1160 1312 1214 doceret.
1376 1156 1618 1210 Proclive
1669 1166 1746 1210 est
1805 1163 2006 1219 autem,

440 1267 498 1309 ut
547 1255 798 1316 arbitror,
852 1255 1032 1322 cuique
1077 1249 1340 1320 prudenti,
1384 1248 1441 1302 id
1486 1247 1551 1301 ab
1599 1247 1828 1302 humano
1875 1264 2008 1318 quo-

441 1349 588 1410 dam,
639 1349 826 1417 exiguo
865 1354 913 1399 et
955 1343 1142 1396 humili
1197 1342 1432 1409 exemplo
1487 1340 1817 1410 intelligere:
1848 1353 2009 1408 neque

445 1441 581 1492 enim
629 1446 795 1508 potest
842 1437 1115 1504 quisquam
1167 1433 1378 1486 uerbum
1410 1431 1637 1484 hominis
1678 1430 1910 1498 potentia
1958 1438 2008 1482 et

449 1531 742 1586 substantia
773 1543 1036 1590 separare.
1078 1525 1248 1580 Unum
1279 1535 1357 1579 est
1385 1527 1524 1579 enim
1553 1533 1706 1592 atque
1729 1521 1868 1576 idem
1891 1536 2008 1575 cum

448 1625 651 1676 homine
684 1621 946 1675 Verbum:
979 1635 1098 1690 qum
1136 1619 1180 1674 si
1211 1619 1441 1673 seorsim
1484 1617 1552 1670 ab
1583 1616 1704 1670 aliis
1735 1616 2009 1684 accipian-

447 1723 554 1776 tur,
584 1730 614 1766 a
653 1725 802 1769 recta
845 1727 977 1768 sane
1022 1710 1127 1765 llde
1169 1710 1504 1765 desciscunt.
1547 1706 1746 1762 Verum
1779 1722 1845 1761 ex
1890 1705 2012 1760 aliis

448 1805 687 1859 Marcelli
734 1803 872 1858 locis
918 1803 1097 1873 palam
1152 1801 1367 1857 videtur
1421 1816 1545 1856 eum
1605 1799 2012 1870 comparatione

447 1895 684 1950 hominis
725 1902 780 1948 et
829 1895 977 1949 verbi
1023 1894 1107 1948 sui
1140 1894 1250 1957 uti;
1303 1903 1360 1947 ut
1407 1893 1731 1963 comprobet
1775 1891 2011 1946 Verbum

453 2003 612 2042 unam
655 1995 710 2043 et
739 1988 1006 2052 eamdem,
1037 2002 1198 2057 quam
1233 1987 1392 2040 Pater
1422 1985 1606 2048 habet,
1650 1986 2014 2040 substantiam

447 2077 653 2133 habere
680 2097 692 2132 :
722 2093 844 2132 nam
880 2078 1040 2148 paulo
1075 2077 1302 2132 inferius
1334 2077 1448 2131 haec
1481 2076 1719 2131 Marcelli
1746 2076 1908 2130 verba
1939 2075 2016 2129 le-

449 2179 693 2240 guntur:
732 2170 826 2232 Ti;
876 2169 984 2240 γὰρ
1009 2168 1182 2232 οὕτως
1233 2169 1266 2241 ἢ
1313 2168 1422 2222 τῶν
1474 2169 1640 2238 ἁγίων
1683 2167 1930 2236 ἀγγέλων
1979 2165 2012 2238 ἢ

447 2261 555 2315 τῶν
587 2261 796 2332 ἀνδρῶν
825 2261 1050 2314 δικαίων
1080 2261 1390 2328 ἀξιόπιστος
1413 2256 1502 2330 ἦν,
1529 2261 1626 2332 τὴν
1666 2262 1730 2312 ὲκ
1756 2258 1850 2313 τοῦ
1879 2257 2014 2312 Θεοῦ

450 2349 741 2420 προσώπου
784 2349 1092 2419 ὁρισθεῖσαν
1124 2349 1274 2420 αὐτῷ
1306 2349 1573 2420 τιμωρίαν
1602 2348 1792 2401 λῦσαι·
1838 2349 1886 2400 εἰ
1942 2347 2016 2418 μὴ

450 2441 614 2504 αὐτὸς
646 2443 674 2494 ὁ
711 2440 881 2508 Λόγος
925 2443 952 2494 ὁ
996 2440 1300 2512 συμπαρὼν
1344 2443 1438 2495 καὶ
1471 2443 1850 2513 συμπλάττων,
1882 2443 2018 2512 πρὸς

449 2532 507 2585 ὃν
535 2533 563 2585 ὁ
593 2530 800 2602 Πατὴρ,
835 2529 1183 2600 Ποιήσωμεν
1223 2532 1554 2598 ἄνθρωπον,
1588 2531 1715 2602 ἔφη.
1741 2533 1840 2585 οὐκ
1867 2531 2017 2594 ὄντος

450 2623 640 2694 ἑτέρου
689 2621 822 2674 Θεοῦ
853 2620 944 2673 τοῦ
981 2622 1346 2692 συμπλάττειν
1393 2622 1540 2693 αὐτῷ
1585 2623 1918 2693 δυναμένους
1962 2621 2018 2676 Id

450 2723 534 2767 est
568 2729 582 2766 :
620 2710 752 2776 Quis
797 2715 932 2765 enim
980 2721 1130 2764 tanta
1159 2711 1419 2781 dignitate
1452 2714 1574 2780 fuit,
1607 2711 1685 2765 vel
1712 2721 2018 2765 sanctorum

403 2875 406 2878 ἢ
451 2804 782 2874 angelorum,
811 2802 890 2856 vel
911 2802 1182 2871 justorum
1213 2804 1465 2864 uirorum,
1487 2804 1578 2873 qui
1603 2803 1924 2857 destinatum
1955 2815 2020 2855 ea:

448 2909 672 2960 persona
702 2892 792 2947 Dei
819 2893 1015 2945 homini
1040 2893 1353 2962 supplicium
1383 2894 1623 2956 solveret,
1656 2894 1758 2946 nisi
1797 2891 2019 2946 Verbum

451 2987 646 3048 solum,
670 2985 807 3054 quod
838 3002 944 3038 una
975 2984 1080 3038 Deo
1114 2983 1321 3048 aderat,
1353 2995 1403 3038 et
1431 3001 1537 3038 una
1583 3003 1698 3038 cum
1729 2985 1822 3039 illo
1861 2986 2020 3054 eﬂ'or-

452 3075 632 3130 mabat
662 3075 962 3129 hominem:
995 3074 1062 3127 ad
1095 3091 1246 3145 quem
1293 3075 1456 3128 Pater
1486 3075 1730 3130 dicebat:
1766 3093 1786 3126 ί
1825 3073 2021 3129 Facia-

2109 607 2240 659 tiam
2271 603 2510 660 Verbum
2544 601 2712 658 fuisse
2755 610 2980 656 narrant
3012 598 3248 653 Basilius
3276 603 3332 651 et
3362 592 3673 649 Theodore-

2107 707 2217 761 tus,
2270 713 2339 754 ne
2381 697 2550 752 semei
2591 697 2808 766 quidem
2866 703 3131 749 memorat
3178 690 3450 746 Eusebius
3493 686 3673 742 Caesa-

2105 791 2305 846 riensis
2335 808 2349 842 :
2381 790 2524 844 unde
2566 790 2744 858 palam
2791 787 2863 843 sit
2910 787 2966 840 in
3017 785 3155 839 libro
3200 781 3438 838 Marcelli
3489 789 3673 835 contra

2107 883 2374 938 Asterium
2405 881 2537 936 nihil
2562 879 2873 951 huiusmodi
2897 877 3294 950 deprehensum
3321 888 3464 930 esse.

2104 997 2191 1049 Ill.
2215 998 2296 1048 An
2312 995 2497 1048 dixerit
2516 995 2728 1046 Verbum
2760 1009 2948 1054 ἀγιηῃσν
2971 1007 3102 1053 esse,
3128 997 3182 1042 et
3199 989 3384 1042 Filium
3402 1003 3500 1041 non
3523 989 3675 1040 fuisse

2716 1067 2831 1107 ante
2852 1055 3062 1106 Mariam.

2176 1165 2256 1220 Ad
2277 1165 2390 1220 hac
2408 1163 2660 1219 Marcello
2681 1162 2896 1217 crimini
2921 1163 3011 1216 dat
3033 1159 3324 1220 Eusebius.
3353 1157 3498 1228 quod
3525 1155 3672 1210 dixe.

2106 1259 2200 1323 rit,
2232 1255 2468 1311 Verbum
2514 1255 2810 1326 ingenitum
2844 1269 2964 1310 esse
2996 1269 3060 1308 ac
3100 1261 3233 1307 tunc
3260 1252 3435 1306 solum
3481 1247 3674 1302 Filium

2108 1349 2203 1404 Dei
2238 1346 2438 1403 factum
2469 1346 2656 1410 fuisse,
2688 1363 2812 1401 cum
2832 1361 3049 1400 carnem
3069 1343 3367 1414 assumpsit
3385 1358 3450 1398 ex
3482 1340 3674 1394 Maria.

2109 1440 2309 1497 Verum
2334 1455 2438 1494 non
2465 1447 2550 1496 sat
2581 1438 2683 1494 sibi
2715 1447 2966 1494 constare
2989 1438 3205 1491 videtur
3226 1434 3524 1492 Eusebius:
3551 1447 3676 1487 nam

2111 1533 2164 1587 in
2195 1530 2466 1601 excerpt-is
2509 1530 2750 1586 Marcelli
2795 1546 2916 1600 quia
2948 1529 3121 1594 aiiert,
3153 1543 3350 1582 nomen
3402 1525 3587 1580 Patris
3624 1533 3680 1578 et

2110 1623 2256 1687 Filii,
2315 1622 2494 1677 Patris
2553 1623 2680 1676 item
2725 1631 2779 1677 et
2833 1620 3035 1684 Verbi,
3085 1621 3248 1675 etiam
3284 1635 3383 1690 pro
3437 1626 3678 1687 tempore

2112 1715 2442 1770 creationem
2487 1711 2837 1768 antecedente
2864 1713 3068 1782 passim
3099 1717 3424 1781 usurpatum
3453 1708 3676 1774 videas;

2117 1806 2220 1861 sub
2250 1805 2463 1860 initium
2494 1819 2625 1873 ergo
2654 1803 2749 1857 lib.
2791 1817 2832 1870 ι,
2870 1819 2925 1873 p.
2961 1803 2997 1856 4
3024 1810 3078 1857 et
3097 1803 3157 1864 ⁴5,
3193 1802 3333 1856 hanc
3361 1801 3514 1856 eﬂert
3539 1799 3680 1853 Mar-

2118 1897 2238 1952 celli
2264 1896 2586 1951 sententiam
2616 1914 2628 1947 :
2660 1896 2829 1964 Λόγον
2871 1896 3030 1950 αὑτὸν
3064 1896 3222 1966 μόνον
3253 1896 3428 1958 διδοὺς
3467 1891 3681 1965 ἡνωμέ-

2116 2004 2207 2039 νον
2235 1984 2313 2056 τῷ
2339 1984 2488 2055 Θεῷ·
2521 1985 2615 2040 καὶ
2655 1986 2811 2040 τοῦτο
2854 1981 2994 2040 εἶναι
3039 1987 3204 2040 ἀΐδιον
3249 1987 3341 2039 καὶ
3370 1985 3682 2056 ἀγέννητον,

2116 2079 2174 2131 ἓν
2196 2096 2256 2131 τε
2285 2074 2422 2132 εἶναι
2451 2079 2545 2132 καὶ
2573 2079 2734 2132 αὑτὸν
2761 2079 2838 2150 τῷ
2869 2079 3008 2150 Θεῷ,
3041 2080 3265 2150 ὀνόμασι
3294 2078 3390 2149 μὲν
3408 2078 3683 2148 διαφόροις

2117 2173 2328 2241 Πατρὸς
2375 2172 2468 2225 καὶ
2516 2171 2646 2224 Υἱοῦ
2691 2170 3112 2244 χρηματίζοντα,
3145 2173 3303 2243 οὐσίᾳ
3341 2172 3397 2225 δὲ
3434 2172 3527 2226 καὶ
3563 2173 3682 2226 ὑπο-

2119 2266 2302 2319 στάσει
2333 2265 2389 2318 ἓν
2421 2264 2569 2318 ὄντα.
2608 2263 2660 2318 Id
2691 2272 2808 2321 est:
2848 2261 3027 2333 Ipsum
3060 2264 3421 2319 tantummodo
3463 2261 3686 2319 Verbum

2117 2372 2229 2411 esse
2257 2357 2560 2417 concedens,
2591 2351 2696 2410 Deo
2727 2357 2930 2410 unitum
2955 2373 2973 2410 :
2995 2357 3266 2426 ipsumque
3297 2366 3552 2410 aeternum
3578 2373 3686 2410 esse

2117 2453 2167 2502 et
2210 2449 2536 2517 ingenitum;
2590 2463 2851 2518 unumque
2902 2463 3012 2502 esse
3037 2463 3152 2499 cum
3209 2447 3339 2508 Deo,
3389 2447 3686 2500 nominibus

2117 2538 2324 2609 quidem
2356 2539 2578 2593 diversis
2633 2538 2814 2593 Patris
2868 2549 2917 2594 et
2972 2537 3101 2591 Filii
3146 2549 3410 2601 vocatum,
3459 2541 3686 2594 essentia

2119 2648 2238 2686 vero
2278 2644 2326 2686 et
2364 2631 2635 2702 hypostasi
2687 2648 2869 2686 unum.
2912 2635 2972 2686 ln
3027 2631 3260 2687 Marcelli
3297 2634 3564 2703 excerptis
3619 2632 3688 2687 ab

2120 2720 2357 2776 Eusebio
2389 2721 2589 2783 allatis,
2624 2737 2838 2790 semper
2865 2723 2955 2777 ille
2997 2721 3171 2778 Patris
3193 2733 3247 2779 et
3274 2722 3436 2778 Vcrhi
3469 2723 3690 2778 nomine

2119 2812 2294 2865 utitur
2338 2830 2351 2865 :
2403 2810 2546 2866 unde
2602 2811 2816 2865 videtur
2877 2811 3145 2867 Eusebius
3200 2828 3266 2868 ex
3331 2811 3694 2884 consequenti

2122 2909 2331 2956 tantum
2363 2903 2503 2956 hanc
2533 2903 2761 2958 hmresin
2791 2902 3044 2958 Marcello
3075 2901 3349 2960 aliinxisse
3381 2924 3394 2959 :
3431 2905 3692 2959 nimirum

2122 2994 2204 3050 sic
2235 2995 2324 3050 ille
2357 2994 2675 3064 frequenter
2703 2996 2756 3049 in
2782 2995 2934 3050 libris
2965 3008 3150 3050 contra
3184 2996 3498 3051 Marcellum
3527 3012 3693 3067 argu-

2122 3095 2310 3142 tatur:
2351 3087 2407 3141 Si
2455 3085 2692 3142 Verbum
2739 3096 2822 3143 est
2858 3089 3046 3150 ἀῖδιον.
3096 3091 3516 3160 sempiternum,
3566 3089 3694 3143 inde

453 3183 569 3222 mus
617 3167 880 3221 hominem
932 3169 1002 3220 ad
1047 3167 1328 3237 imaginem
1377 3177 1425 3220 et
1475 3165 1870 3220 similitudinem
1921 3182 2017 3219 no-

2123 3178 2371 3249 sequitur
2412 3193 2520 3232 non
2557 3177 2728 3232 fuisse
2761 3170 3003 3248 genitum
3036 3197 3048 3234 :
3082 3195 3207 3233 nam
3238 3178 3380 3249 quod
3425 3179 3687 3249 gignitur,

451 3269 618 3312 stram
645 3272 664 3309 :
696 3276 714 3308 ι
741 3272 859 3310 cum
889 3274 990 3311 non
1021 3267 1153 3312 esset
1186 3258 1323 3312 alius
1351 3257 2021 3328 Deus,quicumilloe/]'or-

452 3367 596 3404 mare
624 3353 840 3419 posset?
868 3349 1006 3405 Hinc
1025 3350 1158 3404 mihi
1189 3351 1408 3420 planum
1441 3350 1678 3415 videtur,
1709 3349 2021 3405 Marcellum

451 3444 862 3500 distinctionem
914 3443 1053 3498 inter
1081 3442 1297 3497 Patrem
1343 3449 1397 3497 et
1425 3440 1664 3497 Verbum
1709 3441 2018 3508 admisisse,

451 3543 616 3606 atque
652 3536 818 3590 alium
868 3542 920 3589 et
958 3535 1123 3588 alium
1174 3533 1519 3588 exiStimasse
1552 3553 1566 3588 :
1601 3549 1880 3602 unumque
1929 3549 2020 3588 so-

451 3626 730 3682 lummodo
762 3641 1029 3696 negasse;
1059 3624 1308 3680 videlicet
1331 3623 1569 3679 Verbum
1599 3626 1767 3679 alium
1793 3640 1822 3678 a
1858 3624 2022 3681 Patre

451 3717 622 3773 Deum
646 3733 789 3780 esse,
825 3717 1095 3786 aliamque
1124 3716 1486 3770 substantiam
1514 3716 1786 3771 obtinere.
1821 3717 2025 3771 Verum

453 3809 746 3874 Eusebius,
782 3809 896 3879 qui,
931 3808 1010 3863 uti
1045 3808 1181 3863 alias
1209 3816 1694 3862 commonstratum
1721 3817 1826 3874 est,
1857 3810 2022 3863 aliam

453 3916 484 3955 a
514 3909 740 3971 paterna
771 3899 1045 3962 deitatem,
1079 3898 1346 3968 aliamque
1377 3899 1735 3954 substantiam
1761 3900 1816 3954 in
1839 3899 2024 3956 Verbo

453 3992 760 4054 constituit,
808 4006 873 4045 ex
916 3991 1271 4059 consequenti
1314 3990 1628 4044 Marcellum
1682 3992 2023 4048 damnaverit

456 4097 683 4138 necesse
707 4090 810 4144 est,
843 4082 934 4151 qui
968 4081 1254 4135 adversam
1304 4081 1430 4136 huic
1470 4083 1777 4151 opinionem
1818 4099 2022 4154 propu-

455 4182 585 4246 gnat
617 4192 628 4227 :
662 4172 808 4244 quod
841 4187 968 4227 vero
1001 4171 1187 4241 adjicit
1212 4170 1524 4227 Marcellum
1555 4182 1766 4243 putare,
1801 4173 2020 4229 Patrem

455 4275 509 4323 et
539 4266 774 4323 Verbum
807 4281 972 4320 unum
999 4274 1052 4320 et
1082 4265 1220 4321 idem
1256 4280 1400 4330 esse,
1440 4266 1681 4336 solisque
1710 4268 2026 4324 nominibus

456 4360 750 4430 distingui;
785 4359 836 4413 id
866 4359 954 4412 ille
987 4369 1094 4411 non
1135 4371 1200 4410 ex
1231 4358 1539 4427 perspicuis
1580 4358 1820 4414 Marcelli
1854 4358 2022 4414 dictis

454 4451 772 4522 comprobat
801 4469 814 4505 :
848 4450 942 4506 sed
994 4450 1118 4519 quia
1148 4451 1402 4511 astimat,
1444 4448 1661 4505 Patrem
1691 4461 1747 4506 et
1778 4449 2028 4504 Verbum-

455 4545 499 4599 si
532 4559 674 4598 unus
703 4551 756 4597 et
786 4541 924 4596 idem
951 4555 1176 4594 numero
1209 4539 1349 4596 Deus
1381 4541 1476 4606 sit,
1499 4557 1666 4594 unum
1700 4543 1864 4597 etiam
1898 4557 2020 4597 esse
2052 4526 2097 4582 Π

455 4633 754 4691 secundum
803 4631 937 4684 alias
982 4645 1172 4685 omnes
1202 4631 1464 4692 rationes,
1515 4631 1588 4683 ita
1623 4641 1681 4685 ut
1723 4632 1872 4684 nulla
1905 4632 2021 4685 dis-

454 4728 650 4781 tinctio
691 4723 1160 4793 deprehendatur;
1215 4722 1337 4776 ideo
1383 4721 1718 4785 Marcellum,
1777 4724 1869 4792 qui
1914 4723 2018 4777 Pa-

453 4824 588 4871 trem
615 4823 668 4870 et
697 4811 934 4867 Verbum
957 4828 1123 4867 unum
1156 4811 1323 4866 Deum
1351 4829 1624 4883 unamque
1651 4815 2017 4869 substantiam

452 4925 575 4965 esse
607 4906 867 4971 defendit,
917 4906 1123 4960 nullam
1167 4905 1390 4961 omnino
1424 4906 1527 4961 nisi
1571 4907 1852 4961 nominum
1908 4906 2022 4960 dis-

453 5003 764 5058 tinctionem
801 5002 1086 5059 admittere
1117 5003 1415 5058 contendit.
1469 5002 1524 5056 Si
1559 5017 1685 5056 vero
1725 5003 2014 5058 Marcellus

451 5111 577 5150 vere
604 5095 1009 5151 distinctionem
1039 5097 1181 5150 inter
1209 5095 1422 5151 Patrem
1471 5108 1525 5152 et
1569 5095 1805 5152 Verbum
1842 5097 2020 5152 admi-

452 5188 602 5251 serit,
632 5187 758 5242 hinc
787 5189 1021 5258 explices
1067 5191 1212 5246 illam
1261 5189 1354 5245 Dei
1415 5188 1592 5246 Patris
1635 5191 2013 5246 dilatationem

450 5289 504 5336 et
547 5283 945 5346 extensionem,
991 5298 1152 5354 quam
1187 5282 1496 5339 Marcellum
1527 5283 1783 5340 docuisse
1820 5285 2016 5340 testiﬁ-

450 5381 676 5429 cantur:
701 5372 960 5443 dicasque
981 5374 1026 5428 si
1046 5389 1169 5430 vere
1192 5373 1476 5430 Marcellus
1501 5375 1572 5429 ita
1597 5375 1814 5439 dixerit,
1838 5377 2014 5446 ipsum

450 5463 538 5517 his
561 5465 785 5519 vocibus
828 5465 962 5518 nihil
994 5466 1140 5520 aliud
1186 5465 1538 5524 intellexisse.
1569 5483 1732 5536 quam
1759 5469 2017 5525 emissio-

450 5566 575 5605 nem
617 5549 736 5606 Filii
768 5552 835 5606 ad
880 5555 1209 5607 creationem
1255 5555 1612 5625 peragendam
1649 5576 1661 5610 :
1698 5571 1862 5627 quam
1912 5558 2015 5613 SS.

449 5639 642 5696 Patres
671 5643 870 5711 passim
899 5644 1234 5712 exprimunt.
1276 5643 1428 5698 lianc
1472 5660 1604 5701 vero
1633 5645 2010 5705 dilatationem

523 5801 540 5832 ι
576 5794 747 5852 Exod.
778 5816 857 5862 ιιι,
887 5801 970 5854 Η.
1047 5803 1066 5833 ³
1093 5799 1224 5856 Gen.
1256 5817 1293 5866 ι,
1325 5800 1418 5854 9.6.

2124 3269 2393 3340 posterius
2445 3275 2529 3322 est
2574 3268 2670 3322 illo
2716 3269 2810 3337 qui
2839 3270 3031 3339 gignit,
3081 3285 3310 3339 vereque
3349 3269 3552 3322 dicitur
3581 3282 3690 3320 non

2123 3361 2294 3416 fuisse
2318 3366 2610 3429 antequam
2646 3360 2977 3430 gigneretur,
3011 3371 3173 3431 atque
3215 3362 3352 3416 adeo
3381 3363 3549 3416 ἀΐδιον
3577 3363 3694 3419 sive

2123 3458 2514 3526 sempiternum
2543 3470 2666 3510 esse
2687 3457 2893 3526 nequit.
2920 3457 3056 3510 Cum
3084 3471 3214 3527 ergo
3237 3455 3524 3512 Marcellus
3547 3456 3694 3512 dicat

2123 3545 2362 3602 Verbum
2411 3559 2534 3601 esse
2583 3545 2754 3598 ἀΐδιον
2812 3547 2932 3601 sive
2980 3548 3393 3617 sempiternum,
3440 3563 3550 3602 non
3603 3563 3695 3618 ge-

2124 3637 2300 3691 nitum
2331 3636 2500 3692 fuisse
2533 3640 2723 3692 credat
2768 3645 3003 3708 oportet.
3049 3637 3139 3694 Sic
3189 3639 3277 3695 ille
3307 3655 3432 3694 cum
3472 3640 3692 3696 Arianis

2123 3728 2385 3797 loquitur,
2419 3744 2531 3783 non
2563 3728 3001 3785 animadvertetis
3037 3746 3144 3784 non
3182 3732 3354 3802 magis
3386 3747 3694 3803 repugnare

2123 3820 2343 3876 Patrem
2377 3822 2446 3875 ab
2473 3828 2678 3876 aeterno
2709 3822 2950 3892 gignere,
2984 3838 3146 3892 quam
3183 3824 3250 3878 ab
3281 3831 3482 3878 teterno
3527 3839 3689 3879 esse:

2124 3927 2224 3968 nec
2270 3913 2732 3982 posterioritatem
2788 3915 2952 3967 ullam
2984 3915 3246 3984 temporis
3297 3916 3351 3969 in
3404 3914 3540 3969 Filio
3567 3915 3694 3969 inde

2125 4003 2332 4070 inferri,
2369 4005 2516 4075 quod
2545 4007 2798 4076 gignatur
2826 4024 2839 4059 :
2872 4020 2996 4060 nam
3020 4022 3141 4061 esse
3169 4017 3220 4062 et
3248 4009 3468 4077 gignere
3499 4007 3551 4061 in
3580 4007 3691 4060 Deo

2123 4094 2283 4151 Patre
2301 4097 2464 4154 simul
2495 4105 2620 4155 sunt
2649 4107 2702 4152 et
2724 4099 3118 4166 intelliguntur,
3138 4112 3237 4152 nec
3263 4099 3407 4151 aliud
3439 4099 3557 4152 sine
3580 4098 3690 4154 alio

2121 4172 2244 4244 esse
2273 4205 2512 4260 unquam
2557 4190 2768 4259 potuit;
2808 4197 2970 4259 atque
3011 4191 3144 4244 adeo
3193 4189 3389 4243 Filium
3421 4197 3687 4243 mternum

2123 4280 2347 4349 perinde
2391 4291 2553 4350 atque
2594 4280 2809 4334 Patrem
2854 4296 2995 4343 esse,
3029 4291 3088 4334 ut
3129 4294 3341 4350 semper
3385 4281 3568 4334 docuit
3596 4293 3691 4333 ca.

2122 4372 2321 4425 tholica
2337 4370 2600 4427 Ecclesia.
2629 4371 2782 4438 Quod
2811 4380 2988 4426 autem
3017 4379 3226 4443 spectat
3244 4373 3307 4426 ad
3328 4387 3515 4426 vocem
3539 4373 3695 4440 ἀγέν-

2123 4479 2301 4533 νητον,
2339 4479 2440 4517 non
2461 4464 2713 4533 genitum,
2747 4478 2908 4530 quam
2942 4462 3122 4517 Verbo
3151 4463 3349 4518 ascribi
3379 4479 3407 4517 a
3437 4461 3695 4517 Marcello

2128 4554 2450 4609 testiﬁcatur
2497 4553 2786 4616 Eusebius,
2834 4553 2944 4608 duo
2974 4555 3318 4624 potissimum
3358 4562 3486 4608 sunt
3517 4554 3696 4607 consi-

2129 4647 2370 4701 deranda
2404 4665 2418 4700 :
2451 4647 2628 4715 primo
2656 4645 2872 4716 quidem
2922 4663 3029 4701 non
3075 4648 3261 4702 haberi
3304 4649 3450 4702 illam
3495 4649 3550 4702 in
3595 4662 3695 4702 ex-

2128 4739 2331 4807 cerptis
2382 4737 2621 4792 Marcelli
2657 4753 2778 4809 quae
2809 4738 2963 4794 aliert
3008 4738 3310 4805 Eusebius;
3358 4738 3585 4808 proinde
3614 4743 3698 4789 vi-

2127 4831 2246 4885 deri
2275 4845 2342 4884 ex
2385 4831 2701 4900 conjectura
2730 4841 2784 4886 et
2811 4834 3196 4902 consequentia
3234 4832 3487 4886 Marcello
3523 4833 3698 4886 ascri-

2128 4929 2276 4991 ptam
2327 4919 2518 4984 fuisse,
2556 4922 2682 4991 quia
2722 4923 2970 4977 videlicet
3023 4939 3091 4978 ex
3142 4922 3360 4977 Eusebii
3403 4923 3698 4978 ratiocinio

2129 5013 2379 5083 superius
2409 5015 2593 5078 allato,
2627 5014 2770 5084 quod
2799 5013 2967 5067 ἀΐδιον
3012 5016 3128 5070 sive
3158 5021 3419 5068 aeternum
3450 5023 3556 5074 est,
3587 5029 3696 5067 non

2127 5113 2306 5175 potest
2349 5121 2469 5160 esse
2513 5107 2777 5176 genitum.
2831 5104 3082 5161 Secundo
3129 5113 3309 5160 autem
3355 5115 3567 5160 certum
3615 5111 3700 5158 est

2127 5198 2357 5253 Arianos
2399 5198 2453 5252 in
2486 5199 2714 5254 vocibus
2755 5199 3036 5269 ἀγένητον,
3074 5215 3177 5252 non
3207 5197 3430 5266 factum,
3454 5205 3510 5251 et
3537 5198 3697 5265 ἀγέν-

2126 5306 2304 5360 νητον,
2353 5307 2454 5344 non
2476 5293 2730 5361 genitum,
2780 5306 2996 5361 semper
3023 5291 3243 5353 lusisse,
3288 5297 3348 5344 ut
3393 5289 3698 5345 sexcenties

2127 5380 2268 5448 apud
2299 5380 2660 5435 Athanasium
2689 5382 2965 5435 observes.
3002 5379 3162 5445 Nam,
3195 5381 3321 5450 quia
3356 5379 3520 5435 Pater
3548 5379 3699 5434 solus

2127 5471 2439 5543 ἀγέννητος.
2491 5476 2605 5528 sive
2642 5490 2744 5526 non.
2780 5475 3004 5543 genitus,
3039 5483 3144 5540 est,
3197 5474 3493 5529 fatentibus
3532 5473 3695 5526 etiam

2127 5563 2456 5630 Catholicis;
2505 5565 2579 5618 illi
2621 5581 2754 5620 voce
2780 5568 3074 5639 ὰγέννητος
3110 5575 3166 5620 et
3207 5566 3469 5637 ἀγένητος
3500 5559 3702 5634 promi-

2129 5670 2259 5710 scue
2303 5665 2355 5711 et
2401 5655 2629 5711 subdole
2689 5664 2922 5720 utentes,
2955 5657 3152 5714 Filium
3194 5673 3302 5713 non
3341 5669 3464 5712 esse
3510 5653 3701 5722 ἀγένη-
