4138 6434
403 386 533 440 1291

1639 372 1731 428 DE
1760 367 1924 425 VITA
1962 365 2050 419 ET
2093 362 2412 421 SCRIPTIS

3519 356 3544 408 1
3555 355 3660 409 299.

402 508 696 560 accusatus
739 499 938 561 fuerat,
970 493 1216 551 eamdem
1248 484 1552 558 discipulus
1597 486 1776 556 palam
1807 483 1981 538 dissc-
2012 485 2059 539 Α
2085 475 2204 530 Νοη
2241 476 2409 529 alium
2446 488 2577 529 sane
2621 473 2823 528 librum
2870 469 3087 525 videtur
3121 482 3348 539 carpere
3380 466 3655 522 Basilius:

404 596 657 650 minaret.
724 590 861 644 llinc
908 585 1096 641 multis
1155 588 1445 651 suspectus
1509 576 1798 631 Marcellus
1860 588 1983 628 esse

405 684 596 755 erepit,
627 681 770 752 quod
803 684 1061 751 putarent
1089 673 1387 728 Photinum
1412 684 1599 725 eorum
1630 668 1983 736 interpretem

404 753 584 848 agere,
635 789 757 845 quae
806 769 1097 827 Marcellus
1145 765 1339 821 doctor
1386 762 1615 817 obscure
1660 764 1714 813 et
1757 753 1984 810 subdole

403 869 744 940 scripsisset.

639 979 703 1030 ll.
729 977 783 1027 In
804 974 1062 1037 colloquiis
1085 981 1280 1020 errores
1298 965 1534 1030 sparsisse
1553 966 1767 1025 putatur.

474 1086 595 1140 Alia
630 1084 762 1138 item
785 1077 1077 1136 intervenit
1096 1069 1410 1143 suspicaudi
1426 1066 1644 1124 occasio
1660 1082 1675 1131 ;
1694 1060 1985 1117 Marcellus

408 1179 558 1236 enim
579 1194 713 1232 nova
733 1172 977 1246 quazdam
1001 1172 1234 1229 miscere,
1257 1174 1305 1219 et
1322 1161 1578 1231 ambiguis
1594 1152 1986 1227 prtedicationi-

410 1272 529 1334 bus,
576 1267 689 1338 ejus
727 1267 783 1320 in
814 1279 971 1336 quam
1017 1258 1276 1315 Photinus
1310 1253 1505 1322 erupit,
1534 1249 1793 1303 doctrina:
1843 1248 1984 1300 viam

416 1378 644 1437 quaerere
672 1357 1016 1429 deprehensus
1060 1358 1137 1405 est
1166 1348 1266 1421 (i).
1298 1345 1475 1437 liomo
1500 1343 1702 1414 quippe
1731 1337 1985 1437 garrulus

411 1426 939 1523 etloquacissimus,
991 1448 1053 1497 ut
1109 1439 1272 1494 habet
1332 1434 1623 1498 Eusebius,
1659 1438 1714 1486 et
1763 1444 1829 1484 es
1865 1426 1986 1497 ejus

410 1562 534 1617 qua:
563 1519 856 1613 supersunt
884 1531 1204 1605 fragmentis
1248 1527 1436 1582 videre
1463 1536 1569 1589 est,
1606 1522 1733 1577 dum
1765 1519 1820 1573 in
1856 1532 1989 1589 quo-

409 1610 648 1692 tidianis’
688 1614 1118 1685 fabulationibus
1167 1628 1221 1677 et
1263 1617 1575 1687 colloquiis,
1598 1612 1890 1669 obscurius
1929 1610 1987 1663 in

409 1728 591 1785 libello
621 1723 822 1779 tradita
853 1718 1197 1789 explanaret,
1225 1713 1293 1768 ad
1318 1727 1437 1767 eam
1470 1723 1634 1780 quam
1679 1707 1733 1761 in
1765 1701 1987 1777 synodis

410 1820 655 1876 Romana
684 1824 738 1871 et
773 1809 1098 1867 Sardiceusi
1121 1804 1525 1876 repudiaverat,
1556 1798 1870 1868 opinionem
1899 1810 1989 1849 re—

406 1911 591 1969 cidere
617 1907 757 1962 forte
773 1900 1232 1972 comperiebatur.
1267 1894 1405 1949 Hinc
1436 1893 1565 1955 late,
1595 1905 1691 1959 per
1708 1885 1988 1943 Orientem

409 2004 665 2067 maxime,
711 2012 939 2070 sparsus
990 2007 1180 2048 rumor
1214 1985 1530 2043 Marcellum
1564 1982 1728 2051 impie
1757 1978 1825 2034 de
1850 1976 1989 2032 Filio

412 2098 505 2153 Dei
529 2094 752 2156 sentire,
779 2089 1078 2156 eademque
1111 2084 1229 2153 ipsa
1268 2080 1467 2134 docere
1502 2089 1625 2144 qua:
1664 2074 1720 2126 in
1758 2070 1990 2124 Ariano-

410 2282 514 2337 fuit
546 2278 792 2334 omnium
830 2272 899 2327 de
929 2267 1188 2323 Marcello
1223 2260 1529 2324 sententia;
1568 2270 1717 2321 nam,
1752 2251 1990 2324 Epipha-

410 2375 502 2429 nio
542 2378 704 2432 teste,
753 2364 909 2420 multi
957 2376 1055 2433 pro
1108 2355 1364 2412 Marcello
1399 2349 1743 2416 stabant,;in
1786 2345 1991 2416 quibus

409 2466 676 2522 Paulinus
723 2456 1102 2514 Antiucbenus
1159 2449 1453 2520 episcopus
1498 2463 1511 2498 :
1561 2442 1724 2511 idque
1773 2439 1989 2509 signum

411 2567 496 2615 est
529 2554 906 2613 manifestum,
954 2561 1065 2602 non
1109 2543 1286 2614 palam
1330 2547 1385 2593 et
1429 2541 1617 2605 aperte
1676 2529 1991 2586 Marcellum

411 2650 575 2720 impia
603 2642 900 2717 protulisse
923 2639 1175 2708 dogmata
1195 2652 1210 2701 ;
1228 2631 1323 2688 sed
1346 2630 1422 2683 ita
1450 2626 1706 2699 perplexe
1725 2625 1992 2687 locutum,

412 2714 627 2799 uthinc
657 2736 977 2807 opinionum
1024 2728 1169 2783 facta
1199 2726 1311 2781 sint
1348 2720 1614 2785 divortia;
1643 2716 1764 2771 aliis
1812 2714 1997 2769 catho-

413 2838 535 2899 lice,
564 2843 819 2904 perverse
856 2832 912 2881 et
956 2821 1121 2891 impie
1165 2817 1289 2874 aliis
1332 2814 1539 2871 sentire
1574 2812 1758 2866 virum
1804 2814 1997 2879 putan-

411 2927 583 2982 tibus.

414 3059 500 3111 IK.
526 3056 822 3111 Athanasius
860 3066 975 3103 eum
1013 3051 1392 3158 prohsqqucto,
1417 3041 1628 3094 Basilius
1652 3053 1742 3104 pro
1762 3038 1997 3089 haeretica

1147 3125 1172 3158 a
1210 3124 1237 3157 u
1286 3144 1297 3156 .

1147 3124 1297 3159 aDUll.

487 3203 681 3259 Gravis
720 3202 846 3254 item
873 3194 1129 3251 Marcello
1160 3191 1291 3246 hinc
1332 3196 1488 3260 parta
1509 3183 1715 3241 invidia
1751 3182 1988 3247 videtur,
2021 3161 2065 3219 α

416 3312 540 3352 cum
576 3294 686 3348 duo
729 3288 987 3345 Ecclesiae
1037 3285 1244 3341 lumina
1292 3278 1626 3335 Athanasius
1662 3283 1717 3332 et
1756 3274 1992 3330 Basilius

415 3403 601 3444 errore
630 3384 895 3439 infectum
924 3378 1200 3434 hominem
1233 3371 1499 3445 suspicati
1531 3376 1678 3426 sunt.
1726 3365 1802 3422 De
1830 3366 1995 3419 Atha-

418 3480 575 3537 nasio
609 3480 809 3549 quippe
835 3476 952 3529 hzec
989 3470 1311 3529 testificatur
1350 3463 1689 3538 Epiphanius
1715 3458 1993 3532 εἮρόμην

413 3576 473 3630 δὲ
498 3574 659 3637 αὐτὸς
690 3570 800 3639 ἐγὼ
825 3568 1000 3641 χρόνῳ
1022 3566 1132 3620 τινὶ
1160 3563 1251 3617 τὸν
1279 3560 1588 3633 μακαρίτην
1613 3555 1799 3610 πάπαν
1837 3551 1994 3606 Ἀθα-

417 3668 600 3722 νὰσιον
625 3665 754 3736 περὶ
772 3660 964 3715 τούτου
992 3656 1086 3712 τοῦ
1115 3652 1460 3727 Μαρκέλλου,
1484 3650 1601 3713 πῶς
1633 3647 1710 3736 ἂν
1726 3644 1837 3717 ἔχοι
1863 3641 1993 3736 pi.

418 3755 606 3813 αὐτοῦ.
664 3733 725 3807 ’ὁ
765 3752 821 3805 δὲ
868 3748 990 3804 οὔτε
1043 3742 1599 3818 ὑπεραπελογήσατο,
1655 3735 1778 3791 οὔτε
1830 3733 1993 3787 πάλιν

419 3848 557 3921 πρὸς
585 3844 748 3901 αὑτὸν
772 3840 1025 3912 ἀπεχθῶς
1052 3836 1256 3909 ⁴ὴνὲχθη
1274 3853 1287 3865 ·
1314 3833 1473 3906 μόνον
1505 3831 1561 3884 δὲ
1584 3829 1673 3883 διὰ
1698 3826 1795 3880 τοῦ
1827 3840 1996 3896 προσ-

415 3916 567 3995 deum
616 3936 900 4010 μειδιάσας
962 3931 1229 4002 ὑπέφηνε,
1294 3924 1618 4010 μοχθηρίαςγ
1652 3920 1727 3991 μὴ
1766 3916 1995 4010 μακρὰν

418 4027 582 4084 αὑτὸν
617 4007 787 4088 ⁷εἶναι,
819 4023 914 4077 καὶ
945 4021 1021 4085 ὡς
1051 4015 1533 4087 ἀπολογησάμενον
1576 4009 1708 4081 εἶχε.
1764 4007 1821 4061 Id
1867 4015 1993 4061 est:

419 4119 557 4176 Cum
589 4115 877 4189 aliquando
921 4113 1129 4167 beatum
1156 4125 1351 4181 papam
1389 4105 1737 4159 Athanasium
1770 4100 1998 4154 interro-

416 4225 622 4285 garem,
649 4206 774 4279 quid
800 4204 866 4260 de
895 4202 1151 4259 Marcello
1185 4200 1537 4262 existimaret,
1567 4194 1660 4249 ille
1684 4207 1843 4263 neque
1864 4204 1996 4259 pur-

419 4284 560 4372 gavit
592 4299 874 4365 hominem,
915 4311 1076 4367 neque
1109 4310 1226 4349 vero
1262 4292 1499 4363 asperius
1527 4288 1727 4344 notavit
1758 4301 1776 4339 :
1805 4285 1895 4339 sed
1923 4284 1998 4337 le-

420 4396 559 4451 niter
599 4392 862 4456 arridens,
912 4405 1017 4443 non
1063 4386 1287 4441 multum
1324 4384 1389 4437 ab
1429 4380 1764 4452 improbitate
1807 4376 2001 4431 abhor-

366 4558 371 4561 τ
421 4489 594 4544 ruisse
634 4483 954 4557 signiﬁcavit
985 4499 1002 4535 :
1033 4490 1083 4535 et
1112 4481 1167 4534 in
1213 4493 1393 4533 eorum
1434 4476 1569 4542 loco,
1603 4474 1694 4545 qui
1731 4478 2000 4539 sese'par—

417 4586 655 4655 gassent,
688 4576 894 4631 habuit.
941 4573 1127 4644 Longe
1159 4572 1341 4626 acrior
1369 4568 1631 4631 Basilius,
1679 4562 1996 4618 Marcellum

419 4689 523 4745 pro
571 4671 827 4727 haeretica
879 4669 1064 4735 habet,
1122 4664 1243 4735 ejus
1285 4663 1620 4733 impietatem
1669 4657 1886 4711 Arianae
1930 4670 1998 4709 ex

420 4765 692 4822 diametro
738 4760 1047 4832 oppositam
1094 4755 1352 4821 aestimat,
1401 4749 1773 4807 damnandum
1821 4746 1998 4802 homi-

421 4857 627 4912 minem
661 4859 871 4918 censet,
902 4852 1029 4922 quia
1058 4849 1383 4920 unigenitum
1418 4846 1628 4917 quidem
1656 4842 1765 4896 dici
1790 4839 2001 4895 uerbum

422 4949 610 5013 tradit,
644 4956 904 5022 quatenus
934 4943 1007 4998 ad
1052 4958 1207 4996 usum
1253 4949 1303 4996 et
1352 4939 1420 4994 ad
1467 4947 1668 5007 tempus
1703 4931 1897 5004 prodit,
1941 4945 2004 4984 ac

421 5058 609 5097 rursus
636 5039 707 5097 ad
732 5055 853 5094 eum
873 5052 940 5091 ea:
970 5053 1072 5107 quo
1104 5034 1298 5103 prodiit
1329 5032 1607 5087 revertitur
1632 5045 1651 5083 :
1684 5043 1843 5097 neque
1883 5031 2007 5078 ante

420 5148 708 5211 egressum,
739 5147 878 5196 esse,
926 5145 1018 5183 nec
1045 5137 1163 5198 post
1211 5142 1528 5199 regressum,
1572 5121 1858 5178 subsistere
1903 5118 2001 5171 ait.

334 5232 340 5243 '
423 5209 591 5295 Cuius
616 5225 691 5279 rei
719 5230 1088 5295 argumentum
1126 5230 1248 5275 sunt
1280 5219 1474 5290 iniquae
1503 5217 1651 5271 illius
1684 5209 2003 5285 syngrapha

382 5319 572 5407 ’iIibri.
603 5320 812 5374 Caetera
854 5314 1113 5388 superius
1154 5314 1317 5367 allata
1364 5318 1513 5367 sunt.
1540 5308 1662 5363 1am
1691 5321 1821 5362 vero
1854 5318 2007 5374 quae-

426 5425 583 5467 ratur
613 5428 742 5467 num
777 5410 966 5482 iniqua
1015 5408 1106 5463 illa
1159 5406 1472 5478 συγγραφή,
1522 5416 1686 5473 quam
1740 5402 2009 5453 memorat

427 5503 883 5567 Basilius,'idem.
917 5506 1034 5576 ipse
1066 5502 1206 5557 liber
1241 5500 1332 5563 sit,
1385 5496 1482 5567 qui
1529 5497 1582 5550 in
1631 5492 1857 5565 synodis
1898 5490 2009 5543 Ro-

430 5612 591 5655 mana
633 5608 685 5652 et
725 5597 1041 5654 Sardicensi
1082 5611 1271 5653 errore
1301 5606 1510 5649 vacuus
1542 5589 1853 5646 declaratus
1899 5591 2006 5640 est.

500 5800 579 5872 (1)
617 5797 788 5854 Hilar.
826 5800 1039 5869 Fragm.

2086 581 2195 621 non
2241 567 2439 635 legitur
2500 563 2647 619 enim
2700 561 3018 617 Marcellum
3074 559 3240 613 alium
3296 556 3537 612 edidisse
3591 556 3654 609 li-

2084 657 2267 721 brum,
2319 670 2482 726 quam
2531 655 2682 708 illum
2720 663 2913 709 contra
2959 652 3260 716 Asterium,
3304 648 3393 704 cui
3442 648 3659 707 titulus,

2085 748 2162 803 De
2183 749 2511 818 subjectione
2545 746 2782 811 Domini,
2816 754 2955 801 teste
3002 743 3229 798 Hilario.
3275 742 3479 798 Verum
3517 741 3663 795 dicet

2084 842 2383 913 quispiam,
2429 856 2500 895 an
2542 840 2781 895 Basilius
2814 838 3133 894 ltaareticum
3180 851 3243 890 ac
3288 832 3658 891 damnandum

2085 933 2288 986 librum
2332 936 2576 993 censeat,
2610 930 2703 999 qui
2742 929 2798 983 iu
2840 926 3065 1000 synodis
3097 925 3344 979 Romana
3377 932 3432 979 et
3472 922 3663 977 Sardi-

2085 1023 2237 1078 censi
2295 1029 2359 1075 ut
2418 1019 2758 1075 orlhodoxus
2801 1019 3075 1075 admissus
3107 1016 3287 1072 fuerit.
3324 1015 3460 1070 lluic
3501 1030 3666 1086 argu-

2086 1122 2272 1171 mento
2315 1121 2375 1169 ut
2430 1123 2799 1177 occurratur,
2845 1112 3141 1182 repetenda
3184 1111 3276 1164 illa
3327 1124 3447 1180 qua:
3496 1122 3663 1178 supra

2087 1207 2349 1272 diximus,
2390 1205 2706 1261 Marcellum
2757 1205 3015 1260 videlicet
3060 1205 3137 1258 ita
3198 1218 3311 1258 rem
3359 1212 3667 1287 temperare

2088 1295 2355 1366 potuisse,
2395 1302 2455 1349 ut
2477 1293 2781 1376 dicta.ejus
2811 1302 3034 1364 possent
3066 1292 3121 1346 in
3157 1292 3355 1346 bonam
3396 1292 3667 1344 malamve

2088 1397 2297 1457 partem
2334 1384 2567 1441 deﬂecti.
2601 1385 2740 1440 Cum
2767 1391 2949 1440 autem
2972 1383 3063 1439 ille
3093 1378 3429 1454 synodorum
3457 1380 3665 1450 judicio

2088 1494 2331 1549 praesens
2360 1493 2582 1534 causam
2620 1478 2962 1541 defenderet,
2995 1484 3049 1532 et
3087 1490 3276 1531 sanam
3315 1473 3659 1528 catholicam

2089 1586 2196 1641 que
2227 1569 2498 1624 dictorum
2529 1576 2765 1623 mentem
2794 1575 3079 1634 tueretur;
3129 1563 3232 1619 SS.
3267 1562 3485 1627 Patres,
3519 1562 3667 1633 quod

2090 1665 2294 1719 nullam
2330 1663 2468 1719 liber
2502 1663 2834 1732 impietatem
2865 1660 3041 1730 palam
3074 1667 3127 1714 et
3158 1673 3271 1728 prae
3304 1672 3363 1713 se
3388 1655 3576 1720 ferret,
3614 1664 3669 1709 et

2090 1758 2251 1814 etiam
2282 1758 2403 1826 ejus
2427 1754 2698 1810 catholice
2728 1759 2977 1822 possent,
3015 1758 3072 1805 ut
3117 1748 3411 1803 Marcellus
3437 1754 3669 1801 conten—

2019 1823 2063 1878 Β
2087 1852 2272 1914 debat,
2300 1849 2495 1918 accipi,
2531 1854 2590 1901 ut
2620 1846 2892 1900 insontem
2925 1858 3050 1897 cum
3080 1836 3221 1896 libro
3257 1846 3372 1894 suo‘
3391 1839 3666 1893 hominem

2090 1943 2403 1999 absolutum
2456 1939 2805 1994 dimiserunt.
2854 1935 2991 1989 Nam
3046 1934 3175 2004 quid
3208 1948 3336 1989 vere
3382 1934 3438 1987 in
3485 1932 3668 1988 animo

2090 2036 2334 2091 volveret
2366 2033 2680 2097 Marcellus,
2727 2030 2857 2102 quid
2900 2030 3019 2093 imo.
3056 2038 3276 2098 pectore
3316 2025 3571 2091 sentiret,
3612 2025 3672 2083 i1

2092 2127 2257 2182 unius
2290 2125 2386 2181 Dei
2408 2125 2620 2195 judicio
2650 2121 3091 2193 permittebatur.
3119 2118 3231 2172 Sub
3255 2119 3391 2183 hzec,
3422 2124 3481 2172 ut
3517 2116 3671 2174 arbi-

2090 2220 2379 2274 trabantur
2439 2216 2640 2282 multi,
2693 2230 2818 2269 cum
2875 2212 2930 2266 in
2967 2211 3327 2265 familiaribus
3380 2208 3673 2279 colloquiis

2094 2308 2384 2364 Marcellus
2416 2306 2565 2360 dicta
2604 2319 2703 2360 sua
2740 2300 3042 2359 secundum
3088 2299 3400 2354 haereticam
3433 2304 3672 2352 mentem

2094 2402 2382 2472 discipulis
2415 2399 2757 2469 explanaret,
2805 2395 3038 2466 ejusque
3080 2393 3159 2446 rei
3193 2390 3335 2444 fama
3370 2390 3481 2443 late
3517 2403 3673 2459 vaga-

2094 2503 2268 2559 retur,
2303 2501 2436 2547 tunc
2467 2491 2688 2545 demum
2724 2488 2950 2543 subdole
2981 2496 3163 2540 actum
3206 2482 3464 2537 Marcello
3498 2482 3673 2536 credi-

2094 2595 2209 2640 tum
2238 2591 2344 2646 est,
2381 2583 2607 2652 ipseque
2639 2580 2723 2634 sui
2751 2580 3024 2647 interpres
3058 2576 3256 2629 librum
3286 2587 3458 2643 prava
3496 2581 3672 2626 mente

2096 2674 2473 2744 conscriptum
2505 2672 2818 2726 declarasse
2849 2669 3086 2723 videtur.
3134 2665 3249 2721 Etsi
3280 2679 3448 2735 porro
3482 2678 3567 2719 res
3612 2664 3666 2715 in

2096 2768 2263 2823 dubio
2288 2777 2560 2828 versetur,
2584 2779 2714 2818 num
2747 2778 2872 2818 vcrc
2901 2760 3189 2815 Marcellus
3218 2759 3274 2812 in
3295 2772 3440 2823 eam,
3477 2755 3541 2811 de
3564 2770 3673 2827 qua

2097 2861 2419 2932 plerumque
2459 2867 2748 2913 accusatus
2801 2854 2924 2918 fuit,
2985 2853 3323 2923 impietatem
3366 2849 3675 2905 deciderit:

2099 2969 2225 3009 nam
2252 2968 2378 3008 cum
2410 2950 2749 3023 Epiphanius
2779 2947 3035 3002 Marcello
3065 2945 3315 3015 a-qualis,
3348 2943 3535 2999 varias
3574 2941 3678 2996 hac

2099 3047 2166 3101 de
2203 3060 2263 3101 re
2293 3043 2724 3099 orthodoxorum
2761 3038 3064 3096 sententias
3110 3045 3242 3091 tunc
3274 3035 3447 3090 fuisse
3481 3031 3676 3089 testiﬁ-

2100 3146 2277 3201 cetur,
2318 3151 2423 3192 nec
2450 3135 2649 3189 audeat
2678 3136 2795 3203 ipse
2823 3132 3145 3186 alterutram
3191 3129 3248 3183 in
3281 3135 3487 3200 partem
3544 3139 3678 3180 cou-

2101 3230 2315 3294 cedere,
2354 3227 2486 3298 quid
2513 3241 2807 3298 possumus
2839 3239 2942 3279 nos
2974 3231 3053 3277 tot
3083 3221 3152 3275 ab
3182 3220 3307 3275 inde
3335 3217 3541 3288 elapsis
3578 3231 3680 3272 saa-

2100 3323 2240 3378 culis
2274 3319 2593 3377 aestimare?
2634 3332 2798 3389 grave
2830 3324 3012 3370 tamen
3064 3322 3452 3384 argumentum
3485 3318 3679 3365 contra

2101 3412 2414 3468 Marcellum
2443 3411 2573 3464 hinc
2603 3410 2837 3472 eruitur,
2888 3406 3034 3476 quod
3069 3406 3206 3459 tanti
3240 3403 3496 3459 doctores
3527 3402 3681 3458 Basi—

2099 3506 2210 3561 lius
2259 3511 2314 3559 et
2365 3500 2723 3567 Athanasius,
2764 3499 2966 3570 quibus
2997 3512 3107 3551 non
3155 3496 3316 3551 facile
3362 3503 3481 3550 erat
3514 3494 3681 3550 verba

2101 3598 2256 3663 dare,
2285 3611 2409 3652 eum
2465 3594 2551 3649 vel
2585 3608 2814 3664 prorsus
2863 3591 3208 3654 hacreticum,
3262 3588 3344 3643 vel
3387 3585 3682 3643 admodum

2103 3696 2419 3761 suspectum
2458 3686 2769 3741 habuerint.

2102 3822 2182 3874 IV.
2209 3821 2473 3872 Marcellus
2503 3825 2557 3870 et
2586 3819 2887 3869 Marcelliani
2930 3820 2982 3867 in
3010 3818 3124 3867 ﬁdei
3157 3815 3550 3880 professionibus
3592 3827 3675 3867 ca-

2646 3882 2829 3930 tholice
2852 3883 3142 3942 loquuntur.

2176 4013 2247 4068 Ut
2313 4021 2376 4068 ut
2436 4013 2510 4067 sit
2554 4012 2622 4068 de
2689 4011 2933 4067 Marcelli
2980 4010 3280 4077 opinione,
3336 4009 3681 4080 exploratum

2105 4122 2239 4162 sane
2280 4116 2366 4162 est
2410 4121 2536 4163 cum
2580 4106 2760 4169 illum,
2810 4114 2926 4158 tum
2973 4104 3276 4174 discipulos
3316 4102 3437 4171 ejus
3471 4101 3527 4155 in
3555 4099 3682 4155 fidei

2105 4196 2357 4254 formulis
2403 4213 2545 4268 quas
2585 4197 2857 4262 obtulere,
2898 4196 2992 4251 ubi
3037 4197 3143 4252 sibi
3179 4195 3480 4264 ascriptum
3524 4206 3682 4247 erro.

2105 4306 2220 4346 rem
2246 4292 2510 4347 damnant
2541 4298 2595 4346 et
2624 4290 2938 4360 repudiant,
2967 4305 3078 4344 non
3110 4287 3495 4359 pmnitentium
3526 4293 3581 4340 et
3605 4300 3685 4339 re-

2107 4382 2486 4452 sipiscentium
2527 4397 2682 4438 more
2744 4382 2801 4436 id
2849 4396 3042 4453 agere;
3100 4379 3196 4437 sed
3236 4379 3419 4434 addita
3465 4392 3686 4448 semper

2107 4481 2365 4536 cautione
2404 4479 2850 4536 adversariorum
2895 4479 3205 4534 calumnias
3251 4476 3548 4546 depellere,
3582 4488 3687 4529 nec
3745 4539 3755 4549 ,

2104 4588 2163 4629 se
2185 4573 2260 4627 ita
2289 4573 2526 4629 sentisse
2582 4571 2852 4626 conﬁteri.
2874 4570 2930 4624 Id
2963 4572 3221 4627 observes
3256 4567 3401 4639 apud
3444 4567 3687 4639 Epipha—

2100 4662 2252 4718 nium
2302 4664 2359 4717 in
2407 4660 2664 4715 Formula
2696 4661 2818 4716 fidei
2865 4660 3128 4728 Marcelli,
3156 4658 3306 4714 Julio
3346 4658 3551 4721 oblata,
3595 4657 3687 4711 ubi

2103 4759 2151 4811 is
2182 4771 2242 4811 se
2267 4756 2341 4808 ita
2373 4755 2617 4809 sensisse
2651 4762 2814 4823 negat
2843 4759 2902 4807 ut
2926 4753 3114 4807 Ariani
3146 4751 3473 4807 dictitabant
3504 4767 3518 4803 :
3550 4752 3694 4805 etin

2104 4848 2386 4903 luculenta
2419 4844 2542 4901 fidei
2578 4844 2811 4900 formula
2854 4845 2910 4900 in
2939 4845 3211 4915 legatione
3243 4842 3494 4913 Eugenii,
3522 4855 3692 4911 quam

2106 4956 2256 4997 nunc.
2284 4941 2522 5011 primum
2553 4957 2584 4995 e
2618 4939 2858 4995 tenebris
2890 4940 3159 5001 eruimus,
3192 4937 3275 4991 sic
3304 4936 3540 5006 legitur:
3576 4931 3695 4986 llicb

2106 5049 2205 5104 que
2244 5034 2383 5087 enim
2433 5047 2701 5086 censemus
2740 5031 2908 5084 alium
2956 5046 3069 5084 esse
3098 5027 3323 5091 Filium,
3373 5026 3542 5079 alium
3579 5040 3697 5078 esse

2119 5124 2368 5189 Verbum,
2405 5138 2462 5178 ut
2495 5123 2712 5195 quidam
2758 5138 2853 5176 nos
2896 5123 3092 5175 sentire
3124 5119 3332 5174 mentiti
3362 5125 3486 5171 sunt
3516 5132 3535 5169 :
3562 5116 3692 5170 item

2110 5219 2167 5273 in
2204 5218 2564 5289 Expositione
2604 5217 2729 5272 ﬁdei
2782 5214 2851 5269 ad
2902 5215 3363 5272 Dioca'sarieuses
3402 5214 3694 5283 episcopos

2110 5313 2316 5376 oblata,
2354 5313 2509 5366 aiunt
2557 5309 2898 5364 Marcelliani
2950 5324 3010 5363 se
3054 5309 3287 5364 libenter
3310 5306 3569 5361 Patrihus
3607 5320 3696 5359 re-

2111 5406 2387 5476 Spondere
2428 5402 2865 5465 sciscitantibus,
2904 5409 2964 5454 ut
3000 5400 3140 5455 falso
3179 5401 3361 5454 oblata
3392 5397 3494 5452 sibi
3523 5404 3698 5452 teme-

2113 5506 2246 5553 rata:
2292 5497 2579 5570 religionis
2614 5494 2850 5551 crimina
2881 5494 3292 5564 propulsarent,
3334 5490 3424 5545 διὰ
3460 5489 3697 5560 μάλιστα

2112 5591 2238 5658 τοὺς
2262 5589 2623 5661 βουλομένους
2662 5584 2913 5658 ματαίως
2941 5582 3191 5655 θρυλλεῖν
3224 5582 3355 5654 περὶ
3383 5579 3543 5652 ἡμῶν
3574 5594 3699 5634 τινα
