4138 6420
464 433 600 486 {sas

460 644 822 699 orthodoxam
859 646 1188 700 sententiam
1216 643 1339 700 ﬁdei
1369 645 1633 702 formulas
1664 663 1794 702 suas
1820 664 2034 718 semper

461 736 868 799 concinnarint,
916 747 969 791 et
1015 737 1237 792 aliunde
1271 753 1301 792 a
1345 739 1535 794 multis
1571 749 1886 795 sanctorum
1931 741 2036 796 Pa-

462 845 606 886 trum
642 830 898 886 Marcello
948 829 1239 900 aequalium
1279 846 1377 901 pro
1407 831 1682 887 hiereticis
1713 833 1798 886 vel
1841 849 2035 903 suspe-

461 926 567 981 ctis
595 925 765 979 habiti
800 924 1024 988 fuerint,
1057 939 1167 978 non
1202 924 1401 978 mirum
1432 925 1479 980 si
1515 932 1670 978 tanta
1697 924 1860 978 fuerit
1885 925 2033 979 circa

462 1015 704 1070 Marcelli
757 1014 916 1069 ﬁdem
976 1015 1370 1069 sententiarum
1425 1013 1706 1079 varietas,
1774 1020 2032 1084 quantam

459 1109 680 1165 exhibet
711 1107 1072 1179 Epiphanius.

1073 1243 1305 1299 CAPUT
1351 1243 1418 1298 ν.

992 1372 1313 1413 ηλκσειιωί
1354 1373 1567 1422 UNQUAM
1621 1375 1654 1414 Δ
1692 1372 2032 1415 COIUUNIONE

1013 1445 1110 1484 SUA
1150 1445 1481 1484 ιιειιογειιιτι

459 1375 568 1414 Νυὶί
610 1372 941 1414 ATHANASIUS

460 1564 501 1620 I.
543 1564 866 1619 Athanasius
917 1562 1233 1617 Marcellum
1281 1583 1314 1617 a
1361 1567 1723 1621 communione
1780 1585 1879 1620 sua
1931 1584 2033 1620 non

529 1633 838 1707 removergt'
868 1644 988 1687 ante
1024 1652 1231 1707 annum
1285 1635 1410 1691 558.
1463 1633 1527 1691 Il.
1582 1635 1695 1689 Nec
1747 1638 2034 1707 instigante

525 1715 707 1773 postea
739 1705 946 1758 Basilio
979 1704 1032 1757 id
1064 1707 1185 1775 egit.

458 1817 499 1868 Ι.
523 1819 817 1868 Athanasius
840 1817 1120 1866 Marcellum
1145 1833 1169 1866 a
1195 1819 1536 1868 communione
1563 1834 1649 1869 sua
1670 1834 1766 1868 non
1805 1827 2030 1869 remove-

703 1887 778 1929 rat
800 1887 914 1929 ante
937 1893 1116 1929 aunum
1139 1880 1246 1929 558.
1277 1881 1470 1943 Fragm.
1500 1882 1546 1940 2,
1574 1896 1620 1944 p.
1652 1882 1782 1930 1500.

528 1999 882 2063 Athanasius,
929 2000 1021 2070 qui
1066 1999 1257 2055 multis
1304 1999 1463 2054 annis
1509 1999 1763 2056 Marcello
1793 1999 2033 2055 fortuna-

457 2109 580 2148 rum
606 2108 834 2148 consors
863 2101 917 2147 et
957 2093 1165 2148 amicus
1197 2092 1394 2158 fuerat,
1440 2093 1658 2148 demum
1692 2094 1901 2164 sparsis
1937 2109 2034 2148 ru-

456 2185 725 2247 moribus,
762 2192 816 2238 et
867 2185 1142 2238 clarorum
1177 2184 1460 2239 hominum
1501 2185 1833 2240 testimoniis
1864 2183 2034 2238 abdu-

456 2284 602 2340 ctus,
633 2289 795 2344 quem
828 2274 982 2344 prius
1011 2289 1112 2343 pro
1143 2273 1407 2329 facultate
1451 2266 1792 2340 defenderat,
1839 2289 2033 2344 suspe-

455 2373 605 2420 ctum
637 2364 840 2420 habere
870 2365 1055 2434 cepit.
1083 2364 1140 2418 ld
1175 2364 1481 2435 Epiphanio
1515 2373 1654 2422 teste
1691 2365 2028 2422 ediscimus:

455 2456 568 2519 cui,
599 2465 788 2525 utpote
835 2455 904 2509 ab
969 2455 1275 2510 Athanasio
1325 2457 1446 2525 ipso
1509 2456 1695 2510 audita
1756 2457 2050 2520 narranti,.

455 2545 618 2601 ﬁdem
675 2547 940 2616 derogare
984 2563 1095 2600 non
1128 2548 1275 2603 licet.
1326 2547 1528 2603 Verum
1567 2547 1840 2613 Hilarius,
1900 2550 2030 2603 item

453 2635 704 2705 aequalis,
757 2651 822 2691 eo
883 2645 1106 2691 ventum
1165 2653 1290 2693 esse
1338 2639 1688 2703 testiﬁcatur,
1747 2651 1808 2693 ut
1865 2640 2028 2694 etiam

455 2726 713 2783 Marcello
755 2731 1197 2786 communionem
1249 2732 1580 2788 Athanasius
1637 2741 1881 2804 negaret.
1928 2734 2031 2788 Sed

454 2838 551 2875 cur
603 2822 878 2893 abnegata:
937 2824 1347 2886 communionis,
1408 2825 1490 2879 sic
1541 2825 1656 2888 ille,
1704 2827 2030 2880 Athanasius

453 2929 574 2968 reus
606 2931 718 2968 esse
753 2914 1105 2970 rescribitur?
1137 2914 1392 2985 Nunquid
1429 2923 1642 2986 propter
1684 2916 1809 2970 libri
1848 2917 2031 2971 vitium

453 3007 744 3061 Marcellus
773 3007 1044 3062 abstentus
1067 3011 1188 3063 est?
1215 3007 1392 3062 Testes
1418 3010 1518 3077 ipsi
1543 3017 1686 3073 sunt,
1716 3025 1783 3064 ex
1812 3011 2033 3064 institu-

457 3103 524 3155 tis
547 3102 661 3171 ejus
682 3101 968 3154 Photinum
991 3103 1352 3170 perversitatis
1375 3103 1532 3156 istius
1545 3102 1700 3155 initia
1722 3104 2028 3172 sumpsisse.

456 3192 602 3248 Nam
663 3203 853 3264 negata
900 3194 1005 3247 sibi
1053 3193 1117 3246 ab
1173 3194 1467 3247 Athanasio
1511 3197 1898 3259 communione,
1947 3195 2031 3248 in-

456 3303 640 3358 gressu
684 3303 797 3340 sese
838 3285 1073 3339 ecclesia:
1118 3284 1404 3340 Marcellus
1450 3287 1722 3339 abstinuit.
1759 3285 1848 3340 Ita
1889 3303 2034 3340 com-

454 3379 638 3431 munio
672 3367 793 3430 cuin
837 3393 898 3430 eo
935 3377 990 3428 in
1041 3377 1147 3429 ista
1181 3377 1286 3445 ﬁde
1322 3377 1386 3431 de
1415 3377 1734 3442 subiectione
1768 3389 1818 3431 et
1863 3378 2036 3432 tradi-

455 3471 595 3526 tione
648 3470 793 3539 regni
855 3469 1003 3522 docet
1053 3485 1070 3521 :
1116 3479 1306 3539 negata
1365 3487 1576 3523 rursum
1629 3472 1892 3538 pravitate
1939 3470 2036 3526 do-

455 3565 642 3618 ctrina:
687 3563 909 3616 alterius
961 3561 1210 3616 ostendit.
1261 3562 1342 3616 Ex
1392 3561 1623 3627 Hilario,
1683 3571 1742 3617 ut
1794 3564 2030 3628 videtur,

455 3662 736 3709 mutuatus
779 3653 1057 3726 Sulpicius
1110 3655 1368 3717 Severus,
1425 3655 1662 3725 idipsum
1716 3663 1904 3710 narrat
1951 3656 2034 3712 his

456 3746 674 3801 verbis:
705 3744 989 3815 Interjecto
1033 3745 1218 3800 deinde
1268 3757 1515 3814 tempore,
1541 3747 1866 3802 Athanasius
1915 3765 2034 3802 cum

457 3836 769 3893 Marcellum
819 3854 1010 3908 parum
1049 3854 1196 3892 sana:
1243 3839 1368 3906 ﬁdei
1409 3855 1520 3891 esse
1579 3841 1949 3909 comperisset,
2004 3858 2036 3894 a

455 3931 818 3982 communione
847 3927 1139 3997 suspendit.
1173 3927 1476 3998 llabuitque
1498 3930 1592 3983 ille
1619 3930 1756 3984 hanc
1791 3948 2036 3986 verecun-

455 4019 622 4084 diam,
648 4030 705 4073 ut
738 4023 875 4074 tanti
906 4023 1005 4074 viri
1021 4021 1228 4090 judicio
1253 4029 1468 4075 notatus
1499 4032 1681 4089 sponte
1709 4024 2031 4080 concederet.

455 4109 721 4166 Craterum
769 4121 927 4165 antea
968 4112 1241 4175 innocens,
1274 4120 1458 4180 postea
1489 4111 1832 4182 deprauatus,
1871 4114 2036 4169 videri

455 4214 664 4274 poterat
699 4206 819 4274 jam
862 4214 973 4258 tum
1027 4221 1214 4259 nocens
1249 4204 1435 4273 fuisse,
1484 4221 1602 4259 cum
1658 4206 1722 4260 de
1769 4224 1828 4260 eo
1860 4208 2036 4274 fuerat

457 4296 774 4362 iudicatum.
813 4297 918 4352 Sed
951 4297 1068 4352 haec
1101 4296 1364 4360 Hilarius,
1400 4310 1561 4367 quem
1607 4295 1886 4368 Sulpicius
1929 4315 2034 4353 au~

457 4396 667 4443 ctorem
694 4389 876 4451 habet,
910 4405 980 4443 ex
1013 4389 1208 4459 synodi
1249 4387 1588 4453 Sirmiensis,
1622 4389 1678 4443 in
1709 4402 1818 4460 qua
1847 4389 2037 4445 Photi-

458 4495 565 4535 nus
598 4493 742 4533 anno
770 4479 874 4534 549
931 4479 1226 4534 damnatus
1265 4491 1367 4544 est,
1411 4481 1680 4550 rescripto
1727 4490 2032 4538 mutuatur.

457 4571 595 4627 Cum
622 4580 801 4626 autem
837 4571 979 4624 hanc
1009 4571 1280 4642 synodum
1311 4573 1501 4628 Ariani
1525 4574 1870 4630 solummodo
1896 4589 2036 4646 pra:-

457 4664 606 4718 sules
657 4663 1078 4727 celebraverint,
1123 4664 1275 4718 nulla
1313 4664 1381 4720 iis
1434 4665 1568 4721 ﬁdes
1624 4667 1895 4732 habenda,
1937 4669 2031 4738 qui

456 4764 716 4812 sexcenta
749 4756 949 4810 similia
989 4763 1182 4811 contra
1211 4755 1572 4813 Athanasium
1604 4755 1659 4814 et
1693 4761 2028 4826 Marcellum,

455 4859 574 4904 tum
607 4850 774 4904 verbo
811 4859 924 4904 tum
955 4851 1180 4920 scripto,
1215 4865 1474 4920 spargere
1505 4853 1776 4909 solebant.
1809 4855 1890 4908 Ad
1919 4856 2033 4910 haec

454 4944 792 5000 Athanasius
838 4944 1031 4999 saltem
1081 4943 1148 4997 ad
1183 4958 1386 4997 annum
1440 4961 1614 5014 usque
1645 4947 1770 5011 558,
1808 4947 2035 5004 Marcel-

454 5037 570 5092 lum
605 5045 664 5090 ut
692 5038 964 5092 insontem
1009 5044 1063 5092 et
1104 5036 1393 5093 fraudibus
1423 5037 1754 5093 Arianorum
1796 5040 2033 5096 circum-

455 5139 676 5184 ventum
709 5127 974 5195 defendit,
1007 5139 1068 5184 ut
1097 5131 1285 5186 videre
1335 5140 1420 5187 est
1452 5133 1505 5186 in
1539 5133 1800 5204 Apologia
1848 5143 2032 5189 contra

456 5226 710 5288 Arianos,
744 5225 800 5277 in
833 5223 1098 5294 Apologia
1142 5225 1206 5279 de
1235 5225 1382 5295 fuga,
1415 5234 1469 5281 et
1500 5226 1550 5279 in
1584 5225 1826 5280 Historia
1867 5230 2032 5282 Aria-

455 5330 646 5368 norum
683 5316 752 5368 ad
783 5317 1064 5370 monachos
1091 5332 1108 5370 .'
1134 5316 1279 5371 unde
1307 5316 1586 5386 propalam
1621 5319 1691 5373 sit
1731 5333 1838 5372 non
1871 5320 2033 5374 modo

457 5407 865 5463 communionis
919 5408 1235 5464 societatem
1301 5423 1425 5462 cum
1489 5408 1582 5461 illo
1643 5406 1877 5475 fovisse;
1937 5411 2033 5466 sed

456 5496 622 5549 etiam
664 5499 908 5552 nondum
955 5501 1008 5552 in
1043 5501 1188 5553 illam
1236 5501 1454 5554 venisse
1487 5507 1675 5553 contra
1721 5501 2032 5556 Marcellum

457 5588 856 5656 suspicionem,
898 5607 1061 5660 quam
1105 5601 1370 5646 memorat
1403 5593 1764 5662 Epiphanius.
1800 5595 1866 5646 Et
1904 5609 2034 5647 sane

456 5694 694 5735 concors
737 5692 821 5735 est
858 5700 995 5751 pene
1044 5687 1288 5738 omnium
1326 5687 1623 5748 sententia,
1671 5686 1796 5739 huic
1841 5685 2030 5738 Hilarii

459 5774 798 5835 testimonio,
837 5785 1024 5845 utpote
1054 5778 1120 5830 ab
1147 5777 1367 5832 Arianis
1402 5787 1648 5848 accepto,
1680 5779 1888 5834 nullam
1912 5794 2034 5834 esse

456 5864 613 5918 ﬁdem
651 5865 976 5923 habendam.

1761 432 2109 491 MARCELLI
2147 431 2520 494 ANCYRANI.

459 553 650 622 ψευδῆ.
681 552 816 607 Cum
845 559 1024 607 autem
1058 549 1348 608 Marcellus
1374 561 1428 608 et
1451 554 1704 622 discipuli
1731 556 2030 609 secundum
2062 563 2108 616 Α

3573 441 3709 503 1204

2477 555 2535 605 Il.
2566 555 2668 604 Nec
2688 556 2951 619 instigante
2977 555 3156 609 Basilio
3181 561 3231 608 id
3250 562 3369 623 egit.

2209 668 2328 725 Non
2380 670 2580 726 desunt
2626 673 2717 741 qui
2757 671 3070 727 Marcellum
3123 675 3346 744 quidem
3382 677 3437 730 in
3465 686 3713 747 tempore

2136 775 2232 830 per
2298 759 2563 815 Hilarium
2631 769 2923 824 annotato,
2992 763 3235 818 nondum
3294 767 3363 819 ab
3412 765 3711 819 Athanasio

2137 853 2457 907 damnatum
2493 853 2664 910 fuisse
2693 854 3013 908 existiment
3047 873 3062 921 ;
3105 857 3197 909 sed
3241 856 3437 910 deinde
3467 872 3710 911 commo-

2137 953 2298 998 vente
2333 933 2561 1010 Basilio,
2601 946 2670 1000 ab
2714 944 3016 1000 Athanasio
3054 943 3367 1000 Marcellum
3395 953 3449 1000 et
3479 946 3710 1000 Marcel-

2137 1036 2318 1091 lianos
2359 1052 2389 1090 a
2436 1037 2825 1096 communione
2864 1047 3104 1093 remotos
3155 1033 3323 1093 fuisse
3352 1039 3707 1092 arbitrentur.

2135 1127 2202 1183 Et
2231 1117 2348 1183 haec
2379 1129 2510 1183 item
2547 1137 2630 1184 est
2661 1115 2994 1184 Tillemontii
3022 1130 3230 1200 opinio.
3258 1123 3455 1184 Verum
3487 1130 3709 1200 ignora-

2136 1219 2268 1274 bant
2295 1219 2372 1272 illi
2404 1219 2724 1275 Marceltum
2754 1229 2809 1274 et
2842 1223 3083 1276 asseclas
3115 1220 3344 1293 Eugenii
3379 1229 3434 1276 et
3473 1223 3708 1276 aliorum

2135 1311 2486 1384 deputatione
2522 1311 2804 1369 Athanasii
2850 1314 3123 1383 judicium
3171 1314 3535 1383 praevertisse.
3575 1311 3709 1367 Cum

2135 1404 2281 1456 enim
2317 1403 2547 1458 instaret
2572 1403 2826 1466 Basilius,
2861 1413 3121 1474 urgerent
3155 1404 3246 1456 alii
3286 1405 3531 1474 episcopi
3559 1403 3713 1458 dam-

2136 1492 2484 1564 nandumque
2551 1489 2860 1549 Marcellum
2903 1495 3200 1550 Athanasio
3255 1498 3596 1562 dictitarent,
3653 1512 3714 1550 re

2135 1573 2435 1657 comperta,
2475 1583 2788 1652 Marcellus,
2841 1598 2900 1642 ut
2953 1603 3145 1642 eorum
3182 1597 3415 1644 conatus
3457 1597 3511 1643 et
3554 1589 3714 1642 moli-

2135 1678 2286 1732 mina
2351 1678 2750 1748 interpellaret,
2812 1687 3060 1735 oratores
3126 1681 3219 1750 qui
3281 1696 3504 1735 causam
3567 1682 3712 1751 apud

2134 1770 2495 1826 Athanasium
2549 1789 2704 1827 suam
2757 1783 3002 1845 agerent,
3053 1790 3116 1829 ac
3164 1775 3248 1828 sui
3295 1776 3713 1846 Ancyranaeque

2137 1861 2397 1919 Ecclesiae
2452 1866 2676 1920 nomine
2732 1865 2857 1922 ﬁdei
2915 1867 3315 1936 professionem
3367 1867 3708 1929 emitterent,

2134 1957 2418 2030 delegavit.
2453 1958 2701 2030 Cumque
2733 1960 3034 2029 legatorum
3069 1961 3302 2016 formula
3326 1968 3514 2016 sanam
3547 1971 3711 2030 pror-

2135 2066 2232 2105 sus
2261 2059 2316 2106 et
2359 2052 2724 2108 orthodoxam
2758 2044 2920 2108 ﬁdem
2958 2053 3261 2125 praeferret,
3304 2054 3432 2108 huic
3469 2053 3713 2108 Athana-

2135 2145 2252 2202 sius
2292 2162 2417 2201 cum
2462 2148 2586 2204 aliis
2633 2148 2726 2219 qui
2775 2149 3002 2203 aderant
3039 2149 3316 2220 episcopis
3357 2149 3709 2220 astipulatus.

2134 2240 2349 2295 litteras
2372 2241 2855 2297 commendatitias
2882 2241 3202 2312 rogantibus
3231 2241 3526 2298 concessit.
3554 2236 3710 2307 Quod

2129 2331 2242 2403 jam
2282 2332 2556 2388 nemiuem
2593 2330 2809 2386 inﬁcias
2837 2333 3041 2387 iturum
3081 2327 3337 2387 arbitror.

2761 2469 2990 2524 CAPUT
3029 2469 3115 2524 Vl.

2131 2586 2197 2629 DE
2248 2581 2512 2630 IARCELLI
2567 2592 2637 2630 ΕΤ
2687 2591 2960 2631 ECCLESIAZ
3019 2586 3306 2630 martum:
3359 2592 3426 2629 AD
3473 2590 3711 2630 uuam-

2238 2662 2363 2702 SIUII
2404 2662 2733 2712 LEGATIONE,
2767 2663 2910 2710 QUAI
2959 2663 3095 2704 NUNC
3140 2663 3344 2701 PRIMUM
3385 2662 3602 2701 EDIIUS.

2132 2758 2173 2813 Ι.
2209 2759 2384 2828 Hujus
2419 2761 2696 2831 legationis
2737 2761 3007 2829 exemplar
3047 2759 3184 2831 unde
3218 2759 3456 2831 prodeat.
3492 2759 3554 2811 ll.
3591 2758 3712 2831 Qua

2202 2829 2481 2885 occasione
2536 2842 2585 2885 et
2639 2848 2739 2899 quo
2777 2848 2919 2884 anno
2965 2831 3110 2899 facta
3161 2830 3352 2898 legatio
3396 2829 3578 2897 fuerit.
3622 2830 3708 2883 Ill.

2203 2901 2280 2954 De
2307 2901 2433 2970 ﬁdei
2457 2901 2781 2970 professione
2815 2901 3058 2955 Marcelli
3107 2903 3315 2952 nomine
3349 2901 3593 2970 recitata.
3619 2900 3712 2954 IV.

2205 2967 2814 3041 De'subscriptionibus
2857 2971 3231 3041 zEgyptiorum
3283 2967 3593 3037 prwsulum.
3649 2969 3710 3024 γ.

2206 3043 2312 3108 Qui
2341 3042 2504 3112 fuerit
2535 3042 2730 3113 negotii
2757 3044 2947 3095 exitus.

2317 3155 2354 3204 Ι.
2382 3155 2540 3218 Hujus
2564 3155 2829 3218 legationis
2852 3155 3109 3216 exemplar
3132 3153 3262 3202 unde
3286 3154 3505 3215 prodeat.

2059 3262 2102 3320 C
2205 3256 2415 3312 Prodiit
2462 3275 2525 3311 ex
2575 3259 2904 3313 bibliotheca
2944 3248 3281 3312 Scorialensi
3326 3256 3523 3326 legatio
3570 3253 3712 3306 Mar-

2137 3350 2262 3406 celli
2309 3358 2362 3405 et
2418 3350 2565 3404 Eccl.
2623 3349 2925 3421 Ancyrante
2987 3348 3054 3402 ad
3098 3348 3482 3403 Athanasium.
3536 3344 3712 3415 Hujus

2135 3453 2316 3497 autem
2356 3446 2633 3512 exemplar
2661 3441 2948 3497 Mediolani
2979 3442 3034 3496 in
3061 3441 3312 3498 biblioth.
3346 3438 3711 3493 Ambrosiana

2137 3535 2283 3589 inter
2331 3535 2551 3590 codices
2579 3534 2798 3590 Graecos
2835 3535 3040 3590 recenti
3095 3549 3261 3588 manu
3307 3531 3574 3602 scriptum
3617 3530 3708 3584 de—

2137 3622 2553 3698 prehendimus.
2584 3627 2789 3698 Estque
2833 3643 3060 3682 aureum
3093 3627 3197 3680 hoc
3229 3625 3554 3695 cpusculum
3592 3631 3710 3675 om;

2137 3720 2298 3774 nibus
2348 3721 2464 3775 suis
2513 3721 2756 3776 numeris
2793 3729 2848 3777 et
2888 3720 3136 3792 partibus
3180 3719 3489 3773 absolutum
3528 3734 3542 3770 :
3580 3715 3713 3770 sub-

2136 3812 2467 3881 scriptiones
2516 3821 2699 3867 tamen
2733 3813 3112 3883 .‘Egyptiorum
3167 3811 3464 3882 praesulum
3510 3810 3564 3863 in
3607 3811 3742 3863 line'

2138 3903 2418 3968 subnexae,
2468 3912 2759 3969 truncatae,
2822 3912 2882 3958 ut
2921 3905 3191 3975 liquidum
3247 3912 3350 3969 est,
3395 3918 3459 3957 ac
3508 3902 3713 3956 mutila.-

2138 4003 2305 4060 sunt;
2358 3996 2432 4048 ita
2477 4005 2534 4050 ut
2578 3996 2754 4066 ipsius
2802 3995 3089 4052 Athanasii
3134 4011 3358 4060 nomen,
3394 3992 3540 4064 quod
3589 3993 3713 4046 aliis

2138 4087 2281 4140 haud
2307 4086 2475 4142 dubie
2504 4089 2850 4157 praemissum
2881 4096 3019 4151 erat,
3059 4087 3348 4143 exciderit.
3391 4084 3519 4139 Haec
3549 4101 3713 4155 porro

2138 4179 2606 4248 subscriptionum
2646 4196 2768 4234 sors
2798 4179 2919 4244 fuit,
2956 4186 3016 4233 ut
3048 4179 3464 4234 amanuensium
3499 4176 3713 4231 incuria

2136 4271 2380 4340 perirent
2428 4289 2441 4324 :
2492 4274 2623 4340 quia
2679 4273 2759 4325 illi
2806 4287 2958 4326 mera
3011 4270 3234 4325 nomina
3294 4271 3363 4324 ad
3416 4287 3530 4326 rem
3576 4271 3713 4326 nihil

2138 4363 2412 4432 pertinere
2457 4362 2873 4417 arbitrabantur
2930 4363 3113 4417 :inde
3168 4370 3273 4426 est,
3325 4362 3472 4433 quod
3531 4361 3716 4417 Sardi«

2139 4469 2333 4509 censes
2409 4454 2846 4524 subscriptiones
2907 4456 3114 4509 mutila:
3186 4455 3331 4518 sint,
3396 4454 3720 4525 pariterque

2141 4533 2526 4602 Alexandrinae
2557 4548 2686 4603 anni
2716 4547 2844 4602 521.
2880 4549 2937 4603 ln
2962 4548 3363 4603 contestatione
3397 4553 3580 4603 autem
3615 4562 3721 4617 po—

2141 4639 2255 4710 puli
2298 4626 2657 4694 Alexandrini
2700 4654 2843 4694 anno
2887 4639 2992 4695 556
3032 4639 3198 4705 facta,
3254 4638 3712 4708 subscriptiones,

2136 4746 2258 4800 qua;
2333 4746 2532 4802 magno
2589 4746 2819 4788 numero
2874 4739 3066 4795 erant,
3125 4745 3156 4784 a
3209 4730 3448 4785 librariis
3498 4731 3716 4802 penitus

2136 4821 2354 4877 omissae
2398 4831 2545 4877 sunt.
2604 4821 2692 4876 Nil
2734 4838 2864 4892 ergo
2903 4823 3102 4878 mirum
3151 4822 3242 4876 hic
3283 4822 3717 4893 subscriptiones

2137 4930 2362 4970 maneas
2384 4924 2438 4970 et
2467 4917 2691 4970 mutilas
2725 4916 2932 4970 haberi.

2249 5031 2308 5079 ll.
2337 5031 2440 5088 Qua
2462 5031 2719 5078 occasione
2739 5034 2804 5076 et.
2813 5041 2910 5090 quo
2931 5041 3060 5078 anno
3079 5028 3203 5078 facta
3228 5027 3416 5092 legatio
3434 5029 3599 5078 fuerit.

2209 5135 2342 5202 Qum
2385 5149 2576 5198 causa,
2622 5150 2812 5204 quaeve
2843 5136 3065 5190 occasio
3100 5135 3269 5204 hujus
3321 5134 3604 5190 mittendae
3639 5135 3712 5188 le-

2137 5228 2377 5300 gationis
2424 5226 2684 5281 Marcello
2733 5225 2920 5287 fuerit.
2971 5224 3117 5280 haud
3156 5224 3373 5280 difﬁcile
3419 5234 3504 5280 est
3541 5241 3713 5296 augu-

2138 5322 2270 5377 rari.
2318 5321 2456 5375 Cum
2506 5320 2653 5374 enim
2699 5335 2842 5374 anno
2896 5319 3118 5373 circiter
3145 5319 3242 5372 3'“
3274 5317 3512 5374 Basilius
3537 5327 3591 5372 et
3625 5317 3716 5370 alii

2139 5413 2381 5482 episcopi
2443 5410 2589 5480 apud
2625 5410 2986 5463 Athanasium
3018 5408 3072 5461 id
3110 5409 3454 5474 molirentur,
3483 5417 3545 5462 ut
3575 5407 3710 5463 Mar-

2139 5506 2336 5560 cellum
2357 5513 2619 5571 tanquam
2645 5517 2800 5556 novae
2820 5502 3093 5556 haereseos
3111 5500 3330 5554 Arianis
3357 5516 3423 5554 ex
3447 5499 3718 5554 diametro

2139 5596 2404 5665 oppositae
2473 5602 2790 5655 auctorem,
2861 5593 2930 5646 ab
2995 5592 3259 5647 Ecclesia
3328 5592 3723 5646 communione

2141 5689 2528 5742 submoverent
2587 5703 2599 5738 :
2641 5703 2749 5740 non
2794 5686 3018 5742 nescius
3077 5685 3368 5740 Marcellus
3407 5684 3460 5738 id
3509 5701 3605 5740 eos
3661 5685 3718 5738 in

2143 5779 2442 5850 perniciem
2486 5793 2642 5832 suam
2712 5779 3044 5840 machinari,
3091 5786 3150 5831 ut
3195 5778 3506 5847 proximum
3577 5779 3720 5849 peri-

2141 5888 2207 5927 cu
2237 5886 2325 5925 um
2380 5871 2720 5940 declinaret,
2794 5871 3278 5928 commendatitias
3332 5873 3721 5942 episcoporum
