4138 6442
414 409 567 483 3:295

1655 398 1741 451 DE
1785 398 1939 453 VlTA
1975 396 2059 450 ET
2102 396 2409 451 SCRIPTIS

3520 390 3659 445 i296

429 523 646 577 Achaiae
707 528 759 575 ct
812 516 1140 573 Macedonia
1217 515 1282 568 ad
1352 513 1715 569 Athanasium
1783 511 2162 577 litterasAiis
2207 513 2614 567 communionis
2675 511 2934 581 expetiit,
2989 520 3042 563 et
3093 507 3435 578 impetravit,
3502 509 3660 580 queis

429 612 741 683 efllagitavit
783 626 797 662 :
831 624 952 662 nam
992 625 1113 661 cum
1146 608 1232 661 his
1286 605 1519 661 maxime
1553 606 1851 661 Athanasio
1894 605 1996 659 do-

433 707 622 759 ctrinae
654 701 991 756 consortium
1019 710 1072 754 et
1102 700 1414 769 epistolaris
1462 698 1804 751 familiaritas
1829 700 1998 750 inter-

430 796 651 849 cedebat
693 814 706 849 :
742 794 851 847 Καὶ
876 791 1066 845 τούτου
1128 791 1222 843 τοῦ
1281 791 1564 860 δόγματος,
1622 790 1795 859 inquit
1852 788 1999 841 Basi-

431 888 537 941 lius
583 887 661 957 (‘2)
693 888 757 940 de
803 886 1121 948 Athanasio,
1154 883 1441 943 κοινωνούς
1475 900 1563 954 μοι
1598 881 1993 953 παρεχομένου,

428 979 552 1043 τούς
581 996 635 1030 τε
661 979 758 1049 τῆς
782 976 1142 1038 Μακεδονίας,
1170 977 1262 1027 καὶ
1293 974 1390 1043 τῆς
1426 973 1641 1042 Ἀχαΐας
1666 971 1995 1034 ἐπισκόπους

432 1070 698 1135 ἅπαντας.
764 1070 860 1127 His
919 1069 1223 1139 impetratis
1274 1069 1466 1121 litteris
1527 1065 1817 1120 Marcellus
1878 1074 1994 1118 tum

430 1181 552 1225 suo,
599 1176 712 1217 tum
762 1164 931 1219 totius
980 1162 1252 1231 Ancyrani
1294 1159 1426 1214 cleri
1477 1159 1717 1221 nomine,
1746 1165 1995 1212 oratores

431 1256 597 1309 mittit
644 1256 709 1308 ad
760 1255 1160 1318 Athanasium;
1219 1252 1518 1321 Eugenium
1556 1252 1765 1305 scilicet
1807 1250 1996 1302 diaco-

431 1362 583 1411 num,
616 1347 877 1416 aliosque,
907 1346 997 1415 qui
1027 1345 1206 1398 oblata
1247 1344 1349 1397 sibi
1378 1343 1605 1396 crimina
1642 1342 1991 1412 depellerent,

430 1446 485 1491 et
542 1439 661 1492 fidei
723 1439 1112 1508 professionem
1165 1452 1348 1490 coram
1388 1435 1688 1489 Athanasio
1731 1444 1783 1488 et
1828 1433 1995 1504 )Egy-

431 1530 559 1598 ptiis
598 1530 918 1598 praesulibus
984 1531 1293 1583 recitarcnt.
1337 1527 1459 1582 llac
1487 1543 1651 1598 porro
1695 1527 1891 1598 legatio
1938 1527 1992 1579 in

430 1636 630 1674 annum
681 1620 784 1672 572
838 1621 1120 1674 commode
1188 1620 1477 1683 referatur,
1530 1620 1689 1689 cujus
1749 1618 1991 1688 computi

412 1714 566 1791 ratio
610 1714 708 1768 hoc
760 1714 921 1767 modo
971 1715 1253 1768 statuitur.
1315 1712 1549 1768 Basilius
1593 1727 1737 1765 anno
1780 1711 1885 1764 570
1934 1710 1990 1764 in

428 1803 822 1860 Casarienscm
873 1806 1192 1877 episcOpum
1248 1814 1535 1875 cooptatus
1574 1812 1659 1858 est
1702 1823 1714 1857 :
1753 1803 1843 1857 cui
1883 1802 1991 1857 frc-

427 1914 598 1969 quens
630 1914 753 1952 cum
780 1900 1075 1954 Athanasio
1109 1900 1462 1969 epistolarum
1489 1914 1623 1952 usus
1656 1897 1779 1962 fuit,
1820 1897 1873 1949 in
1900 1910 1994 1950 ea-

425 2004 545 2042 rum
584 2006 705 2059 qua
746 2000 1039 2060 supersunt
1078 2000 1349 2060 postrema
1387 1990 1453 2044 de
1494 1988 1803 2043 damnando
1848 1986 1991 2040 Mar-

426 2082 566 2135 cello
596 2084 795 2155 agitur,
843 2098 1070 2151 eamque
1096 2098 1197 2137 nos
1226 2083 1281 2137 in
1326 2096 1526 2136 annum
1567 2080 1664 2135 571
1703 2078 1993 2134 conferen-

427 2174 548 2226 dam
574 2182 850 2243 putamus.
896 2175 1068 2245 llujus
1112 2183 1294 2228 autem
1340 2173 1632 2227 occasione
1676 2177 1992 2241 susceptam

427 2265 748 2336 legationem
785 2275 835 2321 ct
880 2268 1167 2322 adventum
1218 2264 1442 2337 Eugenii
1488 2263 1874 2320 Alexandriam
1935 2261 1991 2315 in

428 2370 741 2430 sequentem
809 2376 1010 2415 annum
1074 2360 1421 2430 conjicimus,
1475 2360 1601 2430 quia
1667 2365 1748 2413 tot
1802 2354 1991 2411 missis

427 2453 570 2505 uitro
625 2453 876 2521 citroque
914 2452 1102 2506 Basilii
1160 2451 1227 2505 ad
1271 2451 1651 2513 Athanasium,
1705 2446 1990 2501 Athanasii

427 2544 495 2598 ad
534 2543 794 2599 Basilium
845 2545 1064 2609 litteris,
1108 2543 1235 2596 anni
1276 2542 1379 2597 370
1415 2542 1596 2606 ﬁnem,
1628 2548 1682 2595 et
1708 2540 1989 2611 sequentis

428 2635 719 2689 maximam
771 2644 977 2705 partem
1006 2637 1246 2705 elapsam
1289 2644 1565 2705 putamus.
1612 2634 1671 2688 ld
1702 2642 1886 2688 autem
1922 2647 1987 2686 ex

426 2728 739 2798 conjectura
776 2737 984 2784 tantum
1009 2729 1267 2791 dicimus,
1303 2730 1426 2798 quia
1455 2727 1794 2797 exploratum
1837 2724 1987 2779 vide-

427 2826 517 2871 tur
562 2818 615 2873 id
658 2821 919 2875 extremis
959 2820 1243 2874 Athanasii
1286 2820 1411 2873 vita
1444 2819 1625 2881 annis,
1668 2828 1721 2872 ct
1755 2817 1990 2873 fortasse

428 2910 704 2964 mensibus
741 2919 921 2965 actum
953 2927 1093 2967 esse.
1128 2912 1377 2968 Attamen
1398 2913 1618 2968 nonnisi
1644 2911 1987 2982 augurando,

428 3001 732 3054 litterarum
779 3003 920 3057 ultro
969 3004 1216 3073 citroque
1254 3005 1544 3059 missarum
1604 3005 1776 3074 spatia
1834 3003 1990 3057 meti-

428 3106 569 3144 mur.
598 3091 817 3147 Certum
864 3093 1223 3149 nihilominus
1262 3093 1477 3149 videtur
1504 3093 1572 3148 ab
1604 3109 1748 3148 anno
1779 3092 1876 3146 571
1920 3091 1984 3145 ad

2103 602 2345 654 munitos
2402 602 2607 671 legatos
2677 616 2807 655 suos
2863 598 2931 652 ad
2970 597 3329 651 Athanasium
3374 596 3544 651 misit.
3599 596 3657 651 lu

2098 692 2201 746 hac
2250 699 2429 747 autem
2487 692 2752 763 legatione
2798 690 2980 746 omnia
3032 687 3259 743 miriﬁce
3312 687 3587 757 quadrant
3642 710 3654 743 :

2103 797 2229 836 nam
2284 790 2480 851 prater
2514 782 2635 836 illas
2674 796 2703 833 a
2738 777 3067 833 Macedonia
3099 784 3150 831 et
3188 777 3408 831 Achaia
3446 777 3659 847 episco-

2088 874 2203 943 pis,
2256 889 2364 943 quo
2416 880 2659 944 tempore
2703 872 2779 925 illi
2847 886 2970 924 cum
3031 868 3328 923 Athanasio
3376 867 3443 922 de
3492 868 3658 923 rebus

2098 960 2224 1014 ﬁdei
2273 960 2581 1029 conjunctis
2630 959 2829 1014 animis
2890 958 3220 1019 tractabant.
3266 959 3531 1028 expetitas
3569 959 3661 1012 lit--

2097 1060 2291 1117 teras;
2343 1052 2397 1105 in
2459 1051 2580 1104 fidei
2633 1050 2975 1119 professione
3040 1050 3297 1119 legationi
3338 1051 3656 1121 subjuncta,

2097 1147 2292 1191 contra
2338 1138 2636 1193 Anomaos
2684 1139 2939 1199 maxime,
2973 1139 3130 1207 quasi
3166 1148 3295 1194 tunc
3326 1142 3661 1194 tumultuan-

2100 1237 2183 1283 tes
2229 1232 2441 1300 agitur,
2494 1231 2640 1299 quod
2686 1231 2926 1300 apprime
2972 1231 3147 1285 eidem
3196 1234 3429 1303 tempori
3458 1249 3655 1291 conve-

2094 1320 2249 1387 niat;
2305 1328 2359 1374 et
2420 1333 2540 1390 post
2596 1320 2719 1376 ﬁdei
2802 1319 3092 1376 formulam
3147 1340 3174 1376 a
3228 1325 3418 1395 legatis
3470 1340 3657 1381 coram

2095 1409 2394 1464 Athanasio
2467 1413 2790 1476 recitatam,
2870 1414 3349 1471 commcndatitias
3421 1416 3523 1485 ipsi
3589 1410 3661 1472 ab

2093 1500 2395 1555 Athanasio
2432 1501 2643 1556 litteras
2682 1504 2982 1573 postulant,
3024 1519 3161 1574 quas
3203 1505 3540 1584 impetratas,
3572 1524 3661 1579 sy-

2093 1592 2237 1646 nodo
2277 1591 2694 1648 Diocasariensi
2734 1594 3101 1664 protulerunt,
3132 1606 3187 1648 ut
3220 1594 3362 1648 infra
3401 1596 3656 1652 dicimus.

2199 1703 2286 1753 llI.
2310 1705 2384 1755 De
2410 1705 2521 1754 fidei
2544 1705 2845 1766 professione
2872 1705 3089 1756 Marcelli
3109 1708 3305 1756 nomine
3323 1710 3542 1759 recitata.

2165 1810 2518 1876 Athanasius,
2558 1812 2734 1882 utqui
2775 1811 3071 1865 multorum
3112 1820 3167 1866 et
3206 1810 3392 1867 Basilii
3428 1813 3661 1867 maxime

2096 1909 2321 1956 narratu
2358 1902 2650 1968 abductus,
2686 1912 2998 1972 suspectam
3024 1902 3263 1957 Marcelli
3300 1903 3456 1959 fidem
3490 1903 3659 1958 habe-

2092 1999 2211 2057 ret,
2272 2002 2519 2048 oratores
2562 1993 2631 2047 de
2672 1992 2922 2047 doctrina
2971 2001 3344 2064 percontatur.
3401 1991 3483 2047 llli
3538 1992 3660 2047 ﬁdei

2096 2082 2388 2137 formulam
2455 2083 2662 2149 edunt,
2739 2084 3024 2155 primoque
3095 2084 3329 2140 haresin
3400 2086 3660 2139 Arianam

2093 2174 2356 2229 damnant
2392 2176 2737 2230 anathemate
2757 2215 2771 2239 ,
2804 2190 2868 2229 ac
2900 2175 2963 2228 τὸ
2996 2175 3277 2247 ὁμοούσιον
3313 2175 3661 2245 proﬁtentur.

2092 2263 2233 2320 Hinc
2286 2266 2393 2321 sibi
2434 2267 2731 2336 ascriptam
2770 2266 2892 2322 Filii
2937 2278 2986 2322 et
3033 2267 3195 2324 Verbi
3249 2268 3663 2324 distinctionem

2092 2358 2415 2428 repudiant,
2466 2358 2851 2428 affirmantque
2892 2360 3258 2429 sycophantas
3297 2375 3441 2424 esse,
3477 2360 3571 2430 qui
3607 2376 3665 2414 se

2091 2464 2154 2503 ca
2181 2449 2248 2504 de
2277 2464 2335 2505 re
2368 2451 2425 2504 in
2463 2451 2672 2505 crimen
2715 2458 2980 2504 vocarent
3018 2469 3030 2504 :
3075 2448 3374 2506 Sabellium
3422 2452 3661 2520 proscri-

2093 2544 2250 2600 bunt.
2286 2553 2511 2613 tresque
2536 2543 2590 2597 in
2627 2543 2895 2600 Trinitate
2918 2544 3281 2601 subsistentes
3311 2542 3656 2599 conﬁtentur.

2091 2633 2166 2685 υύ
2190 2631 2319 2702 γὰρ,
2350 2632 2626 2702 inquiunt,
2657 2632 3024 2686 ἀνυπόστατον
3049 2633 3147 2703 τὴν
3168 2631 3376 2704 Τριάδα.
3397 2631 3620 2702 λέγομεν
3642 2649 3656 2661 °

2091 2723 2201 2776 ἀλλ’
2234 2726 2291 2777 ὲν
2329 2725 2621 2778 ὑποστάσει
2664 2724 2832 2795 αὐτὴν
2888 2724 3259 2796 γινώσκομεν·
3311 2725 3367 2779 id
3393 2734 3495 2787 est.
3538 2724 3658 2778 Non

2089 2814 2229 2867 enim
2256 2813 2573 2868 Trinitatem
2602 2816 2716 2869 sine
2749 2814 3048 2869 substantia
3084 2814 3191 2869 sive
3231 2814 3504 2886 hypostasi
3532 2814 3664 2868 dici-

2091 2925 2204 2962 mus
2246 2926 2358 2964 esse
2384 2952 2397 2977 ,
2434 2925 2611 2962 verum
2651 2910 2704 2963 in
2750 2909 3021 2979 hypostasi
3063 2909 3232 2977 ipsum
3276 2910 3662 2980 cognoscimus.

2091 3000 2193 3055 Ubi
2218 3001 2660 3057 animadvertere
2689 3009 2773 3056 est
2808 3000 3121 3055 Marcellum
3167 3015 3269 3071 pro
3311 3008 3531 3056 assueto
3557 2997 3663 3054 sibi

2089 3110 2242 3150 more
2264 3110 2429 3150 unam
2459 3101 2674 3150 tantum
2709 3094 3034 3164 bypostasin
3074 3095 3130 3149 in
3173 3093 3437 3149 Trinitate
3465 3091 3662 3148 admit-

426 3186 530 3240 575
567 3200 675 3254 quo
722 3186 1054 3241 Athanasius
1096 3203 1124 3242 e
1160 3188 1294 3244 vivis
1346 3186 1605 3251 excessit,
1661 3186 1986 3257 legationem
2016 3201 2058 3257 ε
2093 3192 2228 3250 tere,
2286 3185 2418 3255 quia
2470 3184 2768 3237 ὑπόστασιν
2818 3200 2918 3255 pro
2972 3183 3283 3241 substantia
3343 3181 3660 3254 accipiebat.

426 3294 547 3331 esse
583 3277 797 3332 factam.

495 3368 563 3422 Ut
623 3377 802 3423 autem
864 3386 985 3423 cum
1050 3370 1251 3439 negotii
1292 3371 1484 3432 series,
1529 3379 1643 3423 tum
1700 3369 1988 3439 legationis

424 3460 711 3532 γνησιότης
746 3465 986 3531 apertior
1023 3463 1239 3526 evadat,
1273 3464 1537 3516 nonnulla
1571 3462 1661 3515 hic
1695 3462 1990 3517 observare

424 3567 604 3621 opera
676 3555 913 3622 pretium
984 3553 1166 3609 fuerit.
1242 3550 1510 3608 Nimirum
1578 3569 1687 3623 quo
1744 3561 1990 3624 tempore

426 3645 761 3702 Athanasius
813 3656 866 3703 et
895 3648 1154 3711 Basilius,
1192 3649 1375 3704 missis
1418 3649 1675 3717 utrinque
1718 3647 1988 3717 epistolis,

425 3738 493 3790 de
530 3738 695 3793 rebus
740 3739 1132 3794 ecclesiasticis
1187 3740 1439 3809 agebant,
1490 3740 1703 3793 scilicet
1737 3739 1805 3793 ab
1849 3753 1992 3793 anno

426 3826 531 3879 570
571 3826 638 3879 ad
673 3827 778 3881 373
825 3839 1069 3881 mutuam
1122 3830 1251 3884 item
1305 3830 1607 3885 Athanasio
1648 3829 1818 3884 fuisse
1868 3844 1991 3882 cum

427 3909 673 3981 Epicteto
725 3913 973 3968 Corinthi
1020 3924 1074 3970 et
1130 3916 1251 3973 aliis
1298 3918 1514 3972 Achaiae
1557 3927 1610 3973 et
1662 3918 1996 3973 Macedonia

423 4003 698 4074 episcopis
735 4005 1038 4060 litterarum
1090 4006 1157 4062 de
1205 4009 1368 4063 rebus
1409 4010 1566 4064 ﬁdem
1622 4012 1995 4081 spectantibus

430 4095 899 4159 consuetudinem,
947 4105 1007 4151 ut
1050 4099 1104 4152 in
1148 4099 1376 4169 cpistola
1420 4100 1704 4155 Athanasii
1756 4102 1822 4157 ad
1869 4103 1995 4173 Epi-

430 4194 630 4241 ctetum
660 4187 910 4242 Corinthi
946 4205 1089 4243 anno
1125 4190 1223 4244 571
1277 4193 1444 4246 missa
1484 4192 1669 4246 videre
1698 4202 1802 4257 est,
1840 4193 1985 4249 itcm-

429 4294 535 4347 que
571 4295 635 4333 ex
661 4282 824 4334 allato
852 4298 1015 4352 supra
1054 4281 1241 4337 Basilii
1270 4285 1391 4339 loco
1419 4286 1827 4355 comprobatur.
1857 4285 1993 4340 Cum

432 4386 561 4442 ergo
588 4373 712 4425 novi
759 4373 1039 4442 quidpiam
1083 4373 1151 4429 de
1201 4376 1472 4431 catholica
1507 4376 1609 4433 fide
1646 4376 1700 4431 in
1736 4377 1997 4432 Ecclesiis

430 4464 647 4518 Achaia
698 4475 752 4519 et
800 4463 1129 4520 Macedonia
1176 4469 1495 4538 agitaretur,
1555 4485 1644 4523 res
1703 4471 1885 4523 statim
1932 4471 1997 4525 ad

2056 3314 2059 3319 -
2092 3274 2210 3341 Qua
2238 3274 2305 3329 de
2336 3289 2397 3329 re
2436 3280 2618 3327 actum
2655 3280 2737 3329 est
2772 3274 2825 3327 in
2872 3274 3084 3345 synodo
3111 3271 3479 3328 Alexandrina
3517 3285 3664 3325 anno

2093 3366 2217 3430 562,
2251 3366 2343 3420 ubi
2368 3365 2553 3419 allatis
2589 3364 2735 3419 ultro
2778 3366 3033 3433 citroque
3070 3362 3397 3430 rationibus;
3444 3371 3555 3417 tam
3598 3360 3667 3416 iis

2092 3460 2185 3526 qui
2224 3473 2388 3512 unam
2423 3466 2657 3524 tantum,
2697 3474 2728 3513 e
2757 3473 2989 3528 quorum
3029 3472 3256 3513 numero
3289 3453 3665 3519 Marcelliani;

2092 3566 2255 3621 quam
2287 3551 2354 3607 iis
2383 3551 2475 3621 qui
2505 3559 2617 3607 tres
2640 3552 2964 3621 hypostases
2998 3548 3416 3621 proﬁtebantur,
3448 3552 3507 3602 ut
3536 3561 3666 3602 suas

2094 3642 2197 3697 sibi
2230 3642 2495 3697 formulas
2524 3644 3186 3726 retinerent‘concessum
3217 3649 3337 3708 est;
3365 3640 3494 3696 dum
3515 3640 3554 3696 ii
3573 3639 3665 3709 qui

2096 3750 2285 3797 unam,
2317 3736 2482 3789 trium
2535 3735 2988 3801 distinctionem;
3031 3736 3068 3791 ii
3100 3750 3231 3791 vero
3280 3734 3374 3805 qui
3424 3742 3539 3788 tres
3571 3732 3657 3803 by-

2095 3831 2341 3893 postases
2407 3824 2688 3886 dit-ebant,
2750 3824 3015 3879 unitatem
3064 3822 3380 3879 substantia
3449 3820 3665 3890 proﬁte-

2096 3925 2306 3971 rentur.
2345 3916 2459 3971 Sub
2504 3917 2619 3971 hac
2666 3924 2845 3972 autem
2888 3924 3083 3972 contra
3123 3918 3421 3971 Anomaos
3467 3912 3666 3985 agitur.

2096 4010 2188 4079 qui
2228 4008 2424 4063 Filium
2458 4009 2609 4063 Patri
2655 4007 2999 4070 dissimilem,
3049 4005 3319 4076 Spiritum
3379 4020 3513 4061 vero
3541 4020 3665 4061 san-

2097 4108 2245 4153 ctum
2275 4106 2583 4154 creaturam
2609 4114 2733 4154 esse
2759 4099 3034 4153 dicebant.
3078 4096 3218 4153 Hinc
3256 4095 3570 4167 proceditur
3597 4095 3666 4149 ad

2097 4192 2292 4245 eorum
2336 4189 2731 4260 repudiandam
2776 4190 3122 4253 sententiam,
3165 4188 3257 4258 qui
3299 4186 3545 4241 dicerent
3573 4182 3665 4238 Fi-

2101 4280 2233 4333 lium
2284 4277 2380 4335 Dei
2427 4280 2482 4334 in
2529 4288 2776 4335 sanctum
2822 4280 3095 4333 hominem
3149 4293 3215 4333 ex
3265 4276 3434 4330 Maria
3482 4283 3666 4330 natum

2107 4368 2335 4437 perinde
2372 4376 2535 4439 atque
2568 4370 2621 4423 in
2653 4368 2888 4438 aliquem
2926 4384 2990 4425 ex
3025 4368 3304 4439 prophetis
3333 4366 3619 4423 advenisse
3653 4385 3666 4419 :

2103 4476 2264 4531 quam
2295 4460 2527 4515 haresin
2558 4475 2589 4513 a
2626 4458 2798 4513 Paulo
2843 4457 3221 4525 Samosateno,
3264 4467 3325 4513 ut
3355 4459 3669 4529 putabatur.

430 4557 790 4611 Athanasium
816 4557 1181 4624 deferebatur,
1213 4569 1271 4614 ut
1303 4562 1442 4614 tanti
1486 4562 1728 4617 doctoris
1754 4564 1998 4618 auctori-
2030 4538 2072 4593 Ῑ)
2103 4564 2310 4620 ortam,
2355 4565 2545 4623 postea
2588 4552 2977 4622 redintegravit
3021 4552 3327 4616 Nestorius,
3359 4568 3468 4624 qua
3509 4551 3577 4608 de
3614 4567 3671 4606 re

432 4658 560 4712 tate,
585 4650 630 4703 si
660 4649 790 4719 quid
822 4652 947 4705 novi
980 4666 1010 4703 a
1035 4653 1345 4707 temerariis
1376 4653 1704 4718 hominibus,
1737 4655 1829 4724 qui
1862 4655 1999 4711 bene

430 4742 589 4796 multi
629 4742 720 4796 illa
771 4752 1091 4813 tempestate
1127 4752 1305 4809 erant,
1350 4745 1497 4799 circa
1533 4745 1737 4802 Christi
1793 4747 1999 4803 doctri-

432 4846 558 4886 nam
596 4831 936 4903 proferretur
973 4834 1029 4887 in
1066 4834 1304 4889 medium
1339 4853 1354 4901 ;
1409 4836 1594 4891 statim
1630 4837 1712 4891 vel
1759 4838 1999 4907 compri-

432 4931 697 4985 meretur,
754 4924 831 4977 vel
883 4923 1280 4990 confutaretur,
1334 4942 1403 4981 ne
1457 4914 1736 4997 vulgatum
1795 4929 1998 4982 malum

432 5013 599 5069 latius
633 5022 896 5084 serperet.
928 5014 1006 5070 Ne
1049 5018 1237 5082 multa,
1276 5020 1420 5074 inter
1466 5019 1750 5090 episcOpos
1779 5020 2001 5075 Achaia

431 5112 484 5161 ct
525 5105 887 5161 Athanasium
936 5109 1073 5162 mira
1123 5116 1245 5164 erat
1301 5111 1566 5166 doctrina
1616 5120 1670 5166 et
1716 5113 1999 5183 religionis

432 5199 813 5252 consonantia.
839 5198 975 5252 Cum
1004 5215 1135 5270 ergo
1162 5200 1450 5259 Marcellus
1490 5219 1547 5258 se
1580 5218 1609 5257 a
1648 5202 1872 5267 Basilio,
1904 5206 1998 5274 qui

432 5288 562 5342 item
620 5306 813 5361 magna
868 5300 988 5345 erat
1032 5291 1178 5362 apud
1236 5294 1597 5349 Athanasium
1649 5297 1995 5360 auctoritate,

433 5382 632 5438 acriter
682 5384 986 5454 impetitum
1022 5393 1297 5449 cerneret,
1345 5400 1410 5440 ac
1457 5386 1756 5457 instigante
1793 5387 1998 5442 Basilio

434 5488 494 5527 se
525 5475 595 5528 ab
633 5475 932 5533 Athanasio
964 5477 1333 5532 damnandum
1367 5478 1484 5535 fore
1522 5480 1903 5550 prOSpiceret;
1942 5487 2001 5535 ut

437 5563 572 5615 tanti
624 5566 850 5633 periculi
893 5567 1115 5632 molem,
1148 5568 1529 5638 episcoporum
1556 5569 1776 5624 Achaia
1805 5578 1859 5624 et
1892 5569 2004 5623 Ma-

437 5653 678 5708 cedonia
732 5656 1228 5722 commendatione,
1284 5658 1613 5724 declinaret,
1663 5659 1878 5712 litteras
1936 5657 2004 5710 ab

2106 4644 2292 4715 gravia
2336 4644 2390 4696 in
2433 4641 2655 4697 Oriente
2694 4641 2921 4697 dissidia
2958 4643 3192 4698 excitata
3237 4652 3410 4698 sunt:
3451 4642 3670 4698 demum

2105 4735 2361 4790 damnata
2420 4732 2571 4786 Pauli
2621 4730 2957 4788 Samosateni
3003 4741 3059 4788 et
3108 4732 3329 4790 Photini
3370 4734 3668 4804 impietate,

2105 4824 2380 4880 clauditur
2417 4823 2541 4879 ﬁdei
2574 4823 2826 4890 formula,
2855 4840 2964 4895 qua
3001 4826 3203 4881 nullam
3245 4833 3442 4897 quarto
3471 4826 3669 4883 sacule

2107 4914 2521 4969 luculentiorem
2544 4954 2560 4979 ,
2596 4914 2828 4985 ﬁdeique
2865 4914 3160 4972 Catholica
3188 4916 3669 4988 congruentiorem

2105 5006 2367 5076 reperias.

2241 5096 2317 5145 lV.
2343 5098 2417 5147 De
2439 5098 2877 5161 subseriptionibus
2898 5099 3237 5163 .‘Egyptiorum
3259 5101 3542 5163 prasulum.
3568 5148 3573 5153 ,

2176 5198 2288 5255 Hac
2328 5200 2471 5255 edita
2506 5200 2887 5265 confessione,
2915 5210 3164 5260 oratores
3202 5201 3670 5259 commendatitias

2107 5291 2316 5346 litteras
2346 5292 2414 5346 ab
2441 5290 2745 5348 Athanasio
2768 5294 3045 5364 postulant
3073 5295 3495 5366 impetrantque.
3533 5294 3672 5348 Tum

2106 5384 2435 5440 Athanasius
2477 5387 2790 5456 eaterique,
2819 5386 2910 5455 qui
2951 5386 3243 5441 conventui
3286 5386 3671 5449 interfuerant,
3705 5408 3714 5454 ς

2110 5475 2231 5532 ﬁdei
2279 5475 2672 5546 professionem
2725 5476 2999 5546 suffragiis
3030 5485 3084 5533 et
3123 5478 3529 5548 subscriptione
3574 5492 3672 5533 sua

2110 5567 2381 5623 muniunt.
2420 5566 2512 5622 Ha
2539 5582 2704 5638 porro
2746 5568 3176 5639 subscriptiones
3222 5570 3428 5623 mutila
3465 5568 3533 5622 ad
3573 5584 3672 5621 nos

2112 5657 2479 5725 devenerunt;
2522 5661 2594 5714 ita
2637 5669 2696 5715 ut
2725 5660 3008 5716 Athanasii
3044 5675 3266 5727 nomen,
3297 5660 3445 5731 quod
3470 5659 3670 5716 suffra-

404 5884 409 5895 1
493 5809 572 5879 (2)
604 5809 774 5879 Epist.
812 5813 898 5868 75.
941 5811 1073 5868 Vide
1111 5813 1236 5866 item
1262 5813 1420 5881 epist.
1459 5812 1736 5867 Athanasii
1775 5811 1840 5866 ad
1872 5811 2173 5879 Epictetum
2208 5815 2474 5870 Corinthi.
