4138 6428
466 372 484 424 1
501 370 595 427 297

1696 370 2037 433 MARCELLI
2070 378 2204 433 ANC
2218 378 2420 432 YiiANl

3556 381 3685 435 12.38

461 488 566 558 giis
604 486 744 540 haud
771 487 931 542 dubie
952 491 1294 560 pra’missum
1330 493 1522 560 fuerat,
1548 513 1654 549 non
1691 508 2022 567 compareat,
2055 504 2101 556 Α
2129 514 2231 550 non
2266 507 2440 552 tamen
2488 500 2698 555 licuisse
2748 506 2885 557 vobis
2930 505 3058 571 ipsis
3097 519 3203 556 rem
3255 504 3389 554 tanti
3441 511 3685 555 momenti

464 588 806 651 quatuorque
857 590 1063 637 tantum
1108 586 1401 654 praesulem
1461 588 1682 642 nomina
1723 591 2020 659 supersint.

463 671 679 726 Primus
727 680 812 727 est
852 672 1167 729 Thcodulus
1217 677 1534 749 ()xyrinrbi,
1572 681 1731 750 cujus
1772 682 2025 751 nuspiam

469 766 734 820 memoria
794 769 1054 822 occurrit.
1117 770 1265 825 Alter
1310 779 1424 836 est,
1484 771 1677 830 Plenes
1737 775 2027 844 episcopus

467 856 783 923 Hermothi,
830 860 943 916 sive
979 861 1278 927 llcrinethi,
1321 865 1367 919 is
1404 865 1539 935 ipse,
1580 874 1638 919 ut
1672 868 1905 931 videtur,
1935 868 2028 938 qui

470 952 541 1006 ab
581 950 890 1008 Alexandro
934 953 1241 1020 ordinatus,
1280 957 1347 1011 ab
1375 958 1593 1011 Arianis
1627 958 1681 1013 in
1715 959 2031 1014 Ammonia-

469 1058 590 1098 cam
638 1044 911 1115 relegatus
964 1046 1137 1102 fuerat
1194 1064 1338 1104 anno
1378 1051 1503 1113 556,
1549 1052 1751 1122 quique
1801 1052 1914 1122 jam
1978 1053 2030 1106 in

470 1136 793 1205 episcopatu
857 1150 1240 1196 consenuerat.
1310 1140 1527 1195 Tertius
1601 1152 1686 1197 cst
1754 1142 2033 1214 lschyrion

471 1227 761 1296 episcopus
796 1225 1023 1293 Leonte,
1059 1230 1172 1286 sive
1196 1229 1546 1303 Leontopolis
1581 1253 1591 1287 :
1634 1233 1773 1288 idem
1804 1235 2036 1290 fortasse

473 1318 568 1386 qui
609 1317 664 1370 in
696 1318 907 1388 synodo
938 1318 1101 1391 Tyria
1148 1336 1370 1377 causam
1410 1323 1695 1379 Athanasii
1742 1341 1866 1379 cum
1915 1326 2036 1380 aliis

478 1408 746 1481 ngyptiis
784 1412 1106 1479 praesulibus
1137 1423 1356 1470 strenue
1385 1416 1573 1485 gessit.
1605 1415 1919 1473 Postremus
1957 1426 2039 1472 est

477 1498 629 1554 lsaac
669 1500 982 1572 episcopus.
1023 1500 1193 1564 Cujus
1232 1505 1473 1560 nominis
1511 1506 1731 1576 quidam
1772 1508 2043 1578 reperitur

478 1594 620 1646 inter
646 1590 927 1662 Egyptios
964 1598 1253 1664 episcopos
1295 1595 1352 1650 in
1392 1596 1888 1667 subscriptionibm
1914 1595 2042 1652 Sar-

477 1679 815 1735 dicensibus.
846 1681 948 1735 Alii
979 1681 1393 1740 interciderunt.

890 1836 946 1884 V.
973 1836 1066 1895 Qui
1086 1836 1229 1888 fuerit
1253 1843 1437 1903 negotii
1462 1843 1641 1894 exitus.

550 1976 668 2031 lam
698 1993 827 2035 vero
860 1987 1048 2045 restat,
1081 1991 1139 2036 ut
1174 1984 1268 2053 qui
1299 1986 1434 2039 tanti
1480 1989 1683 2058 negotii
1721 1990 1899 2048 exitus
1928 1991 2044 2048 fue—

484 2072 551 2124 rit
586 2072 914 2141 aperiamus.
950 2074 1284 2133 Athanasius
1304 2092 1449 2133 anno
1479 2079 1584 2134 375
1603 2080 1893 2139 defunctus
1925 2096 2040 2139 est:

485 2162 774 2218 Marcellus
824 2179 953 2219 vero
1003 2168 1248 2235 sequenti
1280 2168 1383 2223 574
1425 2176 1483 2224 ιιι
1515 2171 1717 2225 dictum
1770 2184 1872 2228 est.
1920 2173 2047 2230 Post

483 2250 603 2320 ejus
634 2250 864 2319 obitum,
914 2254 1079 2322 paulo
1127 2263 1416 2327 antequam
1446 2258 1514 2313 de
1559 2256 1809 2316 Marcello
1840 2264 2040 2320 scribe-

487 2350 567 2395 ret
597 2340 950 2413 Epiphanius,
991 2361 1115 2399 nam
1157 2362 1273 2403 rem
1336 2350 1426 2404 ille
1454 2351 1744 2405 admodum
1783 2370 2047 2424 nuperam

486 2452 609 2492 esse
656 2436 1001 2503 testificatur,
1030 2440 1251 2509 quidam
1283 2440 1554 2513 Ancyrani
1588 2460 1652 2498 ex
1685 2445 1919 2502 Marcelli
1967 2450 2049 2504 di-

488 2527 732 2598 scipulis,
785 2527 973 2584 Patres
1022 2529 1371 2588 Diocazsareze
1421 2550 1520 2603 pro
1579 2536 1683 2591 [ide
1742 2540 2050 2596 exsulantes

489 2620 779 2690 adierunt;
836 2621 1090 2678 videlicet
1144 2622 1439 2689 Photinus,
1503 2627 1857 2695 Eustathius,
1916 2632 2053 2687 alter

492 2712 788 2779 Photinus,
845 2714 1109 2783 Sigerius,
1164 2717 1503 2787 presbyteri;
1564 2717 1808 2791 Hyginus
1875 2722 2055 2778 diaco-

489 2821 628 2871 nus,
679 2805 993 2861 Heraclides
1048 2806 1449 2873 subdiaconus,
1503 2809 1764 2880 Cyriacus
1822 2816 2055 2885 προστά-

489 2914 609 2968 της,
633 2897 687 2951 id
711 2905 813 2961 est,
848 2906 1114 2969 patronus
1145 2900 1230 2955 vel
1250 2899 1525 2965 defensor,
1554 2903 1890 2974 prolatisque
1914 2922 2058 2960 com-

492 2988 826 3045 mendatitiis
874 2999 929 3045 et
969 2991 1473 3046 communicatoriis
1526 2992 1809 3047 Athanasii
1862 2995 2056 3051 litteris

492 3094 630 3149 quas
675 3093 706 3133 a
740 3080 933 3150 legatis
966 3081 1265 3151 postulatas
1299 3081 1722 3152 impetratasque
1756 3100 1921 3156 supra
1952 3103 2058 3142 me-

2126 591 2457 657 permittere;
2504 592 2594 645 sed
2637 596 2927 659 oportuisse
2956 612 3134 649 eorum
3170 596 3257 662 qui
3296 604 3404 651 tam
3447 594 3501 646 in
3542 592 3673 646 Occi-

2127 678 2299 742 dente,
2348 696 2503 749 quam
2539 684 2593 734 in
2636 682 2848 736 Oriente
2877 697 3056 739 vestra:
3096 684 3475 737 cunmunionis
3515 691 3689 735 erant.

2129 772 2361 826 calculos
2410 781 2461 827 et
2507 770 2819 828 sententiam
2868 778 3007 829 circa
3055 776 3432 830 restitutionem
3481 774 3688 827 illorun

2129 875 2450 933 exspectare.
2494 864 2617 920 Ilaec
2672 865 2948 932 Basilius;
3004 868 3085 922 vel
3136 868 3390 937 ignorans
3438 881 3523 927 ea,
3574 878 3690 933 qua‘

2130 953 2473 1010 Alexandriae
2522 954 2576 1006 in
2624 955 2854 1022 gratiam
2893 954 3126 1009 Marcelli
3168 965 3221 1010 et
3265 956 3593 1009 asseclarum
3630 952 3691 1005 ab

2131 1045 2430 1100 Athanasio
2464 1053 2614 1115 gesta
2657 1044 2905 1110 fuerant;
2938 1046 3042 1108 vel,
3079 1054 3137 1100 ut
3166 1062 3292 1100 vero
3321 1046 3573 1107 similius,
3616 1059 3674 1095 ra

2135 1146 2223 1192 tus
2258 1136 2571 1192 Marcellum
2623 1143 2675 1190 et
2732 1135 3110 1192 Marcellianos
3163 1138 3214 1190 iu
3267 1137 3384 1191 ﬁdei
3428 1135 3693 1195 formulis,

2134 1243 2273 1298 quas
2320 1227 2621 1282 Athanasio
2674 1227 3304 1307 epDiocmsaricnsibus
3356 1227 3695 1287 obtulerant,

2137 1318 2365 1373 subdole
2393 1326 2446 1374 et
2480 1317 2852 1375 fraudulenter
2882 1322 3076 1391 egisse.
3125 1321 3237 1375 Etsi
3270 1334 3396 1373 vero
3436 1317 3693 1372 Diocaesa-

2137 1407 2398 1461 riensium
2434 1406 2501 1460 ad
2532 1406 2790 1463 Basilium
2823 1424 3144 1477 responsum
3185 1423 3452 1477 nusquam
3485 1421 3691 1475 compa-

2139 1507 2291 1566 reat,
2338 1516 2460 1553 cum
2505 1500 2667 1555 rebus
2701 1501 2853 1569 ipsis,
2899 1511 3010 1554 tum
3046 1500 3507 1570 subsequentibus
3539 1500 3703 1569 gestis

2140 1594 2522 1658 suadentibus,
2578 1594 2919 1664 exploratum
2984 1594 3211 1657 videtur,
3257 1591 3704 1647 Diocazsarienses

2145 1684 2352 1739 Basilio
2377 1686 2685 1756 reposuisse
2718 1704 2731 1739 :
2760 1701 2870 1740 non
2907 1686 3124 1741 licuisse
3153 1686 3254 1740 sibi
3292 1685 3377 1745 iis,
3406 1682 3497 1752 qui
3519 1695 3707 1735 omnes

2147 1776 2402 1832 Marcello
2440 1777 2733 1831 attributos
2760 1791 2977 1831 errores
3034 1776 3470 1846 proscripserant
3492 1770 3701 1825 anathe-

2146 1884 2395 1939 mateque
2419 1869 2765 1933 damnarant,
2800 1869 3003 1939 quique
3040 1868 3269 1940 symboii
3303 1865 3509 1920 Nicaani
3549 1864 3707 1917 fidem

2141 1962 2395 2032 professi,
2446 1964 2668 2031 insuper
2700 1976 2729 2015 a
2768 1976 2962 2030 magno
2997 1960 3087 2015 illo
3128 1958 3428 2013 Athanasio
3461 1956 3694 2025 aliisque

2146 2048 2415 2124 Aigyptiis
2448 2054 2719 2122 episcopis
2767 2054 2969 2121 recepti
3017 2051 3348 2118 admissique
3389 2049 3619 2108 fuerant,
3653 2054 3710 2098 ut

2144 2143 2385 2213 ejusdem
2421 2142 2703 2197 Athanasii
2728 2144 2920 2197 littera:
2957 2142 3112 2197 fidem
3152 2141 3441 2202 faciebant,
3471 2154 3709 2194 commu-

2145 2234 2364 2289 nionem
2422 2234 2850 2289 ecclesiasticam
2898 2234 3186 2304 denegare.
3237 2232 3332 2287 llis
3373 2232 3611 2288 demum.
3653 2238 3713 2285 ut

2145 2326 2368 2381 credere
2418 2333 2522 2391 est,
2573 2326 2853 2396 mitigatus
2919 2325 3194 2389 Basilius,
3248 2325 3374 2379 licet
3422 2340 3596 2394 aegre,
3646 2323 3713 2376 ad

2147 2416 2523 2471 Marcellianos
2552 2417 2891 2486 recipiendos
2920 2419 3162 2471 animum
3194 2416 3420 2486 appulit,
3447 2431 3508 2469 ea
3533 2423 3713 2468 tamen

2147 2510 2400 2563 cautione
2423 2517 2561 2563 utne
2578 2509 2853 2564 videretur
2866 2525 2923 2565 se
2950 2509 3015 2564 ad
3032 2506 3717 2563 Marcellianosacccssisse

2150 2600 2246 2655 sed
2279 2598 2661 2656 Marcellianos
2686 2600 2740 2654 in
2771 2599 3072 2655 Ecclesiam
3104 2599 3197 2653 Dei
3241 2599 3495 2653 reductos
3528 2596 3714 2652 fuisse.

2152 2690 2277 2745 Htec
2302 2691 2504 2762 quippe
2540 2692 2735 2748 scribit
2767 2690 2950 2761 (epist.
2975 2693 3102 2756 5:21)
3137 2691 3203 2744 ad
3238 2690 3451 2744 Petrum
3487 2687 3719 2742 Alexan-

2153 2783 2372 2838 drinum
2404 2785 2690 2853 pricsulem
2715 2803 2727 2838 :
2752 2783 3018 2848 Πολλάκις
3043 2780 3133 2839 οὖν
3160 2781 3404 2853 ὁχλτιοεὶς
3439 2780 3587 2852 παρὰ
3615 2780 3720 2833 τῶν

2155 2873 2428 2938 Γαλατῶν,
2479 2875 2733 2929 οὐδέποτε
2779 2876 3047 2945 ἠδυνήθην
3095 2876 3276 2938 αὐτοῖς
3330 2871 3722 2942 ἀποκρίνασθαι

2156 2965 2440 3035 ἀναμένων
2495 2966 2595 3029 τὰς
2650 2967 2921 3039 ὑμετέρας
2978 2967 3278 3038 ἐπικρίσεις
3333 2962 3720 3036 ίὰποκρίσειςῖ.

2160 3055 2270 3107 Καὶ
2298 3054 2410 3115 νῦν,
2436 3053 2530 3108 ἐὰν
2562 3057 2591 3107 ὁ
2615 3056 2819 3126 Κύριος
2842 3056 2936 3126 δῷ,
2963 3056 3056 3109 καὶ
3084 3054 3377 3126 θελήσωσιν
3401 3058 3560 3124 dvas)
3575 3051 3724 3108 ἐσθαι

495 3144 1394 3238 ιῖιίηἰιηυείηάοίὀοηΐοεεὶοηοηι
1445 3175 1610 3228 edunt
1635 3144 1744 3245 lii,
1785 3144 1874 3231 cui
1910 3195 2053 3249 sym-

2161 3145 2336 3215 ἡμῶν,
2373 3144 2664 3216 ἐλπίζομεν
2695 3146 2784 3199 τὸν
2811 3147 2938 3201 λαὸν
2972 3147 3258 3220 προσάξειν
3286 3149 3350 3216 τῇ
3395 3145 3719 3214 Ἐκκλησία·

496 3265 677 3319 bolum
716 3263 990 3319 Nicaanum
1039 3264 1391 3319 subnectunt.
1430 3264 1523 3318 Est
1570 3274 1751 3319 autem
1782 3267 2057 3322 confessio

497 3369 605 3408 non
640 3355 903 3409 absimilis
956 3354 1004 3408 ei
1045 3369 1206 3424 quam
1249 3353 1546 3409 Athanasio
1577 3356 1886 3410 obtulerant
1917 3375 1929 3409 :
1964 3374 2056 3411 ve-

498 3462 620 3501 rum
649 3446 709 3502 in
734 3447 836 3501 hac
862 3446 1084 3513 diserte,
1114 3447 1239 3519 τρία
1266 3446 1553 3518 πρόσωπα,
1596 3448 1711 3502 sive
1738 3455 1849 3502 tres
1878 3463 2059 3518 perso-

498 3554 598 3594 nas
645 3539 700 3592 in
754 3537 1019 3593 Trinitate
1060 3537 1405 3603 confitentur,
1448 3538 1588 3607 quod
1626 3554 1759 3593 sane
1814 3539 2059 3609 magistri

499 3628 583 3681 sui
625 3627 865 3682 Marcelli
913 3627 1150 3697 opinioni
1181 3627 1426 3696 apprime
1460 3633 1726 3680 consonat
1756 3644 1769 3681 :
1803 3640 1927 3679 nam
1971 3626 2061 3679 ille

500 3720 669 3775 Deum
718 3719 1117 3790 τριπρόσωπον,
1154 3718 1268 3773 sive
1302 3717 1711 3787 tripersonalem
1746 3732 1868 3773 esse
1907 3716 2059 3781 dicit,

500 3828 609 3882 qua
639 3812 706 3866 de
753 3827 813 3866 re
860 3820 1149 3865 accusatus
1196 3810 1264 3863 ab
1310 3808 1542 3864 Eusebio
1579 3809 1755 3864 fuerat
1790 3828 1802 3863 :
1845 3823 2062 3864 errores

502 3917 630 3957 vero
675 3900 1035 3956 Marcellianis
1068 3902 1333 3971 ascriptos
1368 3902 1714 3956 anathemate
1776 3902 2058 3956 damnant.

505 3991 599 4047 llis
624 3992 931 4063 conspectis
960 3989 1407 4047 Diocaesarienses
1438 3992 1799 4059 confessores,
1828 3994 1920 4063 qui
1952 3994 2065 4063 ple-

504 4085 658 4154 rique
692 4101 881 4141 omnes
910 4085 1205 4140 Athanasio
1238 4084 1534 4141 familiares
1559 4085 1793 4151 fuerant,
1823 4087 1972 4156 ipsos
1995 4087 2064 4141 ad

503 4177 939 4231 communionem
990 4177 1278 4245 recipiunt.
1329 4178 1398 4231 At
1449 4176 1899 4251 Basiliuslepist.
1938 4177 2064 4248 293)

502 4268 780 4323 ardentior
822 4266 1206 4323 ecciesiasticte
1235 4268 1354 4322 fidei
1402 4250 1740 4324 vindicanda:
1788 4268 2063 4338 cupidine,

503 4361 631 4428 quia
664 4360 831 4415 semel
858 4369 1177 4430 conceptam
1224 4358 1291 4413 de
1340 4358 1573 4413 Marcelli
1623 4361 1904 4430 impietate
1947 4361 2069 4430 epi-

505 4453 722 4507 nionem
760 4451 852 4506 vix
886 4452 1105 4506 missam
1153 4451 1332 4507 facere
1364 4459 1596 4523 poterat,
1629 4467 1752 4506 eum
1796 4450 2068 4506 Diocaesa-

505 4544 779 4598 riensihus
837 4543 1087 4612 patribus
1132 4560 1240 4597 non
1274 4544 1484 4598 leviter
1538 4543 1866 4612 expostulat,
1919 4542 2063 4612 quod

505 4633 881 4689 Marcellianos
939 4634 1007 4687 ad
1062 4637 1502 4691 communionem
1564 4634 1885 4690 inconsultis
1949 4634 2067 4688 aliis

510 4725 783 4795 episcopis
812 4723 1130 4779 admiserint
1161 4743 1172 4778 :
1209 4725 1283 4779 ait
1317 4741 1482 4781 vero:
1517 4727 1664 4790 Τέως
1720 4725 1777 4779 δὲ
1811 4725 1904 4778 νῦν
1936 4741 2068 4778 κατ-

507 4816 772 4881 αξιώσατε
824 4819 954 4886 ἡμῖν
996 4816 1311 4870 ἀποστεῖλαι
1345 4817 1443 4881 τὰς
1474 4818 1798 4887 προτάσεις,
1850 4816 1934 4885 ἐφ’
1984 4810 2071 4878 αἷς

507 4905 758 4971 ἐδέξασθε
800 4908 925 4969 τοὺς
975 4905 1328 4977 Μαρκέλλου⁸
1367 4910 1540 4961 ἐκεῖνο
1572 4908 1790 4973 εἰδότες,
1833 4910 1936 4973 ὅτι,
1969 4910 2073 4962 κᾶν

509 4997 649 5049 πάνυ
690 4995 752 5048 τὺ
784 4994 905 5048 καθ’
936 4996 1159 5057 ἑαυτοὺς
1203 4996 1594 5067 ἀσφαλὶσησϐε,
1635 4998 1816 5066 μόνοις
1860 5000 2074 5058 ἑαυτοῖς

508 5087 794 5157 ἐπιτρέψαι
825 5090 1055 5159 πρᾶγμα
1092 5087 1341 5141 τοσοῦτον
1374 5091 1473 5141 οὐκ
1503 5089 1769 5156 ὀφείλετε·
1809 5089 1941 5142 ἀλλὰ
1968 5090 2073 5160 χρὴ

511 5180 606 5232 καὶ
633 5180 759 5241 τοὺς
804 5180 863 5231 ἐν
896 5182 960 5249 τῇ
1009 5178 1176 5245 δύσει,
1219 5180 1311 5232 καὶ
1344 5179 1467 5243 τοὺς
1513 5181 1653 5234 κατὰ
1684 5179 1781 5250 τὴν
1814 5180 2075 5251 ἀνατολὴν

512 5271 860 5334 κοινωνικοὺς
914 5270 1235 5342 συμψήφους
1282 5271 1458 5325 αὐτῶν
1511 5275 1575 5342 τῇ
1634 5272 2074 5328 ἀποκαταστάσει

512 5363 794 5429 γενέσθαιο
853 5362 906 5416 id
955 5373 1083 5418 est:
1121 5363 1208 5416 Vel
1251 5379 1387 5416 nunc
1432 5364 1618 5417 saltem
1670 5363 1820 5417 nobis
1871 5366 2077 5419 mittere

512 5454 796 5522 dignemini
827 5456 1057 5508 rationes
1092 5463 1145 5507 et
1171 5471 1382 5517 causas,
1414 5454 1599 5524 quibus
1642 5453 1710 5508 ad
1756 5455 2074 5524 recipiendos

520 5542 757 5599 Marcelli
793 5547 1025 5615 gregales
1067 5544 1264 5599 inducti
1290 5547 1413 5599 estis
1446 5562 1463 5598 :
1496 5562 1598 5599 non
1646 5547 1828 5608 nescii,
1864 5547 2077 5600 etiamsi

519 5653 597 5687 res
637 5646 832 5690 vestras
880 5648 991 5691 tuto
1028 5649 1077 5691 et
1114 5637 1437 5692 considerate
1480 5640 1725 5692 statuisse
1773 5637 2073 5703 videamini,

592 5771 664 5832 (Ι)
706 5770 967 5831 Epiphan.
1007 5788 1057 5833 ι).
1094 5771 1211 5825 8-55.

2158 3235 2234 3299 ὼς
2255 3237 2328 3307 μὴ
2344 3237 2537 3299 αὐτοὺς
2565 3240 2711 3307 ἡμᾶς
2737 3238 3084 3302 ὀνειδίζεσθαι
3100 3238 3524 3309 Μαρκελλιανοῖς
3555 3253 3724 3307 προσ-

2160 3329 2551 3399 κεχωρηκέναι,
2586 3329 2700 3382 ἁλλ’
2745 3329 2983 3393 ἐκείνους
3022 3330 3154 3401 μέλη
3198 3329 3447 3397 γενέσθαι
3478 3328 3570 3382 τοῦ
3625 3328 3726 3382 σώ-

2165 3436 2331 3490 ματος
2365 3420 2464 3489 τῆς
2524 3419 2849 3490 Ἐκπλησίας
2881 3420 2973 3474 τοῦ
3006 3420 3241 3493 Χριστοῦ
3264 3437 3275 3449 ·
3324 3419 3464 3473 ὥστε
3501 3420 3591 3474 τὸν
3625 3438 3723 3473 πο-

2158 3513 2319 3584 νηρὸν
2353 3512 2518 3581 ψόγον
2557 3512 2648 3566 τὸν
2690 3513 3192 3568 κατασκεδασθέντα
3235 3516 3298 3567 ὲκ
3347 3515 3438 3585 τῆς
3469 3515 3728 3584 αἱρέσεως

2160 3604 2582 3674 ὲναφανισθῆναι
2602 3608 2667 3675 τῇ
2701 3605 2943 3675 ἡμετέρᾳ
2968 3604 3287 3677 προσλήψει,
3334 3606 3426 3660 καὶ
3473 3606 3546 3676 μὴ
3579 3607 3726 3676 ἡμᾶς

2162 3697 2619 3768 καταισχυνοῆναι
2647 3698 2721 3761 ὡς
2762 3698 3182 3770 προσθεμένους.
3213 3697 3401 3755 Craeca
3429 3696 3620 3753 afferre
3647 3699 3727 3751 vi-

2163 3806 2282 3845 sum
2308 3801 2411 3853 est,
2458 3790 2584 3860 quia
2631 3790 2858 3861 insignis
2906 3790 2995 3844 hic
3035 3791 3187 3845 locus
3235 3806 3265 3843 a
3301 3788 3514 3844 Micraeo
3559 3789 3728 3843 inter-

2164 3887 2317 3949 prete
2340 3888 2668 3950 praepostere
2689 3896 2879 3936 versus
2904 3880 3081 3936 fuerat
3110 3901 3122 3935 :
3163 3881 3243 3935 sic
3281 3895 3382 3935 nos
3414 3880 3725 3934 reddimus:

2166 3970 2372 4024 Calatis
2407 3971 2702 4042 frequenter
2737 3981 2785 4024 et
2825 3971 3036 4026 moleste
3068 3971 3394 4041 urgentibus,
3433 3970 3604 4025 adhuc
3630 3987 3728 4023 non

2164 4063 2310 4130 potui
2337 4062 2622 4133 quidquam
2666 4062 2991 4131 respondere,
3035 4063 3173 4134 quod
3217 4073 3440 4118 vestram
3472 4070 3733 4130 exspecta-

2167 4171 2274 4209 rem
2305 4157 2712 4224 responsionem.
2747 4154 2903 4209 Nunc
2929 4165 3124 4219 autem,
3156 4158 3202 4210 si
3238 4156 3424 4225 faverit
3458 4156 3731 4219 Dominus,

2167 4248 2415 4317 nobisque
2452 4249 2553 4314 ipsi
2588 4247 2830 4317 morigeri
2869 4262 2981 4300 esse
3016 4248 3191 4311 velint,
3222 4263 3489 4315 speramus
3519 4263 3610 4300 nos
3635 4262 3731 4314 po-

2168 4339 2349 4408 pulum
2383 4341 2435 4393 in
2473 4338 2763 4393 Ecclesium
2811 4337 3117 4392 reducturos
3160 4355 3306 4400 esse;
3351 4349 3405 4391 ut
3443 4355 3505 4391 ne
3531 4338 3732 4404 possint

2171 4435 2305 4488 illud
2340 4436 2490 4490 nobis
2521 4432 2860 4503 exprobrare,
2892 4449 2986 4486 nos
3022 4432 3089 4486 ad
3125 4432 3590 4486 Marcellianorum
3619 4447 3736 4499 pcr-

2172 4534 2248 4577 tes
2282 4525 2596 4589 accessisse;
2617 4523 2704 4577 sed
2726 4541 2839 4577 vere
2860 4521 3071 4576 dicatur
3089 4523 3210 4575 illos
3238 4523 3468 4577 membra
3498 4536 3732 4590 corporis

2172 4614 2419 4669 Ecclesia!
2433 4609 2632 4669 Christi
2647 4614 2813 4684 factos
2826 4632 2963 4677 esse;
2983 4616 3057 4668 ita
3073 4624 3127 4667 ut
3144 4618 3539 4684 circumquaque
3553 4630 3739 4682 sparsa

2171 4708 2426 4761 Iiwreseos
2445 4707 2592 4760 illius
2609 4709 2854 4776 infantia,
2870 4723 2959 4776 per
2987 4723 3165 4760 eorum
3182 4706 3250 4760 ad
3268 4723 3360 4760 nos
3392 4707 3736 4760 accessionem

2173 4800 2642 4869 admissionemque
2659 4799 2722 4852 de
2742 4799 2909 4853 medio
2932 4799 3171 4861 tollatur,
3193 4815 3350 4867 neque
3369 4815 3460 4851 nos
3492 4807 3738 4868 tanquam

2175 4890 2244 4943 ad
2268 4899 2442 4960 partes
2472 4906 2648 4943 eorum
2679 4890 3000 4953 accedentes,
3033 4890 3229 4957 pudore
3256 4909 3315 4943 ac
3347 4890 3594 4944 dedecore
3626 4891 3737 4959 a/Ii-

2175 4981 2400 5033 ciamur.
2432 4979 2554 5034 ilice
2573 4981 2835 5043 conditio,
2854 4980 2939 5034 hic
2974 4981 3167 5035 modus
3202 4996 3230 5033 a
3264 4980 3464 5035 Basilio
3492 4995 3589 5049 pro
3608 4980 3742 5033 Mar-

2175 5071 2422 5126 celliauis
2459 5070 2790 5140 recipiendis
2838 5072 3167 5140 propositus,
3218 5078 3271 5124 et
3304 5069 3464 5124 Petro
3512 5070 3743 5123 Alexan-

2175 5159 2334 5214 drino
2380 5159 2663 5215 Athanasii
2697 5160 3024 5224 successori,
3086 5170 3142 5214 nt
3200 5160 3489 5215 verisimile
3533 5168 3636 5224 est,
3692 5168 3744 5213 et

2180 5248 2561 5314 Marcellianis,
2602 5249 2693 5319 qui
2748 5266 2935 5319 pacem
2980 5260 3028 5305 et
3079 5251 3514 5305 communionem
3565 5259 3744 5305 tanto-

2178 5354 2306 5409 pere
2351 5338 2687 5409 llagitabant,
2726 5348 3013 5408 pergratus
3048 5355 3249 5410 perque
3290 5340 3566 5409 jucundus
3625 5340 3741 5394 fuit.

2178 5430 2314 5486 Nam
2347 5433 2449 5487 sub
2473 5434 2585 5487 haec
2617 5434 2763 5487 nulla
2785 5433 2852 5488 de
2883 5433 3134 5487 Marcello
3151 5434 3235 5487 vel
3268 5432 3488 5488 asseclis
3520 5433 3746 5501 quaestio

2181 5526 2439 5580 occurrit.
2475 5524 2629 5580 Hunc
2667 5525 2937 5590 ordinem,
2972 5533 3025 5581 et
3056 5527 3263 5580 exitum
3297 5525 3630 5581 Marcelliani
3660 5532 3748 5579 tu-

2182 5619 2386 5674 multus
2417 5616 2586 5673 fuisse
2617 5633 2826 5673 mecum
2864 5632 3022 5687 spero
3054 5616 3369 5672 fatebuntur
3396 5616 3615 5672 eruditi.
