4138 6430
460 410 598 467 ίῦοό

1669 407 2027 483 MARCELLI
2065 406 2418 464 ANCYRANI

3555 394 3696 451 i304

457 536 621 592 porro
652 523 718 578 de
749 523 906 579 nobis
950 525 1243 595 loquimur,
1285 526 1572 581 universos
1617 527 1745 581 item
1788 525 2018 596 populos

2135 534 2317 586 tavra;
2354 524 2500 593 ἡμᾶς
2544 522 2749 584 πάντας
2782 520 2961 585 λαούς·
2997 520 3056 573 ού
3099 517 3208 589 γὰρ
3236 517 3433 585 ὖλίγοι,
3464 512 3579 567 ἀλλ’
3603 514 3696 567 ἀν-

457 614 550 682 qui
585 629 684 669 nos
719 615 1006 681 miserunt,
1048 618 1142 688 qui
1175 633 1285 672 non
1316 619 1474 687 pauci
1509 633 1662 680 sane,
1696 618 1792 673 sed
1826 616 2027 688 ingenti

459 704 804 761 multitudine
831 718 982 771 sunt,
1014 709 1299 764 nobiscum
1333 724 1778 765 annumeramus.

527 794 581 849 2.
622 793 735 851 Nos
779 797 944 867 igitur
992 799 1044 852 in
1091 800 1283 866 primis
1317 801 1668 855 anathemate
1699 800 2028 855 damnamus

456 887 714 942 Arianam
743 889 1028 959 haeresim;
1057 892 1463 963 credimusque,
1500 891 1953 962 quemadmodum
1976 899 2030 946 et

457 979 647 1038 Patres
694 984 870 1039 nostri
924 984 982 1038 in
1029 984 1243 1039 Nicaena
1303 983 1515 1055 synodo
1579 984 1819 1041 confessi
1874 991 2025 1051 sunt,

456 1092 523 1129 ex
553 1075 861 1133 substantia
892 1075 1078 1134 Patris
1111 1093 1233 1133 esse
1264 1077 1461 1132 Filium
1497 1084 1551 1132 et
1579 1077 2030 1132 consubstantia-

454 1166 560 1221 lem
587 1165 762 1229 Patri,
795 1168 1081 1239 ipsumque
1108 1184 1283 1239 neque
1310 1183 1424 1224 rem
1446 1176 1684 1223 creatam
1710 1185 1885 1239 neque
1913 1186 2027 1225 rem

459 1255 654 1309 factam
685 1271 808 1313 esse
835 1275 848 1310 :
882 1272 1067 1311 verum
1091 1258 1271 1311 omnia
1301 1256 1516 1328 Opiﬁcia
1549 1272 1647 1326 per
1674 1259 1852 1329 ipsum
1883 1258 2029 1317 facta

457 1347 646 1405 fuisse.
697 1347 882 1419 Neque
926 1349 1070 1403 enim
1111 1363 1402 1405 censemus
1441 1351 1606 1404 alium
1647 1365 1772 1407 esse
1806 1350 2026 1416 Filium,

456 1440 624 1494 alium
650 1455 772 1496 esse
796 1438 1055 1506 Verbum,
1089 1448 1149 1495 ut
1180 1438 1402 1511 quidam
1438 1457 1540 1496 nos
1570 1442 1779 1498 sentire
1811 1443 2028 1498 mentiti

456 1537 620 1594 sunt;
655 1529 749 1585 δρᾶ
786 1531 965 1599 ipsum
1008 1528 1246 1585 Verbum
1279 1547 1401 1587 esse
1432 1531 1651 1598 Filium,
1679 1533 2025 1604 sapientiam,

455 1623 711 1675 virtutem
742 1619 940 1686 Patris,
980 1623 1037 1676 in
1076 1638 1184 1693 qua
1216 1625 1421 1692 omnia,
1452 1632 1511 1679 ut
1543 1639 1644 1680 nos
1668 1624 1856 1679 docuit
1884 1627 2030 1696 Apo-

456 1713 630 1767 stolus
653 1714 671 1745 ¹
718 1729 843 1768 cum
875 1715 1138 1775 visibilia.
1171 1724 1286 1771 tum
1326 1716 1644 1783 invisibilia,
1676 1717 1791 1773 sive
1822 1718 2027 1783 throni,

456 1804 571 1858 sive
587 1802 1014 1870 dominationes,
1035 1807 1150 1862 sive
1168 1807 1528 1877 principatus,
1550 1807 1667 1863 sive
1692 1816 2026 1878 potestates;

454 1898 639 1951 omnia
680 1897 897 1952 demum
932 1913 1027 1968 per
1056 1900 1235 1970 ipsum
1267 1906 1321 1955 et
1349 1900 1402 1953 in
1437 1893 1615 1970 ipsum
1654 1909 1837 1955 creata
1877 1908 2026 1956 sunt.
2062 1888 2102 1941 Β

454 1988 591 2044 Cum
625 1990 696 2045 ita
732 2005 897 2061 porro
932 1992 1254 2054 sentiamus,
1290 1992 1640 2047 anathemate
1673 1991 1900 2049 ferimus
1930 2011 2030 2049 no-

456 2081 705 2134 minatim
727 2081 1115 2153 impiissimum
1141 2082 1464 2149 Sabellium,
1496 2093 1550 2141 et
1575 2100 1699 2140 cum
1731 2084 1851 2155 ipso
1873 2094 2033 2156 quot-

454 2179 591 2241 quot
627 2171 747 2241 ejus
776 2171 1043 2227 doctrinte
1073 2173 1464 2243 astipulantur,
1495 2182 1549 2229 et
1588 2174 1799 2237 dicunt,
1853 2175 2031 2245 ipsum

454 2259 669 2316 Patrem
696 2276 819 2318 esse
847 2261 1076 2329 Filium;
1112 2264 1400 2335 ipsumque
1451 2265 1671 2335 quando
1718 2264 1889 2323 Filius
1919 2267 2033 2322 elﬁ-

455 2356 621 2421 citur,
656 2370 765 2410 non
801 2355 1032 2411 ulterius
1062 2371 1186 2412 esse
1223 2355 1476 2423 Patrem;
1511 2367 1565 2413 et
1594 2360 1815 2430 quando
1856 2360 2034 2416 ﬁtPa-

453 2453 560 2509 ter,
593 2461 701 2501 non
729 2461 853 2502 esse
889 2455 1018 2502 tunc
1048 2445 1267 2502 Filium.
1315 2447 1428 2504 Nos
1468 2452 1667 2521 quippe
1713 2451 2036 2508 conﬁtemur

454 2534 672 2594 Patrem
703 2545 987 2603 aeternum,
1022 2538 1162 2594 Filio
1196 2548 1404 2596 eterno
1442 2550 1696 2600 exstante
1743 2559 1808 2599 ac
1853 2545 2038 2601 subsi-

458 2637 671 2696 stente;
709 2629 970 2701 Spiritum
1018 2648 1239 2705 quoque
1286 2643 1538 2691 sanctum
1580 2637 1910 2706 sempiterne
1941 2654 2037 2694 ex-

456 2728 691 2778 stantem
720 2731 882 2793 atque
909 2724 1321 2781 subsistentem.
1352 2724 1471 2781 Non
1520 2727 1666 2782 enim
1709 2727 2035 2785 Trinitatem

457 2814 577 2869 sine
592 2813 948 2870 subsistentia
963 2816 1077 2872 sive
1102 2815 1383 2889 hyposmsi
1414 2819 1650 2874 dicimus
1667 2835 1788 2875 eSse
1808 2861 1822 2884 ,
1847 2838 2036 2877 verum

457 2903 512 2956 in
547 2903 824 2974 hypostasi
857 2905 1032 2974 ipsam
1061 2907 1475 2975 cognoscimus.

528 2993 582 3048 5.
625 2991 754 3058 Sed,
779 2994 995 3049 etiamsi
1042 2995 1158 3050 haec
1194 2997 1331 3053 satis
1368 2997 1474 3053 sint
1498 2997 1565 3052 ad
1597 3010 2039 3055 commonstran—

456 3086 586 3141 dum
609 3085 797 3141 eadem
834 3102 935 3143 nos
967 3094 1131 3156 atque
1157 3086 1345 3145 Patres
1372 3092 1545 3147 nostri
1575 3092 1845 3148 sententia
1879 3109 2033 3157 esse,

458 3186 698 3234 attamen
721 3179 848 3249 quia
878 3181 1129 3235 nonnulli
1162 3190 1312 3240 sunt.
1345 3185 1436 3254 qui
1471 3200 1594 3240 cum
1626 3186 2038 3265 dissimulanter

459 3271 817 3342 proﬁteantur
848 3288 908 3329 se
946 3274 1171 3328 minime
1201 3291 1324 3330 cum
1365 3277 1497 3332 Ario
1525 3279 1751 3343 sentire,
1786 3279 1925 3334 idem
1956 3288 2031 3334 tat
2064 3264 2107 3287 ³

457 3381 578 3421 men
601 3367 744 3436 quod
773 3367 864 3422 ille
896 3368 1180 3435 sentiunt;
1223 3376 1386 3439 atque
1424 3370 1639 3436 dicunt,
1674 3370 1872 3425 Filium
1909 3373 2034 3440 qui-

456 3455 577 3511 dem
601 3456 920 3513 dissimilem
947 3473 1069 3512 esse
1089 3457 1260 3523 Patri,
1289 3460 1549 3530 Spiritum
1573 3471 1755 3518 autem
1782 3474 2034 3518 sanctum

456 3564 579 3604 esse
615 3565 727 3605 rem
762 3558 1023 3617 creatam,
1058 3566 1333 3622 unamque
1376 3569 1441 3607 ex
1489 3555 1654 3610 rebus
1686 3556 1876 3616 factis:
1910 3572 2035 3610 cum

454 3658 579 3703 nos,
609 3650 722 3696 tum
750 3642 910 3712 ii.qui
948 3656 1049 3698 nos
1083 3643 1190 3698 huc
1213 3644 1557 3715 delegarunt,
1587 3646 1899 3717 hujusmodi
1929 3649 2038 3703 ha:-

456 3748 610 3788 reses
643 3734 989 3789 anathemate
1026 3735 1270 3791 ierimus.
1312 3736 1499 3808 Neque
1530 3740 1675 3793 enim
1713 3738 1886 3797 Filius
1918 3742 2036 3797 dis-

459 3822 657 3879 similis
682 3830 771 3878 est‘
788 3822 957 3892 Patri,
981 3826 1074 3880 sed
1108 3829 1596 3885 consubstantialis
1624 3831 1728 3900 ipsi
1751 3829 1902 3885 Patri
1929 3841 2033 3899 est;

458 3929 637 3983 neque
663 3912 901 3983 Spiritus
932 3923 1155 3972 sanctus
1187 3934 1273 3972 res
1314 3926 1401 3973 est
1440 3928 1645 3983 creata,
1691 3934 1785 3975 aut
1819 3938 1927 3976 una
1969 3939 2037 3978 ex

457 4006 624 4060 rebus
656 4005 910 4071 conditis,
968 4008 1064 4062 sed
1110 4015 1313 4064 sanctae
1356 4008 1647 4067 Trinitatis
1678 4020 1763 4067 est
1811 4034 1824 4069 :
1875 4026 2037 4085 atque

461 4097 796 4153 conﬁdenter
826 4096 1165 4166 proﬁtemur,
1199 4100 1338 4155 nihil
1373 4101 1592 4158 aliunde
1628 4104 1914 4160 inductum
1943 4116 2037 4161 aut

459 4199 701 4245 creatum
753 4192 806 4244 in
849 4200 1040 4246 sancta
1087 4190 1354 4248 Trinitate
1406 4208 1547 4251 esse.
1600 4194 1736 4251 Nam
1796 4194 2037 4269 Spiritus

460 4283 769 4338 sanctitatis
821 4291 924 4347 est,
984 4298 1092 4339 non
1156 4284 1252 4355 qui
1312 4285 1710 4352 sanctiﬁcetur,
1745 4304 1933 4344 verum
1979 4292 2036 4345 in

459 4390 570 4444 quo
608 4390 798 4430 omnes
835 4378 1009 4430 sancti
1039 4377 1471 4432 sanctiﬁcantur.
1504 4378 1774 4436 Perfectio
1827 4384 2031 4454 quippe

460 4477 647 4522 nostra
694 4471 747 4522 in
791 4466 952 4522 Patre
989 4477 1043 4523 et
1093 4467 1232 4524 Filio
1275 4479 1331 4526 et
1377 4468 1587 4540 Spiritu
1636 4481 1829 4528 sancto
1874 4475 2039 4531 datur

2129 613 2427 685 αρίθμητον
2467 612 2667 683 πλῆθός
2697 615 2852 665 εἰσιν.

2197 815 2251 868 2.
2306 816 2499 885 Ἡμεῖς
2538 831 2717 868 τοινυν
2760 811 3182 885 προηγουμένως
3227 809 3326 880 μὲν
3369 803 3694 876 ἀναθεματί-

2130 905 2294 978 ζομεν
2329 908 2428 978 τὴν
2473 907 2752 977 Ἀρειανὴν
2791 907 3020 980 αἵρεσιν·
3052 901 3379 970 πιστεύομεν
3417 897 3495 962 δὲ,
3539 896 3615 959 ὡς
3646 896 3695 948 οί

2130 1000 2372 1071 Πατὲρες
2402 1000 2559 1071 ἡμῶν
2593 999 2947 1071 ὡμολόγησαν
2977 1000 3034 1051 ὲν
3068 998 3133 1066 τῇ
3159 993 3300 1049 κατὰ
3335 991 3570 1045 Νίκαιαν
3604 1005 3697 1056 γε-

2130 1092 2329 1163 νομένῃ
2366 1091 2586 1161 συνόδῳ·
2626 1093 2692 1144 ἐκ
2729 1091 2828 1162 τῆς
2855 1089 3042 1151 οὐσίας
3071 1086 3163 1140 τοῦ
3193 1084 3407 1155 Πατρὸς
3437 1078 3577 1135 εἶναι
3604 1079 3697 1133 τὸν

2132 1186 2257 1239 Υἰὸν
2283 1185 2376 1238 καὶ
2398 1184 2679 1253 ὀμοούσιον
2702 1183 2780 1254 τῷ
2812 1181 3007 1253 Πατρὶ,
3038 1180 3133 1236 καὶ
3156 1180 3294 1250 μήτε
3326 1175 3531 1246 κτίσμα
3562 1173 3697 1244 μήτε

2131 1277 2339 1348 ποίημα
2361 1274 2497 1328 εἶναι
2535 1276 2715 1329 αὐτόν·
2741 1273 2876 1328 ἀλλὰ
2906 1273 2973 1326 δι’
3001 1271 3165 1326 αὐτοῦ
3194 1270 3371 1324 πάντα
3402 1266 3471 1321 τὰ
3496 1262 3697 1334 γενητὰ

2128 1367 2472 1439 γεγενῆσθαι.
2509 1367 2585 1439 (5)
2618 1367 2691 1422 Ού
2719 1366 2827 1438 γὰρ
2851 1364 3006 1420 ἄλλον
3034 1363 3123 1416 τὸν
3156 1360 3284 1414 Υίὺν
3314 1358 3408 1412 καὶ
3430 1355 3585 1411 ἄλλον
3606 1353 3697 1407 τὸν

2128 1460 2300 1528 Λόγον
2329 1458 2651 1530 φρονοῦμεν,
2696 1456 2771 1520 ὥς
2808 1474 2954 1521 τινες
2979 1456 3123 1527 ἡμᾶς
3144 1451 3410 1515 διέϐαλον,
3441 1446 3576 1502 ἀλλὰ
3605 1444 3698 1498 τὸν

2130 1553 2300 1621 Λόγον
2326 1548 2463 1606 εἶναι
2494 1552 2642 1617 Υἱὸν,
2683 1550 2891 1620 σοφίαν,
2924 1547 3150 1618 δύναμιν
3181 1544 3273 1597 τοῦ
3314 1541 3545 1612 Πατρὸς,
3576 1540 3633 1591 ὲν

2129 1645 2196 1698 τὰ
2233 1646 2429 1710 πάντα,
2475 1645 2550 1709 ὼς
2591 1642 2829 1708 ἐδίδαξεν
2863 1644 2892 1695 ό
2941 1638 3280 1700 Ἀπόστολος,
3322 1635 3391 1688 τά
3428 1650 3489 1686 τε
3527 1630 3699 1702 ὁρατὰ

2130 1739 2223 1791 καὶ
2262 1737 2331 1790 τὰ
2365 1738 2590 1808 ἀόρατα,
2638 1736 2749 1789 εἴτε
2798 1736 2995 1805 θρόνοι,
3045 1734 3153 1786 εἴτε
3198 1729 3540 1800 κυριότητες,
3588 1724 3707 1777 εἴτε

2130 1830 2313 1901 ἁρχαὶ,
2353 1829 2462 1883 εἴτε
2495 1828 2754 1897 ἐξουσίαι,
2790 1828 2857 1881 τὰ
2886 1826 3061 1880 πάντα
3089 1825 3156 1879 δι’
3189 1822 3353 1878 αὐτοῦ
3383 1821 3477 1874 καὶ
3502 1821 3581 1882 είς
3601 1817 3699 1871 αύ-

2131 1924 2220 1976 τὸν
2256 1922 2523 1976 ἐκτίσθαι.
2573 1921 2730 1975 Οὕτω
2764 1921 2821 1973 δὲ
2871 1918 3189 1992 φρονοῦντες
3234 1911 3700 1986 άναθεματίζομεν

2130 2017 2224 2071 καὶ
2254 2015 2313 2080 ἐξ
2334 2017 2597 2087 ὀνόματος
2623 2015 2711 2068 τὸν
2736 2013 3094 2067 ἀσεϐέστατον
3116 2009 3427 2070 Σαϐἐλλιον,
3457 2006 3554 2059 καὶ
3583 2002 3701 2075 μετ’

2131 2100 2293 2161 αὑτοῦ
2324 2109 2450 2170 τοὺς
2478 2107 2545 2161 τὰ
2575 2109 2783 2161 ἐκείνου
2819 2107 3165 2179 φρονοῦντας,
3195 2103 3291 2157 καὶ
3314 2101 3570 2176 λέγοντας
3602 2097 3701 2149 αὑ·

2130 2201 2221 2253 τὸν
2248 2200 2340 2254 τὸν
2375 2200 2594 2273 Πατέρα
2622 2197 2761 2255 εἶναι
2779 2201 2924 2255 Υίόν·
2958 2202 3052 2254 καὶ
3082 2200 3170 2253 ὅτε
3201 2199 3296 2269 μὲν
3321 2195 3529 2266 γίνεται
3552 2192 3702 2256 Υἱὸς,

2137 2292 2209 2364 μὴ
2245 2289 2383 2346 εἶναι
2415 2295 2533 2347 τότε
2568 2295 2730 2348 αὐτὸν
2759 2296 2999 2367 Πατέρα·
3034 2295 3120 2347 ὅτε
3152 2292 3208 2345 δὲ
3241 2292 3450 2361 γίνεται
3488 2289 3701 2358 Πατὴρ,

2137 2386 2211 2456 μὴ
2245 2381 2385 2441 εἶναι
2405 2388 2526 2461 τότε
2553 2388 2699 2441 Υίόν.
2733 2388 2924 2459 Ἡμεῖς
2949 2387 3056 2461 γὰρ
3087 2382 3453 2456 ὁμολογοῦμεν
3487 2381 3700 2452 Πατέρα

2136 2475 2326 2540 ἀίδιον,
2354 2476 2483 2530 Υίοῦ
2512 2477 2683 2532 ἀϊδίου
2711 2478 2863 2541 ὄντος
2898 2480 2990 2531 καὶ
3019 2476 3346 2546 ὑφεστῶτος·
3365 2474 3459 2528 καὶ
3482 2472 3698 2542 Πνεῦμα

2135 2565 2288 2633 ἅγιον
2325 2567 2510 2630 arcem;
2545 2567 2605 2620 ὃν
2649 2567 2743 2620 καὶ
2777 2567 3024 2637 ύφεστός.
3065 2568 3139 2620 Οὐ
3181 2563 3291 2635 γὰρ
3335 2561 3698 2617 ἀνυπόστατον

2134 2658 2232 2729 τὴν
2277 2658 2483 2730 Τριάδα
2524 2660 2787 2731 λέγομεν·
2833 2660 2910 2731 (4)
2960 2658 3073 2712 ἀλλ’
3110 2659 3166 2710 ὲν
3209 2657 3502 2710 ὑποστάσει
3538 2652 3699 2724 αὐτὴν

2137 2749 2496 2821 γινώσκομεν.

2209 3017 2262 3071 5.
2304 3018 2411 3071 Καὶ
2434 3021 2482 3071 εἰ
2508 3019 2757 3090 αὐτάρκη
2778 3021 2953 3074 ταῦτα
2969 3021 3137 3089 δεῖξαι
3163 3022 3261 3095 τὴν
3284 3024 3418 3095 πρὸς
3438 3027 3565 3089 τοὺς
3593 3029 3703 3080 Παο

2139 3111 2303 3181 τέρας
2340 3110 2497 3182 ἡμῶν
2540 3115 2935 3186 ὁμοφροσύνην·
2974 3118 3144 3187 ὅμως,
3185 3119 3367 3191 ἐπειδή
3414 3136 3557 3183 τινες
3599 3120 3702 3185 τῶν

2139 3201 2624 3276 ἐπαγγελλομένων
2666 3205 2739 3276 μὴ
2787 3208 3000 3276 φρονεῖν
3032 3207 3100 3261 τὰ
3148 3208 3377 3277 Ἀρείου,
3418 3210 3703 3282 ὐποκρινὸ-

2142 3314 2292 3368 μενοι
2327 3298 2602 3370 φρονοῦσι,
2627 3299 2875 3368 λέγοντες
2901 3300 2992 3355 τὸν
3023 3302 3124 3372 μὲν
3151 3284 3276 3356 Υίὸν
3301 3304 3549 3375 ἀνόμοιον
3572 3301 3712 3361 εἶναι

2137 3388 2231 3440 τοῦ
2273 3390 2501 3463 Πατρὸς,
2537 3390 2598 3443 τὸ
2639 3390 2695 3444 δὲ
2730 3391 2955 3462 Πνεῦμα
2991 3394 3051 3445 τὸ
3085 3395 3237 3462 ἅγιον
3278 3397 3483 3467 κτίσμα
3521 3399 3616 3451 καὶ
3652 3399 3711 3452 ἓν

2136 3478 2244 3532 τῶν
2279 3480 2597 3550 ποιημάτων
2626 3483 2772 3534 ἐστίν
2790 3484 2825 3512 ⁸·
2850 3482 3336 3554 ἀναθεματίζομεν,
3358 3487 3517 3556 ἡμεῖς
3542 3504 3600 3540 τε
3618 3490 3711 3543 καὶ

2138 3571 2187 3622 οἱ
2231 3571 2647 3636 ἀποστείλαντες
2686 3576 2854 3644 ἡμᾶς,
2898 3576 2994 3639 τὰς
3026 3576 3263 3649 αἱρέσεις
3304 3578 3527 3643 ταύτας.
3575 3580 3711 3635 Οὔτε

2139 3666 2248 3735 γὰρ
2285 3665 2535 3735 ἀνόμοιος
2565 3668 2594 3718 ὁ
2628 3666 2758 3730 Υἱὸς
2792 3667 2870 3739 τῷ
2907 3670 3106 3741 Πατρὶ,
3148 3670 3261 3722 ἀλλ’
3288 3671 3571 3742 όμοούσιός
3598 3673 3707 3725 ἐστι

2139 3752 2216 3824 τῷ
2261 3755 2454 3827 Πατρὶ·
2491 3756 2616 3809 οὔτε
2650 3758 2711 3811 τὸ
2752 3758 2976 3831 Πνεῦμα
3012 3760 3072 3814 τὸ
3109 3763 3261 3830 ἆγιον
3301 3764 3539 3828 κτιστὸν,
3586 3766 3620 3835 ἢ
3656 3765 3711 3818 ἓν

2139 3846 2247 3900 τῶν
2271 3849 2587 3919 ποιημάτων
2625 3851 2792 3917 ἐστὶν,
2829 3852 2966 3908 ἀλλὰ
2997 3854 3096 3925 τῆς
3120 3855 3282 3924 ἁγίας
3311 3857 3540 3928 Τριάδος
3573 3858 3711 3912 ἐστί·

2140 3938 2233 3991 καὶ
2255 3926 2697 4011 τεθαρῤήκαμεν,
2724 3942 2805 3995 ὅτι
2836 3943 2989 3997 οὐδὲν
3017 3945 3339 4001 ἐπείσακτον
3362 3926 3489 4001 οὐδὲ
3510 3948 3710 4019 κτίσμα

2140 4028 2286 4082 ἐστὶν
2317 4030 2374 4084 ἐν
2413 4034 2478 4103 τῇ
2522 4033 2729 4104 Τριάδι.
2771 4034 2996 4107 Πνεῦμα
3035 4037 3142 4110 γὰρ
3191 4040 3501 4111 ἁγιωσύνης
3543 4041 3710 4095 ἐστίν·

2138 4121 2237 4193 οὺχ
2277 4123 2658 4195 άγιαζόμενον,
2696 4126 2809 4180 ἀλλ’
2851 4129 2908 4181 ἐν
2948 4129 3098 4201 αὑτῷ
3146 4131 3364 4185 πάντων
3401 4133 3508 4187 τῶν
3543 4133 3713 4202 ἁγίων

2139 4213 2535 4284 ἁγιαζυμένων.
2569 4219 2679 4271 Καὶ
2708 4218 2816 4289 γὰρ
2860 4223 2892 4290 ἡ
2933 4220 3207 4294 τελειότης
3243 4223 3399 4294 ἡμῶν
3440 4226 3495 4277 ἐν
3536 4224 3712 4296 Πατρῒ

2140 4306 2233 4358 καὶ
2258 4305 2376 4377 Υἱῷ
2400 4308 2494 4360 καὶ
2514 4308 2656 4380 ἁγίῳ
2681 4310 2959 4381 Πνεύματι
2980 4313 3202 4378 δίδοται,
3234 4316 3327 4367 καὶ
3352 4315 3578 4383 γίνεται.
3604 4316 3711 4372 Καὶ

2143 4397 2239 4466 μία
2274 4399 2456 4464 πίστις
2497 4402 2646 4454 ἐστὶν
2680 4404 2759 4469 εἰς
2787 4403 2884 4456 ἕνα
2915 4403 3048 4457 Θεὸν
3080 4405 3148 4458 δι’
3174 4405 3303 4459 Υίοῦ
3340 4408 3397 4460 ὲν
3436 4407 3712 4478 Πνεύματι

2139 4489 2297 4558 ἁγίῳ.
2334 4490 2507 4562 ’Υπὲρ
2542 4492 2784 4557 πλείονος
2808 4494 2937 4561 γοῦν
2970 4497 3294 4569 μαρτυρίας,
3320 4498 3713 4571 ἀναθεματίζο-

461 4569 624 4629 atque
664 4560 915 4615 ellicitur.
966 4560 1197 4630 Unaque
1242 4560 1375 4616 ﬁdes
1414 4569 1499 4617 est
1540 4563 1597 4617 in
1633 4580 1801 4619 unum
1860 4566 2032 4623 Deum

2145 4597 2244 4650 μεν
2267 4582 2394 4644 τοὺς
2423 4560 2749 4650 φρονοῦντας
2782 4560 2875 4638 καὶ
2906 4560 3180 4656 λέγοντας·
3210 4560 3318 4642 ’Πν
3350 4560 3714 4661 ποτέμονάς,

461 4668 558 4720 per
618 4650 817 4706 Filium
878 4653 934 4706 in
993 4650 1197 4722 Spiritu
1255 4662 1466 4709 sancto.
1528 4654 1802 4714 Plenioris
1851 4661 2037 4731 itaque

462 4745 796 4816 maiorisque
865 4746 1161 4800 testimonii
1237 4762 1439 4811 causa,
1498 4751 1845 4807 anathemate
1910 4755 2040 4808 l'eri-

462 4851 585 4890 mus
620 4850 717 4891 eos
749 4836 840 4906 qui
886 4822 1129 4890 sentiunt
1164 4852 1231 4893 ac
1265 4837 1458 4892 dicunt
1504 4856 1517 4892 :
1568 4838 1692 4895 Fuit
1733 4842 2036 4913 aliquando

460 4943 668 4990 manas,
710 4929 828 4983 sive
855 4927 1058 4991 unitas,
1105 4944 1229 4983 cum
1276 4930 1516 4986 nondum
1557 4944 1707 4988 esset
1740 4933 1947 5003 Filius;
1983 4945 2037 4993 et.

463 5017 566 5071 l'uit
587 5018 881 5089 aliquando
904 5019 1060 5090 dyas,
1088 5022 1244 5090 quasi
1268 5021 1483 5077 dicatur
1509 5022 1713 5088 duitas,
1739 5041 1864 5083 cum
1892 5045 2030 5085 non-

461 5109 590 5165 dum
622 5120 767 5167 esset
794 5111 1032 5182 Spiritus
1063 5121 1309 5169 sanctus.
1346 5112 1563 5169 Scimus
1597 5118 1743 5171 enim
1774 5131 2024 5177 sanctam

2145 4671 2220 4742 μὴ
2250 4670 2403 4735 ὄντος
2434 4673 2584 4726 Υίοῦ·
2627 4677 2721 4729 καὶ
2758 4674 2823 4748 ἦν
2864 4696 2992 4733 ποτε
3029 4681 3198 4748 δυὰς,
3245 4683 3318 4757 μὴ
3364 4684 3516 4749 ὄντος
3561 4686 3714 4754 ἁγίου

2143 4762 2475 4834 Πνεύματος·
2518 4766 2685 4821 ἀΐδιον
2723 4771 2832 4842 γὰρ
2865 4772 2960 4825 καὶ
2996 4774 3291 4829 ἁειτελείαν
3337 4776 3578 4848 οἴδαμεν,
3622 4779 3713 4831 καὶ

2141 4855 2402 4920 ὡσαύτως
2433 4856 2662 4928 ἔχουσαν
2694 4862 2790 4933 τὴν
2825 4865 2987 4934 ἁγίαν
3026 4868 3251 4939 Τριάδα.
3294 4869 3385 4922 Διὸ
3426 4870 3690 4924 καὶ·άλλο

2142 4945 2323 5016 τρίους
2352 4949 2450 5018 τῆς
2491 4950 2818 5021 Ἐκκλησίας
2854 4954 3051 5027 ἔχομεν
3093 4959 3219 5022 τοὺς
3254 4959 3584 5031 φρονοῦντας
3624 4963 3714 5015 καὶ

2141 5036 2415 5106 λέγοντας·
2449 5039 2556 5095 Ἦν
2584 5057 2712 5098 ποτε
2739 5047 2827 5101 ὅτε
2855 5049 2956 5102 οὐκ
2984 5045 3053 5121 ἦν
3083 5052 3111 5104 ὁ
3138 5051 3284 5116 Υἱὸς,
3309 5055 3402 5109 καὶ
3426 5054 3506 5107 ὅτι
3529 5053 3590 5119 ἐξ
3618 5055 3719 5108 οὐκ

2141 5130 2308 5185 ὅντων
2334 5134 2551 5201 ἐγένετο
2579 5138 2640 5191 τὸ
2667 5140 2888 5210 Πνεῦμα
2919 5140 2981 5195 τὸ
3011 5143 3187 5212 ἅγιον.

462 5203 782 5263 Trinitatem
807 5210 1217 5299 sempiternam,
1247 5226 1462 5280 semper
1487 5213 1783 5280 perfectam
1815 5216 2006 5285 fuisse,
2044 5238 2107 5279 ac
2131 5227 2319 5283 eodem
2373 5232 2533 5287 modo
2572 5250 2632 5289 se
2666 5235 2943 5292 habuisse.
3013 5237 3382 5306 Quamobrem
3423 5240 3492 5295 ab
3535 5240 3719 5296 Ecclc~

461 5297 541 5352 sia
589 5300 860 5355 catholica
906 5303 1111 5359 alienos
1156 5316 1470 5376 reputemus
1517 5323 1613 5364 eos
1652 5312 1745 5380 qui
1812 5318 2060 5371 sentiunt
2098 5327 2258 5391 atque
2287 5326 2512 5383 dicunt:
2564 5328 2694 5383 Fuit
2728 5348 2852 5386 cum
2903 5297 3193 5391 nonwesset
3227 5334 3420 5402 Filius,
3454 5347 3619 5408 atque
3651 5354 3720 5393 ex

461 5408 571 5448 non
598 5398 941 5453 exstantibus
973 5396 1147 5454 factus
1179 5408 1263 5455 est
1297 5400 1532 5470 Spiritus
1557 5412 1804 5460 sanctus.

534 5490 551 5520 ²
581 5488 796 5547 Coloss.
831 5508 870 5558 ι,
907 5493 994 5547 16.

638 5609 777 5667 Vide
802 5612 1099 5671 Diatribam
1132 5627 1376 5673 nostram
1408 5618 1477 5674 de
1505 5618 1780 5677 Marcello.

554 5611 589 5665 5
638 5610 777 5667 Vide
802 5612 1099 5671 Diatribam
1132 5627 1376 5673 nostram
1408 5618 1477 5674 de
1505 5618 1780 5677 Marcello.

530 5610 875 5802 {:{Licitum
905 5694 1024 5739 erat
1055 5688 1157 5742 hoc
1190 5698 1431 5758 tempore
1480 5690 1814 5760 hypostasim
1861 5707 2024 5747 unam

597 5758 815 5802 rtnttate
839 5754 1103 5802 conﬁteri-
1136 5758 1262 5802 dum
1302 5762 1610 5802 hvnnctncie
1639 5774 1738 5802 nm
1760 5759 2023 5802 £Illt:lnn-

463 5763 518 5828 tn
548 5749 815 5828 Trinitate
839 5754 1109 5828 conﬁteri,
1136 5758 1263 5811 dum
1302 5749 1611 5828 hyposta's'is
1639 5774 1738 5828 pro
1760 5759 2023 5817 substan-

462 5819 536 5864 tia
586 5819 917 5877 haberetur:
950 5826 1309 5891 similiterque
1339 5819 1461 5884 'tres
1507 5819 1827 5900 Iiypo'stascs
1868 5832 2037 5888 conﬁ-

2135 5633 2419 5704 teri,idum
2450 5642 2560 5689 tres
2609 5649 2857 5704 persona:
2888 5638 3216 5694 exsistentes
3252 5644 3307 5691 et
3356 5637 3727 5694 subsistentes

2134 5698 2782 5780 intelligerentur.'_Vide
2837 5707 2890 5780 in
2949 5709 3182 5780 epistola
3211 5708 3279 5763 ad
3323 5708 3726 5772 Antiochenos,

2133 5777 2265 5829 tom.
2291 5773 2581 5845 l'Operum
2606 5773 2913 5833 Athanasii.
