4138 6416
445 408 575 466 1505

1434 405 1799 465 EXPOSITIO
1833 403 2015 459 FIDEI
2049 402 2140 457 AD
2168 402 2642 459 ATHANASIUM.

3522 409 3545 463 1
3555 408 3658 464 506

509 529 563 583 4.
592 529 708 582 Ἶνα
730 527 786 581 δέ
812 528 883 599 μή
908 527 992 591 τίς
1024 544 1151 580 ποτε
1177 527 1323 597 ἡμᾶς
1345 527 1436 579 καί
1464 527 1590 598 περὶ¹
1615 526 1713 596 τῆς
1742 525 2006 597 ἐνσᾶρκου

2177 521 2230 575 4.
2269 520 2348 577 Ne
2380 524 2504 592 quis
2535 537 2661 578 vero
2695 522 2828 578 falsa
2861 522 3118 592 jactitans
3149 540 3248 582 nos
3283 525 3663 582 frustra'incu-

445 620 739 693 παρουσίας
767 619 859 672 τοῦ
887 620 1134 690 Σωτῆρος
1159 617 1313 690 ἡμῶν
1341 617 1566 689 διαϐάλῃ
1595 617 1965 688 ματαιολογῶν
1984 632 1999 648 ·

446 707 753 777 ἀναγκαίως
792 706 884 760 καὶ
918 709 1044 779 περὶ
1069 707 1257 779 τούτου
1286 705 1587 777 γράφομεν,
1617 709 1697 760 ὅτι
1730 710 1758 760 ὁ
1797 706 2005 778 Κύριος

447 798 537 850 καὶ
561 796 748 867 Σωτὴρ
768 797 921 868 ἡμῶν
938 797 967 849 ό
992 796 1240 867 Χριστὸς,
1270 797 1367 868 οὐχ
1391 796 1577 867 ὥσπερ
1609 800 1687 861 εἰς
1715 798 1842 862 τοὺς
1868 817 2003 870 προ-

447 890 621 959 φήτας
654 889 901 959 ἐγίνετο.
925 888 1096 952 οὕτως
1124 888 1217 942 καὶ
1245 889 1336 942 ἐπὶ
1358 890 1631 960 συντελείᾳ
1658 890 1766 943 τῶν
1794 890 2003 946 αἰώνων

446 976 606 1050 ἦλθεν
626 981 704 1043 είς
726 982 878 1048 ἆγιον
903 979 1202 1049 ἄνθρωπον.
1230 979 1389 1033 Ἀλλὰ
1404 980 1748 1051 πιστεύομεν,
1767 982 1846 1035 ὅτι
1864 983 2005 1036 κατὰ

447 1070 536 1122 τὸν
577 1070 827 1142 Ἰωάννην
861 1073 890 1124 ὁ
919 1069 1087 1139 Λόγος
1116 1070 1250 1142 σὰρξ
1293 1071 1527 1139 ἐγένετο,
1574 1072 1668 1125 καὶ
1722 1074 1863 1127 κατὰ
1914 1074 2006 1129 τὸν

461 1161 774 1214 Ἀπόστολον
821 1163 878 1215 ἐν
915 1163 1091 1233 μορφῇ
1130 1162 1264 1217 Θεοῦ
1316 1163 1575 1234 ὑπάρχων
1620 1164 1776 1218 ἔλαϐε
1824 1165 2006 1220 δούλου

452 1251 680 1323 μορφὴν,
710 1250 771 1304 τὸ
795 1250 936 1305 κατὰ
960 1252 1135 1324 σάρκα
1164 1251 1438 1322 γεννηθεὶς
1462 1254 1525 1305 ἐκ
1553 1254 1769 1324 Μαρίας
1798 1254 2007 1325 ἄνθρω-

450 1361 550 1407 πος
571 1343 639 1397 δι’
671 1345 845 1415 ἡμᾶς’
871 1344 975 1399 ἴνα.
998 1344 1073 1408 ὡς
1104 1340 1254 1399 εἶπεν
1276 1345 1456 1409 αὐτὸς,
1483 1344 1739 1419 τελειώσῃ
1764 1347 1824 1400 τὸ
1852 1346 2009 1417 ἔργον

447 1432 539 1485 τοῦ
565 1434 803 1504 Πατρός”
828 1435 919 1487 καὶ
954 1433 1127 1499 οὕτως
1157 1435 1218 1489 τὸ
1246 1434 1580 1507 ἀνθρώπινον
1602 1436 1753 1506 γένος
1786 1439 1843 1490 ἐν
1865 1437 2010 1509 αὐτῷ

450 1520 738 1586 τελειώσας
762 1523 855 1575 καὶ
886 1522 1124 1592 συνάψας
1144 1527 1209 1595 τῇ
1236 1523 1468 1596 θεότητι,
1499 1525 1766 1598 εἰσαγάγῃ
1801 1528 1878 1587 είς
1912 1526 2012 1596 τὴν

454 1612 725 1681 βασιλείαν
753 1612 859 1667 τῶν
878 1613 1143 1685 οὐρανῶν.
1167 1615 1276 1669 Καὶ
1308 1618 1357 1669 εί
1376 1616 1550 1670 ταῦτα
1582 1616 1740 1670 πάλιν
1766 1616 2012 1689 αὐτάρκη

448 1703 615 1771 δεῖξαι
638 1704 738 1775 τὴν
767 1705 902 1775 πρὸς
946 1703 1034 1757 τὸν
1083 1705 1284 1778 Κύριον
1328 1707 1483 1778 ἡμῶν
1537 1707 1741 1778 Ἰησοῦν
1779 1707 2013 1779 Χριστὸν

451 1793 661 1848 πίστιν·
689 1795 836 1865 ὅμως
856 1796 1000 1865 ὑπὲρ
1024 1795 1265 1860 πλείονος
1296 1798 1591 1866 ἀσφαλείας
1618 1798 2014 1869 ἀναλαμϐάνον-

449 1902 540 1950 τες
569 1864 738 1940 ταῦτα
762 1864 1009 1958 λέγομεν,
1050 1888 1144 1942 καὶ
1179 1864 1645 1960 ἀναθεματίζομεν
1677 1864 1805 1954 τοὺς
1828 1890 2013 1959 λέγον·
2044 1864 2085 1919 Β

450 1993 547 2039 τας
576 1978 668 2030 καὶ
695 1978 1041 2047 φρονοῦντας,
1067 1980 1195 2033 ποτὲ
1223 1979 1312 2033 τὸν
1330 1980 1547 2051 Πατέρα
1569 1977 1703 2034 εἶναι
1731 1981 1898 2052 χωρὶς
1917 1980 2010 2033 τοῦ

451 2067 602 2131 Υίοῦ,
655 2068 749 2123 καὶ
792 2069 920 2123 ποτὲ
951 2070 1039 2125 τὸν
1083 2070 1300 2144 Πατέρα
1325 2072 1417 2125 καὶ
1441 2071 1530 2125 τὸν
1577 2071 1704 2125 Υίὸν
1728 2073 1892 2144 χωρὶς
1918 2072 2013 2125 τοῦ

450 2158 605 2226 ἁγίου
638 2160 968 2231 Πνεύματος.
1001 2160 1226 2234 Πνεῦμα
1251 2163 1358 2233 γὰρ
1380 2162 1513 2216 Θεοῦ
1550 2166 1684 2228 ἐστι,
1713 2165 1805 2217 καὶ
1835 2164 2014 2218 τελεία

451 2250 542 2305 καὶ
580 2251 750 2316 ἀΐδιός
790 2255 1002 2325 ἐστινὴ
1050 2255 1236 2326 Τριάς.
1288 2255 1772 2328 Ἀναθεματίζομέν
1819 2273 1878 2310 τε
1922 2256 2016 2312 καὶ

449 2344 575 2407 τοὺς
603 2342 696 2397 νῦν
726 2343 1056 2410 ἐξελθόντας,
1075 2346 1169 2400 καὶ
1197 2346 1521 2417 λεγομένους
1555 2349 1866 2419 Ἀνομοίους
1885 2363 1899 2376 ·
1919 2351 2014 2403 καὶ⁸

454 2436 553 2489 σὺν
578 2434 761 2499 αὐτοῖς
793 2435 888 2506 τὴν
913 2435 1007 2489 τοῦ
1044 2437 1400 2507 Σαμοσατέως
1424 2438 1515 2491 καὶ
1535 2439 1799 2492 Φωτείνου
1835 2458 2014 2512 παρα-

453 2525 744 2597 φροσύνην,
768 2526 862 2579 καὶ
890 2526 1017 2590 τοὺς
1046 2526 1114 2580 τὰ
1140 2527 1278 2582 αὐτὰ
1311 2528 1638 2599 φρονοῦντας
1667 2530 1865 2594 αὐτοῖς.
1895 2532 2016 2585 Ὅτι

457 2614 530 2686 μὴ
553 2615 769 2684 λέγουσι
792 2616 884 2668 τὸν
905 2615 998 2669 τοῦ
1021 2614 1155 2669 Θεοῦ
1179 2617 1348 2685 Λόγον
1372 2616 1547 2682 ζῶντα
1571 2620 1740 2687 Λόγον
1764 2615 1900 2673 εἶναι
1925 2622 2018 2675 καὶ

453 2706 671 2777 ἐνεργῆ,
705 2705 771 2759 δι’
799 2700 858 2761 οῦ
883 2706 953 2760 τά
988 2708 1164 2761 πάντα
1192 2707 1426 2777 ἐγένετο,
1462 2708 1596 2761 ἀλλὰ
1620 2709 1695 2774 ὡς
1732 2710 2017 2782 ἀνθρώπου

453 2794 607 2864 λόγον
638 2798 973 2868 προφορινιὸν
1026 2799 1183 2869 μόνον
1203 2816 1216 2829 ’
1249 2802 1344 2853 καὶ
1383 2800 1464 2853 ὃτι
1518 2801 1592 2872 μὴ
1642 2802 1894 2874 φρονοῦσι
1930 2804 2020 2857 τὸν

452 2886 584 2941 Υίὸν
605 2886 698 2939 τοῦ
727 2887 860 2940 Θεοῦ
878 2888 1039 2942 αὐτὸν
1065 2884 1204 2943 εἶναι
1226 2890 1317 2945 τὸν
1337 2891 1507 2959 Λόγον
1523 2906 1535 2920 ·
1565 2891 1699 2947 ἀλλά
1724 2893 2020 2967 διαιροῦσιν

454 2975 681 3045 ἀλόγως,
719 2976 810 3030 καὶ
850 2978 1025 3049 ἀρχὴν
1052 2978 1130 3049 τῷ
1150 2978 1263 3049 Υἱῷ
1296 2978 1526 3032 διδοῦσιν
1559 2980 1665 3033 ἀπὸ
1691 2981 1789 3053 τῆς
1815 2983 1879 3034 ἐκ
1905 2984 2025 3036 Μα-

459 3065 575 3135 ρίας
602 3065 742 3119 κατὰ
767 3067 944 3135 σάρκα
965 3068 1250 3136 γενέσεως,
1277 3068 1718 3140 βλασφημοῦντες
1736 3089 1749 3103 ·
1775 3072 1856 3124 ὅτι
1888 3058 2053 3145 μηδὲ’

424 3164 585 3219 -Θεὸν
608 3167 857 3238 ἀληθινὸν
889 3170 1050 3225 αὐτὸν
1086 3166 1225 3225 εἶναι
1254 3173 1613 3227 πιστεύουσιν.

2106 625 2188 668 set
2230 614 2375 668 circa
2417 615 2690 668 carnalem
2743 612 3046 671 Servatoris
3093 617 3404 682 adventum,
3438 633 3665 674 necesse

2105 720 2321 775 quoque
2355 704 2518 759 fuerit
2553 711 2612 758 ut
2649 719 2711 759 ea
2749 705 2816 760 de
2848 720 2907 758 re
2943 707 3185 775 quaedam
3235 708 3431 763 litteris
3478 711 3662 765 consi-

2106 811 2366 865 gnemus;
2398 797 2543 867 quod
2572 797 2790 852 scilicet
2828 796 3088 852 Dominus
3116 807 3168 853 et
3201 797 3450 853 Salvator
3479 807 3665 855 noster

2105 886 2378 951 Christus,
2413 902 2524 941 non
2555 886 3008 957 quemadmodum
3049 889 3114 942 ad
3158 890 3446 959 prophetas
3490 890 3663 959 factus

2107 986 2204 1040 est,
2236 976 2311 1031 ita
2345 977 2398 1032 in
2434 979 2904 1033 consummatione
2937 979 3256 1033 saeculorum
3306 981 3583 1036 advenerit
3609 984 3663 1035 in

2108 1076 2356 1121 sanctum
2396 1069 2689 1123 hominem.
2728 1068 2832 1124 Sed
2850 1070 3147 1134 credimus,
3170 1071 3336 1140 quod,
3367 1072 3666 1126 secundum

2105 1156 2368 1215 Joannem
2394 1157 2691 1224 ’,νει-ωιτη
2725 1175 2854 1215 caro
2889 1160 3089 1215 factum
3131 1163 3224 1224 sit,
3274 1171 3327 1215 et
3370 1162 3667 1216 secundum

2110 1248 2489 1319 Apostolum',
2518 1250 2662 1321 quod
2697 1266 2817 1305 cum
2849 1251 2902 1305 in
2933 1251 3106 1307 forma
3140 1252 3230 1307 Dei
3258 1258 3423 1316 esset,
3454 1257 3669 1321 propter

2109 1357 2211 1397 nos
2239 1342 2510 1410 acceperit
2533 1342 2676 1396 servi
2711 1340 2962 1404 formam,
2994 1341 3294 1396 secundum
3333 1356 3553 1396 carnem
3579 1357 3673 1411 ge-

2110 1432 2260 1487 nitus
2288 1431 2450 1486 hom‘o
2495 1447 2560 1487 ex
2593 1431 2762 1486 Maria
2805 1430 3060 1503 Virgine;
3102 1438 3181 1497 ut,
3217 1431 3670 1503 quemadmodum

2111 1526 2228 1596 ipse
2275 1525 2349 1578 ait
2371 1523 2413 1587 ⁸,
2465 1524 2746 1594 perliceret
2793 1538 2933 1593 opus
2978 1522 3193 1590 Patris;
3241 1529 3405 1591 atque
3437 1522 3509 1578 ita
3549 1535 3673 1577 cum

2109 1636 2280 1692 genus
2339 1620 2633 1674 humanum
2692 1618 2748 1673 in
2809 1618 2988 1688 seipso
3042 1616 3367 1688 perfecerit,
3434 1630 3497 1671 ac
3549 1632 3675 1672 cum

2112 1711 2394 1766 divinitate
2443 1710 2810 1779 conjunxerit,
2865 1709 3042 1777 ipsum
3102 1706 3414 1762 introducat
3478 1706 3531 1758 in
3589 1720 3677 1760 rev

2114 1819 2279 1874 gnum
2327 1804 2615 1858 cmlorum.
2663 1803 2737 1857 Ac
2787 1801 3002 1856 etiamsi
3051 1801 3239 1856 istha:c
3278 1800 3413 1855 satis
3450 1798 3559 1853 sint
3607 1797 3675 1851 ad

2114 1894 2501 1949 declarandam
2550 1893 2710 1948 fidem
2748 1894 2802 1948 in
2857 1893 3161 1963 Dominum,
3195 1898 3444 1946 nostrum
3489 1887 3674 1945 Jesum

2113 1983 2393 2040 Christum
2421 2023 2436 2049 ,
2501 1990 2740 2038 attamen
2776 1982 3001 2051 majoris
3047 1980 3357 2036 securitatis
3392 1991 3519 2048 ergo
3562 1975 3677 2031 haec

2114 2077 2408 2147 repetimus
2430 2089 2493 2129 ac
2512 2074 2767 2139 dicimus,
2799 2082 2961 2145 atque
2983 2073 3324 2128 anathemate
3355 2070 3677 2124 damnamus

2115 2183 2209 2224 eos
2242 2169 2335 2240 qui
2370 2168 2561 2223 dicunt
2594 2174 2648 2222 et
2681 2166 2933 2230 credunt,
2977 2165 3193 2220 Patrem
3242 2162 3533 2234 aliquando
3562 2162 3680 2217 sine

2114 2260 2253 2316 Filio
2283 2260 2493 2329 fuisse;
2526 2260 2855 2329 Patremque
2880 2274 2943 2312 ac
2969 2257 3164 2312 Filium
3193 2254 3487 2326 aliquando
3516 2253 3681 2308 fuisse

2116 2358 2235 2413 sine
2270 2352 2478 2425 Spiritu
2509 2360 2722 2408 sancto.
2757 2350 2993 2422 Spiritus
3025 2349 3167 2404 enim
3199 2346 3289 2402 Dei
3329 2353 3435 2406 est,
3467 2360 3531 2399 ac
3559 2359 3682 2414 per-

2116 2449 2256 2505 fecta
2305 2458 2470 2518 atque
2510 2444 2842 2514 sempiterna
2891 2450 2975 2497 est
3016 2439 3275 2495 Trinitas.
3328 2437 3683 2491 Anathemate

2118 2556 2334 2611 quoque
2378 2540 2700 2596 damnamus
2737 2551 2833 2591 eos
2882 2534 2977 2604 qui
3023 2546 3198 2601 nuper
3237 2530 3411 2585 exorti
3451 2535 3600 2591 sunt,
3630 2531 3685 2581 et

2116 2632 2366 2688 Anommi
2425 2631 2699 2693 dicuntur,
2761 2643 2826 2685 ac
2878 2641 3001 2682 cum
3049 2624 3182 2696 ipsis
3244 2620 3581 2676 Samosateni
3631 2627 3686 2675 et

2120 2726 2335 2780 Photini
2366 2724 2629 2779 insaniam
2651 2762 2668 2787 ,
2712 2735 2923 2775 necnon
2959 2733 3053 2795 eos
3085 2718 3175 2787 qui
3219 2717 3370 2785 paria

2121 2815 2384 2870 sentiunt.
2433 2811 2570 2878 Quia
2614 2826 2724 2865 non
2773 2810 2980 2873 dicunt,
3028 2807 3264 2863 Verbum
3317 2805 3432 2868 Dei,
3460 2804 3685 2858 verbum

2121 2921 2245 2961 esse
2271 2905 2463 2959 vivens
2496 2909 2549 2957 et
2574 2901 2782 2964 ellicax,
2822 2916 2920 2970 per
2948 2899 3094 2969 quod
3126 2897 3308 2953 omnia
3336 2897 3478 2951 facta
3517 2902 3685 2950 sunt:

2123 2996 2221 3053 sed
2245 2994 2403 3068 quasi
2438 2993 2675 3049 hominis
2701 2993 2927 3047 verbum
2960 2989 3294 3062 prolatitium
3320 2988 3606 3050 duntaxat,
3636 2991 3693 3038 et

2125 3088 2253 3159 quia
2289 3102 2399 3142 non
2436 3085 2774 3141 arbitrantur
2823 3082 3021 3137 Filium
3066 3080 3160 3136 Dei
3202 3081 3378 3150 ipsum
3421 3093 3542 3132 esse
3569 3090 3693 3131 ver-

2128 3180 2292 3239 bum;
2348 3191 2535 3232 verum
2581 3183 2783 3229 temere
2823 3180 2877 3228 et
2918 3174 3035 3229 sine
3069 3172 3281 3226 ratione
3322 3169 3589 3231 dividunt,
3639 3172 3694 3220 et

457 3275 780 3346 principium
812 3277 950 3332 Filio
983 3293 1012 3331 a
1076 3281 1358 3337 nativitate
1421 3283 1715 3338 secundum
1747 3299 1965 3340 carnem
1997 3302 2062 3342 ex
2103 3287 2271 3341 Maria
2302 3260 2618 3355 blasphemo
2657 3296 2751 3337 ore
2782 3280 3049 3357 tribuunt,
3097 3278 3223 3348 quia
3262 3277 3387 3329 itcm
3422 3290 3530 3330 non
3570 3289 3692 3330 cre-

456 3366 592 3421 dunt
612 3368 788 3438 ipsum
830 3385 1011 3423 verum
1048 3386 1170 3427 esse
1200 3372 1391 3427 Deum.

529 3461 581 3515 5.
616 3462 799 3516 Ταῦτα
849 3464 1137 3534 τοιγαροῦν
1191 3464 1532 3536 φρονοῦντες,
1589 3468 1683 3520 καὶ
1733 3467 2021 3540 ἐγγράφως

2201 3464 2251 3518 5.
2294 3460 2417 3515 Haec
2444 3460 2625 3527 itaque
2647 3472 2768 3510 cum
2806 3454 3106 3510 sentiamus
3140 3460 3302 3523 atque
3337 3452 3543 3523 scripto
3569 3450 3694 3524 pro.

460 3551 863 3622 ὁμολογοῦντες,
890 3553 1353 3626 διαϐεϐαιούμενοι
1388 3574 1447 3610 τε
1476 3557 1647 3611 ταῦτα
1691 3562 1904 3630 φρονεῖν
1932 3560 2025 3613 καὶ

461 3643 586 3706 τοὺς
628 3643 1047 3707 ἀποστείλαντας
1089 3647 1252 3716 ἡμᾶς,
1296 3646 1551 3716 ἀξιοῦμεν
1585 3646 1682 3718 τὴν
1718 3648 1814 3719 σὴν
1841 3647 2024 3701 θεοσέ-

463 3734 612 3787 ϐειαν
634 3734 830 3805 μηκέτι
848 3736 1125 3789 πιστεύειν
1144 3739 1255 3800 τοῖς
1275 3737 1395 3791 καθ’
1415 3736 1570 3807 ἡμῶν
1591 3738 1837 3807 λέγουσιν
1856 3755 1869 3769 ⁸
1893 3739 2029 3793 ἀλλὰ

468 3824 663 3895 μᾶλλον
694 3828 804 3888 τοῖς
841 3826 1220 3880 άποστείλασιν
1248 3829 1393 3899 ἡμᾶς
1422 3828 1593 3881 ταῦτα
1618 3828 1900 3900 γνωρίσαι,
1936 3830 2029 3884 καὶ

465 3916 671 3987 γράψαι
713 3918 806 3970 καὶ
837 3912 916 3982 οἷς
947 3918 1012 3972 ἂν
1044 3917 1316 3991 γινώσκῃς
1349 3919 1645 3990 ὀρθοδόξοις
1681 3921 2027 3985 ἐπισκόποις·

467 4005 571 4070 ἵνα,
607 4007 654 4059 εί
682 4007 775 4060 καὶ
794 4007 929 4078 πρὸς
952 4008 1148 4070 αὐτοὺς
1170 4009 1204 4078 ή
1227 4006 1349 4061 καθ’
1371 4006 1529 4078 ἡμῶν
1553 4008 1772 4079 διαϐολὴ
1793 4010 2028 4078 ἐγένετο,

470 4095 726 4166 μαθόντες
770 4097 868 4168 τὴν
913 4098 1199 4168 ὁμολογίαν
1246 4098 1403 4170 ἡμῶν
1450 4099 1670 4170 ταύτην,
1719 4100 2029 4168 καταγνῶσι

466 4186 573 4240 τῶν
598 4187 933 4258 θελησάντων
960 4190 1089 4259 ἡμῖν
1112 4188 1297 4254 ἁπλῶς
1331 4188 1521 4259 φθόνον
1546 4190 1784 4260 κινῆσαι.
1811 4190 2032 4243 Θεόδου-

467 4276 556 4343 λος
583 4279 875 4343 ἐπίσκοπος
910 4279 1258 4352 Ὀξυρύγχου.
1277 4281 1494 4353 Πλήνης
1515 4282 1810 4345 ἐπίσκοπος
1845 4282 2036 4352 Ἑρμο-

470 4370 574 4436 θιέ,
620 4372 893 4443 Ἰσχυρίων
917 4371 1210 4436 ἐπίσκοπος
1230 4373 1463 4441 Λεοντῶ,
1506 4372 1694 4427 Ἰσαὰκ
1714 4373 2032 4437 ἐπίσκοπος.

488 4458 540 4515 Ἀ
549 4462 674 4532 μήν.

544 4618 563 4647 ¹
591 4614 748 4671 Joan.
788 4634 826 4681 I,
854 4609 935 4672 Η.
1015 4620 1034 4650 ³
1072 4619 1266 4689 Philip.
1306 4636 1363 4685 It,
1393 4618 1447 4685 6,
1485 4619 1534 4676 7.
1613 4618 1634 4651 δ
1665 4621 1821 4674 Joan.
1860 4634 1932 4684 ιν,
1964 4617 2056 4673 54.

547 4770 622 4840 (5)
658 4770 729 4826 De
768 4772 853 4843 his
886 4772 1379 4843 subscriptionibus
1421 4773 1542 4829 vide
1593 4774 1647 4826 in
1694 4772 2032 4828 Diatriba“de

478 4840 748 4914 Marcello.
801 4841 893 4896 Ha:
938 4840 1117 4914 porro
1151 4842 1579 4914 subscriptiones
1637 4845 1842 4897 mutilat
1888 4843 2034 4899 haud

478 4912 637 4965 dubie
669 4919 814 4978 sunt,
851 4912 972 4967 cum
1008 4913 1288 4966 Athanasii
1318 4928 1517 4966 nomen
1553 4926 1663 4966 non
1699 4922 2032 4981 compareat,

478 4982 567 5048 qui
600 4996 731 5036 sane
763 4982 888 5036 huic
920 4982 1037 5037 fidei
1080 4982 1409 5050 confessioni
1442 4980 1760 5050 suffragium
1798 4980 1948 5037 dedit
1972 4996 2039 5036 ac

480 5051 831 5120 subscripsit;
865 5053 998 5106 alias
1026 5067 1172 5114 vero,
1209 5049 1517 5120 refragante
1546 5049 1871 5112 Athanasio,
1913 5066 2037 5105 eam

480 5121 698 5175 minime
735 5123 1075 5189 probassent,
1123 5121 1410 5190 additoque
1449 5122 1667 5175 nomine
1714 5120 2040 5176 confirmas—

2132 3549 2400 3610 fiteamur,
2425 3557 2843 3611 asseramusque
2873 3541 3105 3611 idipsum
3141 3542 3343 3596 sentire
3363 3557 3456 3598 eos
3482 3544 3573 3612 qui
3596 3559 3697 3599 nos

2132 3640 2311 3695 isthuc
2342 3638 2605 3694 miserunt
2632 3655 2643 3690 :
2684 3644 2829 3689 tuam
2861 3648 3115 3703 rogamus
3146 3633 3419 3702 pietatem,
3448 3650 3514 3688 ne
3539 3634 3694 3688 fidem

2130 3732 2198 3788 iis
2228 3731 2430 3785 habeas
2465 3729 2556 3799 qui
2595 3744 2695 3781 nos
2731 3725 3084 3790 insimulant;
3123 3724 3284 3793 idque
3317 3725 3385 3779 iis
3425 3725 3697 3795 significes

2129 3823 2220 3893 qui
2257 3837 2358 3876 nos
2400 3821 2508 3875 huc
2558 3820 2909 3889 delcgarunt;
2950 3816 3223 3871 rescribas
3274 3816 3400 3870 item
3455 3816 3522 3872 iis
3560 3831 3698 3887 quos

2131 3912 2462 3970 orthodoxos
2485 3912 2769 3982 episcopos
2799 3923 2922 3964 esse
2945 3908 3194 3973 noveris;
3228 3915 3286 3960 ut
3317 3906 3362 3962 si
3391 3906 3459 3961 ad
3491 3923 3586 3962 eos
3607 3922 3700 3961 ca-

2133 4006 2338 4062 lumnia
2364 4004 2652 4060 adversum
2676 4019 2778 4058 nos
2803 4000 3034 4056 conﬂata
3056 4000 3381 4070 pervenerit,
3408 4006 3697 4068 conspecta

2133 4098 2237 4151 hac
2263 4104 2454 4150 nostra
2481 4094 2604 4150 fidei
2629 4091 2991 4156 confessione,
3016 4092 3275 4146 malitiam
3296 4105 3484 4144 eorum
3517 4090 3697 4160 depre-

2133 4184 2397 4248 hendant,
2427 4184 2522 4253 qui
2564 4188 2765 4237 temere
2810 4180 3069 4234 invidiam
3112 4180 3269 4233 nobis
3320 4192 3537 4231 movere
3587 4185 3703 4231 stu-

2134 4276 2371 4331 duerunt
2392 4274 2486 4346 (5).
2531 4262 2848 4327 Theodulus
2882 4271 3169 4340 episcopus
3223 4267 3701 4340 0xyrynchi,Ple-

2136 4383 2235 4423 nes
2257 4367 2547 4436 episcopus
2576 4363 2880 4430 Hermothi,
2908 4362 3187 4433 lschyrion
3224 4358 3705 4434 epis‘copuchon-

2138 4468 2221 4527 to,‘
2257 4460 2410 4515 Isaac
2433 4460 2739 4534 episcopus.
2770 4457 2962 4511 Amen.

2136 4780 2257 4848 sent
2299 4772 2541 4848 episcopi
2594 4772 2695 4848 hic‘
2732 4771 3036 4827 memorati.
3088 4766 3394 4848 Verisimile
3439 4765 3567 4820 item
3593 4772 3707 4844 _est

2137 4838 2583 4914 aliosqlﬁgypt'ios
2612 4841 2917 4914 episcopos,
2941 4855 3171 4914 quorum
3191 4838 3436 4914 cecidere
3461 4838 3705 4913 nomina,

2138 4908 2537 4968 eamdem'li'dei
2565 4908 3256 4982 confessionem—summio
3284 4921 3385 4982 suo
3415 4908 3703 4982 muniisse.

2142 4984 2360 5038 Solebat
2392 4982 2536 5036 enim
2565 4980 2895 5034 Athanasius
2929 4979 2995 5032 ad
3035 4975 3461 5048 tanti'pondcris
3494 4975 3708 5043 negotia

2140 5069 2170 5107 c
2198 5051 2551 5106 vicinioribus
2584 5050 2786 5104 multos
2817 5064 3123 5105 accersere.
