4138 6422
387 400 524 458 1309

1859 394 1925 449 1N
1964 393 2237 470 ISAIAMJ

3499 413 3636 467 1⁵510

383 530 578 573 εκτικα
615 516 756 590 μέρη
790 534 884 571 του
923 532 1121 579 παντος
1161 516 1385 587 κόσμου,
1432 508 1659 589 οὖρανὸν
1681 514 1843 569 αὐτόν
1870 528 1950 569 τοι

2071 514 2163 570 Dei
2214 532 2497 574 sermones
2530 529 2795 579 convocat
2836 529 3133 598 propheta,
3188 531 3388 587 emtum
3423 530 3636 589 scilicet

381 611 479 675 τάς
500 610 647 675 θείας
672 611 925 681 δυνάμεις
950 609 1307 680 ἀπειληφότα,
1330 610 1421 662 καὶ
1437 610 1538 680 γῆν
1548 609 1609 663 τὸ
1622 609 1732 663 τῶν
1747 609 1955 679 θνητῶν

382 704 716 774 οἰκητήριον·
761 704 856 755 καὶ
889 697 1103 774 οὐρανῷ
1146 700 1243 771 μὲν
1288 700 1526 765 ἀκούειν,
1564 702 1635 771 γῇ
1676 700 1735 752 δὲ
1774 699 1960 754 ἐνωτί-

384 790 570 858 ζεσθαι
611 791 1073 863 παρακελεύεται,
1107 790 1173 844 δι’
1199 789 1377 844 αὐτῶν
1406 788 1506 852 τὰς
1543 790 1772 858 ἀφανεῖς
1799 788 1960 843 δυνά-

390 898 509 953 μεις
577 882 636 934 ἐν
694 881 879 945 αὐτοῖς
927 879 1389 951 ἀνακαλούμενοςι
1436 878 1547 932 Καὶ
1614 879 1730 948 μετ’
1779 875 1954 946 ὀλίγα,

382 970 569 1043 ἐπειδὴ
609 970 833 1043 κέντρον
883 971 1103 1041 μνήμης
1142 967 1517 1041 παρασχέσθαι
1562 968 1745 1031 αὐτοῖς
1793 966 1956 1038 ήϐού-

381 1065 503 1121 λετο
519 1062 629 1117 τῶν
652 1061 956 1134 λεγομένων
978 1064 1007 1115 6
1030 1061 1334 1132 προφήτης,
1356 1061 1652 1129 ἀναγκαῖον
1672 1058 1763 1112 τοῦ
1789 1060 1955 1130 οὐρα-

382 1157 474 1213 νοῦ
496 1158 590 1211 καὶ
615 1157 718 1228 γῆς
744 1153 1047 1227 μαρτυρίαν
1072 1152 1507 1227 παραλαμϐάνει·
1534 1153 1640 1217 ἵνα,
1664 1153 1765 1206 κᾶν
1783 1153 1955 1225 λήθην

383 1248 710 1319 ποιήσωνται
741 1244 852 1299 τῶν
881 1239 1178 1316 λεχθέντων
1210 1243 1359 1316 παρά
1398 1242 1494 1297 τοῦ
1533 1243 1831 1315 προφήτου,
1866 1242 1956 1295 ού-

384 1338 543 1411 ρανδς
563 1339 657 1392 καὶ
682 1340 755 1410 γῆ
788 1336 1051 1410 ὁρώμενοι
1081 1337 1539 1409 ὑπομιμνήσκωσι
1561 1335 1669 1389 τῶν
1692 1335 1786 1388 τοῦ
1820 1332 1953 1388 Θεοῦ

381 1432 642 1503 ῥημάτων

450 1521 595 1576 Υἰῶν
615 1522 836 1594 μνήμην
859 1521 1171 1593 πεποίηται,
1196 1522 1289 1575 κα)⁸
1314 1521 1695 1593 γεγεννηκέναι
1731 1520 1953 1591 φάσκει,

374 1614 611 1678 δεικνὺς,
632 1614 707 1678 ὡς
734 1614 832 1668 οὐκ
858 1612 1168 1685 ἀλλοτρίους
1192 1615 1589 1685 εἰσεποιήσατο,
1621 1613 1735 1668 ἀλλ’
1762 1614 1838 1677 ὡς
1860 1614 1954 1667 αύ-

377 1708 471 1763 τοῦ
512 1707 671 1771 ὄντας
708 1710 1014 1779 ποιήματα,
1051 1706 1322 1777 πατρικῆς
1367 1705 1689 1778 κηδεμονίας
1729 1705 1949 1776 ἠξίωσε·

378 1801 473 1855 καὶ
510 1800 783 1870 ύψωκέναι
820 1800 877 1853 δὲ
915 1799 1061 1869 λέγει
1105 1800 1536 1869 ὑπομιμνήσκων
1574 1798 1674 1869 τῆς
1704 1799 1799 1852 ἀπ’
1837 1799 1948 1851 Ἀἰ-

2062 609 2277 667 divinas
2305 613 2543 670 virtutes
2571 619 2958 687 complectens,
3005 632 3060 678 et
3094 630 3294 677 terram
3323 639 3351 677 a
3383 625 3636 679 mortali-

2061 703 2164 759 bus
2192 714 2536 774 occupatam.
2574 707 2709 761 Dum
2739 718 2917 764 autem
2943 714 3140 769 cmlum
3166 713 3355 769 audire
3375 714 3554 784 jubet,
3578 722 3634 771 et

2059 803 2262 848 terram
2297 797 2523 853 auribus
2554 801 2854 871 percipere,
2888 802 3118 858 latentes
3148 804 3202 857 in
3223 805 3358 875 ipsis
3386 814 3632 875 potesta-

2059 892 2142 941 tes
2170 887 2511 946 adhortatur.
2548 890 2613 944 Et
2644 892 2807 961 paulo
2848 902 2971 963 post
3000 912 3014 947 :
3049 894 3460 950 lncitamentum
3483 911 3634 967 qua:-

2057 980 2199 1033 renti
2230 982 2508 1052 prophetae
2529 999 2638 1054 quo
2663 982 2882 1041 Iudaeos
2921 984 2990 1039 ad
3012 985 3281 1041 dictorum
3311 989 3631 1044 memoriam

2055 1072 2393 1138 concitaret,
2430 1073 2818 1144 proferendum
2853 1085 2971 1130 erat
3011 1056 3138 1131 cmli
3167 1085 3221 1132 et
3262 1083 3425 1132 terrae
3474 1079 3632 1134 testi-

2057 1164 2340 1231 monium,
2380 1173 2474 1232 ut,
2517 1166 2736 1222 etiamsi
2770 1166 2974 1221 fuerint
3004 1167 3308 1238 prophetici
3360 1169 3631 1224 sermonis

2056 1253 2234 1321 obliti,
2273 1256 2584 1325 conspectis
2629 1257 2770 1311 coelo
2832 1266 2885 1312 et
2938 1265 3107 1322 terra,
3139 1257 3304 1313 verba
3330 1255 3424 1313 Dei
3468 1258 3645 1313 remi‘

2056 1344 2418 1402 niscerentur.

2132 1520 2297 1576 Vens.
2356 1521 2410 1575 2.
2460 1520 2744 1591 {Filiorum
2802 1531 3130 1577 mentionem
3182 1520 3313 1575 facit
3366 1520 3632 1577 Dominus

2057 1622 2112 1670 et
2144 1630 2241 1671 eos
2270 1615 2526 1685 genuisse
2569 1615 2804 1680 fatetur,
2836 1615 3087 1671 indicans
3136 1630 3243 1669 non
3288 1615 3496 1670 alienos
3532 1615 3633 1670 ad-

2055 1704 2413 1773 optivosque,
2463 1704 2555 1759 sed
2606 1714 2888 1761 creaturas
2946 1721 3074 1760 suas
3110 1714 3335 1775 paterna
3377 1721 3508 1759 cura
3554 1704 3634 1760 Ῑυο

2054 1791 2222 1846 visse.
2275 1789 2615 1846 Exaltavisse
2655 1808 2750 1848 eos
2786 1793 2922 1847 dicit
2972 1809 3230 1863 quoque,
3281 1792 3513 1848 reditum
3560 1807 3626 1847 ex

377 1864 584 1959 γύπτου
617 1890 828 1955 ἐξόδου,
858 1864 1081 1944 καὶτῶν
1112 1891 1169 1943 ἐν
1198 1864 1348 1961 μέσῳ
1372 1864 1693 1959 θαυμάτων,
1722 1889 1814 1942 καὶ
1839 1889 1945 1943 τῶν

2055 1875 2291 1948 Ᾰίεςμιο
2320 1878 2580 1945 innuens,
2612 1888 2666 1934 et
2697 1882 2958 1934 miracula
2993 1890 3124 1935 tunc
3167 1865 3432 1951 temporis
3462 1882 3627 1944 edita,

375 1984 576 2054 ἐφεξῆς
598 1985 779 2046 αὐτοῖς
811 1982 1071 2036 δοθέντων
1094 1984 1224 2054 παρ’
1254 1981 1437 2036 αὑτοῦ·
1477 1981 1734 2052 ἀθέτησιν
1772 1981 1828 2034 δὲ
1858 1999 1954 2034 κυ-

380 2074 511 2148 ρίως
550 2073 706 2128 καλεῖ
734 2075 834 2145 τὴν
862 2074 1042 2129 αὐτῶν
1070 2074 1437 2138 ἀποστασίαν,
1474 2075 1567 2129 καὶ
1605 2074 1703 2147 τὴν
1731 2075 1858 2147 περὶ
1884 2074 1954 2130 τά

377 2167 870 2245 εῐδωλαπλάνησιν.

446 2262 709 2333 Σημαίνει
736 2263 837 2334 τὴν
874 2260 1110 2332 παντελῆ
1157 2260 1338 2316 αὐτῶν
1372 2261 1666 2334 ἀκαρπίαν·
1708 2262 1812 2326 ἕως
1852 2263 1953 2334 μὲν

375 2354 483 2427 γάρ
539 2354 766 2427 καρπῶν
821 2354 1039 2424 ἀγαθῶν
1088 2354 1441 2427 πεπλήρωται
1491 2354 1750 2426 ἀμπελὼν
1777 2393 1792 2417 ,
1858 2355 1950 2409 τὸν

372 2447 709 2521 φρουροῦντα
732 2448 824 2501 καὶ
849 2447 1182 2517 φυλάττοντα
1205 2448 1488 2519 κέκτηται,
1511 2447 1589 2514 ὃς,
1619 2447 1820 2519 σκηνὴν
1846 2465 1951 2519 πη-

370 2539 631 2610 ξάμενος,
671 2538 875 2594 ἀνωθεν
911 2540 1003 2608 ἀφ’
1033 2538 1238 2608 ὑψηλοῦ
1268 2540 1468 2609 ἀφορᾷ,
1504 2541 1599 2593 καὶ
1626 2542 1951 2611 περισκοπεῖ

371 2631 465 2685 καί⁵
486 2631 738 2702 φυλάττει
753 2632 845 2685 τὸν
863 2632 1177 2703 ἀμπελῶνα·
1210 2631 1332 2687 εἰδὲ
1351 2632 1539 2686 τούτου
1557 2633 1766 2703 καρπὸς
1786 2634 1951 2703 ἀφαι-

374 2721 576 2794 ρεθείη,
607 2724 908 2796 τηνικαῦτα
934 2726 962 2778 6
989 2724 1195 2794 φύλαξ,
1221 2725 1297 2789 ὡς
1330 2726 1404 2796 μὴ
1438 2726 1517 2788 εἰς
1544 2724 1768 2795 μάταιον
1801 2725 1948 2795 κάμ-

369 2832 470 2881 νοι,
496 2818 593 2888 τὴν
623 2818 828 2889 σκηνὴν
856 2818 1061 2890 ἔρημον
1090 2817 1392 2883 ἀπολιπὼν,
1426 2819 1700 2890 ἀναχωρεῖ
1724 2819 1821 2889 τῆς
1850 2836 1951 2888 φυ-

371 2906 563 2976 λακῆς.
978 2974 985 2982 ,

450 2999 667 3071 Ἐπειδὴ
700 3000 809 3072 γὰρ
830 3002 859 3054 6
890 3002 987 3073 μὲν
1017 3001 1232 3075 Ἰσραὴλ
1265 3002 1427 3056 αὐτὸν
1456 3002 1556 3055 οὐκ
1590 3001 1762 3071 ἔγνω,
1798 3000 1890 3055 καὶ
1917 3002 1946 3054 6

366 3092 494 3162 λαὸς
542 3091 705 3146 αὑτὸν
744 3093 804 3145 οὐ
857 3092 1087 3162 συνῆκε,
1125 3093 1187 3146 τὸ
1227 3093 1284 3146 δὲ
1329 3092 1390 3158 ἐξ
1434 3092 1613 3145 αὐτῶν
1654 3092 1876 3163 σπέρμα
1918 3091 1948 3143 6

367 3188 720 3252 ἀποστολικὸς
757 3188 916 3260 χορὸς
949 3188 1150 3260 συνῆκέ
1181 3206 1239 3242 τε
1282 3191 1444 3243 αὑτὸν
1476 3191 1570 3242 καὶ
1603 3188 1836 3257 ἐπέγνω·
1867 3190 1942 3241 εἰ·
1976 3207 2022 3267 ο

368 3279 541 3344 κότως
568 3279 888 3351 ἀφορίζεται
924 3277 1018 3331 τοῦ
1047 3278 1305 3350 πλήθους·
1342 3278 1541 3333 ἄτοπον
1574 3279 1683 3350 γὰρ
1708 3279 1768 3332 τὸ
1793 3279 1946 3350 νομί-

368 3371 480 3435 ζειν
513 3371 638 3433 τοὺς
672 3368 1003 3432 ἀποστόλους
1034 3368 1143 3422 τῶν
1170 3367 1382 3423 ἀσεϐῶν
1413 3369 1635 3441 σπέρμα
1659 3369 1943 3439 λέγεσθαι,

367 3462 496 3534 περὶ
536 3454 612 3516 ὧν
653 3461 911 3533 ἀνωτέρω
941 3460 1113 3529 ἔλεγε·
1149 3479 1169 3512 ι
1199 3461 1273 3515 T6
1311 3461 1530 3534 σπέρμα
1570 3463 1805 3535 πονηρὸν
1839 3462 1946 3515 υἰοὶ

362 3556 574 3625 ι’νομοι·
609 3572 627 3605 ι
661 3554 864 3626 πρέπει
903 3552 960 3606 δέ
994 3552 1103 3606 τῶν
1148 3552 1444 3627 προφητῶν
1492 3554 1714 3626 σπέρμα
1751 3554 1949 3614 αὐτοὺς

364 3643 505 3700 εἶναι
531 3646 803 3720 ήγεῖσθαι.

444 3742 520 3795 Οὐ
560 3742 807 3814 λουτροῖς
846 3745 957 3807 τοῖς
998 3740 1316 3812 καθαίρουσι
1353 3740 1450 3813 τήν
1492 3740 1814 3810 ἐπιφάνειαν
1852 3738 1947 3792 τοῦ

369 3832 637 3904 σώματος·
664 3833 787 3887 οὐδὲ
810 3833 918 3905 γάρ
944 3832 1101 3887 τοῦτο
1124 3832 1449 3887 ἐϐέϐλαπτο·
1484 3831 1622 3887 ἀλλά
1650 3848 1947 3902 πνευματι-

369 3929 484 3989 κοῖς
507 3925 824 3997 δυναμένοις
852 3926 1111 3996 ἀφανίσαι
1139 3927 1236 3998 μὲν
1266 3925 1462 3995 γνόφον
1493 3923 1909 3997 ἁμαρτημάτων
1928 3963 1946 3990 ,

368 4019 609 4092 καθᾶραι
633 4019 690 4073 δέ
715 4018 892 4091 ψυχῆς
930 4019 1101 4074 κακὸν
1141 4018 1394 4083 συνειδός·
1434 4019 1531 4072 καὶ
1560 4017 1734 4072 ταῦτα
1772 4021 1948 4071 ποιεῖν

367 4110 462 4179 ἀφ’
489 4110 717 4165 ἑαυτῶν.

438 4200 842 4265 Καταλιπόντες
881 4202 991 4276 γάρ
1021 4202 1111 4257 τὸν
1149 4201 1443 4275 εὐεργέτην
1477 4218 1538 4255 τε
1580 4202 1676 4256 καὶ
1707 4203 1944 4275 σοηῆρα,

366 4293 674 4365 ἐπήλπισαν
702 4298 814 4361 τοῖς
846 4295 1075 4366 ἀψύχοις
1106 4295 1204 4350 καὶ
1239 4294 1599 4367 ἀναισθήτοις·
1640 4295 1720 4349 διὸ
1748 4296 1948 4366 γυμνοὶ

366 4382 550 4454 πάσης
574 4383 784 4455 ἀγαθῆς
805 4383 964 4455 δόξης
989 4384 1284 4456 ἐτύγχανον
1303 4425 1317 4451 ,
1352 4386 1508 4456 δίκην
1548 4385 1801 4439 στυπείου
1849 4403 1948 4441 κα-

365 4476 859 4550 τακαμθησόμενοι,
902 4479 997 4532 καὶ
1030 4479 1130 4532 οὐκ
1161 4479 1312 4533 ἔσται
1354 4480 1382 4532 ό
1423 4478 1663 4533 σϐέσων·
1704 4481 1789 4543 τίς
1834 4480 1945 4553 γὰρ

286 4603 301 4616 ο
368 4570 642 4639 ἐξελέσθαι
663 4572 905 4636 δυνατὸς,
932 4570 1024 4626 τοῦ
1041 4572 1178 4627 Θεοῦ
1205 4572 1302 4646 τὴν
1324 4574 1444 4627 κατ’
1470 4572 1649 4626 αὐτῶν
1672 4572 1944 4643 ἀπόφασιν

364 4663 768 4736 ἐξενηνοχότος;
793 4664 903 4735 Τήν
934 4665 993 4719 ἐν
1012 4668 1078 4737 τῇ
1107 4665 1453 4737 αἰχμαλωσίᾳ
1480 4665 1656 4719 τοίνυν
1684 4664 1944 4735 αἰσχύνην

364 4757 658 4816 αἰνίττεται
693 4759 722 4810 6
752 4756 929 4826 λόγος·
965 4757 1182 4811 πάντων
1219 4757 1460 4811 ἐκποδὼν
1491 4757 1803 4830 γενομένων
1835 4757 1943 4811 τῶν

365 4850 799 4924 ἐπιθυμημάτων
834 4849 1033 4904 αὐτῶν·
1077 4850 1477 4922 ματαιωθείσης
1507 4852 1565 4905 δέ
1600 4853 1693 4904 καὶ
1723 4851 1823 4922 τῆς
1858 4850 1945 4904 ἐλ-

368 4944 517 5007 πίδος
550 4943 728 4998 αὐτῶν
755 4946 853 5015 τῆς
885 4947 978 4999 ἐπὶ
994 4949 1107 5010 τοῖς
1137 4944 1394 5008 εἰδώλοις.

436 5035 560 5091 Κάν.
578 5034 755 5104 λόγος,
786 5035 890 5089 κᾶν
920 5036 1106 5107 ὅρασις
1135 5034 1393 5106 λέγηται,
1421 5033 1574 5088 οὐδὲν
1604 5035 1811 5089 διοίσει·
1850 5036 1943 5090 καὶ

366 5129 475 5201 γὰρ
508 5130 567 5183 ἐν
598 5127 753 5198 ϐψεσί
780 5146 832 5181 τι
864 5127 1113 5198 φαίνεται
1134 5143 1149 5158 ·
1175 5128 1347 5191 οὕτως
1380 5127 1413 5198 ή
1439 5126 1639 5196 γνῶσις
1677 5126 1942 5181 διαϐαίνει

367 5225 447 5286 εἰς
468 5220 667 5292 ψυχὴν,
700 5221 776 5274 ὅτ’
804 5219 871 5274 ἂν
914 5219 1046 5284 Θεὸς
1084 5219 1321 5293 δεικνύῃ,
1361 5219 1436 5283 ὡς
1474 5218 1772 5291 δεξαμένης
1801 5221 1944 5274 κατά

367 5315 604 5369 διάνοιαν
632 5316 757 5379 τοὺς
789 5313 992 5367 τούτων
1023 5312 1235 5382 λόγους·
1276 5312 1380 5367 κᾶν
1417 5313 1506 5367 διά
1540 5312 1714 5383 λόγων
1746 5312 1940 5386 ἀκούῃ,

366 5404 537 5469 οὕτως
565 5404 875 5476 βεϐαιοῦται
895 5404 992 5477 τὴν
1014 5403 1250 5458 διάνοιαν
1268 5443 1283 5467 ,
1311 5405 1388 5469 ὡς
1412 5405 1620 5477 ἀθρόως
1650 5404 1943 5476 δεχομένης

367 5497 466 5567 τὴν
493 5496 708 5550 πάντων
741 5497 960 5566 γνῶσιν.
991 5529 1058 5539 -
1087 5495 1348 5550 Ἐνταῦθα
1365 5498 1426 5551 o6
1447 5496 1593 5566 λέγει
1616 5495 1775 5561 κατὰ,
1806 5495 1944 5549 αλλά

370 5590 516 5660 περὶ,
551 5588 786 5654 δεικνὺς,
831 5588 907 5652 ὠς
942 5590 1058 5643 ἐκεῖ
1092 5589 1190 5661 μὲν
1228 5588 1418 5659 ἐδήλου
1459 5588 1556 5663 τὴν
1597 5590 1717 5643 κατ’
1762 5587 1942 5646 αὐτῶν

369 5680 636 5753 ζσομένην
665 5681 759 5737 καὶ
787 5682 894 5737 τῶν
922 5681 1102 5738 τόπων
1132 5681 1429 5754 ἐρήμωσιν.

2054 1967 2140 2021 vel
2171 1976 2359 2037 postea
2394 1967 2595 2024 Iudaeis
2621 1985 2905 2026 concessa.
2950 1971 3330 2041 Conlemptum
3375 1973 3501 2043 jure
3531 1988 3632 2026 vo-

2055 2068 2144 2111 cat
2162 2058 2522 2114 defectionem
2548 2061 2765 2115 illorum
2794 2072 2848 2118 et
2874 2063 3018 2118 circa
3048 2064 3340 2119 simulacra
3363 2080 3627 2121 errorem.

2047 2266 2057 2278 ι
2126 2230 2292 2287 Vens.
2347 2233 2400 2287 8.
2440 2231 2722 2303 Signiﬁcat
2763 2250 3028 2289 summam
3080 2235 3390 2291 Judmorum
3429 2237 3629 2294 sterili-

2052 2335 2241 2383 tatem.
2282 2328 2462 2382 Donec
2493 2328 2640 2381 enim
2673 2328 2833 2383 bonis
2865 2327 3135 2385 fructibus
3172 2331 3430 2385 exuberat
3456 2332 3584 2386 vitis
3610 2373 3624 2395 ,

2052 2432 2154 2473 nec
2184 2432 2213 2470 a
2246 2419 2592 2489 vigilantibus
2645 2420 2998 2485 destituitur,
3049 2438 3151 2477 nec
3192 2439 3221 2476 a
3265 2423 3627 2479 custodienti-

2052 2509 2176 2574 bus,
2199 2512 2315 2579 qui,
2356 2511 2711 2566 tabernaculo
2740 2512 3062 2578 constituto,
3086 2512 3320 2583 desuper
3343 2530 3374 2569 e
3405 2515 3627 2571 sublimi

2052 2601 2437 2671 speculantur,
2485 2613 2539 2657 et
2588 2604 3072 2675 circumspiciunt,
3126 2612 3179 2660 et
3225 2606 3391 2661 vitem
3449 2616 3631 2662 custo-

2052 2692 2244 2759 diunt;
2280 2693 2548 2751 fructibus
2597 2705 2776 2751 autem
2812 2697 3075 2759 sublatis,
3124 2715 3192 2753 ne
3227 2699 3283 2753 in
3319 2714 3518 2754 vanum
3550 2700 3628 2753 la-

2049 2785 2204 2840 boret
2233 2793 2440 2850 custos,
2474 2788 2750 2842 desertum
2782 2789 3070 2860 dereliquit
3104 2791 3540 2857 tabernaculum,
3573 2802 3628 2847 et

2049 2874 2116 2930 de
2143 2878 2377 2932 statione
2400 2878 2636 2933 decedit.
2666 2860 2681 2875 ’

2125 2965 2290 3025 Vens.
2322 2970 2375 3024 9.
2411 2971 2546 3026 Cum
2574 2971 2741 3029 Israel
2772 2973 2943 3029 Deum
2965 2990 3073 3029 non
3091 2976 3427 3045 cognoverit,
3452 2991 3631 3044 neque

2049 3074 2176 3115 eum
2208 3063 2443 3133 populus
2478 3064 2826 3135 intellexerit,
2853 3067 2953 3123 'sed
2992 3083 3058 3122 ex
3111 3068 3244 3137 ipsis
3268 3083 3476 3133 semen,
3501 3084 3632 3139 apo-

2054 3154 2282 3211 stolicus
2312 3157 2538 3223 chorus,
2576 3175 2699 3215 eum
2745 3169 2800 3214 et
2831 3166 3146 3233 cognoverit
3182 3172 3238 3219 et
3276 3166 3625 3231 intellexerit,

2053 3246 2252 3300 merito
2285 3263 2315 3300 a
2338 3249 2497 3319 plebe
2531 3249 2902 3321 distinguitur.
2956 3252 3143 3324 Inepte
3181 3257 3381 3328 quippe
3412 3258 3628 3314 diceres

2050 3337 2332 3406 apostolos
2362 3353 2547 3395 semen
2581 3339 2751 3396 fuisse
2787 3342 3106 3412 impiorum,
3134 3346 3201 3402 de
3227 3349 3428 3418 quibus
3460 3352 3627 3407 modo

2048 3425 2256 3482 dictum
2287 3426 2476 3499 (Vens.
2502 3429 2559 3500 4)
2591 3449 2602 3483 :
2638 3449 2658 3483 ‹
2708 3429 2904 3487 Semen
2927 3450 3159 3505 nequam
3187 3437 3278 3491 lilii
3311 3440 3560 3497 scelesti-
3600 3462 3619 3494 ι

2050 3518 2230 3587 aptius
2257 3534 2353 3575 eos
2385 3534 2569 3575 semen
2606 3521 2993 3592 pr0phetarum
3038 3528 3339 3583 vocaveris.

2119 3696 2287 3754 Vens.
2325 3697 2413 3755 {6.
2454 3697 2574 3755 Non
2631 3700 2699 3757 iis
2754 3702 3096 3775 (lavamini)
3141 3705 3460 3771 lotionibus,
3504 3722 3629 3776 qua:

2048 3789 2295 3859 corporis
2330 3798 2508 3845 cutem
2544 3791 2863 3861 emundant,
2901 3808 3012 3848 non
3040 3795 3186 3850 enim
3217 3795 3345 3851 huic
3395 3798 3629 3853 munda-

2048 3886 2199 3941 tione
2222 3902 2393 3957 opus;
2417 3886 2512 3942 sed
2539 3888 2938 3959 spiritualibus,
2961 3906 3083 3961 quae
3102 3904 3455 3962 peccatorum
3495 3894 3630 3949 cali-

2050 3978 2230 4047 ginem
2267 3980 2486 4035 auferre
2515 3980 2752 4050 possint,
2778 3988 2834 4036 et
2863 3984 3058 4039 sordes
3089 3984 3258 4038 animi
3287 3985 3547 4053 abluere;
3577 3981 3631 4043 et

2048 4069 2191 4123 mala
2220 4085 2452 4141 quaeque
2478 4072 2670 4142 procul
2699 4072 2986 4143 depellere.

2120 4160 2289 4217 Vens.
2336 4161 2611 4217 29.-Nam
2662 4163 2923 4220 derelicto
2961 4165 3311 4221 benefactore
3347 4176 3401 4222 et
3438 4166 3629 4222 Salva-

2048 4263 2187 4320 tore,
2220 4256 2381 4312 idolis
2414 4255 2607 4312 confisi
2660 4265 2790 4311 sunt
2833 4259 3013 4312 anima
3057 4266 3112 4313 et
3158 4266 3341 4314 mente
3390 4259 3630 4314 carenti-

2049 4352 2189 4417 bus;
2231 4349 2437 4405 idcirco
2452 4352 2602 4405 omni
2627 4351 2934 4407 bonafama
2962 4350 3230 4417 destituti,
3257 4351 3338 4407 vel
3355 4360 3413 4407 ut
3429 4359 3627 4424 stuppa

2049 4440 2670 4513 comburentur(Vnns.
2708 4443 2819 4516 5t)
2857 4462 2876 4495 ί
2913 4452 2969 4498 et
3017 4459 3125 4499 non
3159 4443 3263 4500 erit
3294 4444 3389 4515 qui
3416 4445 3628 4501 exstin-

1976 4547 2021 4605 ι)
2049 4544 2198 4606 gnat.
2246 4553 2267 4587 ι
2319 4532 2457 4601 Quis
2490 4534 2636 4590 enim
2667 4544 2853 4606 posset
2880 4550 2975 4590 eos
3008 4535 3251 4605 eripere,
3306 4534 3418 4591 Deo
3465 4535 3625 4589 incu-

2047 4626 2246 4683 sante?
2276 4625 2458 4682 lnnuit
2481 4627 2649 4698 igitur
2677 4641 2859 4683 sermo
2889 4626 3272 4683 confusionem
3306 4628 3361 4683 in
3391 4628 3628 4699 captivia

2046 4725 2158 4772 tate
2217 4717 2498 4783 futuram,
2551 4732 2676 4773 cum
2736 4716 2878 4774 bono
2924 4734 3144 4789 quoque
3198 4717 3371 4775 Judaei
3424 4720 3626 4777 fuerint

2046 4809 2237 4872 exuti,
2282 4817 2338 4864 et
2380 4826 2478 4881 spe
2538 4811 2793 4882 depulsi,
2851 4828 3014 4882 quam
3067 4812 3123 4867 in
3186 4811 3347 4868 idolis
3387 4813 3627 4869 colloca-

2049 4911 2254 4958 verant.

2117 4996 2245 5054 Cn.
2276 4995 2343 5063 ll,
2370 4995 2538 5054 Vens.
2574 4998 2625 5052 l.
2669 4995 2775 5053 Seu
2802 4997 3028 5053 verbum
3046 5041 3061 5064 ,
3092 5013 3189 5054 seu
3217 4997 3356 5053 visio
3380 4997 3618 5062 dicatur,

2046 5091 2180 5146 nihil
2231 5091 2496 5155 interest;
2540 5105 2665 5145 nam
2715 5098 2769 5146 et
2807 5091 3111 5151 visionibus
3144 5091 3347 5161 aliquid
3382 5091 3619 5147 auditur.

2051 5182 2282 5251 Quando
2320 5180 2465 5238 Deus
2505 5181 2637 5253 quid
2685 5183 2862 5238 oculis
2890 5184 3144 5254 subiicit,
3181 5184 3499 5255 cognitione
3538 5184 3621 5239 in-

2052 5277 2285 5331 struitur
2315 5275 2553 5339 animus,
2588 5275 2733 5331 haud
2760 5291 2922 5331 secus
2949 5269 3028 5330 'ac
3069 5277 3116 5331 si
3141 5283 3321 5331 mente
3345 5277 3619 5331 visionum

2049 5383 2356 5423 sermonem
2384 5369 2725 5438 perciperet;
2751 5381 2807 5424 et
2834 5369 3022 5427 audito
3042 5369 3209 5424 verbo
3234 5408 3250 5431 ,
3301 5368 3375 5423 ita
3414 5367 3619 5422 illumi-

2046 5467 2211 5513 natur
2255 5474 2448 5527 mens,
2496 5459 2652 5529 quasi
2703 5474 2811 5513 uno
2854 5459 3054 5513 intuitu
3087 5474 3412 5514 cunctorum
3445 5459 3622 5512 scien-

2048 5554 2182 5608 tiam
2214 5552 2690 5623 complecteretur.
2722 5582 2793 5591 —
2820 5551 2933 5606 Hic.
2942 5551 3060 5621 jam
3087 5566 3198 5607 non
3228 5559 3418 5606 contra
3446 5551 3627 5620 loqui-.

2046 5656 2156 5709 tur.
2190 5648 2285 5704 sed
2317 5648 2386 5702 de
2416 5646 2763 5719 (Jerusalem)
2784 5690 2799 5714 ,
2851 5648 3100 5703 indicans
3130 5663 3190 5703 se
3221 5648 3374 5718 prius
3398 5648 3629 5702 calamiq

2049 5747 2194 5795 tates
2217 5740 2630 5797 denuntiavisse
2663 5747 2856 5796 contra
2893 5755 2989 5796 eos
3022 5740 3236 5801 futuras
3287 5748 3341 5796 et
3374 5740 3629 5801 locorum.

2048 5831 2423 5889 vastationem.
