4138 6432
496 423 627 480 1511

1692 408 2039 469 THEODORI
2080 402 2597 461 HERACLEENSIS

3607 399 3746 457 1512

566 538 732 596 Vsus.
759 538 1024 608 3.1psum
1060 516 1362 593 Salvatoﬁs
1416 530 1590 585 nostri
1638 542 1942 585 sermonem
1990 525 2069 578 le-

2244 518 2423 586 Νὸμον
2451 510 2519 569 δὲ’
2534 518 2689 569 καλεῖ
2720 517 2815 570 καὶ
2846 516 3001 585 λόγον
3035 515 3131 569 τοῦ
3160 516 3411 584 Σωτηρος
3437 509 3614 580 ημῶν·
3652 522 3746 566 και

493 648 613 703 gem
649 630 903 687 vocavit:
940 629 1139 699 quippe
1194 625 1285 695 qui
1338 623 1407 679 de
1453 623 1754 678 Jerusalem
1787 619 2066 690 profectus

491 733 741 780 errantes
769 732 962 794 gentes
1014 722 1232 792 arguit,
1278 736 1385 774 non
1415 721 1670 790 judicans
1717 718 1944 784 dociles,
1970 718 2067 773 sed

491 830 719 871 munera
747 816 987 886 largiens
1019 813 1446 884 agnoscentibus
1473 826 1614 866 eum.

561 905 732 962 Vens.
769 906 859 960 18.
905 904 1172 959 Malorum
1222 918 1387 958 causa
1443 901 1734 970 (idolorum
1780 901 2064 973 eversio):

492 1009 625 1053 tunc
664 998 975 1069 intelligent
1032 1012 1092 1052 se
1143 995 1348 1050 frustra
1403 992 1572 1048 Deum
1613 992 1964 1058 deseruisse,
2013 1001 2068 1049 et

491 1091 788 1147 inservisse
836 1089 1179 1155 simulacris;
1231 1103 1354 1143 nam
1385 1094 1686 1157 agnoscent
1731 1086 2070 1157 vespertilio-

492 1195 590 1237 nes
642 1181 748 1238 sibi
790 1182 972 1253 potius
1027 1181 1281 1237 colendas
1336 1179 1506 1235 fuisse
1547 1193 1712 1234 sensu
1769 1178 2065 1248 prmditas,

491 1286 655 1342 quam
689 1273 956 1343 imagines
981 1287 1167 1328 eorum
1186 1287 1350 1328 sensu
1374 1278 1643 1327 carentes.
1669 1268 1842 1335 Tunc,
1868 1271 2065 1341 inquit,

493 1366 797 1423 imminenti
827 1366 1058 1437 judicio,
1099 1382 1209 1421 non
1235 1373 1451 1422 astante
1478 1365 1570 1436 qui
1606 1365 1898 1431 liberaret,
1954 1381 2068 1419 me-

492 1459 599 1513 rito
628 1474 689 1516 se
720 1460 772 1513 in
824 1468 1006 1530 petras
1038 1458 1401 1523 abscondent,
1435 1457 1503 1514 de
1536 1458 1761 1529 quibus,
1793 1460 1888 1524 ait,
1924 1458 2066 1513 idola

494 1550 600 1606 sibi
627 1548 1044 1605 fabricaveram.
1072 1549 1189 1605 Non
1214 1549 1469 1621 poteritis
1504 1550 1672 1611 enim,
1699 1548 1906 1619 adjicit,
1930 1549 2067 1603 iram

491 1640 586 1696 Dei
614 1642 671 1696 in
698 1656 797 1698 vos
828 1650 1158 1697 commotam
1181 1641 1432 1705 suiierre,
1467 1640 1563 1697 sed
1596 1640 2068 1696 demonstrabitur

490 1731 756 1805 fragilitas
790 1740 993 1801 vestra,
1027 1732 1122 1790 Dei
1152 1750 1280 1791 vero
1307 1734 1565 1806 maiestas
1587 1733 1889 1805 apparebit.

557 1995 687 2053 CAP.
722 1996 812 2067 lV,
848 1997 1018 2056 Vens.
1047 2002 1100 2055 4.
1141 2001 1351 2067 Quibus
1379 2001 1557 2057 verbis
1591 2001 1848 2057 salutaris
1880 2011 2067 2058 noster

2172 621 2280 685 γαρ
2330 611 2437 664 ἀπὸ
2472 606 2829 681 Ἰερουσαλὴμ
2865 608 3069 676 φανεὶς,
3119 605 3311 676 ἤλεγξε
3360 605 3456 674 μὲν
3505 603 3572 657 τά
3615 603 3745 676 ἔθνη

2171 703 2528 774 πλανώμεναο
2585 702 2646 753 ού
2704 698 3049 771 κατακρίνων
3103 696 3571 769 ὁμολογήσαντας,
3630 692 3744 749 ἀλλ’

2170 796 2547 867 ἐπεγνωκότας
2568 792 2887 867 εὐεργετῶν.

2239 910 2321 964 Τά
2350 909 2460 964 τῶν
2504 908 2688 963 κακῶν
2724 908 2895 962 αῐτιαο
2934 910 3014 971 εἰς
3052 904 3398 975 συναίσθησιν
3439 902 3742 975 ἐρχόμενοι,

2167 1003 2245 1057 ὅτι
2280 1003 2368 1071 δὴ,
2403 1004 2577 1073 μάτην
2615 1000 3000 1063 καταλιπόντες
3041 999 3127 1052 τὸν
3175 996 3339 1061 Θεὸν,
3371 997 3549 1058 αὐτοῖς
3579 1012 3745 1067 προσ-

2168 1095 2412 1149 εκύνουν·
2448 1094 2856 1164 ἀναλογίσονται
2887 1091 2996 1165 γὰρ
3019 1132 3032 1155 ,
3050 1091 3131 1145 ὅτι
3159 1088 3223 1161 δὴ
3245 1086 3440 1160 μᾶλλον
3468 1087 3746 1158 νυκτερίσι

2171 1184 2537 1257 προσεκύνουν
2562 1187 2681 1249 ταῖς
2702 1186 2758 1238 ἐν
2782 1183 2991 1247 τούτοις
3021 1178 3465 1254 ἐμφωλευούςαις
3493 1176 3746 1249 αἴσθησιν

2169 1277 2534 1348 κεκτημέναις
2570 1276 2604 1348 ἢ
2636 1278 2748 1341 τοῖς
2776 1274 2980 1329 τούτων
3015 1271 3378 1342 καταγωγίοις
3403 1267 3749 1341 ἀναισθήτοις

2167 1364 2309 1423 οὖσι.
2346 1369 2457 1440 Τῆς
2486 1367 2673 1438 δίκης,
2704 1367 2889 1439 φησιν,
2914 1366 3056 1437 ὑμᾶς
3096 1361 3526 1432 καταλαϐούσης,
3557 1360 3651 1415 καὶ
3674 1358 3749 1431 μὴ

2170 1460 2322 1526 ὄντος
2343 1460 2435 1514 τοῦ
2462 1459 2847 1531 βοηθήσαντος,
2874 1458 3163 1512 ἀκόλουθον
3189 1458 3268 1519 εἰς
3292 1454 3392 1519 τὰς
3416 1455 3620 1527 πέτρας
3652 1470 3749 1507 κα-

2168 1550 2597 1624 τακρύπτεσθαι·
2632 1549 2693 1616 ἐξ
2730 1544 2915 1623 ὧνπερ
2937 1592 2949 1614 ,
2979 1550 3130 1620 φησὶ,
3167 1549 3261 1603 καὶ
3288 1548 3356 1600 τὰ
3389 1546 3583 1600 εἴδωλα
3623 1545 3749 1598 ἐλα-

2173 1642 2417 1710 ξεύσατε*
2443 1643 2564 1697 οὐδὲ
2590 1641 2699 1713 γάρ
2725 1641 2946 1709 ἐνέγκαι
2975 1638 3291 1711 δυνήσεσθε,
3315 1636 3470 1706 φησὶ,
3500 1637 3599 1706 τὴν
3628 1633 3749 1689 καθ’

2170 1735 2323 1806 ὑμῶν
2354 1734 2665 1805 κινηθεῖσαν
2699 1731 2849 1804 παρά
2878 1731 2972 1785 τοῦ
3005 1729 3140 1784 Θεοῦ
3169 1730 3355 1801 ὀργήν*
3399 1726 3536 1782 ἀλλὰ
3562 1728 3623 1780 τὸ
3653 1726 3750 1797 μὲν

2173 1826 2436 1897 ὑμέτερον
2464 1823 2688 1888 ἀσθενὲς
2710 1821 3193 1895 ὁμολογηθήσεται·
3227 1821 3469 1890 φανεῖται
3505 1818 3620 1890 au;
3657 1835 3749 1889 με·

2165 1918 2445 1988 γαλειότης
2475 1916 2568 1971 τοῦ
2598 1915 2732 1969 Θεοῦ

2241 2011 2315 2063 Τὸ
2344 2008 2466 2064 καθ’
2496 2010 2644 2080 ἡμᾶς
2677 2008 2946 2078 σωτήριον
2985 2006 3268 2077 βάπτισμα
3315 2004 3635 2076 σημαίνεται
3662 2002 3751 2057 διὰ

492 2089 797 2160 baptismus
831 2090 1210 2163 signiﬁcatur,
1243 2108 1341 2163 per
1367 2110 1531 2164 quem
1558 2095 1859 2165 praesertim
1888 2096 2067 2151 denuo

2175 2100 2401 2154 τούτων·
2426 2101 2492 2153 δι’
2525 2092 2586 2153 οὗ
2614 2099 2851 2171 μάλιστα
2884 2095 3116 2169 καθαροὶ¹
3147 2096 3205 2163 ἐξ
3242 2095 3498 2167 ὑπαρχῆς
3540 2094 3749 2148 ἀναδει-

491 2181 680 2237 mundi
706 2184 1130 2254 conspiciemur.

559 2271 689 2327 Cap.
721 2272 784 2339 V,
832 2273 998 2330 Vens.
1034 2276 1085 2331 l.
1128 2274 1304 2332 Voces
1339 2277 1456 2333 ista:
1494 2297 1512 2329 ι
1550 2279 1604 2334 in
1635 2294 1830 2343 cornu,
1855 2280 1909 2335 in
1948 2281 2068 2336 loco

491 2367 699 2438 pingui,
733 2386 752 2420 ι
780 2368 1039 2424 selectum
1080 2368 1251 2425 fuisse
1290 2371 1469 2426 locum
1525 2372 1840 2438 declarant,
1871 2372 2069 2430 distin-

490 2467 766 2530 ctumque.
810 2459 987 2516 Vitem
1040 2463 1280 2533 sepsisse
1326 2463 1481 2528 dicit,
1519 2475 1573 2519 et
1635 2466 1956 2532 vallavisse,
2015 2474 2070 2522 et

492 2549 858 2620 plantavisse,
915 2560 970 2607 et
1008 2554 1365 2611 aediﬁcavisse
1417 2556 1650 2620 turrim,
1695 2564 1756 2611 ut
1804 2566 2070 2613 memoret

491 2643 679 2711 quanti
727 2641 947 2700 Iudaeos
998 2643 1221 2713 fecerit,
1258 2656 1465 2717 quanta
1518 2647 1842 2704 custodierit
1890 2665 2022 2705 cura
2050 2688 2065 2713 ,

489 2743 696 2805 quanto
721 2738 905 2792 studio
947 2754 1044 2809 per
1082 2738 1383 2809 prophetas
1417 2739 1688 2797 docuerit.
1726 2741 1805 2795 ita
1834 2743 2072 2798 excultis

489 2840 599 2880 non
631 2826 801 2897 spinae
827 2827 1066 2883 ferendae
1092 2838 1270 2894 erant,
1315 2828 1412 2885 sed
1444 2830 1749 2900 condignas
1782 2830 1994 2886 fructus
2015 2838 2071 2886 et

489 2918 771 2976 laboribus
795 2921 1149 2977 conveniens.
1185 2922 1375 2976 Talem
1404 2929 1588 2978 autem
1620 2922 1859 2977 fructum
1893 2924 1961 2978 ab
1987 2924 2069 2979 eis

495 3023 600 3063 non
632 3007 803 3067 fuisse
827 3011 1033 3066 editum
1065 3019 1297 3068 testatur
1342 3014 1514 3084 spinae
1551 3030 1755 3069 corona
1802 3013 2071 3072 Salvatori

495 3101 750 3172 imposita
774 3142 790 3170 ,
827 3102 998 3174 figura
1036 3104 1319 3175 spinarum
1356 3107 1412 3160 in
1461 3107 1659 3164 animis
1690 3107 1997 3163 latentium.

556 3302 685 3360 CAP.
720 3305 912 3371 XXIII,
945 3306 1112 3364 Vens.
1154 3308 1240 3363 i7.
1298 3308 1549 3381 (Tyrum)
1578 3310 1713 3365 dicit
1747 3326 1775 3365 a
1807 3309 1914 3366 Deo
1946 3319 2071 3383 post

492 3404 741 3468 acceptas
788 3413 983 3469 poenas
1023 3399 1352 3455 visitandam
1387 3418 1510 3457 esse
1537 3442 1553 3469 ,
1604 3410 1659 3457 et
1691 3403 1745 3457 in
1788 3405 2067 3474 antiquam

491 3490 690 3546 famam
731 3493 1151 3560 restituendam,
1178 3504 1237 3548 ut
1270 3494 1380 3550 Deo
1410 3496 1607 3565 opibus
1661 3497 1948 3561 inserviat,
1974 3512 2070 3566 per

491 3586 915 3657 negotiationem
960 3588 1283 3658 requisitis:
1322 3605 1442 3659 quas
1470 3588 1772 3645 Jerusalem
1819 3590 2071 3646 habitan-

490 3677 638 3733 tibus
683 3679 969 3749 perutilia,
1026 3687 1087 3733 ut
1117 3679 1174 3734 in
1210 3678 1512 3751 Scripturis
1547 3683 1723 3738 sacris
1749 3722 1765 3747 ,
1810 3694 2071 3754 regnante

493 3769 717 3836 Hiram,
756 3771 1055 3842 contigisse
1087 3781 1344 3826 narratur
1377 3774 1413 3827 ‘.

560 3861 692 3917 CAP.
728 3861 920 3927 XXVI,
940 3862 1106 3919 Vens.
1142 3864 1195 3918 9.
1237 3865 1462 3921 Animas
1490 3866 1562 3921 ita
1591 3866 1889 3937 dispositas
1933 3869 2071 3924 dicit

493 3968 653 4009 mane
690 3941 1020 4028 consurgere
1057 3956 1124 4011 ad
1157 3958 1498 4015 exhibendas
1535 3959 1603 4016 de
1657 3964 1946 4031 praateritis
1979 3979 2071 4019 re-

495 4044 595 4100 bus
639 4045 846 4116 gratias
875 4064 889 4100 :
926 4062 1102 4117 neque
1133 4047 1280 4103 enim
1311 4065 1440 4113 nox,
1476 4049 1682 4104 homini
1723 4051 1791 4104 ad
1816 4066 2073 4107 rerrean~

492 4138 621 4194 dum
655 4154 857 4211 corpus
883 4141 1031 4208 data,
1064 4142 1403 4200 dormientes
1454 4144 1678 4200 reticere
1723 4154 1928 4215 posset,
1961 4145 2068 4201 nisi

493 4228 685 4288 fuisset
715 4231 819 4287 hoc
847 4246 877 4285 a
907 4230 1019 4287 Deo
1044 4233 1436 4300 constitutum;
1461 4236 1664 4304 optime
1690 4234 1858 4304 igitur
1880 4243 1933 4289 et
1954 4250 2072 4288 ma-

493 4320 730 4376 tutinum
789 4331 1008 4392 tempus
1067 4330 1299 4394 occupat
1351 4324 1476 4379 tatis
1532 4326 1746 4390 anima,
1790 4333 1858 4380 ut
1907 4333 1958 4379 et
2004 4325 2072 4380 de

493 4414 786 4483 praeteritis
826 4415 994 4471 rebus
1043 4417 1248 4486 gratias
1299 4415 1542 4484 referat,
1578 4427 1633 4473 et
1672 4417 1739 4470 ad
1775 4418 1918 4473 diem
1955 4417 2070 4488 jam

493 4508 831 4564 exorientem
884 4524 1040 4579 opem
1100 4509 1329 4581 ﬂagitet.
1369 4507 1665 4582 Praeceptis
1710 4508 1803 4566 Dei
1837 4520 2068 4567 mentem

494 4602 711 4671 piorum
770 4602 1088 4667 illuminari,
1154 4600 1535 4670 manifestum;

494 4692 663 4765 verbo
689 4692 783 4749 Dei
815 4696 981 4748 alitur
1019 4695 1199 4750 anima
1222 4697 1266 4762 ³,
1295 4695 1368 4749 ita
1397 4706 1451 4751 et
1477 4695 1624 4751 omni
1650 4704 1920 4766 prmcepto
1949 4696 2073 4752 illu-

495 4792 701 4840 stratur
728 4792 782 4840 et
814 4786 1173 4842 illuminatur.

568 5047 733 5107 Vens.
771 5051 857 5107 10.
893 5051 1093 5121 διιιόἰο⁵
1118 5054 1282 5126 igitur
1303 5055 1500 5127 cuique
1544 5057 1615 5115 sit
1641 5065 1695 5114 et
1721 5075 1886 5129 curm,
1908 5062 2072 5133 justi-

496 5142 628 5196 tiam
660 5141 893 5200 discere.
926 5144 1044 5200 Non
1075 5147 1220 5201 enim
1261 5148 1513 5219 justitia,
1564 5153 1720 5222 quasi
1754 5163 1942 5210 nostra
1976 5171 2074 5209 na-

498 5245 617 5289 tura
644 5234 952 5304 inhmreret,
976 5239 1049 5292 ita
1068 5239 1408 5298 nobisinsita
1436 5251 1540 5309 est,
1566 5252 1626 5299 ut
1654 5261 1771 5302 eam
1804 5248 1887 5304 vel
1917 5249 2072 5304 incu-

568 5387 668 5442 ‘lll
698 5388 825 5462 Reg.
861 5409 940 5460 XI,
978 5394 1037 5448 ii
1070 5410 1196 5466 sqq.
1270 5397 1506 5457 'Matth.
1540 5414 1613 5464 tv,
1646 5400 1702 5458 4.

574 5546 652 5618 (‘2)
694 5549 1013 5624 Sequuntur
1049 5554 1300 5624 ingentes
1335 5556 1389 5610 in
1427 5554 1754 5613 Heracleota
1784 5569 1973 5616 nostro
2001 5561 2080 5615 la-

500 5633 653 5696 cunae
681 5627 797 5696 tum
819 5622 881 5696 in.
900 5622 1003 5677 hoc
1036 5622 1146 5678 tum
1184 5626 1236 5679 in
1268 5629 1464 5690 altero,
1493 5644 1654 5696 quem
1687 5633 1962 5694 consului,
1987 5647 2079 5685 car

501 5694 640 5771 terra:
682 5689 748 5743 ad
780 5691 983 5771 isaiam
1015 5708 1118 5748 ms.
1140 5697 1471 5771 exemplari.
1507 5689 1571 5752 Et
1616 5699 1837 5768 quidem
1870 5689 1968 5771 par
1995 5710 2078 5755 est

502 5762 790 5838 utriusque
814 5762 1019 5838 codicis
1051 5765 1211 5831 ratio,
1244 5762 1397 5820 ita’ut
1426 5768 1563 5824 alter
1585 5762 1649 5823 ei
1682 5772 1855 5826 altero
1873 5762 2077 5825 exscri-

503 5836 629 5901 ptus
658 5828 923 5884 videatur.
947 5832 1058 5886 Cur
1088 5828 1265 5890 autem
1296 5844 1442 5891 tanta
1471 5840 1736 5895 emissio?
1787 5839 2071 5896 Heracleo-

1609 4617 1734 4657 nam
1801 4610 1861 4656 ut
1918 4604 2062 4657 omni
2097 4597 2142 4651 D

2167 2191 2415 2262 κνύμεθα

2237 2306 2312 2359 Τὸ
2352 2305 2430 2373 δὲ,
2475 2324 2492 2357 ι
2518 2306 2577 2359 ὲν
2606 2306 2819 2377 κέρατι,
2851 2306 2909 2358 ἐν
2936 2305 3088 2375 τόπῳ
3127 2303 3293 2370 πίονι,
3335 2321 3353 2354 ι
3387 2302 3447 2355 τὸ
3475 2300 3751 2371 ἐξαίρετον

2169 2395 2263 2449 καὶ
2309 2394 2714 2468 κεχωρισμένον
2760 2393 2853 2448 τοῦ
2900 2394 3066 2447 τόπου
3096 2392 3262 2465 δηλοῖ.
3288 2391 3545 2465 Φραγμὺν
3571 2390 3626 2444 δὲ
3660 2391 3751 2445 καὶ⁵

2172 2484 2420 2556 χάρακας
2447 2486 2540 2539 καὶ
2566 2483 2819 2555 φύτευμα
2840 2484 2932 2538 καὶ
2948 2483 3236 2555 οἰκοδομὴν
3262 2482 3413 2550 λέγει
3442 2483 3543 2553 τήν
3571 2498 3630 2534 τε
3656 2479 3750 2533 τοῦ

2169 2576 2357 2644 γένους
2410 2576 2760 2646 περιποίησιν
2792 2576 2886 2629 καὶ⁹
2926 2575 3025 2647 τὴν
3073 2573 3240 2629 αὐτοῦ
3279 2574 3522 2647 φρουρὰν
3545 2573 3638 2627 καὶ
3665 2572 3750 2626 διά

2176 2666 2469 2737 προφητῶν
2506 2667 2844 2738 ἐπιμέλειαν,
2880 2668 2947 2721 δι’
2980 2660 3054 2721 ὧν
3094 2666 3312 2720 πάντων
3345 2665 3748 2736 γεωργούμενοι

2172 2748 2272 2809 οὐκ
2294 2756 2537 2822 ἀκάνθας
2574 2759 2759 2830 φέρειν
2795 2759 3076 2828 ἠδύναντο,
3125 2757 3262 2811 ἀλλά
3292 2758 3384 2812 τὸν
3410 2758 3629 2823 ἐπάξιον
3656 2758 3753 2811 καὶ

2178 2850 2530 2921 προσήκοντα
2564 2850 2675 2905 τῶν
2710 2850 2888 2905 πόνων
2931 2851 3163 2923 καρπόν.
3197 2851 3317 2904 Ὅτι
3346 2850 3402 2903 δὲ
3427 2850 3487 2902 ού
3511 2848 3753 2911 τοιοῦτος

2175 2942 2204 2993 ὁ
2229 2938 2510 3014 κομισθεὶς
2534 2943 2663 3017 παρ’
2698 2943 2879 2997 αὐτῶν
2909 2943 3146 3015 καρπὸς,
3175 2945 3442 3015 μαρτυρεῖ
3473 2944 3501 2995 ὁ
3527 2940 3604 3013 τῷ
3642 2942 3753 2994 Σω-

2174 3033 2302 3104 τῆρι
2339 3034 2497 3105 ἡμῶν
2547 3035 2819 3100 ἐπιτεθεὶς
2864 3035 3155 3098 ἀκάνθινος
3198 3033 3482 3104 στέφανος,
3515 3033 3751 3102 ἐγκαλύ-

2173 3141 2323 3180 πτων
2367 3125 2458 3179 τὸν
2484 3127 2665 3198 ἀφανῆ
2708 3130 2767 3181 ἐν
2815 3126 3016 3197 ψυχαῖς
3070 3125 3357 3196 ἀκανθὼδη
3400 3122 3578 3179 αὐτῶν
3624 3124 3753 3195 τρό-

2095 3231 2139 3289 ρ
2176 3235 2273 3271 πον
2312 3216 2407 3290 (ε).

2254 3332 2367 3401 Τὴν
2428 3332 2717 3403 ἐπίσκεψιν
2771 3332 2864 3387 τοῦ
2907 3333 3043 3387 Θεοῦ
3089 3335 3185 3407 τὴν
3243 3332 3382 3406 μετά
3410 3332 3507 3403 τὴν
3541 3330 3754 3403 πληγὴν

2178 3424 2477 3497 γενομένην
2503 3425 2673 3495 λέγει,
2705 3427 2782 3489 ὡς
2810 3429 2887 3491 εἰς
2909 3428 3006 3499 τὴν
3035 3428 3270 3499 ἀρχαίαν
3304 3423 3566 3496 ἐπανήξει
3596 3422 3755 3488 δόξαν

2176 3515 2561 3587 δωροφοροῦσα
2608 3516 2683 3587 τῷ
2718 3517 2838 3588 Θεῷ
2887 3519 2950 3571 ἐκ
2982 3518 3075 3571 τοῦ
3118 3516 3580 3588 ἐπισυναγομένου
3616 3516 3769 3588 αὐτῇ,

2179 3605 2382 3676 σπόρου
2408 3607 2473 3660 ἐκ
2517 3608 2615 3679 τῆς
2655 3608 2946 3679 ἐμπορίας,
2971 3608 3005 3662 ἃ
3038 3608 3189 3661 ἔσται
3218 3612 3329 3672 τοῖς
3351 3610 3410 3662 ἐν
3444 3610 3511 3679 τῇ
3560 3608 3753 3677 Ἰερου-

2179 3698 2362 3769 σαλὴμ
2420 3699 2734 3753 κατοικοῦσι
2786 3700 3081 3772 πρόσοδος·
3126 3700 3314 3772 ὥσπερ
3356 3695 3450 3755 οὖν
3511 3700 3607 3754 καὶ
3664 3700 3755 3753 ἐπὶ

2175 3789 2269 3842 τοῦ
2298 3790 2515 3862 Χειράμ
2538 3790 2818 3863 ἱστόρηται
2854 3790 3007 3863 παρά
3034 3793 3134 3862 τῆς
3165 3791 3315 3855 θείας
3356 3791 3600 3862 Γραφῆς.

2264 3881 2580 3936 Ἀκόλουθον
2609 3882 2707 3946 τὰς
2732 3881 2873 3935 οὕτω
2918 3881 3266 3953 διακειμένας
3292 3881 3472 3952 ψυχὰς
3508 3878 3756 3934 σπεύδειν

2177 3971 2234 4025 ὲν
2257 3974 2370 4036 τοῖς
2419 3971 2633 4045 δρθροις
2674 3973 2981 4027 ἀποδιδόναι
3024 3975 3120 4038 τὰς
3150 3973 3500 4045 εὐχαριστίας
3523 3971 3614 4024 ἐπὶ
3646 3970 3757 4025 τῶν

2178 4064 2661 4136 παρεληλυθότων·
2701 4066 2821 4120 οὐδὲ
2851 4066 2959 4139 γὰρ
2992 4066 3090 4132 νὺξ
3119 4069 3151 4136 ἡ
3189 4068 3268 4129 εὶς
3300 4065 3616 4119 ἀνάπαυλαν
3649 4062 3756 4117 τῶν

2179 4154 2447 4227 σωμάτων
2487 4154 2702 4209 δοθεῖσα
2735 4156 3046 4211 ἀναπαῦσαι
3084 4155 3370 4227 δυνήσεται
3399 4155 3489 4208 τὸν
3532 4155 3590 4205 ὲν
3618 4151 3755 4221 αὐτῇ

2179 4246 2547 4313 ὑπνώττοντα,
2606 4230 2683 4301 εἶ’
2708 4250 2781 4320 μή
2833 4248 2934 4301 πού
2979 4266 3041 4316 γε
3096 4247 3307 4302 ἐκείνου
3350 4245 3599 4317 σύνθημα
3634 4242 3755 4315 εἴη.

2190 4339 2529 4409 Ἀναγκαίως
2579 4335 2672 4392 οὖν
2700 4342 2735 4410 ἡ
2774 4341 2996 4412 τοιαύτη
3058 4339 3202 4411 ψυχὴ
3234 4339 3473 4413 καὶτοὺς
3527 4336 3758 4407 ὄρθρους

2178 4430 2572 4501 προλαμϐάνει,
2599 4432 2685 4485 ἵνα
2703 4431 2796 4484 καὶ
2828 4433 2952 4503 περὶ
2974 4432 3081 4485 τῶν
3119 4429 3568 4503 παρεληλυθότων
3596 4427 3758 4497 εύχα-

2184 4523 2436 4595 ριστήσῃ,
2471 4524 2567 4577 καὶ
2597 4524 2723 4592 περὶ
2754 4523 2851 4593 τῆς
2887 4522 3188 4594 μελλούσης
3214 4521 3377 4575 αὐτὸν
3415 4517 3759 4588 διαδέξασθαι

2179 4614 2392 4684 ἡμέρας
2414 4614 2789 4686 παρακαλέσῃ.
2830 4615 2964 4668 Ὑπὸ
2996 4615 3051 4669 δὲ
3069 4613 3177 4668 τῶν
3194 4612 3633 4688 προσταγμάτων
3658 4608 3754 4665 τοῦ

2174 4705 2309 4757 Θεοῦ
2340 4702 2672 4774 φωτίζεσθαι
2705 4704 2803 4776 τὴν
2839 4705 3076 4761 διάνοιαν
3103 4706 3211 4760 τῶν
3243 4703 3481 4759 εύσεόὦν
3510 4701 3750 4775 εὔδηλον·

2175 4794 2365 4866 ὥσπερ
2391 4794 2496 4868 γὰρ
2525 4796 2583 4848 ὲν
2623 4797 2787 4849 παντὶ
2828 4799 3031 4868 ῥήματι
3062 4797 3197 4849 Θεοῦ
3235 4795 3495 4866 τρέφεται
3520 4795 3552 4864 ἡ
3582 4791 3753 4863 ψυχὴ,

2174 4886 2349 4950 οῦτως
2375 4888 2468 4940 καὶ
2508 4887 2566 4939 ἐν
2616 4888 2775 4942 παντὶ
2805 4888 3188 4961 προστάγματι
3230 4885 3631 4956 καταυγάξεται
3662 4884 3759 4938 καὶ

2177 4978 2486 5045 φωτίζεται.

2250 5072 2459 5145 Σπουδὴ
2486 5072 2660 5126 τοίνυν
2691 5072 2940 5127 ἑκάστων
2969 5073 3084 5126 ἐστὶ
3115 5072 3207 5126 καὶ
3240 5070 3436 5143 μελέτη
3468 5070 3527 5123 τὸ
3557 5070 3732 5123 δικαιο

2182 5162 2345 5232 σύνην
2406 5163 2597 5235 μαθεῖν
2622 5181 2636 5195 ·
2689 5164 2811 5218 οὐδὲ
2870 5164 2977 5236 γὰρ
3011 5164 3085 5227 ὡς
3114 5162 3172 5214 ἓν
3194 5179 3247 5214 τι
3282 5161 3390 5214 τῶν
3416 5162 3474 5213 ὲν
3505 5162 3570 5231 τῇ
3598 5158 3758 5228 φύσει

2180 5254 2447 5322 κειμένων
2514 5255 2606 5308 καὶ
2646 5254 2801 5313 τοῦτο
2849 5256 2977 5326 ἡμῖν
3019 5255 3393 5325 συμπέφυκεν,
3435 5252 3525 5305 ἵνα
3567 5249 3764 5322 ἀμελε-

2190 5570 2299 5615 tam
2350 5562 2571 5632 quidem
2622 5563 2895 5632 integrum
2952 5561 3415 5632 commentarium
3454 5555 3765 5613 confecisse

2190 5648 2297 5707 non
2328 5630 2520 5687 dubito
2540 5648 2554 5697 ;
2578 5631 2680 5707 _sed
2703 5630 2908 5687 catenae
2930 5630 3329 5707 auctor_codice
3350 5630 3533 5699 aliquo
3561 5642 3761 5707 maneo

2189 5703 2425 5757 fortasse
2482 5703 2773 5766 utebatur;
2829 5718 3004 5770 neque
3053 5702 3198 5756 enim
3252 5708 3332 5755 tot
3378 5702 3762 5755 commentarii

2188 5783 2373 5843 partes
2403 5780 2597 5843 sponte
2638 5774 3049 5842 praetermisisse
3088 5772 3327 5827 videtur.
