4138 6418
393 403 529 459 15ίὸ

1861 411 1934 466 IN-
1966 412 2219 473 ISAIAM.

3491 421 3626 476 15H

387 518 567 588 τήτως
621 516 751 569 αὐτὸ
785 517 1015 589 ἔχωμεν,
1057 521 1243 593 ὥσπερ
1290 518 1380 576 οὖν
1409 525 1469 577 τὸ
1500 526 1714 595 βλέπειν
1743 530 1775 598 ἢ
1808 529 1951 599 βαδί-

2064 531 2192 585 riosi
2227 547 2650 602 consequamur,
2676 533 3127 602 quemadmodum
3159 535 3627 589 oculisintuemur

390 608 507 672 ζειν
524 624 537 637 ⁸
567 606 682 661 ἀλλ’
701 609 913 679 ἑκάστῳ
936 613 1095 683 χρεία
1124 614 1375 685 σπουδῆς,
1411 616 1545 687 πρὸς
1572 618 1632 671 τὸ
1652 620 1951 691 ἀποστῆσαι

391 700 488 770 μὲν
508 699 606 771 τὴν
638 700 874 756 διάνοιαν
896 704 1126 769 ἀδικίας,
1151 708 1474 777 προσλαϐεῖν
1500 711 1556 764 δὲ
1587 712 1950 786 δικαιοσύνην·

392 790 501 844 ἰδοὺ
530 792 638 863 γὰρ
665 794 714 845 oi
742 796 797 847 ἐν
824 795 1048 867 ἀσεϐείᾳ
1076 797 1340 867 ζήσαντες
1379 802 1620 856 ἐκποδὼν
1647 807 1949 875 γεγόνασινο

388 883 506 935 οὐδὲ
527 885 635 956 γάρ
673 882 782 939 οἷόν
810 888 869 940 τέ
909 890 1054 943 ἐστιν
1080 890 1334 961 ἀληθείας
1386 898 1622 968 ἐργάτην
1668 899 1953 969 εὑρεθῆναι

389 976 480 1028 τὸν
522 977 595 1049 μὴ
623 978 968 1050 δικαιοσύνην
993 979 1381 1053 μελετήσαντα.
1418 1019 1485 1027 -
1525 988 1953 1059 Ἐκλαμϐάνεται

389 1067 558 1119 ταῦτα
587 1070 681 1121 καὶ
703 1071 783 1132 είς
810 1070 900 1123 τὸν
930 1070 1192 1137 διάϐολον,
1240 1076 1333 1128 καὶ
1365 1080 1444 1140 εἰς
1476 1080 1600 1142 τοὺς
1634 1081 1953 1153 ἀγνώμονας

402 1158 711 1225 Ἰουδαίους,
771 1161 865 1227 ὡς,
920 1164 1127 1217 πολλῶν
1182 1168 1506 1238 εὐεργεσιῶν
1549 1173 1819 1241 τυχόντες,
1874 1173 1952 1227 ἔτι

389 1248 648 1318 ἐπέμενον
692 1251 750 1303 τὸ
782 1251 934 1321 ὄμμα
964 1255 1061 1324 τῆς
1104 1256 1343 1321 διανοίας
1379 1262 1797 1331 κεκαμμυκότες
1820 1281 1832 1292 ·
1858 1264 1952 1317 τοῦ

389 1339 497 1411 γὰρ
539 1342 743 1412 Κυῷου
779 1345 933 1414 ήμῶν
977 1348 1147 1419 Ἰησοῦ
1197 1351 1433 1420 Χριστοῦ
1494 1353 1950 1425 ἐπιδημήσαντος,

389 1430 481 1480 καὶ
536 1431 640 1483 τῶν
688 1431 857 1485 ἐθνῶν
890 1438 1314 1500 πιστευσάντων,
1360 1433 1502 1494 οὗτοι
1538 1442 1598 1493 οὐ
1633 1444 1789 1512 μόνον
1827 1446 1954 1516 περὶ

386 1518 475 1570 τὸν
502 1520 793 1591 εὐεργέτην
836 1523 1146 1595 ἀγνώμονες
1178 1530 1485 1595 γεγόνασιν,
1526 1530 1658 1584 ἀλλὰ
1694 1533 1789 1585 καὶ
1810 1532 1953 1604 ζήλῳ

388 1625 519 1679 πονη
531 1610 604 1679 ρῷ
618 1612 981 1683 ἐκκαιόμενοι,
1002 1618 1127 1687 περί
1134 1636 1351 1674 καυστοι
1373 1621 1624 1689 γενέσθαι
1642 1623 1950 1693 ἠϐούλοντο,

389 1698 531 1768 ήπερ
553 1701 684 1770 ὁρᾷν
713 1702 784 1754 τὰ
810 1702 934 1773 ἔθνη
962 1706 1260 1776 σωζόμενα.

470 1789 728 1844 Ἐνταῦθα
778 1792 874 1864 τὴν
927 1796 1278 1851 ἀνταπόδοσιν
1313 1800 1481 1868 λέγει,
1520 1803 1618 1874 τήν
1638 1807 1759 1857 κατ’
1798 1805 1954 1872 ἀξίαν

386 1877 494 1929 τῶν
553 1882 965 1955 ἁμαρτημάτων
991 1890 1321 1960 ἐπαχθεῖσαν
1358 1892 1514 1964 δίκην
1536 1912 1550 1924 ·
1592 1897 1814 1950 ἐκείνων
1844 1902 1951 1971 γὰρ
1986 1874 2026 1928 Β

386 1971 621 2037 πάντων,
677 1979 859 2047 φησὶν,
914 1982 1043 2051 ἡμῖν
1097 1983 1322 2046 δικαίως
1357 1986 1823 2043 ἁνταποδοθέντων
1859 1982 1953 2044 καὶ

384 2059 572 2132 ῶσπερ
605 2065 762 2135 χρέος
793 2067 1144 2135 ὲκτισὰντων,
1175 2071 1371 2135 ἀπόδος
1397 2075 1530 2142 ἡμῖν
1563 2074 1654 2127 τὸν
1687 2077 1951 2147 μονογενῆ

385 2154 513 2208 Υίόν
567 2172 658 2207 σου
679 2173 691 2185 ·
728 2158 848 2211 ούδέ
876 2159 984 2232 γάρ
1040 2161 1197 2225 ἄλλος
1219 2165 1302 2227 τίς
1327 2167 1473 2219 ἐστιν
1511 2164 1649 2237 ἴαμα
1680 2165 1836 2237 ήμῶν
1862 2168 1893 2239 ἢ
1925 2171 1953 2222 ὁ

386 2249 677 2317 μονογενής
704 2265 797 2300 σου
823 2250 949 2313 Υἱὸς
975 2255 1417 2325 παραγενόμενος
1466 2257 1559 2310 ἐπὶ
1585 2258 1709 2328 γῆς.

454 2338 573 2392 Ὅτι
637 2341 733 2409 μὲν
767 2345 798 2413 ή
846 2344 1060 2398 πάντων
1097 2346 1380 2402 δεσποτεία
1421 2352 1662 2422 προσῆκε
1706 2354 1782 2425 τῷ
1812 2355 1945 2425 Θεῷ,

381 2428 544 2481 παντὶ¹
588 2429 762 2499 δῆλον,
819 2434 911 2485 καὶ
947 2434 1045 2486 οὐκ
1076 2436 1139 2489 ἀν
1170 2455 1253 2501 τις
1283 2438 1630 2510 ὑπονοήσειεν
1671 2444 1826 2507 ἐκτὸς
1854 2446 1950 2515 τῆς

380 2520 691 2586 δεσποτείας
717 2523 809 2577 τοῦ
828 2525 963 2579 Θεοῦ
990 2523 1127 2581 εἶναί
1146 2548 1288 2584 τινα.
1313 2532 1385 2585 Τὸ
1401 2528 1513 2597 οὖν,
1544 2534 1757 2604 Κτῆσαι
1780 2537 1947 2607 ἡμᾶς,

380 2610 606 2663 ἐνταῦθα
659 2612 928 2682 λέλεκται,
963 2617 1041 2670 δτι
1078 2618 1165 2672 διὰ
1198 2621 1297 2691 τῆς
1327 2622 1420 2675 τοῦ
1469 2626 1787 2694 μονογενοῦς
1820 2626 1950 2680 Υίοῦ

381 2716 476 2755 σου
532 2707 833 2775 παρουσίας
878 2707 1294 2781 λυτρωσάμενος
1334 2716 1513 2784 ἡμᾶς,
1566 2716 1807 2787 ᾡκείωσε
1860 2721 1951 2774 καὶ

381 2796 731 2868 περιεποίησε
762 2800 1134 2870 νεκρωθέντας
1165 2808 1285 2867 ταῖς
1318 2807 1632 2878 ἁμαρτίαις.

449 2886 513 2937 Οἱ
558 2886 666 2959 γὰρ
701 2892 1094 2962 νενεκρωμένοι
1148 2898 1266 2959 ταῖς
1315 2897 1613 2968 ἁμαρτίαις
1643 2900 1702 2952 ού
1743 2901 1949 2972 μήποτε

381 2975 662 3034 θεάσονταί
714 2998 808 3035 σε·
836 2985 1044 3055 νεκρῶν
1085 2985 1193 3058 γάρ
1256 2987 1426 3042 ὅντων
1470 2989 1577 3042 τῶν
1611 2990 1751 3043 κατὰ
1791 2993 1951 3060 φύσιν

380 3071 685 3142 γενομένων
743 3074 972 3146 νεκρῶν,
1031 3078 1125 3130 καὶ
1170 3077 1381 3149 νεκρῶν
1411 3078 1518 3132 τῶν
1564 3081 1951 3151 νεκρωσὰντων

2057 635 2149 676 aut
2204 624 2433 693 pedibus
2485 625 2821 691 incedimus;
2867 625 2964 680 sed
3017 626 3201 680 studio
3234 626 3432 695 cuique
3487 641 3626 698 Opus

2055 721 2139 767 est
2164 756 2179 778 ,
2222 725 2281 767 ut
2328 713 2613 783 iniustitiae
2653 728 2875 768 sensum
2906 713 3057 782 prius
3084 721 3265 778 exuat,
3301 723 3356 768 et
3384 713 3511 769 dein
3541 714 3625 767 in-

2055 803 2189 857 duat
2213 802 2512 873 justitiam.
2556 805 2693 861 Ecce
2727 815 2911 861 autem
2942 807 3105 861 ablati
3137 815 3266 863 sunt
3292 809 3479 879 impii;
3512 826 3622 864 non

2056 896 2201 949 enim
2258 903 2433 964 potest
2473 896 2609 962 lieri,
2641 907 2701 951 ut
2759 898 3035 953 veritatem
3077 898 3410 970 faciatyqui
3460 900 3624 969 justi-

2057 986 2185 1039 tiam
2215 1001 2320 1064 non
2346 986 2620 1042 didicerit.
2654 987 2985 1044 Referuntur
3027 990 3140 1044 haec
3173 1006 3387 1061 quoque
3417 992 3473 1045 in
3503 991 3624 1044 dia-

2056 1074 2259 1138 bolum,
2294 1082 2348 1129 et
2379 1074 2435 1129 in
2473 1076 2717 1147 ingratus
2765 1076 3002 1144 Iudaeos,
3033 1080 3125 1149 qui
3160 1081 3289 1135 licet
3322 1082 3620 1136 innumeris

2057 1164 2259 1219 fuerint
2289 1166 2567 1222 beneﬁciis
2594 1169 2762 1233 aucti,
2790 1185 3018 1226 aversos
3048 1178 3233 1226 tamen
3262 1172 3460 1227 mentis
3486 1188 3612 1227 ocu-

2054 1256 2137 1310 los
2186 1256 2549 1326 reﬂexerunt;
2601 1275 2728 1314 nam
2785 1261 3108 1319 adveniente
3161 1263 3390 1320 Domino
3435 1272 3623 1320 nostro

2053 1348 2182 1404 Jesu
2212 1350 2451 1417 Christo,
2484 1354 2737 1424 gentibus
2768 1355 2834 1409 ad
2867 1356 3026 1410 ﬁdem
3057 1360 3360 1421 conversis,
3393 1359 3487 1414 isti
3516 1374 3624 1414 non

2049 1430 2216 1496 modo
2241 1445 2484 1514 ingratos
2516 1460 2573 1501 se
2602 1447 2952 1516 praebuerunt
2998 1448 3054 1501 in
3103 1447 3439 1504 Salvatorem
3463 1489 3478 1515 ,
3529 1451 3625 1505 sed

2055 1549 2221 1604 pravo
2245 1537 2359 1590 zelo
2381 1535 2670 1607 ﬂagrantes
2700 1538 2801 1607 ipsi
2838 1539 3087 1593 comburi
3120 1540 3431 1595 maluerunt
3459 1554 3624 1611 quam

2055 1634 2246 1695 gentes
2278 1629 2595 1698 conspicere
2627 1630 2802 1684 salute
2825 1630 3074 1685 donatas.

2130 1804 2294 1861 Vens.
2350 1806 2438 1861 12.
2500 1806 2595 1859 Hic
2657 1805 2825 1861 Deum
2885 1808 3189 1864 reddidisse
3234 1808 3392 1875 dicit,
3432 1823 3622 1879 pmnas

2056 1896 2267 1951 scilicet
2293 1897 2515 1952 meritas
2539 1912 2636 1966 pro
2666 1898 2902 1967 peccatis
2928 1917 2943 1966 ;
2975 1914 3099 1953 eum
3129 1899 3273 1954 enim
3308 1901 3489 1955 omnia
3510 1915 3622 1955 no—

2054 1990 2139 2045 bis
2166 2031 2178 2052 ,
2216 1990 2423 2059 inquit,
2476 1989 2600 2059 jure
2633 1989 2953 2056 reddidisti,
3001 1999 3056 2046 et
3085 1996 3240 2061 quasi
3266 1991 3507 2048 debitum
3536 2007 3623 2048 re-

2054 2077 2285 2143 misisti,
2346 2077 2414 2131 da
2465 2080 2625 2134 nobis
2657 2081 2998 2150 unigenitum
3029 2079 3228 2135 Filium
3285 2092 3473 2150 tuum;
3514 2098 3621 2138 non

2052 2171 2196 2225 enim
2224 2178 2309 2226 est
2338 2172 2478 2227 alius
2522 2172 2680 2228 nobis
2732 2174 2917 2242 saluti,
2948 2174 3055 2229 nisi
3085 2174 3404 2245 unigenitus
3450 2173 3623 2231 Filius

2054 2274 2179 2319 tuus
2208 2264 2261 2318 in
2297 2274 2513 2319 terram
2534 2262 2811 2334 delapsus.

2122 2357 2288 2412 Vens.
2325 2359 2411 2413 15.
2443 2355 2637 2412 Omnia
2693 2355 2748 2411 in
2796 2356 3051 2410 manibus
3090 2355 3179 2409 Dei
3214 2371 3369 2420 esse,
3424 2369 3623 2425 cuique

2050 2450 2437 2518 perspicuum,
2473 2462 2575 2502 nec
2613 2446 2981 2516 suspicaberis
3035 2461 3362 2516 quemquam
3412 2461 3477 2501 ex
3527 2444 3621 2499 Dei

2052 2540 2279 2610 imperio
2310 2554 2420 2593 non
2472 2539 2725 2607 pendere.
2779 2537 2878 2592 llic
2922 2539 3087 2607 igitur
3124 2554 3185 2592 ea
3216 2538 3282 2593 de
3313 2553 3481 2593 causa
3524 2552 3623 2591 nos

2051 2629 2316 2698 possidere
2344 2628 2563 2693 dicitur,
2602 2627 2747 2698 quod
2777 2627 3040 2697 unigeniti
3090 2626 3213 2682 Filii
3239 2627 3358 2697 ejus
3387 2627 3622 2683 adventu

2053 2722 2388 2791 puriﬁeatos,
2414 2727 2470 2776 et
2506 2720 2573 2776 de
2604 2728 2779 2774 morte
2812 2727 3162 2789 peccatorum
3207 2718 3486 2784 liberatos,
3518 2719 3622 2775 sibi

2053 2813 2389 2882 comparavit
2418 2819 2472 2867 et
2502 2811 2762 2865 devinxit.

2122 2902 2287 2959 Vsus.
2326 2904 2413 2957 14.
2454 2900 2743 2971 Nunquam
2795 2901 2935 2957 enim
2995 2901 3255 2957 videbunt
3303 2910 3356 2957 te
3399 2910 3624 2973 peccato

2053 2994 2288 3061 mortui;
2321 3008 2447 3048 nam
2476 2992 2678 3047 mortui
2712 3000 2863 3058 sunt,
2896 2990 3097 3061 quibus
3144 3006 3345 3063 corpus
3377 2990 3622 3058 interiit;

2052 3086 2256 3142 mortui
2281 3094 2409 3142 sunt
2435 3093 2490 3139 et
2524 3084 2615 3138 alii
2648 3083 2743 3154 qui
2774 3084 3016 3139 membra
3036 3098 3134 3138 sua
3158 3082 3354 3138 mediis
3382 3082 3439 3137 in
3464 3082 3619 3137 volu—

379 3159 445 3212 τὰ
472 3160 681 3213 ἑαυτῶν
714 3162 848 3234 μέλη
870 3165 926 3218 ἐν
952 3168 1073 3228 ταῖς
1106 3167 1346 3236 ἡδοναῖς,
1384 3169 1478 3221 καὶ
1508 3169 1578 3222 τά
1630 3170 1776 3224 κακά
1829 3172 1948 3227 δια-

2054 3177 2297 3249 ptatibls
2328 3183 2604 3239 coercent,
2640 3183 2695 3230 et
2722 3173 2947 3229 aﬂ‘ectus
2979 3190 3177 3243 pravos
3211 3174 3377 3228 animi
3401 3173 3624 3244 impios-

378 3253 622 3322 νοήματα
666 3254 734 3308 τὰ
757 3256 900 3310 κατά
932 3257 1062 3310 Θεὸν
1094 3260 1507 3330 νεκρωσὰντων.
1551 3262 1817 3318 Ἐνταῦθα
1842 3264 1949 3319 τῶν

378 3345 635 3399 ἐναντίων
684 3349 976 3419 μέμνηται,
1037 3351 1146 3403 τῶν
1185 3352 1597 3409 ἀποϐαλλόντων
1623 3357 1720 3427 μὲν
1771 3359 1950 3412 πᾶσαν

378 3438 614 3509 ζωτικῆς
653 3440 1069 3513 δικαιοπραγίας
1111 3443 1276 3517 ζωὴν,
1302 3450 1692 3519 νεκρωσάντων
1723 3451 1777 3504 δὲ
1820 3453 1948 3506 ἐαυ-

376 3532 501 3594 τοὺς
515 3531 593 3602 τῷ
617 3532 733 3604 Θεῷ
753 3535 857 3588 ὑπὸ
886 3535 980 3588 τοῦ
1011 3536 1247 3607 πλήθους
1271 3540 1380 3592 τῶν
1414 3541 1700 3612 ἁμαρτιῶν
1733 3543 1827 3596 καὶ
1849 3562 1948 3596 κα-

378 3623 681 3696 κοπραγίας
705 3626 1150 3698 ἀποϐεϐληκότας
1170 3630 1269 3701 τήν
1297 3631 1557 3696 ζωοποιὸν
1581 3633 1945 3707 δικαιοσύνην

376 3714 457 3767 διὸ
495 3717 585 3769 καὶ
620 3718 951 3789 φειδόμενος,
986 3723 1013 3774 ὁ
1048 3722 1199 3788 Θεὸς,
1237 3725 1329 3778 καὶ
1356 3726 1653 3798 ἁγαθότητι
1692 3729 1949 3801 κινούμε-

376 3825 483 3874 νος,
504 3809 763 3879 ἐνέκοψας
789 3812 1179 3883 ἁμαρτάνουσι.
1434 3860 1439 3867 .

445 3900 728 3971 Σημαίνει,
779 3903 860 3956 ὃτι
904 3904 1217 3976 φειδόμενος
1257 3910 1285 3960 ὁ
1311 3907 1443 3972 Θεὸς
1470 3910 1565 3963 τοῦ
1586 3911 1822 3981 Χριστοῦ
1851 3913 1951 3983 τῆς

378 3987 520 4061 ζωῆς
546 3993 726 4047 αὐτῶν
777 3994 1099 4066 ύπετέμετο,
1154 3998 1241 4052 ἵνα
1289 4001 1364 4071 μὴ
1407 4001 1487 4065 είς
1521 4002 1711 4073 χρόνον
1743 4003 1949 4075 μακρὸν

376 4080 783 4149 παραμένοντες
819 4085 1393 4156 συμπαρεκτείνωνται
1423 4093 1489 4162 τῇ
1520 4091 1708 4162 κακίᾳ,
1741 4094 1834 4146 καὶ
1860 4092 1950 4146 αὕ-

378 4168 539 4233 ξωσιν
571 4174 749 4228 αὐτῶν
772 4177 872 4248 τὴν
899 4179 1161 4250 πονηρίαν
1180 4197 1193 4210 ·
1222 4181 1309 4235 διὰ
1345 4182 1454 4255 γάρ
1484 4184 1793 4254 ἀγαθότητα
1819 4187 1949 4251 Θεὸς

376 4265 468 4318 καὶ
508 4268 731 4338 χρόνους
776 4272 948 4342 ὁρίζει
993 4276 1073 4337 εἰς
1113 4269 1381 4347 τιμωρίαν
1412 4294 1425 4307 ’
1469 4279 1626 4333 τοῦτο
1675 4280 1773 4351 μὲν
1809 4282 1950 4353 μετὰ

377 4353 569 4408 ἑκατὸν
594 4357 797 4412 εἴκοσιν
854 4360 970 4432 ἐτη,
1028 4363 1217 4435 ὥσπερ
1279 4360 1371 4419 οῦν
1413 4368 1506 4421 καὶ
1540 4370 1633 4423 ἐπὶ
1666 4371 1758 4424 τοῦ
1782 4389 1951 4427 κατα-

378 4446 643 4517 κλυσμοῦ,
693 4450 849 4504 τοῦτο
896 4453 953 4506 δὲ
990 4455 1272 4527 ἐξήκοντα.
1318 4460 1429 4514 Καὶ
1460 4460 1529 4514 δι’
1556 4462 1718 4517 αὑτοῦ
1760 4463 1948 4518 τούτου

2052 3285 2157 3340 que
2193 3276 2568 3338 compescunt.
2608 3267 2705 3322 Hic
2760 3277 2948 3323 contra
2996 3268 3064 3322 de
3105 3267 3214 3322 illis
3256 3266 3475 3336 agitur,
3529 3265 3622 3335 qui

2052 3376 2243 3419 omnes
2273 3367 2542 3415 exuerunt
2577 3358 2761 3413 vitalis
2815 3357 3045 3427 justitiae
3084 3371 3301 3420 mores,
3358 3355 3452 3426 qui
3517 3354 3624 3410 Deo

2050 3455 2252 3509 mortui
2279 3463 2425 3517 sunt,
2474 3458 2697 3523 propter
2742 3447 3145 3503 multitudinem
3191 3453 3539 3516 peccatorum
3568 3453 3622 3499 et

2050 3546 2450 3617 nequitiarum,
2492 3544 2640 3598 vitali
2675 3540 2888 3612 iustitia
2927 3538 3148 3609 spoliati
3184 3536 3428 3592 :ideireo
3458 3535 3622 3589 mise-

2051 3637 2288 3693 ricordia
2318 3635 2486 3702 Deus,
2517 3644 2570 3689 et
2594 3632 2929 3704 benignitate
2962 3634 3232 3693 movetur,
3255 3624 3473 3696 quando
3496 3637 3622 3694 pec-

2050 3728 2329 3784 catoribus
2359 3724 2558 3780 obstat.

2121 3910 2287 3966 Vens.
2323 3909 2410 3964 Η.
2450 3907 2661 3962 Iudicat
2683 3901 2889 3959 Christi
2925 3901 3071 3956 Deus
3096 3915 3155 3955 se
3188 3912 3285 3970 per
3314 3893 3621 3966 benignita-

2050 4011 2159 4059 tem
2193 4003 2356 4056 vitam
2394 4015 2581 4056 eorum
2628 3995 2950 4057 rescidisse,
2983 4007 3049 4046 ne
3081 3989 3288 4044 diutius
3328 3986 3619 4048 durantes,

2051 4095 2257 4149 malitia
2304 4108 2402 4147 sua
2452 4098 2676 4145 caeteros
2720 4085 2994 4147 inficiunt,
3070 4093 3334 4148 suamque
3391 4084 3622 4146 augeant

2050 4184 2377 4255 nequitiam;
2411 4196 2535 4235 nam
2560 4195 2656 4251 per
2687 4175 3077 4245 benignitatem
3115 4168 3259 4223 Deus
3287 4173 3344 4221 et
3372 4175 3621 4255 tempora

2050 4254 2238 4334 definit
2270 4275 2324 4329 in
2359 4286 2573 4344 poenam
2615 4288 2627 4323 :
2690 4280 2838 4322 nunc
2891 4268 3017 4334 post
3069 4269 3288 4315 centum
3321 4263 3375 4313 et
3426 4254 3620 4326 viginti

2051 4383 2224 4423 annos
2257 4375 2309 4420 ut
2344 4361 2680 4433 temporibus
2708 4355 2896 4412 diluvii
2923 4354 2983 4419 ³;
3017 4365 3163 4405 nunc
3195 4354 3321 4419 post
3340 4344 3622 4416 sexaginta

2052 4462 2167 4533 (aut
2200 4457 2380 4529 potius
2399 4452 2737 4525 septuaginta
2755 4447 2833 4519 ⁸).
2851 4445 2939 4501 Fit
2959 4445 3142 4507 etiam,
3171 4439 3361 4497 eodem
3387 4443 3625 4492 testante

375 4537 468 4590 τοῦ
496 4540 770 4610 προφήτου
803 4543 897 4595 καί¹
928 4546 1035 4616 πρὸ
1058 4549 1157 4618 τῆς
1179 4550 1513 4622 προθεσμίας
1541 4554 1736 4623 ἐπάγει
1753 4556 1852 4627 τὴν
1880 4556 1951 4609 δί-

2056 4552 2317 4625 propheta
2348 4588 2364 4614 ,
2436 4555 2497 4602 ut
2558 4544 2642 4599 vel
2713 4548 2840 4597 ante
2895 4546 3110 4608 tempus
3175 4547 3368 4605 ptenas
3415 4535 3624 4627 repetat

377 4644 501 4698 κην,
530 4628 810 4698 ἐγκόπτων
845 4631 1024 4686 αὐτῶν
1069 4640 1182 4700 τοῖς
1211 4638 1594 4713 ἁμαρτήμασι,
1631 4644 1726 4698 καὶ
1761 4644 1948 4699 παύων

376 4719 573 4783 αὐτοὺς
600 4720 698 4792 τῆς
728 4725 1091 4795 παρανομίας,
1137 4729 1486 4804 ἁμετανόητα
1520 4734 1809 4801 νοσοῦντας
1827 4754 1840 4767 ο
1869 4736 1949 4791 διό

377 4829 539 4884 φησιν
595 4816 624 4867 ό
682 4817 1046 4886 πεντηκοστὸς
1072 4819 1333 4893 τέταρτος
1374 4824 1588 4896 ψαλμός
1612 4844 1625 4857 ·
1664 4846 1683 4878 ι
1723 4826 1948 4900 Ἀνδρες

376 4905 623 4976 αἱμάτων
645 4906 739 4959 καὶ
769 4906 1075 4979 δολιότητος
1115 4910 1173 4963 ού
1203 4912 1278 4981 μὴ
1310 4914 1647 4983 ήμισεύσωσι
1679 4919 1779 4982 τὰς
1810 4920 1948 4990 ήμέ-

378 5013 507 5067 ρας·
554 5016 573 5049 ι
617 4999 711 5052 καὶ
759 4998 949 5053 πάλιν⁶
995 5020 1013 5052 ‹
1045 5002 1134 5073 Μὴ
1177 5004 1460 5079 ἀναγάγῃς
1507 5025 1575 5079 με
1644 5010 1702 5062 ἐν
1763 5011 1950 5077 ήιιίσει

376 5089 619 5159 ἡμερῶν.
658 5110 677 5142 ι

459 5179 725 5234 Ἐνταῦθα
789 5181 934 5235 κακά
964 5181 1111 5251 λέγει
1164 5184 1285 5255 οὐχὶ
1318 5185 1387 5239 τὰ
1427 5189 1484 5242 ἐν
1517 5189 1746 5261 πράξεσι
1782 5195 1948 5262 κακὰ,

375 5270 511 5325 ἀλλὰ
562 5272 633 5358 τὰ
686 5275 969 5330 κακωτικά
991 5292 1003 5306 ο
1045 5275 1186 5329 οὕτω
1216 5278 1325 5349 γὰρ
1368 5281 1461 5333 καὶ
1487 5282 1563 5334 ὅτ’
1591 5281 1655 5336 ἂν
1688 5284 1945 5358 ἀκούσῃς,

382 5377 399 5409 ι
423 5359 481 5410 '0
496 5357 694 5423 κτίζων
722 5362 886 5425 κακὰ,
918 5381 933 5413 ι
964 5363 1294 5435 ὲκλάμϐανε.
1324 5366 1433 5438 Τὴν
1452 5369 1633 5423 τοίνυν
1663 5357 1950 5443 ὑπερηφα-

374 5446 492 5500 νίαν
547 5447 654 5500 τῶν
707 5448 1014 5521 λεγομένων
1073 5451 1297 5519 ἐνδόξων
1335 5454 1422 5508 διὰ
1476 5455 1583 5510 τῶν
1625 5460 1948 5515 κακωτικῶν

373 5538 864 5612 καθαιρεθήσεσθαι
915 5545 1189 5616 σημαίνει.

447 5821 466 5852 ³
488 5820 622 5878 Gen.
655 5840 727 5885 vt.
754 5826 805 5880 ’5.
885 5828 1070 5884 ‘Psal.
1115 5846 1335 5897 LXXXIX,
1370 5831 1451 5886 10.
1523 5833 1543 5864 ⁵
1569 5832 1714 5887 Psal.
1749 5849 1820 5896 Cl,
1852 5832 1942 5888 23.

2058 4618 2220 4708 Deus,
2252 4641 2470 4697 modum
2498 4636 2737 4708 peccatis
2761 4647 2952 4689 eorum
2990 4635 3256 4691 statuens,
3287 4636 3477 4679 eorum
3517 4618 3624 4674 ini-

2052 4735 2288 4805 quitates
2327 4729 2578 4785 inhibens
2609 4725 2825 4782 insania
2856 4721 3241 4777 laborantium.
3276 4715 3398 4770 Ideo
3428 4711 3626 4805 legitur

2053 4804 2109 4883 in
2150 4827 2360 4898 psalmo
2390 4840 2498 4890 Liv,
2528 4821 2601 4875 24
2630 4839 2643 4874 :
2684 4838 2703 4870 ι
2746 4815 2863 4871 Viri
2897 4815 3225 4886 sanguinum
3272 4816 3325 4864 et
3361 4804 3626 4898 dolosita-

2054 4894 2279 4984 tis,—non
2312 4913 2679 4971 dimidiabunt
2711 4911 2827 4965 dies
2867 4922 3034 4973 suos;
3077 4924 3095 4957 ι
3129 4911 3182 4959 et
3216 4902 3450 4955 iterum:
3492 4915 3511 4948 ι
3545 4894 3626 4950 Ne

2057 5024 2280 5066 revoces
2305 5022 2392 5061 me
2424 5006 2479 5059 in
2507 5002 2735 5059 dimidio
2762 5000 2973 5055 dierum
2998 5007 3240 5052 meorum
3275 4991 3375 5046 ⁸..»

2126 5187 2293 5241 Vens.
2325 5184 2412 5240 15.
2472 5180 2572 5236 Hie
2612 5195 2709 5251 per
2750 5178 2892 5231 mala
2924 5190 3035 5230 non
3062 5185 3231 5242 opera
3262 5168 3404 5223 mala
3439 5166 3623 5220 inten-

2055 5279 2157 5343 dit,
2209 5276 2304 5332 sed
2349 5273 2653 5344 supplicia;
2705 5282 2827 5323 nam
2875 5273 2931 5321 et
2985 5265 3042 5318 in
3090 5262 3250 5317 istam
3300 5254 3621 5313 sententiam

2053 5367 2296 5425 eamdem
2318 5381 2500 5422 vocem
2529 5369 2779 5432 usurpat,
2798 5373 2921 5414 cum
2947 5356 3108 5411 dicit:
3133 5371 3151 5403 ι
3176 5349 3382 5407 Crcans
3396 5344 3619 5400 mala‘.»

2063 5459 2312 5514 Deelarat
2360 5457 2527 5528 igitur
2567 5471 2627 5510 se
2670 5470 2764 5525 per
2797 5450 3069 5520 supplicia
3097 5446 3401 5518 superbiam
3430 5451 3621 5497 eorum

2056 5553 2152 5623 qui
2185 5549 2419 5620 gloriosi
2450 5548 2719 5604 habentur
2749 5545 3154 5614 depressurum.

2023 5832 2043 5865 ⁸
2066 5832 2167 5887 lsa.
2205 5847 2324 5897 xcv,
2366 5831 2414 5882 7.
