4138 6482
491 420 633 478 1515

1690 419 2035 474 TIIEUDORI
2077 418 2601 476 IIERACLEENSIS

3608 421 3744 474 I310

566 537 730 595 Vens.
778 539 861 593 16.
925 538 1123 593 Iratum
1164 539 1330 593 Deum
1370 539 1440 593 ad
1482 540 1879 594 convertendos
1939 541 2042 592 aui-

2234 540 2344 610 Τὴν
2376 540 2481 602 ἓως
2513 537 2744 608 ἀπειλῆς
2781 535 2949 608 ὀργὴν
2979 535 3130 608 παρά
3159 536 3253 590 τοῦ
3277 535 3410 590 Θεοῦ
3447 537 3743 606 ἐκφερομέ-

495 648 616 688 mos
659 641 878 686 nostros
907 632 1206 700 ,‘minaciter
1248 634 1434 702 loqui;
1485 648 1594 686 non
1644 648 1776 686 vero
1811 643 2058 685 acturum

493 729 954 790 operaturumque
1003 722 1242 788 indicat;
1293 738 1418 776 nam
1469 732 1689 792 propter
1751 723 2064 791 benignita-

497 820 601 864 tem
626 811 801 865 minas
832 811 1086 880 intendit,
1106 821 1165 866 ut
1189 821 1506 882 peccatores
1538 813 1834 876 deterreat,
1867 821 1921 867 et
1952 828 2064 882 pm-

492 903 778 956 nitentiam
813 913 1035 973 agentes
1075 906 1411 958 imminentia
1444 907 1585 958 mala
1619 912 1896 970 avertant;
1949 921 2061 958 non

489 994 632 1046 enim
686 1004 862 1050 morte
922 1003 1107 1050 nostra
1153 995 1370 1065 gaudet,
1433 1012 1542 1050 non
1600 1003 1883 1050 creaturas
1931 1011 2061 1050 suas

491 1085 770 1146 abhorret,
799 1102 908 1140 non
939 1096 1084 1141 creat
1109 1096 1165 1140 ut
1191 1087 1384 1141 habeat
1426 1102 1564 1156 quos
1588 1088 1810 1156 puniat,
1859 1088 2061 1156 quippe

495 1177 610 1241 cui,
653 1177 698 1230 si
729 1179 853 1232 talis
885 1188 1050 1242 esset,
1082 1178 1262 1233 silenti
1306 1179 1640 1248 puniendum
1679 1188 1816 1234 erat.
1863 1179 2059 1234 Omnia

488 1284 621 1323 vero
656 1271 1006 1338 praenuntiat,
1043 1282 1095 1326 et
1119 1271 1280 1326 minis
1307 1272 1638 1327 omnimodis
1670 1273 1898 1328 aﬂ‘cctus
1927 1290 2058 1329 suos

488 1359 748 1424 declarat,
788 1370 846 1414 ut
877 1361 1158 1416 audientes
1182 1377 1302 1431 quae
1325 1362 1683 1417 reformidare
1710 1364 1972 1427 solemus,
2003 1371 2058 1419 et

489 1449 751 1519 supplicia
790 1458 1169 1519 prtevertentes
1202 1452 1498 1506 salvexnur.

560 1734 719 1792 Vens.
751 1737 832 1790 I7.
879 1736 977 1790 IIic
1034 1737 1292 1792 dilectum
1348 1745 1506 1791 vocat
1562 1736 1901 1794 Salvatorem
1955 1755 2055 1794 no-

485 1838 677 1882 strum.
717 1828 793 1881 Ex
830 1845 938 1898 quo
965 1829 1111 1882 enim
1142 1830 1300 1898 juxta
1333 1831 1650 1899 prOphctam
1689 1828 1856 1899 Virgo
1887 1847 2053 1900 pepe-

487 1920 626 1974 risse
675 1921 900 1983 dicitur,
949 1923 1150 1990 ubique
1186 1933 1492 1991 opportune
1530 1923 1812 1991 parvulum
1844 1939 2052 1978 memov

482 2020 609 2076 rat;
643 2014 862 2082 quando
893 2013 1062 2082 igitur
1086 2028 1150 2067 ea
1191 2015 1263 2069 sit
1309 2015 1590 2067 hominum
1625 2017 1886 2084 nequitia,
1932 2032 2053 2085 quae

482 2119 590 2157 non
627 2104 732 2159 nisi
766 2104 1111 2174 gravissimis
1144 2105 1323 2174 poenis
1363 2108 1570 2176 expiari
1612 2111 1804 2178 possit,
1854 2110 2052 2165 dilecto

480 2204 572 2247 tuo
615 2197 774 2250 nobis
801 2213 936 2266 opus
967 2205 1105 2262 erat,
1148 2199 1323 2270 gratia
1355 2215 1454 2256 sua
1487 2216 1588 2255 nos
1627 2202 1693 2256 de
1718 2203 2047 2258 calamitati-

477 2289 580 2342 bus
604 2288 920 2343 liberaturo.

543 2395 711 2453 Vsus.
745 2399 832 2453 18.
873 2400 1149 2464 Quantum
1176 2402 1338 2456 nobis
1381 2405 1594 2472 prosint
1641 2405 1820 2468 minae,
1864 2413 2050 2460 osten-

475 2485 590 2550 dit;
625 2501 747 2538 nam
781 2493 1042 2542 terrorem
1075 2499 1226 2542 tuum
1259 2491 1407 2544 velut
1452 2491 1655 2545 bonum
1687 2508 1873 2548 semen
1899 2497 2047 2549 acci-

474 2576 686 2645 pientes
738 2585 792 2631 et
840 2579 1245 2646 parturientes,
1303 2590 1547 2651 tempore
1603 2585 1750 2650 dato,
1815 2587 2045 2640 salutem

471 2671 1216 2740 eonsequemur;lquandiu
1265 2673 1410 2726 enim
1459 2682 1661 2728 terram
1719 2677 2044 2742 incolimus,

473 2766 688 2827 tempus
718 2762 1058 2827 paenitentia
1085 2764 1323 2834 largiris,
1353 2780 1462 2819 non
1485 2768 1678 2819 merita
1709 2783 1810 2821 nos
1830 2768 2046 2837 justitia

470 2850 674 2910 aufers.
701 2853 794 2906 sed
826 2855 1083 2910 concedis
1107 2863 1176 2920 ut
1209 2860 1458 2913 conversi
1479 2859 2044 2915 salvemur.—Vitale

471 2942 640 3012 igitur
671 2959 795 2997 cum
824 2961 1009 3000 semen
1055 2953 1452 3018 acceperimus,
1509 2960 1715 3006 terrore
1761 2953 2042 3019 commoti,

471 3048 666 3102 pteuas
719 3051 908 3091 omnes
954 3039 1314 3108 elIugiemus:
1370 3057 1496 3097 nam
1532 3043 1626 3113 qui
1657 3043 1811 3112 prius
1841 3045 2043 3097 mortui

469 3126 749 3182 fueramus
776 3136 999 3197 peccato
1051 3138 1106 3185 et
1142 3133 1562 3201 cupiditatibus,
1596 3151 1743 3189 nunc
1781 3137 1937 3204 quasi
1973 3137 2042 3190 de

467 3221 875 3282 monumentis,
949 3228 1002 3275 te
1058 3223 1510 3291 reprehendente,
1562 3225 2038 3296 expergiscemur;
2070 3253 2111 3309 ο

466 3322 574 3377 qua
631 3311 1054 3375 reprehensione
1107 3314 1489 3381 immutamur,
1527 3331 1556 3370 a
1587 3318 1748 3374 malis
1780 3318 2039 3388 cperibus

465 3400 837 3469 abstinentes;
883 3420 1098 3474 semper
1138 3409 1281 3460 enim
1318 3409 1750 3464 misericordiam
1778 3420 1834 3465 tu
1855 3428 1939 3466 am
1966 3413 2035 3467 ad

464 3505 586 3557 nos,
617 3495 773 3563 quasi
802 3510 982 3550 rorem
1007 3499 1303 3553 salutarem
1329 3501 1588 3556 demittis.

533 3689 686 3746 CAP.
717 3691 958 3758 XXVIII,
1005 3693 1170 3751 Vens.
1204 3698 1252 3751 I.
1293 3698 1472 3753 Casus
1502 3698 1758 3769 Ephraim
1792 3709 1846 3755 et
1874 3701 2036 3755 ruina

464 3781 721 3836 Omnibus
764 3785 1071 3853 apparebit,
1126 3788 1275 3841 velut
1333 3806 1498 3859 super
1543 3797 1784 3845 montem
1827 3792 2039 3846 altissi-

461 3887 612 3926 mum
642 3913 658 3937 ,
719 3876 976 3932 omnibus
1032 3880 1243 3934 scilicet
1290 3891 1343 3935 et
1394 3884 1758 3954 uudequaque
1811 3886 2035 3956 conspi-

459 3979 647 4018 cuum.

532 4053 696 4113 Vsus.
754 4059 808 4112 2.
874 4059 1043 4116 Pmna
1097 4078 1192 4119 eos
1239 4063 1372 4119 dicit
1431 4067 1627 4120 merito
1691 4066 2029 4135 afﬁciendos,

458 4162 622 4217 quam
677 4150 780 4220 ipsi
827 4152 940 4222 jam
1002 4155 1229 4212 suIIerre
1274 4173 1381 4212 non
1411 4169 1674 4228 possunt;
1722 4176 1833 4229 quo
1882 4163 2031 4217 enim

457 4241 619 4296 modo
643 4244 862 4312 apricus
887 4260 1040 4316 ager,
1070 4250 1221 4303 nullo
1249 4251 1488 4320 tegmine
1511 4250 1795 4317 defensus,
1823 4254 2032 4309 irruen-

454 4333 528 4388 tis
577 4337 860 4404 grandinis
901 4340 1127 4394 verbera
1158 4342 1333 4396 vitare
1372 4345 1582 4414 nequit,
1639 4345 1716 4398 ita
1761 4361 1862 4400 nec
1891 4348 2026 4417 ipsi;

454 4441 585 4480 nam
636 4428 746 4483 Deo
797 4444 990 4500 poenas
1042 4441 1345 4503 repetente,
1400 4437 1550 4491 omni
1599 4449 1714 4508 ope'
1734 4436 2028 4495 destitutos

457 4533 619 4573 nemo
647 4530 734 4575 est
755 4526 849 4591 qui
874 4539 976 4579 nos
1004 4529 1219 4598 eripere
1246 4533 1442 4598 possit.

517 4700 688 4756 Vens.
736 4703 790 4768 3,
835 4704 890 4758 4.
933 4707 1144 4773 Quibus
1197 4725 1293 4764 eos
1333 4711 1574 4767 hostium
1623 4713 1856 4781 imperio
1898 4731 2024 4784 pre-

448 4795 678 4850 mendos
727 4797 1038 4865 denuntiat,
1084 4811 1138 4856 et
1188 4804 1410 4875 indigna
1454 4821 1684 4876 quaeque
1713 4808 1769 4861 in
1792 4810 2024 4877 captivi-

445 4887 558 4933 tate
613 4898 910 4954 passuros;
967 4904 1078 4943 non
1121 4901 1380 4960 poterunt
1406 4895 1548 4949 enim
1584 4896 1773 4962 latere,
1809 4898 2020 4968 inquit,

444 4973 530 5025 vel
557 4975 716 5043 pauci
740 4992 803 5032 ex
830 4981 1150 5049 captivitate
1175 4986 1397 5056 reliqui,
1436 4989 1531 5043 sed
1563 4990 1638 5044 ita
1669 4991 1738 5045 ab
1760 4992 2019 5047 omnibus

443 5065 641 5122 vicinis
691 5069 1189 5141 deprehendantur,
1237 5080 1309 5133 ita
1357 5081 1688 5137 videbuntur
1731 5086 2016 5154 suppliciis

442 5157 645 5226 afﬂicti,
713 5169 772 5215 ut
827 5163 1043 5222 facilius
1094 5169 1284 5226 lateret
1349 5172 1405 5226 in
1457 5175 1769 5231 summitate
1813 5167 2026 5232 montis.

444 5263 770 5317 praematura
834 5255 990 5324 ﬁcus,
1050 5277 1173 5330 quae
1214 5279 1323 5318 una
1379 5281 1445 5319 ex
1496 5268 1754 5323 omnibus
1801 5278 2016 5323 matura

443 5346 844 5401 transeuntium
869 5352 1058 5408 oculos
1092 5355 1147 5408 in
1179 5371 1238 5411 se
1266 5359 1555 5413 convertit.

510 5605 674 5663 Vsus.
721 5611 774 5666 5.
826 5611 1004 5668 Verba
1056 5615 1170 5670 haec
1223 5617 1288 5672 ad
1334 5633 1430 5673 eos
1481 5629 1752 5689 spectant,
1807 5623 1899 5692 qui
1948 5636 2013 5678 eo

442 5701 640 5754 mentis
663 5715 922 5759 venerant
957 5716 1015 5760 ut
1056 5717 1310 5777 putarent
1358 5728 1502 5765 mum
1536 5729 1707 5774 genus
1737 5717 1884 5769 omni
1910 5727 2011 5783 ope

443 5787 762 5846 destitutum
822 5796 1086 5852 radicitus
1143 5814 1263 5854 esse
1326 5804 1676 5870 tollentium;
1735 5822 1800 5860 ne
1862 5807 2004 5860 enim

2167 647 2264 700 νην
2317 630 2451 699 πρὸς
2500 627 2837 699 ἐπιστροφὴν
2908 626 3019 680 τῶν
3060 627 3344 698 ἡμετέρων
3399 625 3739 702 ψυχῶν,.μὴ

2170 716 2353 786 μέντοι
2377 718 2455 778 εἰς
2487 715 2684 787 πρᾶξιν
2708 715 2840 786 μηδέ
2859 717 2938 778 εἰς
2963 715 3123 786 ἔργον
3153 715 3434 787 χωροῦσαν
3453 713 3706 784 σημαίνει
3724 732 3737 744 ·

2166 809 2546 878 φιλάνθρωπος
2583 809 2690 879 γὰρ
2719 807 2794 860 ὢν
2824 809 3054 872 ἀπειλεῖ,
3084 808 3192 870 ἵνα,
3239 807 3317 879 τῷ
3346 807 3496 878 φόϐῳ
3521 807 3738 876 χαλιναδ

2164 901 2442 970 γωγήσας,
2485 901 2847 970 μετανοήσασι
2885 899 2958 970 μὴ
3009 900 3276 968 ἐπαγάγοι
3308 899 3406 970 τὴν
3436 899 3735 970 τιμωρίαν·

2162 992 2282 1045 οὐδὲ
2325 992 2434 1063 γάρ
2461 989 2640 1063 χαίρει
2672 992 2766 1044 ἐπὶ
2795 990 2873 1062 τῷ
2899 991 3150 1063 ἡμετέρῳ
3183 991 3418 1063 θανάτῳ,
3448 992 3568 1044 οὐδὲ
3604 992 3740 1044 ἀπο-

2161 1083 2420 1138 διάκειται
2474 1086 2610 1156 πρὸς
2633 1084 2702 1138 τά
2749 1082 2942 1137 ἐαυτοῦ
2986 1084 3288 1154 ποιήματα,
3319 1083 3438 1136 ούδέ
3478 1085 3621 1135 ποιεῖ
3653 1082 3739 1135 ἵνα

2161 1173 2257 1246 ἔχη
2310 1175 2435 1238 τοὺς
2485 1175 2947 1247 τιμωρουμένους.
2998 1174 3171 1245 Εἴπερ
3217 1175 3326 1247 γὰρ
3370 1171 3436 1246 ἦν
3474 1175 3733 1238 τοιοῦτος,

2161 1264 2289 1334 ἐνῆν
2313 1265 2474 1318 αὐτὸν
2494 1268 2672 1336 σιωπῇ
2705 1266 2798 1318 καὶ
2826 1264 2924 1335 τὴν
2947 1264 3217 1335 τιμωρίαν
3243 1267 3542 1333 ἐπαγαγεῖν
3563 1281 3576 1293 ·
3601 1264 3734 1317 ἀλλά

2162 1358 2340 1410 πάντα
2373 1358 2545 1426 λέγει,
2607 1358 2703 1411 καὶ
2745 1357 2853 1410 ἀπὸ
2887 1357 3103 1410 πάντων
3134 1357 3242 1409 τῶν
3277 1357 3518 1426 φοϐερῶν
3547 1356 3733 1410 ἐαυτὸν

2159 1447 2526 1517 γνωρίζεσθαι
2547 1447 2784 1508 σπεύδει,
2809 1447 2874 1499 ἵν’
2891 1449 3068 1517 ἡμεῖς,
3089 1447 3371 1509 ἀκούοντες
3395 1445 3428 1499 ἃ
3450 1444 3734 1516 εἰθίσμεθα

2159 1536 2459 1604 φοϐεῖσθαι,
2492 1539 2599 1609 πρὸ
2642 1539 2737 1608 τῆς
2766 1537 2919 1607 δίκης
2960 1538 3383 1609 ἐπιστρέψαντες
3424 1538 3580 1608 (Cod.
3612 1538 3732 1589 ἐπι-

2159 1629 2483 1698 γράψαντες)
2518 1629 2674 1682 σωθῶ
2681 1647 2798 1700 μεν.

2241 1740 2546 1810 ’Δγαπητὸν
2587 1741 2819 1794 ἐνταῦθα
2854 1740 3002 1809 λέγει
3026 1741 3116 1794 τὸν
3147 1741 3373 1812 Σωτῆρα
3421 1739 3608 1809 ἡμῶν·
3636 1739 3730 1791 καί

2158 1831 2265 1902 γὰρ
2291 1832 2382 1901 ἀφ’
2409 1827 2470 1886 οὗ
2487 1833 2626 1885 κατὰ
2655 1831 2753 1903 τὴν
2795 1833 3135 1904 προφητείαν
3159 1834 3192 1902 ὴ
3217 1831 3491 1903 Παρθένος
3519 1830 3729 1899 λέγεται

2157 1923 2471 1986 τετοκέναι,
2515 1921 2832 1992 ἁπανταχοῦ
2891 1922 3217 1991 εὐαφόρμως
3267 1919 3596 1990 μνημονεύει
3635 1921 3727 1974 τοῦ

2156 2012 2388 2066 παιδίου.
2437 2013 2652 2084 Ἐπειδὴ
2690 2012 2871 2066 τοίνυν
2907 2013 2976 2065 τὰ
3005 2013 3249 2083 ἡμέτερα
3287 2010 3532 2074 τοιαῦτα,
3569 2013 3725 2081 φησὶ,

2151 2104 2377 2172 γέγονεν
2425 2103 2502 2167 ὡς
2539 2103 2624 2156 διὰ
2667 2104 2916 2174 μεγάλων
2953 2103 3229 2175 τιμωριῶν
3271 2103 3330 2155 τὸ
3371 2102 3530 2172 χρέος
3555 2106 3730 2158 ἐκτιν-

2149 2195 2322 2261 νύναι,
2378 2195 2537 2266 χρεία
2591 2195 2652 2248 τὺ
2709 2194 2894 2248 λοιπὸν
2939 2195 3032 2248 τοῦ
3069 2192 3354 2263 ἀγαπητοῦ
3385 2209 3500 2260 σου,
3543 2194 3725 2266 χάριτι

2085 2342 2094 2350 _
2150 2289 2281 2358 ἡμῖν
2314 2286 2531 2350 λύοντος
2557 2285 2655 2349 τὰς
2687 2287 2993 2357 συμφοράς.

2218 2395 2327 2467 Τὴν
2365 2397 2429 2449 ἐκ
2477 2397 2576 2467 τῆς
2626 2397 2856 2467 ἀπειλῆς
2897 2397 3164 2466 ὠφέλειαν
3200 2402 3487 2470 ἐμφαίνει·
3539 2402 3726 2472 ὥσπερ

2147 2487 2256 2556 γὰρ
2287 2488 2510 2558 σπέρμα
2539 2487 2832 2557 δεξάμενος
2880 2487 3083 2555 ἀγαθὸν
3137 2488 3229 2542 τὸν
3275 2490 3438 2558 φόϐον
3478 2508 3592 2554 σου,
3632 2491 3727 2543 καὶ

2146 2577 2333 2631 τοῦτον
2362 2579 2822 2648 κυοφορήσαντες,
2850 2579 2908 2630 ἐν
2938 2579 3116 2650 καιρῷ
3149 2580 3224 2650 τῷ
3244 2580 3417 2633 δέοντι
3449 2582 3725 2652 σωτηρίαν

2147 2668 2610 2739 ἐκαρπωσάμεθα.
2652 2670 2771 2722 Ἔτι
2802 2669 2910 2740 γὰρ
2951 2671 3119 2722 ὄντων
3151 2670 3307 2740 ήμῶν
3331 2673 3423 2725 ἐπὶ
3447 2673 3567 2742 γῆς,
3605 2688 3726 2726 και-

2151 2759 2239 2830 ρὺν
2306 2760 2592 2830 μετανοίας
2642 2761 2904 2832 ἐχαρίσω,
2971 2762 3046 2832 μὴ
3107 2763 3422 2833 προανελὼν
3484 2767 3548 2835 τῇ
3599 2761 3722 2818 κατ’

2145 2851 2300 2915 ἀξίαν
2328 2851 2470 2922 δίκῃ,
2511 2851 2624 2904 ἀλλ’
2659 2853 2965 2917 ὲνδεδωκὼς
2997 2855 3434 2926 ἐπιστρέψαντας
3461 2855 3722 2925 σωθῆναι.

2146 2971 2214 2982 —-
2242 2941 2537 3012 Δεξάμενοι
2586 2943 2765 2995 τοίνυν
2797 2942 2868 2996 τὰ
2912 2945 3202 3014 σπέρματα
3234 2945 3303 2998 τά
3334 2946 3594 3009 ζωοποιά,
3629 2944 3727 3000 καὶ

2143 3033 2234 3086 τὸν
2262 3033 2424 3102 φόϐον
2446 3034 2805 3104 κτησάμενοι,
2824 3035 3220 3106 διαφευξόμεθα
3239 3039 3416 3090 πᾶσαν
3429 3037 3722 3108 τιμωρίαν·

2144 3127 2194 3178 οἰ
2257 3127 2365 3197 γάρ
2421 3145 2550 3179 ποτε
2602 3128 2787 3199 νεκροί
2835 3128 2987 3191 ὄντες
3041 3131 3150 3185 τοῖς
3185 3127 3592 3199 παραπτώμασι
3628 3127 3725 3180 καὶ

2144 3220 2263 3280 ταῖς
2285 3217 2598 3288 ἐπιθυμίαις
2630 3217 2724 3270 νῦν
2750 3217 3162 3288 ἐγερθησόμεθα
3192 3218 3385 3281 ὡςάπὸ
3416 3217 3721 3288 μνημείων,

2143 3310 2240 3380 τῆς
2271 3309 2420 3380 παρά
2453 3306 2548 3360 σοῦ
2577 3308 2914 3378 ἀντιλήψεως
2953 3311 3202 3380 τυχόντες
3227 3327 3240 3340 ·
3267 3309 3355 3378 ὑφ’
3439 3308 3722 3379 ἀντιλήψει

2141 3398 2600 3470 ἀγαλλιασόμεθα,
2640 3400 2976 3471 ἠρεμοῦντες
3017 3403 3124 3455 ἀπὸ
3151 3401 3258 3454 τῶν
3294 3401 3481 3454 κακῶν
3506 3400 3684 3470 ἔργων
3705 3415 3720 3428 ·

2141 3488 2227 3540 ἀεὶ
2258 3489 2367 3562 γὰρ
2402 3491 2461 3543 τὸ
2493 3490 2642 3553 ἔλεός
2687 3507 2779 3542 σου
2806 3490 2978 3555 οὕτως
3016 3493 3324 3562 ἐκπέμπεις
3348 3493 3432 3559 ἐφ’
3468 3493 3614 3561 ἡμᾶς
3646 3491 3723 3554 ὡς

2139 3583 2325 3654 δρόσον
2363 3586 2631 3657 ἰατρικήν.

2209 3694 2314 3747 Τοῦ
2338 3695 2629 3768 πτώματος
2662 3699 2825 3752 αὑτοῦ
2845 3698 2935 3752 τοῦ
2975 3700 3234 3771 Ἐφραῒμ,
3260 3701 3353 3754 καὶ
3378 3701 3479 3770 τῆς
3505 3699 3720 3754 ἐκπτώ-

2141 3803 2277 3850 σεως
2301 3792 2538 3860 φανερᾶς
2559 3792 2691 3843 πᾶσι
2722 3792 3044 3862 γενομένης,
3073 3790 3259 3863 ῶσπερ
3288 3792 3382 3844 ἐπὶ
3409 3792 3569 3862 ὅρους
3593 3792 3724 3862 ὑψη-

2138 3872 2587 3941 λοτάτου,’ταῦτα
2617 3880 2720 3933 ὑπὸ
2767 3881 2968 3944 παντὸς
2991 3882 3084 3934 καὶ
3117 3884 3231 3945 τοῖς
3253 3884 3387 3935 πᾶσι
3417 3883 3721 3954 καταδῆλου

2137 3985 2200 4038 γε
2207 3989 2264 4023 νο
2271 3971 2431 4043 μένου
2444 4009 2460 4026 .

2207 4063 2318 4134 Τὴν
2345 4065 2694 4135 ἐπαγομένην
2723 4065 2946 4128 δικαίως
2991 4066 3176 4128 αὐτοῖς
3204 4067 3499 4137 τιμωρίαν,
3526 4067 3592 4137 ἣν
3621 4083 3720 4135 ουχ

2133 4150 2235 4208 οἷοί
2278 4173 2338 4209 τε
2373 4159 2631 4227 γεγόνασι
2676 4157 2974 4228 διαδρᾶναι,
3019 4157 3314 4228 σημαίνει·
3340 4157 3530 4226 ῶσπερ
3557 4156 3667 4226 γὰρ
3689 4159 3720 4210 ὁ

2133 4243 2343 4319 χαλάζῃ
2391 4245 2678 4299 ὑποπεσὼν
2733 4244 3000 4317 ὖπαιθρος
3052 4247 3111 4298 οὐ
3161 4245 3442 4315 διαφεύγει
3502 4245 3602 4307 τάς
3648 4247 3716 4296 ἐκ

2131 4337 2334 4408 ταύτης
2366 4337 2543 4407 βολὰς,
2568 4338 2793 4409 μηδενὸς
2825 4337 2978 4400 ὄντος
3003 4337 3096 4390 τοῦ
3130 4338 3500 4401 σκεπάζοντος
3527 4337 3715 4389 αὐτόν·

2132 4428 2304 4493 οὕτως
2358 4430 2451 4483 καὶ
2497 4423 2672 4482 οὗτοι·
2723 4428 2858 4481 Θεοῦ
2914 4429 3211 4496 ἐπάγοντος
3270 4428 3368 4499 τὴν
3421 4427 3717 4497 τιμωρίαν,

2131 4519 2422 4591 ἁὸοὴθητοί
2457 4523 2643 4590 ἐσμεν,
2675 4518 2898 4589 μηδενὸς
2917 4519 3075 4583 δντος
3107 4519 3201 4573 τοῦ
3227 4517 3528 4586 ἐπαμύνειν
3557 4518 3720 4580 δυνα-

2059 4617 2103 4669 I)
2136 4613 2318 4683 μένου.

2205 4706 2316 4775 Τὴν
2367 4706 2432 4755 ἐκ
2472 4702 2579 4755 τῶν
2628 4702 2900 4773 πολεμίων
2949 4703 3304 4774 ἐπικράτειαν
3346 4702 3583 4758 ἐνταῦθα
3611 4720 3715 4774 ση-

2136 4796 2316 4866 μαίνει
2337 4811 2350 4825 ·
2387 4789 2479 4847 καί
2526 4796 2608 4847 ὅτι
2644 4795 2822 4865 πάσης
2855 4795 3077 4865 ἀτιμίας
3116 4793 3340 4865 ἔμπλεοι
3373 4795 3616 4862 γένοιντο
3643 4797 3717 4867 τῇ

2131 4882 2480 4954 αἰχμαλωσίᾳ
2541 4884 2930 4946 ὑποπεσόντες,
2983 4885 3152 4955 δηλοῖ.
3200 4887 3309 4938 Καὶ
3351 4885 3481 4957 γὰρ,
3525 4886 3715 4956 φησὶν,

2131 4976 2250 5028 οὐδὲ
2297 4977 2346 5028 οἰ
2399 4978 2462 5030 ἐκ
2498 4978 2596 5049 τῆς
2626 4979 3002 5049 αἰχμαλωσίας
3047 4978 3216 5046 ὀλίγοι
3246 4979 3719 5049 παραλειφθέντες

2129 5067 2309 5122 λαθεῖν
2371 5068 2708 5139 δυνήσονται,
2755 5070 2868 5122 ἀλλ’
2922 5070 3093 5133 οὕτως
3144 5070 3295 5141 παρά
3337 5072 3556 5125 πάντων
3604 5071 3718 5126 τῶν

2128 5159 2420 5231 περιοίκων
2444 5159 2880 5230 φωραθήσονται,
2906 5161 2997 5212 καί
3026 5161 3314 5232 κατάδηλοι
3343 5161 3556 5216 ἔσονται
3581 5165 3719 5217 ὑπο-

2127 5249 2444 5321 ϐαλλόμενοι
2492 5254 2557 5321 τῇ
2619 5253 2876 5324 τιμωρίᾳ,
2923 5254 2999 5316 ὼς
3046 5253 3145 5306 οὐκ
3186 5254 3365 5308 ἔνεστι
3398 5255 3582 5310 λαθεῖν
3619 5256 3717 5310 τὸν

2123 5342 2211 5394 ἐπ’
2242 5343 2411 5413 ἄκρου
2446 5343 2607 5414 ὅρους
2630 5343 2758 5396 ὄντα
2795 5343 2829 5415 ἢ
2858 5344 3162 5415 πρόδρομον
3193 5337 3380 5409 σύκου,
3413 5346 3442 5397 ὃ
3480 5348 3544 5399 ἐκ
3574 5347 3714 5400 πάν-

2124 5450 2231 5486 των
2259 5434 2367 5486 τῶν
2401 5435 2576 5487 ἄλλων
2618 5434 2778 5504 μόνον
2806 5435 3066 5506 πέπειρον
3098 5437 3400 5490 ἐπισπᾶται
3431 5438 3530 5501 τὰς
3557 5437 3715 5509 όψεις

2123 5523 2230 5575 τῶν
2262 5523 2535 5594 ὁρώντων.

2192 5617 2334 5686 Πρὸς
2379 5619 2505 5680 τοὺς
2563 5617 2702 5671 κατὰ
2748 5617 2987 5671 διάνοιαν
3037 5617 3332 5690 λογισμοὺς
3384 5619 3713 5691 κινηθέντας

2119 5713 2323 5776 αὐτοῖς,
2357 5715 2438 5766 ὅτι
2485 5711 2548 5781 δὴ
2593 5713 2671 5775 είς
2715 5712 2986 5783 ἐξάλειψιν
3032 5712 3210 5766 αὐτῶν
3261 5714 3378 5768 ἐστι
3421 5716 3480 5768 τὸ
3528 5715 3719 5783 γένος,

2120 5805 2345 5874 μηδενὸς
2377 5805 2820 5874 ἀντιποιουμένου
2870 5806 3069 5873 αὐτῶν,
3106 5807 3198 5860 καὶ
3244 5808 3310 5859 τά
3356 5809 3599 5874 παρόντα
3627 5804 3711 5856 λέο
