4138 6430
412 407 552 465 151⁸1

1883 407 1951 462 ιΝ
1989 407 2244 467 lSAIAM.

3517 428 3653 483 1518

410 523 628 576 λεκται⁶
666 522 754 577 ἵνα
781 521 890 594 γάρ
920 524 995 596 μὴ
1031 525 1110 588 είς
1146 524 1495 578 ἀνελπιστίαν
1547 524 1779 595 παντελῆ
1829 542 1952 578 κατε

2057 542 2243 596 ,ερριη
2295 544 2516 586 onmem
2568 532 2846 601 abjiciant,
2897 535 3244 593 liberatorem
3295 545 3651 611 praenuntiat,

415 614 639 678 πέσωσι,
658 614 1016 687 προαγορεύει
1043 616 1135 669 τὸν
1170 615 1428 686 μέλλοντα
1476 618 1568 669 ἐπὶ
1604 616 1846 686 σωτηρία
1884 614 1977 667 τοῦ

416 706 599 776 γένους
628 706 1161 778 παραγενησόμενον,
1194 707 1439 759 τουτέστι
1476 706 1566 759 τὸν
1595 705 1789 777 Κύριον
1823 706 1978 776 ἡμῶν

422 797 628 868 Ἰησοῦν
660 797 751 851 τὸν
780 796 1011 868 Χριστὸν
1060 797 1150 851 τὸν
1178 798 1444 870 ⁴ἡμέτερον
1488 799 1735 871 Σωτῆρα,
1769 798 1827 861 ὃς
1861 797 1979 851 στέ-

413 908 575 961 φανος
595 892 693 962 τῆς
727 889 884 963 δόξης
920 890 1072 945 ἐσται
1114 892 1270 957 πᾶσι,
1316 890 1503 960 φανεὶς
1542 892 1599 944 ἐν
1649 891 1838 962 κόσμῳ
1884 891 1977 945 καὶ

411 983 691 1040 ἀναλαϐὼν
719 983 819 1055 τὴν
852 984 1128 1055 ἡμετέραν
1167 984 1364 1056 σάρκα.
1924 1038 1937 1047 ,

478 1074 589 1146 Τὴν
636 1074 731 1127 τοῦ
790 1074 924 1129 Θεοῦ
985 1075 1299 1140 ἐποπτείαν,
1350 1078 1440 1129 καὶ
1494 1076 1593 1146 τὴν
1626 1077 1839 1131 δικαίαν
1881 1081 1977 1132 αὐ-

410 1164 501 1217 τοῦ
531 1164 709 1237 κρίσιν
741 1164 910 1236 δηλοῖ,
945 1164 1022 1228 ὡς
1067 1166 1167 1218 οὐκ
1209 1165 1447 1237 ἀκρίτως
1491 1167 1690 1230 πάντες
1719 1169 1768 1220 οἱ
1798 1186 1976 1239 παρα-

409 1255 650 1320 δοθέντες
685 1258 749 1327 τῇ
784 1254 1127 1326 αἰχμαλωσίᾳ
1163 1255 1579 1322 ἀποθανοῦνται,
1629 1257 1742 1311 ἀλλ’
1778 1260 1974 1314 ἐκεῖνοι

409 1345 951 1417 περιποιηθήσονται,
976 1345 1070 1409 οὓς
1094 1345 1173 1416 τῷ
1201 1345 1319 1417 Θεῷ
1346 1346 1473 1419 δόξῃ
1505 1347 1791 1414 σώζεσθαι,
1819 1350 1973 1421 ἡμῶν

412 1438 486 1509 μὴ
513 1437 821 1507 δυναμένων
858 1437 1156 1509 ἀνιχνεύειν
1200 1438 1324 1501 τοὺς
1359 1437 1549 1507 λόγους
1585 1439 1650 1492 δι’
1679 1439 1771 1505 οὒς
1815 1459 1973 1513 περι-

407 1528 813 1601 ποιηθήσονται.

478 1620 672 1691 Φάσμα
702 1619 808 1693 γὰρ
845 1620 940 1673 καὶ
968 1618 1230 1690 ἔκπληξις
1256 1619 1400 1673 τοῦτ’
1428 1620 1493 1674 ἂν
1527 1620 1611 1693 είη
1653 1622 1877 1694 κυρίως,
1911 1624 1973 1678 τὸ

406 1710 645 1775 τούτους,
698 1712 868 1775 οὕτως
916 1711 1427 1783 παιδαγωγηθέντας
1484 1713 1633 1784 παρὰ
1678 1714 1770 1767 τοῦ
1813 1715 1967 1782 Θεοῦ,

408 1802 501 1854 καὶ
520 1801 786 1854 τοσούτων
817 1801 1233 1865 ἀπολαύσαντας
1262 1800 1369 1855 τῶν
1400 1802 1640 1872 ἀγαθῶν,
1674 1807 1756 1867 είς
1785 1804 1971 1859 τοσαύ-

404 1909 505 1962 την
533 1893 876 1964 παρανομίαν
907 1892 1175 1963 χωρῆσαι.

474 1984 663 2047 Θλίψιν
691 1983 922 2037 ἐνταῦθα
949 1983 1095 2051 λέγει
1142 1984 1209 2037 τά
1240 1987 1296 2037 ἐν
1320 1988 1383 2056 τῇ
1409 1985 1754 2058 αἰχμαλωσίᾳ
1792 1987 1969 2041 δεινά·

405 2074 718 2146 προσθήκην
750 2075 807 2128 δὲ
837 2073 1069 2144 θλίψεως
1109 2075 1207 2145 τὴν
1241 2076 1590 2146 συναίσθησιν
1620 2076 1727 2130 τῶν
1762 2077 1972 2141 αἰτίων,

2090 620 2157 672 ad
2199 620 2519 675 salvandum
2568 637 2740 692 genus
2760 634 3066 691 venturum,
3103 628 3206 683 hoc
3226 641 3330 697 est,
3360 630 3651 687 Dominum

2087 717 2335 765 nostrum
2355 711 2544 767 Jesum
2579 713 2855 769 Christum
2886 716 3221 774 Salvatorem
3248 731 3523 786 nostrum,
3555 724 3649 794 qui

2086 803 2339 858 omnibus
2385 819 2586 859 corona
2631 807 2746 876 spei
2785 809 2909 872 erit,
2944 810 3057 875 ubi,
3087 826 3251 867 carne
3290 821 3477 870 nostra
3522 829 3649 871 sus-

2085 904 2260 965 cepta,
2286 896 2427 951 inter
2447 897 2696 954 homines
2726 900 3061 968 apparuerit.

2154 1067 2317 1125 Vens.
2359 1070 2414 1126 6.
2456 1072 2550 1128 Dei
2595 1074 2995 1145 providentiam
3026 1086 3080 1133 et
3109 1078 3317 1148 justum
3352 1082 3472 1151 ejus
3499 1082 3645 1153 judi-

2082 1160 2227 1214 cium
2276 1161 2543 1232 declarat,
2597 1179 2723 1219 cum
2768 1180 2880 1220 non
2933 1182 3130 1222 omnes
3167 1168 3269 1235 illi,
3305 1173 3397 1241 qui
3433 1172 3646 1229 fuerant

2081 1249 2136 1305 in
2190 1254 2562 1321 captivitatem
2614 1256 2864 1321 redacti,
2916 1257 3235 1314 indistincte
3305 1262 3648 1329 moriantur;

2081 1344 2383 1399 liberentur
2429 1362 2559 1402 vero
2591 1363 2732 1419 quos
2779 1348 2888 1403 Deo
2934 1365 3155 1406 servare
3198 1353 3487 1422 placuerit,
3523 1356 3650 1411 licet

2080 1435 2183 1507 ipsi
2233 1451 2336 1492 nos
2394 1438 2704 1508 perspicere
2753 1455 2865 1495 non
2888 1441 3203 1510 possimus,
3238 1458 3346 1513 qua
3386 1444 3455 1499 de
3482 1458 3647 1500 causa

2079 1527 2398 1583 liberantur.

2147 1618 2316 1675 Vens.
2355 1620 2409 1675 7.
2449 1618 2683 1677 Phasma
2735 1637 2869 1678 sane
2918 1632 3064 1678 esset
3116 1633 3169 1679 et
3218 1634 3550 1692 monstrum,
3597 1630 3645 1684 si

2077 1710 2153 1765 ita
2187 1726 2216 1764 a
2266 1710 2376 1767 Deo
2419 1712 2656 1777 educati,
2704 1715 2872 1771 tantis
2913 1717 3059 1771 aucti
3104 1717 3403 1782 beneﬁciis,
3437 1719 3494 1773 in
3518 1727 3644 1774 tan-

2078 1809 2187 1856 tam
2216 1802 2542 1872 impietatem
2574 1803 2975 1861 delaberentur.

2149 1977 2314 2035 Vsns.
2382 1980 2469 2037 10.
2526 1982 2960 2039 'l'ribulationem
2993 1985 3082 2039 hic
3110 1995 3271 2041 vocat
3301 1988 3642 2045 calamitates

2076 2071 2321 2140 captivos
2370 2073 2679 2139 invasuras,
2721 2076 3125 2133 tribulationem
3166 2092 3298 2132 vero
3326 2095 3490 2149 super
3536 2082 3640 2135 tri-

402 2166 468 2222 δι’
499 2166 563 2229 ἃς
589 2168 683 2220 καὶ
742 2166 807 2219 τὰ
846 2167 991 2220 κακά
1038 2167 1220 2230 αὐτοῖς
1274 2168 1662 2238 ὲπενήνεκται·
1706 2169 1827 2239 ἥτις
1873 2170 1952 2223 ἐπ-

2074 2162 2441 2229 bulationem,
2497 2167 2889 2222 conscientiam
2931 2169 3246 2231 criminum,
3289 2171 3491 2240 quibus
3533 2172 3639 2226 sibi

402 2257 615 2329 ωφελὴς
644 2260 736 2312 καὶ
760 2260 1021 2329 ὀνήσιμος
1054 2259 1233 2321 αὐτοῖς
1256 2259 1480 2327 ἐγίνετο.

472 2440 582 2511 Τὴν
631 2440 840 2494 δικαίαν
896 2441 1045 2512 παρά
1112 2460 1206 2495 του
1280 2442 1414 2495 Θεοῦ
1470 2443 1822 2496 ἀνταπόδοσιν
1872 2445 1969 2498 ἐπ-

399 2530 782 2600 ινεχθήσεσθαι
820 2533 1004 2595 αὐτοῖς
1029 2532 1297 2602 προλέγει·
1316 2532 1529 2605 γλώττῃ
1556 2534 1654 2604 μὲν
1675 2534 1968 2602 φαυλισάν-

398 2636 506 2673 των
530 2622 591 2675 τὸ
618 2622 791 2686 Θεῖον,
816 2624 873 2676 ἐν
905 2623 963 2676 δὲ
996 2627 1059 2695 τῇ
1090 2624 1303 2697 γλώττῃ
1338 2625 1642 2696 δεχομένων
1662 2624 1758 2696 τὴν
1791 2643 1965 2694 τιμω-

401 2712 523 2782 ρίαν
546 2728 559 2743 ·
594 2714 699 2767 ὑπὸ
731 2714 838 2784 γὰρ
876 2715 1253 2784 αἰχμαλωσίαν
1288 2716 1651 2785 πράττοντες,
1691 2716 1873 2770 οὐκέτι
1902 2718 1963 2786 τῇ

402 2803 616 2874 συνήθει
644 2805 904 2875 διαλέκτῳ
947 2807 1264 2877 ἐκέχρηντο,
1295 2806 1430 2860 ἀλλά
1458 2810 1524 2877 τῇ
1564 2806 1672 2861 τῶν
1708 2805 1967 2879 κρατούν-

396 2904 504 2981 ἷων
526 2896 674 2964 φωνῇ
710 2893 887 2947 λαλεῖν
910 2896 1299 2964 ἠναγκάζοντο.

466 3000 569 3053 Τὸν
604 3001 669 3053 ἐκ
697 3000 807 3053 τῶν
836 3002 1013 3054 πόνων
1057 3002 1241 3064 αὐτοῖς
1289 3001 1683 3072 ἐπιγενηθέντα
1731 3002 1961 3075 καρπὸν,

394 3087 454 3142 δν
482 3091 769 3162 ἐριστικῶς
818 3093 1000 3156 αὐτοῖς
1032 3093 1391 3147 ἐπιδείκνυσιν
1423 3096 1450 3147 ό
1492 3094 1797 3165 προφήτης,
1832 3095 1963 3149 ἀνά-

2073 2254 2180 2308 ista
2229 2256 2374 2309 mala
2404 2268 2862 2327 promeruerunt;
2895 2274 3016 2329 quae
3045 2268 3100 2315 et
3129 2260 3279 2315 utilis
3311 2262 3421 2317 illis
3452 2260 3553 2316 fuit
3585 2269 3640 2318 et

2071 2348 2350 2404 salutaris.

2141 2437 2307 2495 Vens.
2335 2441 2421 2496 ll.
2461 2440 2619 2497 Justa
2662 2457 2757 2499 eos
2804 2458 2834 2496 a
2874 2442 2984 2497 Deo
3031 2444 3271 2497 vindicta
3320 2443 3637 2515 plectendos

2071 2537 2450 2603 praenuntiat:
2486 2534 2671 2605 lingua
2711 2535 2839 2605 quia
2886 2534 3055 2589 Deum
3097 2536 3413 2602 irriserunt,
3451 2538 3636 2607 lingua
3730 2572 3737 2583 ι

2067 2638 2257 2694 poenas
2290 2625 2535 2691 dabunt;
2584 2627 2785 2681 etenim
2830 2627 2886 2681 in
2934 2628 3306 2697 captivitatem
3353 2629 3631 2692 abductis,

2063 2713 2173 2783 jam
2208 2731 2318 2769 non
2357 2718 2535 2786 patrio
2566 2733 2819 2773 sermone
2864 2719 3019 2773 licuit
3062 2721 3164 2784 uti,
3215 2720 3310 2775 sed
3355 2720 3473 2791 ipsa
3516 2719 3636 2775 cdi~

2067 2806 2267 2861 scenda
2301 2807 2404 2860 fuit
2429 2807 2827 2862 dominantium
2858 2808 3061 2880 lingua.

2149 3000 2318 3059 Vsns.
2363 3004 2451 3061 12.
2509 3003 2770 3061 Fructum
2824 3008 2957 3079 ipsis
3008 3024 3075 3063 ex
3119 3008 3401 3064 laboribus
3452 3017 3630 3064 ortum

2075 3097 2281 3152 indicat
2309 3098 2575 3167 propheta
2623 3099 2849 3165 ironice,
2885 3100 3012 3154 dum
3044 3101 3285 3170 requiem
3316 3115 3505 3171 pinnas
3535 3116 3631 3171 ap-

397 3195 592 3231 παυσιν
614 3180 710 3253 τὴν
735 3182 1003 3253 τιμωρίαν
1021 3182 1201 3237 καλῶν
1221 3199 1234 3213 ’
1261 3177 1364 3236 Ὧν
1385 3184 1512 3254 γὰρ,
1538 3186 1719 3254 φησιν,
1746 3187 1952 3250 ἑαυτοῖς

2064 3186 2229 3255 pellat
2265 3187 2434 3253 τρυε
2485 3190 2655 3252 enim,
2691 3190 2887 3259 inquit,
2933 3191 3088 3245 vobis
3133 3191 3628 3255 thesaurizavistis,

394 3268 822 3344 ἐθησαυρίσατε,
886 3274 1090 3327 τούτων
1155 3275 1229 3337 ὡς
1290 3276 1349 3327 ἐν
1403 3275 1561 3346 ἡδονῇ
1624 3276 1956 3341 ἀπολαύετε,

395 3361 798 3432 συντριϐόμενοι
824 3366 881 3417 ἐν
909 3368 1029 3429 ταῖς
1060 3368 1373 3438 τιμωρίαις.

460 3472 571 3546 Τὴν
619 3478 683 3529 ἐκ
734 3477 831 3547 τῆς
878 3478 1124 3541 παιδείας
1170 3480 1436 3549 ὠφέλειαν
1497 3482 1792 3553 γενομένην
1838 3484 1958 3545 ταῖς

387 3562 584 3636 ψυχαῖς
620 3567 798 3620 αὐτῶν
828 3568 998 3637 λέγει·
1035 3571 1322 3642 λαϐόμενοι
1356 3572 1464 3644 γὰρ
1502 3574 1729 3637 ἑαυτῶν,
1763 3574 1846 3642 ἐφ’
1875 3570 1958 3637 οἷς

386 3656 763 3729 διεπράξαντο,
791 3661 890 3731 τὴν
920 3651 1177 3733 ἐπικερδῆ
1221 3667 1342 3727 ταῖς
1375 3664 1571 3734 ψυχαῖς
1615 3665 1799 3719 αὐτῶν
1831 3665 1954 3719 όδύ-

388 3765 484 3819 νην
513 3767 573 3802 τε
606 3751 698 3803 καὶ
746 3751 921 3822 θλίψιν
965 3753 1140 3825 ἔσχον,
1198 3756 1583 3827 συνεργοῦντος
1631 3758 1813 3822 αὐτοῖς
1858 3758 1952 3811 τοῦ

384 3837 518 3892 Θεοῦ
562 3842 655 3894 καὶ
688 3842 1083 3908 ἀνακόπτοντος
1124 3845 1302 3899 αὐτῶν
1344 3846 1439 3912 τὰς
1483 3848 1709 3916 ἀλόγους
1736 3849 1913 3919 ὁρμάς
1935 3864 1949 3878 ⁸

383 3927 471 3983 ἵνα
501 3931 567 4000 τῇ
603 3929 695 4001 βία
721 3932 819 4000 τῆς
846 3932 1294 3998 ἀντανακλάσεως
1328 3935 1817 4007 παιδαγωγηθῶσιν
1854 3938 1952 4008 ὀψέ

384 4034 534 4083 ποτε,
570 4022 649 4084 είς
688 4020 819 4090 ὕψος
860 4021 1090 4092 ἄραντες
1127 4024 1255 4087 τοὺς
1287 4024 1617 4096 ὀφθαλμοὺς,
1655 4026 1950 4096 ἐπιγνῶναι

382 4109 473 4163 τὸν
500 4110 706 4167 ἑαυτῶν
727 4112 1051 4185 δημιουργόν
1072 4131 1129 4167 τε
1164 4114 1258 4169 καὶ
1294 4118 1541 4188 ποιητήν.

450 4221 604 4276 Μετά
630 4223 729 4295 τὴν
760 4225 866 4281 τῶν
900 4227 1145 4299 φοϐερῶν
1187 4228 1415 4299 ἀπειλὴν
1446 4222 1520 4283 ὧν
1552 4228 1689 4293 ἄξιοι
1722 4229 1949 4301 ἐτύγχα-

379 4327 487 4378 νον,
530 4313 690 4367 πάλιν
752 4316 1185 4389 ἀνακαλούμενος
1230 4319 1426 4383 αὐτοὺς
1480 4321 1508 4373 ό
1550 4320 1681 4384 Θεὸς
1734 4321 1807 4393 μὴ
1868 4323 1947 4385 είς

379 4398 722 4456 ἀνελπιστίαν
771 4412 1119 4472 καταπεσεῖν,
1162 4412 1228 4480 τῇ
1270 4409 1325 4463 δέ
1364 4409 1528 4463 αὑτοῦ
1569 4413 1947 4484 φιλανθρωπίᾳ

377 4491 763 4563 προσδραμεῖν,
802 4499 1055 4567 προλέγει
1092 4499 1154 4552 τὸ
1199 4501 1388 4571 μέλλον
1426 4504 1943 4575 οίκονομηθήσεσθαι

375 4584 457 4648 είς
496 4584 769 4655 σωτηρίαν
809 4585 1021 4637 αὐτῶν·
1077 4590 1388 4646 Ἀποστελῶ
1430 4594 1538 4665 γὰρ
1564 4639 1577 4658 ,
1636 4597 1800 4667 φησι,
1848 4596 1941 4650 τὸν

378 4676 640 4748 μονογενῆ
700 4676 816 4730 Υίόκ
889 4695 988 4749 μου
1044 4681 1103 4731 ἐν
1160 4686 1323 4754 σαρκὶ
1373 4688 1744 4759 φανησόμενον
1774 4705 1787 4718 ·
1852 4689 1942 4741 ού-

371 4767 459 4821 δὲν
492 4768 674 4840 ἕτερον
705 4769 1081 4840 ἀπαιτήσαντα
1115 4772 1259 4841 ὑμᾶς
1290 4775 1322 4845 ἢ
1364 4778 1547 4831 πίστιν
1587 4779 1686 4850 τὴν
1723 4783 1802 4844 εἰς
1842 4782 1939 4834 αύ-

370 4859 483 4922 τδν,
522 4859 615 4913 καὶ
640 4860 1009 4931 ἀντιδέχεσθαι
1047 4863 1190 4933 ὑμᾶς
1217 4868 1490 4937 σωτηρίαν
1513 4885 1524 4896 ·
1560 4870 1620 4922 τὸ
1657 4871 1765 4943 γὰρ
1794 4871 1939 4926 λίθον

371 4950 655 5022 πολυτελῆ,
707 4952 979 5017 ἐκλεκτὸν,
1033 4955 1443 5025 ἀκρογωνιαῖον,
1500 4959 1735 5030 ἔντιμον,
1784 4963 1936 5017 οὐδὲν

367 5040 551 5112 ἕτερόν
579 5043 725 5094 ἐστιν
764 5042 796 5113 ἢ
830 5042 1047 5107 ἔπαινος
1082 5044 1233 5114 παρά
1277 5048 1491 5118 Πατρὸς
1533 5051 1612 5111 εἰς
1638 5050 1764 5104 Υίὸν
1791 5055 1935 5120 γινό-

368 5149 556 5203 μενος·
609 5134 714 5187 τίνι
764 5134 872 5206 γὰρ
922 5134 1125 5205 ἔπρεπε
1175 5142 1474 5210 μαρτυρεῖν
1525 5141 1601 5211 τῷ
1652 5150 1934 5213 μονογενεῖ

363 5223 480 5295 Υίῷ
518 5224 551 5296 ἢ
603 5226 777 5297 Πατρὶ
832 5226 911 5298 τῷ
961 5228 1160 5295 αὐτοῦς
1199 5260 1266 5271 —-
1312 5230 1383 5283 Τὸ
1430 5233 1657 5304 ἀκριϐὲς
1698 5236 1797 5307 τῆς
1833 5238 1927 5290 τοῦ

359 5315 494 5369 Θεοῦ
526 5316 848 5388 κηδεμονίας
882 5317 1116 5371 ἐνταῦθα
1161 5321 1340 5391 δηλοῖο
1390 5322 1471 5375 ὅτι
1516 5323 1580 5394 δὴ
1620 5325 1679 5376 οὐ
1724 5327 1926 5391 πάντες

357 5406 744 5479 ἀξιωθήσονται
769 5409 864 5462 τοῦ
890 5410 1070 5475 ἐλέους
1100 5413 1194 5466 τοῦ
1226 5414 1380 5478 Θεοῦ,
1410 5415 1537 5470 ἀλλ’
1564 5419 1610 5469 οἱ
1655 5420 1736 5482 είς
1760 5421 1924 5474 αὐτὸν

352 5500 418 5569 τῇ
448 5498 617 5552 ἐλπίδι
643 5500 1003 5571 ἀνακείμενοι.

350 5643 357 5657 ο
430 5613 643 5684 Ἐπειδὴ
666 5614 793 5684 γὰρ,
832 5618 1014 5687 φησιν,
1043 5619 1254 5685 ἐδόξατε
1282 5621 1541 5691 δαίμονας
1583 5624 1915 5694 τεθεραπευ-

348 5700 502 5755 κέναι
530 5705 662 5775 πρὸς
688 5707 1131 5780 ἀποτροπιασμὸν
1162 5711 1270 5765 τῶν
1294 5713 1476 5766 κακῶν
1495 5714 1669 5784 ὑμῶν,
1696 5716 1790 5768 καὶ
1822 5718 1913 5769 ἐπὶ

349 5795 409 5865 τῇ
449 5794 650 5866 ματαία
680 5797 848 5869 ταύτῃ
889 5799 1062 5854 ἐλπίδι
1095 5803 1452 5865 ἐπεποίθει-εξ,
1486 5805 1802 5872 γινώσκετε,
1832 5806 1906 5868 ὡς

2065 3277 2186 3333 istis
2219 3276 2478 3333 fruamini
2513 3288 2571 3333 ut
2605 3281 2661 3334 in
2697 3280 2919 3350 gaudio,
2946 3281 3233 3351 suppliciis
3262 3281 3467 3336 amicti.

2141 3474 2309 3530 Vens.
2343 3477 2431 3530 l3.
2485 3476 2604 3544 Qua
2637 3478 2849 3532 ratione
2888 3477 3178 3548 disciplina
3218 3478 3390 3548 prosit
3426 3478 3625 3535 animis

2057 3582 2267 3631 eorum,
2304 3568 2516 3635 innuit;
2562 3584 2687 3623 nam
2722 3567 3050 3638 cupiditates
3086 3568 3468 3636 refrenantes,
3500 3572 3624 3641 qui-

2056 3658 2161 3712 bus
2191 3658 2582 3726 inserviebant,
2614 3660 2908 3714 salutarem
2940 3660 3125 3714 animo
3154 3660 3399 3715 dolorem
3426 3663 3621 3716 conci-

2055 3749 2213 3819 piunt
2249 3758 2305 3805 et
2345 3750 2790 3817 tribulationem;
2825 3750 2936 3805 Deo
2968 3752 3286 3820 adiuvante,
3316 3763 3369 3808 et
3398 3754 3622 3810 insanos

2056 3848 2239 3896 motus
2278 3842 2636 3912 rcprimente,
2667 3849 2727 3896 ut
2758 3850 2979 3913 propter
3008 3842 3115 3895 vim
3150 3858 3421 3912 pressurae
3458 3843 3619 3913 quasi

2054 3931 2388 3998 repercussi,
2417 3930 2632 3985 discant
2656 3929 2875 3985 tandem
2904 3930 3094 3985 oculos
3125 3931 3193 3985 ad
3224 3932 3481 3986 sublimia
3506 3934 3613 3988 eri-

2051 4038 2198 4092 gere,
2228 4021 2519 4078 Dominum
2543 4037 2701 4078 suum
2725 4037 3029 4093 agnoscere
3056 4029 3110 4075 et
3136 4020 3477 4077 Creatorem.

2119 4219 2289 4278 Vens.
2323 4219 2409 4276 16.
2468 4220 2814 4276 Denuntiatis
2866 4220 3274 4278 calamitatibus
3299 4221 3454 4293 'quas
3510 4224 3613 4280 sibi

2048 4322 2486 4386 promeruerant,
2509 4314 2758 4379 hortans,
2789 4329 2884 4368 eos
2913 4312 3058 4368 Deus
3087 4329 3156 4368 ne
3186 4314 3241 4368 in
3272 4315 3613 4386 desperatio-

2047 4422 2171 4461 nem
2204 4403 2469 4470 ferantur,
2505 4404 2679 4475 ipsius
2708 4419 2838 4458 vero
2863 4402 3293 4459 misericorditer
3313 4403 3609 4470 conﬁdant,

2046 4498 2281 4566 explicat
2317 4496 2446 4566 quid
2483 4496 2538 4549 in
2572 4511 2761 4551 eorum
2792 4496 3023 4550 salutem
3058 4496 3344 4551 statuerit:
3379 4496 3609 4565 Mittam,

2046 4588 2246 4659 inquit,
2272 4588 2609 4659 unigenitum
2652 4585 2849 4642 Filium
2891 4604 3069 4643 meum
3119 4588 3173 4641 in
3219 4605 3385 4645 carne
3413 4600 3600 4646 ventu-

2043 4695 2165 4733 rum
2190 4698 2206 4744 ;
2259 4680 2395 4735 nibil
2428 4679 2575 4734 aliud
2603 4695 2633 4732 a
2662 4678 2825 4733 vobis
2852 4678 3134 4750 deposcet,
3158 4680 3265 4736 nisi
3305 4689 3364 4734 ut
3395 4682 3448 4735 in
3476 4697 3600 4736 eum

2041 4768 2299 4835 credatis,
2337 4778 2391 4824 et
2442 4769 2675 4824 salutem
2729 4770 2803 4822 ita
2854 4771 3161 4839 excipiatis,
3202 4770 3357 4836 Quod
3392 4771 3439 4825 si
3478 4772 3606 4826 hinc

2043 4858 2282 4928 lapidem
2316 4857 2615 4929 pretiosum
2644 4864 2820 4920 vocet,
2850 4859 3107 4921 electmn,
3130 4860 3482 4929 singularem,
3502 4859 3603 4914 ho-

2039 4950 2362 5012 norabilem,
2418 4949 2533 5003 haec
2580 4950 2718 5003 nihil
2769 4949 2916 5003 aliud
2948 4958 3077 5004 sunt
3105 4958 3303 5019 praeter
3350 4949 3541 5005 laudes
3572 4965 3604 5003 a

2037 5042 2202 5097 Patre
2251 5041 2394 5095 Filio
2439 5041 2693 5095 tributas.
2729 5039 2898 5107 Quem
2934 5042 3079 5096 enim
3110 5042 3339 5096 decebat
3367 5042 3434 5096 de
3464 5040 3601 5095 Filio

2036 5134 2255 5197 testari,
2285 5133 2391 5187 nisi
2417 5132 2593 5203 ipsius
2625 5131 2880 5186 Patrem?
2905 5164 2977 5173 --
3000 5134 3241 5204 Apparet
3266 5149 3484 5202 quoque
3512 5134 3601 5186 hic

2042 5239 2206 5293 quam
2264 5231 2579 5277 accuratum
2635 5222 2706 5277 sit
2750 5221 2843 5276 Dei
2879 5221 3188 5291 judicium;
3246 5238 3353 5276 non
3404 5238 3599 5279 omnes

2029 5315 2174 5369 enim
2208 5313 2643 5369 misericordiam
2682 5312 2774 5367 Dei
2805 5321 3234 5384 consequentur,
3269 5314 3364 5370 sed
3399 5314 3437 5369 ii
3464 5321 3590 5370 tan-

2028 5414 2166 5466 tum,
2198 5406 2290 5476 qui
2323 5422 2471 5476 spem
2498 5421 2653 5460 suam
2692 5404 2747 5458 in
2774 5420 2896 5459 eum
2932 5407 3235 5475 posuerint.

2090 5622 2257 5676 Vcns.
2299 5625 2382 5678 l7.
2439 5625 2671 5690 Quando
2718 5625 2886 5686 enim,
2935 5624 3130 5693 inquit,
3178 5625 3453 5678 dmmones
3499 5636 3592 5678 co—

2020 5714 2206 5769 luistis
2238 5715 2302 5767 ad
2333 5717 2684 5784 (lcpcllcndas
2728 5718 3068 5771 calamitates
3096 5725 3329 5779 vestras,
3359 5724 3413 5769 et
3433 5729 3595 5771 vanae

2025 5809 2153 5863 huic
2204 5810 2317 5878 ει)ρί
2369 5811 2695 5875 conﬁdistis,
2733 5814 2924 5869 sciatis
2950 5828 3048 5867 vos
3082 5812 3215 5866 nihil
3252 5825 3439 5867 eorum
3467 5821 3594 5878 qua:
