  <div class='ocr_page' id='page_1' title='image "/cluster/home/n/w/nwhite01/storage/ocr_20150623/18/coo.31924054872985/673.png"; bbox 0 0 4138 6478; ppageno 0'>
   <div class='ocr_carea' id='block_1_1' title="bbox 480 424 616 480">
    <p class='ocr_par' dir='ltr' id='par_1_1' title="bbox 480 424 616 480">
     <span class='ocr_line' id='line_1_1' title="bbox 480 424 616 480; baseline -0.007 -2"><span class='ocrx_word' id='word_1_1' title='bbox 480 424 616 480; x_wconf 75' lang='lat' dir='ltr'><strong>i519</strong></span> 
     </span>
    </p>
   </div>
   <div class='ocr_carea' id='block_1_2' title="bbox 477 543 633 599">
    <p class='ocr_par' dir='ltr' id='par_1_2' title="bbox 477 543 633 599">
     <span class='ocr_line' id='line_1_2' title="bbox 477 543 633 599; baseline -0.013 0"><span class='ocrx_word' id='word_1_2' title='bbox 477 543 633 599; x_wconf 83' lang='lat' dir='ltr'><strong>vobis</strong></span> 
     </span>
    </p>
   </div>
   <div class='ocr_carea' id='block_1_3' title="bbox 479 630 1239 703">
    <p class='ocr_par' dir='ltr' id='par_1_3' title="bbox 479 630 1239 703">
     <span class='ocr_line' id='line_1_3' title="bbox 479 630 1239 703; baseline -0.009 -13"><span class='ocrx_word' id='word_1_3' title='bbox 479 643 653 690; x_wconf 88' lang='lat' dir='ltr'><strong>morte</strong></span> <span class='ocrx_word' id='word_1_4' title='bbox 685 630 1071 703; x_wconf 77' lang='lat' dir='ltr'><strong>apprimendos</strong></span> <span class='ocrx_word' id='word_1_5' title='bbox 1096 644 1239 684; x_wconf 88' lang='lat' dir='ltr'><strong>esse.</strong></span> 
     </span>
    </p>
   </div>
   <div class='ocr_carea' id='block_1_4' title="bbox 548 717 2050 786">
    <p class='ocr_par' dir='ltr' id='par_1_4' title="bbox 548 717 2050 786">
     <span class='ocr_line' id='line_1_4' title="bbox 548 717 2050 786; baseline -0.009 -8"><span class='ocrx_word' id='word_1_6' title='bbox 548 722 716 778; x_wconf 72' lang='lat' dir='ltr'><strong>Vens.</strong></span> <span class='ocrx_word' id='word_1_7' title='bbox 745 721 829 776; x_wconf 80' lang='grc'><strong>19.</strong></span> <span class='ocrx_word' id='word_1_8' title='bbox 877 720 975 774; x_wconf 89' lang='lat' dir='ltr'><strong>llic</strong></span> <span class='ocrx_word' id='word_1_9' title='bbox 1021 717 1395 773; x_wconf 81' lang='lat' dir='ltr'><strong>misericordia</strong></span> <span class='ocrx_word' id='word_1_10' title='bbox 1425 722 1703 786; x_wconf 89' lang='lat' dir='ltr'><strong>permotus</strong></span> <span class='ocrx_word' id='word_1_11' title='bbox 1743 721 2007 783; x_wconf 83' lang='lat' dir='ltr'><strong>prepneta</strong></span> <span class='ocrx_word' id='word_1_12' title='bbox 2035 751 2050 774; x_wconf 92' lang='lat'><strong>,</strong></span> 
     </span>
    </p>
   </div>
   <div class='ocr_carea' id='block_1_5' title="bbox 478 807 2051 867">
    <p class='ocr_par' dir='ltr' id='par_1_5' title="bbox 478 807 2051 867">
     <span class='ocr_line' id='line_1_5' title="bbox 478 807 2051 867; baseline -0.007 -1"><span class='ocrx_word' id='word_1_13' title='bbox 478 821 532 867; x_wconf 87' lang='lat' dir='ltr'><strong>et</strong></span> <span class='ocrx_word' id='word_1_14' title='bbox 560 811 900 866; x_wconf 77' lang='lat' dir='ltr'><strong>calamitates</strong></span> <span class='ocrx_word' id='word_1_15' title='bbox 941 808 1261 864; x_wconf 74' lang='lat' dir='ltr'><strong>recordatus</strong></span> <span class='ocrx_word' id='word_1_16' title='bbox 1291 807 1397 862; x_wconf 88' lang='lat' dir='ltr'><strong>illis</strong></span> <span class='ocrx_word' id='word_1_17' title='bbox 1430 807 1796 866; x_wconf 84' lang='lat' dir='ltr'><strong>imminentes,</strong></span> <span class='ocrx_word' id='word_1_18' title='bbox 1822 818 2051 857; x_wconf 87' lang='lat' dir='ltr'><strong>monen-</strong></span> 
     </span>
    </p>
   </div>
   <div class='ocr_carea' id='block_1_6' title="bbox 477 894 2048 970">
    <p class='ocr_par' dir='ltr' id='par_1_6' title="bbox 477 894 2048 970">
     <span class='ocr_line' id='line_1_6' title="bbox 477 894 2048 970; baseline -0.007 -13"><span class='ocrx_word' id='word_1_19' title='bbox 477 903 577 957; x_wconf 86' lang='lat' dir='ltr'><strong>dos</strong></span> <span class='ocrx_word' id='word_1_20' title='bbox 606 917 701 957; x_wconf 90' lang='lat' dir='ltr'><strong>eos</strong></span> <span class='ocrx_word' id='word_1_21' title='bbox 740 902 1001 970; x_wconf 79' lang='lat' dir='ltr'><strong>suscipit,</strong></span> <span class='ocrx_word' id='word_1_22' title='bbox 1035 908 1092 953; x_wconf 91' lang='lat' dir='ltr'><strong>ut</strong></span> <span class='ocrx_word' id='word_1_23' title='bbox 1128 914 1275 953; x_wconf 90' lang='lat' dir='ltr'><strong>nunc</strong></span> <span class='ocrx_word' id='word_1_24' title='bbox 1315 898 1608 968; x_wconf 72' lang='lat' dir='ltr'><strong>prudenter</strong></span> <span class='ocrx_word' id='word_1_25' title='bbox 1651 894 1908 961; x_wconf 83' lang='lat' dir='ltr'><strong>audiant;</strong></span> <span class='ocrx_word' id='word_1_26' title='bbox 1941 910 2048 948; x_wconf 84' lang='lat' dir='ltr'><strong>non</strong></span> 
     </span>
    </p>
   </div>
   <div class='ocr_carea' id='block_1_7' title="bbox 478 990 2048 1065">
    <p class='ocr_par' dir='ltr' id='par_1_7' title="bbox 478 990 2048 1065">
     <span class='ocr_line' id='line_1_7' title="bbox 478 990 2048 1065; baseline -0.004 -16"><span class='ocrx_word' id='word_1_27' title='bbox 478 995 623 1050; x_wconf 89' lang='lat' dir='ltr'><strong>enim</strong></span> <span class='ocrx_word' id='word_1_28' title='bbox 657 994 768 1049; x_wconf 85' lang='lat' dir='ltr'><strong>ﬁeri</strong></span> <span class='ocrx_word' id='word_1_29' title='bbox 804 1003 1004 1065; x_wconf 83' lang='lat' dir='ltr'><strong>potest,</strong></span> <span class='ocrx_word' id='word_1_30' title='bbox 1036 1000 1096 1047; x_wconf 91' lang='lat' dir='ltr'><strong>ut</strong></span> <span class='ocrx_word' id='word_1_31' title='bbox 1129 994 1294 1047; x_wconf 87' lang='lat' dir='ltr'><strong>tantis</strong></span> <span class='ocrx_word' id='word_1_32' title='bbox 1339 991 1690 1062; x_wconf 78' lang='lat' dir='ltr'><strong>voraginibus</strong></span> <span class='ocrx_word' id='word_1_33' title='bbox 1738 990 2048 1053; x_wconf 87' lang='lat' dir='ltr'><strong>submersi,</strong></span> 
     </span>
    </p>
   </div>
   <div class='ocr_carea' id='block_1_8' title="bbox 479 1083 2049 1159">
    <p class='ocr_par' dir='ltr' id='par_1_8' title="bbox 479 1083 2049 1159">
     <span class='ocr_line' id='line_1_8' title="bbox 479 1083 2049 1159; baseline -0.004 -18"><span class='ocrx_word' id='word_1_34' title='bbox 479 1090 647 1143; x_wconf 86' lang='lat' dir='ltr'><strong>tantis</strong></span> <span class='ocrx_word' id='word_1_35' title='bbox 669 1088 916 1159; x_wconf 87' lang='lat' dir='ltr'><strong>oppressi</strong></span> <span class='ocrx_word' id='word_1_36' title='bbox 943 1084 1367 1147; x_wconf 82' lang='lat' dir='ltr'><strong>calamitatibus,</strong></span> <span class='ocrx_word' id='word_1_37' title='bbox 1391 1083 1500 1138; x_wconf 84' lang='lat' dir='ltr'><strong>Deo</strong></span> <span class='ocrx_word' id='word_1_38' title='bbox 1526 1083 1880 1148; x_wconf 86' lang='lat' dir='ltr'><strong>resistamus;</strong></span> <span class='ocrx_word' id='word_1_39' title='bbox 1918 1089 2049 1135; x_wconf 92' lang='lat' dir='ltr'><strong>tunc</strong></span> 
     </span>
    </p>
   </div>
   <div class='ocr_carea' id='block_1_9' title="bbox 478 1175 2051 1248">
    <p class='ocr_par' dir='ltr' id='par_1_9' title="bbox 478 1175 2051 1248">
     <span class='ocr_line' id='line_1_9' title="bbox 478 1175 2051 1248; baseline -0.004 -14"><span class='ocrx_word' id='word_1_40' title='bbox 478 1184 621 1235; x_wconf 89' lang='lat' dir='ltr'><strong>enim</strong></span> <span class='ocrx_word' id='word_1_41' title='bbox 657 1196 755 1235; x_wconf 90' lang='lat' dir='ltr'><strong>nec</strong></span> <span class='ocrx_word' id='word_1_42' title='bbox 780 1188 994 1237; x_wconf 90' lang='lat' dir='ltr'><strong>nosmet</strong></span> <span class='ocrx_word' id='word_1_43' title='bbox 1030 1179 1177 1248; x_wconf 87' lang='lat' dir='ltr'><strong>ipsos</strong></span> <span class='ocrx_word' id='word_1_44' title='bbox 1204 1191 1421 1232; x_wconf 86' lang='lat' dir='ltr'><strong>movere</strong></span> <span class='ocrx_word' id='word_1_45' title='bbox 1456 1175 1779 1240; x_wconf 80' lang='lat' dir='ltr'><strong>valebimus,</strong></span> <span class='ocrx_word' id='word_1_46' title='bbox 1811 1176 1915 1230; x_wconf 88' lang='lat' dir='ltr'><strong>nisi</strong></span> <span class='ocrx_word' id='word_1_47' title='bbox 1948 1176 2051 1229; x_wconf 86' lang='lat' dir='ltr'><strong>itu-</strong></span> 
     </span>
    </p>
   </div>
   <div class='ocr_carea' id='block_1_10' title="bbox 476 1272 868 1342">
    <p class='ocr_par' dir='ltr' id='par_1_10' title="bbox 476 1272 868 1342">
     <span class='ocr_line' id='line_1_10' title="bbox 476 1272 868 1342; baseline -0.01 -14"><span class='ocrx_word' id='word_1_48' title='bbox 476 1274 711 1342; x_wconf 86' lang='lat' dir='ltr'><strong>pellente</strong></span> <span class='ocrx_word' id='word_1_49' title='bbox 740 1272 868 1326; x_wconf 90' lang='lat' dir='ltr'><strong>Deo.</strong></span> 
     </span>
    </p>
   </div>
   <div class='ocr_carea' id='block_1_11' title="bbox 544 1450 2048 1521">
    <p class='ocr_par' dir='ltr' id='par_1_11' title="bbox 544 1450 2048 1521">
     <span class='ocr_line' id='line_1_11' title="bbox 544 1450 2048 1521; baseline -0.001 -14"><span class='ocrx_word' id='word_1_50' title='bbox 544 1452 707 1507; x_wconf 74' lang='lat' dir='ltr'><strong>Vens.</strong></span> <span class='ocrx_word' id='word_1_51' title='bbox 741 1452 831 1505; x_wconf 73' lang='lat'><strong>21.</strong></span> <span class='ocrx_word' id='word_1_52' title='bbox 880 1454 1017 1505; x_wconf 87' lang='lat' dir='ltr'><strong>Iram</strong></span> <span class='ocrx_word' id='word_1_53' title='bbox 1059 1450 1152 1505; x_wconf 90' lang='lat' dir='ltr'><strong>Det</strong></span> <span class='ocrx_word' id='word_1_54' title='bbox 1204 1465 1328 1504; x_wconf 93' lang='lat' dir='ltr'><strong>cum</strong></span> <span class='ocrx_word' id='word_1_55' title='bbox 1373 1457 1557 1506; x_wconf 87' lang='lat' dir='ltr'><strong>ntonte</strong></span> <span class='ocrx_word' id='word_1_56' title='bbox 1584 1466 1880 1521; x_wconf 78' lang='lat' dir='ltr'><strong>impiorum</strong></span> <span class='ocrx_word' id='word_1_57' title='bbox 1915 1466 2048 1507; x_wconf 86' lang='lat' dir='ltr'><strong>con-</strong></span> 
     </span>
    </p>
   </div>
   <div class='ocr_carea' id='block_1_12' title="bbox 478 1542 2090 1611">
    <p class='ocr_par' dir='ltr' id='par_1_12' title="bbox 478 1542 2090 1611">
     <span class='ocr_line' id='line_1_12' title="bbox 478 1542 2090 1611; baseline 0.001 -14"><span class='ocrx_word' id='word_1_58' title='bbox 478 1544 621 1608; x_wconf 81' lang='lat' dir='ltr'><strong>fert,</strong></span> <span class='ocrx_word' id='word_1_59' title='bbox 656 1544 709 1596; x_wconf 90' lang='lat' dir='ltr'><strong>in</strong></span> <span class='ocrx_word' id='word_1_60' title='bbox 739 1558 798 1597; x_wconf 88' lang='lat' dir='ltr'><strong>se</strong></span> <span class='ocrx_word' id='word_1_61' title='bbox 823 1542 1051 1597; x_wconf 86' lang='lat' dir='ltr'><strong>invicem</strong></span> <span class='ocrx_word' id='word_1_62' title='bbox 1089 1543 1555 1611; x_wconf 82' lang='lat' dir='ltr'><strong>consurgentium.</strong></span> <span class='ocrx_word' id='word_1_63' title='bbox 1600 1543 1754 1607; x_wconf 80' lang='lat' dir='ltr'><strong>Quod</strong></span> <span class='ocrx_word' id='word_1_64' title='bbox 1783 1545 1830 1599; x_wconf 90' lang='lat' dir='ltr'><strong>si</strong></span> <span class='ocrx_word' id='word_1_65' title='bbox 1866 1543 2049 1599; x_wconf 82' lang='lat' dir='ltr'><strong>furere</strong></span> <span class='ocrx_word' id='word_1_66' title='bbox 2083 1555 2090 1565; x_wconf 84' lang='lat'>‘</span> 
     </span>
    </p>
   </div>
   <div class='ocr_carea' id='block_1_13' title="bbox 477 1631 2049 1701">
    <p class='ocr_par' dir='ltr' id='par_1_13' title="bbox 477 1631 2049 1701">
     <span class='ocr_line' id='line_1_13' title="bbox 477 1631 2049 1701; baseline 0.001 -14"><span class='ocrx_word' id='word_1_67' title='bbox 477 1634 694 1697; x_wconf 88' lang='lat' dir='ltr'><strong>dicitur,</strong></span> <span class='ocrx_word' id='word_1_68' title='bbox 718 1644 770 1688; x_wconf 84' lang='lat' dir='ltr'><strong>et</strong></span> <span class='ocrx_word' id='word_1_69' title='bbox 808 1631 1189 1688; x_wconf 87' lang='lat' dir='ltr'><strong>amaritudinis</strong></span> <span class='ocrx_word' id='word_1_70' title='bbox 1210 1647 1351 1701; x_wconf 85' lang='lat' dir='ltr'><strong>opus</strong></span> <span class='ocrx_word' id='word_1_71' title='bbox 1388 1632 1586 1696; x_wconf 80' lang='lat' dir='ltr'><strong>facere,</strong></span> <span class='ocrx_word' id='word_1_72' title='bbox 1611 1649 1681 1687; x_wconf 92' lang='lat' dir='ltr'><strong>ne</strong></span> <span class='ocrx_word' id='word_1_73' title='bbox 1706 1634 1912 1689; x_wconf 86' lang='lat' dir='ltr'><strong>idcirco</strong></span> <span class='ocrx_word' id='word_1_74' title='bbox 1943 1633 2049 1689; x_wconf 87' lang='lat' dir='ltr'><strong>Do-</strong></span> 
     </span>
    </p>
   </div>
   <div class='ocr_carea' id='block_1_14' title="bbox 476 1724 2046 1796">
    <p class='ocr_par' dir='ltr' id='par_1_14' title="bbox 476 1724 2046 1796">
     <span class='ocr_line' id='line_1_14' title="bbox 476 1724 2046 1796; baseline 0.002 -18"><span class='ocrx_word' id='word_1_75' title='bbox 476 1726 680 1779; x_wconf 88' lang='lat' dir='ltr'><strong>minum</strong></span> <span class='ocrx_word' id='word_1_76' title='bbox 705 1727 961 1780; x_wconf 88' lang='lat' dir='ltr'><strong>incuses:</strong></span> <span class='ocrx_word' id='word_1_77' title='bbox 994 1739 1110 1778; x_wconf 91' lang='lat' dir='ltr'><strong>non</strong></span> <span class='ocrx_word' id='word_1_78' title='bbox 1168 1725 1313 1779; x_wconf 88' lang='lat' dir='ltr'><strong>enim</strong></span> <span class='ocrx_word' id='word_1_79' title='bbox 1361 1724 1545 1781; x_wconf 82' lang='lat' dir='ltr'><strong>furore</strong></span> <span class='ocrx_word' id='word_1_80' title='bbox 1590 1726 1826 1796; x_wconf 79' lang='lat' dir='ltr'><strong>agitatur</strong></span> <span class='ocrx_word' id='word_1_81' title='bbox 1864 1726 2046 1792; x_wconf 89' lang='lat' dir='ltr'><strong>Deus,</strong></span> 
     </span>
    </p>
   </div>
   <div class='ocr_carea' id='block_1_15' title="bbox 473 1817 2043 1874">
    <p class='ocr_par' dir='ltr' id='par_1_15' title="bbox 473 1817 2043 1874">
     <span class='ocr_line' id='line_1_15' title="bbox 473 1817 2043 1874; baseline 0.001 -3"><span class='ocrx_word' id='word_1_82' title='bbox 473 1833 595 1871; x_wconf 89' lang='lat' dir='ltr'><strong>cum</strong></span> <span class='ocrx_word' id='word_1_83' title='bbox 629 1828 825 1870; x_wconf 85' lang='lat' dir='ltr'><strong>natura</strong></span> <span class='ocrx_word' id='word_1_84' title='bbox 861 1817 1120 1872; x_wconf 90' lang='lat' dir='ltr'><strong>immotus</strong></span> <span class='ocrx_word' id='word_1_85' title='bbox 1153 1825 1435 1872; x_wconf 88' lang='lat' dir='ltr'><strong>remaneat</strong></span> <span class='ocrx_word' id='word_1_86' title='bbox 1476 1826 1531 1873; x_wconf 89' lang='lat' dir='ltr'><strong>et</strong></span> <span class='ocrx_word' id='word_1_87' title='bbox 1574 1818 1789 1874; x_wconf 77' lang='lat' dir='ltr'><strong>all‘ectu.</strong></span> <span class='ocrx_word' id='word_1_88' title='bbox 1823 1818 2043 1873; x_wconf 79' lang='lat' dir='ltr'><strong>Amari-</strong></span> 
     </span>
    </p>
   </div>
   <div class='ocr_carea' id='block_1_16' title="bbox 1657 406 2573 467">
    <p class='ocr_par' dir='ltr' id='par_1_16' title="bbox 1657 406 2573 467">
     <span class='ocr_line' id='line_1_16' title="bbox 1657 406 2573 467; baseline 0.001 -1"><span class='ocrx_word' id='word_1_89' title='bbox 1657 408 2008 466; x_wconf 74' lang='lat' dir='ltr'><strong>THEODORI</strong></span> <span class='ocrx_word' id='word_1_90' title='bbox 2049 406 2573 467; x_wconf 80' lang='lat' dir='ltr'><strong>HERACLEENSIS</strong></span> 
     </span>
    </p>
   </div>
   <div class='ocr_carea' id='block_1_17' title="bbox 714 526 2045 604">
    <p class='ocr_par' dir='ltr' id='par_1_17' title="bbox 714 534 2045 604">
     <span class='ocr_line' id='line_1_17' title="bbox 714 534 2045 604; baseline -0.011 -9"><span class='ocrx_word' id='word_1_91' title='bbox 714 539 997 595; x_wconf 89' lang='lat' dir='ltr'><strong>imminent</strong></span> <span class='ocrx_word' id='word_1_92' title='bbox 1049 534 1373 604; x_wconf 83' lang='lat' dir='ltr'><strong>vitaturos,|</strong></span> <span class='ocrx_word' id='word_1_93' title='bbox 1421 540 1740 603; x_wconf 87' lang='lat' dir='ltr'><strong>tempestate</strong></span> <span class='ocrx_word' id='word_1_94' title='bbox 1799 545 1928 586; x_wconf 85' lang='lat' dir='ltr'><strong>vero</strong></span> <span class='ocrx_word' id='word_1_95' title='bbox 1995 536 2045 582; x_wconf 91' lang='lat' dir='ltr'><strong>et</strong></span> 
     </span>
    </p>
   </div>
   <div class='ocr_carea' id='block_1_18' title="bbox 2147 526 3727 604">
    <p class='ocr_par' dir='ltr' id='par_1_18' title="bbox 2153 526 3727 599">
     <span class='ocr_line' id='line_1_18' title="bbox 2153 526 3727 599; baseline 0 -19"><span class='ocrx_word' id='word_1_96' title='bbox 2153 528 2302 581; x_wconf 73' lang='grc' dir='ltr'>οὐδὲν</span> <span class='ocrx_word' id='word_1_97' title='bbox 2328 529 2437 583; x_wconf 87' lang='grc' dir='ltr'><strong>τῶν</strong></span> <span class='ocrx_word' id='word_1_98' title='bbox 2473 529 2828 599; x_wconf 78' lang='grc' dir='ltr'><strong>ἐπαγομένων</strong></span> <span class='ocrx_word' id='word_1_99' title='bbox 2863 526 3235 598; x_wconf 77' lang='grc' dir='ltr'>διαφεύξεσθε,</span> <span class='ocrx_word' id='word_1_100' title='bbox 3263 530 3329 599; x_wconf 82' lang='grc' dir='ltr'>τῇ</span> <span class='ocrx_word' id='word_1_101' title='bbox 3366 544 3431 593; x_wconf 56' lang='grc' dir='ltr'><strong>τε,</strong></span> <span class='ocrx_word' id='word_1_102' title='bbox 3452 526 3727 598; x_wconf 87' lang='grc' dir='ltr'>καταιγίδι</span> 
     </span>
    </p>
   </div>
   <div class='ocr_carea' id='block_1_19' title="bbox 3591 410 3730 466">
    <p class='ocr_par' dir='ltr' id='par_1_19' title="bbox 3591 410 3730 466">
     <span class='ocr_line' id='line_1_19' title="bbox 3591 410 3730 466; baseline 0 -1"><span class='ocrx_word' id='word_1_103' title='bbox 3591 410 3730 466; x_wconf 73' lang='grc'><strong>1520</strong></span> 
     </span>
    </p>
   </div>
   <div class='ocr_carea' id='block_1_20' title="bbox 2156 619 3066 693">
    <p class='ocr_par' dir='ltr' id='par_1_20' title="bbox 2156 619 3066 693">
     <span class='ocr_line' id='line_1_20' title="bbox 2156 619 3066 693; baseline 0.001 -20"><span class='ocrx_word' id='word_1_104' title='bbox 2156 621 2247 673; x_wconf 77' lang='grc' dir='ltr'><strong>καὶ</strong></span> <span class='ocrx_word' id='word_1_105' title='bbox 2270 619 2348 691; x_wconf 82' lang='grc' dir='ltr'>τῷ</span> <span class='ocrx_word' id='word_1_106' title='bbox 2374 619 2587 692; x_wconf 79' lang='grc' dir='ltr'><strong>θανάτῳ</strong></span> <span class='ocrx_word' id='word_1_107' title='bbox 2617 621 3066 693; x_wconf 83' lang='grc' dir='ltr'>ὑποϐαλλόμενοι.</span> 
     </span>
    </p>
   </div>
   <div class='ocr_carea' id='block_1_21' title="bbox 2222 713 3727 784">
    <p class='ocr_par' dir='ltr' id='par_1_21' title="bbox 2222 713 3727 784">
     <span class='ocr_line' id='line_1_21' title="bbox 2222 713 3727 784; baseline 0.001 -20"><span class='ocrx_word' id='word_1_108' title='bbox 2222 713 2318 776; x_wconf 78' lang='lat' dir='ltr'><strong>Ei;</strong></span> <span class='ocrx_word' id='word_1_109' title='bbox 2374 714 2714 784; x_wconf 76' lang='grc' dir='ltr'><strong>συμπάθειαν</strong></span> <span class='ocrx_word' id='word_1_110' title='bbox 2765 713 3138 784; x_wconf 80' lang='grc' dir='ltr'>ὲπικαμφθεὶς</span> <span class='ocrx_word' id='word_1_111' title='bbox 3192 713 3221 765; x_wconf 88' lang='grc' dir='ltr'>ὁ</span> <span class='ocrx_word' id='word_1_112' title='bbox 3275 714 3583 782; x_wconf 83' lang='grc' dir='ltr'>προφήτης,</span> <span class='ocrx_word' id='word_1_113' title='bbox 3631 713 3727 767; x_wconf 73' lang='grc' dir='ltr'><strong>καὶ</strong></span> 
     </span>
    </p>
   </div>
   <div class='ocr_carea' id='block_1_22' title="bbox 2154 801 3724 875">
    <p class='ocr_par' dir='ltr' id='par_1_22' title="bbox 2154 801 3724 875">
     <span class='ocr_line' id='line_1_22' title="bbox 2154 801 3724 875; baseline 0.002 -21"><span class='ocrx_word' id='word_1_114' title='bbox 2154 801 2294 854; x_wconf 77' lang='grc' dir='ltr'>κατὰ</span> <span class='ocrx_word' id='word_1_115' title='bbox 2313 802 2435 855; x_wconf 90' lang='grc' dir='ltr'>νοῦν</span> <span class='ocrx_word' id='word_1_116' title='bbox 2458 802 2637 856; x_wconf 89' lang='grc' dir='ltr'>λαϐὼν</span> <span class='ocrx_word' id='word_1_117' title='bbox 2663 803 2731 857; x_wconf 78' lang='grc' dir='ltr'>τὰ</span> <span class='ocrx_word' id='word_1_118' title='bbox 2777 804 3035 875; x_wconf 80' lang='grc' dir='ltr'>μέλλοντα</span> <span class='ocrx_word' id='word_1_119' title='bbox 3069 805 3265 867; x_wconf 75' lang='grc' dir='ltr'>αὐτοὺς</span> <span class='ocrx_word' id='word_1_120' title='bbox 3293 802 3724 875; x_wconf 73' lang='grc' dir='ltr'><strong>καταλήψεσθαι,</strong></span> 
     </span>
    </p>
   </div>
   <div class='ocr_carea' id='block_1_23' title="bbox 2156 893 3725 968">
    <p class='ocr_par' dir='ltr' id='par_1_23' title="bbox 2156 893 3725 968">
     <span class='ocr_line' id='line_1_23' title="bbox 2156 893 3725 968; baseline 0.002 -24"><span class='ocrx_word' id='word_1_121' title='bbox 2156 893 2539 965; x_wconf 84' lang='grc' dir='ltr'>συμϐουλεύειν</span> <span class='ocrx_word' id='word_1_122' title='bbox 2584 894 2853 968; x_wconf 79' lang='grc' dir='ltr'><strong>προήχθη,</strong></span> <span class='ocrx_word' id='word_1_123' title='bbox 2912 896 2992 950; x_wconf 86' lang='grc' dir='ltr'>ὅτι</span> <span class='ocrx_word' id='word_1_124' title='bbox 3033 895 3152 949; x_wconf 87' lang='grc' dir='ltr'><strong>Κᾶν</strong></span> <span class='ocrx_word' id='word_1_125' title='bbox 3196 895 3290 948; x_wconf 86' lang='grc' dir='ltr'><strong>νῦν</strong></span> <span class='ocrx_word' id='word_1_126' title='bbox 3344 896 3474 965; x_wconf 87' lang='grc' dir='ltr'>γοῦν</span> <span class='ocrx_word' id='word_1_127' title='bbox 3511 894 3725 949; x_wconf 81' lang='grc' dir='ltr'>συνέσει</span> 
     </span>
    </p>
   </div>
   <div class='ocr_carea' id='block_1_24' title="bbox 2152 982 3728 1060">
    <p class='ocr_par' dir='ltr' id='par_1_24' title="bbox 2152 982 3728 1060">
     <span class='ocr_line' id='line_1_24' title="bbox 2152 982 3728 1060; baseline 0.001 -21"><span class='ocrx_word' id='word_1_128' title='bbox 2152 987 2452 1040; x_wconf 80' lang='grc' dir='ltr'>ἀκούσατε·</span> <span class='ocrx_word' id='word_1_129' title='bbox 2503 988 2624 1040; x_wconf 78' lang='grc' dir='ltr'>οὐδὲ</span> <span class='ocrx_word' id='word_1_130' title='bbox 2684 988 2795 1060; x_wconf 84' lang='grc' dir='ltr'><strong>γὰρ</strong></span> <span class='ocrx_word' id='word_1_131' title='bbox 2846 982 2955 1042; x_wconf 75' lang='grc' dir='ltr'>οἶόν</span> <span class='ocrx_word' id='word_1_132' title='bbox 3005 989 3065 1043; x_wconf 86' lang='grc' dir='ltr'><strong>τέ</strong></span> <span class='ocrx_word' id='word_1_133' title='bbox 3115 992 3286 1052; x_wconf 78' lang='grc' dir='ltr'>ἐστιν,</span> <span class='ocrx_word' id='word_1_134' title='bbox 3340 990 3420 1052; x_wconf 87' lang='grc' dir='ltr'>εἰς</span> <span class='ocrx_word' id='word_1_135' title='bbox 3477 986 3728 1042; x_wconf 84' lang='grc' dir='ltr'>τοσοῦτον</span> 
     </span>
    </p>
   </div>
   <div class='ocr_carea' id='block_1_25' title="bbox 2154 1061 3727 1151">
    <p class='ocr_par' dir='ltr' id='par_1_25' title="bbox 2154 1061 3727 1151">
     <span class='ocr_line' id='line_1_25' title="bbox 2154 1061 3727 1151; baseline 0.001 -21"><span class='ocrx_word' id='word_1_136' title='bbox 2154 1061 2310 1148; x_wconf 58' lang='lat' dir='ltr'><strong>etiam</strong></span> <span class='ocrx_word' id='word_1_137' title='bbox 2354 1078 2499 1149; x_wconf 80' lang='grc' dir='ltr'>ὑμᾶς</span> <span class='ocrx_word' id='word_1_138' title='bbox 2539 1078 2724 1133; x_wconf 84' lang='grc' dir='ltr'>κακῶν</span> <span class='ocrx_word' id='word_1_139' title='bbox 2764 1080 3123 1151; x_wconf 80' lang='grc' dir='ltr'>ἐμπεσόντας,</span> <span class='ocrx_word' id='word_1_140' title='bbox 3161 1081 3255 1134; x_wconf 80' lang='grc' dir='ltr'><strong>καὶ</strong></span> <span class='ocrx_word' id='word_1_141' title='bbox 3289 1078 3727 1150; x_wconf 81' lang='grc' dir='ltr'>στενοχωρουμέ-</span> 
     </span>
    </p>
   </div>
   <div class='ocr_carea' id='block_1_26' title="bbox 2151 1169 3728 1241">
    <p class='ocr_par' dir='ltr' id='par_1_26' title="bbox 2151 1169 3728 1241">
     <span class='ocr_line' id='line_1_26' title="bbox 2151 1169 3728 1241; baseline -0.001 -19"><span class='ocrx_word' id='word_1_142' title='bbox 2151 1186 2274 1232; x_wconf 85' lang='grc' dir='ltr'>νους</span> <span class='ocrx_word' id='word_1_143' title='bbox 2320 1172 2439 1232; x_wconf 88' lang='grc' dir='ltr'>ταῖς</span> <span class='ocrx_word' id='word_1_144' title='bbox 2473 1172 2798 1240; x_wconf 83' lang='grc' dir='ltr'>συμφοραῖς,</span> <span class='ocrx_word' id='word_1_145' title='bbox 2843 1170 3195 1225; x_wconf 85' lang='grc' dir='ltr'>ἀνθίστασθαι</span> <span class='ocrx_word' id='word_1_146' title='bbox 3234 1170 3370 1241; x_wconf 70' lang='grc' dir='ltr'>Θεῷ·</span> <span class='ocrx_word' id='word_1_147' title='bbox 3413 1170 3572 1224; x_wconf 82' lang='grc' dir='ltr'>ὁπότε</span> <span class='ocrx_word' id='word_1_148' title='bbox 3607 1169 3728 1222; x_wconf 80' lang='grc' dir='ltr'>οὐδὲ</span> 
     </span>
    </p>
   </div>
   <div class='ocr_carea' id='block_1_27' title="bbox 2153 1260 3726 1333">
    <p class='ocr_par' dir='ltr' id='par_1_27' title="bbox 2153 1260 3726 1333">
     <span class='ocr_line' id='line_1_27' title="bbox 2153 1260 3726 1333; baseline -0.001 -18"><span class='ocrx_word' id='word_1_149' title='bbox 2153 1260 2445 1333; x_wconf 80' lang='grc' dir='ltr'>ίσχόσομεν</span> <span class='ocrx_word' id='word_1_150' title='bbox 2509 1262 2736 1327; x_wconf 82' lang='grc' dir='ltr'>ἑαυτοὺς</span> <span class='ocrx_word' id='word_1_151' title='bbox 2803 1262 3026 1330; x_wconf 80' lang='grc' dir='ltr'>συνάξαι</span> <span class='ocrx_word' id='word_1_152' title='bbox 3083 1262 3212 1316; x_wconf 78' lang='grc' dir='ltr'>ἄνευ</span> <span class='ocrx_word' id='word_1_153' title='bbox 3267 1265 3367 1333; x_wconf 82' lang='grc' dir='ltr'>τῆς</span> <span class='ocrx_word' id='word_1_154' title='bbox 3435 1261 3530 1315; x_wconf 86' lang='grc' dir='ltr'><strong>τοῦ</strong></span> <span class='ocrx_word' id='word_1_155' title='bbox 3591 1260 3726 1314; x_wconf 88' lang='grc' dir='ltr'><strong>Θεοῦ</strong></span> 
     </span>
    </p>
   </div>
   <div class='ocr_carea' id='block_1_28' title="bbox 2151 1354 2344 1425">
    <p class='ocr_par' dir='ltr' id='par_1_28' title="bbox 2151 1354 2344 1425">
     <span class='ocr_line' id='line_1_28' title="bbox 2151 1354 2344 1425; baseline 0.01 -20"><span class='ocrx_word' id='word_1_156' title='bbox 2151 1354 2344 1425; x_wconf 73' lang='grc' dir='ltr'>ῥοπῆς.</span> 
     </span>
    </p>
   </div>
   <div class='ocr_carea' id='block_1_29' title="bbox 2224 1446 3726 1520">
    <p class='ocr_par' dir='ltr' id='par_1_29' title="bbox 2224 1446 3726 1520">
     <span class='ocr_line' id='line_1_29' title="bbox 2224 1446 3726 1520; baseline 0.001 -22"><span class='ocrx_word' id='word_1_157' title='bbox 2224 1446 2337 1518; x_wconf 86' lang='grc' dir='ltr'><strong>Τὴν</strong></span> <span class='ocrx_word' id='word_1_158' title='bbox 2368 1446 2518 1518; x_wconf 85' lang='grc' dir='ltr'>παρὰ</span> <span class='ocrx_word' id='word_1_159' title='bbox 2544 1447 2640 1500; x_wconf 89' lang='grc' dir='ltr'><strong>τοῦ</strong></span> <span class='ocrx_word' id='word_1_160' title='bbox 2672 1446 2806 1501; x_wconf 88' lang='grc' dir='ltr'><strong>Θεοῦ</strong></span> <span class='ocrx_word' id='word_1_161' title='bbox 2856 1447 3045 1519; x_wconf 86' lang='grc' dir='ltr'>ὀργὴν,</span> <span class='ocrx_word' id='word_1_162' title='bbox 3101 1448 3176 1511; x_wconf 86' lang='grc' dir='ltr'><strong>ὡς</strong></span> <span class='ocrx_word' id='word_1_163' title='bbox 3229 1450 3308 1512; x_wconf 80' lang='grc' dir='ltr'><strong>είς</strong></span> <span class='ocrx_word' id='word_1_164' title='bbox 3345 1448 3469 1520; x_wconf 79' lang='grc' dir='ltr'>ὅρος</span> <span class='ocrx_word' id='word_1_165' title='bbox 3514 1447 3726 1501; x_wconf 85' lang='grc' dir='ltr'>ἀσεϐῶν</span> 
     </span>
    </p>
   </div>
   <div class='ocr_carea' id='block_1_30' title="bbox 2150 1538 3725 1610">
    <p class='ocr_par' dir='ltr' id='par_1_30' title="bbox 2150 1538 3725 1610">
     <span class='ocr_line' id='line_1_30' title="bbox 2150 1538 3725 1610; baseline 0.001 -19"><span class='ocrx_word' id='word_1_166' title='bbox 2150 1539 2269 1591; x_wconf 86' lang='grc' dir='ltr'>κατ’</span> <span class='ocrx_word' id='word_1_167' title='bbox 2314 1538 2493 1591; x_wconf 76' lang='grc' dir='ltr'>αὐτῶν</span> <span class='ocrx_word' id='word_1_168' title='bbox 2538 1539 2890 1610; x_wconf 77' lang='grc' dir='ltr'>ἐπαγομένων</span> <span class='ocrx_word' id='word_1_169' title='bbox 2935 1539 3118 1609; x_wconf 83' lang='grc' dir='ltr'>δηλοῖ·</span> <span class='ocrx_word' id='word_1_170' title='bbox 3173 1538 3344 1610; x_wconf 90' lang='grc' dir='ltr'>θυμοῦ</span> <span class='ocrx_word' id='word_1_171' title='bbox 3375 1539 3432 1593; x_wconf 79' lang='grc' dir='ltr'>δὲ</span> <span class='ocrx_word' id='word_1_172' title='bbox 3491 1540 3725 1605; x_wconf 83' lang='grc' dir='ltr'>ἀκούων,</span> 
     </span>
    </p>
   </div>
   <div class='ocr_carea' id='block_1_31' title="bbox 2150 1630 3725 1703">
    <p class='ocr_par' dir='ltr' id='par_1_31' title="bbox 2150 1630 3725 1703">
     <span class='ocr_line' id='line_1_31' title="bbox 2150 1630 3725 1703; baseline 0.002 -21"><span class='ocrx_word' id='word_1_173' title='bbox 2150 1631 2243 1683; x_wconf 74' lang='grc' dir='ltr'><strong>καὶ</strong></span> <span class='ocrx_word' id='word_1_174' title='bbox 2294 1630 2517 1701; x_wconf 85' lang='grc' dir='ltr'>πικρίαν</span> <span class='ocrx_word' id='word_1_175' title='bbox 2573 1630 2740 1703; x_wconf 81' lang='grc' dir='ltr'>ὀργὴν</span> <span class='ocrx_word' id='word_1_176' title='bbox 2800 1630 2906 1701; x_wconf 79' lang='lat'><strong>(5),</strong></span> <span class='ocrx_word' id='word_1_177' title='bbox 2949 1632 3022 1702; x_wconf 79' lang='grc' dir='ltr'>μὴ</span> <span class='ocrx_word' id='word_1_178' title='bbox 3082 1630 3223 1684; x_wconf 73' lang='grc' dir='ltr'>κατὰ</span> <span class='ocrx_word' id='word_1_179' title='bbox 3296 1630 3388 1684; x_wconf 91' lang='grc' dir='ltr'><strong>τοῦ</strong></span> <span class='ocrx_word' id='word_1_180' title='bbox 3451 1632 3725 1685; x_wconf 87' lang='grc' dir='ltr'>Δεσπότου</span> 
     </span>
    </p>
   </div>
   <div class='ocr_carea' id='block_1_32' title="bbox 2149 1722 3725 1798">
    <p class='ocr_par' dir='ltr' id='par_1_32' title="bbox 2149 1722 3725 1798">
     <span class='ocr_line' id='line_1_32' title="bbox 2149 1722 3725 1798; baseline -0.001 -21"><span class='ocrx_word' id='word_1_181' title='bbox 2149 1726 2432 1798; x_wconf 82' lang='grc' dir='ltr'>γυμνάσῃς</span> <span class='ocrx_word' id='word_1_182' title='bbox 2469 1724 2702 1797; x_wconf 70' lang='grc' dir='ltr'>μέμψιν·</span> <span class='ocrx_word' id='word_1_183' title='bbox 2740 1723 2861 1778; x_wconf 78' lang='grc' dir='ltr'>οὐδὲ</span> <span class='ocrx_word' id='word_1_184' title='bbox 2911 1723 3018 1795; x_wconf 80' lang='grc' dir='ltr'>γὰρ</span> <span class='ocrx_word' id='word_1_185' title='bbox 3052 1723 3126 1786; x_wconf 86' lang='grc' dir='ltr'>ὡς</span> <span class='ocrx_word' id='word_1_186' title='bbox 3158 1725 3216 1776; x_wconf 82' lang='grc' dir='ltr'>ὲν</span> <span class='ocrx_word' id='word_1_187' title='bbox 3250 1722 3407 1794; x_wconf 82' lang='grc' dir='ltr'>θυμῷ</span> <span class='ocrx_word' id='word_1_188' title='bbox 3446 1725 3725 1796; x_wconf 81' lang='grc' dir='ltr'>τραπήσε-</span> 
     </span>
    </p>
   </div>
   <div class='ocr_carea' id='block_1_33' title="bbox 2149 1813 3727 1887">
    <p class='ocr_par' dir='ltr' id='par_1_33' title="bbox 2149 1813 3727 1887">
     <span class='ocr_line' id='line_1_33' title="bbox 2149 1813 3727 1887; baseline -0.001 -17"><span class='ocrx_word' id='word_1_189' title='bbox 2149 1835 2236 1870; x_wconf 92' lang='grc' dir='ltr'><strong>ται</strong></span> <span class='ocrx_word' id='word_1_190' title='bbox 2278 1817 2432 1880; x_wconf 83' lang='grc' dir='ltr'>Θεὸς,</span> <span class='ocrx_word' id='word_1_191' title='bbox 2496 1816 2743 1887; x_wconf 78' lang='grc' dir='ltr'>μένοντος</span> <span class='ocrx_word' id='word_1_192' title='bbox 2791 1814 2956 1868; x_wconf 76' lang='grc' dir='ltr'>αὑτοῦ</span> <span class='ocrx_word' id='word_1_193' title='bbox 3008 1813 3276 1886; x_wconf 86' lang='grc' dir='ltr'>ἀτρέπτου</span> <span class='ocrx_word' id='word_1_194' title='bbox 3329 1814 3490 1883; x_wconf 86' lang='grc' dir='ltr'>φύσει</span> <span class='ocrx_word' id='word_1_195' title='bbox 3530 1832 3588 1868; x_wconf 89' lang='grc' dir='ltr'><strong>τε</strong></span> <span class='ocrx_word' id='word_1_196' title='bbox 3631 1817 3727 1869; x_wconf 71' lang='grc' dir='ltr'><strong>καὶ</strong></span> 
     </span>
    </p>
   </div>
   <div class='ocr_carea' id='block_1_34' title="bbox 473 1897 2045 1982">
    <p class='ocr_par' dir='ltr' id='par_1_34' title="bbox 473 1909 2038 1982">
     <span class='ocr_line' id='line_1_34' title="bbox 473 1909 2038 1982; baseline 0.002 -20"><span class='ocrx_word' id='word_1_197' title='bbox 473 1909 715 1963; x_wconf 81' lang='lat' dir='ltr'><strong>tudinem</strong></span> <span class='ocrx_word' id='word_1_198' title='bbox 744 1910 961 1978; x_wconf 88' lang='lat' dir='ltr'><strong>quidem</strong></span> <span class='ocrx_word' id='word_1_199' title='bbox 1018 1909 1110 1965; x_wconf 89' lang='lat' dir='ltr'><strong>isti</strong></span> <span class='ocrx_word' id='word_1_200' title='bbox 1160 1911 1427 1975; x_wconf 91' lang='lat' dir='ltr'><strong>sentient,</strong></span> <span class='ocrx_word' id='word_1_201' title='bbox 1477 1926 1602 1965; x_wconf 92' lang='lat' dir='ltr'><strong>cum</strong></span> <span class='ocrx_word' id='word_1_202' title='bbox 1659 1912 2038 1982; x_wconf 81' lang='lat' dir='ltr'><strong>corrigentur;</strong></span> 
     </span>
    </p>
   </div>
   <div class='ocr_carea' id='block_1_35' title="bbox 2147 1897 3729 1982">
    <p class='ocr_par' dir='ltr' id='par_1_35' title="bbox 2147 1897 3729 1977">
     <span class='ocr_line' id='line_1_35' title="bbox 2147 1897 3729 1977; baseline 0.001 -19"><span class='ocrx_word' id='word_1_203' title='bbox 2147 1906 2375 1977; x_wconf 79' lang='grc' dir='ltr'>γνώμῃ·</span> <span class='ocrx_word' id='word_1_204' title='bbox 2426 1906 2541 1959; x_wconf 87' lang='grc' dir='ltr'>ἀλλ’</span> <span class='ocrx_word' id='word_1_205' title='bbox 2602 1906 2684 1959; x_wconf 85' lang='grc' dir='ltr'>ὅτι</span> <span class='ocrx_word' id='word_1_206' title='bbox 2732 1906 2953 1976; x_wconf 85' lang='grc' dir='ltr'>πικρίας</span> <span class='ocrx_word' id='word_1_207' title='bbox 2993 1897 3138 1958; x_wconf 77' lang='grc' dir='ltr'>οὗτοι</span> <span class='ocrx_word' id='word_1_208' title='bbox 3200 1904 3549 1976; x_wconf 76' lang='grc' dir='ltr'>αἰσθήσονται</span> <span class='ocrx_word' id='word_1_209' title='bbox 3602 1923 3729 1959; x_wconf 87' lang='grc' dir='ltr'>παι-</span> 
     </span>
    </p>
   </div>
   <div class='ocr_carea' id='block_1_36' title="bbox 473 2000 2046 2075">
    <p class='ocr_par' dir='ltr' id='par_1_36' title="bbox 473 2000 2046 2075">
     <span class='ocr_line' id='line_1_36' title="bbox 473 2000 2046 2075; baseline 0.003 -21"><span class='ocrx_word' id='word_1_210' title='bbox 473 2001 590 2071; x_wconf 87' lang='lat' dir='ltr'><strong>ipse</strong></span> <span class='ocrx_word' id='word_1_211' title='bbox 640 2010 821 2056; x_wconf 88' lang='lat' dir='ltr'><strong>autem</strong></span> <span class='ocrx_word' id='word_1_212' title='bbox 866 2000 1008 2057; x_wconf 89' lang='lat' dir='ltr'><strong>Deus</strong></span> <span class='ocrx_word' id='word_1_213' title='bbox 1042 2002 1419 2059; x_wconf 88' lang='lat' dir='ltr'><strong>misericordia</strong></span> <span class='ocrx_word' id='word_1_214' title='bbox 1468 2018 1564 2059; x_wconf 88' lang='lat' dir='ltr'><strong>eos</strong></span> <span class='ocrx_word' id='word_1_215' title='bbox 1611 2012 1664 2057; x_wconf 89' lang='lat' dir='ltr'><strong>et</strong></span> <span class='ocrx_word' id='word_1_216' title='bbox 1712 2004 2046 2075; x_wconf 77' lang='lat' dir='ltr'><strong>benignitate</strong></span> 
     </span>
    </p>
   </div>
   <div class='ocr_carea' id='block_1_37' title="bbox 473 2092 2044 2164">
    <p class='ocr_par' dir='ltr' id='par_1_37' title="bbox 473 2092 2044 2164">
     <span class='ocr_line' id='line_1_37' title="bbox 473 2092 2044 2164; baseline 0.003 -19"><span class='ocrx_word' id='word_1_217' title='bbox 473 2092 733 2162; x_wconf 87' lang='lat' dir='ltr'><strong>corrigit,</strong></span> <span class='ocrx_word' id='word_1_218' title='bbox 778 2100 836 2145; x_wconf 90' lang='lat' dir='ltr'><strong>ut</strong></span> <span class='ocrx_word' id='word_1_219' title='bbox 874 2093 1051 2162; x_wconf 88' lang='lat' dir='ltr'><strong>poenis</strong></span> <span class='ocrx_word' id='word_1_220' title='bbox 1089 2092 1360 2160; x_wconf 88' lang='lat' dir='ltr'><strong>deterriti,</strong></span> <span class='ocrx_word' id='word_1_221' title='bbox 1398 2108 1495 2164; x_wconf 89' lang='lat' dir='ltr'><strong>per</strong></span> <span class='ocrx_word' id='word_1_222' title='bbox 1532 2094 1907 2164; x_wconf 72' lang='lat' dir='ltr'><strong>pmnitentiam</strong></span> <span class='ocrx_word' id='word_1_223' title='bbox 1941 2096 2044 2150; x_wconf 87' lang='lat' dir='ltr'><strong>sibi</strong></span> 
     </span>
    </p>
   </div>
   <div class='ocr_carea' id='block_1_38' title="bbox 474 2180 1042 2253">
    <p class='ocr_par' dir='ltr' id='par_1_38' title="bbox 474 2180 1042 2253">
     <span class='ocr_line' id='line_1_38' title="bbox 474 2180 1042 2253; baseline 0.004 -17"><span class='ocrx_word' id='word_1_224' title='bbox 474 2184 703 2238; x_wconf 88' lang='lat' dir='ltr'><strong>salutem</strong></span> <span class='ocrx_word' id='word_1_225' title='bbox 727 2180 1042 2253; x_wconf 77' lang='lat' dir='ltr'><strong>ope‘rentur.</strong></span> 
     </span>
    </p>
   </div>
   <div class='ocr_carea' id='block_1_39' title="bbox 542 2274 2046 2349">
    <p class='ocr_par' dir='ltr' id='par_1_39' title="bbox 542 2274 2046 2349">
     <span class='ocr_line' id='line_1_39' title="bbox 542 2274 2046 2349; baseline 0.003 -20"><span class='ocrx_word' id='word_1_226' title='bbox 542 2274 708 2331; x_wconf 77' lang='lat' dir='ltr'><strong>Vens.</strong></span> <span class='ocrx_word' id='word_1_227' title='bbox 751 2275 843 2329; x_wconf 73' lang='lat'><strong>22.</strong></span> <span class='ocrx_word' id='word_1_228' title='bbox 879 2277 1069 2331; x_wconf 86' lang='lat' dir='ltr'><strong>Sermo</strong></span> <span class='ocrx_word' id='word_1_229' title='bbox 1121 2276 1212 2331; x_wconf 87' lang='lat' dir='ltr'><strong>hic</strong></span> <span class='ocrx_word' id='word_1_230' title='bbox 1260 2277 1326 2331; x_wconf 89' lang='lat' dir='ltr'><strong>ad</strong></span> <span class='ocrx_word' id='word_1_231' title='bbox 1361 2277 1637 2333; x_wconf 87' lang='lat' dir='ltr'><strong>lsraelitas</strong></span> <span class='ocrx_word' id='word_1_232' title='bbox 1671 2294 1890 2348; x_wconf 88' lang='lat' dir='ltr'><strong>quoque</strong></span> <span class='ocrx_word' id='word_1_233' title='bbox 1923 2294 2046 2349; x_wconf 88' lang='lat' dir='ltr'><strong>spe-</strong></span> 
     </span>
    </p>
   </div>
   <div class='ocr_carea' id='block_1_40' title="bbox 471 2365 2046 2436">
    <p class='ocr_par' dir='ltr' id='par_1_40' title="bbox 471 2365 2046 2436">
     <span class='ocr_line' id='line_1_40' title="bbox 471 2365 2046 2436; baseline 0.001 -16"><span class='ocrx_word' id='word_1_234' title='bbox 471 2373 600 2428; x_wconf 88' lang='lat' dir='ltr'><strong>ctat,</strong></span> <span class='ocrx_word' id='word_1_235' title='bbox 627 2366 861 2420; x_wconf 77' lang='lat' dir='ltr'><strong>maxime</strong></span> <span class='ocrx_word' id='word_1_236' title='bbox 892 2380 1021 2420; x_wconf 85' lang='lat' dir='ltr'><strong>vero</strong></span> <span class='ocrx_word' id='word_1_237' title='bbox 1053 2365 1118 2419; x_wconf 90' lang='lat' dir='ltr'><strong>ad</strong></span> <span class='ocrx_word' id='word_1_238' title='bbox 1152 2374 1363 2435; x_wconf 82' lang='lat' dir='ltr'><strong>gentes.</strong></span> <span class='ocrx_word' id='word_1_239' title='bbox 1404 2365 1679 2421; x_wconf 82' lang='lat' dir='ltr'><strong>Israelitas</strong></span> <span class='ocrx_word' id='word_1_240' title='bbox 1700 2368 1918 2436; x_wconf 88' lang='lat' dir='ltr'><strong>quidem</strong></span> <span class='ocrx_word' id='word_1_241' title='bbox 1948 2367 2046 2422; x_wconf 87' lang='lat' dir='ltr'><strong>ad-</strong></span> 
     </span>
    </p>
   </div>
   <div class='ocr_carea' id='block_1_41' title="bbox 472 2458 2045 2528">
    <p class='ocr_par' dir='ltr' id='par_1_41' title="bbox 472 2458 2045 2528">
     <span class='ocr_line' id='line_1_41' title="bbox 472 2458 2045 2528; baseline 0.004 -18"><span class='ocrx_word' id='word_1_242' title='bbox 472 2465 657 2512; x_wconf 89' lang='lat' dir='ltr'><strong>monet</strong></span> <span class='ocrx_word' id='word_1_243' title='bbox 683 2497 698 2521; x_wconf 95' lang='lat'><strong>,</strong></span> <span class='ocrx_word' id='word_1_244' title='bbox 744 2471 811 2512; x_wconf 87' lang='lat' dir='ltr'><strong>ne</strong></span> <span class='ocrx_word' id='word_1_245' title='bbox 860 2466 1206 2527; x_wconf 90' lang='lat' dir='ltr'><strong>peccatorum</strong></span> <span class='ocrx_word' id='word_1_246' title='bbox 1236 2461 1514 2528; x_wconf 87' lang='lat' dir='ltr'><strong>voluptate</strong></span> <span class='ocrx_word' id='word_1_247' title='bbox 1547 2458 1934 2523; x_wconf 89' lang='lat' dir='ltr'><strong>detineantur,</strong></span> <span class='ocrx_word' id='word_1_248' title='bbox 1978 2476 2045 2516; x_wconf 89' lang='lat' dir='ltr'><strong>ne</strong></span> 
     </span>
    </p>
   </div>
   <div class='ocr_carea' id='block_1_42' title="bbox 471 2550 2045 2623">
    <p class='ocr_par' dir='ltr' id='par_1_42' title="bbox 471 2550 2045 2623">
     <span class='ocr_line' id='line_1_42' title="bbox 471 2550 2045 2623; baseline 0 -18"><span class='ocrx_word' id='word_1_249' title='bbox 471 2550 686 2606; x_wconf 89' lang='lat' dir='ltr'><strong>delictis</strong></span> <span class='ocrx_word' id='word_1_250' title='bbox 713 2551 1090 2620; x_wconf 87' lang='lat' dir='ltr'><strong>opprimantur</strong></span> <span class='ocrx_word' id='word_1_251' title='bbox 1111 2590 1126 2611; x_wconf 87' lang='lat'><strong>,</strong></span> <span class='ocrx_word' id='word_1_252' title='bbox 1157 2558 1251 2604; x_wconf 90' lang='lat' dir='ltr'><strong>aut</strong></span> <span class='ocrx_word' id='word_1_253' title='bbox 1280 2552 1693 2617; x_wconf 87' lang='lat' dir='ltr'><strong>devinciantur,</strong></span> <span class='ocrx_word' id='word_1_254' title='bbox 1731 2553 1826 2608; x_wconf 89' lang='lat' dir='ltr'><strong>sed</strong></span> <span class='ocrx_word' id='word_1_255' title='bbox 1857 2554 1923 2608; x_wconf 93' lang='lat' dir='ltr'><strong>ad</strong></span> <span class='ocrx_word' id='word_1_256' title='bbox 1955 2554 2045 2623; x_wconf 84' lang='lat' dir='ltr'><strong>jtt-</strong></span> 
     </span>
    </p>
   </div>
   <div class='ocr_carea' id='block_1_43' title="bbox 472 2642 2040 2707">
    <p class='ocr_par' dir='ltr' id='par_1_43' title="bbox 472 2642 2040 2707">
     <span class='ocr_line' id='line_1_43' title="bbox 472 2642 2040 2707; baseline 0.001 -10"><span class='ocrx_word' id='word_1_257' title='bbox 472 2643 674 2698; x_wconf 91' lang='lat' dir='ltr'><strong>dicium</strong></span> <span class='ocrx_word' id='word_1_258' title='bbox 719 2657 878 2697; x_wconf 88' lang='lat' dir='ltr'><strong>aures</strong></span> <span class='ocrx_word' id='word_1_259' title='bbox 927 2642 1307 2707; x_wconf 89' lang='lat' dir='ltr'><strong>intendentes,</strong></span> <span class='ocrx_word' id='word_1_260' title='bbox 1365 2645 1530 2699; x_wconf 89' lang='lat' dir='ltr'><strong>saluti</strong></span> <span class='ocrx_word' id='word_1_261' title='bbox 1579 2661 1692 2701; x_wconf 75' lang='lat' dir='ltr'><strong>sua:</strong></span> <span class='ocrx_word' id='word_1_262' title='bbox 1734 2647 2040 2702; x_wconf 83' lang='lat' dir='ltr'><strong>consulant.</strong></span> 
     </span>
    </p>
   </div>
   <div class='ocr_carea' id='block_1_44' title="bbox 471 2733 2040 2801">
    <p class='ocr_par' dir='ltr' id='par_1_44' title="bbox 471 2733 2040 2801">
     <span class='ocr_line' id='line_1_44' title="bbox 471 2733 2040 2801; baseline 0.003 -13"><span class='ocrx_word' id='word_1_263' title='bbox 471 2733 739 2790; x_wconf 87' lang='lat' dir='ltr'><strong>Gentibus</strong></span> <span class='ocrx_word' id='word_1_264' title='bbox 771 2750 895 2789; x_wconf 78' lang='lat' dir='ltr'><strong>vero</strong></span> <span class='ocrx_word' id='word_1_265' title='bbox 923 2734 1186 2801; x_wconf 88' lang='lat' dir='ltr'><strong>declarat,</strong></span> <span class='ocrx_word' id='word_1_266' title='bbox 1222 2737 1330 2792; x_wconf 91' lang='lat' dir='ltr'><strong>illis</strong></span> <span class='ocrx_word' id='word_1_267' title='bbox 1356 2753 1466 2792; x_wconf 91' lang='lat' dir='ltr'><strong>non</strong></span> <span class='ocrx_word' id='word_1_268' title='bbox 1508 2753 1631 2793; x_wconf 87' lang='lat' dir='ltr'><strong>esse</strong></span> <span class='ocrx_word' id='word_1_269' title='bbox 1664 2737 1732 2793; x_wconf 89' lang='lat' dir='ltr'><strong>de</strong></span> <span class='ocrx_word' id='word_1_270' title='bbox 1762 2739 2040 2793; x_wconf 86' lang='lat' dir='ltr'><strong>Israelita-</strong></span> 
     </span>
    </p>
   </div>
   <div class='ocr_carea' id='block_1_45' title="bbox 471 2830 2043 2902">
    <p class='ocr_par' dir='ltr' id='par_1_45' title="bbox 471 2830 2043 2902">
     <span class='ocr_line' id='line_1_45' title="bbox 471 2830 2043 2902; baseline 0.003 -20"><span class='ocrx_word' id='word_1_271' title='bbox 471 2843 592 2882; x_wconf 90' lang='lat' dir='ltr'><strong>rum</strong></span> <span class='ocrx_word' id='word_1_272' title='bbox 626 2830 908 2900; x_wconf 90' lang='lat' dir='ltr'><strong>suppliciis</strong></span> <span class='ocrx_word' id='word_1_273' title='bbox 955 2830 1246 2887; x_wconf 67' lang='lat' dir='ltr'><strong>laetandum</strong></span> <span class='ocrx_word' id='word_1_274' title='bbox 1266 2873 1282 2898; x_wconf 93' lang='lat'><strong>,</strong></span> <span class='ocrx_word' id='word_1_275' title='bbox 1317 2848 1441 2887; x_wconf 91' lang='lat' dir='ltr'><strong>eum</strong></span> <span class='ocrx_word' id='word_1_276' title='bbox 1470 2839 1524 2887; x_wconf 92' lang='lat' dir='ltr'><strong>et</strong></span> <span class='ocrx_word' id='word_1_277' title='bbox 1556 2832 1692 2902; x_wconf 90' lang='lat' dir='ltr'><strong>ipsis</strong></span> <span class='ocrx_word' id='word_1_278' title='bbox 1721 2833 2043 2888; x_wconf 88' lang='lat' dir='ltr'><strong>immineant</strong></span> 
     </span>
    </p>
   </div>
   <div class='ocr_carea' id='block_1_46' title="bbox 472 2924 1267 2993">
    <p class='ocr_par' dir='ltr' id='par_1_46' title="bbox 472 2924 1267 2993">
     <span class='ocr_line' id='line_1_46' title="bbox 472 2924 1267 2993; baseline 0.003 -15"><span class='ocrx_word' id='word_1_279' title='bbox 472 2937 644 2991; x_wconf 68' lang='lat' dir='ltr'><strong>pmnae</strong></span> <span class='ocrx_word' id='word_1_280' title='bbox 672 2939 768 2993; x_wconf 90' lang='lat' dir='ltr'><strong>pro</strong></span> <span class='ocrx_word' id='word_1_281' title='bbox 794 2925 1035 2993; x_wconf 89' lang='lat' dir='ltr'><strong>peccatis</strong></span> <span class='ocrx_word' id='word_1_282' title='bbox 1052 2924 1267 2980; x_wconf 65' lang='lat' dir='ltr'><strong>debitae.</strong></span> 
     </span>
    </p>
   </div>
   <div class='ocr_carea' id='block_1_47' title="bbox 539 3088 2045 3176">
    <p class='ocr_par' dir='ltr' id='par_1_47' title="bbox 539 3088 2045 3176">
     <span class='ocr_line' id='line_1_47' title="bbox 539 3088 2045 3176; baseline 0.001 -17"><span class='ocrx_word' id='word_1_283' title='bbox 539 3103 670 3159; x_wconf 80' lang='lat' dir='ltr'><strong>CAP.</strong></span> <span class='ocrx_word' id='word_1_284' title='bbox 701 3104 891 3169; x_wconf 75' lang='lat' dir='ltr'><strong>XXIX,</strong></span> <span class='ocrx_word' id='word_1_285' title='bbox 925 3103 1088 3159; x_wconf 74' lang='lat' dir='ltr'><strong>Vens.</strong></span> <span class='ocrx_word' id='word_1_286' title='bbox 1132 3104 1219 3159; x_wconf 70' lang='grc'><strong>14.</strong></span> <span class='ocrx_word' id='word_1_287' title='bbox 1258 3104 1343 3161; x_wconf 82' lang='lat' dir='ltr'><strong>Ab</strong></span> <span class='ocrx_word' id='word_1_288' title='bbox 1373 3088 1614 3176; x_wconf 66' lang='lat' dir='ltr'><strong>Assyriis</strong></span> <span class='ocrx_word' id='word_1_289' title='bbox 1652 3119 1747 3161; x_wconf 91' lang='lat' dir='ltr'><strong>eos</strong></span> <span class='ocrx_word' id='word_1_290' title='bbox 1793 3106 1848 3159; x_wconf 93' lang='lat' dir='ltr'><strong>in</strong></span> <span class='ocrx_word' id='word_1_291' title='bbox 1874 3107 2045 3175; x_wconf 87' lang='lat' dir='ltr'><strong>capti-</strong></span> 
     </span>
    </p>
   </div>
   <div class='ocr_carea' id='block_1_48' title="bbox 469 3198 2042 3270">
    <p class='ocr_par' dir='ltr' id='par_1_48' title="bbox 469 3198 2042 3270">
     <span class='ocr_line' id='line_1_48' title="bbox 469 3198 2042 3270; baseline 0.002 -19"><span class='ocrx_word' id='word_1_292' title='bbox 469 3199 688 3254; x_wconf 78' lang='lat' dir='ltr'><strong>vitalem</strong></span> <span class='ocrx_word' id='word_1_293' title='bbox 740 3199 1087 3255; x_wconf 84' lang='lat' dir='ltr'><strong>deducendos</strong></span> <span class='ocrx_word' id='word_1_294' title='bbox 1137 3214 1261 3254; x_wconf 90' lang='lat' dir='ltr'><strong>esse</strong></span> <span class='ocrx_word' id='word_1_295' title='bbox 1311 3199 1546 3264; x_wconf 88' lang='lat' dir='ltr'><strong>nuntiat,</strong></span> <span class='ocrx_word' id='word_1_296' title='bbox 1576 3198 1719 3270; x_wconf 92' lang='lat' dir='ltr'><strong>quod</strong></span> <span class='ocrx_word' id='word_1_297' title='bbox 1779 3199 1836 3253; x_wconf 91' lang='lat' dir='ltr'><strong>in</strong></span> <span class='ocrx_word' id='word_1_298' title='bbox 1893 3200 2042 3254; x_wconf 93' lang='lat' dir='ltr'><strong>cultu</strong></span> 
     </span>
    </p>
   </div>
   <div class='ocr_carea' id='block_1_49' title="bbox 469 3289 2044 3361">
    <p class='ocr_par' dir='ltr' id='par_1_49' title="bbox 469 3289 2044 3361">
     <span class='ocr_line' id='line_1_49' title="bbox 469 3289 2044 3361; baseline 0.004 -19"><span class='ocrx_word' id='word_1_299' title='bbox 469 3289 561 3345; x_wconf 85' lang='lat' dir='ltr'><strong>Dei</strong></span> <span class='ocrx_word' id='word_1_300' title='bbox 592 3307 908 3361; x_wconf 87' lang='lat' dir='ltr'><strong>permanere</strong></span> <span class='ocrx_word' id='word_1_301' title='bbox 935 3293 1258 3356; x_wconf 90' lang='lat' dir='ltr'><strong>noluerunt,</strong></span> <span class='ocrx_word' id='word_1_302' title='bbox 1316 3292 1383 3347; x_wconf 89' lang='lat' dir='ltr'><strong>ad</strong></span> <span class='ocrx_word' id='word_1_303' title='bbox 1442 3292 1586 3346; x_wconf 88' lang='lat' dir='ltr'><strong>idola</strong></span> <span class='ocrx_word' id='word_1_304' title='bbox 1635 3307 1764 3347; x_wconf 85' lang='lat' dir='ltr'><strong>vero</strong></span> <span class='ocrx_word' id='word_1_305' title='bbox 1818 3290 2044 3348; x_wconf 78' lang='lat' dir='ltr'><strong>deﬂexe-</strong></span> 
     </span>
    </p>
   </div>
   <div class='ocr_carea' id='block_1_50' title="bbox 467 3380 2041 3451">
    <p class='ocr_par' dir='ltr' id='par_1_50' title="bbox 467 3380 2041 3451">
     <span class='ocr_line' id='line_1_50' title="bbox 467 3380 2041 3451; baseline 0.001 -17"><span class='ocrx_word' id='word_1_306' title='bbox 467 3390 596 3434; x_wconf 90' lang='lat' dir='ltr'><strong>runt</strong></span> <span class='ocrx_word' id='word_1_307' title='bbox 645 3380 1003 3447; x_wconf 83' lang='lat' dir='ltr'><strong>Quamobrem</strong></span> <span class='ocrx_word' id='word_1_308' title='bbox 1037 3382 1152 3451; x_wconf 90' lang='lat' dir='ltr'><strong>ipse</strong></span> <span class='ocrx_word' id='word_1_309' title='bbox 1197 3397 1292 3437; x_wconf 91' lang='lat' dir='ltr'><strong>eos</strong></span> <span class='ocrx_word' id='word_1_310' title='bbox 1321 3381 1622 3438; x_wconf 81' lang='lat' dir='ltr'><strong>transferre</strong></span> <span class='ocrx_word' id='word_1_311' title='bbox 1648 3398 1756 3437; x_wconf 89' lang='lat' dir='ltr'><strong>non</strong></span> <span class='ocrx_word' id='word_1_312' title='bbox 1791 3382 2041 3448; x_wconf 85' lang='lat' dir='ltr'><strong>dubitat,</strong></span> 
     </span>
    </p>
   </div>
   <div class='ocr_carea' id='block_1_51' title="bbox 467 3472 2045 3548">
    <p class='ocr_par' dir='ltr' id='par_1_51' title="bbox 467 3472 2045 3548">
     <span class='ocr_line' id='line_1_51' title="bbox 467 3472 2045 3548; baseline 0.002 -23"><span class='ocrx_word' id='word_1_313' title='bbox 467 3472 623 3541; x_wconf 85' lang='lat' dir='ltr'><strong>quasi</strong></span> <span class='ocrx_word' id='word_1_314' title='bbox 651 3473 718 3528; x_wconf 89' lang='lat' dir='ltr'><strong>de</strong></span> <span class='ocrx_word' id='word_1_315' title='bbox 750 3473 869 3529; x_wconf 83' lang='lat' dir='ltr'><strong>loco</strong></span> <span class='ocrx_word' id='word_1_316' title='bbox 905 3474 958 3528; x_wconf 93' lang='lat' dir='ltr'><strong>in</strong></span> <span class='ocrx_word' id='word_1_317' title='bbox 1003 3475 1169 3528; x_wconf 88' lang='lat' dir='ltr'><strong>alium</strong></span> <span class='ocrx_word' id='word_1_318' title='bbox 1218 3474 1422 3539; x_wconf 88' lang='lat' dir='ltr'><strong>locum,</strong></span> <span class='ocrx_word' id='word_1_319' title='bbox 1452 3490 1517 3529; x_wconf 86' lang='lat' dir='ltr'><strong>ac</strong></span> <span class='ocrx_word' id='word_1_320' title='bbox 1548 3490 1612 3530; x_wconf 91' lang='lat' dir='ltr'><strong>eo</strong></span> <span class='ocrx_word' id='word_1_321' title='bbox 1643 3474 1862 3548; x_wconf 87' lang='lat' dir='ltr'><strong>quidem</strong></span> <span class='ocrx_word' id='word_1_322' title='bbox 1895 3491 2045 3530; x_wconf 91' lang='lat' dir='ltr'><strong>sum-</strong></span> 
     </span>
    </p>
   </div>
   <div class='ocr_carea' id='block_1_52' title="bbox 469 3564 2045 3637">
    <p class='ocr_par' dir='ltr' id='par_1_52' title="bbox 469 3564 2045 3637">
     <span class='ocr_line' id='line_1_52' title="bbox 469 3564 2045 3637; baseline 0.001 -20"><span class='ocrx_word' id='word_1_323' title='bbox 469 3579 610 3617; x_wconf 90' lang='lat' dir='ltr'><strong>mam</strong></span> <span class='ocrx_word' id='word_1_324' title='bbox 639 3564 922 3634; x_wconf 82' lang='lat' dir='ltr'><strong>proﬂtetur</strong></span> <span class='ocrx_word' id='word_1_325' title='bbox 954 3565 1392 3621; x_wconf 89' lang='lat' dir='ltr'><strong>misericordiam</strong></span> <span class='ocrx_word' id='word_1_326' title='bbox 1418 3584 1431 3633; x_wconf 93' lang='lat'><strong>;</strong></span> <span class='ocrx_word' id='word_1_327' title='bbox 1458 3567 1660 3636; x_wconf 88' lang='lat' dir='ltr'><strong>quippe</strong></span> <span class='ocrx_word' id='word_1_328' title='bbox 1689 3581 1830 3637; x_wconf 88' lang='lat' dir='ltr'><strong>quos</strong></span> <span class='ocrx_word' id='word_1_329' title='bbox 1868 3567 2045 3636; x_wconf 90' lang='lat' dir='ltr'><strong>patria</strong></span> 
     </span>
    </p>
   </div>
   <div class='ocr_carea' id='block_1_53' title="bbox 467 3655 2044 3725">
    <p class='ocr_par' dir='ltr' id='par_1_53' title="bbox 467 3655 2044 3725">
     <span class='ocr_line' id='line_1_53' title="bbox 467 3655 2044 3725; baseline 0.003 -18"><span class='ocrx_word' id='word_1_330' title='bbox 467 3670 664 3723; x_wconf 87' lang='lat' dir='ltr'><strong>pravos</strong></span> <span class='ocrx_word' id='word_1_331' title='bbox 695 3656 995 3725; x_wconf 80' lang='lat' dir='ltr'><strong>praebuerat</strong></span> <span class='ocrx_word' id='word_1_332' title='bbox 1043 3656 1094 3710; x_wconf 90' lang='lat' dir='ltr'><strong>in</strong></span> <span class='ocrx_word' id='word_1_333' title='bbox 1152 3656 1382 3712; x_wconf 86' lang='lat' dir='ltr'><strong>alienam</strong></span> <span class='ocrx_word' id='word_1_334' title='bbox 1440 3663 1643 3711; x_wconf 89' lang='lat' dir='ltr'><strong>terram</strong></span> <span class='ocrx_word' id='word_1_335' title='bbox 1678 3655 2044 3712; x_wconf 81' lang='lat' dir='ltr'><strong>transferendi</strong></span> 
     </span>
    </p>
   </div>
   <div class='ocr_carea' id='block_1_54' title="bbox 467 3745 2032 3817">
    <p class='ocr_par' dir='ltr' id='par_1_54' title="bbox 467 3745 2032 3817">
     <span class='ocr_line' id='line_1_54' title="bbox 467 3745 2032 3817; baseline 0.001 -17"><span class='ocrx_word' id='word_1_336' title='bbox 467 3753 643 3817; x_wconf 82' lang='lat' dir='ltr'><strong>erant,</strong></span> <span class='ocrx_word' id='word_1_337' title='bbox 674 3753 732 3800; x_wconf 89' lang='lat' dir='ltr'><strong>ut</strong></span> <span class='ocrx_word' id='word_1_338' title='bbox 755 3745 915 3811; x_wconf 79' lang='lat' dir='ltr'><strong>forte,</strong></span> <span class='ocrx_word' id='word_1_339' title='bbox 940 3747 1162 3802; x_wconf 84' lang='lat' dir='ltr'><strong>mutatis</strong></span> <span class='ocrx_word' id='word_1_340' title='bbox 1181 3747 1337 3813; x_wconf 83' lang='lat' dir='ltr'><strong>locis,</strong></span> <span class='ocrx_word' id='word_1_341' title='bbox 1373 3755 1724 3803; x_wconf 85' lang='lat' dir='ltr'><strong>mutarentur</strong></span> <span class='ocrx_word' id='word_1_342' title='bbox 1752 3756 1807 3802; x_wconf 92' lang='lat' dir='ltr'><strong>et</strong></span> <span class='ocrx_word' id='word_1_343' title='bbox 1831 3762 2032 3802; x_wconf 72' lang='lat' dir='ltr'><strong>mures.</strong></span> 
     </span>
    </p>
   </div>
   <div class='ocr_carea' id='block_1_55' title="bbox 543 3913 2039 3988">
    <p class='ocr_par' dir='ltr' id='par_1_55' title="bbox 543 3913 2039 3988">
     <span class='ocr_line' id='line_1_55' title="bbox 543 3913 2039 3988; baseline 0.001 -13"><span class='ocrx_word' id='word_1_344' title='bbox 543 3913 706 3977; x_wconf 73' lang='lat' dir='ltr'><strong>Vens.</strong></span> <span class='ocrx_word' id='word_1_345' title='bbox 758 3923 842 3975; x_wconf 82' lang='grc' dir='ltr'><strong>Π.</strong></span> <span class='ocrx_word' id='word_1_346' title='bbox 896 3922 1148 3979; x_wconf 85' lang='lat' dir='ltr'><strong>Chermel</strong></span> <span class='ocrx_word' id='word_1_347' title='bbox 1200 3940 1358 3979; x_wconf 89' lang='lat' dir='ltr'><strong>mons</strong></span> <span class='ocrx_word' id='word_1_348' title='bbox 1412 3931 1534 3988; x_wconf 90' lang='lat' dir='ltr'><strong>est,</strong></span> <span class='ocrx_word' id='word_1_349' title='bbox 1590 3924 1679 3979; x_wconf 90' lang='lat' dir='ltr'><strong>cui</strong></span> <span class='ocrx_word' id='word_1_350' title='bbox 1736 3923 2039 3979; x_wconf 76' lang='lat' dir='ltr'><strong>Jerusalem</strong></span> 
     </span>
    </p>
   </div>
   <div class='ocr_carea' id='block_1_56' title="bbox 470 3998 2047 4089">
    <p class='ocr_par' dir='ltr' id='par_1_56' title="bbox 470 3998 2047 4089">
     <span class='ocr_line' id='line_1_56' title="bbox 470 3998 2047 4089; baseline 0.005 -23"><span class='ocrx_word' id='word_1_351' title='bbox 470 4028 638 4083; x_wconf 88' lang='lat' dir='ltr'><strong>prope</strong></span> <span class='ocrx_word' id='word_1_352' title='bbox 666 4016 982 4086; x_wconf 88' lang='lat' dir='ltr'><strong>subjacebat</strong></span> <span class='ocrx_word' id='word_1_353' title='bbox 1002 4054 1016 4080; x_wconf 92' lang='lat'><strong>,</strong></span> <span class='ocrx_word' id='word_1_354' title='bbox 1067 4032 1226 4087; x_wconf 86' lang='lat' dir='ltr'><strong>quem</strong></span> <span class='ocrx_word' id='word_1_355' title='bbox 1257 4016 1518 4072; x_wconf 64' lang='lat' dir='ltr'><strong>Israelita:</strong></span> <span class='ocrx_word' id='word_1_356' title='bbox 1550 4018 1803 4073; x_wconf 91' lang='lat' dir='ltr'><strong>colebant</strong></span> <span class='ocrx_word' id='word_1_357' title='bbox 1830 4036 1845 4085; x_wconf 89' lang='lat'><strong>;</strong></span> <span class='ocrx_word' id='word_1_358' title='bbox 1873 3998 2047 4089; x_wconf 44' lang='lat' dir='ltr'><strong>.Liba:</strong></span> 
     </span>
    </p>
   </div>
   <div class='ocr_carea' id='block_1_57' title="bbox 470 4107 2043 4181">
    <p class='ocr_par' dir='ltr' id='par_1_57' title="bbox 470 4107 2043 4181">
     <span class='ocr_line' id='line_1_57' title="bbox 470 4107 2043 4181; baseline 0.003 -21"><span class='ocrx_word' id='word_1_359' title='bbox 470 4122 599 4160; x_wconf 92' lang='lat' dir='ltr'><strong>num</strong></span> <span class='ocrx_word' id='word_1_360' title='bbox 636 4122 765 4161; x_wconf 86' lang='lat' dir='ltr'><strong>vero</strong></span> <span class='ocrx_word' id='word_1_361' title='bbox 797 4117 1036 4162; x_wconf 90' lang='lat' dir='ltr'><strong>montem</strong></span> <span class='ocrx_word' id='word_1_362' title='bbox 1066 4108 1348 4163; x_wconf 88' lang='lat' dir='ltr'><strong>.tenebant</strong></span> <span class='ocrx_word' id='word_1_363' title='bbox 1380 4116 1590 4179; x_wconf 81' lang='lat' dir='ltr'><strong>gentes.</strong></span> <span class='ocrx_word' id='word_1_364' title='bbox 1623 4107 1883 4165; x_wconf 90' lang='lat' dir='ltr'><strong>Testatur</strong></span> <span class='ocrx_word' id='word_1_365' title='bbox 1910 4126 2043 4181; x_wconf 82' lang='lat' dir='ltr'><strong>ergo</strong></span> 
     </span>
    </p>
   </div>
   <div class='ocr_carea' id='block_1_58' title="bbox 469 4196 2038 4272">
    <p class='ocr_par' dir='ltr' id='par_1_58' title="bbox 469 4196 2038 4272">
     <span class='ocr_line' id='line_1_58' title="bbox 469 4196 2038 4272; baseline 0.004 -22"><span class='ocrx_word' id='word_1_366' title='bbox 469 4196 557 4253; x_wconf 90' lang='lat' dir='ltr'><strong>hic</strong></span> <span class='ocrx_word' id='word_1_367' title='bbox 590 4197 730 4254; x_wconf 90' lang='lat' dir='ltr'><strong>Deus</strong></span> <span class='ocrx_word' id='word_1_368' title='bbox 757 4198 922 4254; x_wconf 82' lang='lat' dir='ltr'><strong>Israel</strong></span> <span class='ocrx_word' id='word_1_369' title='bbox 953 4200 1311 4270; x_wconf 89' lang='lat' dir='ltr'><strong>rejiciendum</strong></span> <span class='ocrx_word' id='word_1_370' title='bbox 1339 4217 1462 4257; x_wconf 85' lang='lat' dir='ltr'><strong>esse</strong></span> <span class='ocrx_word' id='word_1_371' title='bbox 1497 4211 1720 4272; x_wconf 78' lang='lat' dir='ltr'><strong>propter</strong></span> <span class='ocrx_word' id='word_1_372' title='bbox 1751 4202 2038 4259; x_wconf 88' lang='lat' dir='ltr'><strong>innumera</strong></span> 
     </span>
    </p>
   </div>
   <div class='ocr_carea' id='block_1_59' title="bbox 466 4291 2042 4365">
    <p class='ocr_par' dir='ltr' id='par_1_59' title="bbox 466 4291 2042 4365">
     <span class='ocr_line' id='line_1_59' title="bbox 466 4291 2042 4365; baseline 0.004 -22"><span class='ocrx_word' id='word_1_373' title='bbox 466 4298 686 4358; x_wconf 85' lang='lat' dir='ltr'><strong>peccata</strong></span> <span class='ocrx_word' id='word_1_374' title='bbox 734 4298 787 4345; x_wconf 89' lang='lat' dir='ltr'><strong>et</strong></span> <span class='ocrx_word' id='word_1_375' title='bbox 829 4291 1160 4361; x_wconf 87' lang='lat' dir='ltr'><strong>impietatem</strong></span> <span class='ocrx_word' id='word_1_376' title='bbox 1203 4308 1379 4358; x_wconf 89' lang='lat' dir='ltr'><strong>suam,</strong></span> <span class='ocrx_word' id='word_1_377' title='bbox 1416 4308 1479 4348; x_wconf 91' lang='lat' dir='ltr'><strong>ac</strong></span> <span class='ocrx_word' id='word_1_378' title='bbox 1525 4295 1688 4350; x_wconf 93' lang='lat' dir='ltr'><strong>unius</strong></span> <span class='ocrx_word' id='word_1_379' title='bbox 1719 4295 1838 4349; x_wconf 79' lang='lat' dir='ltr'><strong>loco</strong></span> <span class='ocrx_word' id='word_1_380' title='bbox 1863 4296 2042 4365; x_wconf 84' lang='lat' dir='ltr'><strong>gentis</strong></span> 
     </span>
    </p>
   </div>
   <div class='ocr_carea' id='block_1_60' title="bbox 466 4382 2038 4454">
    <p class='ocr_par' dir='ltr' id='par_1_60' title="bbox 466 4382 2038 4454">
     <span class='ocr_line' id='line_1_60' title="bbox 466 4382 2038 4454; baseline 0.004 -20"><span class='ocrx_word' id='word_1_381' title='bbox 466 4388 694 4436; x_wconf 87' lang='lat' dir='ltr'><strong>cunctas</strong></span> <span class='ocrx_word' id='word_1_382' title='bbox 753 4392 941 4452; x_wconf 85' lang='lat' dir='ltr'><strong>gentes</strong></span> <span class='ocrx_word' id='word_1_383' title='bbox 986 4382 1263 4454; x_wconf 90' lang='lat' dir='ltr'><strong>eligendas</strong></span> <span class='ocrx_word' id='word_1_384' title='bbox 1321 4399 1443 4440; x_wconf 89' lang='lat' dir='ltr'><strong>esse</strong></span> <span class='ocrx_word' id='word_1_385' title='bbox 1491 4397 1545 4440; x_wconf 89' lang='lat' dir='ltr'><strong>et</strong></span> <span class='ocrx_word' id='word_1_386' title='bbox 1602 4402 1633 4439; x_wconf 90' lang='lat' dir='ltr'><strong>a</strong></span> <span class='ocrx_word' id='word_1_387' title='bbox 1688 4386 1801 4442; x_wconf 92' lang='lat' dir='ltr'><strong>Deo</strong></span> <span class='ocrx_word' id='word_1_388' title='bbox 1862 4388 2038 4442; x_wconf 84' lang='lat' dir='ltr'><strong>susci-</strong></span> 
     </span>
    </p>
   </div>
   <div class='ocr_carea' id='block_1_61' title="bbox 465 4472 711 4541">
    <p class='ocr_par' dir='ltr' id='par_1_61' title="bbox 465 4472 711 4541">
     <span class='ocr_line' id='line_1_61' title="bbox 465 4472 711 4541; baseline 0.004 -15"><span class='ocrx_word' id='word_1_389' title='bbox 465 4472 711 4541; x_wconf 88' lang='lat' dir='ltr'><strong>piendas.</strong></span> 
     </span>
    </p>
   </div>
   <div class='ocr_carea' id='block_1_62' title="bbox 535 4562 2121 4662">
    <p class='ocr_par' dir='ltr' id='par_1_62' title="bbox 535 4562 2121 4662">
     <span class='ocr_line' id='line_1_62' title="bbox 535 4562 2121 4662; baseline 0.008 -45"><span class='ocrx_word' id='word_1_390' title='bbox 535 4562 699 4662; x_wconf 57' lang='lat' dir='ltr'><strong>Veiis.</strong></span> <span class='ocrx_word' id='word_1_391' title='bbox 732 4564 784 4619; x_wconf 93' lang='lat'><strong>8.</strong></span> <span class='ocrx_word' id='word_1_392' title='bbox 828 4564 1094 4662; x_wconf 76' lang='lat' dir='ltr'><strong>Loquitur</strong></span> <span class='ocrx_word' id='word_1_393' title='bbox 1122 4573 1176 4623; x_wconf 91' lang='lat' dir='ltr'><strong>et</strong></span> <span class='ocrx_word' id='word_1_394' title='bbox 1204 4568 1397 4662; x_wconf 81' lang='lat' dir='ltr'><strong>iterum</strong></span> <span class='ocrx_word' id='word_1_395' title='bbox 1431 4568 1504 4640; x_wconf 71' lang='grc'><strong>(4)</strong></span> <span class='ocrx_word' id='word_1_396' title='bbox 1534 4569 1843 4662; x_wconf 77' lang='lat' dir='ltr'><strong>designato</strong></span> <span class='ocrx_word' id='word_1_397' title='bbox 1876 4572 2037 4640; x_wconf 89' lang='lat' dir='ltr'><strong>libro,</strong></span> <span class='ocrx_word' id='word_1_398' title='bbox 2068 4602 2121 4662; x_wconf 70' lang='grc' dir='ltr'><strong>ι)</strong></span> 
     </span>
    </p>
   </div>
   <div class='ocr_carea' id='block_1_63' title="bbox 465 4652 2034 4723">
    <p class='ocr_par' dir='ltr' id='par_1_63' title="bbox 465 4652 2034 4723">
     <span class='ocr_line' id='line_1_63' title="bbox 465 4652 2034 4723; baseline 0.007 -16"><span class='ocrx_word' id='word_1_399' title='bbox 465 4669 574 4723; x_wconf 89' lang='lat' dir='ltr'><strong>quo</strong></span> <span class='ocrx_word' id='word_1_400' title='bbox 608 4652 908 4711; x_wconf 83' lang='lat' dir='ltr'><strong>Salvatoris</strong></span> <span class='ocrx_word' id='word_1_401' title='bbox 958 4656 1250 4711; x_wconf 88' lang='lat' dir='ltr'><strong>adventum</strong></span> <span class='ocrx_word' id='word_1_402' title='bbox 1302 4657 1499 4712; x_wconf 91' lang='lat' dir='ltr'><strong>innuit.</strong></span> <span class='ocrx_word' id='word_1_403' title='bbox 1554 4678 1572 4711; x_wconf 86' lang='grc'><em>‹</em></span> <span class='ocrx_word' id='word_1_404' title='bbox 1606 4659 1840 4717; x_wconf 78' lang='lat' dir='ltr'><strong>Audierit</strong></span> <span class='ocrx_word' id='word_1_405' title='bbox 1881 4665 2034 4719; x_wconf 86' lang='lat' dir='ltr'><strong>surdi</strong></span> 
     </span>
    </p>
   </div>
   <div class='ocr_carea' id='block_1_64' title="bbox 465 4748 2030 4826">
    <p class='ocr_par' dir='ltr' id='par_1_64' title="bbox 465 4748 2030 4826">
     <span class='ocr_line' id='line_1_64' title="bbox 465 4748 2030 4826; baseline 0.006 -26"><span class='ocrx_word' id='word_1_406' title='bbox 465 4748 631 4803; x_wconf 86' lang='lat' dir='ltr'><strong>verba</strong></span> <span class='ocrx_word' id='word_1_407' title='bbox 661 4748 820 4812; x_wconf 88' lang='lat' dir='ltr'><strong>libri,</strong></span> <span class='ocrx_word' id='word_1_408' title='bbox 856 4767 875 4800; x_wconf 83' lang='grc'><strong>›</strong></span> <span class='ocrx_word' id='word_1_409' title='bbox 912 4750 1013 4803; x_wconf 87' lang='lat' dir='ltr'><strong>hee</strong></span> <span class='ocrx_word' id='word_1_410' title='bbox 1045 4758 1166 4813; x_wconf 88' lang='lat' dir='ltr'><strong>est,</strong></span> <span class='ocrx_word' id='word_1_411' title='bbox 1210 4750 1300 4819; x_wconf 91' lang='lat' dir='ltr'><strong>qui</strong></span> <span class='ocrx_word' id='word_1_412' title='bbox 1332 4766 1440 4805; x_wconf 91' lang='lat' dir='ltr'><strong>non</strong></span> <span class='ocrx_word' id='word_1_413' title='bbox 1473 4761 1834 4807; x_wconf 88' lang='lat' dir='ltr'><strong>occurrerunt</strong></span> <span class='ocrx_word' id='word_1_414' title='bbox 1864 4756 2030 4826; x_wconf 87' lang='lat' dir='ltr'><strong>lapidi</strong></span> 
     </span>
    </p>
   </div>
   <div class='ocr_carea' id='block_1_65' title="bbox 465 4838 2033 4915">
    <p class='ocr_par' dir='ltr' id='par_1_65' title="bbox 465 4838 2033 4915">
     <span class='ocr_line' id='line_1_65' title="bbox 465 4838 2033 4915; baseline 0.006 -23"><span class='ocrx_word' id='word_1_415' title='bbox 465 4838 706 4893; x_wconf 88' lang='lat' dir='ltr'><strong>scandali</strong></span> <span class='ocrx_word' id='word_1_416' title='bbox 727 4840 770 4904; x_wconf 84' lang='lat'><strong>&quot;,</strong></span> <span class='ocrx_word' id='word_1_417' title='bbox 798 4841 889 4909; x_wconf 89' lang='lat' dir='ltr'><strong>qui</strong></span> <span class='ocrx_word' id='word_1_418' title='bbox 922 4856 1028 4894; x_wconf 90' lang='lat' dir='ltr'><strong>non</strong></span> <span class='ocrx_word' id='word_1_419' title='bbox 1065 4840 1455 4897; x_wconf 88' lang='lat' dir='ltr'><strong>dubitaverunt</strong></span> <span class='ocrx_word' id='word_1_420' title='bbox 1482 4845 1685 4898; x_wconf 84' lang='lat' dir='ltr'><strong>astanti</strong></span> <span class='ocrx_word' id='word_1_421' title='bbox 1716 4846 1997 4915; x_wconf 86' lang='lat' dir='ltr'><strong>signaculo</strong></span> <span class='ocrx_word' id='word_1_422' title='bbox 2018 4888 2033 4914; x_wconf 94' lang='lat'><strong>,</strong></span> 
     </span>
    </p>
   </div>
   <div class='ocr_carea' id='block_1_66' title="bbox 462 4930 2031 4998">
    <p class='ocr_par' dir='ltr' id='par_1_66' title="bbox 462 4930 2031 4998">
     <span class='ocr_line' id='line_1_66' title="bbox 462 4930 2031 4998; baseline 0.006 -15"><span class='ocrx_word' id='word_1_423' title='bbox 462 4930 682 4985; x_wconf 88' lang='lat' dir='ltr'><strong>Christo</strong></span> <span class='ocrx_word' id='word_1_424' title='bbox 732 4931 965 4998; x_wconf 88' lang='lat' dir='ltr'><strong>scilicet,</strong></span> <span class='ocrx_word' id='word_1_425' title='bbox 1014 4933 1256 4988; x_wconf 86' lang='lat' dir='ltr'><strong>credere.</strong></span> <span class='ocrx_word' id='word_1_426' title='bbox 1297 4932 1436 4988; x_wconf 87' lang='lat' dir='ltr'><strong>Nam</strong></span> <span class='ocrx_word' id='word_1_427' title='bbox 1487 4935 1545 4989; x_wconf 93' lang='lat' dir='ltr'><strong>in</strong></span> <span class='ocrx_word' id='word_1_428' title='bbox 1582 4937 1820 4992; x_wconf 90' lang='lat' dir='ltr'><strong>tenebris</strong></span> <span class='ocrx_word' id='word_1_429' title='bbox 1871 4945 1924 4993; x_wconf 89' lang='lat' dir='ltr'><strong>et</strong></span> <span class='ocrx_word' id='word_1_430' title='bbox 1976 4937 2031 4992; x_wconf 92' lang='lat' dir='ltr'><strong>in</strong></span> 
     </span>
    </p>
   </div>
   <div class='ocr_carea' id='block_1_67' title="bbox 462 5024 2036 5095">
    <p class='ocr_par' dir='ltr' id='par_1_67' title="bbox 462 5024 2036 5095">
     <span class='ocr_line' id='line_1_67' title="bbox 462 5024 2036 5095; baseline 0.004 -17"><span class='ocrx_word' id='word_1_431' title='bbox 462 5024 663 5079; x_wconf 82' lang='lat' dir='ltr'><strong>nebulo</strong></span> <span class='ocrx_word' id='word_1_432' title='bbox 695 5025 975 5095; x_wconf 78' lang='lat' dir='ltr'><strong>degentes,</strong></span> <span class='ocrx_word' id='word_1_433' title='bbox 1017 5024 1070 5078; x_wconf 91' lang='lat' dir='ltr'><strong>in</strong></span> <span class='ocrx_word' id='word_1_434' title='bbox 1098 5026 1479 5095; x_wconf 82' lang='lat' dir='ltr'><strong>excipiendum</strong></span> <span class='ocrx_word' id='word_1_435' title='bbox 1510 5027 1811 5084; x_wconf 87' lang='lat' dir='ltr'><strong>Salvatoris</strong></span> <span class='ocrx_word' id='word_1_436' title='bbox 1831 5030 2036 5085; x_wconf 87' lang='lat' dir='ltr'><strong>adven-</strong></span> 
     </span>
    </p>
   </div>
   <div class='ocr_carea' id='block_1_68' title="bbox 461 5117 2023 5191">
    <p class='ocr_par' dir='ltr' id='par_1_68' title="bbox 461 5117 2023 5191">
     <span class='ocr_line' id='line_1_68' title="bbox 461 5117 2023 5191; baseline 0.006 -23"><span class='ocrx_word' id='word_1_437' title='bbox 461 5126 574 5170; x_wconf 88' lang='lat' dir='ltr'><strong>tum</strong></span> <span class='ocrx_word' id='word_1_438' title='bbox 598 5117 964 5188; x_wconf 88' lang='lat' dir='ltr'><strong>prospicient;</strong></span> <span class='ocrx_word' id='word_1_439' title='bbox 995 5126 1047 5173; x_wconf 92' lang='lat' dir='ltr'><strong>et</strong></span> <span class='ocrx_word' id='word_1_440' title='bbox 1068 5118 1161 5188; x_wconf 86' lang='lat' dir='ltr'><strong>qui</strong></span> <span class='ocrx_word' id='word_1_441' title='bbox 1191 5117 1380 5187; x_wconf 74' lang='lat' dir='ltr'><strong>(Vens.</strong></span> <span class='ocrx_word' id='word_1_442' title='bbox 1408 5120 1496 5182; x_wconf 71' lang='lat'><strong>19)</strong></span> <span class='ocrx_word' id='word_1_443' title='bbox 1527 5121 1718 5191; x_wconf 82' lang='lat' dir='ltr'><strong>inopes</strong></span> <span class='ocrx_word' id='word_1_444' title='bbox 1741 5121 2023 5187; x_wconf 88' lang='lat' dir='ltr'><strong>dicutttur,</strong></span> 
     </span>
    </p>
   </div>
   <div class='ocr_carea' id='block_1_69' title="bbox 460 5207 2032 5279">
    <p class='ocr_par' dir='ltr' id='par_1_69' title="bbox 460 5207 2032 5279">
     <span class='ocr_line' id='line_1_69' title="bbox 460 5207 2032 5279; baseline 0.004 -18"><span class='ocrx_word' id='word_1_445' title='bbox 460 5208 922 5279; x_wconf 87' lang='lat' dir='ltr'><strong>per|apparentcm</strong></span> <span class='ocrx_word' id='word_1_446' title='bbox 957 5207 1235 5265; x_wconf 89' lang='lat' dir='ltr'><strong>Christum</strong></span> <span class='ocrx_word' id='word_1_447' title='bbox 1263 5210 1585 5267; x_wconf 88' lang='lat' dir='ltr'><strong>ditabuntur</strong></span> <span class='ocrx_word' id='word_1_448' title='bbox 1620 5232 1633 5267; x_wconf 91' lang='lat'>:</span> <span class='ocrx_word' id='word_1_449' title='bbox 1680 5229 1872 5270; x_wconf 89' lang='lat' dir='ltr'><strong>omnes</strong></span> <span class='ocrx_word' id='word_1_450' title='bbox 1928 5215 2032 5268; x_wconf 84' lang='lat' dir='ltr'><strong>im-</strong></span> 
     </span>
    </p>
   </div>
   <div class='ocr_carea' id='block_1_70' title="bbox 458 5302 1937 5375">
    <p class='ocr_par' dir='ltr' id='par_1_70' title="bbox 458 5302 1937 5375">
     <span class='ocr_line' id='line_1_70' title="bbox 458 5302 1937 5375; baseline 0.005 -21"><span class='ocrx_word' id='word_1_451' title='bbox 458 5302 748 5370; x_wconf 87' lang='lat' dir='ltr'><strong>plebuntur</strong></span> <span class='ocrx_word' id='word_1_452' title='bbox 774 5302 959 5358; x_wconf 79' lang='lat' dir='ltr'><strong>laetitia</strong></span> <span class='ocrx_word' id='word_1_453' title='bbox 990 5305 1304 5375; x_wconf 88' lang='lat' dir='ltr'><strong>quicunque</strong></span> <span class='ocrx_word' id='word_1_454' title='bbox 1335 5305 1390 5358; x_wconf 90' lang='lat' dir='ltr'><strong>in</strong></span> <span class='ocrx_word' id='word_1_455' title='bbox 1421 5320 1545 5360; x_wconf 92' lang='lat' dir='ltr'><strong>eum</strong></span> <span class='ocrx_word' id='word_1_456' title='bbox 1580 5307 1937 5363; x_wconf 87' lang='lat' dir='ltr'><strong>crediderint.</strong></span> 
     </span>
    </p>
   </div>
   <div class='ocr_carea' id='block_1_71' title="bbox 529 5574 1343 5659">
    <p class='ocr_par' dir='ltr' id='par_1_71' title="bbox 529 5574 1343 5659">
     <span class='ocr_line' id='line_1_71' title="bbox 529 5574 1343 5659; baseline 0.016 -19"><span class='ocrx_word' id='word_1_457' title='bbox 529 5574 672 5645; x_wconf 66' lang='lat' dir='ltr'><strong>&quot;&#39;lsa.</strong></span> <span class='ocrx_word' id='word_1_458' title='bbox 705 5606 824 5655; x_wconf 81' lang='lat' dir='ltr'><strong>vin,</strong></span> <span class='ocrx_word' id='word_1_459' title='bbox 857 5593 954 5659; x_wconf 78' lang='lat' dir='ltr'><strong>M;</strong></span> <span class='ocrx_word' id='word_1_460' title='bbox 986 5594 1005 5647; x_wconf 93' lang='grc'><strong>1</strong></span> <span class='ocrx_word' id='word_1_461' title='bbox 1045 5593 1186 5648; x_wconf 85' lang='lat' dir='ltr'><strong>Petr.</strong></span> <span class='ocrx_word' id='word_1_462' title='bbox 1231 5614 1262 5657; x_wconf 83' lang='grc' dir='ltr'><strong>ι,</strong></span> <span class='ocrx_word' id='word_1_463' title='bbox 1293 5598 1343 5654; x_wconf 86' lang='lat'><strong>8.</strong></span> 
     </span>
    </p>
   </div>
   <div class='ocr_carea' id='block_1_72' title="bbox 533 5741 2015 5827">
    <p class='ocr_par' dir='ltr' id='par_1_72' title="bbox 533 5741 2015 5827">
     <span class='ocr_line' id='line_1_72' title="bbox 533 5741 2015 5827; baseline 0.009 -31"><span class='ocrx_word' id='word_1_464' title='bbox 533 5742 606 5813; x_wconf 77' lang='grc'><strong>(5)</strong></span> <span class='ocrx_word' id='word_1_465' title='bbox 641 5741 798 5827; x_wconf 74' lang='lat' dir='ltr'><strong>Forte</strong></span> <span class='ocrx_word' id='word_1_466' title='bbox 837 5749 1311 5827; x_wconf 53' lang='lat' dir='ltr'><strong>legenditntﬁupbv</strong></span> <span class='ocrx_word' id='word_1_467' title='bbox 1336 5752 1390 5805; x_wconf 85' lang='grc' dir='ltr'>δὲ</span> <span class='ocrx_word' id='word_1_468' title='bbox 1424 5752 1635 5808; x_wconf 78' lang='grc' dir='ltr'>ἀκούων</span> <span class='ocrx_word' id='word_1_469' title='bbox 1662 5757 1755 5810; x_wconf 74' lang='grc' dir='ltr'>καὶ</span> <span class='ocrx_word' id='word_1_470' title='bbox 1786 5757 2015 5827; x_wconf 58' lang='grc' dir='ltr'>πικρίας</span> 
     </span>
    </p>
   </div>
   <div class='ocr_carea' id='block_1_73' title="bbox 463 5811 1183 5879">
    <p class='ocr_par' dir='ltr' id='par_1_73' title="bbox 463 5811 1183 5879">
     <span class='ocr_line' id='line_1_73' title="bbox 463 5811 1183 5879; baseline 0.017 -15"><span class='ocrx_word' id='word_1_471' title='bbox 463 5811 640 5879; x_wconf 73' lang='grc' dir='ltr'>ἔργον,</span> <span class='ocrx_word' id='word_1_472' title='bbox 683 5826 739 5868; x_wconf 93' lang='lat' dir='ltr'><strong>ut</strong></span> <span class='ocrx_word' id='word_1_473' title='bbox 762 5811 993 5871; x_wconf 60' lang='lat' dir='ltr'><strong>imminit</strong></span> <span class='ocrx_word' id='word_1_474' title='bbox 1021 5818 1183 5876; x_wconf 69' lang='lat' dir='ltr'><strong>LXX.</strong></span> 
     </span>
    </p>
   </div>
   <div class='ocr_carea' id='block_1_74' title="bbox 2148 1992 3726 2065">
    <p class='ocr_par' dir='ltr' id='par_1_74' title="bbox 2148 1992 3726 2065">
     <span class='ocr_line' id='line_1_74' title="bbox 2148 1992 3726 2065; baseline 0.002 -18"><span class='ocrx_word' id='word_1_475' title='bbox 2148 1995 2455 2064; x_wconf 84' lang='grc' dir='ltr'>δευόμενοι·</span> <span class='ocrx_word' id='word_1_476' title='bbox 2487 1994 2574 2048; x_wconf 82' lang='grc' dir='ltr'>διὰ</span> <span class='ocrx_word' id='word_1_477' title='bbox 2617 1992 2780 2063; x_wconf 85' lang='grc' dir='ltr'>φειδὼ</span> <span class='ocrx_word' id='word_1_478' title='bbox 2819 1994 2874 2047; x_wconf 80' lang='grc' dir='ltr'>δὲ</span> <span class='ocrx_word' id='word_1_479' title='bbox 2911 1996 3001 2047; x_wconf 73' lang='grc' dir='ltr'>καὶ</span> <span class='ocrx_word' id='word_1_480' title='bbox 3028 1994 3431 2065; x_wconf 82' lang='grc' dir='ltr'>φιλανθρωπίαν</span> <span class='ocrx_word' id='word_1_481' title='bbox 3467 1996 3560 2048; x_wconf 86' lang='grc' dir='ltr'><strong>τοῦ</strong></span> <span class='ocrx_word' id='word_1_482' title='bbox 3591 1995 3726 2050; x_wconf 86' lang='grc' dir='ltr'>Θεοῦ</span> 
     </span>
    </p>
   </div>
   <div class='ocr_carea' id='block_1_75' title="bbox 2146 2087 3724 2160">
    <p class='ocr_par' dir='ltr' id='par_1_75' title="bbox 2146 2087 3724 2160">
     <span class='ocr_line' id='line_1_75' title="bbox 2146 2087 3724 2160; baseline 0.001 -20"><span class='ocrx_word' id='word_1_483' title='bbox 2146 2087 2491 2151; x_wconf 82' lang='grc' dir='ltr'>παιδεύοντος</span> <span class='ocrx_word' id='word_1_484' title='bbox 2536 2087 2731 2152; x_wconf 77' lang='grc' dir='ltr'>αὐτούς</span> <span class='ocrx_word' id='word_1_485' title='bbox 2756 2105 2770 2118; x_wconf 91' lang='grc'><strong>·</strong></span> <span class='ocrx_word' id='word_1_486' title='bbox 2813 2088 2920 2153; x_wconf 80' lang='grc' dir='ltr'>ἵνα,</span> <span class='ocrx_word' id='word_1_487' title='bbox 2971 2088 3323 2160; x_wconf 81' lang='grc' dir='ltr'>συσχεθέντες</span> <span class='ocrx_word' id='word_1_488' title='bbox 3364 2092 3478 2154; x_wconf 87' lang='grc' dir='ltr'>τοῖς</span> <span class='ocrx_word' id='word_1_489' title='bbox 3511 2089 3724 2155; x_wconf 84' lang='grc' dir='ltr'>δεινοῖς,</span> 
     </span>
    </p>
   </div>
   <div class='ocr_carea' id='block_1_76' title="bbox 2145 2180 3725 2254">
    <p class='ocr_par' dir='ltr' id='par_1_76' title="bbox 2145 2180 3725 2254">
     <span class='ocr_line' id='line_1_76' title="bbox 2145 2180 3725 2254; baseline 0.003 -21"><span class='ocrx_word' id='word_1_490' title='bbox 2145 2180 2233 2234; x_wconf 85' lang='grc' dir='ltr'><strong>διὰ</strong></span> <span class='ocrx_word' id='word_1_491' title='bbox 2279 2181 2563 2252; x_wconf 79' lang='grc' dir='ltr'>μετανοίας</span> <span class='ocrx_word' id='word_1_492' title='bbox 2608 2182 2817 2245; x_wconf 82' lang='grc' dir='ltr'>ἑαυτοῖς</span> <span class='ocrx_word' id='word_1_493' title='bbox 2856 2180 3126 2253; x_wconf 74' lang='grc' dir='ltr'>σωτηρίαν</span> <span class='ocrx_word' id='word_1_494' title='bbox 3171 2182 3725 2254; x_wconf 83' lang='grc' dir='ltr'>πραγματεύσωνται.</span> 
     </span>
    </p>
   </div>
   <div class='ocr_carea' id='block_1_77' title="bbox 2232 2274 3724 2353">
    <p class='ocr_par' dir='ltr' id='par_1_77' title="bbox 2232 2274 3724 2353">
     <span class='ocr_line' id='line_1_77' title="bbox 2232 2274 3724 2353; baseline 0 -25"><span class='ocrx_word' id='word_1_495' title='bbox 2232 2276 2483 2347; x_wconf 76' lang='grc' dir='ltr'>Ἀρμόζει</span> <span class='ocrx_word' id='word_1_496' title='bbox 2511 2276 2538 2328; x_wconf 90' lang='grc' dir='ltr'>ὁ</span> <span class='ocrx_word' id='word_1_497' title='bbox 2571 2275 2727 2345; x_wconf 83' lang='grc' dir='ltr'>λόγος</span> <span class='ocrx_word' id='word_1_498' title='bbox 2761 2276 2855 2329; x_wconf 71' lang='grc' dir='ltr'><strong>καὶ</strong></span> <span class='ocrx_word' id='word_1_499' title='bbox 2895 2274 3031 2346; x_wconf 82' lang='grc' dir='ltr'>πρὸς</span> <span class='ocrx_word' id='word_1_500' title='bbox 3061 2276 3189 2353; x_wconf 17' lang='grc' dir='ltr'>τοὺς,</span> <span class='ocrx_word' id='word_1_501' title='bbox 3214 2277 3277 2329; x_wconf 84' lang='grc' dir='ltr'>ὲκ</span> <span class='ocrx_word' id='word_1_502' title='bbox 3321 2275 3416 2330; x_wconf 85' lang='grc' dir='ltr'><strong>τοῦ</strong></span> <span class='ocrx_word' id='word_1_503' title='bbox 3445 2276 3724 2348; x_wconf 79' lang='grc' dir='ltr'>·’ῐσραήλ·</span> 
     </span>
    </p>
   </div>
   <div class='ocr_carea' id='block_1_78' title="bbox 2144 2367 3728 2440">
    <p class='ocr_par' dir='ltr' id='par_1_78' title="bbox 2144 2367 3728 2440">
     <span class='ocr_line' id='line_1_78' title="bbox 2144 2367 3728 2440; baseline 0 -19"><span class='ocrx_word' id='word_1_504' title='bbox 2144 2369 2205 2422; x_wconf 79' lang='grc' dir='ltr'><strong>οὐ</strong></span> <span class='ocrx_word' id='word_1_505' title='bbox 2238 2368 2344 2439; x_wconf 87' lang='grc' dir='ltr'>μὴν</span> <span class='ocrx_word' id='word_1_506' title='bbox 2376 2368 2512 2421; x_wconf 78' lang='grc' dir='ltr'>ἀλλὰ</span> <span class='ocrx_word' id='word_1_507' title='bbox 2557 2367 2653 2421; x_wconf 58' lang='grc' dir='ltr'><strong>καὶ⁸</strong></span> <span class='ocrx_word' id='word_1_508' title='bbox 2697 2368 2830 2438; x_wconf 80' lang='grc' dir='ltr'>πρὸς</span> <span class='ocrx_word' id='word_1_509' title='bbox 2868 2367 2935 2421; x_wconf 81' lang='grc' dir='ltr'>τὰ</span> <span class='ocrx_word' id='word_1_510' title='bbox 2976 2367 3137 2439; x_wconf 77' lang='grc' dir='ltr'>ἔθνη·</span> <span class='ocrx_word' id='word_1_511' title='bbox 3195 2369 3288 2421; x_wconf 75' lang='grc' dir='ltr'><strong>καὶ</strong></span> <span class='ocrx_word' id='word_1_512' title='bbox 3326 2368 3417 2421; x_wconf 80' lang='grc' dir='ltr'><strong>ἐπὶ</strong></span> <span class='ocrx_word' id='word_1_513' title='bbox 3472 2369 3569 2440; x_wconf 83' lang='grc' dir='ltr'><strong>μὲν</strong></span> <span class='ocrx_word' id='word_1_514' title='bbox 3617 2368 3728 2421; x_wconf 90' lang='grc' dir='ltr'><strong>τῶν</strong></span> 
     </span>
    </p>
   </div>
   <div class='ocr_carea' id='block_1_79' title="bbox 2157 2460 3725 2534">
    <p class='ocr_par' dir='ltr' id='par_1_79' title="bbox 2157 2460 3725 2534">
     <span class='ocr_line' id='line_1_79' title="bbox 2157 2460 3725 2534; baseline 0.001 -21"><span class='ocrx_word' id='word_1_515' title='bbox 2157 2460 2505 2532; x_wconf 81' lang='grc' dir='ltr'>Ἰσραηλιτῶν</span> <span class='ocrx_word' id='word_1_516' title='bbox 2533 2461 2607 2533; x_wconf 77' lang='grc' dir='ltr'>μὴ</span> <span class='ocrx_word' id='word_1_517' title='bbox 2630 2461 2909 2531; x_wconf 81' lang='grc' dir='ltr'>ἐπιμένειν</span> <span class='ocrx_word' id='word_1_518' title='bbox 2943 2463 3139 2525; x_wconf 80' lang='grc' dir='ltr'>αὐτοὺς</span> <span class='ocrx_word' id='word_1_519' title='bbox 3178 2460 3533 2532; x_wconf 79' lang='grc' dir='ltr'>συμϐουλεύει</span> <span class='ocrx_word' id='word_1_520' title='bbox 3560 2466 3627 2534; x_wconf 80' lang='grc' dir='ltr'>τῇ</span> <span class='ocrx_word' id='word_1_521' title='bbox 3660 2464 3725 2515; x_wconf 79' lang='grc' dir='ltr'><strong>ἐκ</strong></span> 
     </span>
    </p>
   </div>
   <div class='ocr_carea' id='block_1_80' title="bbox 2144 2552 3720 2625">
    <p class='ocr_par' dir='ltr' id='par_1_80' title="bbox 2144 2552 3720 2625">
     <span class='ocr_line' id='line_1_80' title="bbox 2144 2552 3720 2625; baseline 0.002 -20"><span class='ocrx_word' id='word_1_522' title='bbox 2144 2552 2251 2605; x_wconf 89' lang='grc' dir='ltr'><strong>τῶν</strong></span> <span class='ocrx_word' id='word_1_523' title='bbox 2282 2553 2693 2625; x_wconf 81' lang='grc' dir='ltr'>ἁμαρτημάτων</span> <span class='ocrx_word' id='word_1_524' title='bbox 2725 2554 2908 2625; x_wconf 79' lang='grc' dir='ltr'>ἡδονῇ,</span> <span class='ocrx_word' id='word_1_525' title='bbox 2943 2554 3077 2625; x_wconf 80' lang='grc' dir='ltr'>μηδὲ</span> <span class='ocrx_word' id='word_1_526' title='bbox 3115 2554 3461 2624; x_wconf 82' lang='grc' dir='ltr'>ἐπισφίγγειν</span> <span class='ocrx_word' id='word_1_527' title='bbox 3497 2555 3720 2618; x_wconf 80' lang='grc' dir='ltr'>ἑαυτοὺς</span> 
     </span>
    </p>
   </div>
   <div class='ocr_carea' id='block_1_81' title="bbox 2145 2645 3727 2719">
    <p class='ocr_par' dir='ltr' id='par_1_81' title="bbox 2145 2645 3727 2719">
     <span class='ocr_line' id='line_1_81' title="bbox 2145 2645 3727 2719; baseline 0.003 -23"><span class='ocrx_word' id='word_1_528' title='bbox 2145 2646 2262 2707; x_wconf 84' lang='grc' dir='ltr'>ταῖς</span> <span class='ocrx_word' id='word_1_529' title='bbox 2300 2645 2613 2715; x_wconf 84' lang='grc' dir='ltr'>ἁμαρτίαις,</span> <span class='ocrx_word' id='word_1_530' title='bbox 2666 2645 2799 2716; x_wconf 85' lang='grc' dir='ltr'>μηδὲ</span> <span class='ocrx_word' id='word_1_531' title='bbox 2844 2645 3240 2716; x_wconf 80' lang='grc' dir='ltr'>ὲπιδεσμεύειν,</span> <span class='ocrx_word' id='word_1_532' title='bbox 3289 2645 3423 2700; x_wconf 77' lang='grc' dir='ltr'>ἀλλὰ</span> <span class='ocrx_word' id='word_1_533' title='bbox 3468 2646 3605 2719; x_wconf 78' lang='grc' dir='ltr'>πρὸς</span> <span class='ocrx_word' id='word_1_534' title='bbox 3627 2648 3727 2718; x_wconf 81' lang='grc' dir='ltr'><strong>τὴν</strong></span> 
     </span>
    </p>
   </div>
   <div class='ocr_carea' id='block_1_82' title="bbox 2147 2737 3807 2811">
    <p class='ocr_par' dir='ltr' id='par_1_82' title="bbox 2147 2737 3807 2811">
     <span class='ocr_line' id='line_1_82' title="bbox 2147 2737 3807 2811; baseline 0.002 -22"><span class='ocrx_word' id='word_1_535' title='bbox 2147 2737 2316 2806; x_wconf 79' lang='grc' dir='ltr'>ἀκοὴν</span> <span class='ocrx_word' id='word_1_536' title='bbox 2343 2739 2442 2808; x_wconf 82' lang='grc' dir='ltr'>τῆς</span> <span class='ocrx_word' id='word_1_537' title='bbox 2483 2738 2719 2810; x_wconf 83' lang='grc' dir='ltr'>κρίσεως</span> <span class='ocrx_word' id='word_1_538' title='bbox 2752 2739 3137 2805; x_wconf 81' lang='grc' dir='ltr'>συσταλέντας,</span> <span class='ocrx_word' id='word_1_539' title='bbox 3169 2739 3490 2811; x_wconf 80' lang='grc' dir='ltr'>ἐπιμέλειαν</span> <span class='ocrx_word' id='word_1_540' title='bbox 3516 2740 3724 2794; x_wconf 79' lang='grc' dir='ltr'>ἑαυτῶν</span> <span class='ocrx_word' id='word_1_541' title='bbox 3800 2742 3807 2749; x_wconf 90' lang='grc'><em>’</em></span> 
     </span>
    </p>
   </div>
   <div class='ocr_carea' id='block_1_83' title="bbox 2148 2828 3724 2902">
    <p class='ocr_par' dir='ltr' id='par_1_83' title="bbox 2148 2828 3724 2902">
     <span class='ocr_line' id='line_1_83' title="bbox 2148 2828 3724 2902; baseline 0.001 -22"><span class='ocrx_word' id='word_1_542' title='bbox 2148 2829 2520 2900; x_wconf 76' lang='grc' dir='ltr'>ποιήσασθαι·</span> <span class='ocrx_word' id='word_1_543' title='bbox 2573 2831 2685 2893; x_wconf 88' lang='grc' dir='ltr'>τοῖς</span> <span class='ocrx_word' id='word_1_544' title='bbox 2728 2829 2784 2882; x_wconf 82' lang='grc' dir='ltr'>δὲ</span> <span class='ocrx_word' id='word_1_545' title='bbox 2829 2828 3058 2895; x_wconf 76' lang='grc' dir='ltr'>ἔθνεσιν,</span> <span class='ocrx_word' id='word_1_546' title='bbox 3114 2830 3194 2882; x_wconf 83' lang='grc' dir='ltr'>ὅτι</span> <span class='ocrx_word' id='word_1_547' title='bbox 3240 2830 3300 2883; x_wconf 90' lang='grc' dir='ltr'><strong>οὐ</strong></span> <span class='ocrx_word' id='word_1_548' title='bbox 3355 2830 3461 2901; x_wconf 84' lang='grc' dir='ltr'>χρὴ</span> <span class='ocrx_word' id='word_1_549' title='bbox 3515 2830 3724 2902; x_wconf 83' lang='grc' dir='ltr'>χαίρειν</span> 
     </span>
    </p>
   </div>
   <div class='ocr_carea' id='block_1_84' title="bbox 2149 2920 3727 2995">
    <p class='ocr_par' dir='ltr' id='par_1_84' title="bbox 2149 2920 3727 2995">
     <span class='ocr_line' id='line_1_84' title="bbox 2149 2920 3727 2995; baseline 0 -21"><span class='ocrx_word' id='word_1_550' title='bbox 2149 2923 2292 2992; x_wconf 84' lang='grc' dir='ltr'>ὑμᾶς</span> <span class='ocrx_word' id='word_1_551' title='bbox 2326 2922 2418 2975; x_wconf 76' lang='grc' dir='ltr'>ἐπὶ</span> <span class='ocrx_word' id='word_1_552' title='bbox 2463 2924 2527 2992; x_wconf 79' lang='grc' dir='ltr'>τῇ</span> <span class='ocrx_word' id='word_1_553' title='bbox 2556 2921 2665 2974; x_wconf 89' lang='grc' dir='ltr'><strong>τῶν</strong></span> <span class='ocrx_word' id='word_1_554' title='bbox 2706 2920 3056 2995; x_wconf 87' lang='grc' dir='ltr'>Ἰσραηλιτῶν</span> <span class='ocrx_word' id='word_1_555' title='bbox 3097 2922 3370 2995; x_wconf 85' lang='grc' dir='ltr'>τιμωρίᾳ·</span> <span class='ocrx_word' id='word_1_556' title='bbox 3412 2921 3727 2993; x_wconf 80' lang='grc' dir='ltr'>διαϐήσεται</span> 
     </span>
    </p>
   </div>
   <div class='ocr_carea' id='block_1_85' title="bbox 2146 3016 3568 3089">
    <p class='ocr_par' dir='ltr' id='par_1_85' title="bbox 2146 3016 3568 3089">
     <span class='ocr_line' id='line_1_85' title="bbox 2146 3016 3568 3089; baseline 0 -18"><span class='ocrx_word' id='word_1_557' title='bbox 2146 3016 2256 3087; x_wconf 85' lang='grc' dir='ltr'>γὰρ</span> <span class='ocrx_word' id='word_1_558' title='bbox 2288 3018 2380 3070; x_wconf 77' lang='grc' dir='ltr'>καὶ</span> <span class='ocrx_word' id='word_1_559' title='bbox 2411 3017 2488 3080; x_wconf 79' lang='grc' dir='ltr'><strong>εἰς</strong></span> <span class='ocrx_word' id='word_1_560' title='bbox 2522 3017 2666 3087; x_wconf 81' lang='grc' dir='ltr'>ὑμᾶς</span> <span class='ocrx_word' id='word_1_561' title='bbox 2691 3016 2760 3070; x_wconf 85' lang='grc' dir='ltr'>τὰ</span> <span class='ocrx_word' id='word_1_562' title='bbox 2788 3018 2885 3089; x_wconf 81' lang='grc' dir='ltr'>τῆς</span> <span class='ocrx_word' id='word_1_563' title='bbox 2913 3017 3107 3080; x_wconf 83' lang='grc' dir='ltr'>τίσεως</span> <span class='ocrx_word' id='word_1_564' title='bbox 3137 3017 3568 3088; x_wconf 80' lang='grc' dir='ltr'>ἁμαρτάνοντας.</span> 
     </span>
    </p>
   </div>
   <div class='ocr_carea' id='block_1_86' title="bbox 2219 3104 3725 3181">
    <p class='ocr_par' dir='ltr' id='par_1_86' title="bbox 2219 3104 3725 3181">
     <span class='ocr_line' id='line_1_86' title="bbox 2219 3104 3725 3181; baseline 0 -21"><span class='ocrx_word' id='word_1_565' title='bbox 2219 3107 2329 3179; x_wconf 84' lang='grc' dir='ltr'>Τὴν</span> <span class='ocrx_word' id='word_1_566' title='bbox 2358 3109 2438 3172; x_wconf 82' lang='grc' dir='ltr'><strong>είς</strong></span> <span class='ocrx_word' id='word_1_567' title='bbox 2483 3108 2801 3181; x_wconf 85' lang='grc' dir='ltr'>Ἀσσυρίους</span> <span class='ocrx_word' id='word_1_568' title='bbox 2828 3108 3206 3181; x_wconf 84' lang='grc' dir='ltr'>αἰχμαλωσίαν</span> <span class='ocrx_word' id='word_1_569' title='bbox 3241 3108 3420 3162; x_wconf 71' lang='grc' dir='ltr'>αὐτῶν</span> <span class='ocrx_word' id='word_1_570' title='bbox 3442 3107 3611 3179; x_wconf 88' lang='grc' dir='ltr'>δηλοῖ,</span> <span class='ocrx_word' id='word_1_571' title='bbox 3649 3104 3725 3176; x_wconf 79' lang='grc' dir='ltr'>μὴ</span> 
     </span>
    </p>
   </div>
   <div class='ocr_carea' id='block_1_87' title="bbox 2148 3196 3725 3273">
    <p class='ocr_par' dir='ltr' id='par_1_87' title="bbox 2148 3196 3725 3273">
     <span class='ocr_line' id='line_1_87' title="bbox 2148 3196 3725 3273; baseline -0.001 -22"><span class='ocrx_word' id='word_1_572' title='bbox 2148 3197 2488 3269; x_wconf 86' lang='grc' dir='ltr'>θελησάντων</span> <span class='ocrx_word' id='word_1_573' title='bbox 2550 3200 2729 3254; x_wconf 79' lang='grc' dir='ltr'>αὐτῶν</span> <span class='ocrx_word' id='word_1_574' title='bbox 2794 3201 2892 3271; x_wconf 87' lang='grc' dir='ltr'><strong>μὲν</strong></span> <span class='ocrx_word' id='word_1_575' title='bbox 2951 3202 3206 3273; x_wconf 76' lang='grc' dir='ltr'>ἐμμεῖναι</span> <span class='ocrx_word' id='word_1_576' title='bbox 3266 3203 3376 3265; x_wconf 82' lang='grc' dir='ltr'>τοῖς</span> <span class='ocrx_word' id='word_1_577' title='bbox 3431 3198 3526 3254; x_wconf 87' lang='grc' dir='ltr'><strong>τοῦ</strong></span> <span class='ocrx_word' id='word_1_578' title='bbox 3587 3196 3725 3250; x_wconf 90' lang='grc' dir='ltr'>Θεοῦ</span> 
     </span>
    </p>
   </div>
   <div class='ocr_carea' id='block_1_88' title="bbox 2148 3288 3724 3363">
    <p class='ocr_par' dir='ltr' id='par_1_88' title="bbox 2148 3288 3724 3363">
     <span class='ocr_line' id='line_1_88' title="bbox 2148 3288 3724 3363; baseline -0.003 -19"><span class='ocrx_word' id='word_1_579' title='bbox 2148 3292 2554 3363; x_wconf 87' lang='grc' dir='ltr'>προστάγμασι,</span> <span class='ocrx_word' id='word_1_580' title='bbox 2602 3291 2988 3362; x_wconf 84' lang='grc' dir='ltr'>μεταθεμένων</span> <span class='ocrx_word' id='word_1_581' title='bbox 3030 3293 3085 3346; x_wconf 82' lang='grc' dir='ltr'>δὲ</span> <span class='ocrx_word' id='word_1_582' title='bbox 3124 3295 3203 3356; x_wconf 83' lang='grc' dir='ltr'><strong>είς</strong></span> <span class='ocrx_word' id='word_1_583' title='bbox 3249 3288 3724 3362; x_wconf 79' lang='grc' dir='ltr'>εἱδωλολατρείαν·</span> 
     </span>
    </p>
   </div>
   <div class='ocr_carea' id='block_1_89' title="bbox 2146 3376 3726 3452">
    <p class='ocr_par' dir='ltr' id='par_1_89' title="bbox 2146 3376 3726 3452">
     <span class='ocr_line' id='line_1_89' title="bbox 2146 3376 3726 3452; baseline -0.001 -21"><span class='ocrx_word' id='word_1_584' title='bbox 2146 3379 2266 3431; x_wconf 82' lang='grc' dir='ltr'>ὅθεν</span> <span class='ocrx_word' id='word_1_585' title='bbox 2287 3382 2381 3433; x_wconf 78' lang='grc' dir='ltr'>καὶ</span> <span class='ocrx_word' id='word_1_586' title='bbox 2411 3380 2738 3452; x_wconf 87' lang='grc' dir='ltr'>μεταθήσειν</span> <span class='ocrx_word' id='word_1_587' title='bbox 2765 3382 2965 3446; x_wconf 82' lang='grc' dir='ltr'>αὐτοὺς</span> <span class='ocrx_word' id='word_1_588' title='bbox 2990 3384 3019 3436; x_wconf 85' lang='grc' dir='ltr'><strong>ὁ</strong></span> <span class='ocrx_word' id='word_1_589' title='bbox 3044 3381 3177 3445; x_wconf 78' lang='grc' dir='ltr'>Θεὸς</span> <span class='ocrx_word' id='word_1_590' title='bbox 3198 3382 3361 3448; x_wconf 77' lang='grc' dir='ltr'>ἀξιοῖ,</span> <span class='ocrx_word' id='word_1_591' title='bbox 3386 3381 3462 3444; x_wconf 86' lang='grc' dir='ltr'><strong>ὡς</strong></span> <span class='ocrx_word' id='word_1_592' title='bbox 3497 3378 3604 3432; x_wconf 82' lang='grc' dir='ltr'>ἀπὸ</span> <span class='ocrx_word' id='word_1_593' title='bbox 3632 3376 3726 3430; x_wconf 86' lang='grc' dir='ltr'>τό·</span> 
     </span>
    </p>
   </div>
   <div class='ocr_carea' id='block_1_90' title="bbox 2148 3467 3725 3543">
    <p class='ocr_par' dir='ltr' id='par_1_90' title="bbox 2148 3467 3725 3543">
     <span class='ocr_line' id='line_1_90' title="bbox 2148 3467 3725 3543; baseline -0.001 -20"><span class='ocrx_word' id='word_1_594' title='bbox 2148 3487 2245 3524; x_wconf 88' lang='grc' dir='ltr'><strong>που</strong></span> <span class='ocrx_word' id='word_1_595' title='bbox 2307 3474 2387 3536; x_wconf 84' lang='grc' dir='ltr'><strong>είς</strong></span> <span class='ocrx_word' id='word_1_596' title='bbox 2439 3473 2633 3526; x_wconf 87' lang='grc' dir='ltr'>τόπον·</span> <span class='ocrx_word' id='word_1_597' title='bbox 2684 3473 2778 3528; x_wconf 68' lang='grc' dir='ltr'><strong>καὶ</strong></span> <span class='ocrx_word' id='word_1_598' title='bbox 2834 3474 2992 3527; x_wconf 89' lang='grc' dir='ltr'>τοῦτο</span> <span class='ocrx_word' id='word_1_599' title='bbox 3065 3473 3401 3543; x_wconf 84' lang='grc' dir='ltr'>ἀγαθότητος</span> <span class='ocrx_word' id='word_1_600' title='bbox 3450 3467 3725 3540; x_wconf 80' lang='grc' dir='ltr'>ὑπερϐολῇ</span> 
     </span>
    </p>
   </div>
   <div class='ocr_carea' id='block_1_91' title="bbox 2146 3560 3727 3636">
    <p class='ocr_par' dir='ltr' id='par_1_91' title="bbox 2146 3560 3727 3636">
     <span class='ocr_line' id='line_1_91' title="bbox 2146 3560 3727 3636; baseline -0.003 -21"><span class='ocrx_word' id='word_1_601' title='bbox 2146 3561 2348 3615; x_wconf 83' lang='grc' dir='ltr'>ποιῶν·</span> <span class='ocrx_word' id='word_1_602' title='bbox 2399 3561 2492 3626; x_wconf 79' lang='grc' dir='ltr'><strong>οὓς</strong></span> <span class='ocrx_word' id='word_1_603' title='bbox 2544 3562 2652 3636; x_wconf 84' lang='grc' dir='ltr'>γὰρ</span> <span class='ocrx_word' id='word_1_604' title='bbox 2692 3563 3000 3636; x_wconf 77' lang='grc' dir='ltr'>μοχθηροὺς</span> <span class='ocrx_word' id='word_1_605' title='bbox 3044 3563 3241 3630; x_wconf 76' lang='grc' dir='ltr'>ἔδειξεν</span> <span class='ocrx_word' id='word_1_606' title='bbox 3282 3565 3315 3634; x_wconf 81' lang='grc' dir='ltr'>ἡ</span> <span class='ocrx_word' id='word_1_607' title='bbox 3352 3562 3461 3633; x_wconf 81' lang='grc' dir='ltr'><strong>γῆ,</strong></span> <span class='ocrx_word' id='word_1_608' title='bbox 3499 3560 3727 3613; x_wconf 81' lang='grc' dir='ltr'>ἀκόλου-</span> 
     </span>
    </p>
   </div>
   <div class='ocr_carea' id='block_1_92' title="bbox 2147 3653 3726 3729">
    <p class='ocr_par' dir='ltr' id='par_1_92' title="bbox 2147 3653 3726 3729">
     <span class='ocr_line' id='line_1_92' title="bbox 2147 3653 3726 3729; baseline -0.001 -22"><span class='ocrx_word' id='word_1_609' title='bbox 2147 3653 2237 3708; x_wconf 90' lang='grc' dir='ltr'><strong>θον</strong></span> <span class='ocrx_word' id='word_1_610' title='bbox 2263 3654 2486 3721; x_wconf 77' lang='grc' dir='ltr'>τούτους</span> <span class='ocrx_word' id='word_1_611' title='bbox 2516 3658 2595 3720; x_wconf 85' lang='grc' dir='ltr'>εἰς</span> <span class='ocrx_word' id='word_1_612' title='bbox 2630 3658 2825 3729; x_wconf 81' lang='grc' dir='ltr'>ἑτέραν</span> <span class='ocrx_word' id='word_1_613' title='bbox 2871 3656 3207 3729; x_wconf 79' lang='grc' dir='ltr'>μεταχθῆναι</span> <span class='ocrx_word' id='word_1_614' title='bbox 3233 3657 3357 3727; x_wconf 78' lang='grc' dir='ltr'>γῆν,</span> <span class='ocrx_word' id='word_1_615' title='bbox 3397 3655 3450 3706; x_wconf 80' lang='grc' dir='ltr'><strong>εἴ</strong></span> <span class='ocrx_word' id='word_1_616' title='bbox 3486 3671 3589 3708; x_wconf 90' lang='grc' dir='ltr'><strong>που</strong></span> <span class='ocrx_word' id='word_1_617' title='bbox 3620 3653 3726 3723; x_wconf 80' lang='grc' dir='ltr'>ἄρα</span> 
     </span>
    </p>
   </div>
   <div class='ocr_carea' id='block_1_93' title="bbox 2147 3745 3722 3821">
    <p class='ocr_par' dir='ltr' id='par_1_93' title="bbox 2147 3745 3722 3821">
     <span class='ocr_line' id='line_1_93' title="bbox 2147 3745 3722 3821; baseline -0.001 -21"><span class='ocrx_word' id='word_1_618' title='bbox 2147 3749 2210 3818; x_wconf 85' lang='grc' dir='ltr'>τῇ</span> <span class='ocrx_word' id='word_1_619' title='bbox 2263 3746 2546 3818; x_wconf 89' lang='grc' dir='ltr'>μεταθέσει</span> <span class='ocrx_word' id='word_1_620' title='bbox 2589 3748 2697 3801; x_wconf 87' lang='grc' dir='ltr'><strong>τῶν</strong></span> <span class='ocrx_word' id='word_1_621' title='bbox 2748 3749 2928 3803; x_wconf 88' lang='grc' dir='ltr'>τόπων</span> <span class='ocrx_word' id='word_1_622' title='bbox 2973 3749 3266 3821; x_wconf 66' lang='grc' dir='ltr'>ἀμείψουσι</span> <span class='ocrx_word' id='word_1_623' title='bbox 3303 3749 3398 3802; x_wconf 80' lang='grc' dir='ltr'><strong>καὶ</strong></span> <span class='ocrx_word' id='word_1_624' title='bbox 3436 3746 3563 3810; x_wconf 76' lang='grc' dir='ltr'>τοὺς</span> <span class='ocrx_word' id='word_1_625' title='bbox 3605 3745 3722 3817; x_wconf 80' lang='grc' dir='ltr'>τρό-</span> 
     </span>
    </p>
   </div>
   <div class='ocr_carea' id='block_1_94' title="bbox 2146 3856 2299 3904">
    <p class='ocr_par' dir='ltr' id='par_1_94' title="bbox 2146 3856 2299 3904">
     <span class='ocr_line' id='line_1_94' title="bbox 2146 3856 2299 3904; baseline 0.013 -13"><span class='ocrx_word' id='word_1_626' title='bbox 2146 3856 2299 3904; x_wconf 84' lang='grc' dir='ltr'>πους.</span> 
     </span>
    </p>
   </div>
   <div class='ocr_carea' id='block_1_95' title="bbox 2217 3933 3725 4011">
    <p class='ocr_par' dir='ltr' id='par_1_95' title="bbox 2217 3933 3725 4011">
     <span class='ocr_line' id='line_1_95' title="bbox 2217 3933 3725 4011; baseline 0.002 -24"><span class='ocrx_word' id='word_1_627' title='bbox 2217 3936 2289 3988; x_wconf 85' lang='grc' dir='ltr'>Τὸ</span> <span class='ocrx_word' id='word_1_628' title='bbox 2316 3936 2534 4007; x_wconf 83' lang='grc' dir='ltr'>Χερμὲλ</span> <span class='ocrx_word' id='word_1_629' title='bbox 2562 3938 2687 4009; x_wconf 78' lang='grc' dir='ltr'>ὅρος</span> <span class='ocrx_word' id='word_1_630' title='bbox 2717 3933 2783 4010; x_wconf 78' lang='grc' dir='ltr'>ἦν</span> <span class='ocrx_word' id='word_1_631' title='bbox 2809 3939 3204 4011; x_wconf 87' lang='grc' dir='ltr'>προσκείμενον</span> <span class='ocrx_word' id='word_1_632' title='bbox 3234 3940 3300 4009; x_wconf 85' lang='grc' dir='ltr'>τῇ</span> <span class='ocrx_word' id='word_1_633' title='bbox 3345 3935 3725 4010; x_wconf 79' lang='grc' dir='ltr'>Ἰερουσαλὴμ,</span> 
     </span>
    </p>
   </div>
   <div class='ocr_carea' id='block_1_96' title="bbox 2144 4028 3726 4106">
    <p class='ocr_par' dir='ltr' id='par_1_96' title="bbox 2144 4028 3726 4106">
     <span class='ocr_line' id='line_1_96' title="bbox 2144 4028 3726 4106; baseline 0.001 -22"><span class='ocrx_word' id='word_1_634' title='bbox 2144 4029 2173 4084; x_wconf 83' lang='grc' dir='ltr'><strong>ὃ</strong></span> <span class='ocrx_word' id='word_1_635' title='bbox 2197 4034 2446 4103; x_wconf 88' lang='grc' dir='ltr'>κατεῖχον</span> <span class='ocrx_word' id='word_1_636' title='bbox 2468 4034 2517 4087; x_wconf 83' lang='grc' dir='ltr'>οἱ</span> <span class='ocrx_word' id='word_1_637' title='bbox 2541 4035 2647 4088; x_wconf 78' lang='grc' dir='ltr'>υἱοὶ</span> <span class='ocrx_word' id='word_1_638' title='bbox 2691 4033 2941 4106; x_wconf 77' lang='grc' dir='ltr'>Ἰσραήλ·</span> <span class='ocrx_word' id='word_1_639' title='bbox 2977 4037 3005 4088; x_wconf 90' lang='grc' dir='ltr'><strong>ό</strong></span> <span class='ocrx_word' id='word_1_640' title='bbox 3043 4035 3100 4089; x_wconf 85' lang='grc' dir='ltr'>δὲ</span> <span class='ocrx_word' id='word_1_641' title='bbox 3134 4035 3365 4097; x_wconf 89' lang='grc' dir='ltr'>Λίϐανος</span> <span class='ocrx_word' id='word_1_642' title='bbox 3404 4034 3533 4104; x_wconf 79' lang='grc' dir='ltr'>ὅρος</span> <span class='ocrx_word' id='word_1_643' title='bbox 3568 4028 3657 4104; x_wconf 80' lang='grc' dir='ltr'>ἦν,</span> <span class='ocrx_word' id='word_1_644' title='bbox 3698 4031 3726 4084; x_wconf 79' lang='grc' dir='ltr'><strong>δ</strong></span> 
     </span>
    </p>
   </div>
   <div class='ocr_carea' id='block_1_97' title="bbox 2144 4122 3724 4198">
    <p class='ocr_par' dir='ltr' id='par_1_97' title="bbox 2144 4122 3724 4198">
     <span class='ocr_line' id='line_1_97' title="bbox 2144 4122 3724 4198; baseline 0.003 -24"><span class='ocrx_word' id='word_1_645' title='bbox 2144 4126 2390 4193; x_wconf 82' lang='grc' dir='ltr'>κατεῖχον</span> <span class='ocrx_word' id='word_1_646' title='bbox 2418 4124 2486 4178; x_wconf 83' lang='grc' dir='ltr'>τὰ</span> <span class='ocrx_word' id='word_1_647' title='bbox 2529 4124 2687 4197; x_wconf 80' lang='grc' dir='ltr'>ἔθνη·</span> <span class='ocrx_word' id='word_1_648' title='bbox 2739 4127 2888 4198; x_wconf 81' lang='grc' dir='ltr'>δηλοῖ</span> <span class='ocrx_word' id='word_1_649' title='bbox 2935 4126 3115 4181; x_wconf 87' lang='grc' dir='ltr'>τοίνυν</span> <span class='ocrx_word' id='word_1_650' title='bbox 3162 4126 3253 4180; x_wconf 81' lang='grc' dir='ltr'>διὰ</span> <span class='ocrx_word' id='word_1_651' title='bbox 3311 4125 3539 4192; x_wconf 87' lang='grc' dir='ltr'>τούτων,</span> <span class='ocrx_word' id='word_1_652' title='bbox 3580 4125 3656 4188; x_wconf 85' lang='grc' dir='ltr'>ὡς</span> <span class='ocrx_word' id='word_1_653' title='bbox 3694 4122 3724 4175; x_wconf 84' lang='grc' dir='ltr'><strong>ὀ</strong></span> 
     </span>
    </p>
   </div>
   <div class='ocr_carea' id='block_1_98' title="bbox 2156 4215 3720 4291">
    <p class='ocr_par' dir='ltr' id='par_1_98' title="bbox 2156 4215 3720 4291">
     <span class='ocr_line' id='line_1_98' title="bbox 2156 4215 3720 4291; baseline 0.007 -23"><span class='ocrx_word' id='word_1_654' title='bbox 2156 4215 2369 4289; x_wconf 81' lang='grc' dir='ltr'>Ἰσραὴλ</span> <span class='ocrx_word' id='word_1_655' title='bbox 2395 4217 2702 4291; x_wconf 86' lang='grc' dir='ltr'>ἀπόϐλητος</span> <span class='ocrx_word' id='word_1_656' title='bbox 2725 4220 2966 4290; x_wconf 80' lang='grc' dir='ltr'>ἐγεγόνει</span> <span class='ocrx_word' id='word_1_657' title='bbox 2988 4221 3074 4274; x_wconf 83' lang='grc' dir='ltr'>διὰ</span> <span class='ocrx_word' id='word_1_658' title='bbox 3105 4219 3206 4283; x_wconf 80' lang='grc' dir='ltr'>τὰς</span> <span class='ocrx_word' id='word_1_659' title='bbox 3235 4220 3342 4290; x_wconf 88' lang='grc' dir='ltr'><strong>πλη</strong></span> <span class='ocrx_word' id='word_1_660' title='bbox 3352 4216 3720 4290; x_wconf 80' lang='grc' dir='ltr'>μμεληθείσας</span> 
     </span>
    </p>
   </div>
   <div class='ocr_carea' id='block_1_99' title="bbox 2143 4307 3719 4383">
    <p class='ocr_par' dir='ltr' id='par_1_99' title="bbox 2143 4307 3719 4383">
     <span class='ocr_line' id='line_1_99' title="bbox 2143 4307 3719 4383; baseline 0.001 -23"><span class='ocrx_word' id='word_1_661' title='bbox 2143 4307 2320 4360; x_wconf 83' lang='grc' dir='ltr'>αὐτῶν</span> <span class='ocrx_word' id='word_1_662' title='bbox 2355 4311 2699 4381; x_wconf 83' lang='grc' dir='ltr'>παρανομίας</span> <span class='ocrx_word' id='word_1_663' title='bbox 2736 4312 2828 4365; x_wconf 73' lang='grc' dir='ltr'><strong>καὶ</strong></span> <span class='ocrx_word' id='word_1_664' title='bbox 2858 4312 3110 4365; x_wconf 80' lang='grc' dir='ltr'>ἀσέϐειαν</span> <span class='ocrx_word' id='word_1_665' title='bbox 3142 4313 3239 4383; x_wconf 77' lang='grc' dir='ltr'>τὴν</span> <span class='ocrx_word' id='word_1_666' title='bbox 3279 4313 3358 4374; x_wconf 83' lang='grc' dir='ltr'>εἰς</span> <span class='ocrx_word' id='word_1_667' title='bbox 3387 4309 3547 4363; x_wconf 86' lang='grc' dir='ltr'>Θεόν·</span> <span class='ocrx_word' id='word_1_668' title='bbox 3582 4309 3719 4361; x_wconf 86' lang='grc' dir='ltr'>ἀντ-</span> 
     </span>
    </p>
   </div>
   <div class='ocr_carea' id='block_1_100' title="bbox 2142 4398 3724 4471">
    <p class='ocr_par' dir='ltr' id='par_1_100' title="bbox 2142 4398 3724 4471">
     <span class='ocr_line' id='line_1_100' title="bbox 2142 4398 3724 4471; baseline 0.001 -21"><span class='ocrx_word' id='word_1_669' title='bbox 2142 4398 2579 4471; x_wconf 84' lang='grc' dir='ltr'>εισενεχθήσεται</span> <span class='ocrx_word' id='word_1_670' title='bbox 2613 4400 2671 4452; x_wconf 86' lang='grc' dir='ltr'><strong>δὲ</strong></span> <span class='ocrx_word' id='word_1_671' title='bbox 2721 4402 2843 4455; x_wconf 68' lang='grc' dir='ltr'>ἀντὶ</span> <span class='ocrx_word' id='word_1_672' title='bbox 2870 4402 3061 4456; x_wconf 73' lang='grc' dir='ltr'>τούτου</span> <span class='ocrx_word' id='word_1_673' title='bbox 3106 4402 3198 4455; x_wconf 86' lang='grc' dir='ltr'><strong>τοῦ</strong></span> <span class='ocrx_word' id='word_1_674' title='bbox 3232 4402 3416 4464; x_wconf 77' lang='grc' dir='ltr'>ἔθνους</span> <span class='ocrx_word' id='word_1_675' title='bbox 3444 4398 3623 4452; x_wconf 83' lang='grc' dir='ltr'>πάντα</span> <span class='ocrx_word' id='word_1_676' title='bbox 3654 4399 3724 4452; x_wconf 79' lang='grc' dir='ltr'>τὰ</span> 
     </span>
    </p>
   </div>
   <div class='ocr_carea' id='block_1_101' title="bbox 2142 4487 3364 4565">
    <p class='ocr_par' dir='ltr' id='par_1_101' title="bbox 2142 4487 3364 4565">
     <span class='ocr_line' id='line_1_101' title="bbox 2142 4487 3364 4565; baseline 0.002 -25"><span class='ocrx_word' id='word_1_677' title='bbox 2142 4487 2291 4561; x_wconf 77' lang='grc' dir='ltr'>ἔθνη,</span> <span class='ocrx_word' id='word_1_678' title='bbox 2319 4490 2413 4543; x_wconf 71' lang='grc' dir='ltr'><strong>καὶ</strong></span> <span class='ocrx_word' id='word_1_679' title='bbox 2442 4490 2885 4562; x_wconf 87' lang='grc' dir='ltr'>ἀντιδεχθήσεται</span> <span class='ocrx_word' id='word_1_680' title='bbox 2910 4493 3059 4565; x_wconf 87' lang='grc' dir='ltr'>παρὰ</span> <span class='ocrx_word' id='word_1_681' title='bbox 3090 4492 3184 4546; x_wconf 83' lang='grc' dir='ltr'><strong>τοῦ</strong></span> <span class='ocrx_word' id='word_1_682' title='bbox 3208 4491 3364 4549; x_wconf 84' lang='grc' dir='ltr'>Θεοῦ.</span> 
     </span>
    </p>
   </div>
   <div class='ocr_carea' id='block_1_102' title="bbox 2228 4579 3723 4655">
    <p class='ocr_par' dir='ltr' id='par_1_102' title="bbox 2228 4579 3723 4655">
     <span class='ocr_line' id='line_1_102' title="bbox 2228 4579 3723 4655; baseline 0.001 -24"><span class='ocrx_word' id='word_1_683' title='bbox 2228 4580 2442 4648; x_wconf 82' lang='grc' dir='ltr'>Ἀνάγει</span> <span class='ocrx_word' id='word_1_684' title='bbox 2480 4582 2573 4636; x_wconf 87' lang='grc' dir='ltr'><strong>τὸν</strong></span> <span class='ocrx_word' id='word_1_685' title='bbox 2611 4582 2768 4651; x_wconf 89' lang='grc' dir='ltr'>λόγον</span> <span class='ocrx_word' id='word_1_686' title='bbox 2803 4584 2897 4638; x_wconf 74' lang='grc' dir='ltr'><strong>καὶ</strong></span> <span class='ocrx_word' id='word_1_687' title='bbox 2930 4581 3085 4648; x_wconf 76' lang='grc' dir='ltr'>αὖθις</span> <span class='ocrx_word' id='word_1_688' title='bbox 3119 4585 3212 4637; x_wconf 77' lang='grc' dir='ltr'><strong>ἐπὶ</strong></span> <span class='ocrx_word' id='word_1_689' title='bbox 3246 4582 3307 4633; x_wconf 79' lang='grc' dir='ltr'><strong>τὸ</strong></span> <span class='ocrx_word' id='word_1_690' title='bbox 3344 4579 3723 4655; x_wconf 59' lang='grc' dir='ltr'>ἐσφραγισμέ-</span> 
     </span>
    </p>
   </div>
   <div class='ocr_carea' id='block_1_103' title="bbox 2144 4666 3723 4747">
    <p class='ocr_par' dir='ltr' id='par_1_103' title="bbox 2144 4666 3723 4747">
     <span class='ocr_line' id='line_1_103' title="bbox 2144 4666 3723 4747; baseline 0.001 -24"><span class='ocrx_word' id='word_1_691' title='bbox 2144 4686 2233 4723; x_wconf 88' lang='grc' dir='ltr'><strong>νον</strong></span> <span class='ocrx_word' id='word_1_692' title='bbox 2269 4670 2492 4740; x_wconf 84' lang='grc' dir='ltr'>βιϐλίον,</span> <span class='ocrx_word' id='word_1_693' title='bbox 2542 4673 2609 4725; x_wconf 84' lang='grc' dir='ltr'>δι’</span> <span class='ocrx_word' id='word_1_694' title='bbox 2637 4666 2699 4727; x_wconf 74' lang='grc' dir='ltr'>οὗ</span> <span class='ocrx_word' id='word_1_695' title='bbox 2724 4676 2977 4747; x_wconf 86' lang='grc' dir='ltr'>σημαίνει</span> <span class='ocrx_word' id='word_1_696' title='bbox 3008 4676 3106 4745; x_wconf 85' lang='grc' dir='ltr'>τὴν</span> <span class='ocrx_word' id='word_1_697' title='bbox 3152 4672 3244 4727; x_wconf 85' lang='grc' dir='ltr'><strong>τοῦ</strong></span> <span class='ocrx_word' id='word_1_698' title='bbox 3278 4674 3529 4745; x_wconf 76' lang='grc' dir='ltr'>Σωτῆρος</span> <span class='ocrx_word' id='word_1_699' title='bbox 3576 4688 3723 4743; x_wconf 89' lang='grc' dir='ltr'>παρ-</span> 
     </span>
    </p>
   </div>
   <div class='ocr_carea' id='block_1_104' title="bbox 2143 4760 3719 4837">
    <p class='ocr_par' dir='ltr' id='par_1_104' title="bbox 2143 4760 3719 4837">
     <span class='ocr_line' id='line_1_104' title="bbox 2143 4760 3719 4837; baseline 0.001 -24"><span class='ocrx_word' id='word_1_700' title='bbox 2143 4760 2361 4813; x_wconf 89' lang='grc' dir='ltr'>ουσίαν·</span> <span class='ocrx_word' id='word_1_701' title='bbox 2393 4779 2411 4812; x_wconf 77' lang='grc'><strong>(</strong></span> <span class='ocrx_word' id='word_1_702' title='bbox 2453 4762 2801 4818; x_wconf 83' lang='grc' dir='ltr'>Ἀκούσονται</span> <span class='ocrx_word' id='word_1_703' title='bbox 2834 4764 2943 4837; x_wconf 80' lang='grc' dir='ltr'>γὰρ</span> <span class='ocrx_word' id='word_1_704' title='bbox 2977 4763 3151 4834; x_wconf 74' lang='grc' dir='ltr'>κωφοὶ</span> <span class='ocrx_word' id='word_1_705' title='bbox 3188 4763 3383 4833; x_wconf 84' lang='grc' dir='ltr'>λόγους</span> <span class='ocrx_word' id='word_1_706' title='bbox 3421 4763 3648 4834; x_wconf 84' lang='grc' dir='ltr'>βιϐλίου,</span> <span class='ocrx_word' id='word_1_707' title='bbox 3698 4781 3719 4814; x_wconf 72' lang='grc' dir='ltr'><strong>ι</strong></span> 
     </span>
    </p>
   </div>
   <div class='ocr_carea' id='block_1_105' title="bbox 2141 4849 3724 4924">
    <p class='ocr_par' dir='ltr' id='par_1_105' title="bbox 2141 4849 3724 4924">
     <span class='ocr_line' id='line_1_105' title="bbox 2141 4849 3724 4924; baseline 0.001 -23"><span class='ocrx_word' id='word_1_708' title='bbox 2141 4849 2415 4903; x_wconf 86' lang='grc' dir='ltr'>τουτέστιν</span> <span class='ocrx_word' id='word_1_709' title='bbox 2446 4853 2495 4904; x_wconf 78' lang='lat' dir='ltr'><strong>oi</strong></span> <span class='ocrx_word' id='word_1_710' title='bbox 2530 4852 2603 4923; x_wconf 84' lang='grc' dir='ltr'>μὴ</span> <span class='ocrx_word' id='word_1_711' title='bbox 2639 4853 3007 4924; x_wconf 71' lang='grc' dir='ltr'>προκόψαντες</span> <span class='ocrx_word' id='word_1_712' title='bbox 3042 4853 3120 4924; x_wconf 83' lang='grc' dir='ltr'>τῷ</span> <span class='ocrx_word' id='word_1_713' title='bbox 3148 4852 3281 4924; x_wconf 72' lang='grc' dir='ltr'>λίθῳ</span> <span class='ocrx_word' id='word_1_714' title='bbox 3321 4851 3415 4905; x_wconf 86' lang='grc' dir='ltr'><strong>τοῦ</strong></span> <span class='ocrx_word' id='word_1_715' title='bbox 3447 4851 3724 4922; x_wconf 86' lang='grc' dir='ltr'>προσκόμ-</span> 
     </span>
    </p>
   </div>
   <div class='ocr_carea' id='block_1_106' title="bbox 2146 4943 3724 5018">
    <p class='ocr_par' dir='ltr' id='par_1_106' title="bbox 2146 4943 3724 5018">
     <span class='ocr_line' id='line_1_106' title="bbox 2146 4943 3724 5018; baseline 0.003 -25"><span class='ocrx_word' id='word_1_716' title='bbox 2146 4957 2310 5011; x_wconf 90' lang='grc' dir='ltr'>ματος</span> <span class='ocrx_word' id='word_1_717' title='bbox 2330 4959 2342 4971; x_wconf 93' lang='grc'><strong>·</strong></span> <span class='ocrx_word' id='word_1_718' title='bbox 2364 4944 2413 4995; x_wconf 80' lang='grc' dir='ltr'>οἱ</span> <span class='ocrx_word' id='word_1_719' title='bbox 2439 4946 2505 5015; x_wconf 83' lang='grc' dir='ltr'>τῇ</span> <span class='ocrx_word' id='word_1_720' title='bbox 2541 4946 2869 5018; x_wconf 78' lang='grc' dir='ltr'>ἐπικειμένῃ</span> <span class='ocrx_word' id='word_1_721' title='bbox 2899 4945 3175 5015; x_wconf 86' lang='grc' dir='ltr'>σφραγῖδι,</span> <span class='ocrx_word' id='word_1_722' title='bbox 3209 4945 3268 5007; x_wconf 86' lang='grc' dir='ltr'>ὃς</span> <span class='ocrx_word' id='word_1_723' title='bbox 3298 4945 3415 4997; x_wconf 81' lang='grc' dir='ltr'>ἐστι</span> <span class='ocrx_word' id='word_1_724' title='bbox 3461 4943 3724 5014; x_wconf 80' lang='grc' dir='ltr'>Χριστὸς,</span> 
     </span>
    </p>
   </div>
   <div class='ocr_carea' id='block_1_107' title="bbox 2146 5031 3724 5106">
    <p class='ocr_par' dir='ltr' id='par_1_107' title="bbox 2146 5031 3724 5106">
     <span class='ocr_line' id='line_1_107' title="bbox 2146 5031 3724 5106; baseline 0.001 -21"><span class='ocrx_word' id='word_1_725' title='bbox 2146 5031 2221 5103; x_wconf 84' lang='grc' dir='ltr'>μὴ</span> <span class='ocrx_word' id='word_1_726' title='bbox 2253 5037 2720 5105; x_wconf 81' lang='grc' dir='ltr'>προφασισάμενοι</span> <span class='ocrx_word' id='word_1_727' title='bbox 2756 5034 3075 5089; x_wconf 84' lang='grc' dir='ltr'>πιστεῦσαι·</span> <span class='ocrx_word' id='word_1_728' title='bbox 3101 5035 3152 5088; x_wconf 77' lang='lat' dir='ltr'><strong>oi</strong></span> <span class='ocrx_word' id='word_1_729' title='bbox 3184 5034 3292 5106; x_wconf 84' lang='grc' dir='ltr'>γὰρ</span> <span class='ocrx_word' id='word_1_730' title='bbox 3313 5037 3371 5088; x_wconf 83' lang='grc' dir='ltr'>ὲν</span> <span class='ocrx_word' id='word_1_731' title='bbox 3412 5035 3590 5105; x_wconf 83' lang='grc' dir='ltr'>σκότῳ</span> <span class='ocrx_word' id='word_1_732' title='bbox 3622 5035 3724 5087; x_wconf 74' lang='grc' dir='ltr'>καὶ</span> 
     </span>
    </p>
   </div>
   <div class='ocr_carea' id='block_1_108' title="bbox 2141 5123 3724 5199">
    <p class='ocr_par' dir='ltr' id='par_1_108' title="bbox 2141 5123 3724 5199">
     <span class='ocr_line' id='line_1_108' title="bbox 2141 5123 3724 5199; baseline 0.003 -24"><span class='ocrx_word' id='word_1_733' title='bbox 2141 5123 2332 5194; x_wconf 81' lang='grc' dir='ltr'>ἀγνοίᾳ</span> <span class='ocrx_word' id='word_1_734' title='bbox 2371 5125 2646 5193; x_wconf 84' lang='grc' dir='ltr'>διάγοντες</span> <span class='ocrx_word' id='word_1_735' title='bbox 2686 5127 3098 5197; x_wconf 77' lang='grc' dir='ltr'>ἀναϐλέψουσιν,</span> <span class='ocrx_word' id='word_1_736' title='bbox 3150 5127 3315 5199; x_wconf 83' lang='grc' dir='ltr'>ἡνίκα</span> <span class='ocrx_word' id='word_1_737' title='bbox 3348 5126 3414 5181; x_wconf 83' lang='grc' dir='ltr'>ἂν</span> <span class='ocrx_word' id='word_1_738' title='bbox 3469 5125 3567 5197; x_wconf 80' lang='grc' dir='ltr'>τὴν</span> <span class='ocrx_word' id='word_1_739' title='bbox 3623 5126 3724 5179; x_wconf 83' lang='grc' dir='ltr'><strong>τοῦ</strong></span> 
     </span>
    </p>
   </div>
   <div class='ocr_carea' id='block_1_109' title="bbox 2142 5215 3725 5291">
    <p class='ocr_par' dir='ltr' id='par_1_109' title="bbox 2142 5215 3725 5291">
     <span class='ocr_line' id='line_1_109' title="bbox 2142 5215 3725 5291; baseline 0.001 -22"><span class='ocrx_word' id='word_1_740' title='bbox 2142 5215 2390 5287; x_wconf 78' lang='grc' dir='ltr'>Σωτῆρος</span> <span class='ocrx_word' id='word_1_741' title='bbox 2457 5218 2867 5289; x_wconf 84' lang='grc' dir='ltr'>παραδέξωνται</span> <span class='ocrx_word' id='word_1_742' title='bbox 2924 5218 3251 5291; x_wconf 87' lang='grc' dir='ltr'>παρουσίαν·</span> <span class='ocrx_word' id='word_1_743' title='bbox 3309 5218 3405 5273; x_wconf 74' lang='grc' dir='ltr'><strong>καὶ</strong></span> <span class='ocrx_word' id='word_1_744' title='bbox 3460 5219 3509 5271; x_wconf 81' lang='lat' dir='ltr'><strong>oi</strong></span> <span class='ocrx_word' id='word_1_745' title='bbox 3574 5234 3725 5272; x_wconf 74' lang='grc' dir='ltr'><strong>πτιο⁴</strong></span> 
     </span>
    </p>
   </div>
   <div class='ocr_carea' id='block_1_110' title="bbox 2142 5306 3726 5380">
    <p class='ocr_par' dir='ltr' id='par_1_110' title="bbox 2142 5306 3726 5380">
     <span class='ocr_line' id='line_1_110' title="bbox 2142 5306 3726 5380; baseline 0.003 -22"><span class='ocrx_word' id='word_1_746' title='bbox 2142 5306 2388 5376; x_wconf 83' lang='grc' dir='ltr'>χεύοντες</span> <span class='ocrx_word' id='word_1_747' title='bbox 2435 5312 2493 5363; x_wconf 84' lang='grc' dir='ltr'>ὲν</span> <span class='ocrx_word' id='word_1_748' title='bbox 2532 5309 2609 5379; x_wconf 83' lang='grc' dir='ltr'>τῷ</span> <span class='ocrx_word' id='word_1_749' title='bbox 2646 5308 2788 5380; x_wconf 86' lang='grc' dir='ltr'>λόγῳ</span> <span class='ocrx_word' id='word_1_750' title='bbox 2829 5309 3188 5379; x_wconf 78' lang='grc' dir='ltr'>πλουτήσουσι</span> <span class='ocrx_word' id='word_1_751' title='bbox 3229 5310 3317 5364; x_wconf 78' lang='grc' dir='ltr'><strong>διὰ</strong></span> <span class='ocrx_word' id='word_1_752' title='bbox 3354 5310 3444 5363; x_wconf 77' lang='grc' dir='ltr'><strong>τὸν</strong></span> <span class='ocrx_word' id='word_1_753' title='bbox 3486 5308 3726 5379; x_wconf 83' lang='grc' dir='ltr'>φανέντα</span> 
     </span>
    </p>
   </div>
   <div class='ocr_carea' id='block_1_111' title="bbox 2142 5398 3727 5474">
    <p class='ocr_par' dir='ltr' id='par_1_111' title="bbox 2142 5398 3727 5474">
     <span class='ocr_line' id='line_1_111' title="bbox 2142 5398 3727 5474; baseline 0.001 -23"><span class='ocrx_word' id='word_1_754' title='bbox 2142 5398 2402 5468; x_wconf 84' lang='grc' dir='ltr'>Χριστόν·</span> <span class='ocrx_word' id='word_1_755' title='bbox 2441 5401 2535 5454; x_wconf 73' lang='grc' dir='ltr'><strong>καὶ</strong></span> <span class='ocrx_word' id='word_1_756' title='bbox 2566 5403 2766 5465; x_wconf 82' lang='grc' dir='ltr'>πάντες</span> <span class='ocrx_word' id='word_1_757' title='bbox 2803 5402 3137 5474; x_wconf 71' lang='grc' dir='ltr'>εὐφροσύνης</span> <span class='ocrx_word' id='word_1_758' title='bbox 3171 5402 3623 5474; x_wconf 82' lang='grc' dir='ltr'>πληρωθήσονται</span> <span class='ocrx_word' id='word_1_759' title='bbox 3671 5401 3727 5453; x_wconf 78' lang='lat' dir='ltr'><strong>oi</strong></span> 
     </span>
    </p>
   </div>
   <div class='ocr_carea' id='block_1_112' title="bbox 2143 5486 2846 5557">
    <p class='ocr_par' dir='ltr' id='par_1_112' title="bbox 2143 5486 2846 5557">
     <span class='ocr_line' id='line_1_112' title="bbox 2143 5486 2846 5557; baseline 0.01 -15"><span class='ocrx_word' id='word_1_760' title='bbox 2143 5492 2221 5552; x_wconf 84' lang='grc' dir='ltr'>εἰς</span> <span class='ocrx_word' id='word_1_761' title='bbox 2248 5486 2410 5545; x_wconf 75' lang='grc' dir='ltr'>αὐτὸν</span> <span class='ocrx_word' id='word_1_762' title='bbox 2444 5494 2846 5557; x_wconf 79' lang='grc' dir='ltr'>πιστεύσαντες.</span> 
     </span>
    </p>
   </div>
   <div class='ocr_carea' id='block_1_113' title="bbox 2202 5756 2970 5844">
    <p class='ocr_par' dir='ltr' id='par_1_113' title="bbox 2202 5756 2970 5844">
     <span class='ocr_line' id='line_1_113' title="bbox 2202 5756 2970 5844; baseline 0.005 -33"><span class='ocrx_word' id='word_1_763' title='bbox 2202 5758 2277 5844; x_wconf 73' lang='grc'><strong>(4)</strong></span> <span class='ocrx_word' id='word_1_764' title='bbox 2321 5756 2441 5814; x_wconf 84' lang='lat' dir='ltr'><strong>Vid.</strong></span> <span class='ocrx_word' id='word_1_765' title='bbox 2471 5775 2667 5830; x_wconf 86' lang='lat' dir='ltr'><strong>supra,</strong></span> <span class='ocrx_word' id='word_1_766' title='bbox 2703 5775 2848 5817; x_wconf 82' lang='lat' dir='ltr'><strong>vers.</strong></span> <span class='ocrx_word' id='word_1_767' title='bbox 2882 5758 2970 5815; x_wconf 73' lang='grc' dir='ltr'><strong>ΙΙ.</strong></span> 
     </span>
    </p>
   </div>
  </div>
