4138 6424
385 405 513 460 ΙΞΞΙ

1820 401 1887 455 IN
1924 398 2183 454 lSAlAM.

3502 402 3644 456 i327.

445 524 632 594 Θλίψιν
657 525 887 580 ἐνταῦθα
914 525 1062 595 λέγει
1106 525 1206 597 τὴν
1249 524 1435 593 ἔφοδον
1464 524 1573 579 τῶν
1632 524 1953 595 Ἀσσυρίων,

2070 583 2074 587 ι
2133 519 2262 573 CAP.
2298 519 2463 581 XXX,
2498 519 2660 574 Vens.
2693 520 2746 574 6.
2779 519 2879 575 Per
2910 519 3320 575 tribulationem
3351 518 3442 573 hic
3471 516 3642 589 Assy-

379 610 498 690 ἐν
528 617 872 688 συνεχόμενοι
923 618 1022 682 τὰς
1062 618 1397 687 ἀνηκέστους
1434 618 1706 688 ὑπέμενον
1750 632 1960 686 συμφο-

381 710 511 782 ράςο
545 709 770 774 τούτους
796 710 976 764 τοίνυν
1017 709 1105 763 διὰ
1126 710 1225 779 τήν
1259 710 1549 763 κακόνοιαν
1594 707 1702 761 τῶν
1742 709 1961 778 τρόπων

379 800 475 852 καὶ
515 800 733 863 λέοντας
773 801 867 854 καὶ
915 799 1188 869 σκύμνους
1235 799 1461 851 λεόντων
1501 798 1688 851 ἐκάλει
1737 798 1831 851 καὶ
1872 796 1960 849 ἐκ·

379 909 511 961 γονα
555 892 816 945 ἀσπίδων.
862 894 1073 963 Ὥσπερ
1119 890 1214 945 οὖν
1266 891 1360 945 καὶ
1386 893 1414 944 ὁ
1450 890 1719 962 μακάριος
1781 888 1962 942 Ἰωάν-

378 1001 495 1054 νης,
527 984 555 1036 ὁ
591 984 899 1055 πρόδρομος
930 983 1023 1037 τοῦ
1056 982 1327 1054 ἡμετέρου
1362 982 1635 1054 Σωτῆρος,
1667 981 1822 1050 ὄφεις
1865 980 1959 1033 καὶ

376 1078 692 1147 γεννήματα
716 1076 942 1147 ἐχιδνῶν
976 1076 1193 1144 ἐλεγενο
1230 1076 1291 1129 οὐ
1340 1075 1445 1146 μὴν
1489 1074 1622 1127 ἀλλὰ
1674 1074 1765 1127 καλ⁵
1802 1073 1958 1125 ἵπποι

375 1164 704 1237 θηλυμανεῖς
759 1165 1120 1237 ἐγενήθησαν,
1169 1166 1264 1217 καὶ
1318 1166 1431 1226 τοῖς
1474 1163 1653 1226 ἄλλοις
1701 1162 1959 1229 ὀνόμασιν

374 1261 581 1327 ἐκάλει,
622 1260 838 1323 δεικνὺς
865 1260 964 1331 τὴν
987 1258 1212 1312 ἐκείνων
1257 1258 1457 1311 κακίαν
1482 1274 1494 1286 ·
1542 1256 1686 1309 οὕτω
1731 1254 1825 1308 καὶ
1862 1253 1958 1307 νῦν

374 1350 790 1423 χαρακτηρίζων
832 1350 1012 1403 αὐτῶν
1054 1350 1182 1409 τοὺς
1225 1347 1483 1419 τρόπους,
1529 1347 1697 1419 θηρία
1740 1347 1953 1415 ἔλεγεν·

372 1442 583 1505 οἵτινες
639 1441 746 1494 ὑπὸ
791 1441 901 1493 τῶν
952 1439 1144 1493 δεινῶν
1196 1440 1562 1509 συνεχόμενοι,
1597 1439 1697 1490 οὐκ
1740 1438 1830 1490 ἐπὶ
1866 1436 1957 1490 τὸν

371 1531 507 1585 Θεὸν
528 1530 865 1600 κατέφευγον
889 1530 983 1583 τὸν
1006 1530 1114 1583 τῶν
1142 1528 1323 1583 καλῶν
1352 1530 1541 1592 αἴτιον,
1573 1528 1671 1599 τὴν
1698 1527 1807 1581 τῶν
1830 1529 1957 1595 ἁγα-

371 1621 482 1676 θῶν
509 1623 722 1693 πηγήνο
761 1621 875 1675 ἀλλ’
911 1622 1190 1685 ἐπιθέντες
1233 1622 1324 1674 ἐπὶ
1352 1621 1507 1683 ὄνους
1547 1621 1641 1675 καὶ
1677 1619 1956 1690 καμήλους

370 1714 464 1768 τὸν
509 1714 718 1768 ἑαυτῶν
782 1714 1010 1768 πλοῦτον
1026 1748 1050 1779 ,ο
1090 1712 1383 1785 πρεσϐείαν
1440 1713 1578 1784 πρὸς
1625 1712 1955 1782 Αἰγυπτίους

370 1807 703 1863 ἀποστέλλου
711 1823 816 1861 σιν.

442 1942 636 1997 Φθάνει
671 1941 802 2004 Θεὸς
826 1939 921 1994 καὶ
950 1937 1056 2009 πρὸ
1083 1937 1183 2008 τῆς
1218 1934 1327 1990 τῶν
1368 1951 1709 2008 πραγματων
1755 1937 1952 2009 πείρας

370 2034 835 2108 διαμαρτύρεσθαι
865 2034 955 2088 τὸν
993 2032 1299 2103 προφήτην,
1350 2030 1424 2094 ὡς
1451 2031 1602 2084 οὐδὲν
1645 2031 1829 2102 ὀνήσει
1857 2030 1956 2083 αὐ-

370 2130 497 2193 τοὺς
533 2130 566 2199 ἡ
608 2125 923 2180 ἐλπισθεῖσα
961 2124 1090 2195 παρ’
1143 2122 1323 2177 αὐτῶν
1361 2121 1676 2194 ἀνθρωπίνη
1712 2119 1953 2193 βοήθεια,

369 2222 447 2275 ὅτ’
480 2221 545 2275 ἂν
595 2219 805 2292 ἀπείπῃ
853 2218 888 2289 ἡ
934 2215 1027 2269 τοῦ
1072 2213 1207 2268 Θεοῦ
1260 2215 1421 2286 ῥοπή.
1460 2246 1530 2254 --
1563 2214 1674 2266 Καὶ
1722 2212 1955 2267 ἐνταῦθα

369 2313 542 2384 πολλὴ
571 2315 605 2384 ή
632 2310 726 2365 τοῦ
758 2310 893 2364 Θεοῦ
920 2308 1189 2379 ἀγαθότης
1226 2307 1487 2378 μηνύεται
1508 2323 1523 2337 ο
1582 2307 1800 2377 Ἐπειδὴ
1823 2304 1953 2377 γὰρ,

370 2407 524 2477 φησὶ,
562 2404 719 2474 λόγος
754 2401 1107 2456 ού.τοσοῦτον
1141 2400 1477 2454 καθικνεῖται
1520 2399 1627 2452 τῶν
1672 2399 1954 2453 νουθετου-

372 2499 549 2571 μένων
597 2498 673 2563 ὠς
718 2496 995 2569 ἔγγραφος
1048 2494 1219 2565 φωνή,
1268 2494 1558 2565 ἐγγράφως
1604 2494 1800 2558 αὐτοὺς
1840 2492 1956 2547 δια-

373 2590 709 2663 μαρτύρεται
744 2589 971 2661 γράφων
1013 2587 1082 2641 τὰ
1120 2586 1379 2657 μέλλοντα
1418 2586 1615 2650 αὐτοὺς
1656 2584 1957 2656 καταλήψε-

369 2682 495 2737 σθαι
520 2684 598 2746 είς
625 2680 816 2748 πυξίον
849 2679 941 2733 καὶ
971 2680 1051 2740 είς
1083 2676 1306 2747 βιϐλίον.

456 2816 675 2887 Ἐπειδὴ
704 2815 815 2887 γὰρ
859 2815 956 2869 καὶ
1006 2812 1143 2885 μετὰ
1170 2813 1268 2885 τὴν
1310 2814 1516 2867 τούτων
1560 2811 1954 2884 προαγόρευσιν

366 2911 484 2975 τοῖς
539 2911 721 2975 αὐτοῖς
778 2911 1128 2982 ἐπεμείνατε,
1182 2910 1320 2981 μήτε
1370 2908 1462 2977 ἀφ’
1521 2906 1729 2961 ἑαυτῶν
1784 2924 1954 2962 κατα-

371 3003 664 3073 νοήσαντες
690 3001 759 3055 τὰ
802 3002 1174 3076 συμφέροντα.
1216 3002 1352 3072 μήτε
1399 2999 1553 3071 παρά
1589 2998 1702 3054 τῶν
1735 3016 1951 3072 προφη-

367 3090 481 3145 τῶν
538 3090 863 3164 θελήσαντες
922 3091 1319 3164 όμματωθῆναι
1368 3094 1449 3155 εἰς
1492 3090 1748 3163 θεωρίαν,
1819 3108 1950 3145 κατ-

369 3182 632 3255 εδράμετε
669 3184 727 3237 δέ
765 3185 843 3248 είς
874 3183 1148 3254 Αἴγυπτον
1179 3183 1255 3247 ώς
1287 3185 1366 3247 είς
1410 3182 1633 3254 ἰσχυρὰν
1674 3180 1949 3253 βοήθειαν·

369 3275 458 3330 διὰ
488 3276 645 3330 τοῦτο
676 3278 771 3331 καὶ¹
824 3276 893 3330 τὰ
943 3278 1063 3331 κατ’
1112 3276 1386 3345 Αἴγυπτον
1419 3274 1690 3329 ἀκούσατε
1715 3291 1729 3305 ⁸
1766 3276 1800 3346 ἡ
1841 3273 1949 3345 γὰρ

368 3369 685 3424 ἐλπισθεῖσα
731 3371 863 3442 παρ’
891 3369 1046 3441 ὑμῶν
1086 3369 1270 3441 ἄμυνά
1314 3385 1374 3423 τε
1423 3369 1518 3423 καὶ
1547 3367 1766 3440 βοήθεια
1791 3368 1951 3440 γενή-

373 3460 562 3516 σεσθαι
623 3463 750 3534 ὑμῖν
811 3461 983 3527 οὕτως
1024 3462 1176 3516 ἔσται
1228 3462 1481 3530 ἀσθενὴς,
1540 3460 1730 3533 ὥσπερ
1754 3459 1951 3529 τεῖχος

368 3553 603 3618 πόλεως
629 3554 853 3607 πίπτον-
876 3553 1256 3624 παραχρῆμα.

444 3689 554 3760 υύχ
584 3689 613 3741 ὁ
650 3689 965 3753 ἐπιπόλαιος
995 3690 1297 3761 στεναγμὸς
1332 3690 1426 3743 καὶ
1459 3691 1494 3761 ἡ
1528 3689 1621 3744 τοῦ
1656 3686 1949 3761 προσώπου

370 3779 689 3851 ἀποστροφὴ
735 3778 995 3850 ὀνίνησιν,
1034 3779 1147 3832 ἀλλ’
1193 3781 1226 3852 ή
1267 3779 1375 3833 τῶν
1416 3779 1636 3851 τρόπων
1680 3778 1949 3850 μεταϐολὴ

372 3870 467 3923 καὶ
520 3872 552 3942 ἡ
609 3869 718 3924 τῶν
772 3870 1189 3942 ἁμαρτημάτων
1259 3869 1607 3943 ἀναχώρησις
1676 3870 1950 3942 σωτηρίαν

370 3963 843 4035 πραγματεύεται.
886 3993 932 4002 -
966 3961 1079 4033 Τὴν
1126 3961 1264 4035 μετὰ
1309 3963 1410 4032 τὴν
1454 3961 1802 4034 ἀναχώρησιν
1841 3960 1950 4013 τῶν

374 4055 785 4126 ἁμαρτημάτων
848 4054 1096 4127 καθαρὰν
1140 4054 1492 4127 συναίσθησιν
1540 4054 1773 4124 φάσκειο
1828 4052 1949 4106 τότε

368 4147 480 4217 γάρ
526 4165 613 4211 τις
656 4146 988 4219 ἐπιγνώμων
1035 4147 1228 4202 ἐαυτοῦ
1285 4147 1519 4219 ἀκριϐὴς
1544 4146 1717 4209 ἔσται,
1755 4146 1833 4199 ὅτ’
1860 4144 1948 4211 ἂν,

368 4236 560 4310 ῶσπερ
589 4238 744 4292 νόσου
772 4238 919 4302 τινὸς
947 4237 1050 4309 τῆς
1082 4238 1275 4309 ἡδονῆς
1300 4255 1361 4291 τε
1390 4238 1485 4292 καὶ
1506 4237 1949 4309 εἰδωλολατρείας

371 4330 727 4399 ἀπαλλαγεὶς,
781 4329 1163 4402 καθαρώτερον
1197 4330 1265 4385 τὰ
1297 4331 1404 4402 πρὸ
1444 4331 1634 4385 τούτου
1666 4329 1818 4401 αὐτῷ
1856 4346 1952 4383 πε-

370 4419 812 4492 πλημμελημένα
829 4421 924 4475 καὶ
948 4421 1266 4493 ἠσεϐημένα
1294 4421 1515 4475 κατίδοι.

439 4534 553 4606 Τὴν
580 4535 659 4598 είς
703 4534 854 4588 οὐδὲν
905 4535 1097 4605 ὄφελος
1126 4537 1316 4601 ἀὐτοῖς
1365 4534 1656 4608 κληθεῖσαν
1700 4535 1950 4607 βοήθειαν

2064 613 2271 667 riorum
2312 613 2570 667 incursus
2606 612 2868 678 intendit,
2908 614 3113 682 quibus
3141 610 3392 681 oppressi
3418 611 3640 681 gravis-

2064 705 2233 759 simas
2260 704 2601 757 calamitates
2625 704 2989 773 pertulerunt.
3020 705 3174 773 ipsos
3198 703 3386 774 igitur,
3419 710 3644 775 propter

2061 810 2275 850 morum
2323 796 2682 866 pravitatem,
2740 803 2795 851 et
2845 796 3031 853 leones
3076 807 3268 859 vocat,
3317 804 3372 852 et
3417 796 3633 850 catulos

2061 889 2278 942 leonum
2302 928 2316 952 ,
2355 895 2409 943 et
2443 888 2719 959 genimina
2749 890 3023 960 aspidum.
3057 890 3132 945 lla
3163 900 3217 945 et
3246 892 3439 947 beatus
3471 890 3640 946 Joan—

2060 996 2181 1045 nes,
2214 975 2515 1035 Salvatoris
2549 982 2722 1037 nostri
2756 998 3084 1053 przecursor,
3116 982 3335 1040 Iudaeos
3359 996 3638 1055 serpentes

2059 1071 2213 1137 dicit,
2244 1081 2299 1127 et
2332 1073 2606 1143 genimina
2634 1073 2943 1143 viperarum
2963 1073 3008 1127 ⁸.
3042 1072 3180 1145 (Ubi
3206 1075 3355 1128 verba
3391 1074 3501 1129 hwc
3535 1091 3639 1128 non

2060 1184 2092 1221 a
2135 1166 2345 1221 Joanne
2378 1166 2466 1222 sed
2522 1167 2587 1221 ab
2640 1169 2755 1237 ipso
2810 1168 3026 1223 Christo
3079 1170 3451 1238 usurpantur.)
3492 1167 3640 1223 Prae-

2059 1259 2246 1314 sertim
2276 1274 2408 1316 vero
2448 1260 2725 1317 libidinosi
2768 1261 2895 1331 equi
2928 1260 3286 1325 exstiterant,
3321 1270 3375 1315 et
3410 1261 3516 1314 alia
3541 1276 3639 1314 no-

2060 1353 2205 1406 mina
2236 1352 2667 1422 usurpabantur,
2710 1353 2913 1425 quibus
2954 1353 3271 1409 declaretur
3300 1369 3491 1409 eorum
3524 1368 3641 1406 ma-
3714 1412 3725 1421 ο

2058 1444 2197 1499 litia.
2249 1442 2341 1498 Sic
2393 1451 2447 1499 et
2482 1459 2629 1498 nunc
2679 1459 2861 1500 mores
2907 1458 3098 1499 eorum
3146 1443 3453 1507 deﬁniens,
3490 1442 3639 1498 feras

2056 1551 2151 1592 eos
2175 1545 2337 1592 vocat
2363 1537 2458 1606 qui
2489 1535 2900 1591 calamitatibus
2931 1535 3203 1605 oppressi,
3238 1548 3348 1589 non
3373 1534 3442 1589 ad
3467 1532 3637 1587 Deum

2058 1627 2449 1699 confugerunt,
2473 1629 2604 1689 doni
2632 1629 2902 1700 cujusque
2930 1635 3233 1694 auctorem,
3258 1627 3639 1697 bonorumque

2057 1718 2300 1788 fontem;
2348 1721 2443 1776 sed
2494 1721 2550 1775 in
2603 1720 2792 1776 asinos
2841 1730 2897 1775 et
2947 1720 3190 1775 camelos
3237 1719 3459 1774 divitias
3507 1733 3637 1773 suas

2056 1815 2417 1886 imponeutes,
2438 1816 2762 1887 legationem
2790 1815 2859 1870 ad
2892 1815 3178 1889 Egyptios
3207 1818 3491 1872 miserunt.

2130 1926 2295 1984 Vens.
2326 1929 2379 1984 8.
2407 1928 2714 1986 Confestim
2742 1937 2795 1986 et
2824 1940 3116 2002 antequam
3146 1946 3236 1987 res
3265 1939 3462 1987 eventu
3484 1944 3637 1986 com-

2057 2023 2339 2094 probetur,
2370 2023 2523 2093 jubet
2568 2024 2730 2089 Deus,
2779 2032 3015 2080 testante
3055 2025 3354 2096 propheta,
3386 2024 3524 2079 nihil
3552 2024 3634 2079 eis

2058 2116 2429 2187 profecturum
2458 2118 2742 2184 auxilium,
2761 2119 2903 2189 quod
2936 2119 3005 2173 ab
3033 2118 3345 2173 hominibus
3376 2116 3478 2174 sibi
3506 2131 3634 2187 spe-

2058 2218 2337 2275 raveruut,
2365 2209 2457 2263 ubi
2486 2209 2628 2265 Deus
2657 2225 2815 2280 Opem
2851 2210 3221 2282 denegaverit.
3251 2210 3632 2266 --Commen—

2057 2303 2220 2357 datur
2266 2319 2487 2374 quoque
2528 2303 2618 2357 hic
2671 2317 2867 2374 magna
2908 2302 3007 2359 Dei
3057 2303 3473 2371 misericordia;
3507 2317 3634 2358 cum

2056 2396 2200 2450 enim
2223 2436 2238 2461 ,
2279 2396 2491 2466 inquit,
2527 2412 2631 2451 vox
2670 2412 2782 2452 non
2825 2403 3038 2451 tantum
3077 2397 3255 2452 valeat
3292 2396 3360 2451 ad
3386 2411 3632 2451 commo-

2056 2487 2265 2543 vendos
2298 2488 2514 2544 animos
2534 2528 2550 2553 ,
2596 2496 2867 2559 quantum
2898 2488 3248 2559 conscriptus
3281 2501 3494 2555 sermo,
3537 2503 3634 2559 per

2056 2578 2262 2649 scripta
2301 2592 2399 2634 eos
2441 2587 2753 2634 commonet
2783 2588 2839 2634 et
2869 2578 3220 2634 imminentes
3248 2578 3386 2649 ipsis
3412 2576 3634 2633 calami-

2056 2678 2198 2726 tates
2230 2685 2397 2741 super
2428 2671 2632 2726 buxum
2659 2678 2714 2727 et
2745 2674 2803 2727 in
2827 2672 2971 2728 libro
2995 2671 3280 2728 describit.

2128 2807 2296 2866 Vens.
2331 2809 2419 2863 l2.
2450 2807 2704 2877 Quando,
2737 2810 2823 2865 his
2851 2809 3149 2881 praedictis,
3182 2808 3547 2865 nihilominus
3576 2807 3633 2862 in

2055 2900 2249 2957 iisdem
2279 2903 2676 2973 perseverastis
2696 2944 2711 2968 ,
2742 2918 2845 2959 nec
2879 2910 3076 2974 sponte
3110 2903 3267 2957 utilia
3301 2905 3632 2965 sentientes,

2056 3010 2157 3051 nec
2190 2996 2340 3067 passi
2388 3011 2489 3053 vos
2528 3012 2626 3068 per
2671 2997 3061 3068 prophetarum
3102 2996 3341 3052 visiones
3383 2995 3631 3057 edoceri;

2056 3088 2125 3144 ad
2173 3088 2460 3161 Egyptios
2514 3106 2642 3146 vero
2694 3087 3060 3161 confugistis,
3106 3089 3255 3144 velut
3299 3088 3367 3144 ad
3418 3089 3634 3143 firmum

2057 3181 2355 3250 auxilium;
2388 3182 2595 3237 idcirco
2620 3189 2673 3237 et
2698 3178 3079 3253 IEgyptiorum
3119 3181 3226 3235 fata
3259 3181 3462 3237 audite.
3492 3180 3634 3237 Ecce

2057 3274 2345 3344 imperium
2389 3273 2524 3329 illud
2555 3289 2587 3328 a
2611 3289 2721 3344 quo
2751 3274 3077 3330 muniendas
3114 3290 3210 3329 vos
3248 3273 3633 3344 juvandosque

2056 3364 2377 3435 speravistis
2402 3405 2417 3431 ,
2452 3374 2563 3420 tam
2598 3364 2762 3420 inane
2784 3366 2929 3431 erit,
2963 3380 3128 3435 quam
3178 3381 3360 3417 murus
3385 3363 3631 3419 decidens

2054 3459 2231 3513 subita
2264 3457 2494 3512 civitatis
2531 3456 2723 3529 (Vens.
2754 3458 2865 3527 15).

2124 3679 2295 3736 Vens.
2332 3680 2421 3736 15.
2468 3680 2588 3736 Non
2622 3681 2892 3737 clamores
2908 3681 3009 3737 tibi
3042 3681 3365 3753 proderunt,
3397 3698 3501 3738 nec
3536 3699 3630 3753 ge-

2052 3777 2244 3841 mitus,
2274 3789 2378 3831 nec
2407 3779 2521 3830 oris
2551 3775 2862 3830 immutatio
2885 3818 2900 3844 ,
2930 3774 3024 3831 sed
3056 3776 3341 3831 conversis
3363 3776 3630 3843 moribus,

2052 3869 2313 3924 derelicta
2348 3876 2699 3940 peccatorum
2731 3869 2818 3923 via
2838 3909 2855 3937 ,
2887 3869 3124 3924 salutem
3165 3872 3540 3941 consequeris.
3565 3902 3633 3916 -

2054 3961 2379 4034 Repudiatis
2404 3963 2669 4034 peccatis,
2695 3970 2842 4019 recte
2866 3962 2999 4018 dicit
3021 3972 3260 4018 mentem
3292 3964 3591 4019 illuminari
3615 3984 3630 4032 ;

2054 4072 2179 4112 nam
2225 4064 2357 4112 tunc
2385 4065 2681 4113 accuratus
2708 4056 2821 4111 eris
2855 4055 2935 4111 tui
2969 4057 3146 4127 ipsius
3183 4058 3386 4126 judex,
3438 4073 3562 4111 cum
3602 4074 3633 4110 a

2053 4150 2421 4221 cupiditatum
2471 4149 2704 4220 imperio
2742 4156 2798 4203 et
2846 4148 3116 4203 idolorum
3171 4148 3356 4213 cultu,
3401 4150 3551 4205 velut
3602 4169 3632 4204 a

2052 4242 2245 4297 morbo
2297 4242 2595 4305 liberatus,
2649 4241 2846 4296 melius
2873 4255 2938 4295 ea
2964 4239 3261 4311 perspicies
3303 4255 3427 4310 qua
3480 4241 3631 4312 prius

2054 4334 2172 4406 ipse
2204 4333 2509 4406 neglexeris
2538 4341 2594 4390 et
2619 4332 2938 4405 deliqueris.

2126 4537 2294 4592 Vens.
2329 4536 2418 4592 l6.
2467 4535 2723 4591 Praedicit
2770 4535 2910 4591 nihil
2941 4536 3023 4593 eis
3070 4536 3437 4608 profecturam
3467 4554 3631 4610 quam

366 4626 730 4698 προαγορεύει
754 4644 767 4657 ·
803 4627 917 4681 ἀλλ’
964 4630 1029 4681 ἐκ
1073 4628 1168 4682 τοῦ
1214 4630 1456 4683 ἐναντίου
1507 4629 1717 4700 ἐφόδιον
1767 4630 1950 4693 αὐτοῖς

2056 4630 2422 4702 implorabant
2458 4643 2618 4700 opem
2661 4647 2676 4684 :
2728 4629 2979 4700 quinimo
3011 4630 3280 4684 malorum
3313 4631 3517 4685 fontem
3552 4630 3635 4685 fu-

367 4719 558 4774 κακῶν
589 4720 909 4793 γενομένην,
949 4720 1139 4793 ῶσπερ
1173 4722 1261 4774 ἐπ’
1293 4723 1506 4775 ἐκείνου
1540 4721 1953 4793 καταφευξόμε-

365 4829 471 4877 νοι,
505 4817 617 4879 τοῖς
667 4831 727 4867 τε
782 4814 971 4879 ἵπποις
1012 4814 1220 4869 ἑαυτῶν
1262 4817 1590 4887 χρησόμενοι
1621 4818 1701 4880 εἰς
1752 4815 1953 4885 φυγὴν,

371 4898 562 4970 ἔμενον
605 4906 874 4960 ἀνένδοτοι
926 4906 1020 4960 καὶ
1076 4907 1296 4979 ἀνήκοοι
1345 4909 1483 4979 πρὸς
1528 4908 1599 4963 τὰ
1649 4909 1803 4980 παρὰ
1846 4909 1955 4964 τῶν

373 4997 667 5065 προφητῶν
693 4997 988 5069 λεγόμενα·
1028 4998 1151 5053 ὅθεν
1183 4998 1479 5069 γνώσεσθε,
1517 5000 1594 5064 ώς
1626 5002 1824 5055 ἐκεῖνοι
1853 5004 1953 5056 αὐ-

370 5083 456 5136 τοὶ
477 5084 527 5136 οἱ
572 5084 657 5153 ἐφ’
692 5086 835 5155 ὑμᾶς
890 5088 1123 5154 ἐξιόντες
1167 5089 1454 5161 ταχύτεροι
1498 5091 1592 5143 καὶ
1634 5094 1953 5164 κουφότεροι

373 5173 606 5240 ἔσονται,
638 5177 889 5251 σύνθημα
927 5185 1329 5256 συγχωρήσεως
1364 5182 1517 5255 παρὰ
1547 5182 1642 5236 τοῦ
1677 5183 1786 5237 τῶν
1817 5185 1953 5239 ὅλων

372 5266 506 5321 Θεοῦ
542 5267 855 5341 δεξάμενοι·
901 5276 1060 5346 ὑμεῖς
1108 5276 1167 5329 δὲ
1215 5275 1389 5347 δειλίᾳ
1439 5274 1949 5347 κατασχεθήσεσθεο

369 5357 544 5429 τόλμα
574 5360 683 5431 γὰρ
711 5365 802 5415 καὶ
828 5365 1002 5421 δειλία
1023 5370 1155 5441 παρ’
1195 5368 1360 5422 αὑτοῦ
1384 5368 1843 5440 χορηγηθήσεται.

442 5472 598 5527 Μετὰ
621 5474 822 5540 τοίνυν,
850 5482 1002 5548 φησὶ,
1026 5481 1095 5535 τὰ
1118 5481 1487 5553 ἀπειλούμενα
1510 5481 1785 5547 ἐκδέξεται
1809 5482 1954 5553 ὑμᾶς

373 5566 402 5620 ὁ
434 5565 586 5631 Θεὸς,
619 5568 714 5620 καὶ
759 5570 1020 5641 ἀναμενεῖ
1056 5574 1136 5637 είς
1158 5571 1359 5635 οἶκτον.
1392 5577 1487 5630 ἐάν
1529 5592 1636 5648 περ
1688 5578 1953 5647 μετανοή-

372 5671 502 5728 σητε
525 5674 538 5688 ’
567 5657 617 5710 εί
643 5657 698 5712 δὲ
744 5660 1051 5731 ἐπιμενεϊτε
1086 5668 1154 5737 τῇ
1199 5665 1408 5721 ἑαυτῶν
1436 5666 1652 5739 κακίᾳ,“
1670 5667 1950 5737 ἀσυγγνῴ-

444 5814 676 5874 ⁸Μιιῑιιι.
721 5836 807 5882 ιιι,
845 5823 909 5889 7;
934 5841 1041 5888 xu,
1073 5826 1161 5892 δός
1192 5842 1352 5891 χχιιι,
1390 5829 1477 5884 53.

652 5916 920 5978 Parum.
955 5922 1073 5981 Gn.
1104 5921 1311 5980 XVIII

2051 4733 2234 4780 turam
2257 4764 2272 4789 ,
2311 4722 2459 4793 quod
2492 4722 2549 4776 in
2578 4736 2698 4777 eam
2733 4721 2928 4776 confisi
2962 4729 3017 4778 et
3040 4724 3201 4793 quasi
3229 4724 3388 4794 equis
3415 4725 3533 4779 suis
3565 4724 3633 4777 ad

2054 4818 2238 4890 fugam
2264 4817 2418 4872 usuri
2437 4856 2452 4878 .
2491 4815 2728 4870 indocile
2755 4823 2811 4869 et
2839 4816 3151 4870 contumaci
3186 4817 3370 4870 animo
3398 4816 3636 4886 prophe-

2054 4921 2237 4967 tarum
2284 4910 2451 4965 verba
2496 4908 2869 4964 fastidierunt.
2922 4907 3051 4963 Ideo
3099 4909 3447 4980 cognoscetis
3494 4909 3636 4965 cele-

2056 5007 2233 5060 riores
2281 5003 2494 5057 futuros
2528 5009 2583 5056 et
2624 5001 2892 5066 leviores,
2934 5002 3032 5071 qui
3062 5018 3161 5057 vos
3195 5012 3634 5073 persequentur;

2057 5096 2177 5166 ipse
2222 5094 2368 5150 enim
2412 5108 2507 5148 eos
2551 5093 2764 5163 juvabit
2811 5108 3101 5163 supremus
3152 5110 3334 5149 rerum
3391 5096 3635 5149 omnium

2058 5187 2360 5252 Dominus,
2411 5200 2508 5241 vos
2551 5193 2734 5239 autem
2769 5185 2990 5240 invadet
3036 5194 3251 5251 metus;
3319 5202 3446 5242 nam
3493 5185 3634 5242 Deus

2054 5280 2293 5343 animos,
2319 5284 2477 5348 prout
2508 5276 2747 5340 libuerit,
2775 5275 2946 5347 eriget
2974 5283 3069 5330 aut
3100 5276 3388 5347 deprimet.

2131 5482 2300 5540 Vens.
2336 5483 2424 5541 58.
2475 5483 2765 5540 lntcntatis
2809 5485 2975 5555 igitur
3006 5486 3211 5550 minis,
3258 5486 3492 5557 excipiet
3542 5501 3634 5540 vos

2062 5576 2208 5632 Deus
2230 5616 2245 5640 ,
2287 5579 2499 5648 inquit,
2534 5587 2588 5633 et
2619 5578 3000 5635 misericordia
3049 5579 3255 5636 fovebit
3298 5580 3429 5636 dum
3460 5579 3611 5651 pmni

2060 5671 2287 5728 tentiam
2322 5671 2583 5745 egeritis;
2618 5673 2765 5744 quod
2811 5672 2857 5730 si
2903 5681 3083 5729 autem
3120 5674 3173 5728 in
3205 5675 3412 5729 malitia
3452 5688 3629 5745 perse-

3322 5925 3397 5984 ιε
