4138 6464
524 391 671 447 *15ἓὸ

1729 382 2083 444 TlIEODORl
2121 383 2639 442 HERACLEENSIS

3641 395 3662 448 1
3676 396 3778 451 ’594

532 506 849 564 veraveritis
893 511 1105 569 vestra,
1160 499 1667 557 immisericorditer
1732 502 1941 560 meritis
1998 518 2095 557 vos

2201 519 2339 564 στως
2371 502 2427 554 ἐν
2453 502 2516 570 τῇ
2551 500 2728 570 κρίσει
2748 500 2854 555 τῶν
2872 502 3003 572 ὑμῖν
3035 502 3462 573 ἑτοιμασθεντων
3491 506 3780 580 ἐκδέξησθε

532 599 710 671 panis
737 596 931 652 adiciet
959 614 971 648 :
1001 593 1171 649 Judex
1200 592 1346 649 enim
1378 591 1620 647 omnium
1653 590 1815 648 Deus.

605 779 771 835 Vens.
806 779 894 837 19.
947 776 1180 833 Sanctos
1212 781 1376 830 vocat
1416 773 1539 828 illos
1579 771 1670 842 qui
1705 785 1801 841 per
1833 769 2103 839 paeniten-

533 875 667 928 tiam
717 871 1063 928 sanctitatem
1112 867 1218 923 sibi
1256 871 1733 935 comparaverunt.
1792 859 2102 915 Plorantem

530 965 833 1022 Jerusalem
860 963 1013 1034 lingit
1036 961 1320 1032 propheta,
1353 956 1499 1030 quod
1526 970 1644 1010 eam
1677 954 1857 1024 reipsa
1886 952 2103 1023 plorare

532 1057 847 1113 misericors
880 1056 1097 1110 animus
1127 1057 1360 1110 outaret.

602 1172 770 1228 Vsus.
796 1170 889 1225 20.
922 1171 1244 1227 Jerusalem,
1277 1162 1362 1217 vel
1390 1160 1456 1216 ad
1489 1168 1702 1230 tempus
1728 1158 1895 1214 breve
1919 1155 2100 1210 tribu-

531 1264 831 1323 lationibus
871 1260 1100 1323 amicta,
1147 1265 1202 1311 te
1232 1254 1523 1325 |intelligas
1563 1251 1672 1307 Deo
1720 1250 1952 1305 alienam
1980 1260 2104 1302 esse

533 1358 769 1421 factam;
803 1353 871 1408 de
900 1366 1009 1422 quo
1035 1349 1128 1404 ubi
1162 1346 1342 1418 egeris
1371 1342 1751 1415 paenitentiam
1780 1379 1796 1404 ,
1826 1339 1896 1393 ab
1923 1337 2102 1392 homi-

534 1450 696 1505 nibus
726 1442 1049 1501 liberaberis
1083 1439 1179 1513 qui
1212 1447 1267 1496 te
1290 1437 1591 1509 decipiunt.

602 1562 766 1618 Vsus.
798 1545 912 1615 2!:
941 1557 1217 1613 llluminat
1258 1553 1559 1611 Jerusalem
1608 1549 1677 1604 ad
1723 1540 2102 1620 ag'noscendos

530 1667 779 1718 errores;
826 1647 1103 1706 vaticiniis
1160 1648 1311 1702 enim
1371 1643 1573 1699 ﬁdebat
1623 1655 1723 1712 per
1780 1639 2102 1707 deceptores

531 1744 781 1817 prolatis.
813 1742 949 1798 Cum
982 1742 1069 1796 via
1111 1740 1179 1795 ad
1204 1740 1483 1795 dexteram
1515 1734 1614 1790 tibi
1652 1739 1834 1796 esset,
1864 1730 1932 1786 ad
1963 1730 2101 1785 sini-

531 1844 700 1894 stram
760 1835 1025 1892 dellexisti
1052 1876 1067 1901 ,
1117 1834 1202 1906 ab}
1244 1832 1368 1889 istis
1421 1828 1676 1892 seducta',
1727 1825 1861 1881 mihi
1920 1831 2100 1878 autem

532 1941 810 2014 nunquam
865 1923 1188 1989 credidisti,
1237 1933 1519 1992 nunquam
1564 1933 1650 1973 me
1701 1917 1757 1971 in
1807 1906 2099 1970 eonsilium'

532 2020 630 2075 tibi
658 2018 972 2074 adhibuisti.

602 2201 870 2256 πωλῇ..
899 2197 1257 2253 lllustrandos
1285 2194 1490 2250 indicat
1524 2207 1613 2248 res
1648 2187 1846 2243 animis
1870 2198 2099 2240 conver-

528 2293 635 2360 sis;
656 2293 768 2363 jam
800 2308 933 2357 non,
958 2291 1156 2361 inquit,
1177 2289 1417 2343 vanitate
1441 2286 1710 2341 idolorum
1728 2275 2095 2349 decipiemini,

528 2383 624 2439 sed
655 2383 921 2453 dcjicietis
961 2396 1046 2447 ea,
1084 2386 1139 2436 et
1162 2375 1560 2433 conculcabitis
1591 2388 1653 2429 ea
1675 2411 1690 2437 ,
1740 2380 1792 2427 et
1820 2367 2099 2440 apparebit

526 2490 716 2530 eorum
758 2473 1121 2539 imbecillitas,
1149 2483 1204 2527 et
1230 2477 1476 2525 stercore
1504 2466 1696 2522 viliora
1726 2461 2094 2518 habebuntur.

598 2588 762 2645 Vens.
795 2588 884 2644 23.
920 2588 1199 2644 Converso
1229 2585 1430 2656 populo
1460 2589 1515 2638 et
1553 2581 1825 2653 justitiam
1865 2584 2057 2648 agente
2077 2613 2093 2641 ,

526 2681 808 2736 solventur
868 2695 1209 2750 quaecunque
1286 2686 1608 2748 peccantem
1687 2670 2095 2743 opprimebant.

525 2774 776 2841 Quandiu
815 2775 958 2829 enim
989 2782 1213 2842 peccato
1245 2776 1300 2826 et
1332 2769 1492 2824 idolis
1534 2765 1876 2830 indulsislis,
1924 2761 2098 2816 fames

524 2882 622 2923 vos
662 2875 717 2922 et
760 2865 1200 2921 necessariorum
1250 2862 1437 2933 inopia
1466 2860 1780 2931 premebat;
1829 2858 1904 2912 ita
1950 2869 2098 2909 nunc

524 2972 649 3012 cum
679 2956 823 3012 idola
882 2955 1123 3026 fregistis
1144 2995 1158 3019 ,
1195 2960 1250 3009 et
1281 2953 1339 3007 in
1370 2952 1522 3006 nullo
1556 2950 1733 3021 pretio
1789 2945 2060 3002 habuistis
2079 2985 2096 3008 .

526 3046 889 3103 servientibus
921 3045 1027 3100 sibi
1058 3043 1210 3099 dabit
1239 3041 1384 3097 Deus
1424 3040 1580 3096 vobis
1621 3038 1859 3109 pluviam
1895 3035 2097 3091 bonam

525 3149 579 3194 et
610 3138 794 3210 fruges
822 3153 1013 3195 omnes
1040 3147 1197 3193 terrae
1223 3135 1276 3189 in
1304 3149 1463 3190 usum
1492 3140 1767 3195 vestrum;
1801 3143 1922 3200 quae
1941 3126 2099 3183 vobis

2204 592 2272 645 τὰ
2323 590 2614 662 ἀμοιϐαῖα*
2656 590 2848 662 κριτὴς
2892 590 3002 663 γὰρ
3035 592 3142 645 τῶν
3192 595 3407 647 πάντων
3457 595 3724 651 καθιεῖται
3755 600 3783 652 ὁ

2206 682 2430 754 Κύριος.

2287 773 2500 842 Ἀγίους
2524 774 2681 827 καλεῖ
2696 774 2823 838 τοὺς
2844 774 2934 829 διά
2960 775 3061 846 τῆς
3090 769 3378 847 μετανοίας
3403 774 3494 831 τὸν
3512 770 3781 849 ἁγιασμδν

2204 863 2701 934 ἐφελκυσαμένους·
2731 863 3022 918 κλαίουσαν
3058 865 3115 918 δέ
3147 869 3247 939 τὴν
3285 866 3640 939 Ἰερουσαλὴμ
3679 870 3782 921 είσ-

2204 954 2327 1022 άγει
2357 957 2385 1006 ό
2416 956 2718 1026 προφήτης,
2752 954 3147 1026 προανατυπῶν
3177 956 3344 1028 αὐτὴν
3367 957 3622 1029 τοιαύτην
3642 958 3780 1014 κατά

2204 1044 2329 1099 νοῦν
2358 1044 2552 1098 ἐαυτοῦ
2586 1048 2696 1109 τοῖς
2721 1045 2821 1116 τῆς
2855 1047 3197 1119 συμπαθείας
3221 1048 3568 1120 σπλάγχνοις.

2277 1160 2413 1224 Ἵνα,
2446 1159 2549 1214 κᾶν
2572 1158 2703 1229 γοῦν
2749 1161 2886 1232 πρὸς
2918 1160 3097 1232 ὀλίγον
3138 1162 3403 1229 θλιϐεἶσα,
3437 1164 3619 1237 εὕροις
3654 1167 3782 1220 ἐαυ-

2203 1250 2301 1322 τὴν
2334 1250 2617 1323 ἀλλοτρίαν
2672 1246 2807 1305 Θεοῧ
2854 1256 3248 1324 πεπιηκυῖανο
3285 1256 3370 1324 ἐφ’
3409 1251 3490 1320 οἷς
3520 1272 3780 1328 μετανοη-

2206 1343 2378 1415 σάσης
2406 1360 2521 1411 σου,
2544 1342 2904 1416 ἁπαλλαγήσῃ
2927 1344 3037 1399 τῶν
3066 1345 3391 1401 πλανώντων
3418 1365 3497 1402 σε.

2287 1543 2553 1612 Ὀμματοῖ
2584 1541 2681 1613 τὴν
2733 1543 3087 1617 Ἰερουσαλὴμ
3125 1546 3262 1617 πρὸς
3311 1548 3637 1620 κατανόησιν
3678 1550 3779 1622 τῆς

2208 1633 2343 1697 ἰδίας
2373 1634 2546 1704 αὐτῆς
2596 1633 2803 1706 πλάνης
2827 1653 2840 1666 ο
2875 1637 3065 1709 ὑπεῖχε
3096 1638 3206 1710 γὰρ
3248 1636 3446 1711 ἑαυτὴν
3494 1643 3606 1706 τοῖς
3643 1643 3769 1714 μάν-

2203 1743 2322 1780 τεσι
2359 1727 2689 1781 πιστεύουσα
2726 1731 2839 1794 τοῖς
2866 1732 2998 1803 παρ’
3036 1731 3261 1786 ἐκείνων
3308 1732 3657 1805 λεγομένοιςο
3688 1736 3781 1790 καὶ

2202 1818 2323 1871 ὀδοῦ
2351 1836 2433 1872 σοι
2472 1820 2840 1893 προκειμένης
2860 1822 2954 1876 ἐπὶ
2986 1821 3054 1877 τά
3085 1822 3256 1891 δεξιὰ,
3284 1825 3664 1897 ἀνεκάμπτετε
3688 1829 3782 1882 ἐπὶ

2200 1910 2270 1964 τὰ
2298 1911 2582 1983 ἀριστερὰ,
2623 1913 2848 1968 ἐκείνων
2896 1914 3375 1987 συμϐουλευόντων
3419 1935 3535 1972 σοι·
3572 1921 3695 1991 ἐμοὶ
3724 1920 3782 1973 δὲ

2205 2001 2408 2073 σαυτὴν
2451 2002 2706 2057 οὐδέποτε
2749 2003 2963 2068 ἀνέθου,
3003 2005 3121 2059 οὐδὲ
3152 2004 3452 2078 σύμϐουλον
3483 2006 3590 2060 τῶν
3642 2024 3780 2081 πρα-

2201 2094 2372 2147 κτέων
2395 2093 2604 2159 ἔλαϐες.

2270 2183 2382 2256 Τὴν
2427 2186 2565 2257 μετά
2612 2185 2711 2259 τὴν
2741 2187 3037 2257 ἐπίγνωσιν
3081 2187 3429 2261 συναίσθησιν
3484 2189 3773 2263 σημαίνει·

2199 2277 2293 2341 ὡς,
2317 2278 2532 2344 Οὐκέτι,
2557 2279 2740 2350 φησιν,
2773 2278 3027 2346 ἀνέξεσθε
3057 2281 3156 2353 τῆς
3188 2280 3544 2356 ματαίοτητος
3571 2282 3680 2338 τῶν
3704 2281 3780 2338 εἶ-

2199 2370 2399 2425 δώλων·
2436 2371 2571 2425 ἀλλά
2599 2373 2959 2428 καταλὰὁετε⁶
2988 2376 3081 2429 καὶ
3100 2375 3439 2448 συντρίψετε,
3467 2377 3529 2430 τὸ
3554 2374 3778 2442 ἀσθενὲς

2199 2462 2376 2517 αὐτῶν
2397 2463 2721 2530 δεικνύντες,
2748 2468 2841 2521 καὶ
2862 2469 3105 2541 κοπρίων
3130 2462 3429 2541 ἀτιμότερα
3458 2470 3592 2543 ήγού
3601 2488 3774 2542 μενοι.

2268 2574 2351 2629 Τά
2382 2575 2451 2629 δι’
2483 2578 2757 2650 ἁμαρτίαν
2790 2580 3105 2652 ἐπαγόμενα
3137 2580 3205 2635 δι’
3231 2583 3569 2655 ἐπιστροφῆς
3595 2600 3655 2636 τε
3684 2583 3776 2637 καὶ

2199 2670 2542 2742 δικαιοσύνης
2566 2671 2768 2727 λύεται.
2798 2674 3008 2747 ’Ὠσπερ
3027 2675 3157 2747 γὰρ,
3182 2677 3602 2749 ἁμαρτανόντων
3624 2676 3653 2729 ὑ
3661 2674 3777 2747 μῶν

2198 2762 2293 2814 καὶ
2317 2765 2431 2827 τοῖς
2453 2762 2691 2828 εἰδώλοις
2722 2764 3102 2833 δουλευόντων,
3143 2766 3298 2838 λιμὸς
3323 2768 3419 2821 καὶ
3450 2768 3642 2831 σπάνις
3668 2765 3777 2820 τῶν

2199 2851 2510 2921 ἀναγκαίων
2538 2854 2853 2927 ἐπεκράτει·
2879 2855 3070 2923 οὕτως,
3100 2858 3449 2930 ἐκκοψάντων
3472 2858 3542 2912 τά
3564 2857 3774 2924 εἴδωλα,

2199 2943 2295 2997 καὶ
2326 2944 2476 2998 οὐδὲν
2507 2946 2688 3000 ἐκεῖνα
2726 2947 3089 3020 ἡγησαμένων
3128 2946 3289 3012 εἶναι,
3324 2949 3460 3004 ἀλλά
3502 2949 3779 3004 δουλευόν-

2198 3051 2305 3089 των
2330 3036 2407 3109 τῷ
2453 3038 2593 3109 Θεῷ,
2620 3038 2787 3092 ’δώσει
2814 3039 2941 3112 ὑμῖν
2979 3041 3072 3095 καὶ
3113 3042 3266 3096 ὑετὸν
3308 3042 3529 3112 ἀγαθὸν,
3566 3044 3659 3097 καὶ
3708 3042 3778 3096 τὰ

2199 3127 2265 3180 ἐκ
2308 3127 2412 3197 γῆς
2447 3129 2624 3182 πάντα
2677 3130 2814 3204 πρὸς
2849 3130 3144 3186 ἀπόλαυσιν
3197 3132 3487 3205 ὑμετέραν.
3540 3134 3777 3205 Παρέξει

524 3230 902 3301 copiosissime
934 3228 1214 3300 largietur.
1250 3224 1484 3296 Propter
1524 3237 1622 3278 vos
1662 3235 1787 3276 cum
1821 3221 1933 3276 sint
1981 3216 2096 3273 haec

2201 3193 2470 3292 ydp'b—utv
2502 3222 2584 3285 εἰς
2610 3193 2805 3295 κόρον·
2835 3222 2896 3278 οὐ
2929 3224 3087 3296 μόνον
3115 3225 3173 3278 δέ
3203 3193 3351 3297 ὑμῖν,
3369 3193 3516 3279 ’ἀλλά
3546 3193 3642 3280 καί
3661 3193 3779 3289 τοῖς

523 3323 741 3386 omnia,
803 3322 1086 3377 vobiscum
1150 3333 1371 3390 quoque
1426 3316 1613 3387 vigent
1665 3322 1759 3368 aut
1814 3310 2097 3368 deﬁciunt.

522 3416 759 3485 Apparet
793 3416 957 3470 etiam
1004 3430 1070 3470 ex
1116 3413 1206 3468 his
1238 3411 1409 3466 Deum
1450 3425 1573 3466 esse
1620 3422 1804 3463 rerum
1850 3406 2095 3462 omnium

521 3505 871 3571 Creatorem,
899 3521 1011 3561 non
1058 3503 1341 3558 hominum
1393 3502 1587 3567 modo,
1621 3499 1716 3556 sed
1761 3495 2098 3553 omnimodo-

522 3613 644 3653 rum
671 3598 838 3654 etiam
870 3597 1213 3651 animalium.

603 3771 761 3827 Vsus.
790 3772 883 3828 26.
936 3775 1057 3829 Non
1103 3773 1312 3829 indicat
1358 3773 1449 3827 hic
1493 3772 1672 3826 lucem
1700 3776 2094 3825 eementorum

525 3866 827 3935 augendam
856 3881 1000 3931 esse,
1028 3864 1124 3922 sed
1152 3866 1421 3930 lmtitiam,
1449 3880 1569 3936 quae
1590 3863 1784 3920 diebus
1813 3863 1921 3918 illis
1947 3864 2097 3934 ipsos

524 3956 729 4014 ederet.
772 3961 850 4013 lta
879 3959 1025 4014 enim
1067 3959 1421 4014 exsultabunt
1463 3956 1631 4013 animi
1662 3972 1887 4023 eorum;
1919 3964 1979 4012 ut
2014 3955 2097 4009 lu—

523 4065 650 4105 men
701 4050 809 4106 diei
853 4059 1078 4106 auctum
1110 4050 1380 4117 credant,
1432 4058 1491 4105 ut
1534 4051 1823 4113 illustrior,
1854 4047 2097 4120 splendi-

523 4144 754 4214 diorque
798 4145 918 4200 dies
964 4144 1148 4200 lucere
1205 4143 1492 4211 videatur;
1555 4140 1901 4199 sanabuntur
1948 4139 2094 4196 enim

521 4237 688 4292 animi
715 4253 903 4294 eorum
928 4278 943 4304 ,
984 4238 1366 4309 spiritualibus
1394 4234 1670 4293 emendati
1713 4233 2096 4305 reprehensio-

523 4331 705 4395 nibus,
739 4345 770 4384 a
798 4328 1004 4384 doloris
1030 4329 1384 4384 tribulatione
1411 4326 1651 4383 liberati.

2201 3312 2455 3381 κτήνεσιν
2492 3314 2646 3385 ὑμῶν
2665 3331 2679 3345 ο
2715 3314 2783 3368 τά
2815 3314 2927 3389 γὰρ
2953 3315 3021 3370 δι’
3057 3317 3201 3389 ὑμᾶς
3228 3318 3495 3388 γενόμενα
3527 3318 3621 3371 καὶ
3653 3334 3779 3370 συν-

2198 3410 2518 3480 τιμωρεῖται
2549 3408 2645 3463 καὶ
2683 3408 3040 3463 συναπολαύει
3073 3409 3181 3463 τῶν
3217 3409 3459 3480 ἀγαθῶν.
3493 3410 3777 3463 Δείκνυται

2196 3501 2254 3555 δὲ
2284 3501 2381 3555 καὶ
2429 3500 2519 3555 διὰ
2554 3501 2767 3566 τούτου,
2797 3501 2874 3565 ὡς
2901 3502 2929 3555 ό
2976 3499 3109 3566 Θεδς
3150 3500 3260 3554 τῶν
3301 3501 3519 3555 πάντων
3551 3499 3779 3572 ποιητὴς

2199 3592 2557 3665 καθέστηκεν,
2587 3595 2647 3647 οὐ
2677 3595 2838 3665 μόνον
2862 3592 3161 3665 ἀνθρώπων
3183 3593 3319 3648 ἀλλά
3342 3593 3438 3648 καὶ
3463 3592 3618 3658 ζώων
3644 3608 3777 3646 παν-

2196 3687 2462 3741 τοδαπῶν.

2279 3779 2542 3835 Ἐνταῦοα
2563 3780 2625 3833 οὐ
2661 3780 2977 3853 προσθήκην
3009 3779 3100 3834 τοῦ
3137 3775 3317 3849 φωτδς
3348 3783 3458 3831 τῶν
3500 3775 3778 3848 στοιχείων

2196 3871 2363 3943 δηλοῖ,
2392 3872 2528 3927 ἀλλά
2558 3873 2658 3944 τῆς
2701 3873 3154 3945 καταληψομένης
3205 3871 3403 3935 αὐτοὺς
3441 3871 3500 3924 ἐν
3544 3868 3782 3931 ἐκείναις

2195 3967 2316 4028 ταῖς
2350 3965 2587 4036 ἡμέραις
2618 3963 2959 4036 εὐφροσύνης
2979 3980 2991 3992 ·
3022 3963 3164 4016 οὓτω
3205 3962 3315 4035 γάρ
3349 3963 3429 4027 εἰς
3459 3960 3781 4031 ἀγαλλίασιν

2195 4053 2552 4109 ἐπιδώσουσιν
2573 4055 2753 4109 αὐτῶν
2773 4056 2829 4109 αἱ
2860 4055 3052 4126 ψυχαὶ,
3076 4055 3152 4118 ὼς
3173 4053 3271 4108 καὶ
3292 4052 3613 4125 προσθήκην
3636 4051 3780 4116 ἕξειν

2196 4147 2390 4210 αὐτοὺς
2406 4147 2656 4219 ἡγεῖσθαι
2680 4146 2750 4201 τὰ
2764 4147 2919 4217 φῶτα
2950 4147 3046 4218 τῆς
3074 4145 3423 4218 ήμέρας,καὶ
3454 4143 3782 4215 λευκοτέρας

2198 4239 2380 4303 αὐτοῖς
2396 4240 2491 4294 καὶ
2508 4238 2867 4310 φαιδροτέρας
2881 4237 3217 4310 ὀφθήσεσθαι
3238 4236 3334 4302 τάς
3360 4237 3573 4310 ἡμέρας
3593 4253 3608 4269 ο
3630 4236 3684 4289 ῐα
3693 4251 3780 4288 σιν

2195 4331 2303 4403 γὰρ
2318 4331 2651 4397 ἐπιδέξονται
2672 4330 2814 4385 κατὰ
2825 4329 3022 4403 ψυχὴν,
3038 4330 3459 4404 θεραπευόμενοι
3476 4329 3604 4393 τοὺς
3616 4330 3783 4400 ψυχι-

2197 4421 2326 4483 κοὺς
2342 4420 2427 4492 μώ
2433 4438 2585 4493 μους,
2604 4420 2699 4474 καὶ
2711 4420 3178 4493 ἀπαλλαττόμενοι
3190 4421 3287 4493 τῆς
3300 4419 3448 4475 θλιϐε
3456 4421 3553 4483 ρᾶς
3563 4419 3777 4490 ὀδύνης.

594 4536 759 4594 Vsus.
786 4537 878 4596 28.
932 4537 1123 4593 Divina
1172 4537 1517 4608 providentia
1557 4543 1758 4591 cuncta
1797 4534 1909 4605 regi
1958 4547 2090 4588 con—

2267 4536 2380 4609 Τὴν
2406 4537 2548 4591 κατὰ
2574 4538 2794 4592 πάντων
2847 4536 3101 4591 θεοπτίαν
3129 4537 3233 4591 κάν
3272 4536 3450 4608 τούτῳ
3482 4535 3780 4601 δείκνυσιν,

523 4625 743 4682 ﬁrmant
780 4628 885 4682 ista
909 4668 925 4693 ,
961 4642 1085 4682 cum
1121 4627 1204 4681 ira
1245 4625 1342 4682 Dei
1377 4640 1487 4681 non
1528 4623 1595 4680 ad
1625 4622 1846 4678 Iudaeos
1877 4630 2091 4676 tantum

522 4726 770 4791 spectet,
811 4720 905 4776 sed
934 4728 989 4777 et
1035 4718 1320 4789 suppliciis
1350 4718 1501 4789 ipsas
1534 4725 1724 4788 gentes
1771 4713 1991 4769 alliciat.
2026 4711 2094 4767 Ni

518 4813 660 4873 alios
692 4812 838 4868 enim
884 4811 1361 4882 reprehendisset,
1400 4810 1647 4867 licuisset
1692 4807 1960 4865 lsraelitis
2003 4806 2092 4861 dia

516 4918 650 4965 cere
671 4907 818 4963 solos
845 4913 1067 4977 propter
1092 4915 1311 4976 peccata
1341 4920 1371 4959 a
1395 4904 1507 4961 Deo
1540 4903 1749 4974 puniri.
1781 4902 1898 4957 Hoc
1930 4901 2097 4971 igitur

517 5007 583 5057 ut
608 5009 926 5070 pracaveat,
953 5006 1137 5054 monet
1157 5015 1216 5055 se
1239 4984 1430 5070 gentes
1455 5013 1673 5070 quoque
1694 4997 2092 5067 iudicaturum,

519 5098 575 5145 et
607 5091 676 5146 ab
720 5093 799 5147 eis
853 5106 1043 5162 poenas
1089 5091 1448 5161 repetiturum
1495 5106 1591 5161 per
1636 5104 1878 5146 errorem
1928 5089 2092 5143 meri-

519 5188 625 5238 tas.

586 5361 753 5421 Vens.
783 5361 876 5418 29.
906 5361 1004 5417 His
1029 5360 1297 5417 discimus
1330 5362 1492 5418 nobis
1523 5377 1633 5417 non
1662 5362 1812 5417 omni
1847 5369 2093 5432 tempore

515 5452 717 5507 laetitiae
763 5452 1157 5525 indulgendum
1205 5468 1365 5520 esse;
1431 5454 1545 5508 noli
1595 5453 1742 5508 enim
1790 5460 1986 5522 putare
2039 5460 2092 5505 te

516 5544 800 5615 splendida
849 5546 991 5601 festa
1052 5546 1416 5614 celebrando,
1469 5554 1524 5603 et
1580 5547 1823 5601 animum
1872 5545 2091 5617 gaudiis

524 5635 888 5702 diﬂundendo,
905 5640 1207 5695 mercedem
1229 5640 1326 5695 tibi
1349 5638 1930 5710 promeriturum.Non
1955 5653 2085 5709 pec-

520 5745 641 5784 care
668 5732 888 5800 quidem
917 5732 1132 5787 videtur
1152 5733 1244 5803 qui
1268 5733 1425 5789 festis
1444 5733 1786 5795 convivatur,
1816 5741 1872 5786 at
1892 5731 2090 5789 exinde

516 5822 821 5877 mercedem
872 5824 1028 5879 nobis
1079 5824 1320 5880 futuram
1380 5842 1448 5882 ne
1493 5842 1796 5897 speremus.
1832 5825 2088 5892 Quinimo

2197 4629 2402 4700 ὅτιούχ
2441 4629 2545 4693 ἓως
2585 4628 2791 4682 τούτων
2832 4630 3189 4701 στήσεταιτά
3236 4629 3339 4699 τῆς
3368 4629 3562 4701 ὀργῆς,
3593 4627 3787 4699 διαϐή-

2200 4738 2353 4776 σεται
2379 4721 2437 4775 δὲ
2470 4723 2565 4775 καὶ
2590 4723 2671 4785 είς
2700 4721 2769 4775 τὰ
2793 4721 2919 4794 ἔθνη
2953 4723 2987 4793 ἠ
3013 4722 3254 4795 τιμωρία
3272 4738 3284 4750 °
3313 4722 3401 4776 ἴνα
3430 4720 3540 4795 γὰρ
3572 4721 3647 4792 μὴ
3684 4719 3784 4789 ἐξῇ

2197 4816 2311 4877 τοῖς
2347 4814 2712 4885 Ἰσραηλίταις
2755 4814 2935 4884 μόνοις
2961 4815 3067 4868 ὑπὸ
3099 4815 3195 4868 τοῦ
3228 4813 3366 4867 Θεοῦ
3402 4812 3788 4885 ἐλεγχομένοις

2198 4907 2376 4977 λέγειν
2408 4908 2607 4971 αὐτοὺς
2650 4908 2809 4980 μόνον
2850 4908 2942 4963 τὸν
2968 4908 3103 4962 Θεὸν
3130 4909 3224 4962 ἐπὶ
3266 4912 3381 4973 τοῖς
3417 4908 3784 4980 ἁμαρτήμασι

2197 5002 2577 5073 τιμωρεῖσθαι,
2607 5002 2730 5072 οὐχὶ
2756 5001 2814 5056 δὲ
2840 5002 2935 5056 καὶ
2960 5002 3029 5056 τά
3055 5001 3205 5073 ἔθνη,
3226 5001 3538 5070 ἀναγκαίως
3563 4994 3657 5048 καὶ
3678 4993 3782 5065 τὴν

2197 5095 2291 5147 ἐπὶ
2316 5094 2386 5148 τὰ
2412 5093 2540 5165 ἔθνη
2565 5093 2919 5165 διαϐήσεσθαι
2948 5094 3193 5149 ἐκδικίαν
3233 5095 3452 5164 φάσκει,
3487 5089 3582 5142 καὶ
3608 5104 3784 5142 κατα-

2197 5186 2465 5257 λήψεσθαι
2492 5186 2691 5249 αὐτοὺς
2715 5185 2814 5257 τὴν
2841 5187 2906 5239 ἐκ
2942 5186 3044 5257 τῆς
3092 5186 3410 5256 πλανήσεως
3443 5180 3600 5251 δίκην
3641 5193 3781 5247 προ-

2197 5278 2469 5350 ἀγορεύει.

2267 5368 2367 5423 Διά
2388 5368 2590 5423 τούτων
2627 5367 3011 5439 διδασκόμεθα,
3055 5368 3131 5431 ὡς
3160 5367 3222 5421 οὐ
3254 5364 3359 5436 χρὴ
3393 5361 3624 5416 πάντοτε
3651 5360 3782 5423 ταῖς

2195 5464 2412 5517 ἀνέσεσι
2436 5462 2646 5534 χαίρειν
2665 5479 2679 5492 ·
2707 5461 2828 5515 ούδέ
2857 5461 2966 5533 γάρ
2992 5463 3049 5515 ἐν
3072 5463 3189 5522 ταῖς
3215 5457 3429 5528 ἑορταῖς
3455 5453 3784 5526 ἀμείϐοντες

2194 5554 2414 5627 ἐσθῆτα,
2450 5555 2544 5607 καὶ
2594 5551 2929 5623 διαχεόμενοι
2979 5550 3077 5621 τὴν
3122 5545 3299 5619 ψυχὴν
3349 5546 3409 5598 ἐν
3441 5542 3780 5616 εὐφροσύνῃ,

2192 5644 2266 5709 ὡς
2299 5643 2488 5716 μισθὸν
2521 5644 2652 5714 ἡμῖν
2683 5641 2973 5713 προξενοῦν
3003 5636 3434 5710 μεταδιώξομεν·
3466 5635 3581 5688 ἀλλ’
3604 5635 3653 5687 εἰ
3680 5635 3787 5687 καὶ

2193 5735 2574 5807 ἀναμάρτητον
2602 5733 2748 5787 δοκεῖ
2774 5728 2912 5787 εἶναι
2946 5732 3008 5786 τὸ
3041 5733 3099 5785 ἐν
3132 5733 3250 5793 ταῖς
3281 5731 3496 5801 ἑορταῖς
3548 5727 3787 5795 εὐωχεῖ-

2195 5827 2338 5888 σθαι,
2375 5824 2488 5879 ἀλλ’
2522 5822 2640 5876 οὐδέ
2665 5840 2767 5877 που
2796 5823 2869 5887 ὡς
2902 5822 3090 5894 μισθὸν
3124 5819 3287 5875 αὐτοῦ
3314 5820 3501 5873 τούτου
3522 5814 3790 5890 ληψόμε-
