4138 6416
413 377 556 438 1525

1852 375 1931 434 ἸΝ
1971 374 2222 434 ISAIAM.

3498 391 3530 442 'l
3541 388 3644 442 5‘26

418 513 499 549 νοι
524 495 847 566 ἐκδεξόμεθα
867 513 881 528 ·
909 496 1069 549 ὁπότε
1102 490 1210 548 οἶδε
1244 494 1504 557 πολλάκις
1536 496 1628 548 καὶ
1661 495 1819 566 ἑορτὴ
1849 496 1977 565 ὰμέ-

2086 495 2286 563 saepius
2323 495 2488 550 etiam
2536 511 2822 565 peccamus
2864 514 2986 554 cum
3032 501 3198 556 nimia
3246 503 3317 558 ibi
3367 505 3644 575 voluptate

415 604 561 657 τρως
580 589 658 649 εἰς
683 586 876 656 ἡδονὴν
902 586 1190 659 ἐκχυθεῖσα
1216 585 1311 638 καὶ
1334 586 1606 657 ἁμαρτίαν
1628 585 1975 657 προξενῆσαι.

419 680 510 731 Δεῖ
535 674 628 732 οὖν
675 678 926 749 ἀσμένως
975 678 1174 750 μᾶλλον
1201 677 1300 742 τὰς
1342 677 1546 747 θλίψεις
1576 677 1850 745 δέξασθαι,
1905 678 1981 741 ὡς

415 770 713 840 ἐμμίσθους
745 770 1025 841 ἐσομένας.

489 864 561 916 Τὸ
612 864 933 928 ἐξάκουστον
960 863 1058 933 τῆς
1086 862 1385 934 μελλούσης
1427 862 1623 926 αὐτοὺς
1668 860 1981 932 καταλήψε-

417 956 541 1010 σθαι
567 956 722 1027 δίκης
741 956 891 1027 δηλοῖ
911 957 940 1008 ὁ
978 955 1134 1024 λόγος
1156 973 1169 986 °
1199 954 1319 1008 οὐδὲ
1362 954 1471 1026 γὰρ
1530 954 1606 1018 ὡς
1649 953 1846 1019 ἀδίκως
1892 956 1982 1007 ἐπ-

417 1048 782 1120 αχθησόμενον
816 1046 994 1118 κρυφῆ
1037 1046 1130 1099 καὶ
1164 1046 1222 1099 ἐν
1243 1044 1413 1115 γωνίᾳ
1440 1043 1834 1115 πραχθήσεται,
1864 1043 1980 1099 ἀλλ’

410 1138 638 1211 ἔκδηλος
688 1138 836 1192 ἔσται
880 1140 993 1201 τοῖς
1040 1138 1236 1207 πᾶσιὴ
1278 1134 1420 1207 μετὰ
1468 1134 1675 1189 δικαίου
1717 1134 1981 1207 κρίματος

415 1230 551 1303 ὀργὴ
578 1229 907 1301 ἐπαγομένη·

485 1323 673 1390 Τοῦτο,
705 1322 847 1378 κατὰ
890 1322 998 1377 τῶν
1037 1321 1336 1391 Ἀσσυρίων
1380 1320 1600 1390 ὀλέθρου
1648 1336 1983 1391 προαγορευ-

410 1416 617 1483 θέντος,
641 1416 737 1470 καὶ
763 1416 862 1485 τῆς
888 1417 1009 1469 κατ’
1036 1413 1201 1468 αὐτοῦ
1233 1413 1386 1485 δίκης
1409 1411 1760 1482 δηλωθείσης,
1786 1411 1982 1465 δικαιό-

412 1523 548 1560 τατα
577 1506 627 1559 οἰ
673 1505 999 1577 Ἰσραηλῖται
1028 1502 1434 1567 ταλανίζονταιο
1469 1503 1604 1575 πρὸς
1655 1503 1754 1574 μὲν
1791 1501 1980 1556 τοῦτον

415 1598 761 1671 ἐπτοημένοι,
800 1596 949 1670 παρὰ
1000 1596 1056 1650 δὲ
1086 1594 1395 1664 Αἰγυπτίων
1424 1592 1778 1666 βοηθήσεσθαι
1822 1611 1985 1665 προσ-

409 1690 694 1754 δοκῶντες,
737 1690 832 1743 καὶ
883 1689 958 1760 μὴ
1003 1687 1433 1757 καταφεύγοντες
1462 1686 1556 1739 ἐπὶ
1592 1685 1683 1739 τὸν
1708 1685 1816 1739 τῶν
1846 1685 1981 1739 ὅλων

408 1782 544 1836 Θεόν
576 1801 636 1836 τε
672 1782 765 1837 καὶ
794 1782 1044 1859 Σωτῆρα,
1073 1781 1132 1834 ὃν
1175 1781 1273 1852 οὐχ
1300 1779 1531 1851 ήγοῦντο
1563 1779 1702 1851 πρὸς
1729 1778 1828 1849 τὴν
1857 1777 1981 1848 βοή-

412 1875 562 1930 θειαν
602 1875 781 1929 αὐτῶν
831 1874 1205 1947 ἀνταρκέσειν,
1241 1872 1377 1926 ἀλλὰ
1412 1875 1477 1943 τῇ
1525 1872 1634 1925 τῶν
1674 1872 1856 1925 ἵππων
1886 1870 1981 1924 καὶ

407 1968 673 2039 ἁρμάτων
699 1966 900 2039 πληθύῖ
941 1965 1258 2030 πεποιθότες
1301 1965 1430 2037 παρ’
1468 1963 1692 2016 ἐκείνων
1741 1959 1980 2031 σωθήσε-

413 2060 536 2113 σθαι
569 2060 929 2133 προσεδόκων.

481 2153 590 2225 Τὴν
618 2154 795 2224 σοφῶς
823 2152 973 2224 παρὰ
1001 2151 1099 2206 τοῦ
1138 2150 1274 2205 Θεοῦ
1311 2148 1655 2221 ἁρμόζουσαν
1688 2145 1980 2219 θεραπείαν

407 2243 528 2304 ταῖς
571 2240 769 2310 ψυχαῖς
813 2241 993 2296 αὐτῶν
1044 2238 1516 2313 προσαχθήσεσθαι
1560 2239 1815 2310 σημαίνει
1840 2252 1853 2267 ³
1900 2237 1978 2289 ὅτι

407 2333 505 2388 καὶ
551 2334 692 2388 αὐτὰ
739 2333 909 2388 ταῦτα
959 2334 1263 2398 κακωτικὰ,
1317 2333 1505 2404 ῶσπερ
1542 2330 1748 2401 ἀγαθοῦ
1793 2330 1979 2402 ἰατροῦ

409 2426 768 2491 ἐκκόπτοντος
792 2427 945 2480 νόσον
973 2427 1067 2480 καὶ
1114 2427 1344 2498 ἰωμένου
1382 2426 1780 2497 ἁμαρτήματα,
1811 2440 1981 2496 προσ-

408 2518 532 2587 άγει
553 2536 566 2549 ·
606 2518 784 2588 σοφῶς
811 2519 905 2572 τοῦ
936 2518 1070 2572 Θεοῦ
1098 2518 1186 2573 διὰ
1208 2518 1313 2573 τῶν
1333 2517 1630 2573 δοκούντων
1645 2513 1781 2569 εἶναι
1808 2516 1979 2586 λυπη-

408 2610 522 2681 ρῶν
568 2611 991 2681 σωφρονίζοντος
1039 2613 1162 2676 τοὺς
1194 2611 1624 2684 ἁμαρτάνοντας,
1665 2610 1760 2663 καὶ
1792 2610 1978 2681 καιρὸν

406 2703 698 2774 μετανοίας
722 2702 1099 2774 χαριζομένου.

493 2794 650 2849 Ἀλλά
697 2796 789 2849 καὶ
846 2793 1248 2865 μετανοούντων
1294 2794 1625 2865 ὑπερασπιεῖ
1672 2795 1705 2866 ἠ
1715 2794 1851 2865 μῶν,
1885 2793 1980 2847 καὶ

403 2885 884 2958 ἀντιποιηθήσεται
935 2886 1035 2957 τῆς
1078 2884 1450 2959 Ἰερουσαλὴμ,
1495 2885 1587 2939 ἰσα
1617 2887 1731 2949 τοῖς
1775 2885 1981 2957 ὀρνέοις

406 2981 518 3043 τοῖς
548 2976 802 3049 βοηθοῦσι
824 2980 937 3042 τοῖς
961 2978 1168 3033 ἑαυτῶν
1199 2980 1432 3042 νεοττοῖς
1450 2995 1464 3008 ·
1495 2978 1589 3031 καὶ
1621 2976 1730 3048 γὰρ
1752 2977 1980 3031 κάκεῖνα

407 3070 537 3140 παρ’
561 3066 726 3122 αὐτοῦ
757 3068 1000 3123 δέδεκται
1028 3068 1202 3124 ταῦτα
1226 3070 1294 3123 τὰ
1323 3068 1525 3138 φυσικὰ
1554 3068 1889 3139 συνθήματα.

477 3163 614 3226 Τοὺς
638 3163 696 3216 ἐν
719 3163 832 3223 τοῖς
857 3162 1043 3227 κακοῖς
1072 3162 1475 3233 ἐμόαθύνοντας
1500 3160 1596 3215 καὶ
1624 3163 1682 3215 ἐν
1702 3164 1815 3225 τοῖς
1839 3160 1978 3216 κατὰ

2087 585 2443 640 detineamur.
2480 585 2879 646 Tribulationes
2931 592 3092 662 igitur
3127 595 3308 664 potius
3349 596 3643 667 suscipias,

2088 682 2271 745 utpote
2300 676 2488 745 plenas
2519 678 2784 735 mercede.

2154 850 2317 907 Vens.
2350 852 2441 908 30.
2470 852 2723 910 Auditam
2754 856 2964 912 scilicet
2993 857 3153 914 faciat
3177 860 3317 918 Deus
3346 863 3642 919 vindictam

2084 959 2273 1007 suam;
2306 946 2507 1018 quippe
2536 963 2657 1018 quae
2684 964 2797 1004 non
2845 962 3054 1006 secreto
3096 962 3150 1007 et
3192 956 3246 1009 in
3291 958 3488 1028 angulo
3519 957 3639 1022 ﬁet,

2081 1036 2239 1106 quasi
2276 1046 2423 1094 esset
2455 1054 2594 1109 opus
2626 1041 2877 1112 iniquum
2898 1082 2913 1106 ,
2945 1044 3040 1099 sed
3069 1047 3322 1102 omnibus
3357 1051 3641 1120 perspicua

2080 1127 2186 1181 erit
2216 1128 2297 1183 ira
2331 1144 2455 1184 cum
2477 1130 2630 1201 justo
2658 1131 2868 1203 judicio
2891 1144 3139 1191 ventura.

2152 1306 2282 1363 CAP.
2317 1308 2519 1377 XXXI,
2554 1311 2720 1368 Vsus.
2757 1315 2808 1368 l.
2841 1314 2978 1370 Cum
3009 1316 3361 1389 Assyriorum
3391 1322 3644 1379 incursus

2081 1400 2417 1470 praedixerit,
2447 1416 2501 1458 et
2530 1404 2828 1460 vindictam
2858 1407 2928 1462 ab
2958 1408 3079 1479 ipso
3114 1412 3472 1467 exercendam
3491 1456 3507 1481 ,
3532 1429 3645 1469 me-

2079 1493 2186 1547 rito
2228 1492 2370 1550 Deus
2400 1494 2675 1551 lsraelitas
2720 1496 2887 1553 dolet.
2934 1498 3067 1553 Nam
3110 1508 3335 1571 stupore
3365 1512 3644 1569 amentes,

2080 1585 2412 1640 etauxilium
2429 1588 2499 1642 ab
2518 1586 2790 1659 Egyptiis
2823 1597 3227 1659 exspectantes,
3250 1592 3316 1647 ad
3348 1593 3514 1648 Deum
3534 1610 3645 1650 non

2080 1676 2442 1748 confugerunt
2508 1681 2751 1735 omnium
2811 1677 3098 1738 Dominum
3162 1692 3216 1739 et
3272 1685 3643 1751 Salvatorem,

2081 1771 2238 1839 quasi
2269 1769 2464 1826 fuisset
2505 1771 2668 1829 inane
2696 1773 2817 1843 ejus
2844 1775 3202 1845 praesidium;
3247 1778 3341 1834 sed
3380 1794 3646 1849 equorum

2013 1852 2054 1911 Β
2081 1868 2135 1916 et
2164 1877 2426 1917 curruum
2456 1865 2806 1922 multitudine
2834 1867 3046 1936 conﬁsi,
3070 1885 3128 1925 se
3149 1871 3219 1925 ab
3245 1871 3324 1927 eis
3353 1871 3647 1927 salvandos

2082 1965 2203 2006 esse
2233 1964 2605 2022 speraverunt.

2148 2128 2315 2187 Vens.
2346 2132 2403 2187 4.
2439 2132 2669 2191 Animos
2712 2150 2902 2191 eorum
2924 2137 3236 2208 .prudenter
3269 2155 3301 2195 a
3332 2139 3441 2196 Deo
3474 2140 3645 2195 infor-

2080 2225 2309 2283 mandos
2355 2242 2479 2284 esse
2535 2228 2811 2299 declarat;
2864 2246 2992 2286 nam
3060 2233 3304 2288 vindicta
3347 2233 3442 2289 Dei
3499 2235 3646 2289 velut
3732 2238 3739 2247 ‘

2077 2318 2276 2375 medici
2311 2322 2597 2391 prudentia
2630 2324 2879 2380 morbum
2916 2325 3248 2392 recidentis,
3290 2336 3346 2384 et
3398 2328 3646 2384 sanantis

2078 2409 2334 2479 vulnera;
2383 2413 2659 2484 sapienter
2693 2423 3009 2485 peccatores
3055 2416 3122 2471 ad
3174 2418 3391 2474 saniora
3428 2430 3645 2475 revocat

2078 2499 2223 2557 Deus
2246 2542 2262 2566 ,
2295 2510 2349 2559 et
2368 2513 2595 2578 tempus
2621 2508 2956 2578 poenitentiae
2980 2519 3270 2580 praeparat,
3295 2510 3425 2566 dum
3455 2511 3647 2567 laedere

2078 2592 2313 2650 videtur.

2154 2770 2321 2828 Vsus.
2371 2773 2424 2829 5.
2469 2771 2853 2830 Paenitentiam
2909 2788 3131 2849 agentes
3172 2785 3427 2849 proteget
3478 2776 3642 2839 Deus,

2080 2873 2134 2921 et
2167 2865 2468 2923 Jerusalem
2505 2867 2779 2933 defendet,
2826 2868 3007 2924 avium
3062 2870 3128 2924 ad
3181 2884 3427 2924 normam
3464 2869 3649 2939 pullos

2081 2972 2211 3011 suos
2260 2957 2559 3014 foventium
2603 2978 2617 3025 ;
2675 2961 2850 3030 ipsam
2899 2961 3045 3016 enim
3089 2969 3241 3017 tanto
3300 2961 3481 3018 studio
3529 2976 3649 3031 pro-

2081 3050 2348 3119 sequitur.

2153 3138 2321 3194 Vsns.
2366 3140 2419 3195 6.
2454 3141 2611 3198 Malis
2649 3142 2933 3199 demersos
2970 3151 3025 3198 et
3072 3145 3336 3215 impietati
3374 3147 3428 3202 in
3472 3144 3646 3203 Deum

406 3250 537 3305 Θεὸν
582 3206 930 3315 ἐπιπολαίους
957 3206 1298 3322 ἐπέσττρέφων
1323 3252 1352 3305 ό
1377 3206 1556 3321 λόγος,
1593 3250 1660 3304 τὰ
1692 3206 1812 3305 καθῖ
1850 3253 1977 3305 ἑαυ-

2078 3230 2292 3286 deditos
2341 3234 2636 3296 allocutus,
2669 3243 2729 3289 ut
2780 3235 2885 3290 sibi
2934 3206 3224 3291 consulant
3275 3239 3466 3293 suadet
3508 3255 3640 3307 pro-

405 3345 531 3409 τοὺς
561 3347 791 3418 συνορᾷν
834 3344 1209 3416 συμϐουλεύει,
1256 3343 1495 3410 κακίζων
1543 3343 1722 3399 αὐτῶν
1755 3345 1847 3398 καὶ
1877 3345 1975 3417 τὴν

398 3436 749 3510 πεποίθησιν,
777 3437 842 3509 ἥν
875 3440 960 3491 ἐπ’
991 3438 1320 3507 Αἰγυπτίους
1354 3437 1668 3509 ἐκέκτηντο.

487 3528 649 3583 Ἀλλὰ
672 3529 842 3585 ταῦτα
888 3531 1006 3602 μὲν,
1037 3532 1159 3585 ὅσον
1185 3526 1318 3603 ἧκεν
1352 3532 1432 3595 εἰς
1472 3530 1569 3603 τὴν
1607 3530 1867 3603 ἱστορίαν,
1898 3531 1976 3593 εἰς

404 3620 495 3674 τὸν
531 3622 779 3687 Ἐζεκίαν
820 3622 1172 3696 λεχθήσονται
1192 3640 1205 3654 ’
1234 3624 1440 3695 κυρίως
1462 3623 1517 3677 δὲ
1555 3623 1875 3696 νοηθήσεται
1898 3626 1977 3688 εἰς

400 3713 568 3767 ἀὐτὸν
591 3713 683 3767 τὸν
709 3715 938 3787 Σωτῆρα
958 3731 973 3745 ’
1001 3714 1067 3768 ἵν’
1108 3714 1325 3784 ἔχοιμεν
1355 3716 1515 3778 νοεῖν,
1536 3714 1624 3768 ὅτι
1663 3712 1725 3767 τὸ
1762 3713 1978 3785 ἀληθῶς

407 3802 678 3874 μακάριον
707 3803 858 3858 ἔσται
882 3806 996 3868 τοῖς
1025 3803 1388 3877 προκεκοπόσι
1420 3804 1565 3859 κατὰ
1602 3804 1737 3858 Θεὸν
1765 3804 1859 3858 καὶ
1879 3804 1977 3876 τὴν

403 3888 517 3949 ἄνω
544 3894 698 3950 ἕΣιὼν
724 3896 952 3962 οἰκοῦσι,
986 3897 1078 3951 καὶ
1116 3896 1339 3968 βασιλέα
1386 3899 1850 3970 ἐπιγραφομένοις
1889 3899 1977 3953 τὸν

402 3982 609 4059 Κύριον
630 3985 786 4058 ἡμῶν
820 3986 1027 4059 Ἰησοῦν
1058 3987 1312 4059 Χριστὸν,
1349 3988 1429 4051 εἰς
1455 3987 1513 4042 ὃν
1544 3987 1688 4041 κατὰ
1710 3988 1813 4060 γῆν
1841 3990 1979 4060 ἡμε-

402 4077 567 4149 τέραν
588 4079 681 4132 καὶ
715 4080 748 4149 ἡ
777 4078 921 4150 ἄκρα
944 4078 1255 4150 δικαιοσύνη
1285 4078 1625 4150 νοηθήσεται.

473 4170 576 4224 Τὸν
600 4169 703 4234 τὰς
723 4170 943 4235 ἐντολὰς
969 4170 1060 4224 τοῦ
1085 4169 1219 4224 Θεοῦ
1241 4171 1565 4242 τηρήσαντα,
1595 4170 1688 4224 καὶ
1712 4168 1899 4241 ῶσπερ
1920 4171 1977 4223 ἐν

399 4262 581 4335 ἐαυτῷ
604 4263 732 4327 τοὺς
774 4263 966 4333 λόγους
989 4261 1084 4317 τοῦ
1129 4262 1265 4317 Θεοῦ
1308 4262 1733 4335 κατακρύψαντα
1776 4262 1869 4314 ἐπὶ
1896 4261 1975 4315 δι-

404 4355 683 4429 καιοσύνῃ,
710 4355 900 4410 τοῦτον
939 4358 1033 4411 καὶ
1058 4356 1166 4410 ἀπὸ
1193 4355 1364 4428 ὀργῆς
1401 4354 1747 4428 ἐπαγομένης
1776 4372 1977 4411 σκεπα-

406 4448 698 4519 σθήσεσθαι
718 4448 885 4519 δηλοῖ.

2078 3324 2259 3393 pheta,
2285 3332 2340 3380 et
2374 3324 2627 3380 ﬁduciam
2658 3328 2951 3397 exprobrat
2978 3343 3085 3398 qua
3122 3329 3175 3382 in
3208 3328 3478 3401 [Egyptiis
3505 3346 3641 3385 con-

2078 3414 2332 3469 ﬁde-bant.

2147 3510 2278 3563 CAP.
2315 3508 2528 3575 XXXII,
2576 3509 2740 3567 Vsus.
2794 3512 2845 3565 l.
2892 3506 3166 3567 Historico
3213 3512 3433 3583 quidem
3476 3528 3642 3570 sensu

2076 3602 2191 3656 haec
2231 3600 2300 3655 ad
2338 3600 2627 3657 Ezechiam
2658 3612 2930 3674 spectant,
2962 3613 3108 3660 recte
3139 3613 3321 3662 tamen
3349 3606 3418 3662 ad
3462 3609 3639 3678 ipsum

2078 3690 2415 3750 Salvatorem
2454 3697 2781 3752 referentur.
2817 3698 3031 3756 Sentias
3066 3698 3235 3770 igitur
3282 3716 3408 3757 vere
3456 3701 3643 3758 beatos

2075 3805 2199 3847 esse
2222 3790 2316 3862 qui
2346 3791 2647 3846 secundum
2675 3791 2844 3847 Deum
2876 3794 3247 3865 profecerunt,
3272 3805 3327 3852 et
3348 3813 3644 3869 supernam

2079 3874 2211 3939 Sion
2265 3892 2559 3953 occupant,
2605 3892 2660 3939 et
2712 3900 2896 3957 regem
2948 3886 3150 3942 habent
3200 3886 3491 3943 Dominum
3548 3902 3647 3944 no-

2077 3988 2252 4033 strum
2326 3975 2515 4033 Jesum
2602 3976 2882 4035 Christum
2941 3980 3030 4033 cui
3101 3979 3264 4034 etiam
3357 3981 3415 4035 in
3487 3981 3647 4038 terris

2076 4083 2290 4121 summa
2314 4066 2527 4136 justitia
2557 4068 2836 4139 competit.

2146 4156 2311 4214 Vsus.
2343 4158 2398 4213 2.
2431 4157 2693 4215 Homines
2730 4160 2823 4229 qui
2857 4169 3078 4215 servant
3116 4159 3211 4216 Dei
3255 4171 3546 4232 prmeepta,
3590 4175 3647 4219 et

2071 4249 2170 4307 Dei
2211 4264 2491 4306 sermones
2530 4266 2643 4321 prae
2674 4250 2889 4320 justitia
2919 4251 2974 4307 iu
3010 4255 3316 4324 semetipsis
3342 4257 3641 4320 occultam,

2077 4344 2146 4398 ab
2178 4344 2257 4398 ira
2283 4351 2510 4398 ventura
2536 4343 2908 4401 defendendos
2929 4344 3188 4400 declarat.

470 4542 612 4605 Τοὺς
655 4541 972 4613 Ἀσσυρίους
1020 4538 1400 4612 ἐπικειμένους
1428 4542 1508 4605 είς
1546 4540 1800 4612 πόλεμον,
1847 4538 1977 4593 ἀκό-

2154 4523 2313 4580 Vsus.
2345 4523 2400 4589 4,
2429 4523 2481 4578 5.
2516 4521 2839 4577 lmminente
2861 4521 3209 4594 Assyriorum
3240 4522 3404 4589 bello,
3433 4539 3647 4595 mquum

400 4632 587 4686 λουθον
611 4628 678 4704 ἦν
704 4633 830 4696 τοὺς
863 4631 999 4703 πρὸς
1025 4630 1115 4684 τὸν
1146 4631 1279 4685 Θεὸν
1307 4630 1578 4695 τείνοντας
1605 4630 1666 4684 τὸ
1693 4630 1846 4702 ὄμμα
1872 4646 1972 4683 κα-

395 4728 686 4796 ταφρονεῖν
713 4725 808 4796 μὲν
828 4723 928 4795 τῆς
955 4722 1301 4794 ἀνθρωπίνης
1331 4722 1601 4795 βοηθείας,
1628 4721 1770 4792 λέγω
1792 4721 1855 4793 δὴ
1874 4719 1972 4793 τῆς

398 4816 507 4869 τῶν
531 4816 846 4886 Αἰγυπτίων
866 4831 881 4846 ο
910 4815 995 4869 ἐπ’
1019 4814 1178 4867 αὐτὸν
1193 4814 1250 4867 δὲ
1275 4813 1372 4878 τὰς
1406 4814 1629 4878 ἐλπίδας
1653 4811 1969 4885 κεκτῆσθαι,

392 4909 497 4960 ’καὶ
517 4909 666 4980 αὐτῷ
693 4908 977 4982 προσέχειν
1010 4907 1101 4960 τὸν
1130 4906 1257 4960 νοῦν
1282 4923 1295 4937 ’
1324 4906 1450 4970 τοὺς
1472 4905 1582 4977 γὰρ
1608 4906 1873 4978 πρότερον
1898 4905 1971 4976 μὴ

398 4996 723 5069 δυναμένους
748 4999 840 5052 τὸν
859 4999 958 5068 τῆς
980 4997 1286 5061 θεοσεϐείας
1312 4995 1642 5068 διαρθρῶσαι
1671 4995 1828 5064 λόγον
1852 4996 1972 5050 τότε

390 5090 526 5162 ’ἐνῆν
561 5091 687 5145 ἰδεῖν
718 5090 976 5145 δύνασθαι
1020 5093 1192 5164 τρανῇ
1221 5093 1287 5162 τῇ
1313 5088 1525 5160 γλώττῃ
1572 5088 1853 5160 ὁμολογεῖν
1881 5090 1974 5145 τὸν

392 5183 496 5253 ’τῆς
522 5186 743 5256 εἰρήνης
782 5184 1107 5257 βραϐευτὴν,
1134 5184 1228 5238 καὶ
1250 5182 1432 5237 οὐκέτι
1464 5181 1738 5253 αἱρεῖσθαι
1769 5182 1861 5235 τὸν
1881 5183 1974 5235 Al-

392 5273 624 5340 γύπτιον
665 5274 844 5329 αὐτῶν
881 5276 1090 5346 ἄρχειν,
1137 5274 1195 5327 ὃν
1233 5273 1415 5344 μωρὸν
1461 5270 1685 5334 δικαίως
1716 5273 1749 5342 ή
1783 5272 1973 5343 Γραφὴ

399 5363 699 5435 ὠνόμασεν.

467 5454 575 5508 Τοῦ
608 5457 882 5529 τάγματος
926 5461 1035 5512 τῶν
1092 5459 1301 5530 ἀνδρῶν
1360 5458 1622 5525 ἀνηκοΐαν
1667 5455 1971 5519 νοσοῦντος,

398 5546 625 5616 μετάγει
657 5550 748 5601 τὸν
776 5549 933 5619 λόγον
957 5552 985 5604 ὁ
1018 5552 1301 5625 προφήτης
1327 5553 1423 5605 ἐπὶ
1448 5551 1546 5614 τὰς
1568 5551 1855 5618 γυναῖκας,
1878 5547 1973 5600 καὶ

398 5636 705 5707 νομοθετεῖν
755 5638 897 5705 ἀξιοῖ
936 5641 1138 5703 ταύτας
1163 5659 1177 5671 ·
1231 5642 1325 5695 καὶ
1371 5640 1606 5712 μάλιστα
1652 5639 1750 5701 τὰς
1786 5636 1971 5707 κομώ-

398 5745 499 5793 σας
566 5728 886 5802 πλούτῳ,“αἳ
937 5731 1031 5785 τοῦ
1094 5733 1189 5803 μὲν
1250 5733 1458 5786 ἑαυτῶν
1520 5732 1725 5802 κόσμου
1772 5729 1972 5799 πολλὴν

398 5820 713 5891 ἐπιμέλειαν
775 5824 1132 5894 ἐποιήσαντο,
1198 5823 1380 5888 καθὼς
1444 5824 1540 5878 καί
1599 5826 1655 5876 ἐν
1705 5825 1818 5886 τοῖς
1873 5820 1972 5891 ἒμ-

2075 4622 2195 4670 erat
2261 4620 2323 4668 ut
2366 4612 2542 4668 oculis
2578 4613 2635 4667 in
2666 4611 2837 4667 Deum
2883 4612 3098 4678 intenti,
3149 4611 3445 4666 humanam
3488 4626 3647 4682 opem

2077 4717 2453 4775 spernerent;
2500 4721 2657 4777 opem
2711 4706 2838 4760 dico
2889 4703 3311 4776 IEgyptiorum;
3360 4704 3417 4758 in
3468 4703 3648 4774 ipsum

2078 4815 2206 4855 vero
2239 4798 2604 4862 conﬁderent,
2646 4813 2815 4851 unum
2858 4813 2981 4852 eum
3026 4799 3392 4852 intuerentur.
3435 4795 3649 4867 Quippe

2076 4896 2168 4962 qui
2232 4893 2387 4962 prius
2429 4891 2524 4947 Dei
2575 4907 2773 4947 nomen
2835 4891 2926 4945 vix
2971 4890 3245 4946 hwsitanti
3287 4889 3473 4961 lingua
3530 4889 3648 4944 bal-

2075 4987 2256 5042 butire
2290 4993 2610 5055 potuerant,
2652 4996 2800 5039 nunc
2846 4983 3069 5038 eosdem
3101 4982 3307 5037 videris
3346 4983 3646 5053 principem

2076 5081 2228 5150 pacis
2282 5079 2546 5135 distincta
2598 5093 2734 5132 voce
2786 5075 3104 5140 confessos,
3158 5085 3211 5130 et
3263 5073 3647 5148 Egyptiorum

2076 5173 2365 5243 imperium
2395 5171 2508 5241 jam
2543 5170 2902 5226 abhorrentes
2945 5184 3085 5239 quos
3119 5168 3315 5222 merito
3362 5168 3651 5238 Scriptura
3728 5224 3732 5227 Α

2076 5264 2277 5320 stultos
2316 5269 2492 5318 vocat.

2025 5440 2034 5445 ’
2141 5445 2308 5501 Vens.
2338 5444 2393 5500 9.
2439 5442 2575 5499 Cum
2619 5443 2864 5498 virorum
2906 5441 3043 5495 ordo
3090 5438 3462 5496 inobedientia
3491 5439 3647 5493 labo-

2076 5548 2179 5603 rct,
2217 5538 2474 5593 mulieres
2507 5536 2704 5590 aﬁatur
2745 5535 3033 5604 pr0pheta,
3079 5534 3309 5603 illasque
3348 5531 3652 5593 informan~

2075 5631 2176 5685 das
2207 5630 2439 5700 suscipit
2475 5648 2490 5697 ;
2528 5629 2829 5696 praesertim
2864 5643 2996 5682 vero
3041 5626 3249 5681 divitiis
3281 5624 3649 5687 abundantes,

2075 5739 2196 5793 quae
2239 5737 2441 5793 corpus
2481 5736 2642 5777 suum
2684 5733 2901 5776 summo
2933 5720 3119 5774 studio
3159 5717 3536 5780 exornabant,
3571 5716 3650 5769 uti

2076 5827 2130 5872 ct
2160 5831 2324 5888 supra
2363 5815 2625 5887 pr0pheta
2662 5813 3047 5869 conﬁrmavit'
3083 5826 3271 5867 verum
3307 5817 3487 5865 autem
3529 5805 3651 5863 cul-
