4138 6448
482 394 616 447 ’327

1689 379 2031 437 TllEODORI
2074 377 2594 433 HERACLEENSIS

3577 380 3712 430 1328

475 525 614 580 tum,
671 511 1007 582 spiritualem
1064 507 1294 570 scilicet,
1357 505 1723 575 uegligebant,
1765 519 1872 572 quo
1932 501 2033 554 sibi

2147 495 2370 568 πρόσθεν
2405 497 2690 562 κατέλεξεν
2721 501 2748 547 ὸ
2785 497 3071 566 προφήτης
3092 512 3103 524 ·
3141 495 3234 548 τοῦ
3265 494 3322 547 δέ
3353 493 3584 564 ἀληθοῦς
3609 493 3711 562 ψυ-

473 608 702 664 salutem
742 604 974 658 fuissent
1013 607 1340 656 consecutae.
1383 597 1530 663 Quas
1563 597 1728 668 igitur
1764 597 1909 649 velut
1952 609 2038 647 ex-

473 695 874 772 pergefacicns,
925 701 979 750 et
1023 694 1273 749 excitans
1313 704 1563 746 sermone
1602 707 1613 741 :
1660 706 1676 738 ι
1709 687 1924 750 Audite,
1954 685 2037 738 in.

473 793 612 860 quit,
650 788 906 842 mulieres
939 786 1183 850 divites;
1234 802 1251 834 ο
1297 797 1406 836 non
1446 780 1593 849 ipsas
1643 795 1773 833 sane
1821 777 2038 831 divitias

477 887 810 949 insectatur,
854 887 1044 950 utpote
1082 893 1204 949 qua:
1240 876 1375 946 ipsis
1419 873 1634 928 fuerant
1689 886 1718 924 a
1759 869 1868 924 Deo
1916 884 2039 923 cre-

474 977 620 1040 ditae,
658 973 753 1029 sed
784 986 967 1025 mores
997 969 1137 1024 male
1167 967 1363 1037 opibus
1391 963 1508 1019 suis
1532 960 1824 1016 utentium.

545 1152 712 1210 Vsus.
760 1151 1076 1206 15.1ndicat
1106 1148 1194 1202 hic
1226 1149 1379 1200 locos
1410 1158 1530 1200 esse
1566 1139 1860 1197 vastandos
1881 1157 1894 1204 ;
1914 1153 2036 1191 nam

474 1245 722 1300 Cltermel
754 1258 910 1296 mons
940 1249 1024 1296 est
1058 1237 1335 1292 Samariaa.

542 1359 671 1413 CAP.
709 1354 945 1417 XXXIII,
1000 1351 1166 1407 Vens.
1208 1350 1262 1404 2.
1325 1349 1459 1405 Cum
1508 1348 1563 1402 in
1605 1347 1723 1401 dies
1764 1345 1936 1414 magis
1977 1357 2039 1397 ac

477 1451 647 1518 magis
693 1451 1020 1516 augerentur
1066 1440 1248 1512 populi
1304 1447 1548 1511 peccata,
1600 1452 1701 1491 nec
1757 1435 1919 1488 minis
1972 1433 2038 1485 ad

477 1541 844 1610 paenitentiam
891 1537 1156 1597 deterriti,
1189 1549 1287 1588 nec
1335 1549 1431 1604 spe
1473 1532 1739 1586 bonorum
1804 1529 1868 1581 ad
1914 1528 2040 1598 pie-

478 1641 635 1687 tatem
699 1631 946 1693 excitati,
992 1627 1370 1683 misericordia
1422 1634 1701 1694 permotus
1747 1623 1860 1690 ipse
1924 1635 2042 1688 pro-

477 1726 657 1796 pheta,
693 1723 836 1778 haud
878 1737 1038 1777 secus
1070 1736 1132 1775 ac
1163 1720 1209 1776 si
1244 1719 1357 1788 jam
1396 1733 1519 1771 eum
1555 1722 1804 1770 cerneret
1833 1712 2040 1766 meritis

478 1815 752 1887 suppliciis
779 1813 1104 1876 contritum,
1142 1810 1370 1865 salutem
1403 1808 1603 1861 civium
1638 1823 1667 1858 a
1703 1804 1810 1856 Deo
1849 1801 2036 1870 depre-
2069 1847 2112 1901 Β

476 1915 645 1962 catur.
679 1904 796 1972 Qua
847 1903 1058 1958 ratione
1095 1901 1335 1956 declarat
1393 1899 1542 1969 ipsos
1591 1896 1664 1949 nil
1715 1896 2038 1948 intentatum

471 1995 962 2063 intemeratumque
1016 1990 1338 2060 reliquisse,
1390 2003 1490 2042 nec
1538 1984 1685 2040 aliud
1748 1983 1852 2038 sibi
1911 1997 2040 2050 pro-

472 2087 756 2150 meruisse,
791 2086 894 2140 uisi
930 2099 1139 2155 poenas.
1170 2081 1408 2152 KEquum
1436 2088 1522 2135 est
1561 2086 1620 2133 ut
1656 2077 1815 2131 nobis
1847 2089 2040 2144 parcas

471 2187 524 2234 et
561 2177 915 2234 misereariS'
951 2177 1007 2229 in
1045 2184 1098 2229 te
1131 2177 1274 2230 enim
1307 2172 1652 2227 conﬁdimus.

548 2353 706 2409 Vens.
755 2354 810 2410 5.
857 2352 982 2408 llwc
1011 2351 1142 2405 dicit
1177 2351 1462 2422 pr0pheta,
1496 2363 1604 2402 non
1651 2357 1709 2402 ut
1751 2345 2042 2414 .ndignan-

473 2453 579 2499 tem
613 2444 779 2499 Deum
804 2445 1001 2514 placet,
1036 2443 1129 2498 sed
1157 2452 1211 2496 ut
1239 2442 1498 2513 populum
1531 2441 1745 2504 doceat,
1777 2436 1907 2507 quid
1939 2436 2043 2506 ipsi

473 2535 541 2590 ad
574 2535 1016 2606 consequendam
1046 2535 1276 2590 salutem
1309 2533 1577 2605 agendum
1612 2533 1704 2587 sit.
1735 2529 1866 2596 Quae
1895 2528 2042 2583 enim

473 2628 560 2682 sui
607 2628 832 2683 conscio
875 2627 1074 2697 populo
1117 2625 1185 2680 ad
1232 2625 1399 2681 Deum
1440 2624 1713 2678 fundenda
1756 2627 1936 2685 erant,
1975 2632 2042 2674 ea

474 2726 598 2775 vota
646 2717 780 2773 facit
831 2718 1094 2789 propheta
1145 2716 1289 2788 apud
1334 2733 1524 2772 eorum
1575 2715 1913 2779 Dominum;
1969 2709 2044 2764 ita

473 2815 675 2868 docens
724 2829 822 2868 eos
876 2812 1006 2881 quid
1052 2811 1158 2867 sibi
1205 2811 1292 2882 pia
1338 2820 1518 2865 mente
1569 2808 1834 2879 ﬂagitent,
1882 2813 1941 2859 ut
1991 2809 2046 2858 et

475 2905 576 2975 Ipsi
621 2905 705 2960 vel
763 2904 1085 2975 prophetam
1134 2901 1366 2965 imitati,
1411 2915 1632 2954 causam
1685 2911 1840 2953 suam
1900 2892 2044 2965 apud

475 2994 642 3048 Deum
681 3002 866 3064 agant.

545 3105 710 3162 Vens.
753 3105 806 3161 5.
857 3104 1218 3176 Progressum
1261 3104 1485 3170 mentis,
1532 3111 1587 3159 et
1625 3103 1824 3158 bonam
1877 3093 2044 3152 animi

2141 588 2295 659 χικοῦ
2319 589 2543 658 κόσμου,
2558 588 2615 650 ὃς
2639 587 2912 658 σωτηρίαν
2928 590 3116 650 αὐταῖς
3141 585 3435 656 προεξένει,
3454 585 3711 654 ἠμέλουν.

2142 679 2353 750 ’Ὠσπερ
2377 674 2470 732 οὖν
2500 677 2814 747 ἀφυπνίζων
2834 678 3000 740 αύτάς
3021 679 3114 731 καὶ
3135 676 3418 730 διανιστῶν
3446 676 3523 746 τῷ
3548 675 3710 745 λόγῳ,

2146 791 2165 821 ι
2215 770 2524 833 Ἀκούσατε,
2572 768 2798 838 ἔφασκε,
2833 771 3089 837 γυναῖκες
3128 767 3406 822 πλούσιαι·
3451 788 3470 819 ι
3503 767 3603 820 οὑκ
3634 769 3712 830 είς

2140 862 2366 915 πλοῦτον
2397 861 2564 924 αὑτὰς
2617 861 3012 923 ἀποσκώπτων,
3047 859 3102 923 ὃς
3129 863 3222 913 καὶ
3251 859 3410 923 αὐτὸς
3439 861 3590 930 παρά
3615 859 3709 912 τοῦ

2138 953 2274 1008 Θεοῦ
2302 952 2525 1018 ἐδέδοτο,
2549 952 2661 1004 ἀλλ’
2696 953 2775 1013 εἰς
2801 952 2996 1022 τρόπον
3027 951 3134 1004 τῶν
3168 953 3351 1016 κακῶς
3388 952 3466 1022 τῷ
3498 952 3711 1021 πλούτῳ

2140 1043 2458 1118 χρωμένων.

2209 1136 2319 1206 Τὴν
2349 1135 2794 1206 καταληψομένην
2827 1137 2952 1198 τοὺς
2981 1137 3178 1200 τόπους
3210 1136 3444 1207 ἐρημίαν
3481 1134 3712 1189 ἐνταῦθα

2143 1228 2431 1299 σημαίνει·
2463 1226 2682 1298 Χερμὲλ
2715 1231 2822 1298 γὰρ
2847 1228 2971 1298 ὅρος
2992 1229 3108 1280 ἐστὶ
3147 1227 3246 1297 τῆς
3273 1228 3604 1298 Σαμαρείας.

2211 1342 2305 1403 Εἰς
2331 1339 2610 1411 ἀπέραντα
2659 1340 3100 1412 παρανομοῦντος
3138 1341 3230 1394 τοῦ
3269 1340 3421 1403 λαοῦ,
3457 1340 3548 1392 καὶ
3577 1342 3711 1410 μήτε

2139 1436 2205 1504 τῇ
2233 1431 2340 1485 τῶν
2403 1431 2742 1504 σκυθρωπῶν
2782 1431 3082 1504 ἐπαγγελίᾳ
3125 1431 3526 1502 καμπτομένων
3578 1430 3712 1500 πρὸς

2143 1525 2451 1596 μετάνοιαν,
2487 1526 2625 1595 μήτε
2656 1527 2721 1596 τῇ
2759 1522 2868 1576 τῶν
2903 1523 3152 1595 χρηστῶν
3183 1523 3358 1576 ἐλπίδι
3381 1520 3715 1590 διεγειρομέ-

2140 1629 2244 1666 νων
2279 1612 2412 1684 πρὸς
2446 1611 2770 1678 θεοσέϐειαν,
2801 1615 2880 1674 είς
2925 1612 3266 1682 συμπάθειαν
3312 1609 3654 1679 κατενεχθεὶς
3684 1611 3715 1660 ὁ

2141 1705 2443 1776 προφήτης,
2467 1704 2542 1768 ὡς
2573 1705 2796 1776 μηδενὸς
2830 1705 3016 1776 ἐτέρου
3040 1705 3359 1774 λειπομένου
3383 1703 3414 1774 ἢ
3447 1703 3714 1772 τιμωρίας

2140 1799 2240 1867 τῆς
2270 1795 2674 1867 ἐπαχθήσεσθαι
2715 1797 2896 1860 αὐτοῖς
2930 1795 3228 1866 μελλούσης
3261 1795 3380 1851 κατ’
3415 1794 3593 1859 ἀξίαν,
3622 1794 3714 1845 5'5-

2140 1888 2238 1960 χὴν
2269 1889 2408 1960 ὑπὲρ
2429 1888 2606 1941 αὐτῶν
2636 1889 2951 1960 ἀναπέμπει
2981 1889 3116 1960 πρὸς
3139 1889 3229 1941 τὸν
3250 1888 3358 1940 τῶν
3386 1886 3520 1940 ὅλων
3549 1886 3680 1938 Θεόν
3697 1902 3710 1915 ·

2139 1982 2298 2036 τοῦτο
2324 1981 2522 2053 δηλῶν,
2560 1981 2643 2034 ὅτι
2671 1980 2742 2034 τὰ
2773 1981 2870 2052 μὲν
2911 1983 3040 2052 παρ’
3070 1981 3235 2035 αὐτοῦ
3274 1979 3380 2033 τῶν
3409 1981 3489 2043 εἰς
3517 1977 3715 2030 κακίαν

2143 2072 2632 2143 συμπεπλήρωται,
2678 2074 2772 2126 καὶ
2818 2073 2970 2126 οὐδὲν
3017 2073 3201 2144 ’έτερον
3247 2070 3714 2142 κεχρεωστήσεται

2140 2165 2320 2226 αὐτοῖς
2365 2165 2400 2234 ἢ
2429 2163 2552 2233 δίκη
2575 2180 2586 2192 ·
2629 2164 2786 2236 χρεία
2815 2164 2871 2218 δέ
2899 2165 3007 2218 τῶν
3031 2164 3138 2218 σῶν
3172 2161 3467 2235 οἰκτιρμῶν
3498 2162 3590 2215 καὶ
3621 2159 3712 2212 τοῦ

2143 2256 2236 2308 σοῦ
2267 2253 2438 2318 ἐλέου,
2473 2256 2548 2318 ὡς
2576 2256 2668 2308 ἐπὶ
2693 2256 2774 2308 σοὶ
2802 2255 3136 2310 πεποιθότων

2212 2347 2396 2402 Ταῦτα
2416 2349 2472 2402 δέ
2494 2351 2522 2401 ὁ
2549 2351 2832 2420 προφήτης
2859 2349 3064 2418 ἔλεγεν,
3091 2350 3186 2420 οὐχ
3212 2349 3287 2411 ὼς
3308 2343 3716 2416 ἀγανακτοῦντα

2141 2441 2230 2494 τὸν
2243 2441 2374 2496 Θεὸν
2389 2441 2677 2507 διδάσκων,
2708 2442 2820 2496 ἀλλ’
2848 2441 2924 2506 ὡς
2936 2441 3014 2513 τῷ
3024 2441 3136 2512 λαῷ
3153 2441 3452 2513 προφάσεις
3465 2435 3715 2508 παρέξων

2144 2533 2254 2588 τῶν
2273 2532 2586 2605 ἀρκούντων
2613 2535 2796 2599 αὐτοῖς
2817 2536 2896 2598 είς
2927 2537 3218 2606 σωτηρίαν.
3244 2534 3312 2584 Ἃ
3323 2532 3432 2602 γὰρ
3451 2530 3614 2600 ἐχρῆν
3625 2528 3717 2580 τὸν

2143 2625 2267 2679 λαὸν
2294 2626 2432 2698 ὑπὲρ
2453 2627 2646 2681 ἐαυτοῦ
2663 2629 2744 2690 εἰς
2778 2626 3128 2697 συναίσθησιν
3154 2624 3443 2696 ἐρχόμενον
3470 2621 3603 2692 πρὸς
3626 2620 3718 2672 τὸν

2143 2717 2276 2771 Θεὸν
2321 2717 2520 2788 λέγειν,
2550 2718 2700 2772 ταῦθ’
2725 2721 2755 2772 ὁ
2796 2719 3081 2791 προφήτης
3123 2719 3203 2780 εἰς
3251 2717 3486 2787 ἐπήκοον
3539 2712 3718 2766 αὐτῶν

2145 2809 2436 2880 εὐχόμενος
2473 2809 2750 2864 ἐδίδασκεν
2782 2810 2978 2872 αὐτοὺς
3017 2807 3358 2880 ἐρανίζεσθαι
3392 2806 3484 2860 τὸν
3519 2804 3718 2875 εὐσεϐῆ

2146 2901 2302 2978 νοῦνι·
2328 2901 2414 2955 ἴνα
2443 2902 2539 2956 καὶ¹
2566 2901 2741 2968 αὐτοὶ,
2769 2900 2870 2955 κᾶν
2901 2901 3030 2969 γοῦν
3065 2899 3437 2972 μιμησάμενοι
3462 2897 3554 2951 τὸν
3589 2913 3722 2966 προ-

2147 2997 2342 3068 φητην,
2373 2997 2512 3068 ὑπὲρ
2544 2996 2749 3050 ἑαυτῶν
2789 2996 2923 3068 πρὸς
2954 2997 3043 3048 τὸν
3076 2995 3206 3047 Θεὸν
3236 2993 3591 3064 φθέγξωνται.

2217 3110 2505 3183 Προκοπὴν
2537 3111 2812 3174 διανοίας,
2859 3109 2952 3162 καὶ
2997 3108 3232 3179 δίδαγμα
3279 3107 3456 3176 ψυχῆς
3516 3103 3723 3172 ἀγαθὸν

477 3199 777 3254 doctrinam
833 3198 1036 3252 indicat
1107 3212 1348 3268 praesens
1402 3195 1520 3252 haec
1584 3195 1846 3266 precatio.
1905 3189 2039 3244 Nam

2147 3205 2291 3277 δηλοῖ
2342 3207 2376 3276 ή
2435 3205 2768 3276 προκειμένη
2833 3203 3120 3275 προσευχὴ.
3176 3201 3287 3270 Ούχ
3337 3200 3410 3263 ὡς
3460 3198 3568 3269 γὰρ
3623 3199 3721 3252 τοῦ

475 3293 615 3348 Deus
639 3306 748 3345 non
783 3305 848 3344 eo
883 3291 1028 3360 quod
1073 3289 1332 3360 procedat
1377 3290 1431 3342 in
1481 3287 1793 3349 sanctitate,
1818 3294 2041 3341 sanctus

477 3391 718 3445 vocatur,
773 3386 867 3437 sed
903 3383 1022 3452 ipse
1055 3382 1146 3451 qui
1195 3388 1452 3452 precatur
1480 3378 1695 3449 proﬁcit
1737 3377 1795 3432 iu
1839 3377 2044 3450 sancti-

474 3485 620 3540 tate,
674 3484 728 3531 et
768 3475 1110 3545 maiestatem
1154 3473 1654 3541 sublimitatemque
1698 3469 1793 3525 Dei
1841 3467 2044 3524 intelli-

473 3570 656 3640 gentia
698 3569 1074 3638 consequitur.
1113 3565 1264 3620 Tunc
1293 3565 1441 3620 enim
1485 3562 1788 3633 prazsertim
1819 3568 2044 3616 sanctus

472 3677 597 3715 vere
649 3668 703 3714 et
753 3659 1004 3714 sublimis
1053 3672 1174 3712 esse
1224 3656 1368 3712 Deus
1422 3664 1769 3726 agnoscetur,
1827 3651 2046 3720 quando

472 3752 766 3824 perfectior
796 3753 1010 3805 animus
1051 3750 1338 3819 perspiciet
1363 3747 1511 3817 justa
1541 3761 1663 3802 esse
1696 3751 1895 3798 cuncta
1933 3741 2048 3798 veri

476 3845 572 3898 Dei
601 3842 829 3912 judicia.
858 3842 988 3907 Qua:
1022 3841 1240 3911 quidem
1273 3857 1417 3896 nunc
1443 3840 1509 3894 ad
1539 3839 1864 3902 Jerusalem,
1899 3849 2049 3891 nunc

476 3933 545 3986 ad
586 3948 800 3986 omnem
840 3940 1146 3986 creaturam
1179 3939 1445 4002 spectant.
1477 3929 1676 3984 Pinnas
1706 3929 1849 3983 enim
1885 3928 2050 3982 dabat

479 4024 630 4088 urbs,
661 4040 770 4077 non
809 4033 867 4078 ut
911 4023 1153 4078 funditus
1185 4033 1492 4086 erueretur,
1529 4023 1623 4078 sed
1665 4030 1723 4076 ut
1761 4021 2049 4076 erudiren-

481 4121 590 4177 tur,
634 4121 1189 4185 converterenturque
1222 4114 1412 4169 incola:
1441 4114 1580 4184 ejus.

552 4224 714 4282 Vens.
746 4228 799 4282 9.
833 4226 1007 4284 Locos
1037 4243 1134 4298 pro
1168 4229 1413 4284 locorum
1449 4226 1754 4283 cultoribus
1787 4233 2052 4297 usurpat;

477 4334 644 4373 sensu
677 4320 923 4373 carentia
967 4320 1022 4374 in
1054 4321 1292 4376 medium
1337 4319 1568 4392 profert,
1600 4327 1656 4375 ut
1709 4335 1875 4375 sensu
1916 4334 2053 4389 prte-

478 4411 626 4464 ditos
693 4410 905 4480 pudore
966 4410 1211 4478 alliciat;
1256 4428 1378 4482 quae
1431 4412 1578 4466 enim
1621 4411 1690 4466 de
1739 4410 2054 4465 hominibus

479 4502 733 4556 valebant
785 4510 989 4589 sortem
1055 4519 1212 4559 suam
1263 4503 1613 4566 dedentibus,
1663 4517 1726 4558 ea
1781 4502 1849 4556 ad
1900 4503 2050 4556 locos
2082 4538 2126 4594 Π

480 4593 629 4663 ipsos
679 4593 846 4648 refert
897 4596 1339 4665 ingemiscentes,
1381 4595 1795 4667 propemodum,
1837 4602 1889 4650 et
1926 4609 2052 4664 par-

480 4683 768 4748 turientes,
802 4692 858 4738 ut
887 4688 961 4739 ait
1002 4685 1337 4756 Apostolus9
1367 4705 1382 4753 ;
1433 4701 1666 4758 quorum
1691 4685 1854 4740 simul
1889 4685 2051 4739 deso-

480 4774 740 4830 lationem
787 4787 1052 4832 memorat
1099 4778 1354 4834 onmibus
1404 4779 1754 4849 perspicuam
1822 4776 2050 4830 manife-

480 4875 729 4939 stamque
761 4868 1018 4922 futuram.

552 4979 718 5036 Vens.
769 4982 850 5036 l5.
902 4980 1166 5048 Populum
1209 4983 1550 5054 opprimente
1600 4982 1707 5038 Deo
1755 4999 1853 5054 per
1886 4983 2054 5054 Assy-

481 5074 618 5137 rios,
657 5090 764 5129 non
804 5073 1000 5128 vicinia
1051 5083 1260 5130 tantum
1299 5078 1615 5146 stupebuut,
1650 5077 1743 5132 sed
1782 5086 1835 5132 et
1861 5078 1953 5146 qui
1987 5078 2054 5131 de

482 5164 640 5234 longe
691 5164 955 5230 audient;
1028 5167 1437 5223 confundentur
1499 5169 1650 5238 impii
1723 5169 1777 5222 in
1835 5167 2055 5222 Jerusao

481 5255 606 5309 lem.

554 5437 681 5491 Cn.
712 5435 956 5501 XXXIV,
985 5436 1152 5496 Vens.
1190 5441 1278 5508 12,
1309 5442 1392 5496 15.
1420 5441 1734 5513 Bhapsaces
1761 5443 1962 5498 dicitur
1989 5460 2052 5496 ex

485 5528 798 5596 captivitate
841 5529 1012 5584 fuisse
1068 5532 1253 5587 decem
1312 5533 1576 5598 tribuum,
1627 5544 1680 5589 et
1726 5534 1828 5590 hoc
1877 5553 1942 5591 ex
1993 5552 2058 5591 eo

485 5621 889 5687 comprobatur,
930 5623 1074 5689 quod
1113 5625 1346 5692 potuerit
1376 5624 1600 5682 Judaice
1627 5627 1794 5697 loqui.

559 5778 581 5810 ⁰
600 5775 754 5832 Rom.
796 5797 910 5843 nu,
954 5780 1041 5832 2"2.

2144 3297 2278 3350 Θεοῦ
2309 3299 2388 3360 είς
2432 3296 2702 3367 ἀγιασμὸν
2737 3296 3164 3366 προκόπτοντος,
3187 3293 3248 3345 τὸ
3288 3293 3456 3361 ἅγιος
3480 3291 3722 3360 ἐλέγετο,

2145 3387 2256 3440 ἀλλ’
2307 3385 2470 3440 αὑτοῦ
2509 3385 2601 3438 τοῦ
2635 3384 3068 3457 προσευχομένου
3112 3384 3192 3446 είς
3220 3381 3493 3452 ἁγιασμὸν
3523 3398 3726 3452 προκε-

2147 3480 2374 3542 κοπότος
2401 3519 2414 3541 ,
2475 3480 2569 3532 καὶ¹
2633 3479 2692 3532 τὸ
2741 3479 3025 3549 μεγαλεῖον
3060 3477 3154 3531 τοῦ
3191 3477 3327 3530 Θεοῦ
3375 3477 3471 3530 καὶ
3517 3476 3724 3548 ὑψηλὸν

2148 3570 2564 3640 κατειληφότος·
2597 3570 2717 3623 τότε
2765 3570 2873 3640 γὰρ
2915 3570 3148 3641 μάλιστα
3184 3568 3402 3640 ἀληθῶς
3438 3571 3592 3637 ἅγιος
3632 3572 3728 3621 καὶ

2150 3662 2350 3733 ὑψηλὸς
2376 3661 2593 3733 νοηθείη
2645 3658 2780 3714 εἶναι
2823 3661 2972 3724 Θεὸς,
3001 3663 3077 3715 ὅτ’
3117 3661 3181 3715 ἂν
3225 3659 3550 3731 προκύψασα
3579 3661 3728 3730 ψυχὴ

2149 3752 2310 3805 ἐνίδοι
2348 3753 2439 3806 τὸν
2486 3752 2655 3816 ὄντως
2706 3753 2836 3805 ὄντα
2882 3752 3013 3806 Θεὸν
3066 3751 3290 3814 δικαίως
3339 3751 3597 3822 μετιόντα
3630 3753 3732 3813 τὰς

2149 3844 2386 3916 κρίσεις·
2446 3845 2604 3898 τοῦτο
2652 3844 2748 3915 μὲν
2798 3845 2885 3896 ἐπ’
2935 3843 3106 3914 αὐτῆς
3151 3843 3250 3914 τῆς
3328 3843 3687 3914 Ἰερουσαλὴμ
3716 3885 3730 3905 ,

2149 3936 2306 3990 τοῦτο
2333 3937 2387 3990 δὲ
2436 3939 2528 3990 ἐπὶ
2561 3936 2668 3989 τῶν
2711 3937 2968 3990 καθόλου⁸
3001 3936 3317 3990 ἐπαιδεύετο
3345 3936 3455 4006 γὰρ
3503 3939 3535 4007 ἡ
3574 3936 3734 4000 πόλις

2149 4029 2248 4081 ούκ
2291 4031 2371 4092 είς
2420 4029 2657 4099 παντελῆ
2703 4027 3074 4100 ἐξολόθρευσιν
3101 4069 3117 4092 ,
3171 4028 3283 4080 ἀλλ’
3317 4031 3398 4092 εἰς
3433 4029 3734 4099 θεραπείαν

2152 4119 2247 4171 καὶ
2275 4119 2610 4190 ἐπιστροφὴν
2654 4118 2762 4171 τῶν
2793 4118 3144 4172 ἐνοικούντων
3178 4121 3368 4190 αὐτήν.

2221 4229 2360 4292 Τοὺς
2392 4229 2590 4291 τόπους
2625 4228 2746 4282 ἀντὶ
2795 4227 2902 4282 τῶν
2935 4231 3234 4301 οίκητόρων
3274 4229 3730 4301 παραλαμϐάνει,

2155 4322 2248 4374 καὶ
2298 4321 2364 4374 τὰ
2399 4319 2700 4390 ἀναίσθητα
2748 4321 3008 4392 αἰσχύνην
3033 4321 3142 4373 τῶν
3170 4321 3472 4393 αίσθητῶψ
3509 4323 3578 4375 τὰ
3618 4322 3735 4392 γὰρ

2154 4412 2460 4482 ἁρμόζοντα
2500 4415 2588 4465 ἐπ’
2628 4411 2929 4483 ἀνθρώπων
2980 4415 3080 4486 τὴν
3122 4415 3329 4469 ἑαυτῶν
3360 4415 3575 4486 πληγὴν
3603 4432 3738 4469 πεν-

2156 4502 2389 4556 θούντων
2410 4543 2425 4567 ,
2457 4504 2630 4556 ταῦτα
2668 4505 2974 4573 μετήγαγεν
3003 4507 3030 4556 ὁ
3062 4506 3217 4575 λόγος
3261 4509 3349 4560 ἐπ’
3376 4507 3575 4572 αὐτοὺς
3607 4510 3738 4572 τοὺς

2155 4597 2351 4660 τόπους
2375 4595 2655 4668 μονονουχὶ
2679 4596 3029 4662 στενάζοντας
3052 4601 3145 4652 καὶ
3176 4600 3567 4664 συνωδίνοντας
3593 4601 3741 4654 κατὰ

2155 4689 2244 4741 τὸν
2285 4688 2609 4740 Ἀποστόλου
2639 4687 2794 4755 λόγον
2812 4704 2825 4716 ·
2849 4681 2923 4740 ὧν
2948 4690 3042 4760 τὴν
3065 4691 3341 4760 ἐρήμωσιν
3372 4693 3614 4762 φανερὰν
3640 4694 3740 4748 καὶ

2155 4777 2378 4846 ἔκδηλον
2413 4779 2524 4840 τοῖς
2559 4779 2691 4830 πᾶσι
2729 4777 2942 4848 μηνύει.

2241 4980 2362 5032 Ἐπὶ
2412 4983 2475 5050 τῇ
2530 4979 2798 5053 μελλούσῃ
2835 4981 2984 5051 παρὰ
3037 4980 3132 5034 τοῦ
3188 4983 3324 5035 Θεοῦ
3355 4985 3536 5054 πληγῇ
3583 4985 3740 5054 παρὰ

2160 5071 2270 5124 τῶν
2323 5072 2622 5144 Ἀσσυρίων
2679 5072 3082 5144 ἐπαχθήσεσθαι
3158 5075 3218 5126 ού
3283 5077 3441 5145 μόνον
3491 5078 3540 5128 οἱ
3603 5078 3747 5148 πλη-

2165 5165 2276 5218 σίον
2329 5164 2495 5236 χῶροι
2545 5166 3014 5238 ἐκπλαγήσονται,
3063 5170 3200 5222 ἀλλὰ
3229 5172 3322 5224 καὶ
3355 5172 3402 5222 οἰ
3454 5169 3748 5242 πόρρωθεν

2164 5255 2530 5319 ἀκούσαντες·
2588 5257 2637 5308 οἱ
2666 5256 2767 5327 τῆς
2807 5258 3159 5329 Ἰερουσαλὴμ
3191 5261 3410 5323 ἀσεϐεῖς
3444 5260 3745 5331 αἰσχυνθή-

2167 5364 2364 5400 σονται.

2248 5440 2303 5492 '0
2349 5438 2626 5508 Ῥαψάκης
2673 5438 2888 5508 λέγεται
2947 5443 3010 5495 ἐκ
3042 5442 3137 5514 τῆς
3181 5442 3559 5513 αἰχμαλωσίας
3602 5438 3749 5498 εἶναι

2165 5529 2273 5584 τῶν
2301 5531 2430 5584 δέκα
2481 5529 2683 5599 φυλῶν,
2739 5533 2834 5584 καὶ
2876 5531 3034 5586 τοῦτο
3077 5535 3372 5605 τεκμήριον
3405 5529 3636 5591 εἶναιτὸ
3666 5540 3752 5594 εί-

2165 5626 2310 5679 δέναι
2350 5623 2512 5678 αὑτὸν
2558 5622 2857 5677 Ἱουδαῖστί.
