4138 6418
375 461 512 515 £529

1837 464 1900 519 IN
1942 463 2192 520 [SAL-HI.

3472 452 3602 504 I530

442 575 801 644 Σημειωτεον,
836 577 910 641 ὡς
941 580 996 631 ὲν
1032 581 1095 649 τῇ
1152 579 1484 650 προκειμένῃ
1531 580 1739 651 ἱστορία
1763 579 1852 633 “sv
1881 583 1945 650 τῇ

2117 578 2246 632 CAP.
2283 571 2567 636 XXXVIII,
2604 571 2768 626 Vsus.
2805 573 2855 634 I,
2893 571 2946 625 2.
3001 568 3300 623 Notandum
3337 575 3419 620 est
3461 575 3520 618 ut
3553 568 3606 619 in

376 666 539 736 βίϐλῳ
584 667 692 720 τῶν
758 671 1246 740 Παραλειπομένων
1296 672 1583 743 δεδήλωται
1617 711 1629 724 .
1663 712 1676 726 .
1704 711 1718 724 .
1748 673 1938 743 ἀρθέν-

372 776 462 821 τος
491 759 584 811 καὶ
616 759 1010 831 ὑψηλαυχενίαν
1056 765 1379 834 νοσήσαντος
1407 779 1419 792 ·
1471 765 1776 836 γέγραπται
1799 767 1934 837 γάρ·

379 867 397 897 ι
450 848 814 920 Ἐταπεινώθη
857 853 1103 916 Ἐζεκίας
1165 855 1272 906 ἀπὸ
1330 854 1423 906 τοῦ
1453 855 1617 924 ὕψους
1657 857 1756 926 τῆς
1806 874 1942 926 καρ-

373 935 492 1000 δίας
516 937 750 992 αὑτοῦ...
775 959 792 992 ι
817 941 939 994 νοῦν
955 942 1226 1006 λαϐόντοςο
1259 945 1340 996 ὅτι
1367 944 1429 1014 δὴ
1451 946 1653 1009 ἐκεῖνός
1681 948 1816 999 ἐστι·
1849 947 1941 1000 καὶ

375 1031 453 1092 εἰς
495 1031 683 1082 ἑαυτὸν
736 1031 804 1084 τά
837 1073 887 1088 ..
916 1073 927 1086 .
987 1034 1245 1101 ἀγγελίας
1284 1037 1668 1106 περιστήσεται
1713 1037 1811 1100 τὰς
1863 1039 1940 1099 εἰς

374 1123 462 1174 τὸν
491 1123 714 1193 Σωτῆρα
741 1123 899 1194 ἡμῶν
945 1125 1143 1196 προλεχ
1185 1124 1416 1196 [θείσας]
1440 1143 1452 1158 ·
1501 1127 1594 1180 τοῦ
1625 1127 1736 1198 γὰρ
1769 1129 1942 1197 Ἀχαζ

375 1211 578 1281 πατρὸς
603 1211 765 1265 αὐτοῦ
791 1212 1166 1283 διαδεξαμένου
1187 1215 1283 1285 τὴν
1307 1216 1656 1286 προφητείαν,
1672 1217 1750 1280 τὸ,
1771 1237 1789 1268 ‹
1813 1219 1940 1272 Ἰδοὺ

375 1305 408 1374 ή
434 1302 701 1372 παρθένος
732 1307 790 1356 ὲν
817 1306 1014 1376 γαστρὶ
1038 1305 1297 1376 λήψεται,
1351 1308 1445 1360 καὶ
1488 1307 1700 1373 τέξεται
1731 1309 1844 1362 υίόν
1863 1326 1876 1340 ο
1917 1328 1936 1360 ι

373 1393 651 1463 τεχθέντος
690 1393 747 1446 δὲ
780 1395 966 1448 τούτου
1007 1396 1143 1466 μετά
1197 1397 1297 1468 τὴν
1354 1399 1686 1469 προφητείαν
1711 1439 1725 1463 ,
1783 1399 1942 1471 ἔμενε

373 1483 515 1536 τοῦτ’
546 1484 682 1553 έχων
709 1486 846 1539 κατά
872 1487 1106 1540 διάνοιαν
1146 1490 1229 1557 ἐφ’
1258 1489 1448 1542 ἑαυτοῦ
1477 1529 1491 1552 ,
1552 1492 1688 1562 μήτε
1746 1492 1943 1562 γάμοις

374 1573 578 1643 ὁμιλῶν
628 1576 720 1627 καὶ
770 1577 1068 1647 παρθενίαν
1118 1578 1300 1631 ἀσκῶν
1327 1598 1338 1609 ·
1397 1581 1473 1643 ὼς
1511 1580 1572 1651 δὴ
1614 1583 1706 1634 καὶ
1752 1582 1812 1635 τὸ
1842 1600 1941 1654 ση-

380 1667 528 1733 μεῖον
557 1664 655 1734 τῆς
694 1666 953 1730 πτώσεως
980 1667 1087 1720 τῶν
1118 1675 1232 1738 ρπε¹
1267 1669 1516 1739 χιλιάδων
1544 1673 1805 1739 ἐγεγόνει,
1845 1673 1942 1745 τὴν

377 1755 927 1846 ἐαυτοῦ-κηδεμονίαν
969 1760 1410 1832 ἐπιδεικνυμένου
1440 1762 1534 1815 τοῦ
1562 1763 1712 1846 θεοῦ
1735 1804 1749 1827 ,
1785 1763 1942 1834 ἔμενέ

375 1859 434 1895 τε
470 1843 829 1915 ἀπολέμητος,
875 1848 1244 1918 τροπουμένου
1296 1851 1388 1904 τοῦ
1444 1843 1589 1906 Θεοῦ
1611 1854 1738 1917 τοὺς
1786 1856 1942 1907 ὲναν-

2041 669 2141 723 hac
2185 669 2411 722 historia
2463 679 2582 735 quae
2631 663 2771 717 libro
2816 661 3261 730 Paralipomenon
3311 658 3354 688 "
3409 673 3609 712 narra-

2043 770 2132 816 tur
2174 761 2317 832 (5)...
2360 757 2709 828 superbiente
2753 760 2808 808 et
2850 753 3172 806 insolentius
3220 765 3278 805 se
3327 749 3602 804 efferente.

2044 851 2318 922 Scriptum
2366 857 2451 904 est
2493 849 2637 902 enim
2667 864 2680 898 :
2714 863 2732 895 ι
2771 842 3100 896 Humiliatus
3146 848 3230 896 est
3280 839 3504 894 Ezecias
3540 839 3608 892 ab

2042 944 2328 998 altitudine
2370 941 2551 996 cordis
2596 939 2682 993 sui
2737 939 2848 992 “...
2898 955 2916 988 ›
2967 936 3238 1005 cogitante
3292 951 3306 986 :
3349 948 3408 987 se
3450 932 3606 984 Chri-

2043 1047 2185 1091 stum
2220 1050 2361 1097 esse,
2405 1032 2472 1086 ad
2511 1033 2690 1101 ipsum
2727 1035 2977 1099 spectare
3019 1024 3276 1079 vaticinia
3307 1022 3373 1078 de
3417 1023 3608 1076 Salva-

2043 1137 2165 1182 tore
2196 1127 2422 1196 prolata.
2464 1123 2599 1178 Cum
2639 1121 2784 1177 enim
2817 1129 2972 1189 pater
3000 1118 3119 1187 ejus
3163 1115 3344 1169 Achaz
3377 1113 3607 1184 prophe-

2042 1217 2172 1271 tiam
2197 1217 2344 1269 illam
2376 1213 2641 1268 audiisset
2674 1231 2687 1266 :
2727 1228 2747 1264 ι
2791 1209 2934 1264 Ecce
2962 1209 3116 1278 virgo
3158 1208 3214 1262 in
3245 1214 3399 1259 utero
3427 1204 3610 1257 conci-

2044 1308 2156 1378 piet
2198 1317 2251 1362 et
2284 1306 2455 1376 pariet
2487 1303 2738 1369 tilium",
2778 1321 2797 1354 ι
2845 1309 3008 1356 natus
3046 1298 3270 1354 Ezecias
3320 1303 3444 1366 post
3488 1309 3608 1348 cam

2042 1400 2383 1471 prophetiam
2430 1399 2694 1467 innuptus
2739 1393 3002 1450 remansit
3031 1399 3086 1448 et
3114 1389 3415 1461 virginitati
3460 1385 3613 1442 dedi-

2045 1504 2155 1561 tus,
2189 1494 2333 1566 quod
2366 1494 2522 1548 istam
2554 1491 2622 1546 de
2671 1490 2966 1559 semetipso
2991 1486 3348 1558 profitebatur
3391 1491 3613 1538 senten-

2044 1589 2196 1643 tiam.
2237 1585 2338 1641 Ubi
2389 1595 2572 1640 autem
2613 1583 2829 1652 signum
2869 1579 3102 1650 accepit,
3144 1577 3354 1631 cladem
3390 1583 3610 1630 centum

2045 1678 2320 1746 octoginta
2366 1676 2610 1747 quinque
2659 1674 2889 1728 millium
2917 1673 2982 1738 ¹³,
3039 1671 3148 1725 Deo
3194 1669 3367 1738 ipsius
3422 1679 3609 1720 curam

2044 1775 2284 1839 gerente,
2311 1777 2365 1821 et
2394 1766 2586 1820 bellica
2619 1765 2862 1835 pericula
2898 1763 3152 1817 facillime
3181 1760 3390 1829 eﬂugit,
3425 1759 3609 1811 hostes

2048 1860 2269 1931 fugante
2326 1858 2457 1923 Deo,
2500 1856 2874 1912 conﬁrmatior
2914 1855 3076 1910 etiam
3131 1854 3188 1907 in
3235 1866 3298 1907 ea
3343 1849 3608 1906 sententia

376 1935 543 2000 τίους,
587 1938 784 2007 μᾶλλον
810 1940 880 1993 τὰ
907 1939 1008 2009 τῆς
1043 1941 1293 2006 ὑπονοίας
1331 1945 1527 2016 ἐκύρου
1572 1947 1702 2018 παρ’
1728 1946 1906 2017 ἑαυτῷ
1926 1988 1939 2012 ,

2047 1951 2223 2006 factus
2279 1957 2383 2013 est,
2441 1964 2500 2005 se
2553 1955 2928 2018 exspectatum
2999 1946 3150 1999 illum
3213 1960 3335 1999 esse
3415 1941 3603 1996 Deum.

376 2027 452 2089 ὡς
482 2029 547 2080 ἂν
585 2030 787 2094 ἐκεῖνος
817 2029 892 2083 ῶν
925 2033 952 2084 ὁ
985 2034 1430 2105 προσδοκώμενος
1455 2037 1587 2100 Θεός
1607 2054 1620 2066 ο
1669 2037 1846 2092 τοίνυν
1885 2039 1945 2104 ἐξ

374 2111 448 2171 ὧν
474 2120 580 2173 ἔδει
614 2122 866 2191 μάλιστα,
915 2127 1261 2196 ἐπανήγαγεν
1299 2128 1460 2182 αὑτὸν
1509 2131 1586 2192 είς
1615 2130 1794 2200 νῆψιν,
1851 2134 1945 2186 καὶ

377 2213 487 2275 τοῖς
513 2212 612 2282 τῆς
635 2213 849 2282 φύσεως
879 2218 1278 2289 συμπτώμασιν
1319 2221 1584 2292 ἐκέχρητο
1616 2224 1734 2276 κατ’
1779 2225 1942 2278 αὑτοῦ

378 2306 458 2366 είς
492 2308 896 2378 σωφρονισμόνο
933 2309 1334 2382 μαλακισθῆναι
1361 2313 1468 2384 γὰρ
1499 2314 1658 2367 αὐτὸν
1713 2314 1945 2386 συνεχώ-

380 2414 483 2466 ρει,
515 2401 607 2452 καὶ
654 2399 743 2453 τὸν
786 2401 916 2453 πόδα
945 2402 1234 2472 ὑπομένειν
1276 2404 1444 2473 σῆψιν
1490 2405 1583 2459 καὶ
1618 2405 1796 2478 λώϐην
1846 2408 1944 2460 αὐ-

376 2492 466 2544 τὸν
503 2492 838 2562 ἐκδέχεσθαι.
881 2496 937 2548 '0
969 2497 1144 2550 τοίνυν
1198 2499 1485 2568 μακάριος,
1523 2502 1602 2562 είς
1649 2501 1803 2554 νόσον
1845 2500 1943 2572 τὴν

377 2585 763 2656 προλεχθεῖσαν
794 2589 1174 2659 καταστρέψας
1194 2629 1208 2654 ,
1245 2590 1459 2660 ἐδέχετο
1480 2590 1568 2644 διὰ
1592 2591 1683 2645 τοῦ
1730 2596 1943 2664 προφή-

376 2691 469 2726 του
517 2675 739 2727 Ἥσαΐου
769 2676 1071 2747 πρόρρησιν
1123 2679 1250 2748 περὶ
1276 2677 1373 2730 τοῦ
1407 2678 1814 2747 καταλήψεσθαι
1844 2681 1944 2732 αὺ-

378 2767 466 2822 τὸν
512 2766 798 2837 μέλλοντος
823 2767 1054 2822 θανάτου
1081 2784 1098 2800 ο
1124 2771 1219 2822 καὶ
1248 2771 1328 2839 εἰς
1367 2771 1712 2842 συναίσθησιν
1753 2771 1942 2836 ὲλθὼν,

377 2857 470 2910 καὶ
510 2855 599 2909 διὰ
631 2855 738 2910 τῶν
774 2856 962 2910 παθῶν
994 2859 1074 2921 είς
1118 2857 1446 2927 κατανόησιν
1486 2858 1587 2928 τῆς
1615 2857 1808 2911 ἑαυτοῦ
1844 2858 1945 2928 φύ-

379 2965 514 3012 σεως
569 2949 832 3018 ὲναχθεὶς,
869 2968 888 3000 ε
928 2948 1186 3014 Διάταξαι
1237 2951 1365 3020 περὶ
1417 2949 1509 3001 τοῦ
1544 2949 1694 3003 οἴκου
1757 2967 1849 3003 σου
1875 2990 1890 3016 ,
1922 2969 1940 3001 ι

377 3042 627 3110 ἦκουσεν,
663 3041 737 3104 ώς
782 3041 854 3110 μὴ
879 3040 1092 3110 ἔχοντος
1131 3039 1222 3093 τὸν
1258 3040 1628 3111 διαδεξόμενον
1663 3041 1760 3112 τὴν
1793 3041 1948 3111 βασι-

376 3132 560 3197 λείαν,
599 3133 691 3186 ὲπὶ
723 3133 782 3185 τὸ
827 3134 1118 3203 φάρμακον
1175 3133 1275 3203 τῆς
1336 3134 1622 3203 μετανοίας
1665 3134 1944 3205 ἐτρέπετο.

376 3224 729 3295 Περιστείλας
771 3225 879 3294 γὰρ
912 3224 1011 3288 τὰς
1039 3223 1232 3278 ἑαυτοῦ
1287 3225 1569 3297 αἰσθήσεις
1607 3225 1715 3278 τῶν
1759 3243 1947 3297 περιτ-

376 3315 484 3368 τῶν
519 3317 848 3385 φαντασιῶν,
902 3317 998 3370 καὶ
1023 3317 1211 3388 ὥσπερ
1246 3318 1581 3389 εἰσοικισμὸν
1624 3316 1816 3371 ἑαυτοῦ
1856 3335 1947 3372 και

376 3411 685 3475 τακλείσας,
721 3411 954 3484 στρέψας
977 3430 1034 3466 τε
1072 3413 1131 3465 τὸ
1178 3413 1466 3484 πρόσωπον
1499 3413 1591 3464 ἐπὶ
1626 3412 1716 3465 τὸν
1747 3414 1944 3482 τοῖχον,

378 3503 565 3573 καιρὸν
597 3503 764 3556 ἐδίδου
797 3506 861 3574 τῇ
898 3502 1088 3556 ἑαυτοῦ
1119 3503 1262 3574 ψυχῇ
1307 3505 1694 3576 ὲπανατρέχειν
1729 3505 1820 3557 ἐπὶ
1855 3503 1948 3556 τὸν

378 3595 575 3664 ἑαυτῆς
619 3595 924 3664 Δεσπότην,
980 3595 1074 3648 καὶ
1129 3595 1216 3648 διὰ
1257 3595 1566 3666 προσευχῆς
1609 3595 1947 3665 καρποῦσθαι

376 3686 474 3755 τὴν
530 3685 622 3739 τοῦ
663 3685 916 3757 σώματος
945 3688 1088 3740 ἴασιν
1121 3703 1134 3717 °
1185 3686 1341 3740 τοῦτο
1383 3687 1504 3740 ἀντὶ
1549 3688 1948 3758 δυσωπήματος

377 3777 691 3848 προσάγων,
725 3779 805 3832 ὅτι
851 3779 938 3831 Ἑν
967 3777 1196 3850 ἀφελείᾳ
1222 3777 1396 3850 ψυχῆς
1428 3779 1522 3831 καὶ
1562 3777 1788 3849 ἀληθινῇ
1816 3795 1950 3851 καρ⁹

376 3866 465 3938 δία
514 3869 857 3939 πεπόρευμαι
899 3866 1127 3922 ἐνώπιόν
1185 3886 1298 3921 σου.
1332 3869 1563 3936 Λέγεται
1611 3870 1704 3922 καὶ
1751 3871 1808 3923 ὲν
1837 3872 1949 3933 τοῖς

377 3959 561 4023 τόποις
583 3962 677 4014 καὶ
713 3961 899 4035 ἕτερόν
923 3980 994 4018 τι.
1025 3963 1104 4015 ὅτι
1129 4003 1144 4026 ,
1185 3961 1278 4015 τοῦ
1313 3963 1653 4032 Σολομῶντος
1688 3963 1949 4032 βασιλέως

377 4051 436 4103 ὲν
492 4051 658 4124 στήλῃ
704 4053 1074 4123 ὲγγράψαντος
1124 4053 1192 4107 τά
1242 4053 1445 4123 φυσικὰ
1503 4053 1612 4106 τῶν
1649 4053 1949 4125 θεραπειῶν

377 4141 470 4196 τοῦ
500 4142 769 4214 σώματος,
824 4146 918 4198 καὶ
971 4146 1173 4218 ταύτην
1211 4147 1628 4218 ἀναστήσαντος,
1688 4149 1718 4199 ὁ
1772 4147 1948 4217 μακά-

383 4247 495 4300 ριος
533 4231 798 4299 Ἐζεκίας,
850 4233 1126 4297 καθελὼν,
1173 4236 1260 4288 ἵνα
1321 4235 1395 4307 μὴ
1441 4236 1469 4288 ὁ
1515 4236 1641 4300 λαὸς
1695 4236 1948 4307 ἀσχολίαν

378 4319 478 4393 ἔχῃ
526 4320 619 4374 τοῦ
657 4323 990 4391 ἀφίστασθαι
1039 4323 1130 4377 τοῦ
1168 4323 1302 4377 Θεοῦ
1327 4364 1341 4388 ,
1379 4325 1437 4377 ὲν
1481 4325 1560 4395 τῷ
1595 4325 1786 4378 ἑαυτοῦ
1818 4327 1950 4396 οῖκῳ

379 4415 459 4474 εἰς
516 4415 608 4467 τὸν
647 4418 821 4484 τοῖχον
865 4417 1140 4488 ἐντίθησιο
1199 4419 1414 4487 λέγεται
1447 4414 1560 4484 οῦν,
1608 4421 1666 4472 ὲν
1708 4419 1784 4489 τῷ
1816 4421 1948 4472 ἀπο-

382 4505 606 4575 στρέψαι
637 4507 798 4560 αὐτὸν
847 4509 982 4578 πρὸς
1022 4509 1111 4562 τὸν
1139 4512 1337 4580 τοῖχον,
1387 4511 1506 4564 ἀντὶ
1553 4511 1948 4582 δυσωπήματος

2043 2041 2344 2112 Aptissima
2393 2039 2560 2109 igitur
2597 2038 2810 2091 ratione
2865 2049 3131 2091 revocans
3177 2048 3300 2088 eum
3345 2031 3488 2086 Deus
3539 2028 3608 2082 ad

2042 2131 2280 2195 saniora,
2315 2130 2505 2184 morbo
2574 2144 2708 2183 usus
2771 2134 2875 2189 est,
2949 2141 3058 2196 quo
3111 2128 3248 2179 eum
3286 2122 3606 2193 sapientiam

2043 2221 2263 2276 doceret
2306 2239 2317 2274 :
2349 2227 2612 2290 aegrotare
2661 2234 2782 2272 eum
2821 2233 3017 2288 passus
3053 2225 3156 2279 est,
3187 2222 3239 2270 et
3290 2215 3454 2284 pedes
3510 2228 3610 2282 pu-

2044 2314 2252 2370 tredine
2277 2314 2481 2378 vitiari,
2519 2320 2572 2366 et
2598 2311 2826 2367 summis
2855 2309 3000 2363 aftici
3029 2307 3386 2363 cruciatibus.
3413 2305 3610 2359 Beatus

2043 2404 2207 2474 igitur
2252 2403 2471 2458 Ezecias
2513 2418 2635 2457 cum
2677 2400 2936 2471 praedicto
2981 2400 3174 2453 morbo
3218 2397 3526 2457 laboraret,
3579 2409 3609 2447 a

2046 2495 2307 2566 pr0pheta
2339 2495 2476 2552 Isaia
2519 2493 2758 2550 monitus
2803 2490 2984 2547 estde
3026 2489 3326 2544 imminenti
3363 2487 3473 2556 jam
3505 2486 3610 2540 sibi

2044 2596 2218 2642 morte
2243 2606 2257 2654 ;
2300 2595 2430 2642 tunc
2453 2587 2538 2642 sui
2569 2585 2827 2641 conscius
2858 2584 3059 2645 factus,
3095 2588 3150 2636 et
3178 2597 3277 2652 per
3307 2580 3523 2634 dolores
3544 2577 3612 2632 de

2044 2690 2237 2735 natura
2269 2694 2367 2735 sua
2411 2678 2658 2744 edoctus,
2708 2676 2894 2731 domui
2937 2690 3050 2732 sua:
3092 2673 3380 2729 consulere
3418 2671 3611 2740 jussus

2044 2775 2148 2829 est.
2180 2775 2234 2824 et
2264 2767 2548 2823 deficiente
2584 2767 2677 2838 qui
2706 2781 2933 2837 regnum
2977 2765 3301 2834 susciperet,
3329 2761 3393 2816 ad
3434 2775 3611 2814 reme-

2043 2859 2193 2914 dium
2229 2860 2557 2930 pamitentize
2585 2858 2850 2928 confugit.
2872 2855 3006 2910 Nam
3030 2854 3326 2924 repudiatis
3359 2851 3612 2908 sensibus

2045 2951 2112 3006 de
2138 2951 2513 3021 praestantiore
2533 2959 2728 3005 natura
2755 2959 2807 3004 et
2828 2949 2976 3004 velut
2992 2948 3140 3001 aditu
3161 2946 3227 3000 ad
3249 2959 3308 3000 se
3327 2943 3610 3006 obstricto,

2045 3060 2308 3101 conversa
2350 3044 2490 3099 facie
2539 3043 2606 3098 ad
2658 3043 2951 3114 parietem,
2989 3040 3165 3095 locum
3231 3038 3377 3092 dedit
3433 3037 3616 3090 animo

2046 3137 2336 3192 Dominum
2406 3153 2563 3193 suum
2608 3134 2885 3206 rogandi,
2936 3141 2990 3189 et
3040 3130 3317 3188 obtinendi
3370 3128 3613 3198 corporis

2047 3229 2354 3284 sanitatem.

2122 3319 2288 3373 Vens.
2317 3320 2372 3374 5.
2397 3317 2481 3372 Nil
2521 3317 2666 3371 aliud
2700 3317 2764 3370 ad
2806 3313 3130 3385 placandum
3166 3311 3331 3365 Deum
3362 3308 3612 3380 protulit,

2051 3410 2155 3465 nisi
2189 3425 2201 3461 :
2232 3407 2290 3463 In
2319 3407 2665 3478 simplicitate
2693 3407 2860 3459 animi
2893 3415 2946 3458 et
2977 3405 3032 3457 in
3065 3402 3228 3456 corde
3262 3415 3392 3454 vero
3415 3399 3614 3452 ambuo

2049 3501 2156 3554 lavi
2189 3514 2372 3554 coram
2407 3507 2482 3554 te.
2522 3495 2742 3568 Legitur
2768 3496 2932 3551 etiam
2973 3502 3027 3549 et
3055 3491 3222 3556 aliud,
3264 3488 3615 3558 iuscripsisso

2049 3593 2258 3650 scilicet
2321 3590 2667 3646 Salomonem
2721 3603 2904 3658 regem
2948 3586 3004 3640 in
3059 3585 3317 3639 columna
3371 3579 3615 3636 remedia

2049 3687 2248 3758 quibus
2291 3685 2495 3740 sanitas
2535 3684 2779 3752 corporis
2826 3679 3230 3741 restitueretur,
3269 3685 3321 3730 et
3351 3689 3471 3730 eam
3513 3688 3612 3728 ex-

2052 3780 2354 3844 struxisse;
2397 3775 2642 3832 eamdem
2703 3787 2832 3828 vero
2893 3777 3082 3842 postea
3126 3783 3156 3822 a
3210 3769 3368 3823 beato
3422 3762 3616 3818 Ezecia

2053 3871 2220 3924 fuisse
2269 3867 2524 3932 ablatam,
2572 3881 2639 3921 ne
2684 3864 2916 3936 populus
2960 3861 3154 3917 exinde
3204 3872 3426 3914 causam
3483 3854 3617 3910 deﬁ-

2050 3953 2227 4017 ciendi
2256 3975 2286 4013 a
2313 3959 2423 4014 Deo
2448 3967 2688 4029 caperet,
2723 3966 2778 4012 et
2809 3956 2863 4010 in
2896 3955 3066 4025 ipsius
3087 3953 3247 4008 domo
3276 3951 3330 4004 in
3355 3947 3618 4019 parietem

2051 4054 2449 4118 constitutam;
2501 4065 2626 4105 cum
2666 4050 2834 4120 igitur
2863 4047 3056 4102 faciem
3095 4045 3162 4099 ad
3193 4042 3454 4114 parietem
3483 4054 3619 4094 con—

2048 4151 2307 4209 verteret,
2331 4142 2399 4197 ad
2424 4140 2748 4211 placandum
2778 4138 2946 4192 Deum
2977 4138 3246 4191 columnae
3300 4129 3618 4186 memoriam

2049 4250 2306 4291 revocare
2356 4236 2508 4290 visus
2551 4241 2654 4289 est.
2697 4233 2848 4286 Hanc
2896 4243 3109 4288 summo
3137 4241 3260 4281 cum
3301 4223 3482 4280 studio
3513 4237 3617 4280 au-

2052 4325 2330 4380 ferendam
2361 4324 2550 4379 curavi
2579 4339 2647 4378 ne
2675 4331 2883 4393 pateret
2910 4321 3110 4392 populo
3147 4319 3235 4371 via
3267 4317 3333 4370 ad
3369 4315 3619 4384 impieta-

2051 4429 2178 4474 tem.
2240 4415 2550 4472 Notandum
2609 4431 2828 4486 quoque
2873 4415 2962 4470 hic
3016 4428 3123 4468 una
3166 4425 3302 4466 voce
3349 4405 3619 4463 Hebraica

2054 4509 2317 4579 parietem
2365 4514 2421 4562 et
2473 4507 2785 4562 columnam
2847 4507 2976 4561 dici.
3031 4505 3241 4560 Idcirco
3288 4500 3492 4570 optime
3541 4497 3620 4550 ita

380 4595 593 4666 ἐκείνην
622 4595 1018 4667 προϐάλλεσθαι
1039 4598 1136 4670 τὴν
1178 4599 1381 4671 στήλην
1402 4617 1414 4632 ·
1449 4602 1569 4653 Ὅτι
1603 4600 1666 4672 δὴ
1718 4599 1945 4670 σπουδὴν

2055 4616 2250 4658 sonare
2287 4607 2468 4670 potest
2513 4601 2802 4657 conversio
2833 4598 3042 4654 Ezecize
3081 4597 3149 4651 ad
3192 4594 3475 4664 parietem.
3507 4586 3620 4642 Nec

380 4687 579 4758 ἐθέμην
629 4687 832 4758 ταύτην
865 4689 1181 4753 ἀνελέσθαι,
1233 4693 1371 4762 πρὸς
1415 4693 1476 4745 τὸ
1515 4693 1589 4764 μὴ
1648 4689 1784 4747 εἶναι
1853 4696 1952 4764 ἐμ·-

381 4779 561 4834 πόδιον
605 4780 683 4851 τῷ
740 4780 850 4850 λαῷ
890 4783 985 4836 τοῦ
1016 4785 1097 4847 είς
1130 4783 1228 4854 τὴν
1273 4784 1582 4838 θεοσέϐειαν
1617 4786 1788 4838 τόνου.
1843 4785 1953 4838 Καὶ

2058 4693 2201 4749 facta
2225 4701 2310 4750 est
2346 4695 2464 4751 sine
2496 4694 2754 4765 lacrymis
2781 4691 3094 4763 deprecatio
3129 4687 3272 4758 ejus,
3297 4684 3390 4763 sed
3423 4693 3620 4751 magna

2057 4789 2360 4857 ploratione
2388 4787 2640 4858 ploravit.

379 4870 537 4924 τοῦτο
596 4873 653 4924 δὲ
683 4873 973 4942 ἀναγκαῖον
1033 4875 1389 4946 μνημονεύειν
1415 4916 1429 4940 ,
1469 4876 1543 4939 ὡς
1583 4878 1760 4946 τοῖχος
1806 4878 1899 4930 καὶ
1938 4878 2101 4950 στήλη
2135 4883 2200 4950 τῇ
2255 4880 2391 4950 αὐτῇ
2430 4882 2580 4950 φωνῇ
2627 4879 2726 4948 τῆς
2766 4875 3040 4947 Ἐὕραῖδος
3077 4871 3364 4925 λέλεκται·
3431 4863 3620 4930 διόπερ

385 4961 616 5030 μάλιστα
645 4967 739 5020 καὶ
772 4969 852 5030 εἰς
913 4965 1070 5019 τοῦτο
1121 4966 1386 5038 ἐξελήφθη
1410 5007 1423 5030 ,
1465 4967 1497 5037 ἦ
1563 4969 1643 5031 είς
1702 4968 1792 5021 τὸν
1828 4971 2002 5038 τοῖχον
2051 4969 2212 5022 αὐτοῦ
2253 4969 2568 5040 ἀποστροφή
2596 4985 2610 4999 ο
2649 4969 2747 5038 τὴν
2791 4965 2846 5017 δὲ
2898 4962 3203 5034 προσευχὴν
3252 4957 3484 5011 ἐποιεῖτο
3517 4953 3618 5004 οὐκ

382 5054 509 5108 ἄνευ
563 5056 832 5128 δακρύων,
881 5058 1014 5112 ἀλλὰ
1055 5059 1148 5111 καὶ¹
1181 5057 1388 5112 πολλῶν
1415 5058 1638 5112 τούτων.

453 5147 624 5218 ’Ύψος
657 5151 876 5221 ἡμερῶν
928 5151 1075 5220 λέγει
1121 5152 1218 5221 τὴν
1247 5151 1606 5222 ἐγγενομένην
1650 5154 1718 5222 τῇ
1745 5152 1951 5221 διανοίᾳ.

383 5239 546 5292 αὐτοῦ
581 5240 994 5312 ὑψηλαυχενίαν,
1052 5245 1141 5312 ὑφ’
1193 5240 1260 5315 ἧς
1307 5243 1689 5314 συνεχόμενος,
1727 5243 1950 5314 ἔμελλον

381 5327 478 5399 τὴν
500 5332 734 5400 ἐμαυτοῦ
761 5333 904 5405 ζωὴν
925 5335 1339 5407 ὑποτέμνεσθαι·
1368 5336 1536 5390 ταῦτα
1556 5335 1761 5389 διανοοῦ
1771 5352 1949 5406 μενος,

381 5421 501 5473 οὐδὲ
531 5422 638 5494 γὰρ
675 5426 734 5477 ἐν
781 5429 852 5496 γῇ
891 5425 1108 5490 ζώντων
1157 5428 1381 5500 ήλπιζον
1427 5427 1648 5499 ὄψεσθαι
1680 5428 1741 5481 τὸ
1774 5429 1951 5499 σωτή-

386 5528 496 5580 ριον
543 5512 636 5565 τοῦ
683 5515 817 5568 Θεοῦ
845 5556 858 5579 ,
909 5517 1181 5587 ἐλεγχθεὶς
1225 5519 1316 5572 ἐπὶ
1349 5522 1411 5588 τῇ
1466 5519 1840 5588 καταλαϐούσῃ
1870 5520 1952 5588 ’με

454 5672 493 5701 ¹⁰
519 5670 559 5724 II
591 5670 824 5742 Paralip.
856 5691 1028 5742 xxxu,
1060 5673 1130 5730 24
1162 5693 1282 5747 sqq.

452 5825 525 5887 (5)
585 5825 815 5881 Lacuna:
852 5828 1042 5886 breves
1066 5831 1121 5885 in
1145 5831 1348 5886 codice.

1364 5679 1401 5709 ¹¹
1427 5676 1556 5734 ibid.
1582 5678 1672 5734 26.
1753 5678 1919 5732 “Isa.
1954 5694 2049 5732 vn.
2088 5678 2170 5732 Η.

2127 5147 2293 5202 Vens.
2329 5148 2518 5201 10-12.
2564 5147 2853 5200 Excelsum
2879 5141 3090 5198 dierum
3130 5146 3287 5194 vocat
3310 5135 3619 5208 superbiam

2057 5258 2162 5314 qua
2215 5257 2370 5297 mens
2417 5241 2540 5310 ejus
2591 5238 2936 5303 eﬂ'erebatur,
2979 5249 3088 5305 qua
3128 5232 3347 5286 inﬂatus
3391 5238 3622 5283 mortem

2056 5335 2160 5391 sibi
2204 5340 2599 5404 promeruerat.
2628 5331 2753 5386 Haec
2783 5344 2968 5386 secum
2993 5327 3266 5397 reputavit
3304 5344 3316 5376 :
3349 5323 3460 5393 jam
3509 5334 3622 5374 non

2057 5428 2189 5482 mihi
2227 5442 2352 5496 spes
2379 5426 2616 5481 salutare
2652 5423 2746 5478 Dei
2802 5423 2857 5476 iu
2887 5430 3029 5476 terra
3056 5417 3349 5473 viventium
3378 5411 3619 5472 videndi,

2056 5519 2291 5574 amentia
2351 5527 2508 5589 capto
2577 5526 2627 5573 et
2679 5517 2969 5571 convicto'
3033 5514 3128 5570 sed
3180 5521 3232 5568 et
3277 5511 3442 5566 vitam
3487 5503 3622 5560 mihi

2255 5679 2294 5707 ’³
2319 5677 2382 5729 IV
2418 5677 2546 5745 Reg.
2579 5692 2690 5738 xu,
2729 5676 2816 5728 55.
