4138 6458
479 455 619 512 ιδδιτ
1693 445 2018 503 THEODOR

2120 447 2483 509 ERACLEEN
2492 449 2595 505 SIS
3576 455 3712 516 1552

475 588 716 641 auferes,
754 572 921 629 exitio
949 576 1004 626 et
1028 569 1199 624 morti
1215 566 1455 631 addicto,
1482 564 1621 619 fabri
1658 563 1727 619 ad
1758 565 2018 635 exemplar

2135 565 2493 639 κακοϐουλίᾳ·
2550 567 2685 622 ἀλλά
2738 569 2831 623 καὶ
2878 568 3080 643 ταύτης
3123 571 3224 642 τῆς
3261 569 3412 642 ζωῆς
3443 573 3710 646 στερηθή-

475 664 886 722 tabernaculum
939 661 1170 734 flgentis,
1231 666 1286 715 et
1341 674 1471 713 mox
1545 656 1849 723 solventis;
1907 671 2018 710 nan

2142 657 2327 710 σεσθαι
2380 660 2460 721 είς
2510 658 2784 714 ἀπώλειαν
2834 663 2929 716 καὶ
2958 664 3234 734 ἀναίρεσίν
3268 682 3369 736 μου
3411 669 3725 739 καταστρέο.

472 759 546 811 ita
583 754 782 811 defecit
826 752 1053 824 spiritus
1099 765 1256 806 meus
1279 749 1483 814 vitalis,
1526 748 1669 803 sicut
1707 747 1813 801 tela
1849 759 1880 799 a
1914 760 2018 798 mu-

2137 747 2343 817 ψαντα,
2396 749 2539 803 κατά
2568 750 2660 804 τὸν
2712 752 3020 825 πηξάμενον
3055 755 3154 827 μὲν
3194 756 3398 828 σκηνὴν
3429 796 3446 821 ,
3499 759 3710 813 συστεί-

472 849 604 903 liere
631 847 745 918 jam
776 844 1131 902 succidenda.

2140 841 2309 896 λαντα
2343 843 2401 896 δέ
2433 843 2602 911 αὐτὴν
2651 844 2892 915 ταχέωςο
2927 846 2991 900 τὸ
3037 846 3145 919 γὰρ
3199 846 3428 911 ζωτικὸν
3492 847 3727 918 πνεῦμα⁴

537 922 704 994 Ἶὲἒε.
752 937 839 991 14.
884 935 1099 991 Idcirco
1141 934 1252 1004 jam
1293 947 1402 987 non
1443 931 1635 997 silebo,
1677 926 2018 999 benignitati:

2137 931 2309 996 οὕτως
2362 933 2622 1004 ἀφῃρεῖτο
2665 932 2764 998 τὰς
2792 934 3070 1007 δυνάμεις,
3123 935 3199 1000 ὡς
3254 936 3400 1000 ἱστὸς
3454 937 3710 1005 γυναικὸς

470 1038 577 1086 tuae
608 1045 789 1101 pmco
818 1029 1016 1093 factus,
1049 1027 1212 1099 quasi
1242 1023 1478 1080 hirundo
1499 1030 1554 1076 et
1570 1022 1726 1093 quasi
1750 1020 2018 1085 columba,

2137 1023 2492 1095 ἐκτέμνεσθαι
2546 1024 2769 1095 μέλλων.
2829 1025 2988 1081 Ὅθεν
3040 1029 3100 1081 οὑ
3155 1028 3432 1100 παύσομαι
3490 1030 3550 1083 ἐν
3594 1030 3708 1092 τοῖς

467 1122 732 1177 continuo
765 1121 1195 1192 magnificentias
1231 1126 1354 1172 tuas
1384 1115 1714 1183 celebrabo;
1741 1121 1800 1168 tu
1823 1112 1969 1168 enim
1999 1126 2018 1165 ε

2138 1115 2275 1185 μετά
2328 1112 2498 1168 ταῦτα
2542 1114 2718 1187 κῆρυξ
2760 1117 2859 1187 τῆς
2904 1118 3005 1188 σῆς
3044 1119 3378 1190 ἀγαθότητος
3417 1119 3723 1190 ἐσόμενοςμ

468 1229 556 1269 me
586 1215 837 1284 corporis
864 1213 1082 1268 dolores
1108 1210 1406 1278 abstulisti,
1441 1216 1496 1265 et
1537 1207 1776 1261 animam
1808 1203 2018 1261 sanitati

2134 1207 2277 1262 κατά
2320 1207 2445 1270 τοὺς
2465 1205 2686 1278 δρνιθας
2710 1209 2810 1278 τήν
2852 1226 2910 1262 τε
2950 1208 3192 1279 χελιδόνα
3224 1210 3318 1263 καὶ
3356 1208 3711 1281 περιστερὰν,

468 1305 784 1371 restituisti,
815 1311 1160 1375 peccatorum
1190 1303 1775 1358 meorum'immemor.

2136 1295 2428 1360 ἀπαύστως
2459 1296 2529 1349 τὰ
2551 1296 2618 1351 σά
2634 1297 2897 1371 μεγαλεῖα
2924 1298 3286 1370 ἐξηγούμενος
3304 1314 3319 1329 ⁸
3347 1300 3411 1352 σὺ
3445 1299 3554 1372 γὰρ
3584 1295 3636 1352 εἴ
3678 1302 3709 1353 ὁ

467 1398 562 1452 καὶ
585 1398 663 1469 τῷ
695 1399 902 1469 σώματι
928 1398 1024 1461 τὰς
1049 1396 1237 1459 ὀδύνας
1262 1397 1465 1452 παῦσαι
1494 1397 1744 1468 ποιήσας,
1770 1395 1865 1449 καὶ
1895 1396 1960 1465 τῇ
1987 1393 2130 1465 om
2171 1392 2311 1447 ῐασιν
2338 1393 2725 1464 χαρισάμενος,
2751 1392 3138 1466 ὑπερϐεϐηκὼς
3173 1395 3242 1449 τὰ
3269 1393 3727 1467 πλημμελήματά,

470 1514 589 1568 μου.

540 1587 703 1644 Vsus.
739 1588 827 1645 18.
859 1587 1068 1655 Quibus
1097 1589 1264 1645 dictis
1285 1601 1437 1658 spem
1466 1584 1893 1642 resurrectionis
1934 1595 2018 1637 ne-

2206 1573 2376 1629 Τοῦτο
2422 1574 2610 1644 ἔλεγεν
2652 1577 2752 1630 ούκ
2785 1577 3066 1637 ἐκκόπτων
3109 1579 3206 1649 τῆς
3228 1579 3574 1645 ἀναστάσεως
3606 1582 3722 1646 τὰς,

463 1693 736 1749 quaquam
763 1679 962 1748 aufert,
988 1679 1232 1737 declarat
1258 1694 1389 1735 vero
1412 1679 1469 1734 in
1490 1675 1690 1732 inferni
1706 1681 1881 1731 morte
1907 1688 2018 1742 per-

2131 1665 2372 1733 ἐλπίδας,
2407 1668 2543 1723 ἀλλά
2604 1668 2781 1741 δηλῶν
2805 1709 2822 1734 ,
2865 1669 2942 1734 ὡς
2986 1672 3066 1734 εἰς
3108 1671 3238 1742 ᾅδην
3274 1671 3547 1736 ἀπωλείας
3598 1675 3706 1726 ἁπ-

463 1769 699 1824 dendum
736 1785 880 1836 esse,
924 1785 1085 1841 quem
1138 1780 1198 1826 tu
1232 1785 1343 1825 non
1394 1766 1741 1830 excitaveris,
1790 1764 1878 1820 cui
1918 1778 2018 1817 non

2128 1758 2384 1828 ελήλυθε,
2428 1758 2685 1841 μὴκπαρά
2718 1760 2812 1814 σοῦ
2853 1760 3193 1834 ἀνακληθεὶς,
3236 1763 3330 1825 καὶ
3359 1764 3704 1836 συγχώρησιν

462 1862 645 1916 omnia
675 1862 1080 1917 condonaveris
1102 1869 1347 1931 peccata.

2132 1824 2759 1930 ἁμαρτιῶν-δεξάμενος.
3046 1824 3058 1834 υ
3125 1860 3127 1863 ’

532 1951 702 2009 Vens.
735 1952 821 2006 19.
857 1951 1200 2023 Quapropter
1244 1950 1363 2022 ipse
1401 1962 1524 2020 ego,
1580 1944 1868 2017 repudiata
1913 1943 2018 2013 jam

2202 1948 2383 2016 Ὅθεν,
2415 1949 2524 2019 ἐγὼ
2570 1950 2732 2015 αὐτὸς
2783 1950 3009 2024 ἰώμενος
3046 1953 3145 2025 τὴν
3179 1952 3453 2025 σφαλερὰν
3490 1952 3723 2023 ἐκείνην.

460 2047 635 2117 impia
662 2046 756 2100 illa
779 2054 960 2101 mente
981 2046 1035 2099 in
1055 2044 1275 2115 nuptias
1299 2042 1545 2105 ardesco,
1561 2051 1615 2096 et
1641 2039 1783 2095 filios
1808 2037 2018 2102 faciam,

2127 2036 2358 2107 ἔννοιαν,
2390 2043 2610 2098 σπεύσω
2637 2045 2732 2098 καὶ
2754 2044 2951 2116 γάμοις
2977 2044 3233 2118 ὁμιλῆσαι
3265 2046 3360 2101 καὶ
3388 2045 3723 2117 παιδοποιή-.

461 2149 521 2193 ut
544 2137 813 2209 sanguine
849 2151 970 2192 meo
1001 2144 1275 2202 crescant,
1298 2132 1739 2206 quiannuntient
1754 2129 2027 2202 justitiam

459 2237 629 2283 tuam.

525 2320 656 2377 CAP.
688 2320 800 2386 XL,
832 2320 995 2376 Vens.
1021 2321 1075 2376 4.
1103 2319 1179 2377 De
1205 2319 1438 2375 vallibus
1471 2319 1710 2387 loquitur
1731 2329 1841 2369 non
1869 2310 2035 2382 quasi.

460 2412 666 2467 fuerint
710 2427 743 2466 a
792 2411 1021 2467 Domino
1065 2409 1418 2481 occupandae,
1454 2407 1551 2465 sed
1589 2408 1799 2461 animas
1831 2403 2026 2458 affatur

460 2501 626 2556 altius
652 2498 914 2565 effossas,
947 2509 1004 2556 et
1035 2499 1291 2557 deorsum
1333 2500 1390 2554 in
1423 2497 1639 2553 inferno
1680 2497 1949 2568 jacontes,
1970 2501 2025 2549 et

458 2594 700 2662 peccatis
726 2593 1290 2663 humiliatas;quippe
1316 2607 1436 2662 quae
1458 2591 1690 2647 funestis
1704 2590 1759 2645 et
1786 2587 2021 2673 exitiali-

456 2685 564 2739 bus
589 2684 1010 2755 cogitationibus
1028 2683 1286 2749 liberatae,
1306 2697 1472 2753 super
1488 2690 1701 2761 montes
1723 2670 2023 2736 exaltanda:

457 2785 605 2832 sunt.

527 2865 674 2923 Vsns
702 2867 757 2922 8.
793 2866 1101 2924 Confitetur
1136 2868 1225 2922 hic
1277 2881 1397 2938 ipse
1433 2864 1721 2936 propheta,
1747 2862 1833 2917 vel
1871 2860 2023 2917 verbi

456 2958 726 3027 minister,
782 2974 948 3015 carne
992 2975 1054 3016 se
1083 2960 1415 3015 obcaecatum
1469 2957 1733 3011 rationem
1766 2954 2023 3011 accedere

457 3065 569 3104 non
586 3050 854 3120 potuisse.
879 3048 1003 3107 Mox
1021 3057 1332 3116 evanescet,
1347 3050 1565 3119 adjecit,
1588 3033 1768 3101 omnis
1784 3047 2022 3101 humana

455 3140 682 3210 opinio;
715 3140 941 3196 verbum
990 3149 1173 3198 autem
1213 3140 1311 3197 Dei
1352 3140 1516 3198 ﬁnem
1554 3154 1832 3209 nunquam
1879 3137 2023 3192 acci-

2129 2131 2345 2198 σασθαι,
2376 2133 2513 2205 πρὸς
2542 2135 2605 2188 τὸ
2631 2137 2725 2190 καὶ
2756 2136 2883 2201 τοὺς
2915 2135 2975 2201 ἐξ
3012 2136 3146 2208 ἐμοῦ
3174 2138 3499 2209 γενομένους
3529 2139 3702 2210 κῆρες

2125 2242 2227 2289 κας
2249 2226 2545 2298 ἀναστῆναι
2584 2229 2685 2298 τῆς
2711 2230 3074 2303 δικαιοσύνης.

2193 2318 2460 2388 Φάραγγα
2498 2320 2795 2392 ἐκληπτέον
2818 2365 2833 2390 ,
2877 2324 2976 2395 ούχ
3007 2324 3083 2388 ὡς
3121 2324 3407 2395 μέλλοντος
3438 2325 3532 2379 τοῦ
3566 2323 3723 2379 Θεοῦ.

2123 2408 2421 2463 ἐπιϐαίνειν
2462 2412 2676 2478 αὑταῖς,
2725 2415 2861 2469 ἀλλά
2905 2415 3042 2489 πρὸς
3072 2416 3172 2480 τάς
3203 2415 3721 2489 κατορωρυγμένας

2125 2498 2337 2569 ψυχὰς,
2387 2501 2482 2554 κοιλ⁸
2520 2504 2671 2558 κάτω
2708 2523 2811 2559 που
2846 2508 2926 2570 εἰς
2952 2507 3042 2561 τὸν
3074 2507 3207 2580 ᾅδην
3235 2508 3514 2580 κειμένας,
3543 2525 3702 2561 τετα-

2122 2591 2460 2662 πεινωμένας
2490 2613 2549 2648 τε
2579 2600 2699 2661 ταῖς
2742 2599 3065 2670 ἁμαρτίαις,
3104 2600 3285 2670 λέγει·
3341 2601 3542 2665 ταύτας
3596 2601 3704 2674 γὰρ

2120 2693 2522 2764 ἀπαλλαγείσας
2562 2693 2670 2749 τῶν
2706 2694 2962 2767 ὀλεθρίων
3001 2694 3203 2749 τούτων
3232 2695 3326 2749 καὶ
3355 2695 3721 2751 ἐπικινδύνων.

2119 2778 2391 2851 λογισμῶν
2422 2781 2561 2852 ὑπὲρ
2588 2780 2655 2834 τὰ
2681 2780 2782 2852 ὅρη
2807 2778 3189 2834 ταπεινοῦσθαι
3219 2780 3295 2852 (6)
3325 2781 3535 2851 καιρός.

2188 2873 2434 2939 Δεικνὺς,
2465 2872 2540 2937 ὡς
2597 2873 2693 2927 καί⁵
2724 2872 2885 2937 αὐτὸς
2914 2875 2942 2927 ὁ
2982 2874 3267 2943 προφήτης
3313 2874 3342 2926 ὁ
3399 2871 3702 2944 nempe-me-

2124 2978 2283 3033 μενος
2334 2961 2412 3033 τῷ
2482 2963 2653 3033 λόγῳ,
2701 2963 2806 3016 ὑπὸ
2857 2964 2957 3033 τῆς
2999 2962 3203 3034 σαρκὸς
3253 2964 3703 3034 ἐπισκιαζόμενος

2119 3054 2211 3108 τὸν
2263 3054 2411 3118 νοῦν,
2474 3056 2723 3127 χωρῆσαι
2796 3056 2858 3108 οὐ
2909 3055 3229 3126 δεδύνηταιο
3295 3057 3390 3110 καὶ
3449 3056 3558 3127 γὰρ
3609 3058 3723 3118 καὶ,

2123 3148 2271 3200 πᾶσα
2323 3147 2589 3218 ὑπόληψις
2639 3146 2955 3220 ἀνθρωπίνη
3028 3147 3235 3218 ταχέως
3274 3147 3539 3201 παύσεται
3561 3186 3576 3210 ,
3635 3152 3700 3199 οὐ

455 3227 590 3302 pie‘l,
633 3232 731 3290 sed
757 3241 939 3289 manet
968 3232 1027 3289 in
1076 3245 1341 3289 aeternum
1390 3247 1518 3289 vera
1563 3247 1734 3303 usque
1760 3246 2013 3301 praenun-

2121 3239 2226 3312 μὴν
2246 3240 2307 3294 τὸ
2339 3240 2517 3309 λόγιον
2554 3239 2647 3295 τοῦ
2676 3238 2812 3294 Θεοῦ
2854 3240 3065 3298 παύλαν
3108 3241 3241 3295 ποτὲ
3270 3240 3495 3311 λήψεται
3519 3258 3535 3272 ο
3563 3239 3703 3293 ἀλλα

455 3324 621 3382 tians.

532 3513 698 3571 Vsns.
736 3516 823 3572 12.
854 3514 1009 3572 Multi
1034 3516 1255 3587 quidem
1285 3520 1436 3580 sunt,
1466 3513 1561 3586 qui
1592 3512 1659 3569 de
1682 3511 1910 3583 judiciis
1928 3510 2035 3567 De'L

453 3606 730 3674 dubitant,
764 3616 820 3664 et
849 3609 918 3664 de
946 3606 1297 3664 Providentia
1326 3614 1441 3662 tum
1470 3621 1691 3661 omnem
1720 3620 1903 3661 rerum
1927 3619 2025 3659 na-

454 3710 632 3755 turam
667 3709 780 3755 tum
814 3702 1028 3773 singula
1067 3717 1296 3774 quaeque
1350 3711 1589 3772 regente,
1634 3706 1689 3754 et
1716 3699 1784 3755 de
1812 3714 2024 3755 summa

453 3792 687 3848 scientia
728 3808 891 3863 quam
920 3793 998 3847 nil
1029 3794 1201 3855 latere.
1221 3801 1419 3863 potest,
1456 3808 1579 3863 quae
1618 3806 1810 3847 omnes
1843 3799 2025 3847 mente

451 3884 847 3953 complectitur.
888 3883 1100 3950 Quibus
1128 3883 1479 3941 confutandis
1502 3885 1767 3956 propheta
1807 3883 2022 3954 singula

452 3973 566 4029 Deo
590 3975 966 4045 investiganda
988 3989 1110 4030 esse
1135 3973 1413 4041 declarat;
1444 3989 1513 4030 ex
1546 3974 1855 4030 visibilibus
1885 3981 1942 4030 et
1966 3975 2023 4029 in

453 4067 771 4123 universum
803 4083 834 4122 a
873 4067 1062 4123 mundi
1096 4067 1380 4123 elementis
1424 4067 1576 4124 disce
1615 4065 1711 4123 Dei
1739 4067 2016 4123 virtutem.

517 4247 682 4305 Vens.
721 4249 812 4314 16,
850 4251 936 4304 17.
984 4248 1197 4307 Rursus
1238 4250 1482 4307 occurrit
1526 4250 1787 4322 propheta
1838 4259 2035 4307 mente-

448 4339 903 4411 disceptantibus.
928 4341 1106 4399 Nolite
1121 4350 1314 4414 putare
1336 4359 1435 4401 vos
1456 4353 1818 4400 memoratum
1847 4344 2019 4401 Deum

447 4448 545 4503 per
574 4430 854 4489 sacrificia
890 4435 1220 4506 placaturos,
1246 4437 1405 4506 quasi
1452 4436 1575 4493 istis
1605 4438 1656 4493 ei
1684 4453 1824 4508 opus
1846 4446 2015 4505 esset,

444 4525 606 4595 cujus
626 4527 797 4581 verbo
827 4527 1010 4580 omnia
1054 4526 1200 4582 facta
1224 4539 1369 4584 sunt.
1412 4528 1554 4585 Num
1590 4549 1609 4582 ι
1653 4530 1885 4589 sufficiet
1925 4530 2021 4586 Li-.

444 4618 623 4673 hanus
664 4634 683 4667 ι
736 4625 790 4673 et
839 4618 977 4673 silva
1020 4634 1130 4690 qua
1183 4619 1486 4685 obsidetur,
1534 4630 1629 4675 aut
1681 4640 1700 4673 ι
1745 4622 2017 4678 sufﬁcient

443 4710 629 4764 omnia
674 4709 1050 4780 quadrupedia
1083 4711 1151 4765 ad
1191 4711 1591 4778 holocaustum,
1627 4731 1647 4764 ι
1693 4716 1784 4769 cui
1808 4722 2018 4770 cunctae

441 4809 655 4872 gentes,
681 4804 836 4872 juxta
859 4804 1031 4873 ipsius
1060 4801 1311 4868 effatum,
1339 4822 1359 4856 ι
1386 4805 1543 4876 quasi
1570 4804 1802 4861 nihilum
1815 4813 1944 4861 sunt
1989 4825 2008 4859 ›

442 4893 500 4948 in
527 4892 756 4948 nihilum
790 4902 1109 4949 reoutantur

510 5075 639 5131 Cn.
676 5074 811 5143 XLI,
839 5074 1004 5132 Vsns.
1030 5078 1081 5131 1.
1107 5079 1332 5133 Animos
1359 5079 1656 5150 alloquitur
1686 5080 2009 5151 languentes

437 5180 492 5223 et
523 5167 808 5224 doloribus
840 5168 1092 5225 afllictos.
1126 5169 1276 5226 Licet
1313 5171 1459 5226 enim
1508 5171 1687 5241 vobis,
1729 5172 1824 5243 qui
1854 5173 2011 5244 cupi-

437 5262 703 5317 ditatibus
733 5262 1056 5319 insenuistis
1082 5272 1137 5319 et
1158 5263 1553 5334 voluptatibus,
1572 5263 1865 5334 depressas
1886 5265 2011 5322 istis

437 5353 754 5422 spirituales
785 5353 932 5410 vires
975 5354 1239 5418 relevare,
1268 5362 1323 5409 et
1367 5354 1531 5408 velut
1555 5362 1915 5422 senectutem,
1945 5370 2011 5410 ea

435 5444 728 5513 deponere,
763 5459 1104 5516 quaecunque
1149 5446 1357 5501 fuerint
1387 5446 1710 5502 libidinibus
1753 5445 1926 5502 fracta
1953 5452 2010 5501 et

433 5550 603 5606 prope
639 5536 911 5592 confecta.
948 5538 1097 5604 Quos
1136 5538 1347 5594 insulas
1399 5537 1601 5609 optime
1632 5544 1829 5603 vocat;
1879 5553 2008 5593 nam

434 5627 579 5681 sicut
596 5627 812 5695 insulae,
847 5629 1024 5686 medio
1052 5631 1111 5685 in
1158 5646 1310 5686 mare
1336 5628 1593 5685 fluctibus
1618 5630 2007 5703 lcircumluun-

501 5783 577 5858 (fi)
607 5782 799 5858 Belius
828 5785 1087 5853 ὺψοῦσθαι
1107 5797 1197 5843 aut
1229 5786 1581 5858 πληροῦσθαι.

500 5854 573 5911 (7)
607 5852 793 5907 Potius
820 5852 935 5916 τάς.

2130 3331 2275 3404 πέρα
2328 3331 2508 3397 τελεῖ,
2562 3330 2892 3404 ἀληθεύοντα
2943 3332 3041 3405 τῆς
3089 3332 3166 3404 (7)
3221 3331 3550 3401 ἐπαγγελίας
3621 3333 3703 3393 εἰς

2132 3423 2323 3483 αἰῶνα.

2197 3516 2341 3587 Πρὸς
2372 3516 2470 3578 τὰς
2504 3516 2563 3568 ἐν
2599 3513 2808 3587 διανοίᾳ
2836 3514 2998 3569 πάλιν
3031 3514 3223 3585 φύσεις
3258 3514 3703 3587 ἀμφισϐητήσεις

2126 3611 2255 3681 περὶ
2280 3608 2387 3662 τῶν
2435 3610 2718 3681 χριμάτων
2759 3609 2980 3679 καὶτῆς
3023 3609 3281 3681 προνοίας
3311 3609 3409 3680 τῆς
3440 3609 3535 3663 τοῦ
3566 3608 3700 3662 Θεοῦ

2124 3701 2213 3755 διὰ
2248 3701 2462 3755 πάντων
2501 3700 2830 3772 διηκούσης,
2886 3700 2979 3755 καὶ
3012 3700 3133 3754 καθ’
3171 3702 3268 3755 ἕνα
3294 3699 3549 3765 ἕκαστον,
3607 3701 3701 3754 καί⁵

2125 3794 2200 3857 ὡς
2226 3792 2326 3846 οὐκ
2377 3791 2493 3845 ἐστι
2550 3792 2657 3846 τῶν
2700 3791 3063 3846 λανθανόντων
3126 3792 3220 3846 τὸν
3247 3791 3402 3856 Θεὸν,
3439 3790 3579 3845 ἀλλά
3612 3790 3701 3844 διὰ

2124 3886 2341 3943 πάντων
2374 3884 2723 3939 διαϐαίνουσα
2754 3887 2787 3956 ή
2819 3884 2914 3939 τοῦ
2945 3883 3079 3937 Θεοῦ
3108 3883 3310 3953 γνῶσις
3329 3900 3343 3915 ο
3375 3882 3446 3937 τά
3467 3883 3700 3937 ἑκάστου

2123 3976 2423 4048 ἀνιχνεύειν
2464 3976 2821 4049 προϋπαντῶν
2858 3979 2886 4030 ὁ
2937 3976 3096 4045 λόγος
3131 3977 3441 4031 ἐκδιδάσκει
3465 4019 3481 4043 ,
3523 3977 3604 4031 ὅτι
3634 3978 3711 4031 ἐκ,

2123 4067 2229 4121 τῶν
2254 4067 2566 4139 ὁρωμένων,
2600 4068 2695 4124 καὶ
2734 4068 2797 4121 ἐκ
2825 4067 2932 4123 τῶν
2959 4067 3054 4120 τοῦ
3084 4066 3221 4121 Θεοῦ
3264 4067 3719 4138 καθολικώτερον

2124 4160 2401 4232 στοιχείων
2427 4159 2742 4214 ἐκδιδάσκου
2770 4159 2865 4213 τοῦ
2898 4158 3035 4212 Θεοῦ
3063 4147 3315 4231 δύναμιν.
3338 4220 3341 4223 _

2191 4251 2360 4306 Πάλιν
2400 4252 2540 4323 πρὸς
2582 4252 2708 4313 τοὺς
2768 4253 2825 4305 ἐν
2859 4249 3120 4314 διανοίαις
3163 4249 3457 4322 λογισμοὺς
3526 4266 3698 4321 προσ-

2119 4345 2333 4416 υπαντᾷ
2367 4346 2395 4398 ὁ
2434 4343 2592 4411 λόγος
2611 4359 2628 4375 ο
2676 4343 2768 4402 ὅτι,
2783 4341 2967 4396 τοῦτον
2998 4341 3088 4397 τὸν
3116 4342 3250 4397 Θεὸν
3278 4343 3368 4396 τὸν
3410 4359 3696 4414 προμηνύ-

2121 4432 2281 4488 θέντα
2313 4433 2401 4487 διά
2425 4433 2535 4487 τῶν
2565 4430 2870 4503 εἰρημένων
2897 4433 3026 4497 ἴσως
3059 4431 3325 4501 λογιεῖσθε
3350 4431 3560 4496 θυσίαις
3609 4431 3700 4497 ἐξ·

2125 4524 2412 4592 ιλεοῦσθαι,
2457 4526 2530 4596 μὴ
2576 4525 2950 4596 σκοπήσαντες
2968 4565 2983 4590 ,
3011 4525 3087 4590 ὡς
3107 4525 3207 4579 οὐκ
3229 4527 3288 4579 ἐν
3306 4525 3466 4597 χρείᾳ
3492 4524 3711 4579 τούτων

2120 4619 2452 4689 καθέστηκεν
2487 4657 2502 4682 ,
2563 4612 2625 4672 οὗ
2680 4616 2759 4689 τῷ
2804 4616 2947 4689 λόγῳ
3011 4618 3081 4672 τὰ
3132 4619 3309 4673 πάντα
3375 4619 3659 4691 γεγένηται
3681 4636 3696 4648 ·

2124 4711 2461 4783 «ἐπαρκέσει
2517 4706 2615 4764 οὖν
2664 4709 2897 4776 Λίϐανος
2936 4731 2954 4763 ι
2993 4713 3088 4766 καὶ
3148 4714 3182 4783 ἡ
3215 4713 3274 4765 ἐν
3326 4714 3502 4784 τούτῳ
3556 4711 3694 4779 ὕλης

2122 4824 2141 4856 ι
2178 4804 2400 4875 ἀρκέσει
2426 4804 2483 4857 δὲ
2513 4806 2594 4868 εἰς
2621 4804 2998 4877 ὀλοκάρπωσιν
3032 4805 3208 4860 πάντα
3235 4805 3305 4861 τά
3335 4805 3656 4877 τετράποδα,
3671 4826 3709 4857 ι.

2114 4890 2159 4965 ᾧ
2195 4897 2373 4950 πάντα
2416 4897 2485 4952 τά
2537 4897 2660 4968 ἔθνη
2713 4896 2857 4954 κατά
2914 4898 2977 4951 τὸ
3029 4898 3330 4972 ὑποϐληθέν
3390 4898 3698 4967 ὑπόδειγμα

2120 5008 2138 5039 ι
2169 4988 2229 5052 ὃς
2259 4989 2333 5061 (8)
2364 4983 2499 5061 ἧκεν
2519 4994 2598 5056 εἰς
2627 4992 2847 5060 γνῶσιν,
2891 5011 2910 5043 ›
2934 4992 3086 5045 οὐδὲν
3115 4991 3371 5063 ἐλογίσθη

2188 5081 2332 5152 Πρὸς
2383 5082 2481 5147 τάς
2526 5083 2601 5155 μὴ
2660 5084 2949 5155 ἰσχυούσας
2994 5083 3205 5148 ὀδύναις
3257 5101 3317 5136 τε
3349 5081 3695 5155 πραττούσας

2115 5172 2293 5243 ψυχὰς
2336 5175 2634 5245 συμϐουλία
2696 5178 3065 5248 προσάγεται·
3119 5178 3203 5231 ὅτι
3252 5176 3423 5247 ταύτῃ
3467 5173 3694 5228 δυνατὸν

2114 5267 2257 5336 ὑμᾶς
2295 5266 2393 5330 τὰς
2421 5269 2813 5338 ἐγχρονισόισας
2862 5269 2921 5323 ἐν
2949 5271 3060 5333 τοῖς
3099 5267 3298 5323 πάθεσι
3321 5268 3413 5321 καὶ
3446 5265 3689 5319 παλαιωο

2114 5356 2301 5419 θείσας
2331 5358 2388 5408 ὲν
2431 5359 2551 5420 ταῖς
2584 5357 2818 5427 ἡδοναῖς,
2860 5358 2918 5412 ἐν
2952 5375 3011 5413 τε
3039 5358 3249 5422 τούτοις
3292 5355 3693 5427 κατασυρείσας

2112 5447 2400 5503 ἀναλαϐεῖν
2433 5447 2530 5512 τὰς
2558 5448 2767 5503 ἑαυτῶν
2819 5449 3056 5521 ψυχικὰς
3107 5450 3400 5521 δυνάμειςο
3452 5447 3546 5501 καὶ
3587 5446 3694 5498 ὥσ-

2113 5555 2220 5610 περ
2253 5539 2429 5609 γῆρας
2474 5539 2773 5599 ἀποθέσθαι
2819 5540 2918 5605 τὰς
2950 5542 3009 5594 ἐν
3061 5544 3175 5605 τοῖς
3213 5540 3410 5594 πάθεσι
3440 5537 3693 5592 παλαιω-

2110 5630 2293 5694 θείσας
2355 5631 2446 5684 καὶ
2506 5631 2693 5703 ὥσπερ
2747 5633 3145 5705 νεκρωθείσας·
3181 5632 3248 5697 ἃς
3282 5633 3373 5686 καὶ
3432 5633 3627 5703 νήσους
3660 5629 3691 5682 ὁ

2189 5786 2263 5857 (8)
2297 5785 2454 5843 Forte
2490 5788 2605 5859 οὐχ.
