4138 6440
409 428 432 486 l
443 430 558 488 333‘

1772 436 1841 492 ΙΝ
1874 437 2136 496 ISAIAM.

3527 441 3545 493 ἰ
3558 439 3662 493 554

403 548 560 617 λόγος
598 548 773 612 καλεῖ,
805 548 925 601 καθ’
950 548 1203 621 ὁμοίωσιν
1236 549 1343 604 τῶν
1374 550 1549 623 νήσων
1589 552 1814 619 τούτων,
1852 554 1910 607 αἳ
1936 557 1989 608 ἐν

2100 564 2210 622 tur,
2236 572 2346 613 non
2384 570 2515 612 vero
2548 556 3011 626 submerguntur;
3045 555 3118 611 ita
3150 554 3332 610 animi;
3353 554 3524 608 nostri
3555 554 3665 609 hu-

409 641 558 714 μέσῳ
573 640 650 713 τῷ
667 641 1196 715 πελάγειέστήκασιν
1220 643 1694 716 περικλυζόμεναι,
1714 644 1788 718 μὴ
1804 647 1984 717 μέντοι

405 733 969 805 καταποντιζόμεναι·
1020 734 1163 789 οὕτω
1200 736 1293 791 καὶ
1326 737 1383 789 αἰ
1410 736 1581 807 ψυχαὶ
1620 738 1727 792 ὑπὸ
1783 738 1891 793 τῶν
1927 741 1984 794 ἐν

404 825 484 896 τῷ
521 824 711 898 κόσμῳ
748 828 1109 899 πραγμάτων,
1134 828 1194 881 οὑ
1223 828 1328 899 μήν
1367 828 1502 883 ἀλλά
1529 830 1623 884 καὶ
1656 832 1981 902 σωματικῶν

408 914 617 982 παθῶν,
677 915 935 988 ἁλμυρῶν
966 917 1158 982 όντων,
1197 917 1618 982 ἐπικλύζονται·
1672 921 1983 976 ἀπεκδύσα-

2094 648 2272 704 manis
2302 646 2558 719 negotiis,
2594 647 2900 717 praesertim
2931 662 3061 702 vero
3100 644 3666 716 corporalibus-cupi-

2093 741 2387 804 ditatibus,
2415 755 2538 810 qua:
2566 745 2621 796 et
2664 738 3003 816 salsatsunt,
3034 738 3330 809 agitantur.
3356 767 3428 777 —
3461 734 3665 790 Eadem

2093 833 2310 888 ratione
2343 831 2600 886 hortatur
2630 846 2734 888 nos
2759 829 3076 901 Apostolus,
3108 838 3175 883 ut-
3208 836 3448 884 veterem
3481 826 3666 882 homi-

2091 940 2218 981 nem
2256 925 2635 996 exspoliantes
2661 938 2866 979 novum
2895 921 3188 978 induamus
3212 922 3274 979 “’.

409 1009 532 1063 σθαι
575 1011 751 1066 τοίνυν
777 1011 981 1076 ταύτας
1027 1011 1121 1065 τὸν
1184 1012 1412 1066 παλαιὸν
1479 1014 1767 1087 ἄνθρωπον
1790 1057 1804 1083 ,
1870 1020 1964 1072 καὶ
2031 1020 2353 1077 ἐνδύσασθαι
2408 1021 2499 1075 τὸν
2560 1020 2718 1087 νέον,
2785 1020 2879 1074 καὶ
2948 1022 2977 1074 6
3045 1018 3362 1083 Ἀπόστολος
3421 1032 3664 1073 παοακε-

406 1105 645 1161 λεύεται.

478 1226 615 1299 Περὶ
659 1224 842 1298 Κύρου
893 1226 1076 1296 λέγει,
1118 1228 1179 1282 ὃν
1227 1228 1451 1294 δικαίως
1504 1232 1765 1305 ἐπήγειρε
1811 1234 1987 1288 Βαϐυ-

406 1316 949 1383 λῶνι.--Ὺπέταξεν
979 1316 1130 1388 αὑτῷ
1163 1317 1413 1384 πολλοὺς,
1452 1319 1539 1374 ἵνα
1571 1319 1773 1394 καθέλῃ
1810 1322 1987 1377 Βαϐυ-

412 1410 557 1465 λῶνα
585 1410 828 1474 δικαίως.

479 1521 589 1593 Τὴν
647 1524 834 1592 σχέσιν
891 1522 990 1593 τὴν
1029 1522 1223 1578 ἑαυτου
1262 1524 1400 1595 πρὸς
1437 1525 1599 1580 αὐτὸν
1640 1527 1857 1599 Ἰσραὴλ
1897 1527 1987 1582 τὸν

408 1612 548 1667 κατά
582 1614 863 1686 προκοπήν
903 1614 1160 1685 λεχθέντα
1218 1615 1450 1670 ἐνταῦθα
1507 1620 1911 1691 ὑπομιμνήσκει
1959 1624 1987 1674 6

407 1705 559 1772 Θεὸς,
582 1706 748 1761 παῖδα
776 1707 939 1760 αὑτὸν
968 1707 1278 1773 ἀποκαλῶν,
1303 1710 1404 1763 οὑκ
1433 1710 1491 1777 ἐξ
1521 1711 1664 1782 ὠνῆς
1692 1711 1981 1783 κτηθέντα,

406 1799 513 1852 οὐδ’
552 1799 833 1872 ἀλλότριον
858 1800 1298 1872 περιποιηθέντα,
1334 1802 1448 1856 ἀλλ’
1484 1804 1559 1868 ὡς
1606 1804 1718 1858 υἱὸν
1749 1805 1853 1858 ὑπὸ
1877 1823 1984 1859 πα-

2158 1233 2329 1291 Vnus.
2363 1234 2418 1291 2.
2463 1232 2539 1290 De
2567 1232 2712 1304 Cyro
2775 1225 3193 1303 agitur,‘qu'em
3227 1234 3353 1304 jure
3379 1226 3440 1287 in
3488 1227 3666 1307 Baby-

2089 1325 2268 1381 lonem
2300 1325 2606 1380 suscitavit.
2625 1354 2697 1364 —
2718 1322 2919 1379 Multos
2952 1324 3126 1394 ipsius
3154 1324 3385 1395 imperio
3411 1324 3665 1396 subjecit,

2090 1427 2148 1473 ut
2171 1418 2367 1475 merito
2389 1417 2721 1490 Babylonem
2755 1423 3047 1474 everteret.

2161 1532 2326 1590 Vsus.
2359 1532 2412 1587 8.
2457 1531 2700 1589 Affectus
2752 1548 2885 1589 suos
2935 1532 2993 1587 in
3052 1531 3221 1587 Israel
3254 1540 3524 1588 memorat
3576 1532 3670 1589 hic

2091 1626 2254 1692 Deus,
2280 1625 2386 1681 hoc
2413 1633 2498 1681 est
2529 1624 2586 1680 in
2628 1625 2780 1695 ipsos
2813 1624 3112 1681 lsraelitas.
3146 1622 3382 1679 Puerum
3418 1638 3542 1679 eum
3570 1640 3670 1679 vo-

2089 1726 2211 1785 cat,
2242 1732 2353 1773 non
2386 1717 2612 1789 pecunia
2646 1724 2914 1788 emptum,
2964 1733 3074 1772 non
3117 1717 3185 1772 ab
3228 1717 3409 1772 alieno
3459 1718 3517 1772 in
3566 1732 3669 1772 sua

2089 1818 2389 1881 receptum,
2418 1809 2513 1866 sed
2538 1817 2597 1865 ut
2627 1808 2827 1865 Filium
2861 1825 2891 1865 a
2927 1808 3091 1865 Patre
3124 1814 3471 1878 susceptum;
3502 1824 3667 1880 quem

406 1891 533 1963 τρδς
584 1892 1018 1964 προσληφθέντα,
1066 1892 1125 1946 δν
1170 1895 1264 1949 καὶ
1303 1892 1497 1949 Ἰακὼὸ
1541 1895 1726 1960 καλεῖ,
1776 1896 1983 1950 ἐκείνου

2093 1912 2141 1958 et
2163 1902 2333 1959 Jacob
2361 1902 2496 1959 dicit
2514 1904 2557 1935 ¹⁸
2632 1903 2758 1958 'uod
2778 1903 2871 1959 hic
2891 1901 3074 1958 Patris
3104 1901 3305 1969 haeres,
3327 1900 3515 1958 eadem
3547 1917 3669 1958 sor-

407 1985 535 2039 όντα
582 1983 823 2055 διάδοχον
851 2023 868 2051 ,
923 1986 1019 2039 καὶ
1075 1986 1134 2041 ἐν
1166 1986 1245 2058 τῷ
1272 1987 1460 2059 κλήρῳ
1512 1987 1620 2043 τῶν
1660 1989 1866 2043 ἐκείνου
1893 2006 1985 2043 τεο

408 2093 621 2131 Αουντα.

477 2188 591 2261 Τὴν
617 2187 770 2261 παρά
801 2187 896 2243 τοῦ
925 2188 1060 2244 Θεοῦ
1090 2190 1264 2262 ῥοπὴν
1307 2190 1491 2255 αὐτοῖς
1527 2191 1843 2263 γινομένην,
1892 2192 1987 2245 καὶ

405 2279 503 2353 τὴν
531 2282 673 2335 κατὰ
700 2281 808 2336 τῶν
856 2281 1066 2354 ἐχθρῶν
1112 2283 1324 2355 ἄμυναν
1378 2283 1740 2344 ἐκδιδάσκων,
1789 2283 1988 2348 αὑτοὺς

407 2371 630 2446 θαρῤεῖν
662 2373 1131 2445 παρακελεύεται*
1177 2373 1320 2445 Ἐγὼ
1363 2375 1495 2447 γὰρ,
1551 2375 1738 2446 φησὶν,
1784 2374 1987 2448 ἐθέμην

409 2482 469 2520 σε
499 2466 674 2531 οὕτως
707 2467 914 2538 ἰσχύειν
949 2468 1093 2521 κατὰ
1136 2468 1246 2522 τῶν
1275 2468 1519 2541 ἐχθρῶν,
1549 2469 1625 2532 ὡς
1668 2468 1734 2522 ἂν
1761 2470 1990 2540 τροχοὺς

408 2559 662 2632 σιδηροῦς
708 2561 1145 2633 πριστηροειδείς
1189 2560 1526 2633 καταλάὅῃς,
1561 2562 1658 2615 καὶ
1698 2561 1877 2614 πάντα
1921 2561 1990 2614 τὰ

407 2651 533 2724 ἐθνη
568 2669 645 2705 σοι
697 2652 1054 2724 ὑποϐεϐηκὼς
1083 2655 1165 2717 εἰς
1204 2653 1266 2707 τὸ
1298 2652 1685 2723 καταπατῆσαι
1713 2652 1882 2707 αὑτά·
1924 2652 1990 2709 τὰ

404 2744 582 2799 τοίνυν
605 2746 872 2817 αἰρόμενα
911 2746 1250 2817 φρυάγματα
1282 2746 1359 2809 ὼς
1392 2745 1496 2817 ὅρη
1528 2746 1626 2799 καὶ
1659 2745 1785 2810 τοὺς
1818 2743 1992 2815 ὑψαύ-

405 2855 568 2909 χενας
594 2839 890 2911 λογισμοὺς
921 2838 1135 2908 βουνοῖς
1165 2837 1688 2911 παραϐαλλομένους
1717 2837 1859 2892 οὓτω
1882 2855 1991 2891 πα-

405 2932 590 3000 τήσεις
623 2932 718 2984 καὶ
748 2932 828 2995 εἰς
860 2930 1011 2984 οὐδὲν
1047 2930 1350 2996 ἀποδείξεις
1371 2972 1384 2994 ,
1420 2932 1496 2995 ὡς
1530 2932 1679 2985 κόνει
1711 2931 1993 3003 παραϐάλ-

406 3022 624 3077 λεσθαι·
666 3024 694 3076 ὂ
725 3026 791 3095 δὴ
822 3024 917 3078 καὶ
957 3024 1183 3094 γέγονεν
1231 3024 1325 3077 ἐπὶ
1349 3023 1443 3079 τοῦ
1503 3026 1821 3097 Ἀσσυρίου·
1859 3025 1993 3099 μηδὲ

405 3117 514 3186 γὰρ
543 3116 954 3189 πολεμήσαντος
982 3115 1078 3170 τοῦ
1110 3116 1346 3189 Ἰσραὴλ,
1383 3118 1516 3190 μηδὲ
1545 3118 1989 3193 ἀντιπαραταξα-

2086 1995 2239 2052 titus.

2161 2196 2330 2254 Vrsas.
2354 2197 2441 2252 15.
2462 2196 2599 2253 Cum
2628 2212 2726 2254 eos
2748 2212 2778 2252 a
2805 2197 2918 2254 Deo
2945 2196 3165 2268 adjutos
3187 2194 3367 2258 docet,
3397 2200 3451 2249 et
3476 2199 3668 2248 contra

2087 2292 2327 2347 hostium
2356 2292 2614 2349 incursus
2642 2291 2920 2357 defensos,
2956 2291 3212 2346 fiduciam
3250 2288 3386 2358 ipsis
3416 2294 3666 2342 renovat.

2086 2385 2449 2457 Ego,inquit,
2476 2393 2689 2439 tantum
2721 2384 2822 2440 tibi
2849 2384 2904 2439 in
2939 2384 3128 2440 hostes
3157 2382 3329 2437 robur
3350 2381 3577 2445 contuli,
3609 2385 3672 2434 ut

2086 2485 2238 2529 rotas
2292 2475 2497 2530 ferreas
2539 2475 2596 2529 in
2653 2489 2934 2530 serrarum
2984 2473 3210 2529 modum
3262 2471 3541 2541 accepisse
3592 2469 3673 2525 sis

2086 2565 2261 2629 visus,
2293 2571 2349 2621 et
2400 2571 2592 2635 gentes
2622 2579 2815 2620 omnes
2847 2564 2945 2618 tibi
2998 2562 3406 2619 conculcandas
3446 2560 3670 2615 tradidi.

2089 2654 2440 2713 Insolentiam
2473 2656 2619 2711 velut
2644 2663 2857 2711 montes
2880 2661 3307 2725 consurgentem
3337 2660 3390 2707 et
3407 2651 3674 2722 superbas

2091 2753 2302 2803 mentes
2353 2746 2497 2802 sicut
2535 2745 2706 2800 colles
2761 2745 2971 2806 elatas,
3024 2743 3103 2798 ita
3145 2742 3467 2808 triturabis,
3514 2748 3568 2796 et
3614 2739 3671 2794 in

2090 2841 2322 2896 nihilum
2384 2838 2624 2910 rediges,
2663 2848 2724 2893 ut
2782 2853 2907 2892 cum
2966 2837 3191 2909 pulvere
3245 2842 3673 2906 componantur.

2091 2933 2246 3001 Quod
2300 2932 2522 3004 quidem
2553 2932 2613 2986 in
2662 2929 2924 3003 Assyrios
2975 2929 3180 2986 factum
3225 2937 3348 2986 est:
3400 2942 3527 2982 nam
3573 2940 3677 2981 nec

2091 3033 2373 3097 pugnante
2400 3024 2594 3088 Israel,
2644 3038 2748 3080 nec
2785 3025 2958 3079 aciem
2989 3023 3305 3086 ordinante,
3340 3020 3527 3075 videre
3558 3025 3679 3072 erat

2092 3133 2351 3189 campum
2405 3116 2518 3172 late
2564 3116 2893 3187 corporibus
2946 3121 3324 3176 constratum,
3373 3125 3498 3166 cum
3558 3109 3679 3178 ipse

409 3210 571 3282 μένου
616 3210 837 3275 τούτου,
872 3209 1031 3283 ὤφθη
1073 3211 1135 3265 τὸ
1184 3210 1367 3264 πεδίον
1407 3211 1616 3284 νεκρῶν
1658 3212 1987 3286 πλεπληρω-

2093 3208 2346 3265 Christus
2385 3221 2555 3263 manu
2601 3221 2701 3263 sua
2743 3213 2963 3262 centum
3018 3212 3072 3259 et
3108 3202 3390 3274 octoginta
3431 3199 3679 3270 quinque

410 3303 591 3375 μένον,
640 3303 880 3376 Χριστοῦ
930 3302 1075 3376 χειρί
1122 3302 1368 3376 κρυφαίᾳ
1426 3304 1618 3357 ἑκατὸν
1659 3304 1989 3377 ὀγδοήκοντα

409 3396 569 3451 πέντε
602 3396 840 3467 χιλιάδας
879 3395 1161 3459 ἀνελόντος
1182 3412 1195 3425 ·
1229 3395 1305 3459 ὡς
1332 3394 1424 3450 τὸν
1468 3394 1686 3468 Ἰσραὴλ
1720 3396 1883 3468 μόνον
1910 3399 1990 3461 εἰς

408 3489 535 3544 θέαν
586 3489 816 3561 ἐκϐῆναι
846 3488 941 3543 τοῦ
973 3488 1116 3543 οὕτω
1158 3487 1396 3560 μεγάλου
1450 3489 1795 3561 παραδόξου,
1832 3492 1994 3544 ἐπευ-

408 3582 766 3654 φραινόμενον
792 3583 885 3635 ἐπὶ
908 3583 976 3654 τῇ
1008 3580 1151 3635 οὕτω
1182 3581 1333 3653 παρά
1360 3580 1453 3634 τοῦ
1491 3582 1626 3636 Θεοῦ
1658 3583 1960 3654 ἀντιλήψει.

477 3720 559 3775 Τά
585 3721 1013 3793 καταληψόμενα
1044 3722 1239 3786 αὐτοὺς
1266 3723 1392 3787 τοὺς
1418 3722 1646 3796 ἐχθροὺς
1672 3725 1850 3779 αὑτῶν
1878 3725 1993 3780 δια-

410 3814 625 3885 γορεύει
660 3816 688 3868 6
718 3814 894 3883 λόγος.

479 3926 589 3998 Τὴν
618 3926 709 3980 τοῦ
744 3927 1030 4000 ’Λσσυρίου
1069 3928 1165 3981 καὶ
1195 3927 1295 4000 τὴν
1316 3928 1427 3983 τῶν
1462 3931 1774 3999 Αἰγυπτίων
1806 3929 1993 4001 ἔφοδον

409 4017 603 4090 γνώμῃ
658 4018 823 4072 αὑτοῦ
875 4018 1208 4090 γεγενῆσθαι
1265 4021 1628 4094 ὑπαγορεύει·
1671 4022 1806 4077 Οὐδὲ
1846 4024 1990 4095 γὰρ,

410 4110 596 4181 φησὶν,
635 4105 780 4165 οὗτοι
829 4110 1084 4181 εἰσῄεσαν
1115 4111 1203 4177 ἂν,
1233 4115 1280 4166 εἰ
1318 4114 1392 4186 μή
1448 4132 1513 4184 γε
1543 4114 1706 4179 αὐτὸς
1752 4114 1992 4169 ἀνεδίδου

407 4202 595 4266 αὑτοῖς
611 4202 753 4257 κατά
787 4203 1172 4277 συγχώρησιν·
1226 4205 1302 4270 ὡς
1333 4207 1459 4277 ἐμοὶ
1495 4207 1675 4261 τοίνυν
1720 4207 1995 4262 διακονού-

410 4309 586 4364 μενοι,
615 4293 859 4365 ἰσχύουσι
884 4294 1002 4349 καθ’
1032 4295 1184 4366 ὑμῶν
1216 4295 1292 4360 ὡς
1330 4298 1471 4352 κατά
1511 4297 1684 4370 πηλοῦ
1715 4298 1774 4353 ὃν
1804 4302 1994 4354 πατεῖν

408 4384 758 4455 μελλήσουσι.
795 4388 1063 4460 Παρέστω
1091 4389 1270 4444 τοίνυν
1306 4392 1402 4445 καὶ
1432 4389 1542 4445 τῶν
1580 4390 1752 4445 ἐθνῶν
1773 4409 1858 4457 τις
1878 4394 1995 4465 ’πρὸ

408 4474 624 4531 αἰώνων
654 4476 792 4531 ὅλων
809 4478 879 4532 τὰ
898 4481 1161 4551 μέλλοντα
1190 4480 1413 4536 ἔσεσθαι
1442 4481 1742 4556 προλέξων·
1769 4485 1865 4539 καὶ
1887 4485 1996 4539 δει-

2092 3301 2262 3356 millia
2289 3300 2705 3372 prostravisset,
2738 3299 2813 3353 ita
2846 3306 2905 3352 ut
2933 3296 3069 3351 nihil
3120 3295 3269 3350 aliud
3298 3292 3677 3349 Israelitarum

2092 3393 2278 3459 fuerit,
2324 3400 2524 3463 praeter
2568 3390 2637 3446 ad
2685 3388 3171 3460 contemplandum
3227 3393 3440 3442 tantum
3486 3382 3678 3455 prodi—

2091 3485 2241 3558 gium
2269 3483 2476 3555 egredi,
2518 3482 2663 3538 etde
2696 3489 2851 3536 tanto
2882 3479 2976 3535 Dei
3009 3478 3195 3535 studio
3229 3474 3529 3531 exsultare.

2164 3722 2331 3778 Vsus.
2373 3722 2463 3778 17.
2497 3720 2852 3777 Calamitates
2893 3716 3147 3774 hostibus
3200 3715 3550 3771 imminentes
3581 3714 3677 3770 de-

2093 3817 2313 3872 nuntiat
2343 3815 2628 3887 propheta.
2657 3798 2665 3806 ’

2166 3929 2335 3985 Vens.
2380 3926 2472 3983 26.
2517 3927 2870 4000 Assyriorum
2900 3933 2955 3983 et
3002 3923 3388 3997 Egyptiorum
3419 3921 3680 3980 incursus

2095 4020 2207 4077 Deo
2246 4020 2475 4091 iubente
2503 4018 2681 4075 factos
2727 4018 2901 4075 fuisse
2930 4015 3196 4072 declarat.
3244 4012 3367 4069 Non
3416 4013 3675 4081 fuissenz,

2095 4114 2191 4178 ait,
2227 4112 2370 4168 hanc
2402 4119 2607 4167 terram
2661 4109 2920 4182 ingressi,
2952 4108 3062 4164 nisi
3092 4108 3197 4163 hoc
3244 4108 3361 4177 ipse
3387 4107 3682 4164 concedis-

2095 4220 2231 4261 sem.
2261 4203 2447 4260 Donec
2480 4205 2648 4275 igitur
2677 4202 2815 4257 mihi
2852 4200 3229 4267 inservierint,
3272 4199 3536 4255 valebunt
3577 4200 3681 4255 ad-

2096 4312 2291 4353 versus
2324 4311 2424 4352 vos
2454 4305 2517 4352 ut
2556 4297 2613 4351 in
2663 4295 2837 4349 lutum
2893 4292 3041 4365 quod
3084 4292 3470 4349 conculcaturi
3527 4307 3678 4349 sunt.

2095 4390 2364 4447 Procedat
2394 4388 2521 4445 ideo
2552 4388 2638 4443 vel
2667 4404 2736 4444 ex
2768 4387 3026 4459 gentibus
3047 4386 3142 4458 qui
3180 4383 3366 4441 futura
3405 4391 3533 4441 ante
3561 4401 3684 4441 om-

2094 4481 2185 4536 nia
2233 4481 2433 4538 saecula
2477 4480 2767 4551 praedicet.
2799 4477 3052 4535 Ostendit
3089 4493 3183 4534 eos
3224 4492 3347 4533 esse
3395 4476 3672 4535 daemones

411 4568 576 4636 ξάτω,
593 4569 668 4635 ὡς
696 4566 877 4625 οἷοίτε
899 4573 1117 4629 ἔσονται
1150 4575 1592 4648 προαπαγγεῖλαι
1615 4574 1804 4650 ὥσπερ
1831 4576 1989 4641 ἰδίους

2100 4574 2197 4645 qui
2246 4581 2479 4630 ventura
2525 4573 2887 4645 praedicerent
2939 4572 3100 4642 quasi
3147 4570 3387 4628 fuissent
3424 4570 3495 4626 ab
3542 4570 3679 4641 ipsis

408 4661 570 4732 ὄρους
616 4664 696 4728 εἰς
736 4662 897 4735 ἔργον
943 4666 1238 4737 μέλλοντας
1278 4671 1659 4741 προχωρήσειν
1681 4686 1694 4700 ·
1737 4669 1831 4723 καὶ
1882 4669 1992 4743 γὰρ

407 4754 459 4805 οἰ
492 4753 767 4826 δαίμονες,
800 4756 906 4810 κᾶν
939 4758 1249 4829 προλέγωσί
1295 4777 1451 4827 τινα,
1483 4761 1585 4815 οὑκ
1634 4762 1812 4816 αὑτῶν
1854 4761 1993 4835 ἔργα

410 4846 782 4918 προλέξουσιν,
814 4848 928 4903 ἀλλ’
963 4850 1254 4923 ἀλλοτρίας
1300 4852 1530 4924 πράξεις
1562 4855 1858 4926 μηνύουσιν
1878 4871 1892 4886 ·
1927 4856 1989 4909 οὑ

408 4938 586 4992 τοίνυν
606 4934 748 4994 οὗτοι
764 4941 1164 5012 ἀπαγγέλλουσί
1178 4961 1230 4996 τι
1252 4943 1402 5008 ἴδιον,
1420 4944 1539 4997 οὐδὲ
1556 4945 1766 5010 ἕξουσιν
1786 4948 1990 5019 ἀκροα-

409 5032 509 5097 τάς
536 5034 661 5098 τοὺς
692 5033 1067 5106 διακρίνοντας
1093 5035 1153 5089 τὸ
1184 5035 1378 5106 ψεῦδος
1406 5037 1513 5090 ἀπὸ
1544 5038 1638 5091 τοῦ
1667 5039 1923 5111 ἀληθοῦς.

481 5166 601 5220 Τῶν
644 5167 748 5221 ὑπὸ
779 5168 874 5222 τοῦ
920 5168 1057 5223 Θεοῦ
1095 5168 1155 5234 ἐξ
1205 5170 1382 5241 ἀρχῆς
1438 5172 1892 5242 παρασχεθέντων
1927 5176 1992 5244 τῇ

422 5258 779 5331 Ἰερουσαλὴμ
804 5259 880 5324 ὼς
911 5260 1124 5331 ἀνῆπτο
1150 5262 1315 5315 παντί
1344 5260 1423 5331 τῷ
1451 5261 1642 5334 κόσμῳ
1663 5262 1996 5333 θεογνωσίας

411 5349 673 5423 λαμπτὴρ
693 5368 706 5382 ·
736 5353 830 5406 καὶ
863 5350 940 5415 ὼς
972 5353 1155 5406 ἐκεῖσε
1189 5356 1222 5424 ή
1270 5352 1364 5407 τοῦ
1406 5352 1540 5407 Θεοῦ
1586 5354 1747 5426 χάρις
1778 5355 1995 5425 μυρίοις

415 5440 720 5514 συνθήμασι
754 5446 1288 5519 κατακεκοσμημένη
1318 5446 1728 5517 ὑπομιμνήσκει
1760 5447 1954 5511 αὐτούς
1975 5464 1988 5477 ·

412 5534 534 5587 ὅθεν
582 5536 675 5588 καὶ
712 5537 790 5600 ὠς
837 5537 1000 5591 πάλιν
1030 5538 1167 5609 μετά
1209 5538 1309 5610 τὴν
1353 5541 1417 5592 ἐκ
1461 5539 1558 5609 τῆς
1614 5536 1993 5609 αἰχμαλωσίας

414 5624 671 5679 ἐπάνοδον
697 5627 806 5680 τῶν
839 5628 1021 5683 αὑτῶν
1059 5630 1306 5696 ἠξιοῦτο·
1339 5632 1397 5684 οὑ
1450 5629 1555 5702 μὴν
1589 5630 1724 5684 ἁλλά
1767 5628 1861 5683 καὶ
1897 5630 1992 5683 ἐπὶ

498 5820 768 5881 “Coloss.
818 5839 901 5890 ιιι,
935 5826 990 5892 9,
1027 5828 1111 5882 10.
1195 5826 1394 5884 "Gen.
1430 5844 1517 5891 xv,
1549 5828 1597 5883 4.

2100 4664 2366 4731 definita;
2415 4680 2538 4720 nam
2581 4665 2667 4719 vel
2712 4665 2758 4720 si
2802 4664 2943 4720 forte
2986 4664 3118 4734 quid
3164 4654 3675 4733 prmnuntiaverint,

2099 4774 2210 4813 non
2246 4772 2346 4814 sua
2379 4771 2570 4827 opera,
2604 4756 2702 4813 sed
2734 4757 2912 4812 aliena
2949 4755 3209 4812 referent.
3253 4754 3372 4809 Non
3400 4761 3485 4809 est
3520 4753 3685 4825 igitur

2098 4851 2245 4922 quod
2279 4865 2439 4907 suum
2485 4848 2693 4920 aliquid
2737 4849 3099 4913 annuntient,
3131 4863 3234 4904 nec
3286 4847 3491 4902 habent
3523 4845 3685 4901 audi-

2100 4952 2248 5001 tores
2276 4945 2371 5016 qui
2404 4942 2543 5000 falsa
2566 4959 2597 4998 e
2624 4943 2772 4998 veris
2806 4948 3039 5012 possent
3065 4939 3430 5011 distinguere.

2172 5164 2339 5222 Vens.
2366 5164 2458 5220 27.
2491 5165 2624 5231 Quae
2654 5164 2770 5235 ipse
2811 5160 2960 5219 Deus
2995 5177 3025 5215 a
3068 5160 3341 5235 principio
3379 5158 3684 5215 Jerusalem

2101 5244 2514 5331 praeparaverit,
2540 5264 2601 5313 ut
2632 5258 2841 5329 lampas
2868 5270 3012 5312 verae
3039 5253 3165 5310 fidei
3198 5260 3375 5308 totum
3412 5260 3685 5307 terrarum

2101 5352 2293 5406 orbem
2341 5349 2645 5416 illuminet,
2685 5357 2819 5420 quot
2851 5355 2907 5404 et
2938 5346 3161 5419 quantis
3205 5361 3305 5402 eos
3336 5345 3689 5401 exornaverit

2104 5441 2416 5509 beneficiis,
2452 5450 2760 5509 memorat;
2795 5455 2900 5498 nec
2942 5440 3156 5495 minora
3181 5453 3241 5495 se
3270 5437 3339 5494 de
3371 5435 3688 5507 captivitate

2100 5532 2401 5591 reducibus
2446 5535 2773 5607 largiturum
2824 5531 3135 5590 denuntiat.
3180 5529 3493 5602 Praeprimis
3556 5542 3690 5583 vero

2100 5626 2353 5700 prmdicit
2391 5628 2643 5701 insuper,
2671 5626 2983 5685 Salvatoris.
3019 5625 3248 5698 gratiam
3283 5624 3338 5679 in
3372 5621 3504 5678 Sion
3536 5620 3691 5692 prin-
