  <div class='ocr_page' id='page_1' title='image "/cluster/home/n/w/nwhite01/storage/ocr_20150623/18/coo.31924054872985/681.png"; bbox 0 0 4138 6430; ppageno 0'>
   <div class='ocr_carea' id='block_1_1' title="bbox 474 396 610 453">
    <p class='ocr_par' dir='ltr' id='par_1_1' title="bbox 474 396 610 453">
     <span class='ocr_line' id='line_1_1' title="bbox 474 396 610 453; baseline 0.015 -2"><span class='ocrx_word' id='word_1_1' title='bbox 474 396 499 451; x_wconf 79' lang='grc'><strong>1</strong></span> <span class='ocrx_word' id='word_1_2' title='bbox 508 397 610 453; x_wconf 69' lang='grc' dir='ltr'><strong>5τὶ</strong></span> 
     </span>
    </p>
   </div>
   <div class='ocr_carea' id='block_1_2' title="bbox 1561 378 2479 447">
    <p class='ocr_par' dir='ltr' id='par_1_2' title="bbox 1561 378 2479 447">
     <span class='ocr_line' id='line_1_2' title="bbox 1561 378 2479 447; baseline -0.014 -1"><span class='ocrx_word' id='word_1_3' title='bbox 1561 388 1914 447; x_wconf 79' lang='lat' dir='ltr'><strong>TllEODORl</strong></span> <span class='ocrx_word' id='word_1_4' title='bbox 1954 378 2479 441; x_wconf 73' lang='lat' dir='ltr'><strong>llER.\CLEENSIS</strong></span> 
     </span>
    </p>
   </div>
   <div class='ocr_carea' id='block_1_3' title="bbox 3600 371 3736 428">
    <p class='ocr_par' dir='ltr' id='par_1_3' title="bbox 3600 371 3736 428">
     <span class='ocr_line' id='line_1_3' title="bbox 3600 371 3736 428; baseline 0.015 -4"><span class='ocrx_word' id='word_1_5' title='bbox 3600 371 3736 428; x_wconf 69' lang='lat'><strong>{536</strong></span> 
     </span>
    </p>
   </div>
   <div class='ocr_carea' id='block_1_4' title="bbox 472 488 2058 582">
    <p class='ocr_par' dir='ltr' id='par_1_4' title="bbox 472 512 2049 582">
     <span class='ocr_line' id='line_1_4' title="bbox 472 512 2049 582; baseline -0.004 -14"><span class='ocrx_word' id='word_1_6' title='bbox 472 512 619 582; x_wconf 71' lang='lat' dir='ltr'><strong>cipio</strong></span> <span class='ocrx_word' id='word_1_7' title='bbox 666 524 986 568; x_wconf 63' lang='lat' dir='ltr'><strong>venturam-</strong></span> <span class='ocrx_word' id='word_1_8' title='bbox 1028 522 1082 568; x_wconf 88' lang='lat' dir='ltr'><strong>et</strong></span> <span class='ocrx_word' id='word_1_9' title='bbox 1150 513 1226 568; x_wconf 87' lang='lat' dir='ltr'><strong>ita</strong></span> <span class='ocrx_word' id='word_1_10' title='bbox 1291 527 1486 569; x_wconf 90' lang='lat' dir='ltr'><strong>omnes</strong></span> <span class='ocrx_word' id='word_1_11' title='bbox 1537 513 1666 570; x_wconf 89' lang='lat' dir='ltr'><strong>dein</strong></span> <span class='ocrx_word' id='word_1_12' title='bbox 1729 513 2049 567; x_wconf 83' lang='lat' dir='ltr'><strong>invasuram</strong></span> 
     </span>
    </p>
   </div>
   <div class='ocr_carea' id='block_1_5' title="bbox 2145 488 3737 582">
    <p class='ocr_par' dir='ltr' id='par_1_5' title="bbox 2154 488 3737 582">
     <span class='ocr_line' id='line_1_5' title="bbox 2154 488 3737 582; baseline -0.015 -25"><span class='ocrx_word' id='word_1_13' title='bbox 2154 503 2364 565; x_wconf 85' lang='grc' dir='ltr'><strong>τούτοις</strong></span> <span class='ocrx_word' id='word_1_14' title='bbox 2411 494 2776 571; x_wconf 81' lang='grc' dir='ltr'><strong>προαγορεύει</strong></span> <span class='ocrx_word' id='word_1_15' title='bbox 2817 494 2918 565; x_wconf 81' lang='grc' dir='ltr'>τὴν</span> <span class='ocrx_word' id='word_1_16' title='bbox 2950 492 3044 545; x_wconf 89' lang='grc' dir='ltr'><strong>τοῦ</strong></span> <span class='ocrx_word' id='word_1_17' title='bbox 3087 492 3338 563; x_wconf 81' lang='grc' dir='ltr'><strong>Σωτῆρος</strong></span> <span class='ocrx_word' id='word_1_18' title='bbox 3552 490 3737 564; x_wconf 41' lang='lat' dir='ltr'><strong>amca-</strong></span> 
     </span>
    </p>
   </div>
   <div class='ocr_carea' id='block_1_6' title="bbox 472 612 681 672">
    <p class='ocr_par' dir='ltr' id='par_1_6' title="bbox 472 612 681 672">
     <span class='ocr_line' id='line_1_6' title="bbox 472 612 681 672; baseline 0 -15"><span class='ocrx_word' id='word_1_19' title='bbox 472 612 681 672; x_wconf 84' lang='lat' dir='ltr'><strong>gentes.</strong></span> 
     </span>
    </p>
   </div>
   <div class='ocr_carea' id='block_1_7' title="bbox 545 804 2050 873">
    <p class='ocr_par' dir='ltr' id='par_1_7' title="bbox 545 804 2050 873">
     <span class='ocr_line' id='line_1_7' title="bbox 545 804 2050 873; baseline 0 -13"><span class='ocrx_word' id='word_1_20' title='bbox 545 805 674 860; x_wconf 75' lang='lat' dir='ltr'><strong>CAP.</strong></span> <span class='ocrx_word' id='word_1_21' title='bbox 710 804 882 869; x_wconf 84' lang='lat' dir='ltr'><strong>XLII,</strong></span> <span class='ocrx_word' id='word_1_22' title='bbox 916 805 1085 861; x_wconf 70' lang='lat' dir='ltr'><strong>Vens.</strong></span> <span class='ocrx_word' id='word_1_23' title='bbox 1130 805 1219 861; x_wconf 82' lang='grc'><strong>10.</strong></span> <span class='ocrx_word' id='word_1_24' title='bbox 1255 805 1376 873; x_wconf 82' lang='lat' dir='ltr'><strong>Quo</strong></span> <span class='ocrx_word' id='word_1_25' title='bbox 1422 805 1568 861; x_wconf 91' lang='lat' dir='ltr'><strong>enim</strong></span> <span class='ocrx_word' id='word_1_26' title='bbox 1615 805 1777 860; x_wconf 89' lang='lat' dir='ltr'><strong>modo</strong></span> <span class='ocrx_word' id='word_1_27' title='bbox 1815 813 1869 860; x_wconf 87' lang='lat' dir='ltr'><strong>et</strong></span> <span class='ocrx_word' id='word_1_28' title='bbox 1901 819 2050 860; x_wconf 89' lang='lat' dir='ltr'><strong>nunc</strong></span> 
     </span>
    </p>
   </div>
   <div class='ocr_carea' id='block_1_8' title="bbox 472 895 2048 969">
    <p class='ocr_par' dir='ltr' id='par_1_8' title="bbox 472 895 2048 969">
     <span class='ocr_line' id='line_1_8' title="bbox 472 895 2048 969; baseline 0.002 -22"><span class='ocrx_word' id='word_1_29' title='bbox 472 895 735 965; x_wconf 89' lang='lat' dir='ltr'><strong>propheta</strong></span> <span class='ocrx_word' id='word_1_30' title='bbox 762 935 778 960; x_wconf 91' lang='lat'><strong>,</strong></span> <span class='ocrx_word' id='word_1_31' title='bbox 832 896 925 951; x_wconf 89' lang='lat' dir='ltr'><strong>ubi</strong></span> <span class='ocrx_word' id='word_1_32' title='bbox 960 897 1038 955; x_wconf 89' lang='lat' dir='ltr'><strong>.de</strong></span> <span class='ocrx_word' id='word_1_33' title='bbox 1079 895 1364 969; x_wconf 82' lang='lat' dir='ltr'><strong>Salvatore</strong></span> <span class='ocrx_word' id='word_1_34' title='bbox 1419 905 1614 951; x_wconf 89' lang='lat' dir='ltr'><strong>nostro</strong></span> <span class='ocrx_word' id='word_1_35' title='bbox 1654 896 1929 964; x_wconf 91' lang='lat' dir='ltr'><strong>audierit,</strong></span> <span class='ocrx_word' id='word_1_36' title='bbox 1980 896 2048 950; x_wconf 91' lang='lat' dir='ltr'><strong>ad</strong></span> 
     </span>
    </p>
   </div>
   <div class='ocr_carea' id='block_1_9' title="bbox 473 986 2049 1045">
    <p class='ocr_par' dir='ltr' id='par_1_9' title="bbox 473 986 2049 1045">
     <span class='ocr_line' id='line_1_9' title="bbox 473 986 2049 1045; baseline 0.003 -6"><span class='ocrx_word' id='word_1_37' title='bbox 473 986 728 1042; x_wconf 85' lang='lat' dir='ltr'><strong>ditandos</strong></span> <span class='ocrx_word' id='word_1_38' title='bbox 750 1002 853 1044; x_wconf 87' lang='lat' dir='ltr'><strong>nos</strong></span> <span class='ocrx_word' id='word_1_39' title='bbox 883 997 939 1042; x_wconf 90' lang='lat' dir='ltr'><strong>et</strong></span> <span class='ocrx_word' id='word_1_40' title='bbox 966 988 1035 1043; x_wconf 90' lang='lat' dir='ltr'><strong>ad</strong></span> <span class='ocrx_word' id='word_1_41' title='bbox 1075 987 1368 1044; x_wconf 87' lang='lat' dir='ltr'><strong>salvandas</strong></span> <span class='ocrx_word' id='word_1_42' title='bbox 1400 988 1614 1045; x_wconf 87' lang='lat' dir='ltr'><strong>animas</strong></span> <span class='ocrx_word' id='word_1_43' title='bbox 1669 1001 1890 1045; x_wconf 86' lang='lat' dir='ltr'><strong>nostras</strong></span> <span class='ocrx_word' id='word_1_44' title='bbox 1921 1006 2049 1045; x_wconf 86' lang='lat' dir='ltr'><strong>ven-</strong></span> 
     </span>
    </p>
   </div>
   <div class='ocr_carea' id='block_1_10' title="bbox 471 1076 2048 1145">
    <p class='ocr_par' dir='ltr' id='par_1_10' title="bbox 471 1076 2048 1145">
     <span class='ocr_line' id='line_1_10' title="bbox 471 1076 2048 1145; baseline 0.004 -18"><span class='ocrx_word' id='word_1_45' title='bbox 471 1083 619 1140; x_wconf 90' lang='lat' dir='ltr'><strong>turo,</strong></span> <span class='ocrx_word' id='word_1_46' title='bbox 657 1082 807 1129; x_wconf 86' lang='lat' dir='ltr'><strong>tanta</strong></span> <span class='ocrx_word' id='word_1_47' title='bbox 840 1076 932 1131; x_wconf 90' lang='lat' dir='ltr'><strong>Dei</strong></span> <span class='ocrx_word' id='word_1_48' title='bbox 972 1076 1345 1133; x_wconf 84' lang='lat' dir='ltr'><strong>misericordia</strong></span> <span class='ocrx_word' id='word_1_49' title='bbox 1374 1078 1557 1132; x_wconf 85' lang='lat' dir='ltr'><strong>animo</strong></span> <span class='ocrx_word' id='word_1_50' title='bbox 1585 1081 1891 1145; x_wconf 81' lang='lat' dir='ltr'><strong>exsultans,</strong></span> <span class='ocrx_word' id='word_1_51' title='bbox 1928 1081 2048 1134; x_wconf 88' lang='lat' dir='ltr'><strong>lau-</strong></span> 
     </span>
    </p>
   </div>
   <div class='ocr_carea' id='block_1_11' title="bbox 471 1165 2051 1243">
    <p class='ocr_par' dir='ltr' id='par_1_11' title="bbox 471 1165 2051 1243">
     <span class='ocr_line' id='line_1_11' title="bbox 471 1165 2051 1243; baseline 0.005 -24"><span class='ocrx_word' id='word_1_52' title='bbox 471 1165 571 1220; x_wconf 91' lang='lat' dir='ltr'><strong>des</strong></span> <span class='ocrx_word' id='word_1_53' title='bbox 619 1165 710 1221; x_wconf 86' lang='lat' dir='ltr'><strong>Dei</strong></span> <span class='ocrx_word' id='word_1_54' title='bbox 750 1174 806 1222; x_wconf 87' lang='lat' dir='ltr'><strong>et</strong></span> <span class='ocrx_word' id='word_1_55' title='bbox 852 1168 1082 1238; x_wconf 77' lang='lat' dir='ltr'><strong>gloriam</strong></span> <span class='ocrx_word' id='word_1_56' title='bbox 1138 1167 1519 1225; x_wconf 87' lang='lat' dir='ltr'><strong>celebraturus</strong></span> <span class='ocrx_word' id='word_1_57' title='bbox 1565 1171 1853 1243; x_wconf 79' lang='lat' dir='ltr'><strong>exsurgit;</strong></span> <span class='ocrx_word' id='word_1_58' title='bbox 1886 1172 1960 1225; x_wconf 89' lang='lat' dir='ltr'><strong>ita</strong></span> <span class='ocrx_word' id='word_1_59' title='bbox 1994 1179 2051 1227; x_wconf 85' lang='lat' dir='ltr'><strong>et</strong></span> 
     </span>
    </p>
   </div>
   <div class='ocr_carea' id='block_1_12' title="bbox 469 1257 2049 1335">
    <p class='ocr_par' dir='ltr' id='par_1_12' title="bbox 469 1257 2049 1335">
     <span class='ocr_line' id='line_1_12' title="bbox 469 1257 2049 1335; baseline 0.003 -23"><span class='ocrx_word' id='word_1_60' title='bbox 469 1257 611 1314; x_wconf 85' lang='lat' dir='ltr'><strong>alios</strong></span> <span class='ocrx_word' id='word_1_61' title='bbox 643 1267 924 1314; x_wconf 83' lang='lat' dir='ltr'><strong>cantatum</strong></span> <span class='ocrx_word' id='word_1_62' title='bbox 955 1268 1233 1331; x_wconf 87' lang='lat' dir='ltr'><strong>provocat.</strong></span> <span class='ocrx_word' id='word_1_63' title='bbox 1256 1260 1378 1315; x_wconf 83' lang='lat' dir='ltr'><strong>Non</strong></span> <span class='ocrx_word' id='word_1_64' title='bbox 1405 1261 1643 1332; x_wconf 87' lang='lat' dir='ltr'><strong>primum</strong></span> <span class='ocrx_word' id='word_1_65' title='bbox 1678 1279 1827 1318; x_wconf 91' lang='lat' dir='ltr'><strong>nunc</strong></span> <span class='ocrx_word' id='word_1_66' title='bbox 1857 1274 2049 1335; x_wconf 83' lang='lat' dir='ltr'><strong>regnat</strong></span> 
     </span>
    </p>
   </div>
   <div class='ocr_carea' id='block_1_13' title="bbox 469 1352 2049 1425">
    <p class='ocr_par' dir='ltr' id='par_1_13' title="bbox 469 1352 2049 1425">
     <span class='ocr_line' id='line_1_13' title="bbox 469 1352 2049 1425; baseline 0.003 -19"><span class='ocrx_word' id='word_1_67' title='bbox 469 1362 786 1422; x_wconf 89' lang='lat' dir='ltr'><strong>perspectus</strong></span> <span class='ocrx_word' id='word_1_68' title='bbox 817 1353 976 1408; x_wconf 66' lang='lat' dir='ltr'><strong>nobis</strong></span> <span class='ocrx_word' id='word_1_69' title='bbox 1006 1359 1060 1407; x_wconf 87' lang='lat' dir='ltr'><strong>et</strong></span> <span class='ocrx_word' id='word_1_70' title='bbox 1088 1354 1304 1424; x_wconf 84' lang='lat' dir='ltr'><strong>agnitus</strong></span> <span class='ocrx_word' id='word_1_71' title='bbox 1332 1352 1495 1421; x_wconf 90' lang='lat' dir='ltr'><strong>Deus,</strong></span> <span class='ocrx_word' id='word_1_72' title='bbox 1519 1355 1611 1410; x_wconf 92' lang='lat' dir='ltr'><strong>sed</strong></span> <span class='ocrx_word' id='word_1_73' title='bbox 1633 1356 1868 1425; x_wconf 90' lang='lat' dir='ltr'><strong>primum</strong></span> <span class='ocrx_word' id='word_1_74' title='bbox 1903 1370 2049 1411; x_wconf 89' lang='lat' dir='ltr'><strong>nunc</strong></span> 
     </span>
    </p>
   </div>
   <div class='ocr_carea' id='block_1_14' title="bbox 469 1442 2047 1520">
    <p class='ocr_par' dir='ltr' id='par_1_14' title="bbox 469 1442 2047 1520">
     <span class='ocr_line' id='line_1_14' title="bbox 469 1442 2047 1520; baseline 0.004 -24"><span class='ocrx_word' id='word_1_75' title='bbox 469 1442 781 1498; x_wconf 79' lang='lat' dir='ltr'><strong>extenditur</strong></span> <span class='ocrx_word' id='word_1_76' title='bbox 836 1445 889 1497; x_wconf 90' lang='lat' dir='ltr'><strong>in</strong></span> <span class='ocrx_word' id='word_1_77' title='bbox 930 1451 1203 1499; x_wconf 78' lang='lat' dir='ltr'><strong>extremas</strong></span> <span class='ocrx_word' id='word_1_78' title='bbox 1254 1447 1500 1501; x_wconf 91' lang='lat' dir='ltr'><strong>omnium</strong></span> <span class='ocrx_word' id='word_1_79' title='bbox 1556 1459 1828 1503; x_wconf 88' lang='lat' dir='ltr'><strong>terrarum</strong></span> <span class='ocrx_word' id='word_1_80' title='bbox 1860 1458 2047 1520; x_wconf 91' lang='lat' dir='ltr'><strong>partes</strong></span> 
     </span>
    </p>
   </div>
   <div class='ocr_carea' id='block_1_15' title="bbox 470 1535 2043 1613">
    <p class='ocr_par' dir='ltr' id='par_1_15' title="bbox 470 1535 2043 1613">
     <span class='ocr_line' id='line_1_15' title="bbox 470 1535 2043 1613; baseline 0.006 -26"><span class='ocrx_word' id='word_1_81' title='bbox 470 1535 694 1605; x_wconf 87' lang='lat' dir='ltr'><strong>antiqua</strong></span> <span class='ocrx_word' id='word_1_82' title='bbox 731 1535 850 1605; x_wconf 89' lang='lat' dir='ltr'><strong>ejus</strong></span> <span class='ocrx_word' id='word_1_83' title='bbox 880 1545 1125 1607; x_wconf 87' lang='lat' dir='ltr'><strong>potestas</strong></span> <span class='ocrx_word' id='word_1_84' title='bbox 1146 1578 1160 1603; x_wconf 93' lang='lat'><strong>,</strong></span> <span class='ocrx_word' id='word_1_85' title='bbox 1190 1539 1510 1596; x_wconf 70' lang='lat' dir='ltr'><strong>coelestibus</strong></span> <span class='ocrx_word' id='word_1_86' title='bbox 1546 1552 1791 1612; x_wconf 79' lang='lat' dir='ltr'><strong>accepta,</strong></span> <span class='ocrx_word' id='word_1_87' title='bbox 1815 1552 1869 1597; x_wconf 90' lang='lat' dir='ltr'><strong>et</strong></span> <span class='ocrx_word' id='word_1_88' title='bbox 1902 1543 2043 1613; x_wconf 88' lang='lat' dir='ltr'><strong>apud</strong></span> 
     </span>
    </p>
   </div>
   <div class='ocr_carea' id='block_1_16' title="bbox 469 1626 2045 1705">
    <p class='ocr_par' dir='ltr' id='par_1_16' title="bbox 469 1626 2045 1705">
     <span class='ocr_line' id='line_1_16' title="bbox 469 1626 2045 1705; baseline 0.006 -25"><span class='ocrx_word' id='word_1_89' title='bbox 469 1626 619 1697; x_wconf 90' lang='lat' dir='ltr'><strong>ipsos</strong></span> <span class='ocrx_word' id='word_1_90' title='bbox 684 1628 846 1683; x_wconf 85' lang='lat' dir='ltr'><strong>etiam</strong></span> <span class='ocrx_word' id='word_1_91' title='bbox 920 1629 1075 1699; x_wconf 89' lang='lat' dir='ltr'><strong>prius</strong></span> <span class='ocrx_word' id='word_1_92' title='bbox 1147 1630 1260 1699; x_wconf 90' lang='lat' dir='ltr'><strong>jam</strong></span> <span class='ocrx_word' id='word_1_93' title='bbox 1300 1632 1593 1688; x_wconf 83' lang='lat' dir='ltr'><strong>celebrata.</strong></span> <span class='ocrx_word' id='word_1_94' title='bbox 1658 1635 2045 1705; x_wconf 86' lang='lat' dir='ltr'><strong>Apostolorum</strong></span> 
     </span>
    </p>
   </div>
   <div class='ocr_carea' id='block_1_17' title="bbox 467 1718 2043 1798">
    <p class='ocr_par' dir='ltr' id='par_1_17' title="bbox 467 1718 2043 1798">
     <span class='ocr_line' id='line_1_17' title="bbox 467 1718 2043 1798; baseline 0.005 -24"><span class='ocrx_word' id='word_1_95' title='bbox 467 1718 713 1775; x_wconf 86' lang='lat' dir='ltr'><strong>ordinem</strong></span> <span class='ocrx_word' id='word_1_96' title='bbox 736 1719 1028 1793; x_wconf 85' lang='lat' dir='ltr'><strong>designant</strong></span> <span class='ocrx_word' id='word_1_97' title='bbox 1057 1722 1309 1779; x_wconf 89' lang='lat' dir='ltr'><strong>homines</strong></span> <span class='ocrx_word' id='word_1_98' title='bbox 1348 1724 1449 1792; x_wconf 90' lang='lat' dir='ltr'><strong>illi,</strong></span> <span class='ocrx_word' id='word_1_99' title='bbox 1480 1727 1630 1782; x_wconf 89' lang='lat' dir='ltr'><strong>circa</strong></span> <span class='ocrx_word' id='word_1_100' title='bbox 1666 1728 2043 1798; x_wconf 84' lang='lat' dir='ltr'><strong>navigatorum</strong></span> 
     </span>
    </p>
   </div>
   <div class='ocr_carea' id='block_1_18' title="bbox 465 1818 2044 1889">
    <p class='ocr_par' dir='ltr' id='par_1_18' title="bbox 465 1818 2044 1889">
     <span class='ocr_line' id='line_1_18' title="bbox 465 1818 2044 1889; baseline 0.004 -22"><span class='ocrx_word' id='word_1_101' title='bbox 465 1827 668 1868; x_wconf 89' lang='lat' dir='ltr'><strong>munus</strong></span> <span class='ocrx_word' id='word_1_102' title='bbox 698 1824 984 1872; x_wconf 84' lang='lat' dir='ltr'><strong>versantes</strong></span> <span class='ocrx_word' id='word_1_103' title='bbox 1032 1832 1062 1870; x_wconf 92' lang='lat' dir='ltr'><strong>a</strong></span> <span class='ocrx_word' id='word_1_104' title='bbox 1108 1819 1581 1889; x_wconf 42' lang='lat' dir='ltr'><strong>quibusvprimum</strong></span> <span class='ocrx_word' id='word_1_105' title='bbox 1634 1818 1750 1874; x_wconf 58' lang='lat' dir='ltr'><strong>haec</strong></span> <span class='ocrx_word' id='word_1_106' title='bbox 1795 1819 2044 1875; x_wconf 89' lang='lat' dir='ltr'><strong>doctrina</strong></span> 
     </span>
    </p>
   </div>
   <div class='ocr_carea' id='block_1_19' title="bbox 466 1905 947 1969">
    <p class='ocr_par' dir='ltr' id='par_1_19' title="bbox 466 1905 947 1969">
     <span class='ocr_line' id='line_1_19' title="bbox 466 1905 947 1969; baseline 0.008 -8"><span class='ocrx_word' id='word_1_107' title='bbox 466 1905 783 1964; x_wconf 83' lang='lat' dir='ltr'><strong>conﬁtenda</strong></span> <span class='ocrx_word' id='word_1_108' title='bbox 809 1916 947 1969; x_wconf 83' lang='lat' dir='ltr'><strong>erat.</strong></span> 
     </span>
    </p>
   </div>
   <div class='ocr_carea' id='block_1_20' title="bbox 536 2110 2041 2180">
    <p class='ocr_par' dir='ltr' id='par_1_20' title="bbox 536 2110 2041 2180">
     <span class='ocr_line' id='line_1_20' title="bbox 536 2110 2041 2180; baseline 0.002 -16"><span class='ocrx_word' id='word_1_109' title='bbox 536 2110 700 2167; x_wconf 67' lang='lat' dir='ltr'><strong>Vens.</strong></span> <span class='ocrx_word' id='word_1_110' title='bbox 726 2114 813 2168; x_wconf 83' lang='grc'><strong>11.</strong></span> <span class='ocrx_word' id='word_1_111' title='bbox 844 2112 949 2169; x_wconf 88' lang='lat' dir='ltr'><strong>Per</strong></span> <span class='ocrx_word' id='word_1_112' title='bbox 978 2115 1130 2169; x_wconf 91' lang='lat' dir='ltr'><strong>locos</strong></span> <span class='ocrx_word' id='word_1_113' title='bbox 1159 2115 1503 2171; x_wconf 83' lang='lat' dir='ltr'><strong>habitatores</strong></span> <span class='ocrx_word' id='word_1_114' title='bbox 1520 2117 1763 2171; x_wconf 87' lang='lat' dir='ltr'><strong>locorum</strong></span> <span class='ocrx_word' id='word_1_115' title='bbox 1786 2114 2041 2180; x_wconf 84' lang='lat' dir='ltr'><strong>intendit,</strong></span> 
     </span>
    </p>
   </div>
   <div class='ocr_carea' id='block_1_21' title="bbox 466 2203 2040 2278">
    <p class='ocr_par' dir='ltr' id='par_1_21' title="bbox 466 2203 2040 2278">
     <span class='ocr_line' id='line_1_21' title="bbox 466 2203 2040 2278; baseline 0.002 -21"><span class='ocrx_word' id='word_1_116' title='bbox 466 2204 557 2278; x_wconf 83' lang='lat' dir='ltr'><strong>qui</strong></span> <span class='ocrx_word' id='word_1_117' title='bbox 584 2204 751 2274; x_wconf 86' lang='lat' dir='ltr'><strong>primi</strong></span> <span class='ocrx_word' id='word_1_118' title='bbox 786 2203 1127 2263; x_wconf 84' lang='lat' dir='ltr'><strong>Salvatorem</strong></span> <span class='ocrx_word' id='word_1_119' title='bbox 1164 2217 1414 2264; x_wconf 90' lang='lat' dir='ltr'><strong>nostrum</strong></span> <span class='ocrx_word' id='word_1_120' title='bbox 1451 2205 1746 2263; x_wconf 89' lang='lat' dir='ltr'><strong>Dominum</strong></span> <span class='ocrx_word' id='word_1_121' title='bbox 1789 2214 2040 2263; x_wconf 91' lang='lat' dir='ltr'><strong>nostrum</strong></span> 
     </span>
    </p>
   </div>
   <div class='ocr_carea' id='block_1_22' title="bbox 461 2293 2043 2370">
    <p class='ocr_par' dir='ltr' id='par_1_22' title="bbox 461 2293 2043 2370">
     <span class='ocr_line' id='line_1_22' title="bbox 461 2293 2043 2370; baseline 0.004 -22"><span class='ocrx_word' id='word_1_122' title='bbox 461 2293 647 2350; x_wconf 75' lang='lat' dir='ltr'><strong>Iesum</strong></span> <span class='ocrx_word' id='word_1_123' title='bbox 687 2296 972 2355; x_wconf 87' lang='lat' dir='ltr'><strong>Christum</strong></span> <span class='ocrx_word' id='word_1_124' title='bbox 1001 2301 1286 2370; x_wconf 81' lang='lat' dir='ltr'><strong>excepturi</strong></span> <span class='ocrx_word' id='word_1_125' title='bbox 1320 2310 1479 2357; x_wconf 87' lang='lat' dir='ltr'><strong>erant</strong></span> <span class='ocrx_word' id='word_1_126' title='bbox 1502 2309 1558 2357; x_wconf 91' lang='lat' dir='ltr'><strong>et</strong></span> <span class='ocrx_word' id='word_1_127' title='bbox 1599 2301 1746 2354; x_wconf 91' lang='lat' dir='ltr'><strong>cultu</strong></span> <span class='ocrx_word' id='word_1_128' title='bbox 1783 2314 2043 2370; x_wconf 88' lang='lat' dir='ltr'><strong>prosecu-</strong></span> 
     </span>
    </p>
   </div>
   <div class='ocr_carea' id='block_1_23' title="bbox 461 2388 2038 2464">
    <p class='ocr_par' dir='ltr' id='par_1_23' title="bbox 461 2388 2038 2464">
     <span class='ocr_line' id='line_1_23' title="bbox 461 2388 2038 2464; baseline 0.004 -23"><span class='ocrx_word' id='word_1_129' title='bbox 461 2389 592 2442; x_wconf 92' lang='lat' dir='ltr'><strong>turi.</strong></span> <span class='ocrx_word' id='word_1_130' title='bbox 651 2388 788 2444; x_wconf 90' lang='lat' dir='ltr'><strong>Dum</strong></span> <span class='ocrx_word' id='word_1_131' title='bbox 821 2390 889 2447; x_wconf 92' lang='lat' dir='ltr'><strong>de</strong></span> <span class='ocrx_word' id='word_1_132' title='bbox 914 2391 1132 2448; x_wconf 89' lang='lat' dir='ltr'><strong>deserto</strong></span> <span class='ocrx_word' id='word_1_133' title='bbox 1164 2393 1426 2464; x_wconf 87' lang='lat' dir='ltr'><strong>loquitur,</strong></span> <span class='ocrx_word' id='word_1_134' title='bbox 1473 2393 1541 2450; x_wconf 87' lang='lat' dir='ltr'><strong>ad</strong></span> <span class='ocrx_word' id='word_1_135' title='bbox 1582 2394 1793 2448; x_wconf 87' lang='lat' dir='ltr'><strong>animas</strong></span> <span class='ocrx_word' id='word_1_136' title='bbox 1825 2392 2038 2459; x_wconf 84' lang='lat' dir='ltr'><strong>alludit,</strong></span> 
     </span>
    </p>
   </div>
   <div class='ocr_carea' id='block_1_24' title="bbox 463 2479 2042 2555">
    <p class='ocr_par' dir='ltr' id='par_1_24' title="bbox 463 2479 2042 2555">
     <span class='ocr_line' id='line_1_24' title="bbox 463 2479 2042 2555; baseline 0.003 -22"><span class='ocrx_word' id='word_1_137' title='bbox 463 2479 703 2547; x_wconf 84' lang='lat' dir='ltr'><strong>miseriis</strong></span> <span class='ocrx_word' id='word_1_138' title='bbox 726 2480 802 2551; x_wconf 67' lang='lat' dir='ltr'><strong>[et</strong></span> <span class='ocrx_word' id='word_1_139' title='bbox 854 2482 1101 2554; x_wconf 85' lang='lat' dir='ltr'><strong>penuriis</strong></span> <span class='ocrx_word' id='word_1_140' title='bbox 1158 2497 1490 2555; x_wconf 86' lang='lat' dir='ltr'><strong>oppressas,</strong></span> <span class='ocrx_word' id='word_1_141' title='bbox 1536 2498 1664 2539; x_wconf 85' lang='lat' dir='ltr'><strong>vera</strong></span> <span class='ocrx_word' id='word_1_142' title='bbox 1714 2482 1806 2539; x_wconf 92' lang='lat' dir='ltr'><strong>Dei</strong></span> <span class='ocrx_word' id='word_1_143' title='bbox 1864 2483 2042 2540; x_wconf 92' lang='lat' dir='ltr'><strong>scien-</strong></span> 
     </span>
    </p>
   </div>
   <div class='ocr_carea' id='block_1_25' title="bbox 462 2568 2040 2642">
    <p class='ocr_par' dir='ltr' id='par_1_25' title="bbox 462 2568 2040 2642">
     <span class='ocr_line' id='line_1_25' title="bbox 462 2568 2040 2642; baseline 0.006 -20"><span class='ocrx_word' id='word_1_144' title='bbox 462 2568 539 2623; x_wconf 84' lang='lat' dir='ltr'><strong>tia</strong></span> <span class='ocrx_word' id='word_1_145' title='bbox 588 2569 903 2627; x_wconf 89' lang='lat' dir='ltr'><strong>destitutas.</strong></span> <span class='ocrx_word' id='word_1_146' title='bbox 948 2571 1142 2629; x_wconf 80' lang='lat' dir='ltr'><strong>Merito</strong></span> <span class='ocrx_word' id='word_1_147' title='bbox 1188 2575 1354 2629; x_wconf 88' lang='lat' dir='ltr'><strong>etiam</strong></span> <span class='ocrx_word' id='word_1_148' title='bbox 1398 2573 1575 2631; x_wconf 87' lang='lat' dir='ltr'><strong>Cedar</strong></span> <span class='ocrx_word' id='word_1_149' title='bbox 1616 2585 1904 2642; x_wconf 88' lang='lat' dir='ltr'><strong>memorat,</strong></span> <span class='ocrx_word' id='word_1_150' title='bbox 1936 2576 2040 2631; x_wconf 90' lang='lat' dir='ltr'><strong>hoc</strong></span> 
     </span>
    </p>
   </div>
   <div class='ocr_carea' id='block_1_26' title="bbox 463 2661 2039 2737">
    <p class='ocr_par' dir='ltr' id='par_1_26' title="bbox 463 2661 2039 2737">
     <span class='ocr_line' id='line_1_26' title="bbox 463 2661 2039 2737; baseline 0.005 -22"><span class='ocrx_word' id='word_1_151' title='bbox 463 2674 567 2717; x_wconf 91' lang='lat' dir='ltr'><strong>nos</strong></span> <span class='ocrx_word' id='word_1_152' title='bbox 605 2661 809 2719; x_wconf 87' lang='lat' dir='ltr'><strong>docens</strong></span> <span class='ocrx_word' id='word_1_153' title='bbox 850 2664 1099 2730; x_wconf 77' lang='lat' dir='ltr'><strong>animas,</strong></span> <span class='ocrx_word' id='word_1_154' title='bbox 1141 2680 1262 2736; x_wconf 63' lang='lat' dir='ltr'><strong>quae</strong></span> <span class='ocrx_word' id='word_1_155' title='bbox 1292 2666 1445 2737; x_wconf 91' lang='lat' dir='ltr'><strong>prius</strong></span> <span class='ocrx_word' id='word_1_156' title='bbox 1499 2675 1689 2722; x_wconf 88' lang='lat' dir='ltr'><strong>contra</strong></span> <span class='ocrx_word' id='word_1_157' title='bbox 1734 2667 2039 2723; x_wconf 77' lang='lat' dir='ltr'><strong>venientem</strong></span> 
     </span>
    </p>
   </div>
   <div class='ocr_carea' id='block_1_27' title="bbox 463 2751 2039 2829">
    <p class='ocr_par' dir='ltr' id='par_1_27' title="bbox 463 2751 2039 2829">
     <span class='ocr_line' id='line_1_27' title="bbox 463 2751 2039 2829; baseline 0.005 -23"><span class='ocrx_word' id='word_1_158' title='bbox 463 2751 802 2811; x_wconf 87' lang='lat' dir='ltr'><strong>Salvatorem</strong></span> <span class='ocrx_word' id='word_1_159' title='bbox 846 2758 1127 2813; x_wconf 67' lang='lat' dir='ltr'><strong>reluctatze</strong></span> <span class='ocrx_word' id='word_1_160' title='bbox 1184 2757 1424 2821; x_wconf 83' lang='lat' dir='ltr'><strong>fuerint.</strong></span> <span class='ocrx_word' id='word_1_161' title='bbox 1471 2768 1658 2829; x_wconf 87' lang='lat' dir='ltr'><strong>postea</strong></span> <span class='ocrx_word' id='word_1_162' title='bbox 1704 2758 1773 2813; x_wconf 86' lang='lat' dir='ltr'><strong>ad</strong></span> <span class='ocrx_word' id='word_1_163' title='bbox 1819 2759 2039 2815; x_wconf 88' lang='lat' dir='ltr'><strong>saniora</strong></span> 
     </span>
    </p>
   </div>
   <div class='ocr_carea' id='block_1_28' title="bbox 457 2850 2030 2921">
    <p class='ocr_par' dir='ltr' id='par_1_28' title="bbox 457 2850 2030 2921">
     <span class='ocr_line' id='line_1_28' title="bbox 457 2850 2030 2921; baseline 0.004 -21"><span class='ocrx_word' id='word_1_164' title='bbox 457 2854 778 2913; x_wconf 84' lang='lat' dir='ltr'><strong>revocatas,</strong></span> <span class='ocrx_word' id='word_1_165' title='bbox 807 2863 931 2903; x_wconf 90' lang='lat' dir='ltr'><strong>cum</strong></span> <span class='ocrx_word' id='word_1_166' title='bbox 982 2850 1336 2906; x_wconf 80' lang='lat' dir='ltr'><strong>veneratione</strong></span> <span class='ocrx_word' id='word_1_167' title='bbox 1364 2865 1490 2905; x_wconf 91' lang='lat' dir='ltr'><strong>eum</strong></span> <span class='ocrx_word' id='word_1_168' title='bbox 1524 2857 1851 2921; x_wconf 83' lang='lat' dir='ltr'><strong>excepturas</strong></span> <span class='ocrx_word' id='word_1_169' title='bbox 1884 2866 2030 2908; x_wconf 87' lang='lat' dir='ltr'><strong>esse.</strong></span> 
     </span>
    </p>
   </div>
   <div class='ocr_carea' id='block_1_29' title="bbox 458 2935 2051 3012">
    <p class='ocr_par' dir='ltr' id='par_1_29' title="bbox 458 2935 2051 3012">
     <span class='ocr_line' id='line_1_29' title="bbox 458 2935 2051 3012; baseline 0.004 -21"><span class='ocrx_word' id='word_1_170' title='bbox 458 2935 595 2992; x_wconf 83' lang='lat' dir='ltr'><strong>Nam</strong></span> <span class='ocrx_word' id='word_1_171' title='bbox 648 2941 930 3010; x_wconf 87' lang='lat' dir='ltr'><strong>spectabat</strong></span> <span class='ocrx_word' id='word_1_172' title='bbox 971 2941 1149 2998; x_wconf 88' lang='lat' dir='ltr'><strong>Cedar</strong></span> <span class='ocrx_word' id='word_1_173' title='bbox 1198 2943 1265 2996; x_wconf 91' lang='lat' dir='ltr'><strong>ad</strong></span> <span class='ocrx_word' id='word_1_174' title='bbox 1315 2957 1489 3012; x_wconf 73' lang='lat' dir='ltr'><strong>genus</strong></span> <span class='ocrx_word' id='word_1_175' title='bbox 1521 2940 1700 3005; x_wconf 85' lang='lat' dir='ltr'><strong>Esau,</strong></span> <span class='ocrx_word' id='word_1_176' title='bbox 1736 2940 2051 3000; x_wconf 78' lang='lat' dir='ltr'><strong>Jerusalem.</strong></span> 
     </span>
    </p>
   </div>
   <div class='ocr_carea' id='block_1_30' title="bbox 470 3031 1773 3106">
    <p class='ocr_par' dir='ltr' id='par_1_30' title="bbox 470 3031 1773 3106">
     <span class='ocr_line' id='line_1_30' title="bbox 470 3031 1773 3106; baseline 0.003 -24"><span class='ocrx_word' id='word_1_177' title='bbox 470 3031 690 3095; x_wconf 84' lang='lat' dir='ltr'><strong>hostile,</strong></span> <span class='ocrx_word' id='word_1_178' title='bbox 723 3032 1007 3103; x_wconf 87' lang='lat' dir='ltr'><strong>ipsiusque</strong></span> <span class='ocrx_word' id='word_1_179' title='bbox 1031 3035 1243 3104; x_wconf 83' lang='lat' dir='ltr'><strong>legibus</strong></span> <span class='ocrx_word' id='word_1_180' title='bbox 1271 3050 1444 3106; x_wconf 88' lang='lat' dir='ltr'><strong>usque</strong></span> <span class='ocrx_word' id='word_1_181' title='bbox 1477 3034 1773 3091; x_wconf 84' lang='lat' dir='ltr'><strong>infensum.</strong></span> 
     </span>
    </p>
   </div>
   <div class='ocr_carea' id='block_1_31' title="bbox 2158 580 3735 664">
    <p class='ocr_par' dir='ltr' id='par_1_31' title="bbox 2158 580 3735 664">
     <span class='ocr_line' id='line_1_31' title="bbox 2158 580 3735 664; baseline -0.007 -17"><span class='ocrx_word' id='word_1_182' title='bbox 2158 595 2288 664; x_wconf 90' lang='grc' dir='ltr'>μίαν</span> <span class='ocrx_word' id='word_1_183' title='bbox 2316 589 2526 645; x_wconf 81' lang='grc' dir='ltr'>ἐκεῖθεν</span> <span class='ocrx_word' id='word_1_184' title='bbox 2570 585 2922 658; x_wconf 77' lang='grc' dir='ltr'><strong>ἀρξαμένην,</strong></span> <span class='ocrx_word' id='word_1_185' title='bbox 2960 582 3055 637; x_wconf 79' lang='grc' dir='ltr'>καὶ</span> <span class='ocrx_word' id='word_1_186' title='bbox 3096 581 3270 647; x_wconf 77' lang='grc' dir='ltr'>οὕτως</span> <span class='ocrx_word' id='word_1_187' title='bbox 3302 582 3396 635; x_wconf 79' lang='grc' dir='ltr'>ἐπὶ</span> <span class='ocrx_word' id='word_1_188' title='bbox 3449 580 3628 636; x_wconf 88' lang='grc' dir='ltr'>πάντα</span> <span class='ocrx_word' id='word_1_189' title='bbox 3667 582 3735 636; x_wconf 78' lang='grc' dir='ltr'>τὰ</span> 
     </span>
    </p>
   </div>
   <div class='ocr_carea' id='block_1_32' title="bbox 2154 676 3213 757">
    <p class='ocr_par' dir='ltr' id='par_1_32' title="bbox 2154 676 3213 757">
     <span class='ocr_line' id='line_1_32' title="bbox 2154 676 3213 757; baseline -0.009 -17"><span class='ocrx_word' id='word_1_190' title='bbox 2154 686 2282 757; x_wconf 73' lang='grc' dir='ltr'>ἔθνη</span> <span class='ocrx_word' id='word_1_191' title='bbox 2310 685 2409 757; x_wconf 89' lang='grc' dir='ltr'><strong>τῆς</strong></span> <span class='ocrx_word' id='word_1_192' title='bbox 2436 680 2631 737; x_wconf 86' lang='grc' dir='ltr'>ἐαυτοῦ</span> <span class='ocrx_word' id='word_1_193' title='bbox 2665 681 2887 749; x_wconf 79' lang='grc' dir='ltr'>χάριτος</span> <span class='ocrx_word' id='word_1_194' title='bbox 2914 676 3213 748; x_wconf 82' lang='grc' dir='ltr'>δια6άσης.’</span> 
     </span>
    </p>
   </div>
   <div class='ocr_carea' id='block_1_33' title="bbox 2224 789 3731 869">
    <p class='ocr_par' dir='ltr' id='par_1_33' title="bbox 2224 789 3731 869">
     <span class='ocr_line' id='line_1_33' title="bbox 2224 789 3731 869; baseline -0.005 -18"><span class='ocrx_word' id='word_1_195' title='bbox 2224 799 2435 869; x_wconf 76' lang='grc' dir='ltr'>’Ὥσπερ</span> <span class='ocrx_word' id='word_1_196' title='bbox 2478 791 2572 849; x_wconf 82' lang='grc' dir='ltr'><strong>οῦν</strong></span> <span class='ocrx_word' id='word_1_197' title='bbox 2630 794 2722 846; x_wconf 76' lang='grc' dir='ltr'>καὶ</span> <span class='ocrx_word' id='word_1_198' title='bbox 2768 792 2864 844; x_wconf 89' lang='grc' dir='ltr'><strong>νῦν</strong></span> <span class='ocrx_word' id='word_1_199' title='bbox 2918 789 3204 862; x_wconf 83' lang='grc' dir='ltr'><strong>προφήτης</strong></span> <span class='ocrx_word' id='word_1_200' title='bbox 3269 790 3594 845; x_wconf 77' lang='grc' dir='ltr'>καταλαϐὼν</span> <span class='ocrx_word' id='word_1_201' title='bbox 3637 809 3731 864; x_wconf 68' lang='grc' dir='ltr'><strong>την</strong></span> 
     </span>
    </p>
   </div>
   <div class='ocr_carea' id='block_1_34' title="bbox 2155 881 3734 963">
    <p class='ocr_par' dir='ltr' id='par_1_34' title="bbox 2155 881 3734 963">
     <span class='ocr_line' id='line_1_34' title="bbox 2155 881 3734 963; baseline -0.005 -17"><span class='ocrx_word' id='word_1_202' title='bbox 2155 889 2472 963; x_wconf 83' lang='grc' dir='ltr'>σωτηριώδη</span> <span class='ocrx_word' id='word_1_203' title='bbox 2507 884 2813 959; x_wconf 84' lang='grc' dir='ltr'>παρουσίαν</span> <span class='ocrx_word' id='word_1_204' title='bbox 2840 881 2936 936; x_wconf 84' lang='grc' dir='ltr'><strong>τοῦ</strong></span> <span class='ocrx_word' id='word_1_205' title='bbox 2963 882 3216 954; x_wconf 84' lang='grc' dir='ltr'><strong>Σωτῆρος</strong></span> <span class='ocrx_word' id='word_1_206' title='bbox 3239 882 3395 953; x_wconf 88' lang='grc' dir='ltr'>ήμῶν</span> <span class='ocrx_word' id='word_1_207' title='bbox 3426 883 3520 936; x_wconf 74' lang='grc' dir='ltr'>ἐπὶ</span> <span class='ocrx_word' id='word_1_208' title='bbox 3554 882 3734 955; x_wconf 78' lang='grc' dir='ltr'>κέρδει</span> 
     </span>
    </p>
   </div>
   <div class='ocr_carea' id='block_1_35' title="bbox 2152 972 3732 1055">
    <p class='ocr_par' dir='ltr' id='par_1_35' title="bbox 2152 972 3732 1055">
     <span class='ocr_line' id='line_1_35' title="bbox 2152 972 3732 1055; baseline -0.014 -17"><span class='ocrx_word' id='word_1_209' title='bbox 2152 983 2404 1055; x_wconf 83' lang='grc' dir='ltr'><strong>ἡμετέρῳ</strong></span> <span class='ocrx_word' id='word_1_210' title='bbox 2440 976 2832 1051; x_wconf 80' lang='grc' dir='ltr'><strong>γενησομένην,</strong></span> <span class='ocrx_word' id='word_1_211' title='bbox 2877 975 2971 1028; x_wconf 75' lang='grc' dir='ltr'><strong>καὶ</strong></span> <span class='ocrx_word' id='word_1_212' title='bbox 3016 973 3110 1027; x_wconf 62' lang='grc' dir='ltr'><strong>ἐπὶ⁵</strong></span> <span class='ocrx_word' id='word_1_213' title='bbox 3164 972 3409 1044; x_wconf 76' lang='grc' dir='ltr'><strong>σωτηρίᾳ</strong></span> <span class='ocrx_word' id='word_1_214' title='bbox 3436 972 3545 1028; x_wconf 87' lang='grc' dir='ltr'><strong>τῶν</strong></span> <span class='ocrx_word' id='word_1_215' title='bbox 3593 975 3732 1046; x_wconf 83' lang='grc' dir='ltr'>ἡμε..</span> 
     </span>
    </p>
   </div>
   <div class='ocr_carea' id='block_1_36' title="bbox 2150 1063 3736 1147">
    <p class='ocr_par' dir='ltr' id='par_1_36' title="bbox 2150 1063 3736 1147">
     <span class='ocr_line' id='line_1_36' title="bbox 2150 1063 3736 1147; baseline -0.009 -16"><span class='ocrx_word' id='word_1_216' title='bbox 2150 1077 2326 1147; x_wconf 87' lang='grc' dir='ltr'>τέρων</span> <span class='ocrx_word' id='word_1_217' title='bbox 2354 1072 2543 1144; x_wconf 78' lang='grc' dir='ltr'>ψυχῶν</span> <span class='ocrx_word' id='word_1_218' title='bbox 2566 1111 2582 1140; x_wconf 86' lang='grc'><strong>,</strong></span> <span class='ocrx_word' id='word_1_219' title='bbox 2639 1066 3022 1139; x_wconf 71' lang='grc' dir='ltr'>ἀγαλλιασθεὶς</span> <span class='ocrx_word' id='word_1_220' title='bbox 3061 1063 3161 1136; x_wconf 83' lang='grc' dir='ltr'>τὴν</span> <span class='ocrx_word' id='word_1_221' title='bbox 3188 1064 3366 1136; x_wconf 77' lang='grc' dir='ltr'>ψυχὴν</span> <span class='ocrx_word' id='word_1_222' title='bbox 3403 1065 3497 1118; x_wconf 80' lang='grc' dir='ltr'>ἐπὶ</span> <span class='ocrx_word' id='word_1_223' title='bbox 3538 1068 3605 1136; x_wconf 82' lang='grc' dir='ltr'><strong>τῇ</strong></span> <span class='ocrx_word' id='word_1_224' title='bbox 3646 1082 3736 1119; x_wconf 82' lang='grc' dir='ltr'>το-</span> 
     </span>
    </p>
   </div>
   <div class='ocr_carea' id='block_1_37' title="bbox 2153 1155 3734 1239">
    <p class='ocr_par' dir='ltr' id='par_1_37' title="bbox 2153 1155 3734 1239">
     <span class='ocr_line' id='line_1_37' title="bbox 2153 1155 3734 1239; baseline -0.009 -16"><span class='ocrx_word' id='word_1_225' title='bbox 2153 1169 2326 1239; x_wconf 80' lang='grc' dir='ltr'>σαύτῃ</span> <span class='ocrx_word' id='word_1_226' title='bbox 2360 1164 2453 1218; x_wconf 90' lang='grc' dir='ltr'><strong>τοῦ</strong></span> <span class='ocrx_word' id='word_1_227' title='bbox 2487 1161 2622 1218; x_wconf 77' lang='grc' dir='ltr'>θεοῦ</span> <span class='ocrx_word' id='word_1_228' title='bbox 2652 1158 3055 1232; x_wconf 83' lang='grc' dir='ltr'>φιλανθρωπίᾳ,</span> <span class='ocrx_word' id='word_1_229' title='bbox 3079 1158 3387 1230; x_wconf 89' lang='grc' dir='ltr'>ἀπάρχεται</span> <span class='ocrx_word' id='word_1_230' title='bbox 3410 1155 3516 1209; x_wconf 91' lang='grc' dir='ltr'><strong>τῶν</strong></span> <span class='ocrx_word' id='word_1_231' title='bbox 3549 1155 3734 1227; x_wconf 82' lang='grc' dir='ltr'>ὑμνων</span> 
     </span>
    </p>
   </div>
   <div class='ocr_carea' id='block_1_38' title="bbox 2151 1247 3736 1330">
    <p class='ocr_par' dir='ltr' id='par_1_38' title="bbox 2151 1247 3736 1330">
     <span class='ocr_line' id='line_1_38' title="bbox 2151 1247 3736 1330; baseline -0.011 -14"><span class='ocrx_word' id='word_1_232' title='bbox 2151 1260 2366 1330; x_wconf 75' lang='grc' dir='ltr'>καὶτῆς</span> <span class='ocrx_word' id='word_1_233' title='bbox 2391 1255 2696 1325; x_wconf 78' lang='grc' dir='ltr'>δοξολογίας</span> <span class='ocrx_word' id='word_1_234' title='bbox 2712 1270 2725 1284; x_wconf 88' lang='grc'><strong>·</strong></span> <span class='ocrx_word' id='word_1_235' title='bbox 2755 1253 2817 1305; x_wconf 82' lang='grc' dir='ltr'>τὸ</span> <span class='ocrx_word' id='word_1_236' title='bbox 2845 1252 2888 1305; x_wconf 85' lang='grc' dir='ltr'>δ’</span> <span class='ocrx_word' id='word_1_237' title='bbox 2910 1249 3042 1304; x_wconf 82' lang='grc' dir='ltr'>αὐτὸ</span> <span class='ocrx_word' id='word_1_238' title='bbox 3070 1249 3165 1303; x_wconf 68' lang='grc' dir='ltr'>καὶ</span> <span class='ocrx_word' id='word_1_239' title='bbox 3192 1247 3384 1313; x_wconf 76' lang='grc' dir='ltr'>ἄλλους</span> <span class='ocrx_word' id='word_1_240' title='bbox 3410 1249 3583 1302; x_wconf 85' lang='grc' dir='ltr'>ποιεῖν</span> <span class='ocrx_word' id='word_1_241' title='bbox 3606 1264 3736 1319; x_wconf 90' lang='grc' dir='ltr'>προ-</span> 
     </span>
    </p>
   </div>
   <div class='ocr_carea' id='block_1_39' title="bbox 2149 1338 3733 1422">
    <p class='ocr_par' dir='ltr' id='par_1_39' title="bbox 2149 1338 3733 1422">
     <span class='ocr_line' id='line_1_39' title="bbox 2149 1338 3733 1422; baseline -0.01 -16"><span class='ocrx_word' id='word_1_242' title='bbox 2149 1352 2441 1422; x_wconf 86' lang='grc' dir='ltr'>τρέπεται·</span> <span class='ocrx_word' id='word_1_243' title='bbox 2475 1346 2597 1400; x_wconf 88' lang='grc' dir='ltr'><strong>οὑδέ</strong></span> <span class='ocrx_word' id='word_1_244' title='bbox 2638 1345 2747 1416; x_wconf 83' lang='grc' dir='ltr'>γὰρ</span> <span class='ocrx_word' id='word_1_245' title='bbox 2773 1346 2801 1397; x_wconf 86' lang='grc' dir='ltr'>ὁ</span> <span class='ocrx_word' id='word_1_246' title='bbox 2848 1340 3223 1413; x_wconf 84' lang='grc' dir='ltr'>φανησόμενος</span> <span class='ocrx_word' id='word_1_247' title='bbox 3272 1340 3368 1393; x_wconf 77' lang='grc' dir='ltr'><strong>καὶ</strong></span> <span class='ocrx_word' id='word_1_248' title='bbox 3408 1338 3733 1410; x_wconf 77' lang='grc' dir='ltr'><strong>γνωρισθεὶς</strong></span> 
     </span>
    </p>
   </div>
   <div class='ocr_carea' id='block_1_40' title="bbox 2148 1429 3733 1516">
    <p class='ocr_par' dir='ltr' id='par_1_40' title="bbox 2148 1429 3733 1516">
     <span class='ocr_line' id='line_1_40' title="bbox 2148 1429 3733 1516; baseline -0.009 -19"><span class='ocrx_word' id='word_1_249' title='bbox 2148 1446 2281 1516; x_wconf 84' lang='grc' dir='ltr'>ἡμῖν</span> <span class='ocrx_word' id='word_1_250' title='bbox 2315 1441 2468 1507; x_wconf 85' lang='grc' dir='ltr'>Θεὸς,</span> <span class='ocrx_word' id='word_1_251' title='bbox 2504 1438 2599 1493; x_wconf 90' lang='grc' dir='ltr'><strong>νῦν</strong></span> <span class='ocrx_word' id='word_1_252' title='bbox 2650 1436 2745 1490; x_wconf 90' lang='grc' dir='ltr'><strong>τοῦ</strong></span> <span class='ocrx_word' id='word_1_253' title='bbox 2785 1434 2975 1507; x_wconf 81' lang='grc' dir='ltr'>ἄρχειν</span> <span class='ocrx_word' id='word_1_254' title='bbox 3001 1431 3224 1504; x_wconf 79' lang='grc' dir='ltr'>ήρξατο,</span> <span class='ocrx_word' id='word_1_255' title='bbox 3280 1429 3416 1484; x_wconf 85' lang='grc' dir='ltr'><strong>ἀλλά</strong></span> <span class='ocrx_word' id='word_1_256' title='bbox 3460 1430 3733 1503; x_wconf 89' lang='grc' dir='ltr'>προούσης</span> 
     </span>
    </p>
   </div>
   <div class='ocr_carea' id='block_1_41' title="bbox 2148 1522 3727 1604">
    <p class='ocr_par' dir='ltr' id='par_1_41' title="bbox 2148 1522 3727 1604">
     <span class='ocr_line' id='line_1_41' title="bbox 2148 1522 3727 1604; baseline -0.009 -14"><span class='ocrx_word' id='word_1_257' title='bbox 2148 1535 2313 1591; x_wconf 85' lang='grc' dir='ltr'>αὑτοῦ</span> <span class='ocrx_word' id='word_1_258' title='bbox 2362 1533 2462 1604; x_wconf 86' lang='grc' dir='ltr'><strong>τῆς</strong></span> <span class='ocrx_word' id='word_1_259' title='bbox 2507 1530 2849 1603; x_wconf 79' lang='grc' dir='ltr'>κυριότητος,</span> <span class='ocrx_word' id='word_1_260' title='bbox 2902 1526 2999 1580; x_wconf 75' lang='grc' dir='ltr'>καὶ</span> <span class='ocrx_word' id='word_1_261' title='bbox 3025 1526 3085 1580; x_wconf 90' lang='grc' dir='ltr'><strong>ἐν</strong></span> <span class='ocrx_word' id='word_1_262' title='bbox 3124 1523 3203 1596; x_wconf 85' lang='grc' dir='ltr'><strong>τῷ</strong></span> <span class='ocrx_word' id='word_1_263' title='bbox 3233 1524 3346 1578; x_wconf 79' lang='grc' dir='ltr'>ἄνω</span> <span class='ocrx_word' id='word_1_264' title='bbox 3394 1522 3727 1594; x_wconf 81' lang='grc' dir='ltr'>κρατούσης,</span> 
     </span>
    </p>
   </div>
   <div class='ocr_carea' id='block_1_42' title="bbox 2148 1612 3730 1700">
    <p class='ocr_par' dir='ltr' id='par_1_42' title="bbox 2148 1612 3730 1700">
     <span class='ocr_line' id='line_1_42' title="bbox 2148 1612 3730 1700; baseline -0.009 -17"><span class='ocrx_word' id='word_1_265' title='bbox 2148 1631 2242 1683; x_wconf 76' lang='grc' dir='ltr'>καὶ</span> <span class='ocrx_word' id='word_1_266' title='bbox 2290 1629 2419 1700; x_wconf 88' lang='grc' dir='ltr'>παρ’</span> <span class='ocrx_word' id='word_1_267' title='bbox 2451 1625 2682 1686; x_wconf 84' lang='grc' dir='ltr'>ἐκείνοις</span> <span class='ocrx_word' id='word_1_268' title='bbox 2725 1620 3127 1692; x_wconf 77' lang='grc' dir='ltr'>δοξαζομένης,</span> <span class='ocrx_word' id='word_1_269' title='bbox 3174 1617 3255 1680; x_wconf 82' lang='grc' dir='ltr'><strong>εἰς</strong></span> <span class='ocrx_word' id='word_1_270' title='bbox 3300 1615 3372 1669; x_wconf 79' lang='grc' dir='ltr'>τὰ</span> <span class='ocrx_word' id='word_1_271' title='bbox 3412 1612 3730 1684; x_wconf 73' lang='grc' dir='ltr'>ἁπανταχοῦ</span> 
     </span>
    </p>
   </div>
   <div class='ocr_carea' id='block_1_43' title="bbox 2147 1708 3733 1792">
    <p class='ocr_par' dir='ltr' id='par_1_43' title="bbox 2147 1708 3733 1792">
     <span class='ocr_line' id='line_1_43' title="bbox 2147 1708 3733 1792; baseline -0.009 -18"><span class='ocrx_word' id='word_1_272' title='bbox 2147 1722 2252 1792; x_wconf 80' lang='grc' dir='ltr'><strong>γῆς</strong></span> <span class='ocrx_word' id='word_1_273' title='bbox 2301 1720 2515 1791; x_wconf 88' lang='grc' dir='ltr'>πέρατα</span> <span class='ocrx_word' id='word_1_274' title='bbox 2574 1714 3020 1788; x_wconf 83' lang='grc' dir='ltr'>φανερωθήσεται</span> <span class='ocrx_word' id='word_1_275' title='bbox 3072 1709 3320 1783; x_wconf 85' lang='grc' dir='ltr'>πρῶτον·</span> <span class='ocrx_word' id='word_1_276' title='bbox 3376 1708 3581 1779; x_wconf 86' lang='grc' dir='ltr'>ταύτης</span> <span class='ocrx_word' id='word_1_277' title='bbox 3631 1709 3733 1778; x_wconf 89' lang='grc' dir='ltr'><strong>τῆς</strong></span> 
     </span>
    </p>
   </div>
   <div class='ocr_carea' id='block_1_44' title="bbox 2150 1798 3731 1883">
    <p class='ocr_par' dir='ltr' id='par_1_44' title="bbox 2150 1798 3731 1883">
     <span class='ocr_line' id='line_1_44' title="bbox 2150 1798 3731 1883; baseline -0.011 -15"><span class='ocrx_word' id='word_1_278' title='bbox 2150 1815 2403 1883; x_wconf 87' lang='grc' dir='ltr'>γνώσεως</span> <span class='ocrx_word' id='word_1_279' title='bbox 2435 1806 2836 1880; x_wconf 82' lang='grc' dir='ltr'>ἀπαρχομένων</span> <span class='ocrx_word' id='word_1_280' title='bbox 2869 1804 2976 1857; x_wconf 90' lang='grc' dir='ltr'><strong>τῶν</strong></span> <span class='ocrx_word' id='word_1_281' title='bbox 3013 1801 3256 1859; x_wconf 83' lang='grc' dir='ltr'>παλαιῶν</span> <span class='ocrx_word' id='word_1_282' title='bbox 3305 1799 3530 1853; x_wconf 83' lang='grc' dir='ltr'>ἐκείνων</span> <span class='ocrx_word' id='word_1_283' title='bbox 3567 1798 3731 1869; x_wconf 73' lang='grc' dir='ltr'>ἔργον</span> 
     </span>
    </p>
   </div>
   <div class='ocr_carea' id='block_1_45' title="bbox 2075 1881 3731 1978">
    <p class='ocr_par' dir='ltr' id='par_1_45' title="bbox 2075 1881 3731 1978">
     <span class='ocr_line' id='line_1_45' title="bbox 2075 1881 3731 1978; baseline -0.012 -17"><span class='ocrx_word' id='word_1_284' title='bbox 2075 1881 2119 1936; x_wconf 76' lang='grc' dir='ltr'><strong>Β</strong></span> <span class='ocrx_word' id='word_1_285' title='bbox 2150 1881 2497 1978; x_wconf 76' lang='grc' dir='ltr'>ἐχόντωντὴν</span> <span class='ocrx_word' id='word_1_286' title='bbox 2529 1900 2799 1954; x_wconf 86' lang='grc' dir='ltr'>θάλατταν</span> <span class='ocrx_word' id='word_1_287' title='bbox 2826 1896 3031 1962; x_wconf 80' lang='grc' dir='ltr'>πλέειν,</span> <span class='ocrx_word' id='word_1_288' title='bbox 3055 1892 3309 1965; x_wconf 75' lang='grc' dir='ltr'>ἐδηλοῦτο</span> <span class='ocrx_word' id='word_1_289' title='bbox 3328 1892 3389 1945; x_wconf 84' lang='grc' dir='ltr'>τὸ</span> <span class='ocrx_word' id='word_1_290' title='bbox 3407 1890 3593 1961; x_wconf 80' lang='grc' dir='ltr'>τάγμα</span> <span class='ocrx_word' id='word_1_291' title='bbox 3621 1888 3731 1943; x_wconf 87' lang='grc' dir='ltr'><strong>τῶν</strong></span> 
     </span>
    </p>
   </div>
   <div class='ocr_carea' id='block_1_46' title="bbox 2151 1999 2485 2058">
    <p class='ocr_par' dir='ltr' id='par_1_46' title="bbox 2151 1999 2485 2058">
     <span class='ocr_line' id='line_1_46' title="bbox 2151 1999 2485 2058; baseline -0.015 0"><span class='ocrx_word' id='word_1_292' title='bbox 2151 1999 2485 2058; x_wconf 83' lang='grc' dir='ltr'>ἀποστόλων.</span> 
     </span>
    </p>
   </div>
   <div class='ocr_carea' id='block_1_47' title="bbox 2231 2096 3724 2175">
    <p class='ocr_par' dir='ltr' id='par_1_47' title="bbox 2231 2096 3724 2175">
     <span class='ocr_line' id='line_1_47' title="bbox 2231 2096 3724 2175; baseline -0.013 -8"><span class='ocrx_word' id='word_1_293' title='bbox 2231 2114 2326 2169; x_wconf 82' lang='grc' dir='ltr'>Ἐκ</span> <span class='ocrx_word' id='word_1_294' title='bbox 2354 2111 2464 2166; x_wconf 88' lang='grc' dir='ltr'><strong>τῶν</strong></span> <span class='ocrx_word' id='word_1_295' title='bbox 2491 2110 2673 2162; x_wconf 84' lang='grc' dir='ltr'>τόπων</span> <span class='ocrx_word' id='word_1_296' title='bbox 2705 2108 2834 2170; x_wconf 76' lang='grc' dir='ltr'>τοὺς</span> <span class='ocrx_word' id='word_1_297' title='bbox 2861 2105 3155 2175; x_wconf 80' lang='grc' dir='ltr'>οἰκήτορας</span> <span class='ocrx_word' id='word_1_298' title='bbox 3187 2098 3420 2155; x_wconf 85' lang='grc' dir='ltr'>ἐνταῦθα</span> <span class='ocrx_word' id='word_1_299' title='bbox 3449 2096 3724 2169; x_wconf 79' lang='grc' dir='ltr'>σημαίνει,</span> 
     </span>
    </p>
   </div>
   <div class='ocr_carea' id='block_1_48' title="bbox 2147 2180 3730 2276">
    <p class='ocr_par' dir='ltr' id='par_1_48' title="bbox 2147 2180 3730 2276">
     <span class='ocr_line' id='line_1_48' title="bbox 2147 2180 3730 2276; baseline -0.013 -16"><span class='ocrx_word' id='word_1_300' title='bbox 2147 2206 2198 2260; x_wconf 81' lang='grc' dir='ltr'>οἳ</span> <span class='ocrx_word' id='word_1_301' title='bbox 2251 2205 2347 2259; x_wconf 75' lang='grc' dir='ltr'>καὶ</span> <span class='ocrx_word' id='word_1_302' title='bbox 2383 2202 2593 2276; x_wconf 88' lang='grc' dir='ltr'>πρῶτοι</span> <span class='ocrx_word' id='word_1_303' title='bbox 2622 2180 2855 2273; x_wconf 79' lang='grc' dir='ltr'>ήμελλον</span> <span class='ocrx_word' id='word_1_304' title='bbox 2902 2191 3287 2264; x_wconf 75' lang='grc' dir='ltr'>ἐπιγινώσκειν</span> <span class='ocrx_word' id='word_1_305' title='bbox 3333 2191 3423 2243; x_wconf 75' lang='grc' dir='ltr'><strong>τὸν</strong></span> <span class='ocrx_word' id='word_1_306' title='bbox 3462 2187 3730 2260; x_wconf 78' lang='grc' dir='ltr'>ἡμέτερον</span> 
     </span>
    </p>
   </div>
   <div class='ocr_carea' id='block_1_49' title="bbox 2148 2280 3727 2369">
    <p class='ocr_par' dir='ltr' id='par_1_49' title="bbox 2148 2280 3727 2369">
     <span class='ocr_line' id='line_1_49' title="bbox 2148 2280 3727 2369; baseline -0.014 -16"><span class='ocrx_word' id='word_1_307' title='bbox 2148 2299 2378 2369; x_wconf 82' lang='grc' dir='ltr'>Σωτῆρα</span> <span class='ocrx_word' id='word_1_308' title='bbox 2437 2295 2530 2349; x_wconf 81' lang='grc' dir='ltr'>τὸν</span> <span class='ocrx_word' id='word_1_309' title='bbox 2578 2290 2784 2364; x_wconf 82' lang='grc' dir='ltr'>Κύριον</span> <span class='ocrx_word' id='word_1_310' title='bbox 2836 2287 2993 2360; x_wconf 82' lang='grc' dir='ltr'>ἡμῶν</span> <span class='ocrx_word' id='word_1_311' title='bbox 3038 2283 3245 2355; x_wconf 80' lang='grc' dir='ltr'>Ἰησοῦν</span> <span class='ocrx_word' id='word_1_312' title='bbox 3303 2284 3396 2335; x_wconf 74' lang='grc' dir='ltr'><strong>τὸν</strong></span> <span class='ocrx_word' id='word_1_313' title='bbox 3454 2280 3727 2351; x_wconf 79' lang='grc' dir='ltr'>Χριστὸν,</span> 
     </span>
    </p>
   </div>
   <div class='ocr_carea' id='block_1_50' title="bbox 2147 2372 3746 2462">
    <p class='ocr_par' dir='ltr' id='par_1_50' title="bbox 2147 2372 3746 2462">
     <span class='ocr_line' id='line_1_50' title="bbox 2147 2372 3746 2462; baseline -0.011 -17"><span class='ocrx_word' id='word_1_314' title='bbox 2147 2390 2241 2445; x_wconf 75' lang='grc' dir='ltr'>καὶ</span> <span class='ocrx_word' id='word_1_315' title='bbox 2270 2385 2709 2462; x_wconf 81' lang='grc' dir='ltr'>προσκυνοῦντας</span> <span class='ocrx_word' id='word_1_316' title='bbox 2752 2381 3013 2448; x_wconf 80' lang='grc' dir='ltr'>δοξάζειν.</span> <span class='ocrx_word' id='word_1_317' title='bbox 3039 2379 3285 2449; x_wconf 84' lang='grc' dir='ltr'>Ἐρημον</span> <span class='ocrx_word' id='word_1_318' title='bbox 3312 2374 3372 2428; x_wconf 86' lang='grc' dir='ltr'>δὲ</span> <span class='ocrx_word' id='word_1_319' title='bbox 3423 2373 3519 2429; x_wconf 92' lang='grc' dir='ltr'><strong>νῦν</strong></span> <span class='ocrx_word' id='word_1_320' title='bbox 3559 2372 3746 2441; x_wconf 83' lang='grc' dir='ltr'>λέγει,.</span> 
     </span>
    </p>
   </div>
   <div class='ocr_carea' id='block_1_51' title="bbox 2146 2464 3730 2555">
    <p class='ocr_par' dir='ltr' id='par_1_51' title="bbox 2146 2464 3730 2555">
     <span class='ocr_line' id='line_1_51' title="bbox 2146 2464 3730 2555; baseline -0.013 -18"><span class='ocrx_word' id='word_1_321' title='bbox 2146 2482 2435 2555; x_wconf 79' lang='grc' dir='ltr'>ἀναφέρων</span> <span class='ocrx_word' id='word_1_322' title='bbox 2462 2480 2555 2535; x_wconf 83' lang='grc' dir='ltr'>τὸν</span> <span class='ocrx_word' id='word_1_323' title='bbox 2594 2477 2753 2545; x_wconf 84' lang='grc' dir='ltr'>λόγον</span> <span class='ocrx_word' id='word_1_324' title='bbox 2788 2475 2868 2537; x_wconf 80' lang='grc' dir='ltr'>εἰς</span> <span class='ocrx_word' id='word_1_325' title='bbox 2897 2472 2996 2535; x_wconf 83' lang='grc' dir='ltr'>τὰς</span> <span class='ocrx_word' id='word_1_326' title='bbox 3022 2469 3220 2541; x_wconf 75' lang='grc' dir='ltr'>ψυχὰς,</span> <span class='ocrx_word' id='word_1_327' title='bbox 3248 2468 3451 2529; x_wconf 82' lang='grc' dir='ltr'>αἵτινες</span> <span class='ocrx_word' id='word_1_328' title='bbox 3493 2464 3730 2537; x_wconf 77' lang='grc' dir='ltr'>ἐρημίαν</span> 
     </span>
    </p>
   </div>
   <div class='ocr_carea' id='block_1_52' title="bbox 2145 2554 3729 2642">
    <p class='ocr_par' dir='ltr' id='par_1_52' title="bbox 2145 2554 3729 2642">
     <span class='ocr_line' id='line_1_52' title="bbox 2145 2554 3729 2642; baseline -0.014 -13"><span class='ocrx_word' id='word_1_329' title='bbox 2145 2554 2553 2642; x_wconf 70' lang='grc' dir='ltr'>ἐταλαιπώρουν</span> <span class='ocrx_word' id='word_1_330' title='bbox 2581 2563 2913 2636; x_wconf 88' lang='grc' dir='ltr'>θεογνωσίας</span> <span class='ocrx_word' id='word_1_331' title='bbox 2950 2558 3336 2632; x_wconf 86' lang='grc' dir='ltr'>ἐστερημέναι.</span> <span class='ocrx_word' id='word_1_332' title='bbox 3390 2554 3729 2624; x_wconf 78' lang='grc' dir='ltr'>’Δναγκαίως</span> 
     </span>
    </p>
   </div>
   <div class='ocr_carea' id='block_1_53' title="bbox 2143 2647 3728 2734">
    <p class='ocr_par' dir='ltr' id='par_1_53' title="bbox 2143 2647 3728 2734">
     <span class='ocr_line' id='line_1_53' title="bbox 2143 2647 3728 2734; baseline -0.014 -12"><span class='ocrx_word' id='word_1_333' title='bbox 2143 2669 2201 2723; x_wconf 79' lang='grc' dir='ltr'>δὲ</span> <span class='ocrx_word' id='word_1_334' title='bbox 2229 2666 2325 2720; x_wconf 75' lang='grc' dir='ltr'>καὶ</span> <span class='ocrx_word' id='word_1_335' title='bbox 2364 2662 2463 2734; x_wconf 84' lang='grc' dir='ltr'><strong>τῆς</strong></span> <span class='ocrx_word' id='word_1_336' title='bbox 2509 2658 2703 2731; x_wconf 83' lang='grc' dir='ltr'>Κηδάρ</span> <span class='ocrx_word' id='word_1_337' title='bbox 2733 2651 3060 2728; x_wconf 86' lang='grc' dir='ltr'>μνημονεύει</span> <span class='ocrx_word' id='word_1_338' title='bbox 3080 2668 3093 2682; x_wconf 89' lang='grc'><strong>·</strong></span> <span class='ocrx_word' id='word_1_339' title='bbox 3135 2650 3224 2705; x_wconf 90' lang='grc' dir='ltr'><strong>διά</strong></span> <span class='ocrx_word' id='word_1_340' title='bbox 3247 2649 3438 2704; x_wconf 89' lang='grc' dir='ltr'>τούτου</span> <span class='ocrx_word' id='word_1_341' title='bbox 3461 2647 3728 2702; x_wconf 83' lang='grc' dir='ltr'>διδάσκων</span> 
     </span>
    </p>
   </div>
   <div class='ocr_carea' id='block_1_54' title="bbox 2145 2735 3729 2828">
    <p class='ocr_par' dir='ltr' id='par_1_54' title="bbox 2145 2735 3729 2828">
     <span class='ocr_line' id='line_1_54' title="bbox 2145 2735 3729 2828; baseline -0.013 -19"><span class='ocrx_word' id='word_1_342' title='bbox 2145 2759 2314 2828; x_wconf 82' lang='grc' dir='ltr'>ἡμᾶς,</span> <span class='ocrx_word' id='word_1_343' title='bbox 2346 2754 2429 2807; x_wconf 86' lang='grc' dir='ltr'>ὃτι</span> <span class='ocrx_word' id='word_1_344' title='bbox 2461 2752 2519 2804; x_wconf 77' lang='grc' dir='ltr'>αἱ</span> <span class='ocrx_word' id='word_1_345' title='bbox 2550 2744 2973 2818; x_wconf 79' lang='grc' dir='ltr'>ἀπομαχόμεναι</span> <span class='ocrx_word' id='word_1_346' title='bbox 3000 2740 3133 2813; x_wconf 85' lang='grc' dir='ltr'>πρὸς</span> <span class='ocrx_word' id='word_1_347' title='bbox 3160 2739 3259 2812; x_wconf 80' lang='grc' dir='ltr'><strong>τὴν</strong></span> <span class='ocrx_word' id='word_1_348' title='bbox 3300 2738 3605 2811; x_wconf 84' lang='grc' dir='ltr'>παρουσίαν</span> <span class='ocrx_word' id='word_1_349' title='bbox 3631 2735 3729 2790; x_wconf 87' lang='grc' dir='ltr'><strong>τοῦ</strong></span> 
     </span>
    </p>
   </div>
   <div class='ocr_carea' id='block_1_55' title="bbox 2145 2830 3729 2917">
    <p class='ocr_par' dir='ltr' id='par_1_55' title="bbox 2145 2830 3729 2917">
     <span class='ocr_line' id='line_1_55' title="bbox 2145 2830 3729 2917; baseline -0.012 -15"><span class='ocrx_word' id='word_1_350' title='bbox 2145 2848 2396 2917; x_wconf 80' lang='grc' dir='ltr'>Σωτῆρος</span> <span class='ocrx_word' id='word_1_351' title='bbox 2417 2842 2608 2913; x_wconf 75' lang='grc' dir='ltr'>ψυχαὶ,</span> <span class='ocrx_word' id='word_1_352' title='bbox 2631 2839 2861 2911; x_wconf 72' lang='grc' dir='ltr'>ὕστερον</span> <span class='ocrx_word' id='word_1_353' title='bbox 2906 2834 3295 2905; x_wconf 69' lang='grc' dir='ltr'>ἐπεγνωκυῑαι,</span> <span class='ocrx_word' id='word_1_354' title='bbox 3330 2830 3729 2903; x_wconf 86' lang='grc' dir='ltr'>ὁμολογήσουσι</span> 
     </span>
    </p>
   </div>
   <div class='ocr_carea' id='block_1_56' title="bbox 2142 2918 3729 3003">
    <p class='ocr_par' dir='ltr' id='par_1_56' title="bbox 2142 2918 3729 3003">
     <span class='ocr_line' id='line_1_56' title="bbox 2142 2918 3729 3003; baseline -0.013 -10"><span class='ocrx_word' id='word_1_355' title='bbox 2142 2937 2207 2993; x_wconf 78' lang='grc' dir='ltr'><strong>τὸ</strong></span> <span class='ocrx_word' id='word_1_356' title='bbox 2242 2936 2436 3000; x_wconf 79' lang='grc' dir='ltr'>σέϐας·</span> <span class='ocrx_word' id='word_1_357' title='bbox 2485 2934 2580 2989; x_wconf 75' lang='grc' dir='ltr'>καὶ</span> <span class='ocrx_word' id='word_1_358' title='bbox 2639 2932 2749 3003; x_wconf 83' lang='grc' dir='ltr'><strong>γὰρ</strong></span> <span class='ocrx_word' id='word_1_359' title='bbox 2796 2930 2891 2985; x_wconf 78' lang='grc' dir='ltr'>καὶ</span> <span class='ocrx_word' id='word_1_360' title='bbox 2941 2929 2975 2999; x_wconf 86' lang='grc' dir='ltr'><strong>ή</strong></span> <span class='ocrx_word' id='word_1_361' title='bbox 3020 2925 3213 2998; x_wconf 82' lang='grc' dir='ltr'>Κηδάρ</span> <span class='ocrx_word' id='word_1_362' title='bbox 3262 2923 3460 2995; x_wconf 88' lang='grc' dir='ltr'>χωρίον</span> <span class='ocrx_word' id='word_1_363' title='bbox 3512 2918 3582 2993; x_wconf 83' lang='grc' dir='ltr'>ἦν</span> <span class='ocrx_word' id='word_1_364' title='bbox 3633 2919 3729 2975; x_wconf 85' lang='grc' dir='ltr'><strong>τοῦ</strong></span> 
     </span>
    </p>
   </div>
   <div class='ocr_carea' id='block_1_57' title="bbox 2144 3014 3726 3105">
    <p class='ocr_par' dir='ltr' id='par_1_57' title="bbox 2144 3014 3726 3105">
     <span class='ocr_line' id='line_1_57' title="bbox 2144 3014 3726 3105; baseline -0.013 -19"><span class='ocrx_word' id='word_1_365' title='bbox 2144 3032 2335 3105; x_wconf 82' lang='grc' dir='ltr'>γένους</span> <span class='ocrx_word' id='word_1_366' title='bbox 2394 3027 2488 3083; x_wconf 90' lang='grc' dir='ltr'><strong>τοῦ</strong></span> <span class='ocrx_word' id='word_1_367' title='bbox 2546 3024 2755 3088; x_wconf 82' lang='grc' dir='ltr'>Ἠσαῦ,</span> <span class='ocrx_word' id='word_1_368' title='bbox 2813 3023 2844 3076; x_wconf 83' lang='grc' dir='ltr'><strong>δ</strong></span> <span class='ocrx_word' id='word_1_369' title='bbox 2907 3019 3132 3074; x_wconf 82' lang='grc' dir='ltr'>διετέλει</span> <span class='ocrx_word' id='word_1_370' title='bbox 3183 3015 3603 3088; x_wconf 82' lang='grc' dir='ltr'>ἀπομαχόμενον</span> <span class='ocrx_word' id='word_1_371' title='bbox 3658 3014 3726 3084; x_wconf 78' lang='grc' dir='ltr'>τῇ</span> 
     </span>
    </p>
   </div>
   <div class='ocr_carea' id='block_1_58' title="bbox 2154 3106 3742 3197">
    <p class='ocr_par' dir='ltr' id='par_1_58' title="bbox 2154 3106 3742 3197">
     <span class='ocr_line' id='line_1_58' title="bbox 2154 3106 3742 3197; baseline -0.013 -18"><span class='ocrx_word' id='word_1_372' title='bbox 2154 3121 2527 3197; x_wconf 79' lang='grc' dir='ltr'>Ἰερουσαλὴμ,</span> <span class='ocrx_word' id='word_1_373' title='bbox 2549 3119 2644 3174; x_wconf 72' lang='grc' dir='ltr'>καὶ</span> <span class='ocrx_word' id='word_1_374' title='bbox 2665 3115 3074 3185; x_wconf 86' lang='grc' dir='ltr'>ἐναντιούμενον</span> <span class='ocrx_word' id='word_1_375' title='bbox 3100 3114 3213 3176; x_wconf 87' lang='grc' dir='ltr'>τοῖς</span> <span class='ocrx_word' id='word_1_376' title='bbox 3231 3108 3433 3179; x_wconf 89' lang='grc' dir='ltr'>ταύτης</span> <span class='ocrx_word' id='word_1_377' title='bbox 3451 3106 3742 3178; x_wconf 85' lang='grc' dir='ltr'>νομίμοις..</span> 
     </span>
    </p>
   </div>
   <div class='ocr_carea' id='block_1_59' title="bbox 535 3214 2058 3307">
    <p class='ocr_par' dir='ltr' id='par_1_59' title="bbox 535 3226 2036 3291">
     <span class='ocr_line' id='line_1_59' title="bbox 535 3226 2036 3291; baseline 0.009 -15"><span class='ocrx_word' id='word_1_378' title='bbox 535 3226 699 3285; x_wconf 78' lang='lat' dir='ltr'><strong>Vens.</strong></span> <span class='ocrx_word' id='word_1_379' title='bbox 754 3230 841 3283; x_wconf 79' lang='grc'><strong>15.</strong></span> <span class='ocrx_word' id='word_1_380' title='bbox 886 3230 1193 3287; x_wconf 85' lang='lat' dir='ltr'><strong>Adventum</strong></span> <span class='ocrx_word' id='word_1_381' title='bbox 1236 3232 1540 3289; x_wconf 85' lang='lat' dir='ltr'><strong>Salvatoris</strong></span> <span class='ocrx_word' id='word_1_382' title='bbox 1572 3241 1627 3288; x_wconf 90' lang='lat' dir='ltr'><strong>et</strong></span> <span class='ocrx_word' id='word_1_383' title='bbox 1670 3233 1759 3289; x_wconf 88' lang='lat' dir='ltr'><strong>hic</strong></span> <span class='ocrx_word' id='word_1_384' title='bbox 1802 3234 2036 3291; x_wconf 81' lang='lat' dir='ltr'><strong>manife-</strong></span> 
     </span>
    </p>
   </div>
   <div class='ocr_carea' id='block_1_60' title="bbox 2145 3214 3729 3307">
    <p class='ocr_par' dir='ltr' id='par_1_60' title="bbox 2215 3214 3729 3306">
     <span class='ocr_line' id='line_1_60' title="bbox 2215 3214 3729 3306; baseline -0.013 -18"><span class='ocrx_word' id='word_1_385' title='bbox 2215 3235 2327 3306; x_wconf 83' lang='grc' dir='ltr'><strong>Τὴν</strong></span> <span class='ocrx_word' id='word_1_386' title='bbox 2364 3230 2459 3287; x_wconf 89' lang='grc' dir='ltr'><strong>τοῦ</strong></span> <span class='ocrx_word' id='word_1_387' title='bbox 2499 3230 2753 3301; x_wconf 77' lang='grc' dir='ltr'>Σωτῆρος</span> <span class='ocrx_word' id='word_1_388' title='bbox 2786 3223 3082 3296; x_wconf 85' lang='grc' dir='ltr'>ἐπιδημίαν</span> <span class='ocrx_word' id='word_1_389' title='bbox 3115 3222 3209 3275; x_wconf 81' lang='grc' dir='ltr'>καὶ</span> <span class='ocrx_word' id='word_1_390' title='bbox 3241 3218 3474 3274; x_wconf 82' lang='grc' dir='ltr'>ἐνταῦθα</span> <span class='ocrx_word' id='word_1_391' title='bbox 3511 3214 3729 3289; x_wconf 79' lang='grc' dir='ltr'>τρανῶς</span> 
     </span>
    </p>
   </div>
   <div class='ocr_carea' id='block_1_61' title="bbox 459 3319 2037 3394">
    <p class='ocr_par' dir='ltr' id='par_1_61' title="bbox 459 3319 2037 3394">
     <span class='ocr_line' id='line_1_61' title="bbox 459 3319 2037 3394; baseline 0.006 -21"><span class='ocrx_word' id='word_1_392' title='bbox 459 3319 599 3375; x_wconf 84' lang='lat' dir='ltr'><strong>stius</strong></span> <span class='ocrx_word' id='word_1_393' title='bbox 632 3319 861 3386; x_wconf 91' lang='lat' dir='ltr'><strong>indicat,</strong></span> <span class='ocrx_word' id='word_1_394' title='bbox 893 3323 987 3392; x_wconf 89' lang='lat' dir='ltr'><strong>qui</strong></span> <span class='ocrx_word' id='word_1_395' title='bbox 1032 3339 1219 3394; x_wconf 83' lang='lat' dir='ltr'><strong>pacem</strong></span> <span class='ocrx_word' id='word_1_396' title='bbox 1254 3324 1417 3380; x_wconf 89' lang='lat' dir='ltr'><strong>nobis</strong></span> <span class='ocrx_word' id='word_1_397' title='bbox 1453 3324 1663 3392; x_wconf 78' lang='lat' dir='ltr'><strong>aﬂ&#39;eret,</strong></span> <span class='ocrx_word' id='word_1_398' title='bbox 1700 3335 1776 3391; x_wconf 91' lang='lat' dir='ltr'><strong>et,</strong></span> <span class='ocrx_word' id='word_1_399' title='bbox 1814 3327 1883 3382; x_wconf 89' lang='lat' dir='ltr'><strong>ad</strong></span> <span class='ocrx_word' id='word_1_400' title='bbox 1916 3327 2037 3382; x_wconf 90' lang='lat' dir='ltr'><strong>vin-</strong></span> 
     </span>
    </p>
   </div>
   <div class='ocr_carea' id='block_1_62' title="bbox 459 3412 2039 3486">
    <p class='ocr_par' dir='ltr' id='par_1_62' title="bbox 459 3412 2039 3486">
     <span class='ocr_line' id='line_1_62' title="bbox 459 3412 2039 3486; baseline 0.006 -20"><span class='ocrx_word' id='word_1_401' title='bbox 459 3412 662 3467; x_wconf 85' lang='lat' dir='ltr'><strong>dictam</strong></span> <span class='ocrx_word' id='word_1_402' title='bbox 713 3415 1005 3486; x_wconf 89' lang='lat' dir='ltr'><strong>semetipse</strong></span> <span class='ocrx_word' id='word_1_403' title='bbox 1060 3433 1446 3484; x_wconf 91' lang='lat' dir='ltr'><strong>commovens,</strong></span> <span class='ocrx_word' id='word_1_404' title='bbox 1504 3418 1715 3474; x_wconf 89' lang='lat' dir='ltr'><strong>inimici</strong></span> <span class='ocrx_word' id='word_1_405' title='bbox 1790 3421 1936 3477; x_wconf 87' lang='lat' dir='ltr'><strong>vires</strong></span> <span class='ocrx_word' id='word_1_406' title='bbox 1982 3429 2039 3477; x_wconf 89' lang='lat' dir='ltr'><strong>et</strong></span> 
     </span>
    </p>
   </div>
   <div class='ocr_carea' id='block_1_63' title="bbox 460 3505 2040 3575">
    <p class='ocr_par' dir='ltr' id='par_1_63' title="bbox 460 3505 2040 3575">
     <span class='ocr_line' id='line_1_63' title="bbox 460 3505 2040 3575; baseline 0.006 -16"><span class='ocrx_word' id='word_1_407' title='bbox 460 3505 774 3575; x_wconf 87' lang='lat' dir='ltr'><strong>superbiam</strong></span> <span class='ocrx_word' id='word_1_408' title='bbox 814 3517 1084 3565; x_wconf 86' lang='lat' dir='ltr'><strong>conteret.</strong></span> <span class='ocrx_word' id='word_1_409' title='bbox 1117 3507 1255 3564; x_wconf 89' lang='lat' dir='ltr'><strong>Nam</strong></span> <span class='ocrx_word' id='word_1_410' title='bbox 1296 3509 1510 3567; x_wconf 89' lang='lat' dir='ltr'><strong>hostem</strong></span> <span class='ocrx_word' id='word_1_411' title='bbox 1541 3523 1596 3567; x_wconf 85' lang='lat' dir='ltr'><strong>et</strong></span> <span class='ocrx_word' id='word_1_412' title='bbox 1626 3511 1909 3567; x_wconf 89' lang='lat' dir='ltr'><strong>inimicum</strong></span> <span class='ocrx_word' id='word_1_413' title='bbox 1942 3529 2040 3569; x_wconf 84' lang='lat' dir='ltr'><strong>no-</strong></span> 
     </span>
    </p>
   </div>
   <div class='ocr_carea' id='block_1_64' title="bbox 457 3602 2034 3674">
    <p class='ocr_par' dir='ltr' id='par_1_64' title="bbox 457 3602 2034 3674">
     <span class='ocr_line' id='line_1_64' title="bbox 457 3602 2034 3674; baseline 0.006 -21"><span class='ocrx_word' id='word_1_414' title='bbox 457 3608 630 3653; x_wconf 89' lang='lat' dir='ltr'><strong>strum</strong></span> <span class='ocrx_word' id='word_1_415' title='bbox 663 3614 774 3653; x_wconf 90' lang='lat' dir='ltr'><strong>non</strong></span> <span class='ocrx_word' id='word_1_416' title='bbox 816 3602 1153 3672; x_wconf 79' lang='lat' dir='ltr'><strong>aggreditur,</strong></span> <span class='ocrx_word' id='word_1_417' title='bbox 1186 3605 1347 3674; x_wconf 90' lang='lat' dir='ltr'><strong>quasi</strong></span> <span class='ocrx_word' id='word_1_418' title='bbox 1391 3603 1588 3661; x_wconf 85' lang='lat' dir='ltr'><strong>fuisset</strong></span> <span class='ocrx_word' id='word_1_419' title='bbox 1621 3605 1740 3660; x_wconf 85' lang='lat' dir='ltr'><strong>zelo</strong></span> <span class='ocrx_word' id='word_1_420' title='bbox 1770 3605 2034 3672; x_wconf 82' lang='lat' dir='ltr'><strong>aﬂ&#39;ectus;</strong></span> 
     </span>
    </p>
   </div>
   <div class='ocr_carea' id='block_1_65' title="bbox 456 3693 2036 3768">
    <p class='ocr_par' dir='ltr' id='par_1_65' title="bbox 456 3693 2036 3768">
     <span class='ocr_line' id='line_1_65' title="bbox 456 3693 2036 3768; baseline 0.008 -25"><span class='ocrx_word' id='word_1_421' title='bbox 456 3705 666 3746; x_wconf 86' lang='lat' dir='ltr'><strong>vacuus</strong></span> <span class='ocrx_word' id='word_1_422' title='bbox 691 3693 839 3746; x_wconf 89' lang='lat' dir='ltr'><strong>enim</strong></span> <span class='ocrx_word' id='word_1_423' title='bbox 866 3695 935 3749; x_wconf 81' lang='lat' dir='ltr'><strong>ab</strong></span> <span class='ocrx_word' id='word_1_424' title='bbox 958 3695 1108 3749; x_wconf 91' lang='lat' dir='ltr'><strong>omni</strong></span> <span class='ocrx_word' id='word_1_425' title='bbox 1142 3696 1386 3752; x_wconf 87' lang='lat' dir='ltr'><strong>humano</strong></span> <span class='ocrx_word' id='word_1_426' title='bbox 1414 3695 1633 3761; x_wconf 81' lang='lat' dir='ltr'><strong>aﬂ‘ectu,</strong></span> <span class='ocrx_word' id='word_1_427' title='bbox 1661 3705 1848 3768; x_wconf 89' lang='lat' dir='ltr'><strong>utpote</strong></span> <span class='ocrx_word' id='word_1_428' title='bbox 1868 3697 2036 3767; x_wconf 88' lang='lat' dir='ltr'><strong>Deus,</strong></span> 
     </span>
    </p>
   </div>
   <div class='ocr_carea' id='block_1_66' title="bbox 464 3781 2039 3860">
    <p class='ocr_par' dir='ltr' id='par_1_66' title="bbox 464 3781 2039 3860">
     <span class='ocr_line' id='line_1_66' title="bbox 464 3781 2039 3860; baseline 0.01 -29"><span class='ocrx_word' id='word_1_429' title='bbox 464 3781 761 3849; x_wconf 88' lang='lat' dir='ltr'><strong>semetipse</strong></span> <span class='ocrx_word' id='word_1_430' title='bbox 817 3782 887 3837; x_wconf 86' lang='lat' dir='ltr'><strong>ad</strong></span> <span class='ocrx_word' id='word_1_431' title='bbox 932 3782 1234 3839; x_wconf 81' lang='lat' dir='ltr'><strong>vindictam</strong></span> <span class='ocrx_word' id='word_1_432' title='bbox 1308 3787 1713 3857; x_wconf 88' lang='lat' dir='ltr'><strong>commovebit;</strong></span> <span class='ocrx_word' id='word_1_433' title='bbox 1783 3789 1932 3860; x_wconf 88' lang='lat' dir='ltr'><strong>quod</strong></span> <span class='ocrx_word' id='word_1_434' title='bbox 1984 3798 2039 3846; x_wconf 86' lang='lat' dir='ltr'><strong>et</strong></span> 
     </span>
    </p>
   </div>
   <div class='ocr_carea' id='block_1_67' title="bbox 457 3874 2048 3953">
    <p class='ocr_par' dir='ltr' id='par_1_67' title="bbox 457 3874 2048 3953">
     <span class='ocr_line' id='line_1_67' title="bbox 457 3874 2048 3953; baseline 0.01 -30"><span class='ocrx_word' id='word_1_435' title='bbox 457 3885 628 3927; x_wconf 88' lang='lat' dir='ltr'><strong>carne</strong></span> <span class='ocrx_word' id='word_1_436' title='bbox 662 3883 944 3944; x_wconf 86' lang='lat' dir='ltr'><strong>suscepta,</strong></span> <span class='ocrx_word' id='word_1_437' title='bbox 990 3874 1144 3931; x_wconf 81' lang='lat' dir='ltr'><strong>fecit.</strong></span> <span class='ocrx_word' id='word_1_438' title='bbox 1177 3876 1314 3933; x_wconf 83' lang='lat' dir='ltr'><strong>Nam</strong></span> <span class='ocrx_word' id='word_1_439' title='bbox 1346 3894 1473 3934; x_wconf 91' lang='lat' dir='ltr'><strong>eum</strong></span> <span class='ocrx_word' id='word_1_440' title='bbox 1532 3880 1887 3938; x_wconf 68' lang='lat' dir='ltr'><strong>intremuisse</strong></span> <span class='ocrx_word' id='word_1_441' title='bbox 1927 3883 2048 3953; x_wconf 72' lang='lat' dir='ltr'><strong>spi-</strong></span> 
     </span>
    </p>
   </div>
   <div class='ocr_carea' id='block_1_68' title="bbox 458 3962 2037 4045">
    <p class='ocr_par' dir='ltr' id='par_1_68' title="bbox 458 3962 2037 4045">
     <span class='ocr_line' id='line_1_68' title="bbox 458 3962 2037 4045; baseline 0.009 -30"><span class='ocrx_word' id='word_1_442' title='bbox 458 3962 570 4017; x_wconf 91' lang='lat' dir='ltr'><strong>ritu</strong></span> <span class='ocrx_word' id='word_1_443' title='bbox 595 3965 640 3996; x_wconf 82' lang='grc'><strong>¹⁶</strong></span> <span class='ocrx_word' id='word_1_444' title='bbox 669 3976 900 4022; x_wconf 90' lang='lat' dir='ltr'><strong>narrant</strong></span> <span class='ocrx_word' id='word_1_445' title='bbox 925 3971 1291 4041; x_wconf 74' lang='lat' dir='ltr'><strong>evangelisue,</strong></span> <span class='ocrx_word' id='word_1_446' title='bbox 1335 3971 1567 4028; x_wconf 89' lang='lat' dir='ltr'><strong>liberum</strong></span> <span class='ocrx_word' id='word_1_447' title='bbox 1598 3974 1720 4045; x_wconf 87' lang='lat' dir='ltr'><strong>ejus</strong></span> <span class='ocrx_word' id='word_1_448' title='bbox 1749 3975 2037 4031; x_wconf 86' lang='lat' dir='ltr'><strong>arbitrium</strong></span> 
     </span>
    </p>
   </div>
   <div class='ocr_carea' id='block_1_69' title="bbox 456 4056 2039 4139">
    <p class='ocr_par' dir='ltr' id='par_1_69' title="bbox 456 4056 2039 4139">
     <span class='ocr_line' id='line_1_69' title="bbox 456 4056 2039 4139; baseline 0.008 -29"><span class='ocrx_word' id='word_1_449' title='bbox 456 4056 842 4126; x_wconf 86' lang='lat' dir='ltr'><strong>declarantes;</strong></span> <span class='ocrx_word' id='word_1_450' title='bbox 874 4076 1003 4116; x_wconf 91' lang='lat' dir='ltr'><strong>nam</strong></span> <span class='ocrx_word' id='word_1_451' title='bbox 1038 4063 1308 4137; x_wconf 80' lang='lat' dir='ltr'><strong>lacrymas</strong></span> <span class='ocrx_word' id='word_1_452' title='bbox 1336 4063 1547 4132; x_wconf 83' lang='lat' dir='ltr'><strong>effudit,</strong></span> <span class='ocrx_word' id='word_1_453' title='bbox 1580 4074 1634 4122; x_wconf 88' lang='lat' dir='ltr'><strong>et</strong></span> <span class='ocrx_word' id='word_1_454' title='bbox 1671 4082 1873 4139; x_wconf 86' lang='lat' dir='ltr'><strong>corpus</strong></span> <span class='ocrx_word' id='word_1_455' title='bbox 1911 4068 2039 4123; x_wconf 84' lang='lat' dir='ltr'><strong>fati-</strong></span> 
     </span>
    </p>
   </div>
   <div class='ocr_carea' id='block_1_70' title="bbox 456 4152 2037 4232">
    <p class='ocr_par' dir='ltr' id='par_1_70' title="bbox 456 4152 2037 4232">
     <span class='ocr_line' id='line_1_70' title="bbox 456 4152 2037 4232; baseline 0.008 -29"><span class='ocrx_word' id='word_1_456' title='bbox 456 4158 642 4219; x_wconf 83' lang='lat' dir='ltr'><strong>gatum</strong></span> <span class='ocrx_word' id='word_1_457' title='bbox 670 4152 711 4183; x_wconf 80' lang='grc'>¹⁷</span> <span class='ocrx_word' id='word_1_458' title='bbox 747 4157 937 4223; x_wconf 86' lang='lat' dir='ltr'><strong>sensit,</strong></span> <span class='ocrx_word' id='word_1_459' title='bbox 964 4156 1192 4215; x_wconf 82' lang='lat' dir='ltr'><strong>allectus</strong></span> <span class='ocrx_word' id='word_1_460' title='bbox 1228 4158 1367 4215; x_wconf 87' lang='lat' dir='ltr'><strong>istos</strong></span> <span class='ocrx_word' id='word_1_461' title='bbox 1392 4158 1538 4215; x_wconf 91' lang='lat' dir='ltr'><strong>haud</strong></span> <span class='ocrx_word' id='word_1_462' title='bbox 1582 4159 1787 4216; x_wconf 88' lang='lat' dir='ltr'><strong>invitus</strong></span> <span class='ocrx_word' id='word_1_463' title='bbox 1814 4175 2037 4232; x_wconf 82' lang='lat' dir='ltr'><strong>perpes-</strong></span> 
     </span>
    </p>
   </div>
   <div class='ocr_carea' id='block_1_71' title="bbox 456 4245 2038 4323">
    <p class='ocr_par' dir='ltr' id='par_1_71' title="bbox 456 4245 2038 4323">
     <span class='ocr_line' id='line_1_71' title="bbox 456 4245 2038 4323; baseline 0.01 -27"><span class='ocrx_word' id='word_1_464' title='bbox 456 4258 576 4309; x_wconf 88' lang='lat' dir='ltr'><strong>sus,</strong></span> <span class='ocrx_word' id='word_1_465' title='bbox 612 4245 712 4300; x_wconf 89' lang='lat' dir='ltr'><strong>sed</strong></span> <span class='ocrx_word' id='word_1_466' title='bbox 745 4247 925 4304; x_wconf 84' lang='lat' dir='ltr'><strong>libens</strong></span> <span class='ocrx_word' id='word_1_467' title='bbox 952 4249 1019 4306; x_wconf 91' lang='lat' dir='ltr'><strong>iis</strong></span> <span class='ocrx_word' id='word_1_468' title='bbox 1056 4266 1261 4323; x_wconf 89' lang='lat' dir='ltr'><strong>corpus</strong></span> <span class='ocrx_word' id='word_1_469' title='bbox 1292 4267 1453 4308; x_wconf 91' lang='lat' dir='ltr'><strong>suum</strong></span> <span class='ocrx_word' id='word_1_470' title='bbox 1485 4252 1743 4323; x_wconf 86' lang='lat' dir='ltr'><strong>subjecit.</strong></span> <span class='ocrx_word' id='word_1_471' title='bbox 1776 4252 2038 4312; x_wconf 85' lang='lat' dir='ltr'><strong>Homines</strong></span> 
     </span>
    </p>
   </div>
   <div class='ocr_carea' id='block_1_72' title="bbox 455 4338 2039 4417">
    <p class='ocr_par' dir='ltr' id='par_1_72' title="bbox 455 4338 2039 4417">
     <span class='ocr_line' id='line_1_72' title="bbox 455 4338 2039 4417; baseline 0.006 -24"><span class='ocrx_word' id='word_1_472' title='bbox 455 4338 677 4407; x_wconf 89' lang='lat' dir='ltr'><strong>quidem</strong></span> <span class='ocrx_word' id='word_1_473' title='bbox 727 4356 828 4396; x_wconf 91' lang='lat' dir='ltr'><strong>nos</strong></span> <span class='ocrx_word' id='word_1_474' title='bbox 885 4342 1159 4413; x_wconf 79' lang='lat' dir='ltr'><strong>lacrymas</strong></span> <span class='ocrx_word' id='word_1_475' title='bbox 1212 4343 1619 4416; x_wconf 82' lang='lat' dir='ltr'><strong>profundimus,</strong></span> <span class='ocrx_word' id='word_1_476' title='bbox 1666 4360 1780 4401; x_wconf 90' lang='lat' dir='ltr'><strong>non</strong></span> <span class='ocrx_word' id='word_1_477' title='bbox 1819 4346 2039 4417; x_wconf 88' lang='lat' dir='ltr'><strong>quando</strong></span> 
     </span>
    </p>
   </div>
   <div class='ocr_carea' id='block_1_73' title="bbox 455 4430 2034 4507">
    <p class='ocr_par' dir='ltr' id='par_1_73' title="bbox 455 4430 2034 4507">
     <span class='ocr_line' id='line_1_73' title="bbox 455 4430 2034 4507; baseline 0.007 -24"><span class='ocrx_word' id='word_1_478' title='bbox 455 4430 830 4499; x_wconf 83' lang='lat' dir='ltr'><strong>voluerimus;</strong></span> <span class='ocrx_word' id='word_1_479' title='bbox 881 4434 979 4489; x_wconf 89' lang='lat' dir='ltr'><strong>sed</strong></span> <span class='ocrx_word' id='word_1_480' title='bbox 1010 4435 1141 4505; x_wconf 91' lang='lat' dir='ltr'><strong>quia</strong></span> <span class='ocrx_word' id='word_1_481' title='bbox 1172 4436 1278 4490; x_wconf 67' lang='lat' dir='ltr'><strong>illae</strong></span> <span class='ocrx_word' id='word_1_482' title='bbox 1310 4437 1563 4507; x_wconf 88' lang='lat' dir='ltr'><strong>corporei</strong></span> <span class='ocrx_word' id='word_1_483' title='bbox 1597 4436 1829 4494; x_wconf 72' lang='lat' dir='ltr'><strong>aﬁ‘ectus</strong></span> <span class='ocrx_word' id='word_1_484' title='bbox 1883 4446 2034 4505; x_wconf 86' lang='lat' dir='ltr'><strong>sunt,</strong></span> 
     </span>
    </p>
   </div>
   <div class='ocr_carea' id='block_1_74' title="bbox 455 4522 2033 4595">
    <p class='ocr_par' dir='ltr' id='par_1_74' title="bbox 455 4522 2033 4595">
     <span class='ocr_line' id='line_1_74' title="bbox 455 4522 2033 4595; baseline 0.008 -21"><span class='ocrx_word' id='word_1_485' title='bbox 455 4522 567 4577; x_wconf 89' lang='lat' dir='ltr'><strong>illis</strong></span> <span class='ocrx_word' id='word_1_486' title='bbox 597 4524 680 4579; x_wconf 87' lang='lat' dir='ltr'><strong>vel</strong></span> <span class='ocrx_word' id='word_1_487' title='bbox 710 4524 868 4580; x_wconf 86' lang='lat' dir='ltr'><strong>inviti</strong></span> <span class='ocrx_word' id='word_1_488' title='bbox 895 4541 1217 4595; x_wconf 86' lang='lat' dir='ltr'><strong>movemur;</strong></span> <span class='ocrx_word' id='word_1_489' title='bbox 1248 4528 1316 4584; x_wconf 92' lang='lat' dir='ltr'><strong>de</strong></span> <span class='ocrx_word' id='word_1_490' title='bbox 1342 4528 1454 4585; x_wconf 91' lang='lat' dir='ltr'><strong>Deo</strong></span> <span class='ocrx_word' id='word_1_491' title='bbox 1485 4537 1668 4586; x_wconf 89' lang='lat' dir='ltr'><strong>autem</strong></span> <span class='ocrx_word' id='word_1_492' title='bbox 1700 4545 1813 4585; x_wconf 93' lang='lat' dir='ltr'><strong>non</strong></span> <span class='ocrx_word' id='word_1_493' title='bbox 1843 4532 2033 4588; x_wconf 88' lang='lat' dir='ltr'><strong>eadem</strong></span> 
     </span>
    </p>
   </div>
   <div class='ocr_carea' id='block_1_75' title="bbox 2145 3308 3732 3398">
    <p class='ocr_par' dir='ltr' id='par_1_75' title="bbox 2145 3308 3732 3398">
     <span class='ocr_line' id='line_1_75' title="bbox 2145 3308 3732 3398; baseline -0.014 -15"><span class='ocrx_word' id='word_1_494' title='bbox 2145 3326 2497 3398; x_wconf 87' lang='grc' dir='ltr'>ὑπαγορεύει,</span> <span class='ocrx_word' id='word_1_495' title='bbox 2540 3323 2599 3387; x_wconf 83' lang='grc' dir='ltr'>ὃς</span> <span class='ocrx_word' id='word_1_496' title='bbox 2626 3323 2756 3395; x_wconf 82' lang='grc' dir='ltr'>ήμῖν</span> <span class='ocrx_word' id='word_1_497' title='bbox 2789 3320 2887 3391; x_wconf 81' lang='grc' dir='ltr'>μὲν</span> <span class='ocrx_word' id='word_1_498' title='bbox 2933 3316 3156 3389; x_wconf 82' lang='grc' dir='ltr'>εἰρήνην</span> <span class='ocrx_word' id='word_1_499' title='bbox 3187 3310 3440 3385; x_wconf 72' lang='grc' dir='ltr'>βραϐεύει</span> <span class='ocrx_word' id='word_1_500' title='bbox 3465 3351 3479 3376; x_wconf 90' lang='grc'><strong>,</strong></span> <span class='ocrx_word' id='word_1_501' title='bbox 3511 3308 3732 3364; x_wconf 72' lang='grc' dir='ltr'>καθελεῖ</span> 
     </span>
    </p>
   </div>
   <div class='ocr_carea' id='block_1_76' title="bbox 2141 3401 3728 3486">
    <p class='ocr_par' dir='ltr' id='par_1_76' title="bbox 2141 3401 3728 3486">
     <span class='ocr_line' id='line_1_76' title="bbox 2141 3401 3728 3486; baseline -0.012 -12"><span class='ocrx_word' id='word_1_502' title='bbox 2141 3421 2197 3474; x_wconf 89' lang='grc' dir='ltr'><strong>δέ</strong></span> <span class='ocrx_word' id='word_1_503' title='bbox 2236 3420 2415 3473; x_wconf 83' lang='grc' dir='ltr'>πᾶσαν</span> <span class='ocrx_word' id='word_1_504' title='bbox 2461 3415 2691 3486; x_wconf 87' lang='grc' dir='ltr'>δύναμίν</span> <span class='ocrx_word' id='word_1_505' title='bbox 2733 3429 2794 3465; x_wconf 89' lang='grc' dir='ltr'><strong>τε</strong></span> <span class='ocrx_word' id='word_1_506' title='bbox 2852 3412 2947 3464; x_wconf 75' lang='grc' dir='ltr'>καὶ</span> <span class='ocrx_word' id='word_1_507' title='bbox 2978 3406 3298 3472; x_wconf 80' lang='grc' dir='ltr'>ἀλαζονείαν</span> <span class='ocrx_word' id='word_1_508' title='bbox 3345 3403 3440 3458; x_wconf 89' lang='grc' dir='ltr'><strong>τοῦ</strong></span> <span class='ocrx_word' id='word_1_509' title='bbox 3488 3401 3728 3474; x_wconf 86' lang='grc' dir='ltr'>ἐχθροῦ,</span> 
     </span>
    </p>
   </div>
   <div class='ocr_carea' id='block_1_77' title="bbox 2142 3494 3731 3583">
    <p class='ocr_par' dir='ltr' id='par_1_77' title="bbox 2142 3494 3731 3583">
     <span class='ocr_line' id='line_1_77' title="bbox 2142 3494 3731 3583; baseline -0.012 -16"><span class='ocrx_word' id='word_1_510' title='bbox 2142 3513 2331 3567; x_wconf 82' lang='grc' dir='ltr'>ἐαυτὸν</span> <span class='ocrx_word' id='word_1_511' title='bbox 2372 3510 2600 3583; x_wconf 83' lang='grc' dir='ltr'>κινήσας</span> <span class='ocrx_word' id='word_1_512' title='bbox 2637 3506 2775 3579; x_wconf 83' lang='grc' dir='ltr'>πρὸς</span> <span class='ocrx_word' id='word_1_513' title='bbox 2819 3502 3091 3558; x_wconf 80' lang='grc' dir='ltr'>ἐκδικίαν·</span> <span class='ocrx_word' id='word_1_514' title='bbox 3130 3498 3253 3553; x_wconf 82' lang='grc' dir='ltr'>οὐδὲ</span> <span class='ocrx_word' id='word_1_515' title='bbox 3299 3497 3410 3569; x_wconf 87' lang='grc' dir='ltr'><strong>γάρ</strong></span> <span class='ocrx_word' id='word_1_516' title='bbox 3447 3497 3523 3560; x_wconf 83' lang='grc' dir='ltr'>ὡς</span> <span class='ocrx_word' id='word_1_517' title='bbox 3556 3494 3731 3559; x_wconf 82' lang='grc' dir='ltr'>πάθος</span> 
     </span>
    </p>
   </div>
   <div class='ocr_carea' id='block_1_78' title="bbox 2142 3588 3747 3678">
    <p class='ocr_par' dir='ltr' id='par_1_78' title="bbox 2142 3588 3747 3678">
     <span class='ocr_line' id='line_1_78' title="bbox 2142 3588 3747 3678; baseline -0.011 -19"><span class='ocrx_word' id='word_1_518' title='bbox 2142 3607 2430 3678; x_wconf 82' lang='grc' dir='ltr'>ὑπομένων</span> <span class='ocrx_word' id='word_1_519' title='bbox 2485 3600 2848 3673; x_wconf 76' lang='grc' dir='ltr'>ζηλοτυπίας,</span> <span class='ocrx_word' id='word_1_520' title='bbox 2904 3594 3145 3666; x_wconf 79' lang='grc' dir='ltr'>χωρήσει</span> <span class='ocrx_word' id='word_1_521' title='bbox 3199 3591 3340 3645; x_wconf 86' lang='grc' dir='ltr'>κατὰ</span> <span class='ocrx_word' id='word_1_522' title='bbox 3383 3588 3580 3662; x_wconf 81' lang='grc' dir='ltr'>ἐχθροῦ</span> <span class='ocrx_word' id='word_1_523' title='bbox 3635 3588 3747 3642; x_wconf 77' lang='grc' dir='ltr'>καὶ.</span> 
     </span>
    </p>
   </div>
   <div class='ocr_carea' id='block_1_79' title="bbox 2143 3680 3730 3770">
    <p class='ocr_par' dir='ltr' id='par_1_79' title="bbox 2143 3680 3730 3770">
     <span class='ocr_line' id='line_1_79' title="bbox 2143 3680 3730 3770; baseline -0.014 -16"><span class='ocrx_word' id='word_1_524' title='bbox 2143 3698 2403 3770; x_wconf 84' lang='grc' dir='ltr'>πολεμίου</span> <span class='ocrx_word' id='word_1_525' title='bbox 2447 3698 2610 3768; x_wconf 84' lang='grc' dir='ltr'>ἡμῖν·</span> <span class='ocrx_word' id='word_1_526' title='bbox 2648 3692 2764 3748; x_wconf 87' lang='grc' dir='ltr'>ἀλλ’</span> <span class='ocrx_word' id='word_1_527' title='bbox 2813 3687 3098 3759; x_wconf 85' lang='grc' dir='ltr'>ἐλεύθερος</span> <span class='ocrx_word' id='word_1_528' title='bbox 3157 3684 3233 3741; x_wconf 81' lang='grc' dir='ltr'><strong>ῶν</strong></span> <span class='ocrx_word' id='word_1_529' title='bbox 3279 3685 3478 3747; x_wconf 87' lang='grc' dir='ltr'>παντὸς</span> <span class='ocrx_word' id='word_1_530' title='bbox 3523 3680 3730 3743; x_wconf 84' lang='grc' dir='ltr'>πάθους</span> 
     </span>
    </p>
   </div>
   <div class='ocr_carea' id='block_1_80' title="bbox 2142 3774 3727 3862">
    <p class='ocr_par' dir='ltr' id='par_1_80' title="bbox 2142 3774 3727 3862">
     <span class='ocr_line' id='line_1_80' title="bbox 2142 3774 3727 3862; baseline -0.014 -16"><span class='ocrx_word' id='word_1_531' title='bbox 2142 3789 2482 3862; x_wconf 85' lang='grc' dir='ltr'>ἀνθρωπίνου</span> <span class='ocrx_word' id='word_1_532' title='bbox 2522 3787 2618 3841; x_wconf 82' lang='grc' dir='ltr'>ἆτε</span> <span class='ocrx_word' id='word_1_533' title='bbox 2649 3784 2782 3847; x_wconf 80' lang='grc' dir='ltr'>Θεὸς</span> <span class='ocrx_word' id='word_1_534' title='bbox 2821 3781 3015 3835; x_wconf 76' lang='grc' dir='ltr'>ἐαυτὸν</span> <span class='ocrx_word' id='word_1_535' title='bbox 3045 3779 3260 3849; x_wconf 86' lang='grc' dir='ltr'>κινήσει</span> <span class='ocrx_word' id='word_1_536' title='bbox 3312 3774 3449 3848; x_wconf 82' lang='grc' dir='ltr'>πρὸς</span> <span class='ocrx_word' id='word_1_537' title='bbox 3481 3774 3727 3845; x_wconf 75' lang='grc' dir='ltr'>ἄμυνανο</span> 
     </span>
    </p>
   </div>
   <div class='ocr_carea' id='block_1_81' title="bbox 2142 3862 3733 3944">
    <p class='ocr_par' dir='ltr' id='par_1_81' title="bbox 2142 3862 3733 3944">
     <span class='ocr_line' id='line_1_81' title="bbox 2142 3862 3733 3944; baseline -0.012 -12"><span class='ocrx_word' id='word_1_538' title='bbox 2142 3876 2327 3941; x_wconf 86' lang='grc' dir='ltr'>καθὼς</span> <span class='ocrx_word' id='word_1_539' title='bbox 2354 3877 2449 3929; x_wconf 71' lang='grc' dir='ltr'>καὶ</span> <span class='ocrx_word' id='word_1_540' title='bbox 2495 3877 2553 3928; x_wconf 91' lang='grc' dir='ltr'><strong>ἐν</strong></span> <span class='ocrx_word' id='word_1_541' title='bbox 2587 3872 2750 3944; x_wconf 76' lang='grc' dir='ltr'>σαρκὶ</span> <span class='ocrx_word' id='word_1_542' title='bbox 2783 3871 2972 3941; x_wconf 72' lang='grc' dir='ltr'>φανεὶς</span> <span class='ocrx_word' id='word_1_543' title='bbox 2996 3867 3268 3938; x_wconf 88' lang='grc' dir='ltr'>πεποίηκε</span> <span class='ocrx_word' id='word_1_544' title='bbox 3288 3882 3301 3894; x_wconf 89' lang='grc'><strong>·</strong></span> <span class='ocrx_word' id='word_1_545' title='bbox 3340 3863 3420 3935; x_wconf 82' lang='grc' dir='ltr'>τῷ</span> <span class='ocrx_word' id='word_1_546' title='bbox 3465 3863 3596 3934; x_wconf 78' lang='grc' dir='ltr'>γὰρ,</span> <span class='ocrx_word' id='word_1_547' title='bbox 3633 3862 3733 3914; x_wconf 75' lang='grc' dir='ltr'><strong>ἐν·</strong></span> 
     </span>
    </p>
   </div>
   <div class='ocr_carea' id='block_1_82' title="bbox 2141 3955 3735 4042">
    <p class='ocr_par' dir='ltr' id='par_1_82' title="bbox 2141 3955 3735 4042">
     <span class='ocr_line' id='line_1_82' title="bbox 2141 3955 3735 4042; baseline -0.011 -17"><span class='ocrx_word' id='word_1_548' title='bbox 2141 3970 2500 4042; x_wconf 79' lang='grc' dir='ltr'>εόριμήσατο</span> <span class='ocrx_word' id='word_1_549' title='bbox 2516 3967 2597 4033; x_wconf 86' lang='grc' dir='ltr'>τῷ</span> <span class='ocrx_word' id='word_1_550' title='bbox 2612 3966 2927 4037; x_wconf 80' lang='grc' dir='ltr'>πνεύματι,</span> <span class='ocrx_word' id='word_1_551' title='bbox 2964 3960 3318 4034; x_wconf 84' lang='grc' dir='ltr'>σημειοῦνται</span> <span class='ocrx_word' id='word_1_552' title='bbox 3355 3960 3405 4013; x_wconf 80' lang='grc' dir='ltr'>οἱ</span> <span class='ocrx_word' id='word_1_553' title='bbox 3448 3955 3735 4025; x_wconf 80' lang='grc' dir='ltr'>εὐαγγελι-</span> 
     </span>
    </p>
   </div>
   <div class='ocr_carea' id='block_1_83' title="bbox 2144 4049 3736 4136">
    <p class='ocr_par' dir='ltr' id='par_1_83' title="bbox 2144 4049 3736 4136">
     <span class='ocr_line' id='line_1_83' title="bbox 2144 4049 3736 4136; baseline -0.013 -17"><span class='ocrx_word' id='word_1_554' title='bbox 2144 4065 2303 4132; x_wconf 78' lang='grc' dir='ltr'>σταὶ,</span> <span class='ocrx_word' id='word_1_555' title='bbox 2329 4061 2614 4136; x_wconf 88' lang='grc' dir='ltr'>δηλοῦντες</span> <span class='ocrx_word' id='word_1_556' title='bbox 2647 4058 2707 4112; x_wconf 85' lang='grc' dir='ltr'>τὸ</span> <span class='ocrx_word' id='word_1_557' title='bbox 2753 4056 3001 4111; x_wconf 80' lang='grc' dir='ltr'>ἑκούσιον</span> <span class='ocrx_word' id='word_1_558' title='bbox 3046 4056 3146 4124; x_wconf 88' lang='grc' dir='ltr'><strong>τῆς</strong></span> <span class='ocrx_word' id='word_1_559' title='bbox 3190 4052 3452 4124; x_wconf 68' lang='grc' dir='ltr'>γνὼμης²</span> <span class='ocrx_word' id='word_1_560' title='bbox 3489 4049 3736 4121; x_wconf 85' lang='grc' dir='ltr'>δάκρυον.</span> 
     </span>
    </p>
   </div>
   <div class='ocr_carea' id='block_1_84' title="bbox 2142 4139 3733 4230">
    <p class='ocr_par' dir='ltr' id='par_1_84' title="bbox 2142 4139 3733 4230">
     <span class='ocr_line' id='line_1_84' title="bbox 2142 4139 3733 4230; baseline -0.012 -19"><span class='ocrx_word' id='word_1_561' title='bbox 2142 4157 2250 4230; x_wconf 80' lang='grc' dir='ltr'><strong>γὰρ</strong></span> <span class='ocrx_word' id='word_1_562' title='bbox 2299 4154 2503 4226; x_wconf 78' lang='grc' dir='ltr'>ἐξέχεε,</span> <span class='ocrx_word' id='word_1_563' title='bbox 2556 4152 2649 4206; x_wconf 74' lang='grc' dir='ltr'>καὶ</span> <span class='ocrx_word' id='word_1_564' title='bbox 2678 4150 2924 4222; x_wconf 81' lang='grc' dir='ltr'>κάματον</span> <span class='ocrx_word' id='word_1_565' title='bbox 2972 4148 3212 4219; x_wconf 84' lang='grc' dir='ltr'>ὑπέμενε</span> <span class='ocrx_word' id='word_1_566' title='bbox 3270 4142 3610 4216; x_wconf 85' lang='grc' dir='ltr'>σωματικὸν,</span> <span class='ocrx_word' id='word_1_567' title='bbox 3657 4139 3733 4230; x_wconf 76' lang='grc' dir='ltr'><strong>τά</strong></span> 
     </span>
    </p>
   </div>
   <div class='ocr_carea' id='block_1_85' title="bbox 2143 4229 3731 4318">
    <p class='ocr_par' dir='ltr' id='par_1_85' title="bbox 2143 4229 3731 4318">
     <span class='ocr_line' id='line_1_85' title="bbox 2143 4229 3731 4318; baseline -0.013 -16"><span class='ocrx_word' id='word_1_568' title='bbox 2143 4229 2292 4318; x_wconf 84' lang='grc' dir='ltr'>πάθη</span> <span class='ocrx_word' id='word_1_569' title='bbox 2320 4247 2420 4299; x_wconf 81' lang='grc' dir='ltr'><strong>οὑκ</strong></span> <span class='ocrx_word' id='word_1_570' title='bbox 2461 4242 2732 4305; x_wconf 84' lang='grc' dir='ltr'>ἀκουσίως</span> <span class='ocrx_word' id='word_1_571' title='bbox 2767 4239 3076 4311; x_wconf 84' lang='grc' dir='ltr'>ὑπομένων,</span> <span class='ocrx_word' id='word_1_572' title='bbox 3105 4237 3218 4291; x_wconf 86' lang='grc' dir='ltr'>ἀλλ’</span> <span class='ocrx_word' id='word_1_573' title='bbox 3251 4238 3338 4289; x_wconf 84' lang='grc' dir='ltr'><strong>ἐπ’</strong></span> <span class='ocrx_word' id='word_1_574' title='bbox 3367 4232 3611 4298; x_wconf 81' lang='grc' dir='ltr'>ἐξουσίας</span> <span class='ocrx_word' id='word_1_575' title='bbox 3647 4229 3731 4301; x_wconf 81' lang='grc' dir='ltr'>τῷ</span> 
     </span>
    </p>
   </div>
   <div class='ocr_carea' id='block_1_86' title="bbox 2145 4322 3747 4413">
    <p class='ocr_par' dir='ltr' id='par_1_86' title="bbox 2145 4322 3747 4413">
     <span class='ocr_line' id='line_1_86' title="bbox 2145 4322 3747 4413; baseline -0.012 -18"><span class='ocrx_word' id='word_1_576' title='bbox 2145 4340 2355 4413; x_wconf 76' lang='grc' dir='ltr'>σώματι</span> <span class='ocrx_word' id='word_1_577' title='bbox 2376 4338 2700 4392; x_wconf 81' lang='grc' dir='ltr'>ἐπιτάττων.</span> <span class='ocrx_word' id='word_1_578' title='bbox 2740 4333 2865 4386; x_wconf 76' lang='grc' dir='ltr'>Ἐπὶ</span> <span class='ocrx_word' id='word_1_579' title='bbox 2922 4330 3032 4401; x_wconf 86' lang='grc' dir='ltr'><strong>γάρ</strong></span> <span class='ocrx_word' id='word_1_580' title='bbox 3063 4328 3220 4400; x_wconf 83' lang='grc' dir='ltr'>ἡμῶν</span> <span class='ocrx_word' id='word_1_581' title='bbox 3269 4327 3377 4381; x_wconf 89' lang='grc' dir='ltr'><strong>τῶν</strong></span> <span class='ocrx_word' id='word_1_582' title='bbox 3421 4322 3747 4396; x_wconf 76' lang='grc' dir='ltr'>ἀνθρώπων.</span> 
     </span>
    </p>
   </div>
   <div class='ocr_carea' id='block_1_87' title="bbox 2142 4417 3733 4505">
    <p class='ocr_par' dir='ltr' id='par_1_87' title="bbox 2142 4417 3733 4505">
     <span class='ocr_line' id='line_1_87' title="bbox 2142 4417 3733 4505; baseline -0.013 -17"><span class='ocrx_word' id='word_1_583' title='bbox 2142 4433 2353 4505; x_wconf 86' lang='grc' dir='ltr'>δάκρυα</span> <span class='ocrx_word' id='word_1_584' title='bbox 2385 4430 2485 4502; x_wconf 82' lang='grc' dir='ltr'>μὲν</span> <span class='ocrx_word' id='word_1_585' title='bbox 2522 4429 2789 4499; x_wconf 86' lang='grc' dir='ltr'>ἐκχεῖται,</span> <span class='ocrx_word' id='word_1_586' title='bbox 2823 4425 2923 4495; x_wconf 81' lang='grc' dir='ltr'><strong>οὑχ</strong></span> <span class='ocrx_word' id='word_1_587' title='bbox 2955 4423 3032 4475; x_wconf 83' lang='grc' dir='ltr'><strong>ὅτ’</strong></span> <span class='ocrx_word' id='word_1_588' title='bbox 3068 4422 3135 4476; x_wconf 84' lang='grc' dir='ltr'>ἂν</span> <span class='ocrx_word' id='word_1_589' title='bbox 3177 4420 3443 4492; x_wconf 84' lang='grc' dir='ltr'>θέλωμεν,</span> <span class='ocrx_word' id='word_1_590' title='bbox 3481 4417 3733 4487; x_wconf 82' lang='grc' dir='ltr'>σώματος</span> 
     </span>
    </p>
   </div>
   <div class='ocr_carea' id='block_1_88' title="bbox 2141 4505 3731 4591">
    <p class='ocr_par' dir='ltr' id='par_1_88' title="bbox 2141 4505 3731 4591">
     <span class='ocr_line' id='line_1_88' title="bbox 2141 4505 3731 4591; baseline -0.013 -14"><span class='ocrx_word' id='word_1_591' title='bbox 2141 4522 2199 4576; x_wconf 85' lang='grc' dir='ltr'>δὲ</span> <span class='ocrx_word' id='word_1_592' title='bbox 2242 4524 2372 4576; x_wconf 73' lang='grc' dir='ltr'>ὄντα</span> <span class='ocrx_word' id='word_1_593' title='bbox 2401 4519 2605 4591; x_wconf 84' lang='grc' dir='ltr'>φυσικά</span> <span class='ocrx_word' id='word_1_594' title='bbox 2646 4515 2817 4585; x_wconf 85' lang='grc' dir='ltr'>πάθη,</span> <span class='ocrx_word' id='word_1_595' title='bbox 2855 4516 2950 4569; x_wconf 77' lang='grc' dir='ltr'>καὶ</span> <span class='ocrx_word' id='word_1_596' title='bbox 2995 4511 3266 4573; x_wconf 88' lang='grc' dir='ltr'>ἀκουσίως</span> <span class='ocrx_word' id='word_1_597' title='bbox 3298 4508 3472 4563; x_wconf 89' lang='grc' dir='ltr'>ταῦτα</span> <span class='ocrx_word' id='word_1_598' title='bbox 3515 4505 3731 4577; x_wconf 85' lang='grc' dir='ltr'>ὑπομέ-</span> 
     </span>
    </p>
   </div>
   <div class='ocr_carea' id='block_1_89' title="bbox 455 4596 2058 4693">
    <p class='ocr_par' dir='ltr' id='par_1_89' title="bbox 455 4614 2035 4693">
     <span class='ocr_line' id='line_1_89' title="bbox 455 4614 2035 4693; baseline 0.008 -27"><span class='ocrx_word' id='word_1_599' title='bbox 455 4614 670 4681; x_wconf 81' lang='lat' dir='ltr'><strong>valent,</strong></span> <span class='ocrx_word' id='word_1_600' title='bbox 729 4617 826 4672; x_wconf 89' lang='lat' dir='ltr'><strong>sed</strong></span> <span class='ocrx_word' id='word_1_601' title='bbox 861 4618 979 4688; x_wconf 89' lang='lat' dir='ltr'><strong>ipse</strong></span> <span class='ocrx_word' id='word_1_602' title='bbox 1030 4620 1097 4674; x_wconf 90' lang='lat' dir='ltr'><strong>ad</strong></span> <span class='ocrx_word' id='word_1_603' title='bbox 1152 4627 1346 4675; x_wconf 90' lang='lat' dir='ltr'><strong>nutum</strong></span> <span class='ocrx_word' id='word_1_604' title='bbox 1396 4630 1599 4677; x_wconf 88' lang='lat' dir='ltr'><strong>cuncta</strong></span> <span class='ocrx_word' id='word_1_605' title='bbox 1637 4622 1817 4693; x_wconf 81' lang='lat' dir='ltr'><strong>gerit,</strong></span> <span class='ocrx_word' id='word_1_606' title='bbox 1871 4624 2035 4679; x_wconf 79' lang='lat' dir='ltr'><strong>etin</strong></span> 
     </span>
    </p>
   </div>
   <div class='ocr_carea' id='block_1_90' title="bbox 2145 4596 3755 4693">
    <p class='ocr_par' dir='ltr' id='par_1_90' title="bbox 2145 4596 3755 4693">
     <span class='ocr_line' id='line_1_90' title="bbox 2145 4596 3755 4693; baseline -0.011 -28"><span class='ocrx_word' id='word_1_607' title='bbox 2145 4628 2338 4683; x_wconf 75' lang='grc' dir='ltr'>νομενο</span> <span class='ocrx_word' id='word_1_608' title='bbox 2372 4610 2401 4660; x_wconf 81' lang='grc' dir='ltr'>ὁ</span> <span class='ocrx_word' id='word_1_609' title='bbox 2428 4608 2487 4661; x_wconf 90' lang='grc' dir='ltr'><strong>δέ</strong></span> <span class='ocrx_word' id='word_1_610' title='bbox 2516 4606 2650 4669; x_wconf 83' lang='grc' dir='ltr'>Θεὸς</span> <span class='ocrx_word' id='word_1_611' title='bbox 2670 4604 2769 4674; x_wconf 87' lang='grc' dir='ltr'><strong>οὑχ</strong></span> <span class='ocrx_word' id='word_1_612' title='bbox 2793 4603 2988 4666; x_wconf 78' lang='grc' dir='ltr'>οὕτως,</span> <span class='ocrx_word' id='word_1_613' title='bbox 3015 4600 3129 4655; x_wconf 84' lang='grc' dir='ltr'>ἀλλ’</span> <span class='ocrx_word' id='word_1_614' title='bbox 3165 4601 3252 4652; x_wconf 83' lang='grc' dir='ltr'><strong>ἐπ’</strong></span> <span class='ocrx_word' id='word_1_615' title='bbox 3278 4597 3526 4665; x_wconf 85' lang='grc' dir='ltr'>ἐξουσίας</span> <span class='ocrx_word' id='word_1_616' title='bbox 3554 4596 3732 4693; x_wconf 75' lang='grc' dir='ltr'>πάντα</span> 
     </span>
    </p>
   </div>
   <div class='ocr_carea' id='block_1_91' title="bbox 454 4705 1443 4781">
    <p class='ocr_par' dir='ltr' id='par_1_91' title="bbox 454 4705 1443 4781">
     <span class='ocr_line' id='line_1_91' title="bbox 454 4705 1443 4781; baseline 0.003 -20"><span class='ocrx_word' id='word_1_617' title='bbox 454 4705 643 4763; x_wconf 86' lang='lat' dir='ltr'><strong>hostes</strong></span> <span class='ocrx_word' id='word_1_618' title='bbox 678 4708 868 4764; x_wconf 90' lang='lat' dir='ltr'><strong>eadem</strong></span> <span class='ocrx_word' id='word_1_619' title='bbox 912 4718 1187 4780; x_wconf 88' lang='lat' dir='ltr'><strong>potestate</strong></span> <span class='ocrx_word' id='word_1_620' title='bbox 1218 4710 1443 4781; x_wconf 78' lang='lat' dir='ltr'><strong>gaudet.</strong></span> 
     </span>
    </p>
   </div>
   <div class='ocr_carea' id='block_1_92' title="bbox 524 4913 2046 4976">
    <p class='ocr_par' dir='ltr' id='par_1_92' title="bbox 524 4913 2046 4976">
     <span class='ocr_line' id='line_1_92' title="bbox 524 4913 2046 4976; baseline 0.005 -8"><span class='ocrx_word' id='word_1_621' title='bbox 524 4913 692 4972; x_wconf 74' lang='lat' dir='ltr'><strong>Vens.</strong></span> <span class='ocrx_word' id='word_1_622' title='bbox 733 4918 820 4971; x_wconf 84' lang='grc'><strong>17.</strong></span> <span class='ocrx_word' id='word_1_623' title='bbox 871 4916 1212 4975; x_wconf 81' lang='lat' dir='ltr'><strong>Confusione</strong></span> <span class='ocrx_word' id='word_1_624' title='bbox 1270 4919 1404 4975; x_wconf 87' lang='lat' dir='ltr'><strong>dicit</strong></span> <span class='ocrx_word' id='word_1_625' title='bbox 1460 4934 1555 4975; x_wconf 85' lang='lat' dir='ltr'><strong>eos</strong></span> <span class='ocrx_word' id='word_1_626' title='bbox 1609 4917 2046 4976; x_wconf 70' lang='lat' dir='ltr'><strong>confundendos.</strong></span> 
     </span>
    </p>
   </div>
   <div class='ocr_carea' id='block_1_93' title="bbox 459 5010 2036 5081">
    <p class='ocr_par' dir='ltr' id='par_1_93' title="bbox 459 5010 2036 5081">
     <span class='ocr_line' id='line_1_93' title="bbox 459 5010 2036 5081; baseline 0.001 -18"><span class='ocrx_word' id='word_1_627' title='bbox 459 5023 562 5079; x_wconf 87' lang='lat' dir='ltr'><strong>pro</strong></span> <span class='ocrx_word' id='word_1_628' title='bbox 593 5011 837 5079; x_wconf 80' lang='lat' dir='ltr'><strong>peccatis</strong></span> <span class='ocrx_word' id='word_1_629' title='bbox 870 5011 1088 5077; x_wconf 90' lang='lat' dir='ltr'><strong>merito,</strong></span> <span class='ocrx_word' id='word_1_630' title='bbox 1116 5020 1171 5066; x_wconf 90' lang='lat' dir='ltr'><strong>et</strong></span> <span class='ocrx_word' id='word_1_631' title='bbox 1196 5012 1334 5068; x_wconf 91' lang='lat' dir='ltr'><strong>tales</strong></span> <span class='ocrx_word' id='word_1_632' title='bbox 1364 5012 1603 5079; x_wconf 80' lang='lat' dir='ltr'><strong>futuros,</strong></span> <span class='ocrx_word' id='word_1_633' title='bbox 1635 5012 1817 5081; x_wconf 87' lang='lat' dir='ltr'><strong>qualia</strong></span> <span class='ocrx_word' id='word_1_634' title='bbox 1861 5010 2036 5066; x_wconf 89' lang='lat' dir='ltr'><strong>simu-</strong></span> 
     </span>
    </p>
   </div>
   <div class='ocr_carea' id='block_1_94' title="bbox 453 5101 2037 5175">
    <p class='ocr_par' dir='ltr' id='par_1_94' title="bbox 453 5101 2037 5175">
     <span class='ocr_line' id='line_1_94' title="bbox 453 5101 2037 5175; baseline 0.002 -20"><span class='ocrx_word' id='word_1_635' title='bbox 453 5116 605 5156; x_wconf 89' lang='lat' dir='ltr'><strong>.acra</strong></span> <span class='ocrx_word' id='word_1_636' title='bbox 660 5116 875 5167; x_wconf 88' lang='lat' dir='ltr'><strong>eorum,</strong></span> <span class='ocrx_word' id='word_1_637' title='bbox 944 5105 1026 5157; x_wconf 93' lang='lat' dir='ltr'><strong>uti</strong></span> <span class='ocrx_word' id='word_1_638' title='bbox 1099 5104 1365 5175; x_wconf 90' lang='lat' dir='ltr'><strong>scriptum</strong></span> <span class='ocrx_word' id='word_1_639' title='bbox 1410 5113 1526 5160; x_wconf 83' lang='lat' dir='ltr'><strong>est:</strong></span> <span class='ocrx_word' id='word_1_640' title='bbox 1570 5123 1589 5155; x_wconf 78' lang='grc' dir='ltr'><strong>ι</strong></span> <span class='ocrx_word' id='word_1_641' title='bbox 1646 5103 1864 5158; x_wconf 91' lang='lat' dir='ltr'><strong>Similes</strong></span> <span class='ocrx_word' id='word_1_642' title='bbox 1927 5101 2037 5158; x_wconf 91' lang='lat' dir='ltr'><strong>illis</strong></span> 
     </span>
    </p>
   </div>
   <div class='ocr_carea' id='block_1_95' title="bbox 456 5192 2041 5263">
    <p class='ocr_par' dir='ltr' id='par_1_95' title="bbox 456 5192 2041 5263">
     <span class='ocr_line' id='line_1_95' title="bbox 456 5192 2041 5263; baseline 0.001 -18"><span class='ocrx_word' id='word_1_643' title='bbox 456 5192 589 5245; x_wconf 79' lang='lat' dir='ltr'><strong>fiant</strong></span> <span class='ocrx_word' id='word_1_644' title='bbox 622 5192 717 5263; x_wconf 89' lang='lat' dir='ltr'><strong>qui</strong></span> <span class='ocrx_word' id='word_1_645' title='bbox 755 5192 965 5247; x_wconf 77' lang='lat' dir='ltr'><strong>faciunt</strong></span> <span class='ocrx_word' id='word_1_646' title='bbox 993 5208 1057 5248; x_wconf 89' lang='lat' dir='ltr'><strong>ea</strong></span> <span class='ocrx_word' id='word_1_647' title='bbox 1092 5194 1158 5248; x_wconf 67' lang='grc'><strong>’³.</strong></span> <span class='ocrx_word' id='word_1_648' title='bbox 1195 5214 1214 5246; x_wconf 75' lang='grc' dir='ltr'><strong>ι</strong></span> <span class='ocrx_word' id='word_1_649' title='bbox 1249 5194 1406 5261; x_wconf 87' lang='lat' dir='ltr'><strong>Quod</strong></span> <span class='ocrx_word' id='word_1_650' title='bbox 1444 5195 1489 5250; x_wconf 80' lang='lat' dir='ltr'><strong>si</strong></span> <span class='ocrx_word' id='word_1_651' title='bbox 1522 5193 1909 5249; x_wconf 80' lang='lat' dir='ltr'><strong>contumeliam</strong></span> <span class='ocrx_word' id='word_1_652' title='bbox 1938 5192 2041 5247; x_wconf 89' lang='lat' dir='ltr'><strong>du-</strong></span> 
     </span>
    </p>
   </div>
   <div class='ocr_carea' id='block_1_96' title="bbox 455 5266 2037 5353">
    <p class='ocr_par' dir='ltr' id='par_1_96' title="bbox 455 5266 2037 5353">
     <span class='ocr_line' id='line_1_96' title="bbox 455 5266 2037 5353; baseline 0.001 -16"><span class='ocrx_word' id='word_1_653' title='bbox 455 5284 581 5339; x_wconf 80' lang='lat' dir='ltr'><strong>citis</strong></span> <span class='ocrx_word' id='word_1_654' title='bbox 606 5266 818 5341; x_wconf 78' lang='lat' dir='ltr'><strong>similes</strong></span> <span class='ocrx_word' id='word_1_655' title='bbox 845 5283 962 5340; x_wconf 84' lang='lat' dir='ltr'><strong>ﬁeri</strong></span> <span class='ocrx_word' id='word_1_656' title='bbox 995 5285 1158 5341; x_wconf 90' lang='lat' dir='ltr'><strong>idolis</strong></span> <span class='ocrx_word' id='word_1_657' title='bbox 1181 5287 1408 5350; x_wconf 84' lang='lat' dir='ltr'><strong>vestris,</strong></span> <span class='ocrx_word' id='word_1_658' title='bbox 1431 5284 1799 5340; x_wconf 88' lang='lat' dir='ltr'><strong>recordemini</strong></span> <span class='ocrx_word' id='word_1_659' title='bbox 1830 5283 2037 5353; x_wconf 88' lang='lat' dir='ltr'><strong>potius,</strong></span> 
     </span>
    </p>
   </div>
   <div class='ocr_carea' id='block_1_97' title="bbox 454 5373 2039 5448">
    <p class='ocr_par' dir='ltr' id='par_1_97' title="bbox 454 5373 2039 5448">
     <span class='ocr_line' id='line_1_97' title="bbox 454 5373 2039 5448; baseline -0.001 -22"><span class='ocrx_word' id='word_1_660' title='bbox 454 5385 659 5441; x_wconf 85' lang='lat' dir='ltr'><strong>quanto</strong></span> <span class='ocrx_word' id='word_1_661' title='bbox 698 5376 1019 5447; x_wconf 90' lang='lat' dir='ltr'><strong>vosmetipsi</strong></span> <span class='ocrx_word' id='word_1_662' title='bbox 1054 5377 1381 5448; x_wconf 31' lang='lat' dir='ltr'><strong>deprimitis.</strong></span> <span class='ocrx_word' id='word_1_663' title='bbox 1420 5390 1519 5446; x_wconf 90' lang='lat' dir='ltr'><strong>pro</strong></span> <span class='ocrx_word' id='word_1_664' title='bbox 1558 5373 1812 5446; x_wconf 68' lang='lat' dir='ltr'><strong>ldominis</strong></span> <span class='ocrx_word' id='word_1_665' title='bbox 1853 5387 1948 5428; x_wconf 90' lang='lat' dir='ltr'><strong>eos</strong></span> <span class='ocrx_word' id='word_1_666' title='bbox 1984 5381 2039 5425; x_wconf 88' lang='lat' dir='ltr'><strong>et</strong></span> 
     </span>
    </p>
   </div>
   <div class='ocr_carea' id='block_1_98' title="bbox 456 5468 887 5527">
    <p class='ocr_par' dir='ltr' id='par_1_98' title="bbox 456 5468 887 5527">
     <span class='ocr_line' id='line_1_98' title="bbox 456 5468 887 5527; baseline 0.005 -5"><span class='ocrx_word' id='word_1_667' title='bbox 456 5468 563 5525; x_wconf 88' lang='lat' dir='ltr'><strong>diis</strong></span> <span class='ocrx_word' id='word_1_668' title='bbox 595 5468 887 5527; x_wconf 89' lang='lat' dir='ltr'><strong>habentes.</strong></span> 
     </span>
    </p>
   </div>
   <div class='ocr_carea' id='block_1_99' title="bbox 532 5647 2042 5720">
    <p class='ocr_par' dir='ltr' id='par_1_99' title="bbox 532 5647 2042 5720">
     <span class='ocr_line' id='line_1_99' title="bbox 532 5647 2042 5720; baseline 0 -19"><span class='ocrx_word' id='word_1_669' title='bbox 532 5647 699 5704; x_wconf 62' lang='lat' dir='ltr'><strong>Vens.</strong></span> <span class='ocrx_word' id='word_1_670' title='bbox 733 5652 819 5705; x_wconf 70' lang='lat'><strong>18.</strong></span> <span class='ocrx_word' id='word_1_671' title='bbox 865 5650 1229 5716; x_wconf 74' lang='lat' dir='ltr'><strong>Sensuscum</strong></span> <span class='ocrx_word' id='word_1_672' title='bbox 1266 5651 1541 5716; x_wconf 79' lang='lat' dir='ltr'><strong>habeatis,</strong></span> <span class='ocrx_word' id='word_1_673' title='bbox 1584 5650 1885 5720; x_wconf 72' lang='lat' dir='ltr'><strong>recogitate</strong></span> <span class='ocrx_word' id='word_1_674' title='bbox 1923 5663 2042 5719; x_wconf 84' lang='lat' dir='ltr'><strong>quae</strong></span> 
     </span>
    </p>
   </div>
   <div class='ocr_carea' id='block_1_100' title="bbox 530 5801 981 5871">
    <p class='ocr_par' dir='ltr' id='par_1_100' title="bbox 530 5801 981 5871">
     <span class='ocr_line' id='line_1_100' title="bbox 530 5801 981 5871; baseline 0.009 -14"><span class='ocrx_word' id='word_1_675' title='bbox 530 5806 571 5835; x_wconf 63' lang='grc'>⁸⁸</span> <span class='ocrx_word' id='word_1_676' title='bbox 591 5801 749 5859; x_wconf 75' lang='lat' dir='ltr'><strong>Joan.</strong></span> <span class='ocrx_word' id='word_1_677' title='bbox 778 5822 856 5871; x_wconf 62' lang='grc' dir='ltr'>χι,</span> <span class='ocrx_word' id='word_1_678' title='bbox 893 5807 981 5861; x_wconf 77' lang='lat'><strong>&#39;55.</strong></span> 
     </span>
    </p>
   </div>
   <div class='ocr_carea' id='block_1_101' title="bbox 2148 4686 3752 4767">
    <p class='ocr_par' dir='ltr' id='par_1_101' title="bbox 2148 4686 3752 4767">
     <span class='ocr_line' id='line_1_101' title="bbox 2148 4686 3752 4767; baseline -0.014 -8"><span class='ocrx_word' id='word_1_679' title='bbox 2148 4703 2339 4767; x_wconf 87' lang='grc' dir='ltr'>ποιῶν,</span> <span class='ocrx_word' id='word_1_680' title='bbox 2379 4701 2475 4754; x_wconf 59' lang='grc' dir='ltr'><strong>καί¹</strong></span> <span class='ocrx_word' id='word_1_681' title='bbox 2505 4696 2647 4752; x_wconf 89' lang='grc' dir='ltr'><strong>κατά</strong></span> <span class='ocrx_word' id='word_1_682' title='bbox 2672 4694 2781 4749; x_wconf 88' lang='grc' dir='ltr'><strong>τῶν</strong></span> <span class='ocrx_word' id='word_1_683' title='bbox 2809 4693 3023 4767; x_wconf 85' lang='grc' dir='ltr'>ἐχθρῶν</span> <span class='ocrx_word' id='word_1_684' title='bbox 3053 4695 3122 4763; x_wconf 80' lang='grc' dir='ltr'><strong>τῇ</strong></span> <span class='ocrx_word' id='word_1_685' title='bbox 3155 4693 3294 4763; x_wconf 76' lang='grc' dir='ltr'>αὐτῇ</span> <span class='ocrx_word' id='word_1_686' title='bbox 3329 4690 3556 4761; x_wconf 87' lang='grc' dir='ltr'>δυνάμει</span> <span class='ocrx_word' id='word_1_687' title='bbox 3591 4686 3752 4759; x_wconf 84' lang='grc' dir='ltr'>χρή-.</span> 
     </span>
    </p>
   </div>
   <div class='ocr_carea' id='block_1_102' title="bbox 2148 4813 2319 4849">
    <p class='ocr_par' dir='ltr' id='par_1_102' title="bbox 2148 4813 2319 4849">
     <span class='ocr_line' id='line_1_102' title="bbox 2148 4813 2319 4849; baseline -0.012 0"><span class='ocrx_word' id='word_1_688' title='bbox 2148 4813 2319 4849; x_wconf 79' lang='grc' dir='ltr'>σεται.</span> 
     </span>
    </p>
   </div>
   <div class='ocr_carea' id='block_1_103' title="bbox 2217 4886 3733 4976">
    <p class='ocr_par' dir='ltr' id='par_1_103' title="bbox 2217 4886 3733 4976">
     <span class='ocr_line' id='line_1_103' title="bbox 2217 4886 3733 4976; baseline -0.013 -18"><span class='ocrx_word' id='word_1_689' title='bbox 2217 4905 2330 4976; x_wconf 89' lang='grc' dir='ltr'>Τῆς</span> <span class='ocrx_word' id='word_1_690' title='bbox 2352 4905 2472 4957; x_wconf 88' lang='grc' dir='ltr'>κατ’</span> <span class='ocrx_word' id='word_1_691' title='bbox 2507 4900 2664 4966; x_wconf 85' lang='grc' dir='ltr'>ἀξίαν</span> <span class='ocrx_word' id='word_1_692' title='bbox 2686 4900 2794 4954; x_wconf 87' lang='grc' dir='ltr'><strong>τῶν</strong></span> <span class='ocrx_word' id='word_1_693' title='bbox 2827 4895 3240 4971; x_wconf 88' lang='grc' dir='ltr'>ἁμαρτημάτων</span> <span class='ocrx_word' id='word_1_694' title='bbox 3265 4891 3524 4963; x_wconf 84' lang='grc' dir='ltr'>αἰσχύνης</span> <span class='ocrx_word' id='word_1_695' title='bbox 3547 4886 3733 4953; x_wconf 83' lang='grc' dir='ltr'>ἀξίους</span> 
     </span>
    </p>
   </div>
   <div class='ocr_carea' id='block_1_104' title="bbox 2146 4977 3751 5066">
    <p class='ocr_par' dir='ltr' id='par_1_104' title="bbox 2146 4977 3751 5066">
     <span class='ocr_line' id='line_1_104' title="bbox 2146 4977 3751 5066; baseline -0.012 -15"><span class='ocrx_word' id='word_1_696' title='bbox 2146 4995 2285 5051; x_wconf 77' lang='grc' dir='ltr'>εἶναι</span> <span class='ocrx_word' id='word_1_697' title='bbox 2312 4996 2509 5060; x_wconf 76' lang='grc' dir='ltr'>αὐτοὺς</span> <span class='ocrx_word' id='word_1_698' title='bbox 2532 4994 2731 5066; x_wconf 86' lang='grc' dir='ltr'>φάσκει</span> <span class='ocrx_word' id='word_1_699' title='bbox 2752 5010 2766 5023; x_wconf 76' lang='grc' dir='ltr'><strong><em>ο</em></strong></span> <span class='ocrx_word' id='word_1_700' title='bbox 2797 4994 2891 5047; x_wconf 56' lang='grc' dir='ltr'><strong>καί¹</strong></span> <span class='ocrx_word' id='word_1_701' title='bbox 2919 4988 3195 5053; x_wconf 88' lang='grc' dir='ltr'>τοιούτους</span> <span class='ocrx_word' id='word_1_702' title='bbox 3225 4986 3467 5052; x_wconf 70' lang='grc' dir='ltr'>ἔσεσθαι,</span> <span class='ocrx_word' id='word_1_703' title='bbox 3498 4977 3589 5036; x_wconf 78' lang='grc' dir='ltr'>οἷά</span> <span class='ocrx_word' id='word_1_704' title='bbox 3624 4997 3751 5050; x_wconf 79' lang='grc' dir='ltr'><strong>περ</strong></span> 
     </span>
    </p>
   </div>
   <div class='ocr_carea' id='block_1_105' title="bbox 2148 5073 3732 5159">
    <p class='ocr_par' dir='ltr' id='par_1_105' title="bbox 2148 5073 3732 5159">
     <span class='ocr_line' id='line_1_105' title="bbox 2148 5073 3732 5159; baseline -0.014 -13"><span class='ocrx_word' id='word_1_705' title='bbox 2148 5092 2242 5146; x_wconf 77' lang='grc' dir='ltr'>καὶ</span> <span class='ocrx_word' id='word_1_706' title='bbox 2297 5088 2365 5143; x_wconf 87' lang='grc' dir='ltr'>τὰ</span> <span class='ocrx_word' id='word_1_707' title='bbox 2404 5088 2725 5159; x_wconf 82' lang='grc' dir='ltr'>σεϐάσματα</span> <span class='ocrx_word' id='word_1_708' title='bbox 2766 5085 2979 5148; x_wconf 86' lang='grc' dir='ltr'>αὑτῶν,</span> <span class='ocrx_word' id='word_1_709' title='bbox 3014 5081 3157 5137; x_wconf 87' lang='grc' dir='ltr'><strong>κατά</strong></span> <span class='ocrx_word' id='word_1_710' title='bbox 3203 5081 3264 5133; x_wconf 83' lang='grc' dir='ltr'>τὸ</span> <span class='ocrx_word' id='word_1_711' title='bbox 3310 5073 3732 5148; x_wconf 80' lang='grc' dir='ltr'>γεγραμμένονο</span> 
     </span>
    </p>
   </div>
   <div class='ocr_carea' id='block_1_106' title="bbox 2153 5162 3745 5253">
    <p class='ocr_par' dir='ltr' id='par_1_106' title="bbox 2153 5162 3745 5253">
     <span class='ocr_line' id='line_1_106' title="bbox 2153 5162 3745 5253; baseline -0.011 -19"><span class='ocrx_word' id='word_1_712' title='bbox 2153 5204 2170 5234; x_wconf 72' lang='grc' dir='ltr'><strong>ι</strong></span> <span class='ocrx_word' id='word_1_713' title='bbox 2203 5184 2421 5253; x_wconf 87' lang='grc' dir='ltr'>Ὅμοιοι</span> <span class='ocrx_word' id='word_1_714' title='bbox 2451 5181 2633 5243; x_wconf 88' lang='grc' dir='ltr'>αὑτοῖς</span> <span class='ocrx_word' id='word_1_715' title='bbox 2657 5179 2901 5249; x_wconf 87' lang='grc' dir='ltr'>γένοιντο</span> <span class='ocrx_word' id='word_1_716' title='bbox 2929 5178 2979 5230; x_wconf 77' lang='lat' dir='ltr'><strong>oi</strong></span> <span class='ocrx_word' id='word_1_717' title='bbox 3012 5172 3295 5234; x_wconf 81' lang='grc' dir='ltr'>ποιοῦντες</span> <span class='ocrx_word' id='word_1_718' title='bbox 3336 5168 3508 5223; x_wconf 77' lang='grc' dir='ltr'><strong>αὑτά⁸</strong></span> <span class='ocrx_word' id='word_1_719' title='bbox 3539 5185 3558 5218; x_wconf 76' lang='grc' dir='ltr'><strong>ι</strong></span> <span class='ocrx_word' id='word_1_720' title='bbox 3594 5167 3643 5218; x_wconf 84' lang='grc' dir='ltr'><strong>εί</strong></span> <span class='ocrx_word' id='word_1_721' title='bbox 3673 5162 3745 5217; x_wconf 68' lang='grc' dir='ltr'>δὲ,</span> 
     </span>
    </p>
   </div>
   <div class='ocr_carea' id='block_1_107' title="bbox 2150 5258 3731 5345">
    <p class='ocr_par' dir='ltr' id='par_1_107' title="bbox 2150 5258 3731 5345">
     <span class='ocr_line' id='line_1_107' title="bbox 2150 5258 3731 5345; baseline -0.012 -18"><span class='ocrx_word' id='word_1_722' title='bbox 2150 5274 2306 5345; x_wconf 78' lang='grc' dir='ltr'>ὓϐριν</span> <span class='ocrx_word' id='word_1_723' title='bbox 2337 5271 2557 5345; x_wconf 79' lang='grc' dir='ltr'>ἡγεῖσθε</span> <span class='ocrx_word' id='word_1_724' title='bbox 2593 5272 2657 5324; x_wconf 85' lang='grc' dir='ltr'>τὸ</span> <span class='ocrx_word' id='word_1_725' title='bbox 2687 5266 3068 5341; x_wconf 74' lang='grc' dir='ltr'>ἐξομοιοῦσθαι</span> <span class='ocrx_word' id='word_1_726' title='bbox 3097 5266 3208 5327; x_wconf 84' lang='grc' dir='ltr'>τοῖς</span> <span class='ocrx_word' id='word_1_727' title='bbox 3238 5260 3575 5331; x_wconf 79' lang='grc' dir='ltr'>σεόάσμασιν</span> <span class='ocrx_word' id='word_1_728' title='bbox 3599 5258 3731 5310; x_wconf 89' lang='grc' dir='ltr'>ἐαυ-</span> 
     </span>
    </p>
   </div>
   <div class='ocr_carea' id='block_1_108' title="bbox 2147 5348 3755 5438">
    <p class='ocr_par' dir='ltr' id='par_1_108' title="bbox 2147 5348 3755 5438">
     <span class='ocr_line' id='line_1_108' title="bbox 2147 5348 3755 5438; baseline -0.012 -17"><span class='ocrx_word' id='word_1_729' title='bbox 2147 5368 2278 5429; x_wconf 85' lang='grc' dir='ltr'>τῶν,</span> <span class='ocrx_word' id='word_1_730' title='bbox 2307 5367 2443 5420; x_wconf 76' lang='grc' dir='ltr'>πολὺ</span> <span class='ocrx_word' id='word_1_731' title='bbox 2472 5366 2738 5438; x_wconf 89' lang='grc' dir='ltr'>πρότερον</span> <span class='ocrx_word' id='word_1_732' title='bbox 2780 5362 2924 5417; x_wconf 87' lang='grc' dir='ltr'><strong>κατά</strong></span> <span class='ocrx_word' id='word_1_733' title='bbox 2971 5359 3097 5414; x_wconf 90' lang='grc' dir='ltr'>νοῦν</span> <span class='ocrx_word' id='word_1_734' title='bbox 3141 5355 3357 5419; x_wconf 75' lang='grc' dir='ltr'>λάϐετε,</span> <span class='ocrx_word' id='word_1_735' title='bbox 3387 5354 3463 5418; x_wconf 85' lang='grc' dir='ltr'><strong>ὡς</strong></span> <span class='ocrx_word' id='word_1_736' title='bbox 3506 5348 3755 5413; x_wconf 80' lang='grc' dir='ltr'>ἐαυτοὺς·</span> 
     </span>
    </p>
   </div>
   <div class='ocr_carea' id='block_1_109' title="bbox 2148 5441 3735 5530">
    <p class='ocr_par' dir='ltr' id='par_1_109' title="bbox 2148 5441 3735 5530">
     <span class='ocr_line' id='line_1_109' title="bbox 2148 5441 3735 5530; baseline -0.011 -17"><span class='ocrx_word' id='word_1_737' title='bbox 2148 5457 2484 5530; x_wconf 81' lang='grc' dir='ltr'>ἀτιμάζετε,</span> <span class='ocrx_word' id='word_1_738' title='bbox 2533 5455 2798 5519; x_wconf 86' lang='grc' dir='ltr'>δεσπότας</span> <span class='ocrx_word' id='word_1_739' title='bbox 2848 5454 3046 5516; x_wconf 77' lang='grc' dir='ltr'>αὑτοὺς</span> <span class='ocrx_word' id='word_1_740' title='bbox 3094 5450 3188 5505; x_wconf 79' lang='grc' dir='ltr'>καὶ</span> <span class='ocrx_word' id='word_1_741' title='bbox 3229 5448 3385 5512; x_wconf 84' lang='grc' dir='ltr'><strong>θεοὺς</strong></span> <span class='ocrx_word' id='word_1_742' title='bbox 3428 5441 3735 5517; x_wconf 76' lang='grc' dir='ltr'>ἐπιγραφό-</span> 
     </span>
    </p>
   </div>
   <div class='ocr_carea' id='block_1_110' title="bbox 2152 5569 2325 5622">
    <p class='ocr_par' dir='ltr' id='par_1_110' title="bbox 2152 5569 2325 5622">
     <span class='ocr_line' id='line_1_110' title="bbox 2152 5569 2325 5622; baseline 0.006 -18"><span class='ocrx_word' id='word_1_743' title='bbox 2152 5569 2325 5622; x_wconf 87' lang='grc' dir='ltr'>μενοι.</span> 
     </span>
    </p>
   </div>
   <div class='ocr_carea' id='block_1_111' title="bbox 2219 5622 3734 5710">
    <p class='ocr_par' dir='ltr' id='par_1_111' title="bbox 2219 5622 3734 5710">
     <span class='ocr_line' id='line_1_111' title="bbox 2219 5622 3734 5710; baseline -0.011 -13"><span class='ocrx_word' id='word_1_744' title='bbox 2219 5644 2411 5697; x_wconf 87' lang='grc' dir='ltr'>Τοίνυν</span> <span class='ocrx_word' id='word_1_745' title='bbox 2445 5640 2513 5694; x_wconf 75' lang='grc' dir='ltr'>τὰ</span> <span class='ocrx_word' id='word_1_746' title='bbox 2547 5639 2879 5710; x_wconf 74' lang='grc' dir='ltr'>αἰσθητήρια</span> <span class='ocrx_word' id='word_1_747' title='bbox 2911 5635 3255 5708; x_wconf 87' lang='grc' dir='ltr'>κεκτημένοι,</span> <span class='ocrx_word' id='word_1_748' title='bbox 3283 5632 3373 5686; x_wconf 80' lang='grc' dir='ltr'>τὸν</span> <span class='ocrx_word' id='word_1_749' title='bbox 3408 5627 3610 5685; x_wconf 79' lang='grc' dir='ltr'>σκοπὸν</span> <span class='ocrx_word' id='word_1_750' title='bbox 3633 5622 3734 5681; x_wconf 67' lang='grc' dir='ltr'><strong>τοῦ</strong></span> 
     </span>
    </p>
   </div>
   <div class='ocr_carea' id='block_1_112' title="bbox 1066 5796 2755 5876">
    <p class='ocr_par' dir='ltr' id='par_1_112' title="bbox 1066 5796 2755 5876">
     <span class='ocr_line' id='line_1_112' title="bbox 1066 5796 2755 5876; baseline -0.008 -13"><span class='ocrx_word' id='word_1_751' title='bbox 1066 5809 1105 5841; x_wconf 82' lang='grc'><strong>¹⁷</strong></span> <span class='ocrx_word' id='word_1_752' title='bbox 1131 5808 1261 5864; x_wconf 77' lang='lat' dir='ltr'><strong>iliid.</strong></span> <span class='ocrx_word' id='word_1_753' title='bbox 1289 5809 1387 5876; x_wconf 77' lang='lat' dir='ltr'><strong>3o;</strong></span> <span class='ocrx_word' id='word_1_754' title='bbox 1419 5821 1548 5863; x_wconf 70' lang='lat' dir='ltr'><strong>Luc.</strong></span> <span class='ocrx_word' id='word_1_755' title='bbox 1584 5823 1698 5870; x_wconf 68' lang='lat' dir='ltr'><strong>vix,</strong></span> <span class='ocrx_word' id='word_1_756' title='bbox 1740 5805 1823 5873; x_wconf 66' lang='lat' dir='ltr'><strong>il;</strong></span> <span class='ocrx_word' id='word_1_757' title='bbox 1859 5802 2019 5859; x_wconf 80' lang='lat' dir='ltr'><strong>Joan.</strong></span> <span class='ocrx_word' id='word_1_758' title='bbox 2046 5800 2190 5869; x_wconf 79' lang='lat' dir='ltr'><strong>tv,6.</strong></span> <span class='ocrx_word' id='word_1_759' title='bbox 2275 5797 2475 5855; x_wconf 68' lang='lat' dir='ltr'><strong>&quot;’Psal.</strong></span> <span class='ocrx_word' id='word_1_760' title='bbox 2506 5811 2657 5863; x_wconf 63' lang='grc' dir='ltr'>«χιιι,</span> <span class='ocrx_word' id='word_1_761' title='bbox 2693 5796 2755 5851; x_wconf 79' lang='lat'><strong>8.</strong></span> 
     </span>
    </p>
   </div>
  </div>
