4138 6426
424 412 555 466 1557

1794 410 1858 464 IN
1899 409 2153 465 IbAlAM.

3522 394 3661 450 1558

414 527 704 590 καλοῦντος
751 526 895 598 ὑμᾶς
934 528 1258 598 ἐννοήσατεο
1290 525 1365 588 ὡς
1414 528 1492 589 εἰς
1534 524 1782 597 οὐράνιον
1837 525 1985 577 πολι-

2093 523 2164 578 sit
2193 537 2345 577 mens
2384 519 2652 575 vocantis.
2697 517 2777 573 Ad
2828 516 3109 572 cmlestem
3156 511 3435 568 civitatem
3480 510 3661 565 vocati

413 619 562 674 τείαν
589 616 878 687 κέκλησθε,
909 618 1003 670 καὶ
1040 620 1118 680 εἰς
1152 616 1415 685 ἀγγέλους
1440 616 1613 669 τελεῖν
1645 615 1986 687 παρεσκεύα-

416 707 543 761 σθεο
582 706 733 759 οὐδὲν
780 705 966 777 ἕτερον
1014 707 1142 776 παρ’
1195 704 1347 775 ὑμῶν
1385 704 1666 768 ἀπαιτῶν,
1702 703 1735 774 ἢ
1774 701 1871 774 τὴν
1927 701 1987 765 ἐξ

417 799 628 861 εὐνοίας
681 798 912 852 αῐνεσιν·
957 798 1135 867 ῆνπερ
1193 794 1615 866 παραλιπόντες,
1655 778 1985 847 ἐκδεδώκατε

417 891 640 952 ἑαυτοὺς
692 888 767 955 τῷ
812 887 1052 960 πονηρῷ,
1106 888 1201 941 καὶ
1244 887 1503 956 γεγόνατε
1549 885 1755 939 ἐκείνου
1788 885 1987 956 αἰχμά-

418 982 604 1048 λωτοι,
635 981 1020 1050 παγιδεύοντες
1052 980 1246 1042 αὐτοὺς
1271 979 1329 1031 ἐν
1361 977 1686 1048 συνειδήσει,
1714 978 1805 1030 κα)⁸
1835 977 1988 1031 εἰδω-

419 1072 759 1136 λοποιοῦντες
809 1075 865 1126 ἐν
908 1074 1019 1135 τοῖς
1050 1071 1216 1135 οἴκοις
1261 1069 1442 1142 ὑμῶν’
1498 1069 1606 1123 ἀπὸ
1651 1068 1760 1139 γάρ
1801 1067 1987 1121 κακῶν

420 1164 639 1219 ἐννοιῶν
671 1166 749 1228 εἰς
795 1163 951 1237 ἔργον
983 1161 1403 1234 προκεχώρηκεν
1430 1160 1559 1231 ὑμῖν
1595 1158 1663 1212 τὰ
1704 1158 1986 1229 ἐπιτηδεύ-

424 1276 567 1329 ματα
582 1276 595 1288 ·
618 1257 826 1328 διόπερ,
849 1254 1194 1327 αἰχμαλωσίᾳ
1220 1255 1287 1324 τῇ
1312 1269 1369 1305 τε
1394 1250 1534 1305 κατά
1558 1250 1713 1321 σῶμα
1730 1250 1824 1303 καὶ
1842 1250 1985 1320 ψυχῇ

421 1348 830 1419 ὑποδληθέντες,
848 1347 946 1418 οὐχ
973 1344 1122 1411 ἕξετε
1142 1343 1230 1397 τόν
1258 1341 1779 1413 ἀντιλαμϐανόμενον
1798 1339 1948 1411 ὑμῶν
1969 1356 1982 1368 ·

418 1441 526 1493 τῶν
555 1440 662 1509 γὰρ
696 1437 967 1508 πολεμίων
1000 1435 1352 1499 ἐπελθόντων,
1386 1435 1435 1487 οἰ
1482 1433 1823 1504 νομισθέντες
1859 1433 1987 1503 παρ’

422 1534 548 1603 ὑμῖν
577 1528 715 1585 εἶναι
743 1531 853 1583 θεοὶ
874 1532 935 1583 ού
968 1529 1040 1601 μὴ
1062 1527 1348 1595 ἐξέλωνται
1382 1528 1546 1597 ὑμᾶς,
1581 1526 1700 1579 οὐδὲ
1740 1526 1806 1578 τά
1839 1525 1989 1595 παρά

419 1621 526 1674 τῶν
556 1619 825 1690 πολεμίων
864 1617 1235 1689 διαρπαγέντα
1277 1616 1813 1685 ἀποκαταστήσωσιν
1838 1614 1985 1683 ὑμῖν.

492 1713 603 1783 Τῆς
642 1713 701 1777 ἐξ
733 1710 1006 1779 Αἰγύπτου
1058 1709 1366 1780 ἐλευθερίας
1405 1708 1845 1778 ὑπομιμνήσκει’
1877 1705 1989 1758 δει-

422 1805 573 1869 κνῦς,
607 1805 701 1870 ώς,
737 1802 871 1855 ’Ὁλα
898 1801 1024 1871 ἔθνη
1052 1800 1526 1871 τιμωρησάμενος,
1551 1795 1703 1867 ὑμῶν
1737 1796 1989 1848 ἀντικατ-

2089 613 2243 677 estis,
2279 620 2331 666 et
2369 611 2423 665 in
2468 610 2783 681 angelorum
2818 605 3154 661 consortium
3191 599 3491 666 destinati;
3527 598 3664 653 nihil

2089 721 2120 760 a
2151 706 2308 761 vobis
2342 704 2592 775 deposcit
2639 700 2782 755 Deus
2804 741 2819 765 ,
2856 709 3046 770 praeter
3078 698 3215 768 grati
3246 693 3412 748 animi
3454 690 3661 746 laudes.

2088 795 2234 864 Quas
2290 803 2469 850 autem
2502 795 2851 863 denegantes,
2892 790 3037 844 malo
3080 804 3177 844 vos
3222 787 3369 856 ipsos
3409 782 3659 846 dedistis,

2089 888 2236 944 illius
2289 887 2485 958 captivi
2536 885 2666 939 facti
2735 884 2870 938 estis
2902 920 2918 946 ,
2988 879 3381 936 conscientiam
3426 875 3662 930 obdure-

2090 987 2324 1044 scentes,
2381 986 2435 1034 et
2485 977 2627 1031 idola
2680 974 2735 1029 in
2790 972 3045 1027 domibus
3086 970 3281 1025 vestris
3323 968 3662 1023 constituen-

2089 1080 2215 1138 tes;
2252 1076 2376 1124 actu
2404 1068 2548 1124 enim
2583 1063 2912 1136 perfecistis,
2960 1076 3084 1132 quae
3129 1060 3287 1130 prius.
3326 1066 3506 1113 mente
3538 1066 3656 1112 stu-

2088 1159 2349 1214 dueratis.
2402 1156 2742 1224 QuaprOpter
2787 1162 2839 1207 et
2863 1165 3093 1221 corpore
3122 1156 3177 1204 et
3206 1148 3385 1209 animo
3439 1147 3495 1201 in
3558 1161 3652 1201 ca-

2088 1250 2385 1321 ptivitatem
2426 1245 2652 1309 redacti,
2690 1259 2799 1298 non
2849 1241 3117 1297 habebitis
3155 1240 3250 1310 qui
3293 1254 3390 1294 vos
3440 1238 3657 1293 liberet.

2087 1339 2222 1394 Nam
2256 1337 2502 1393 hostibus
2532 1350 2629 1389 vos
2667 1332 3066 1394 invadentibus,
3100 1347 3208 1385 non
3239 1336 3524 1401 protegent
3568 1343 3663 1384 vos

2094 1431 2197 1495 illi,
2225 1432 2319 1501 qui
2350 1429 2424 1483 dii
2455 1444 2578 1484 esse
2611 1434 2955 1497 reputantur,
2989 1440 3091 1480 nec
3120 1430 3275 1494 rapta
3305 1421 3374 1476 ab
3416 1420 3664 1477 hostibus

2087 1524 2242 1579 vobis
2271 1521 2581 1578 restituent.

2161 1699 2293 1755 CAP.
2353 1695 2538 1762 XLIII,
2572 1694 2740 1750 Vnns.
2785 1694 2838 1749 3.
2882 1689 3283 1747 Liberationem
3325 1704 3391 1742 ex
3428 1685 3664 1757 [Egypto

2089 1795 2501 1845 commemorat.
2530 1784 2732 1840 Gentes
2758 1790 2987 1837 cunctas
3010 1779 3188 1850 poenis
3209 1775 3494 1831 alliciendo
3514 1790 3666 1829 com-

420 1866 768 1968 ηλλαξάμην,
822 1866 1060 1956 ἐκείνους
1112 1866 1224 1962 *μὲν
1255 1866 1529 1952 ⁷κακώσας
1594 1866 1688 1941 καὶ
1741 1886 1986 1957 ἀπωλείᾳ

2093 1880 2454 1937 mutationem
2487 1884 2726 1932 vestram
2755 1874 2879 1938 feci,
2913 1871 3108 1941 inquit,
3134 1868 3255 1922 illos
3271 1867 3486 1937 quidem
3519 1866 3665 1919 cala-

424 1988 717 2061 τσαραδοὺς,
751 1988 878 2058 ὑμῖν
905 1986 959 2039 δὲ
986 1984 1233 2056 βοήθειαν
1259 1982 1470 2053 νείμας.

494 2180 661 2233 Πάλιν
695 2174 928 2232 ἐνταῦθα
961 2176 1381 2247 ὑπομιμνήσκει,
1416 2173 1497 2228 ὅτι
1544 2172 1641 2243 οὐχ
1671 2173 1746 2237 ὡς
1770 2173 1987 2235 οἰκείοις

423 2272 603 2333 πόνοις
630 2270 787 2335 δόξαν
820 2269 1029 2329 ἑαυτοῖς
1057 2266 1529 2347 περιεποιήσαντο,
1557 2265 1677 2318 οὐδὲ
1702 2265 1807 2336 ἰδίᾳ
1831 2264 1987 2317 δυνάυ

425 2380 515 2436 μει
558 2360 665 2414 τῶν
694 2359 861 2412 ἐθνῶν
905 2357 1303 2430 περιεγένοντο,
1347 2355 1481 2409 ἀλλά
1512 2354 1606 2409 τοῦ
1636 2355 1769 2409 Θεοῦ
1818 2357 1988 2410 ἀπαν-

420 2454 585 2526 ταχοῦ
611 2453 706 2507 καὶ
734 2450 936 2504 τούτων
968 2447 1314 2522 ἐρημούντων
1344 2446 1687 2519 ἐνεργοῦντος
1712 2446 1850 2501 κατά
1878 2446 1987 2500 τῶν

422 2544 712 2599 ἐναντίων·
758 2541 1014 2615 ἑλομένου
1059 2539 1165 2611 γάρ
1202 2557 1301 2610 μου
1338 2539 1605 2593 συντελεῖν
1649 2556 1709 2592 σε
1751 2541 1831 2604 εἰς
1862 2538 1988 2593 λαὸν

422 2636 575 2707 ἐμὸν,
604 2631 938 2703 ἁπρονόητος
961 2631 1022 2683 οὐ
1057 2629 1394 2700 μεμένηκας.

494 2747 683 2817 Ὅτιή
734 2744 938 2815 ἔρημος
997 2740 1214 2795 νοτίδων
1264 2738 1423 2792 θείων
1469 2736 1812 2807 τυγχάνουσα
1844 2736 1989 2809 ψυχὴ

426 2839 563 2911 μετά
585 2838 685 2910 τὴν
731 2834 1032 2908 παρουσίαν
1072 2830 1166 2884 τοῦ
1211 2829 1460 2901 Σωτῆρος
1487 2827 1806 2899 πλημμυρεῖ
1834 2827 1989 2882 θείων

423 2930 765 3001 διδαγμάτων
785 2970 800 2995 ,
834 2928 893 2991 ὃς
936 2926 1033 2997 τὴν
1081 2924 1203 2979 καθ’
1236 2922 1462 2975 ἕκαστον
1490 2920 1661 2992 ἄνδρα
1694 2921 1785 2974 καὶ
1838 2924 1989 2993 κοινῇ

422 3025 520 3097 τὴν
555 3021 879 3093 Ἐκκλησίαν
915 3020 1005 3073 ῖσα
1039 3019 1302 3087 ποταμοῖς
1331 3012 1661 3084 ἐπαρδεύετο
1689 3017 1801 3078 τοῖς
1829 3013 1990 3079 θείοις

422 3116 777 3186 ὃιδάγμασιν⁹
813 3113 1013 3183 ὁμοίως
1044 3110 1101 3163 δὲ
1135 3110 1348 3179 νοήσεις
1398 3106 1492 3158 κοιλ⁸
1534 3104 1602 3158 τὰ
1640 3105 1787 3175 ἑξῆς,
1821 3107 1994 3179 ἁρμό-

2088 1970 2373 2026 mitatibus
2402 1980 2457 2024 et
2482 1968 2651 2023 exitio
2675 1965 2943 2036 amigens,
2973 1977 3074 2017 vos
3096 1968 3278 2016 autem
3316 1958 3517 2013 auxilio
3543 1971 3664 2012 meo

2087 2061 2298 2116 fovens.

2166 2173 2324 2230 v'nns.
2358 2175 2411 2229 4.
2466 2172 2669 2227 lterum
2706 2171 2797 2226 hic
2830 2169 3095 2233 declarat,
3129 2168 3275 2238 ipsos
3312 2180 3420 2220 non
3463 2163 3667 2218 labori-

2087 2269 2191 2324 bus
2217 2268 2334 2322 suis
2362 2265 2591 2337 gloriam
2637 2264 2867 2332 adcptos
2897 2275 3044 2325 esse,
3089 2275 3190 2314 nec
3217 2272 3315 2313 sua
3349 2256 3551 2310 virtute
3579 2254 3665 2309 lu—

2092 2360 2308 2431 gavisse
2340 2360 2551 2420 hostes,
2587 2354 2682 2411 sed
2715 2354 2882 2408 Deum
2913 2352 3138 2422 ubique,
3173 2357 3228 2406 et
3261 2362 3357 2418 per
3386 2362 3446 2402 se
3470 2346 3665 2400 adver-

2090 2452 2268 2507 sarios
2298 2463 2547 2521 quosque
2581 2446 2866 2517 repulisse.
2903 2444 3014 2517 Ego
3045 2442 3189 2498 enim
3234 2448 3286 2496 te
3326 2438 3578 2510 eligerem
3604 2448 3668 2490 ut

2086 2551 2141 2599 te
2195 2542 2453 2613 populum
2481 2553 2659 2594 meum
2709 2537 2967 2601 facerem,
3007 2532 3328 2605 imprudens
3385 2543 3517 2584 vero
3555 2542 3665 2582 non

2088 2630 2476 2704 perseverasti.

2159 2742 2327 2799 Vens.
2360 2740 2450 2796 19.
2498 2739 2723 2795 Deserta
2766 2736 2909 2792 facta
2956 2732 3196 2789 hominis
3229 2730 3451 2793 anima,
3486 2734 3541 2782 et
3572 2725 3663 2780 di-

2089 2836 2233 2891 vinis
2257 2832 2684 2904 cogitationibus
2714 2842 2882 2883 vacua
2903 2866 2919 2891 ,
2964 2835 3088 2897 post
3120 2821 3418 2878 Salvatoris
3447 2819 3656 2874 adven-

2090 2936 2206 2983 tum
2242 2924 2442 2981 divinis
2490 2922 2757 2978 doctrinis
2806 2918 3125 2989 replebitur,
3162 2914 3258 2984 qui
3291 2910 3536 2981 singulos
3566 2907 3667 2961 ho-

2090 3020 2268 3074 mines
2318 3024 2375 3071 et
2427 3015 2739 3070 universam
2787 3010 3088 3064 Ecclesiam
3133 3004 3293 3075 quasi
3344 3000 3667 3056 ﬂuminibus

2093 3109 2409 3168 celestibus
2456 3107 2723 3162 doctrinis
2760 3102 3043 3173 irrigavit;
3080 3099 3336 3156 similiter
3373 3102 3427 3151 et
3473 3101 3668 3150 caetera

424 3210 531 3274 ζων
562 3208 791 3262 ἕκαστον
821 3204 932 3259 τῶν
960 3202 1256 3274 λεχθέντων
1295 3200 1374 3261 είς
1415 3195 1515 3250 τὴν
1549 3196 1609 3252 ἐν
1633 3196 1830 3269 ψυχαῖς
1859 3198 1990 3253 θεω-

2096 3199 2566 3270 interpretaberis,
2584 3196 2746 3251 verba
2763 3193 2978 3262 singula
2995 3192 3063 3245 ad
3080 3189 3385 3244 animarum
3416 3198 3669 3240 naturam

428 3302 571 3372 ρίαν.

492 3413 605 3483 Τὴν
656 3411 859 3466 ἄνωθεν
891 3409 986 3463 καὶ
1028 3411 1092 3462 ἐκ
1139 3408 1381 3463 παλαιῶν
1433 3410 1638 3482 χρόνων
1692 3407 1989 3480 γενομένην

424 3504 602 3558 αὐτῶν
639 3504 893 3576 πρόνοιαν
952 3501 1103 3572 παρά
1142 3500 1238 3554 τοῦ
1276 3500 1410 3555 Θεοῦ
1469 3499 1874 3554 ὑποδείκνυσιν·
1927 3500 1989 3553 οὐ

424 3595 533 3667 γὰρ
579 3593 673 3649 νῦν
716 3591 970 3663 ἠρξάμην
1003 3593 1250 3661 προνοεῖν
1292 3590 1473 3661 ὑμῶν’
1522 3588 1642 3642 οὐδὲ
1685 3587 1845 3659 ἡνίκα
1894 3586 1991 3658 τὴν

423 3688 519 3740 ἀπ’
554 3684 830 3753 Αἰγύπτου
874 3682 1050 3748 ἐξοδον
1096 3681 1397 3745 ἐποιεῖσθε,
1462 3679 1652 3743 θυσίας
1704 3680 1847 3750 ὑμᾶς
1888 3678 1993 3732 ἀπ-

422 3776 526 3849 ᾐτη
535 3793 616 3830 σαο
640 3776 760 3830 οὐδὲ
782 3776 921 3847 μετὰ
948 3773 1206 3844 καμάτων
1226 3774 1355 3836 τοὺς
1383 3771 1657 3834 ἐναντίους
1679 3769 1992 3841 χειροῦσθαι

427 3868 778 3942 συνεχώρησα
795 3885 809 3901 ⁸
828 3868 965 3922 ἀλλὰ
987 3865 1272 3922 καὶταῦτα
1301 3864 1630 3936 προσφέρειν
1666 3863 1803 3933 μετὰ
1823 3862 1992 3916 ταῦτα

425 3962 689 4027 ἐνέδωκα,
722 3961 1027 4031 ἀποστῆσαι
1062 3958 1381 4029 βουλόμενος
1423 3956 1690 4019 εἰδώλων,
1722 3957 1817 4009 καὶ
1864 3957 1991 4027 ὑμῖν

426 4055 722 4126 προφάσεις
748 4052 1083 4125 δωρημάτων
1112 4049 1490 4123 παρασχέσθαι
1508 4066 1521 4079 ’
1540 4049 1600 4102 οὐ
1622 4047 1731 4120 γὰρ
1751 4048 1810 4101 ἐν
1835 4047 1992 4120 χρείᾳ

423 4147 630 4202 τούτων
662 4146 999 4217 καθέστηκα.
1406 4131 1423 4146 ’

507 4240 960 4311 Ὑπομιμνήσκει,
982 4236 1058 4301 ὡς
1094 4237 1190 4292 καὶ
1221 4237 1372 4306 κοινῇ
1402 4233 1496 4288 τοῦ
1525 4232 1715 4303 γένους
1747 4231 1842 4285 καὶ
1886 4230 1992 4301 ἰδίᾳ

425 4332 655 4387 ὲκάστου
697 4333 930 4403 ποιητὴς
963 4330 1297 4400 καθέστηκεν
1318 4346 1330 4360 ·
1363 4327 1500 4382 ἀλλὰ
1527 4327 1622 4380 καὶ
1664 4324 1754 4379 διά
1786 4323 1993 4387 κοιλίας

429 4423 697 4494 μέμνηται
744 4422 1037 4492 διήκουσαν
1076 4420 1363 4493 πρόνοιαν,
1397 4415 1867 4483 ζωοπλαστοῦντος
1903 4414 1995 4467 αὐ-

2096 3293 2363 3351 referens.

2166 3403 2336 3459 Vnns.
2372 3400 2464 3455 22.
2501 3398 2546 3453 Α
2578 3395 2851 3470 principio
2883 3400 2938 3448 et
2967 3393 3037 3447 ab
3064 3390 3309 3462 antiquis
3333 3386 3670 3458 temporibus

2097 3514 2156 3554 se
2186 3494 2446 3568 peculiari
2477 3507 2573 3549 eos
2596 3487 2941 3560 providentia
2974 3485 3193 3548 fovisse,
3218 3483 3462 3538 declarat
3484 3482 3627 3535 Deus
3649 3498 3664 3509 ο

2096 3590 2215 3645 Non
2268 3602 2416 3643 nunc
2458 3585 2692 3653 primum
2722 3580 2891 3635 vestri
2923 3593 3113 3633 curam
3153 3576 3324 3647 gessi,
3371 3589 3473 3628 nec
3506 3573 3668 3628 dece-

2096 3682 2355 3738 dentibus
2376 3679 2532 3734 vobis
2562 3692 2629 3732 ex
2670 3673 2931 3745 Egypto,
2964 3670 3217 3725 victimas
3254 3685 3286 3723 a
3313 3668 3464 3722 vobis
3488 3666 3668 3736 exegi,

2098 3790 2205 3831 nec
2232 3775 2420 3829 hostes
2451 3768 2609 3824 vobis
2648 3782 2773 3822 cum
2814 3764 3099 3819 laboribus
3126 3759 3423 3816 vincendos
3447 3758 3667 3814 tradidi.

2100 3866 2206 3923 Sed
2232 3872 2423 3936 postea
2452 3861 2711 3916 victimas
2739 3858 2863 3913 ideo
2889 3856 3105 3926 excepi,
3136 3862 3196 3908 ut
3214 3854 3284 3908 ab
3314 3852 3472 3907 idolis
3501 3852 3671 3907 absti-

2098 3959 2307 4021 neatis,
2333 3965 2389 4012 et
2419 3953 2690 4010 beneﬁcia
2712 3949 2981 4020 largiendi
3004 3948 3326 4004 occasiones
3362 3944 3495 3999 mihi
3532 3958 3671 4014 prae-

2096 4050 2275 4107 beatis
2302 4068 2316 4102 :
2354 4047 2476 4102 istis
2507 4044 2651 4100 enim
2686 4056 2797 4095 non
2830 4039 3066 4109 indigeo.

2098 4230 2115 4249 '
2169 4226 2301 4282 Car.
2347 4220 2532 4288 XLIV,
2580 4218 2749 4274 Vsns.
2793 4217 2848 4271 2.
2903 4214 3166 4269 Memorat
3215 4209 3360 4265 Deus
3403 4223 3464 4263 se
3497 4208 3669 4262 totius

2099 4320 2298 4391 gentis,
2323 4324 2375 4371 et
2406 4314 2750 4384 singulorum
2781 4308 3064 4363 hominum
3089 4312 3391 4359 creatorem
3419 4309 3671 4367 exstare;

2097 4419 2152 4466 et
2174 4423 2445 4480 quemque
2472 4413 2724 4461 nostrum
2754 4401 2838 4456 vel
2857 4404 2913 4455 tn
2946 4406 3103 4453 utero
3132 4395 3452 4465 matrisjam
3486 4394 3669 4463 provi-

423 4484 518 4568 τοῦ
548 4484 753 4577 πάντας
784 4484 936 4584 ἡμᾶς
979 4514 1039 4566 ἐν
1091 4484 1159 4583 τῆ
1197 4510 1351 4585 νηδύϊ
1396 4511 1497 4583 τῆς
1528 4506 1766 4581 μητρὸς,
1810 4506 1990 4560 καὶτὸ

2096 4500 2279 4557 dentia
2308 4497 2580 4560 coluisse,
2612 4509 2736 4548 cum
2776 4505 2969 4549 omnes
2993 4504 3100 4546 nos
3127 4488 3185 4542 in
3212 4496 3399 4543 ventre
3431 4484 3670 4555 plasma-

426 4602 564 4659 εἶναι
591 4606 723 4675 ἡμῖν
747 4603 999 4667 διδόντος.

496 4716 756 4771 Ἐνταῦθα
767 4716 828 4769 τδ
852 4733 872 4766 ι
897 4715 996 4768 οὐκ
1018 4708 1159 4785 ἦσαν
1183 4713 1259 4786 (9)
1283 4717 1331 4768 οἰ
1359 4713 1705 4779 πλάττοντες,
1735 4731 1754 4764 ι
1770 4712 1831 4765 οὐ
1847 4708 1998 4781 παρὰ

426 4808 487 4862 τὺ
515 4807 590 4880 μὴ
621 4804 761 4862 εἶναι
789 4808 915 4871 τοὺς
945 4806 1119 4860 ταῦτα
1144 4806 1566 4878 ἐργαζομένους,
1598 4804 1732 4859 ἀλλά
1760 4803 1909 4875 παρὰ
1938 4802 1998 4855 τὸ

432 4901 506 4971 μὴ
534 4900 793 4955 δύνασθαι
821 4898 1034 4971 βοηθεῖν
1061 4901 1172 4961 τοῖς
1199 4896 1592 4968 θεραπεύουσιν
1616 4895 1778 4961 αὐτὰ,
1816 4894 1891 4958 ώς
1923 4892 1999 4965 μὴ

426 4990 607 5055 ὅντες·
639 4992 734 5047 καὶ
762 4990 872 5062 γὰρ
904 4990 999 5044 καὶ⁸
1038 4989 1200 5061 ⁴ἡνίκα
1238 4990 1271 5059 ὴ
1303 4986 1455 5059 χώρα
1487 4990 1600 5050 τοῖς
1639 4985 2000 5057 Ἰσραηλίταις

429 5082 861 5154 ἐκληροδοτεῖτο,
917 5080 1131 5161 ⁸πολλῶν
1177 5080 1346 5134 ὄντων
1398 5080 1788 5151 σεϐασμάτων,
1830 5078 2002 5143 οὕτως

430 5173 726 5245 ἀνῃροῦντο
758 5173 852 5227 καὶ
890 5169 1215 5237 ἐξεωθοῦντο
1265 5170 1374 5225 τῶν
1404 5172 1585 5224 τόπων
1617 5170 1687 5224 τά
1730 5169 1889 5241 ἔθνη,
1924 5170 2002 5233 ώς

430 5264 529 5335 τὴν
567 5265 665 5335 μὲν
709 5264 929 5318 ἐκείνων
981 5263 1285 5335 ἀδυναμίαν
1332 5262 1428 5316 καὶ
1463 5262 1741 5317 οὺθένειαν
1788 5262 2000 5315 δείκνυ-

432 5354 576 5419 σθαι,
605 5354 964 5428 φανεροῦσθαι
995 5357 1052 5410 δὲ
1079 5356 1179 5428 τὴν
1207 5354 1301 5409 τοῦ
1327 5353 1463 5410 Θεοῦ
1495 5354 1836 5410 δεσποτείαν.

504 5530 771 5585 Ἀδυσσον
804 5533 1056 5604 εἰρήκασι
1095 5533 1194 5603 τὴν
1228 5530 1493 5605 Ἐρυθρὰν
1529 5529 1823 5596 θάλασσαν,
1863 5531 1996 5601 ἐρη-

434 5619 703 5691 μωθεῖσαν
737 5624 1041 5677 παοιόντων
1073 5623 1181 5675 τῶν
1215 5621 1560 5695 Ἰσραηλιτῶν
1579 5635 1593 5650 ’
1624 5621 1900 5690 ποταμοὺς
1937 5620 1995 5674 δὲ

2019 4577 2067 4636 D
2093 4592 2253 4655 verit,
2286 4596 2342 4644 et
2373 4590 2484 4644 vita
2514 4584 2817 4641 donaverit.

2184 4702 2346 4758 Vens.
2385 4700 2440 4756 9.
2482 4698 2582 4753 Hic
2619 4697 2785 4753 verba
2827 4696 2931 4751 ista
2967 4712 2981 4748 :
3023 4712 3041 4744 ι
3069 4691 3191 4747 Νοη
3225 4700 3381 4746 erant
3418 4688 3509 4759 qui
3560 4686 3675 4741 for-

2100 4797 2344 4858 mabant,
2371 4813 2391 4846 ›
2425 4806 2537 4847 non
2561 4790 2844 4846 declarant
2874 4802 2970 4842 eos
2998 4799 3198 4856 reapse
3222 4796 3333 4837 non
3367 4779 3675 4841 exstitisse,

2099 4885 2196 4956 qui
2228 4883 2373 4939 idola
2397 4880 2743 4951 sculpebant,
2778 4877 2876 4932 sed
2904 4890 2999 4931 eos
3027 4873 3177 4929 idola
3205 4870 3514 4926 colentibus
3543 4883 3677 4938 pro-

2101 4978 2260 5032 desse
2292 4989 2403 5029 non
2437 4971 2704 5042 potuissie,
2740 4968 2902 5039 quasi
2943 4981 3054 5022 non
3096 4964 3347 5019 fuissent.
3390 4958 3525 5013 Nam
3561 4966 3675 5013 ter-

2103 5080 2220 5120 ram
2265 5062 2527 5120 lsraelitis
2569 5058 2987 5130 usurpantibus,
3038 5069 3148 5110 non
3197 5052 3491 5107 defuerunt
3540 5063 3687 5104 sane

2102 5157 2266 5221 idola,
2298 5153 2649 5225 possessione
2667 5161 2853 5207 tamen
2877 5164 2978 5205 sua
3020 5155 3210 5218 gentes
3244 5144 3497 5215 Spoliatae
3544 5148 3683 5197 sunt.

2101 5257 2156 5305 et
2181 5248 2458 5318 expulsae:
2490 5244 2692 5316 quibus
2722 5241 2888 5299 simul
2917 5249 2972 5296 et
3014 5238 3287 5293 idolorum
3325 5232 3685 5289 imbecillitas

2100 5342 2511 5397 demonstratur
2543 5343 2599 5392 et
2624 5333 2974 5406 impetentia,
3008 5329 3105 5386 Dei
3145 5342 3276 5385 vero
3309 5330 3532 5397 apparet
3568 5323 3672 5377 im-

2102 5433 2333 5503 perium.

2176 5522 2342 5577 Vsns.
2373 5522 2464 5577 27.
2496 5520 2743 5591 Abyssus
2774 5530 2924 5572 mare
2969 5511 3339 5584 Erythraaum
3385 5504 3675 5577 designat,

2104 5615 2518 5673 transeuntibus
2574 5610 2837 5670 lsraelitis
2881 5607 3222 5675 desolatum;
3277 5598 3501 5690 ﬂumina
3540 5611 3687 5654 vero»

502 5777 577 5843 (9)
606 5775 963 5833 Communius
990 5778 1171 5847 legunt
1198 5794 1208 5828 :
1244 5779 1357 5832 Οὐκ
1379 5778 1637 5846 ηκουσανο
1670 5774 1764 5832 sed
1793 5774 1945 5831 Alex.
1975 5777 1990 5826 ἐ

2093 5820 2097 5826 .
2119 5772 2178 5829 C.
2209 5767 2369 5842 ἦσαν.
