4138 6466
455 440 593 497 1559

1616 436 1656 491 Τ
1663 437 1965 496 ιιΕοῡοιιι
2006 439 2526 498 IIERACLEENSIS

3586 442 3720 497 I540

454 555 696 612 arefacta
724 551 1014 607 Jordancm
1058 543 1703 610 usdem‘transéimtibus
1727 556 1891 626 jussu
1930 555 2029 612 Dei

2137 558 2502 631 ξηρανθέντας
2539 560 2631 611 τὸν
2665 556 2936 628 Ἰορδάνην
2964 551 3270 625 εἰρήκασιν,
3305 550 3721 623 ἀναχαιτίσαντα

455 646 853 702 dehiscentem.

540 738 671 794 CAP.
708 734 875 803 XLV,
910 734 1080 792 Vsus.
1114 734 1171 791 9.
1216 736 1322 793 Per
1351 753 1417 795 ea
1445 756 1566 811 quae
1607 741 1723 797 fieri
1764 758 1873 797 non
1904 758 2030 814 pos-

454 835 583 886 sunt
606 827 874 883 informat
897 843 994 884 eos
1027 828 1096 884 ad
1127 829 1448 901 sapientiam
1470 874 1485 899 ,
1514 832 1753 890 suadens
1785 842 1845 888 ut
1873 849 2029 906 aequo

454 925 636 979 animo
675 922 952 992 excipiant
986 916 1328 995 quaecunque
1375 923 1599 980 fuerunt
1622 941 1652 979 ιι
1690 926 1800 981 Deo
1828 926 1896 981 ad
1921 927 2031 981 sal-

451 1018 661 1073 vandas
698 1025 890 1090 gentes
916 1016 1225 1072 destinata:
1276 1033 1386 1088 quo
1438 1018 1585 1074 enim
1634 1019 1798 1075 modo
1845 1020 2026 1075 lutum

455 1092 684 1180 ﬁgulum
725 1124 838 1164 non
888 1107 1204 1179 redarguet,
1253 1122 1356 1165 nec
1401 1109 1704 1180 impedient
1734 1110 1849 1165 nati
1890 1128 2029 1183 quo-

451 1202 635 1257 minus
672 1210 729 1256 et
761 1200 899 1257 alios
924 1209 1146 1273 generet
1175 1209 1331 1272 pater
1358 1201 1558 1259 ardens
1591 1219 1815 1274 pueros,
1845 1211 1900 1260 et
1928 1206 2032 1259 im-

453 1295 530 1367 pii
580 1303 728 1351 esset
755 1294 993 1352 hominis
1021 1295 1417 1367 parturientem
1457 1302 1687 1351 matrem
1734 1297 2032 1368 reprehen-

454 1389 619 1444 dere:
655 1389 728 1443 ita
756 1404 857 1445 nec
888 1404 1005 1452 vos,
1031 1389 1230 1459 inquit,
1253 1388 1594 1459 hancilegem
1615 1387 1728 1445 Deo
1751 1390 2028 1453 statuatis,

459 1486 520 1531 ut
544 1479 598 1530 in
627 1493 725 1533 vos
753 1486 962 1532 tantum
994 1479 1225 1550 gratiam
1258 1494 1410 1534 suam
1449 1478 1711 1535 effundat.

538 1567 706 1624 Vens.
754 1572 840 1624 II.
872 1570 1213 1625 Committite
1252 1571 1386 1624 mihi
1418 1586 1641 1628 causam
1673 1580 1935 1635 vestram,
1972 1579 2026 1629 et

455 1676 486 1715 ει
509 1664 685 1717 salute
713 1679 824 1718 non
864 1663 1155 1720 aberretis.
1202 1662 1322 1719 Non
1360 1664 1493 1718 mihi
1523 1680 1661 1736 opus
1692 1667 1801 1721 erit
1826 1666 2027 1722 exhor-

455 1753 754 1810 tationibus
780 1762 835 1810 et
862 1754 1450 1811 commendationibus
1478 1757 1702 1821 vestris,
1728 1764 1789 1811 ut
1818 1772 1950 1812 cura
1978 1764 2031 1812 et

2136 650 2230 701 ἐπὶ
2250 650 2318 719 τῇ
2343 647 2523 702 αὐτῶν
2549 645 2770 717 παρόδῳ
2805 641 3097 716 προστάξει
3120 639 3279 695 Θεοῦ.

2219 741 2351 794 Ἀπὸ
2396 738 2506 793 τῶν
2571 737 2647 811 μὴ
2692 734 3057 807 ἐνδεχομένων
3102 732 3349 803 γίνεσθαι
3400 732 3722 805 σωφρονίζει

2134 833 2365 898 αὐτοὺς,
2401 831 2675 886 παιδεύων
2728 829 2899 884 εἴκειν
2944 830 3057 892 τοῖς
3111 825 3264 897 παρὰ
3300 825 3396 879 τοῦ
3442 824 3578 879 Θεοῦ
3630 825 3723 878 ἐπὶ

2136 926 2381 999 σωτηρίᾳ
2407 924 2514 978 τῶν
2557 923 2725 978 ἐθνῶν
2764 921 3016 996 μέλλουσι
3057 919 3516 992 χαρισθήσεσθαι·
3553 920 3723 991 ὅνπερ

2134 1018 2244 1091 γὰρ
2274 1018 2474 1090 τρόπον
2523 1015 2647 1071 ούτε
2694 1014 2867 1086 πηλὸς
2923 1013 3329 1080 ἐπιδιατάξεται
3376 1011 3456 1083 τῷ
3484 1010 3719 1083 πλάστῃ,

2134 1109 2258 1164 οὔτε
2306 1110 2471 1164 τέκνα
2512 1108 2747 1163 κωλύσει
2774 1106 2990 1179 πατέρα
3035 1105 3335 1160 σπεύδοντα
3374 1104 3470 1158 καὶ
3519 1104 3722 1176 ἐτέρων

2134 1202 2341 1256 τέκνων
2378 1200 2632 1271 γενέσθαι
2688 1199 2922 1272 πατέρα,
2965 1199 3060 1253 καὶ
3107 1198 3319 1271 μητέθδα
3349 1196 3721 1269 κυοφοροῦσαν

2136 1294 2433 1361 αἰτιᾶσθαι,
2483 1292 2660 1357 οὕτως
2701 1292 2933 1357 ἀσεϐοῦς
2969 1291 3121 1355 ὄντος
3144 1306 3161 1323 ’
3189 1290 3299 1344 οὐδ’
3331 1290 3522 1362 ὑμεῖς,
3563 1288 3719 1360 φησὶ,

2134 1386 2211 1457 τῷ
2243 1385 2362 1457 Θεῷ
2401 1384 2812 1453 ἐπιδιατάξεσθε
2859 1384 2940 1448 εἰς
2987 1384 3132 1454 ὑμᾶς
3166 1382 3362 1450 μόνους
3400 1381 3720 1453 περιστῆναι
3780 1427 3791 1438 ,

2138 1478 2204 1531 τά
2234 1479 2333 1551 τῆς
2364 1477 2531 1532 αὐτοῦ
2563 1477 2808 1551 χάριτος.

2208 1572 2362 1642 Ἐμοὶ
2386 1571 2728 1643 ἐπιγράψατε
2764 1568 2862 1642 τὴν
2896 1568 3169 1640 ὑμετέραν
3203 1567 3459 1638 φροντίδα
3483 1606 3499 1632 ,
3528 1566 3624 1620 καὶ
3655 1566 3716 1619 οὐ

2140 1661 2213 1732 μὴ
2239 1661 2578 1734 διαμάρτητε
2602 1661 2874 1733 σωτηρίας
2895 1675 2911 1690 ·
2936 1659 3059 1713 οῦτε
3089 1658 3199 1732 γάρ
3218 1659 3320 1729 τῆς
3347 1658 3376 1711 ύ
3384 1657 3500 1729 μῶν
3526 1657 3721 1730 δεηθὴ-

2139 1769 2301 1823 σομαι
2328 1752 2691 1824 ὑπομνήσεως
2726 1751 2760 1824 ἢ
2796 1750 3227 1823 παρακλήσεως,
3252 1750 3393 1805 ὥστε
3426 1748 3536 1822 ἐμά
3559 1751 3719 1820 ποιή-

453 1845 790 1914 prnvidentia
825 1856 1105 1902 creaturas
1133 1862 1284 1903 meas
1314 1846 1524 1903 foveam
1545 1887 1561 1912 ,
1607 1864 1729 1919 qum
1758 1864 1859 1920 pro
1901 1848 2029 1903 ﬁliis

2139 1861 2285 1915 ματα
2315 1844 2352 1898 ἃ
2383 1845 2442 1898 ἐν
2471 1845 2608 1907 υἱοῖς
2640 1845 2734 1898 καὶ
2757 1841 3063 1916 θυγατράσι
3084 1841 3479 1912 κατειλεγμένα
3513 1841 3720 1909 τυγχά-

458 1942 514 1990 et
547 1934 765 1992 ﬁliabus
799 1936 1108 1993 habuerim.
1143 1935 1254 1992 Nec
1289 1936 1393 1993 feci
1420 1938 1621 1993 coelum
1653 1946 1708 1994 et
1740 1946 1944 1993 terram
1974 1946 2033 1992 ut

2137 1953 2250 2001 νει,
2287 1935 2605 2008 ἐπιμελείας
2635 1935 2729 1990 καὶ
2769 1934 3052 2009 φροντίδος
3086 1933 3385 2005 ἀξιωθῆναι
3405 1950 3419 1964 ·
3463 1933 3586 1987 ούδέ
3612 1933 3721 2005 γάρ

461 2027 588 2083 υευί
621 2028 753 2082 mihi
785 2038 992 2092 essent,
1029 2036 1089 2083 ut
1114 2030 1315 2085 coelum
1357 2044 1460 2101 pro
1495 2030 1714 2090 throno.
1740 2036 1795 2085 et
1831 2038 2034 2085 terram

2139 2029 2364 2100 ούρανὺν
2391 2030 2487 2083 καὶ
2512 2029 2615 2101 γῆν
2648 2026 3070 2092 κατασκευάζων
3094 2025 3169 2092 ὡς
3209 2025 3334 2097 ἐμοὶ
3363 2025 3554 2098 χρείαν
3596 2042 3721 2079 συνη

451 2131 554 2189 pro
621 2119 859 2176 scabello
924 2119 1217 2182 haberem.
1288 2128 1350 2175 ut
1395 2121 1506 2177 illis
1560 2122 1866 2177 involverer
1918 2136 2038 2192 qum

455 2210 738 2267 voluntate
788 2227 909 2267 mea
957 2213 1078 2283 ipsa
1133 2212 1519 2281 continentur;
1570 2214 1665 2270 sed
1700 2213 1754 2268 in
1791 2221 2032 2269 vestram

454 2302 746 2359 utilitatem
777 2311 976 2359 cuncta
1018 2303 1289 2375 disposui.
1330 2303 1643 2361 Prazsertim
1680 2322 1812 2361 vero
1854 2306 2038 2360 stella-

455 2409 581 2449 rum
611 2411 812 2452 cursus
842 2404 897 2452 et
928 2396 1199 2452 stationes
1230 2395 1419 2469 dirigit
1449 2397 1705 2453 voluntas
1744 2412 1865 2452 mea
1893 2413 1907 2448 :
1937 2412 2038 2453 nec

456 2486 665 2556 angelis
691 2488 837 2553 licet,
858 2487 988 2543 dum
1018 2487 1135 2544 haec
1159 2489 1232 2545 ita
1263 2498 1550 2560 reguntur,
1582 2491 1695 2544 otio
1726 2504 1785 2545 se
1815 2489 2034 2555 dedere,

460 2576 559 2633 sed
585 2578 776 2634 laudes
804 2579 1355 2636 miliitribueruntab
1375 2581 1511 2651 ipsis
1532 2580 1746 2637 debitas
1770 2598 1784 2646 ;
1821 2581 2037 2636 cunctis

457 2669 624 2741 igitur
653 2687 683 2724 a
732 2688 818 2727 me
863 2672 1155 2736 ordinatis,
1193 2688 1292 2728 nec
1333 2679 1564 2728 terrenae
1611 2688 1698 2727 me
1741 2672 2033 2743 eﬂ'ugiunt.

458 2758 551 2814 Sic
580 2761 864 2831 apparebit
885 2760 1064 2834 Cyrus
1103 2778 1198 2818 rex
1235 2769 1291 2818 et
1315 2764 1517 2833 pietate
1568 2763 1626 2817 in
1669 2778 1756 2818 me
1802 2763 2037 2834 insignis

455 2859 510 2907 et
548 2860 693 2907 recta
748 2853 1055 2924 professus.
1103 2853 1226 2909 Non
1275 2854 1467 2909 latebit
1517 2854 1805 2910 scientiam
1858 2870 2035 2911 meam

456 2950 706 3013 tempore
736 2960 839 3000 suo
866 2953 1056 3012 natus,
1090 2962 1201 3001 non
1231 2946 1462 3002 arbitrio
1496 2963 1616 3013 suo,
1641 2948 1734 3003 sed
1757 2956 1892 3002 nutu
1916 2964 2036 3005 meo

456 3035 626 3089 vitam
650 3036 928 3107 disponet,
951 3037 1190 3093 reditum
1223 3038 1382 3093 vobis
1402 3055 1466 3093 ex
1491 3039 1811 3109 captivitate
1839 3055 2036 3096 conce-

458 3127 571 3193 det,
613 3137 669 3182 et
713 3127 1020 3186 Jerusalem
1050 3130 1231 3186 denuo
1271 3131 1585 3195 mdiﬁcabit,
1630 3149 1741 3188 non
1792 3135 1967 3205 pretio
2003 3149 2039 3196 a,

459 3219 614 3275 vobis
644 3220 796 3286 dato,
825 3222 920 3277 sed
951 3222 1185 3292 jubente
1216 3225 1503 3280 voluntate
1535 3240 1679 3281 mea.

2135 2122 2421 2177 τελέσοντα
2450 2122 2666 2176 ἐποίουν
2689 2161 2705 2187 ,
2745 2121 2831 2175 ἴνα
2941 2136 3033 2191 μοι
3084 2117 3273 2190 θρόνος
3302 2119 3331 2171 ὁ
3357 2117 3617 2189 οὐρανὸς,
3648 2118 3728 2188 γῆ

2136 2213 2193 2267 δέ
2220 2213 2509 2268 ὑποπόδιον
2529 2256 2544 2280 ,
2578 2215 2672 2268 καὶ
2708 2214 2767 2268 ἐν
2798 2212 3010 2276 τούτοις
3043 2210 3386 2285 περιέχωμαι
3405 2250 3420 2275 ,
3445 2210 3609 2264 ὁπότε
3642 2210 3724 2281 τῷ

2137 2305 2255 2377 ἐμῷ
2301 2305 2562 2378 θελήματι
2590 2305 2762 2359 ταῦτα
2799 2305 3078 2376 συνέχεται
3114 2338 3133 2368 ,
3185 2302 3299 2358 ἀλλ’
3335 2305 3417 2367 εἰς
3451 2302 3731 2375 ὑμετέραν

2137 2396 2324 2468 χρείαν
2352 2397 2592 2467 ὑφιστῶν
2611 2414 2626 2429 ·
2653 2397 2715 2450 οὐ
2749 2396 2854 2468 μὴν
2887 2395 3023 2450 ἀλλὰ
3054 2396 3150 2450 καὶ
3198 2393 3447 2467 ἀστέρων
3490 2394 3722 2466 δρόμους

2137 2490 2231 2544 καὶ
2267 2490 2483 2554 στάσεις
2528 2490 2589 2543 τὺ
2631 2489 2763 2561 ἐμὸν
2800 2488 3047 2560 βούλημα
3080 2487 3279 2542 ἰθύνειο
3322 2487 3418 2542 καὶ
3442 2486 3551 2558 γάρ
3580 2503 3723 2555 γινο-

2141 2583 2317 2654 μένων
2373 2584 2586 2647 αὐτῶν,
2637 2582 2859 2651 ἄγγελοι
2910 2581 3203 2653 ἡσυχάζειν
3258 2580 3359 2634 ούκ
3408 2579 3721 2652 ἠνέσχοντο,

2137 2674 2274 2728 ἀλλὰ
2304 2675 2397 2730 τὸν
2426 2676 2514 2728 ἐπ’
2548 2675 2732 2740 αὐτοῖς
2763 2670 2912 2729 αἶνον
2951 2672 3303 2745 ὀφειλόμενόν
3336 2690 3428 2745 μοι
3458 2671 3723 2726 ἀποδεδώ-

2137 2783 2285 2822 κασι.
2323 2768 2548 2822 Πάντων
2586 2767 2763 2821 τοίνυν
2803 2767 2894 2820 ὑπ’
2925 2766 3059 2837 ἐμοῦ
3093 2765 3559 2838 κυϐερνωμένων,
3601 2766 3725 2819 ούδέ

2136 2855 2204 2910 τά
2241 2856 2334 2910 ἐπὶ
2365 2856 2467 2927 τῆς
2489 2855 2595 2926 γῆς
2622 2856 2963 2926 ἐκπέφευγον
2988 2872 3003 2888 ο
3044 2856 3180 2911 ἀλλὰ
3207 2857 3303 2910 καὶ
3331 2856 3516 2928 Κῦρος
3548 2857 3577 2910 ό
3624 2855 3723 2927 βα-

2139 2951 2316 3015 σιλεὺς
2351 2950 2591 3005 εὐσεϐῶν
2618 2950 2685 3005 τά
2731 2951 2867 3023 πρὸς
2901 2952 3001 3024 ἐμὲ
3030 2953 3124 3007 καὶ
3153 2948 3212 3007 εὖ
3263 2953 3523 3025 πράσσων
3553 2952 3724 3022 ἐγνωο

2139 3057 2288 3097 σται’
2344 3042 2438 3098 καὶ
2486 3042 2684 3097 οῦποτε
2714 3042 2938 3113 λήσεται
2989 3044 3088 3115 τὴν
3140 3045 3278 3116 ἐμὴν
3330 3043 3534 3114 γνῶσιν
3581 3044 3725 3098 κατὰ

2136 3135 2359 3207 χρόνους
2391 3134 2555 3199 ἰδίους
2584 3133 2959 3207 γεννώμενος,
2987 3137 3084 3189 καὶ
3115 3136 3215 3190 οὐκ
3248 3136 3425 3207 οἰκεία
3461 3135 3725 3208 προαιρέ-

2139 3243 2221 3280 σει
2252 3223 2311 3280 εῦ
2338 3225 2575 3297 βιώσων,
2608 3225 2744 3279 ἀλλὰ
2774 3226 2853 3298 τῷ
2876 3226 2995 3297 ἐμῷ
3026 3227 3289 3298 νεύματι,
3337 3227 3433 3281 καὶ
3462 3226 3562 3300 τὴν
3590 3226 3725 3281 κάθ-

454 3316 571 3369 οδον
600 3316 729 3387 ύμῖν
779 3317 877 3388 τὴν
915 3318 1023 3372 άπὸ
1081 3319 1181 3389 τῆς
1240 3320 1614 3392 αἰχμαλωσίας
1655 3321 1959 3387 ἀποδώσει,
2022 3322 2117 3375 καὶ
2150 3304 2249 3393 τὴν
2314 3320 2670 3393 Ἰερουσαλὴμ
2705 3321 3049 3392 οἰκοδομήσει
3088 3361 3105 3388 ,
3156 3322 3218 3375 ού
3274 3323 3534 3394 χρήματα
3591 3323 3726 3391 παρ’

455 3410 609 3482 ὑμῶν
637 3412 998 3482 κομιζόμενος
1024 3453 1039 3478 ,
1079 3413 1215 3469 ἀλλά
1241 3414 1320 3486 τῷ
1363 3416 1484 3489 ἐμῷ
1512 3417 1743 3491 νεύματι
1779 3418 1964 3473 εἴκων.

536 3501 702 3558 VEns.
748 3504 837 3558 14.
871 3505 1087 3563 Rursus
1123 3507 1193 3562 ad
1223 3509 1644 3568 confundendos
1677 3527 1773 3569 eos
1820 3529 2030 3569 memo-

2199 3503 2369 3558 Πάλιν
2383 3503 2492 3557 τῶν
2523 3503 2582 3558 ἐν
2592 3503 2853 3577 Αἰγύπτῳ
2868 3505 3132 3560 ἐπονειδεῖ
3148 3504 3279 3579 [-ίζε
3290 3504 3329 3578 ι]
3346 3506 3445 3578 τὴν
3471 3509 3690 3581 μνήμην
3703 3549 3723 3578 ,

460 3595 601 3649 riam
634 3611 819 3651 rerum
851 3606 1075 3655 revocat
1103 3600 1158 3654 in
1186 3599 1424 3673 Egypto
1458 3612 1739 3674 gestarum
1777 3618 1832 3662 et
1873 3609 2040 3664 mira-

2143 3595 2234 3648 καὶ
2259 3594 2367 3649 τῶν
2389 3597 2507 3649 ἐκεῖ
2534 3595 3134 3669 θαυματουργηθέντων
3169 3596 3275 3651 ὑπὸ
3298 3597 3394 3651 τοῦ
3420 3597 3558 3653 Θεοῦ
3585 3602 3726 3655 κατὰ

456 3689 704 3743 culorum
762 3705 795 3744 a
846 3689 958 3746 Deo
1013 3703 1207 3747 contra
1253 3693 1538 3765 [Egyptios
1601 3711 1703 3766 pro
1753 3697 2034 3756 liberanda

2138 3686 2249 3740 τῶν
2282 3687 2594 3756 Αἰγυπτίων
2633 3688 2727 3741 ἐπὶ
2759 3690 2827 3759 τῇ
2861 3687 2955 3741 τοῦ
2985 3687 3116 3742 λαοῦ
3162 3687 3724 3763 ἓλευθερίᾳύπόμνη-

456 3778 657 3848 populo
713 3779 1005 3836 editorum.
1063 3780 1146 3836 Illi
1214 3784 1435 3854 quidem
1496 3785 1884 3844 laboraverunt
1941 3793 2040 3847 ob-

457 3867 749 3937 stupefacti
776 3886 791 3935 ;
826 3884 925 3924 vos
947 3885 1079 3928 vero
1107 3887 1139 3927 a
1172 3874 1410 3944 peccatis
1451 3890 1563 3931 non
1589 3879 1918 3946 recessistis,
1941 3881 2038 3938 sed

455 3964 617 4014 vanis
643 3962 843 4018 vestris
858 3964 1327 4034 negotiationibus
1355 3966 1755 4039 defatigamini.
1788 3970 1858 4026 Et
1876 3975 2037 4042 paulo

455 4056 613 4116 post:
638 4047 1050 4121 Negligentibus
1072 4064 1254 4110 autem
1277 4056 1433 4112 vobis
1456 4055 1628 4113 Deum
1654 4067 1709 4115 et
1728 4074 1917 4117 curam
1941 4062 2037 4120 Dei

456 4137 848 4206 abnuentibus,
884 4144 1169 4214 apparebit
1216 4144 1389 4203 Filius
1424 4149 1763 4219 unigenitus,
1809 4154 1902 4224 qui
1939 4170 2038 4212 vo-

455 4227 725 4285 luntatem
756 4247 931 4287 meam
981 4236 1254 4306 perficiet,
1300 4246 1357 4293 et
1389 4242 1648 4298 omnibus
1676 4241 1848 4300 Israel
1886 4247 2033 4317 erit;

2144 3795 2259 3842 σις’
2295 3779 2370 3844 ὡς
2396 3781 2594 3834 ἐκεῖνοι
2626 3779 2724 3851 μὲν
2754 3779 3116 3851 πληττόμενοι
3146 3781 3494 3851 κεκμήκασιν
3516 3820 3532 3847 ,
3568 3782 3727 3854 ὑμεῖς

2139 3870 2196 3924 δὲ
2236 3872 2645 3942 ἁμαρτάνοντες
2696 3872 2797 3925 ούκ
2852 3871 3179 3939 ἐνδεδώκατε
3200 3890 3214 3904 ο
3264 3872 3403 3928 ἀλλὰ
3451 3875 3549 3928 καὶ
3601 3879 3722 3940 ταῖς

2139 3962 2345 4016 ἐαυτῶν
2384 3962 2676 4035 ἐμπορίαις
2708 3964 3180 4034 ἐματαιοπονεῖτε.
3215 3966 3324 4019 Καὶ
3352 3966 3481 4035 μετ’
3509 3967 3685 4039 ὀλίγα
3706 3984 3722 4001 ο

2150 4053 2336 4125 Ὑμῶν
2365 4054 2422 4107 δὲ
2450 4054 2797 4126 ἀμελούντων
2817 4096 2833 4118 ,
2860 4056 2955 4110 καὶ
2981 4055 3081 4128 τὴν
3104 4056 3256 4129 παρὰ
3276 4056 3373 4111 τοῦ
3399 4057 3535 4112 Θεοῦ
3567 4060 3727 4131 κηδε-

2141 4147 2331 4216 μονίαν
2361 4147 2890 4220 ἀποστρεφομένων,
2917 4148 3189 4220 παρέσται
3213 4152 3242 4204 ό
3271 4151 3569 4224 μονογενὴς
3596 4151 3724 4215 Υἱὸς

2137 4238 2442 4310 πληρώσων
2484 4241 2545 4294 τὸ
2579 4241 2710 4311 ἐμὸν
2747 4241 2994 4313 θέλημα,
3030 4242 3127 4297 καὶ
3157 4245 3271 4306 τοῖς
3301 4245 3466 4297 πᾶσιν
3504 4243 3723 4315 Ἰσραὴλ

455 4325 693 4377 maxime
727 4339 859 4379 vero
886 4323 1056 4382 Judas
1106 4329 1367 4396 erit-ille,
1401 4332 1458 4386 in
1489 4348 1600 4402 quo
1645 4343 1771 4390 vota
1806 4336 2033 4404 faciant,

2137 4330 2415 4402 γινόμενος
2440 4348 2455 4363 ’
2497 4333 2558 4386 ού
2603 4331 2707 4404 μὴν
2736 4333 2874 4387 ἀλλὰ
2900 4334 2996 4388 καὶ
3028 4334 3260 4401 Ἰούδας,
3286 4337 3343 4390 ἐν
3366 4330 3518 4410 ᾧπερ
3554 4354 3726 4410 προσο

457 4424 553 4481 per
594 4427 755 4482 quem
806 4414 1073 4471 beneficia
1123 4434 1247 4474 mea
1309 4423 1651 4492 sortiantur,
1696 4437 1752 4482 et
1800 4428 2033 4486 salutem

2137 4423 2414 4490 εύξονταιο
2457 4426 2527 4479 δι’
2584 4421 2646 4480 οῦ
2680 4427 2777 4480 καὶ
2817 4427 2926 4481 τῶν
2970 4429 3120 4498 ἐμῶν
3149 4428 3549 4483 ἀπολαύσουσιν
3583 4431 3723 4499 άγα-

456 4514 890 4575 consequantur.
940 4508 1059 4576 Qua
1108 4512 1254 4568 enim
1301 4517 1519 4574 ratione
1567 4521 1930 4590 complebitur
1968 4524 2034 4578 il-

2138 4516 2245 4570 θῶν
2267 4557 2283 4584 ,
2315 4518 2411 4572 καί⁵
2450 4519 2725 4591 σωτηρίας
2757 4518 3036 4584 τεύξονται
3062 4537 3078 4552 ο
3122 4523 3220 4577 καὶ
3254 4521 3366 4593 γὰρ
3399 4523 3496 4590 τὸ,
3542 4540 3562 4575 t
3604 4523 3725 4576 Ἀπ’

459 4595 553 4650 lud
576 4616 589 4651 :
615 4616 634 4648 ι
664 4597 740 4652 Ex
765 4599 1003 4672 IEgypto
1030 4605 1219 4659 vocavi
1261 4605 1456 4663 Filium
1494 4624 1674 4665 meum
1702 4612 1765 4666 ι’,
1800 4630 1820 4664 ι
1857 4612 2033 4670 Judaei

2137 4609 2408 4678 Αἰγύπτου
2443 4610 2681 4665 ἐκάλεσα
2715 4611 2807 4665 τὸν
2845 4611 2974 4666 Υἰόν
3011 4630 3144 4685 μου,
3191 4632 3210 4665 ι
3252 4613 3441 4668 τοῦτον
3472 4614 3564 4668 τὸν
3602 4613 3727 4686 τρό-

456 4689 601 4743 enim
632 4691 980 4747 nomen'Filii
1008 4694 1416 4765 fastidiverunt,
1453 4706 1509 4755 et
1543 4702 1898 4760 multitudine
1938 4705 2034 4761 be-

2137 4718 2234 4755 πον
2266 4701 2572 4773 ἐπληροῦτο
2595 4719 2609 4732 ο
2654 4702 2925 4758 Ἰουδαίων
2951 4705 3050 4775 μὲν
3070 4705 3134 4759 τὸ
3165 4705 3295 4759 Υἰοῦ
3323 4705 3497 4778 ῑνομα
3530 4706 3727 4777 ἀθετη-

455 4779 776 4837 nelieiorum
820 4799 1067 4840 meorum
1119 4790 1363 4845 converti
1410 4792 1739 4861 noluerunt;
1782 4796 2033 4868 unigeni-

2141 4793 2351 4847 σάντων
2377 4833 2392 4858 ,
2435 4793 2530 4847 καὶ
2564 4795 2701 4866 μηδέ
2745 4795 2824 4867 τῷ
2875 4796 3067 4869 πλήθει
3107 4797 3218 4851 τῶν
3267 4797 3726 4870 παρασχεθέντων

436 4879 547 4959 tus
570 4889 700 4929 vero
726 4874 896 4932 Filius
922 4886 1271 4948 praestantem
1300 4882 1449 4938 illam
1470 4900 1661 4941 vocem
1694 4858 2034 4960 sibi-optime

2142 4885 2324 4948 αὐτοῖς
2368 4858 2861 4958 ἐκδυσωπτλθέντων
2892 4905 2906 4918 ·
2956 4858 3049 4942 τοῦ
3099 4888 3156 4942 δὲ
3215 4858 3538 4960 μονογενοῦς
3592 4888 3724 4943 Υἱοῦ

455 4960 784 5030 vindicavit;
814 4982 939 5022 nam
975 4983 1102 5023 cum
1152 4978 1276 5040 post
1305 4971 1625 5029 defunctum
1664 4975 1936 5032 Herodem
1966 4994 2034 5034 ex

2141 4976 2566 5046 οἰκειωσαμένου
2600 4979 2806 5052 κυρίως
2840 4980 3190 5052 ρωννυμένην
3228 4982 3416 5053 φωνήν
3441 4998 3455 5011 ⁸
3493 4982 3584 5034 ὅτε
3614 4980 3727 5051 γὰρ

456 5052 696 5127 Egypt!)
726 5058 951 5122 rediret,
995 5062 1303 5118 rectissime
1338 5064 1676 5121 intellectum
1705 5075 1790 5123 est
1821 5069 1888 5124 de
1912 5070 2034 5140 ipso

2143 5068 2236 5121 ἀπ’
2265 5068 2542 5137 Αἰγύπτου
2594 5071 2731 5142 μετὰ
2772 5072 2865 5127 τὸν
2923 5071 3163 5144 Ἡρώδου
3202 5072 3432 5127 θάνατον
3475 5074 3722 5144 ἐπανῄει,

458 5146 590 5202 illud
622 5147 840 5202 effatum
869 5170 882 5205 :
920 5171 937 5203 ι
967 5150 1044 5206 Ex
1061 5150 1300 5224 Egypto
1328 5159 1517 5212 vocavi
1544 5155 1742 5213 Filium
1775 5175 1978 5216 meum.
2009 5179 2030 5214 ι

2142 5158 2412 5231 ἡρμόζετο
2439 5163 2644 5233 κυρίως
2658 5165 2752 5219 ἐπὶ
2776 5165 2941 5220 αὐτοῦ
2967 5165 3030 5219 τὸ
3050 5165 3239 5237 λεχθέν
3258 5183 3270 5196 ·
3296 5185 3315 5218 ι
3340 5165 3722 5235 ἙξΑἱγύπτου

2143 5250 2377 5305 ἐκάλεσα
2411 5253 2502 5307 τὸν
2531 5254 2657 5308 Υἰόν
2694 5273 2816 5326 μου.
2856 5276 2875 5307 ι

531 5321 694 5421 γεκε.
731 5327 817 5382 16.
859 5325 1194 5386 Referuntur
1232 5332 1348 5390 haec
1374 5334 1431 5391 in
1460 5336 1660 5409 Cyrum
1689 5355 1908 5411 regem;
1938 5342 2034 5414 qui

2211 5343 2563 5414 Λαμὸάνεται
2594 5321 2707 5417 μὲν-
2729 5346 2790 5400 τὸ
2819 5348 2982 5420 ῥητὸν
3012 5348 3107 5402 καί⁹
3134 5348 3216 5412 είς
3266 5347 3448 5421 Κῦρον
3500 5348 3592 5403 τὸν
3623 5348 3726 5420 βα-

456 5413 602 5468 enim
634 5416 913 5473 voluerint
943 5422 993 5476 ei
1026 5423 1319 5491 resistere,
1360 5428 1498 5482 nihil
1540 5430 1689 5485 aliud
1725 5413 2033 5500 proficient,

2141 5435 2329 5500 σιλὲα.
2368 5439 2454 5491 ὅτι
2501 5441 2551 5492 οἰ
2588 5439 2763 5513 τούτῳ
2809 5441 3120 5515 βουλόμενοι
3151 5444 3492 5497 ἀντιπατείν
3515 5480 3531 5507 ,
3571 5442 3726 5495 ούδέν

458 5503 556 5559 sed
600 5508 1045 5578 confundentur;
1096 5514 1391 5576 intendunt
1434 5520 1603 5575 ctiam
1653 5521 1844 5591 lsrael,
1874 5526 2034 5596 cujus

2139 5528 2326 5600 ἓτερον
2352 5530 2637 5603 ὁνήσουσιν
2655 5572 2670 5595 ,
2702 5533 2735 5605 ἢ
2768 5534 3029 5605 αἰσχύνην
3054 5535 3449 5604 ἀπενέγκονται
3471 5551 3486 5565 ·
3521 5537 3726 5589 νοεῖται

461 5610 520 5649 ιιι
560 5611 757 5657 manus
804 5615 995 5659 omnes
1052 5605 1440 5671 tradentur.—
1473 5609 1686 5669 Insulas
1742 5613 1831 5669 hic
1877 5624 2034 5671 vocat

2139 5617 2197 5670 δὲ
2249 5621 2342 5674 καί⁹
2393 5625 2473 5687 εἰς
2526 5623 2619 5678 τὸν
2690 5626 2903 5699 Ἰσραὴλ
2929 5665 2946 5691 ,
2984 5627 3062 5691 ὡς
3110 5627 3319 5691 πάντας
3375 5626 3725 5699 ὑποχειρίους

462 5690 613 5754 ipsas
655 5690 958 5746 insularum
1012 5697 1285 5765 regiones.
1341 5698 1525 5759 Insula
1568 5703 1774 5762 dicitur
1815 5714 1870 5762 et
1918 5708 2034 5779 ipsa

2141 5711 2339 5777 ἕξουσι·
2384 5745 2446 5755 -
2472 5717 2687 5789 Νήσους
2722 5718 2954 5773 ἐνταῦθα
3005 5718 3160 5774 καλεῖ
3208 5722 3303 5775 καὶ
3346 5721 3544 5785 αὐτοὺς
3596 5719 3723 5782 τοὺς

539 5842 580 5875 ⁸³
602 5840 726 5898 Οδτδ.
765 5862 840 5907 xv,
874 5848 936 5909 I;
969 5848 1155 5907 Matth.
1189 5870 1247 5915 II,
1278 5855 1343 5908 15
