4138 6442
413 448 541 505 45M

1833 449 1899 504 ΙΝ
1934 449 2187 511 ISAIAM.

3502 448 3528 500 1
3536 442 3650 501 542-

410 563 607 625 τόπους
647 562 754 616 τῶν
783 564 988 633 νήσων’
1022 562 1182 633 νῆσος
1219 562 1277 616 δὲ
1311 564 1403 615 καὶ
1431 564 1463 633 ἡ
1510 563 1862 636 Ἰερουσαλὴμ
1889 567 1979 619 λέ-

2083 564 2405 628 Jerusalem,
2454 570 2640 637 utpote
2682 579 2803 633 qua:
2831 563 3081 635 gentibus
3127 561 3367 632 undique
3402 560 3640 615 circum-

408 670 599 725 γεται,
650 657 981 727 συνεχομένη
1026 657 1123 727 μὲν
1166 655 1500 726 πανταχόθεν
1537 657 1641 709 ὑπὸ
1686 656 1792 710 τῶν
1821 674 1977 729 περι-

409 746 749 801 κυκλούντων
800 748 968 820 αὐτὴν
1014 747 1183 801 ἐθνῶν
1220 787 1236 811 ,
1293 747 1722 819 περικλυζομένη
1769 749 1827 802 δέ
1883 750 1977 802 καὶ

413 839 517 893 ὑπὸ
544 838 650 893 τῶν
678 839 769 893 τοῦ
800 839 929 895 λαοῦ
976 838 1254 911 ἁμαρτιῶν
1296 831 1369 892 ὧν
1413 840 1760 910 ἡμάρτανον,
1795 841 1876 903 είς
1910 839 1979 893 τά

414 929 508 1001 ἔθη
541 930 648 982 τῶν
669 931 835 984 ἐθνῶν
868 932 1220 994 ἐκπίπτοντες
1244 970 1258 995 ,
1302 930 1395 983 καὶ
1432 932 1511 993 είς
1539 930 1977 1000 εἰδωλολατρείαν

412 1022 825 1088 ὀλισθαίνοντες.
877 1022 1342 1087 Ἀνακαινίζεσθαι
1367 1022 1543 1077 τοίνυν
1568 1022 1931 1095 προτρέπεται
1955 1039 1972 1054 ·

416 1115 650 1188 μάλιστα
694 1117 790 1187 μὲν
839 1115 1205 1187 πρωτοτύπως
1246 1116 1413 1187 αὐτὴν
1450 1116 1549 1188 τὴν
1600 1115 1970 1187 Ἰερουσαλὴμ,

413 1207 476 1260 οὐ
504 1207 608 1278 μὴν
646 1206 780 1261 άλλά
829 1207 925 1261 καὶ
970 1208 1145 1263 πάντα
1174 1209 1335 1261 τόπον
1365 1209 1471 1263 τῶν
1519 1209 1685 1264 ἐθνῶν
1719 1209 1811 1263 καὶ
1843 1211 1973 1262 ἀνα-

2079 661 2377 717 lluentibus
2399 657 2811 725 circumdatur;
2844 656 3234 711 eireumluetur
3256 654 3417 709 etiam
3452 649 3638 722 pepuli

2078 753 2319 824 peccatis
2348 752 2548 823 quibus
2582 767 2613 806 a
2660 750 2772 806 Deo
2803 748 3135 814 defecerunt,
3179 747 3248 802 ad
3287 760 3466 800 mores
3504 758 3639 829 gen-

2076 846 2215 899 tium
2264 845 2496 916 delapsi,
2549 854 2602 898 et
2639 842 2708 896 ad
2751 842 2930 912 ipsum
2982 842 3248 895 idolorum
3294 837 3521 892 cultum.
3572 829 3642 886 Ut

2077 937 2408 992 innoventur
2439 934 2561 989 ideo
2604 938 2790 986 monet
2824 945 2960 997 eos;
2992 929 3290 1000 praesertim
3330 939 3460 979 vero
3483 922 3642 976 Jeru-

2081 1028 2250 1084 salem
2283 1037 2337 1083 et
2364 1030 2661 1099 quamlibet
2686 1028 2928 1099 gentium
2973 1023 3248 1092 regionem
3278 1020 3547 1080 hortatur,
3581 1021 3649 1066 ut

2080 1121 2353 1192 excipiant
2389 1138 2572 1176 veram
2607 1122 2673 1177 de
2714 1120 2825 1175 Deo
2860 1116 3189 1177 doctrinam,
3218 1120 3272 1167 et
3300 1109 3409 1165 Deo
3435 1106 3642 1178 gratias

2081 1213 2418 1278 exhibentes,
2454 1214 2684 1269 salutem
2711 1212 2816 1269 sibi
2846 1216 3163 1281 operentur.

415 1300 707 1371 λαμϐάνειν
781 1301 1002 1365 ἑαυτοὺς
1056 1303 1137 1366 είς
1192 1302 1517 1370 θεογνωσίαν
1549 1344 1565 1369 ,
1622 1304 1713 1357 καὶ
1776 1303 2258 1375 πραγματεύεσθαι
2328 1308 2537 1370 ἑαυτοῖς
2585 1304 2857 1377 σωτηρίαν
2894 1299 3143 1363 αἰώνιον,
3215 1292 3644 1366 προστρέχοντας

417 1397 479 1465 τῇ
512 1394 604 1447 τοῦ
633 1392 766 1447 Θεοῦ
797 1395 996 1466 χάριτι.

486 1491 627 1561 Πρὸς
656 1491 751 1562 τὴν
775 1491 915 1544 οὕτω
950 1491 1191 1563 μεγάλην
1215 1493 1566 1561 ἐπαγγελίαν,
1588 1494 1682 1546 καὶ
1709 1494 1803 1565 τὴν
1832 1495 1972 1563 ἐγει-

419 1585 649 1656 ρομένην
674 1589 782 1649 τοῖς
816 1586 1101 1640 ἀκούουσιν
1142 1586 1583 1658 ἀμφισϐήτησιν,
1624 1586 1731 1640 ἀπὸ
1772 1586 1981 1652 ἀξιοπί-

419 1695 556 1730 στων
586 1676 693 1730 τῶν
720 1678 812 1731 τοῦ
837 1677 970 1732 Θεοῦ
1004 1678 1178 1749 ἔργων
1206 1678 1473 1733 νουθετεῖν
1517 1677 1689 1732 ἔοικεν
1730 1680 1759 1732 ὁ
1783 1678 1936 1746 λόγος
1966 1693 1979 1709 ⁸

418 1764 583 1832 Οὗτος
630 1770 738 1840 γὰρ
763 1808 778 1832 ,
829 1768 1030 1840 φησὶν,
1079 1771 1107 1823 ὁ
1162 1767 1311 1822 ταῦτ’
1350 1769 1812 1841 ἐπαγγελλόμενος
1849 1768 1980 1832 Θεὸς

417 1862 595 1924 ἐστιν,
623 1862 651 1913 ὁ
685 1863 776 1914 καὶ
799 1861 1024 1931 ούρανδν
1051 1862 1281 1933 ποιήσας
1302 1902 1316 1925 ,
1351 1862 1442 1914 καὶ
1471 1865 1573 1933 γῆν
1605 1861 1783 1927 δείξας
1820 1860 1978 1931 ἔργον

415 1952 708 2022 γενομένην
732 1954 829 2024 τῆς
857 1952 1046 2006 ἑαυτοῦ
1071 1952 1444 2025 προλαὸούσης
1468 1953 1670 2016 ἐννοίας
1690 1970 1704 1984 ·
1733 1953 1825 2005 καὶ
1845 1951 1974 2005 ταύ-

413 2059 514 2114 την
543 2045 780 2115 χωρίσας
809 2045 915 2098 ἀπὸ
950 2044 1055 2099 τῶν
1091 2045 1299 2098 ὑδάτων
1337 2044 1707 2115 συναχθέντων
1742 2045 1821 2108 εἰς
1849 2061 1975 2097 συν-

415 2134 655 2203 αγωγάς.
716 2136 774 2188 Ὀ
828 2136 1003 2189 τοίνυν
1052 2135 1159 2189 τῶν
1215 2135 1428 2206 φύσεων
1501 2135 1704 2189 τούτων
1751 2135 1978 2206 ποιητὴς

415 2225 606 2279 οὔποτε
636 2225 898 2280 παύσεται
928 2226 1500 2298 φιλανθρωπευόμενος
1526 2243 1539 2256 °
1580 2226 1701 2279 οὐδὲ
1735 2224 1844 2297 γὰρ
1881 2226 1976 2278 άν-

416 2316 665 2393 θξκῢπους
689 2320 768 2383 είς
794 2320 854 2373 τὸ
885 2313 1022 2372 εἶναι
1052 2320 1370 2391 παρήγαγεν
1397 2356 1412 2381 ,
1445 2318 1510 2370 ἵν’
1544 2316 1642 2390 ἔχῃ
1677 2315 1769 2380 οὒς
1809 2333 1979 2386 τιμω-

420 2413 679 2483 ρήσηται,
707 2412 801 2465 καὶ
831 2409 1035 2482 ἔρημον
1064 2409 1266 2463 τούτων
1291 2408 1387 2481 τὴν
1417 2410 1519 2480 γῆν
1548 2410 1797 2480 ἀποφήνῃ
1820 2448 1833 2472 ,
1864 2407 1977 2461 ἀλλ’

417 2502 502 2557 ἵνα
529 2501 807 2565 οἰκοῦντας
823 2502 1081 2572 εύεργετῇ
1104 2542 1118 2565 ,
1148 2501 1239 2554 καὶ
1264 2500 1655 2571 μετανοοῦντας
1682 2499 1829 2571 σώζῃ
1848 2541 1863 2564 ,
1886 2499 1979 2553 καὶ

415 2593 877 2661 ἐπιγινώσκοντας
910 2593 1070 2646 αὑτὸν
1098 2591 1301 2664 διδάξῃ.

486 2687 546 2738 υἱ
576 2685 753 2738 τοίνυν
782 2687 846 2738 ἐκ
871 2684 977 2736 τῶν
1010 2683 1178 2736 ἐθνῶν
1205 2684 1335 2736 Θεὸν
1359 2683 1731 2751 ἐπεγνωκότες
1756 2682 1851 2736 καὶ
1878 2700 1982 2736 σω-

414 2775 607 2845 τηρίας
633 2774 771 2840 ἄξιοι
808 2773 1248 2844 ἀναδειχθέντες,
1291 2774 1688 2844 συστρέψαντες
1737 2776 1980 2840 ἑαυτοὺς,

417 2867 510 2918 καὶ
537 2864 678 2918 κατά
704 2864 826 2918 νοῦν
862 2865 1336 2936 συσκοπησάμενοι
1356 2906 1370 2928 ,
1405 2865 1466 2918 τὸ
1498 2866 1696 2919 ἄτοπον
1724 2865 1980 2931 συνίδετε,

416 2956 498 3009 ὅτι
543 2959 589 3010 οἱ
644 2958 729 3009 ἐπ’
762 2954 927 3027 ὤμων
966 2955 1223 3027 φέροντες
1268 2956 1335 3009 τὰ
1383 2957 1588 3010 ἑαυτῶν
1644 2956 1982 3028 σεϐάσματα,

419 3050 511 3107 καὶ
568 3048 817 3120 βοήθειαν
870 3047 1082 3111 τούτοις
1129 3049 1414 3119 νέμοντες,
1471 3049 1531 3101 ού
1591 3051 1708 3118 μετ’
1743 3050 1805 3102 ού
1850 3049 1983 3103 πολὺ

418 3141 569 3195 πλεῖν
596 3141 901 3212 μέλλοντες,
939 3140 1032 3193 καὶ
1063 3139 1278 3210 μακρὰν
1312 3138 1427 3192 ὁδὸν
1463 3138 1823 3210 στελλόμενοι,
1854 3142 1983 3212 παρ’

419 3233 641 3287 ἐκείνων
686 3232 939 3286 ἐπάνοδον
992 3229 1305 3302 ἐπιζητοῦσι
1330 3271 1345 3293 ,
1379 3231 1472 3283 καὶ
1503 3231 1770 3301 σωτηρίαν
1804 3233 1983 3297 αὐτοῖς
2008 3263 2050 3317 C

417 3322 767 3395 χορηγεῖσθαι
800 3321 1092 3393 ὴλπίκασι·
1139 3319 1255 3373 δέον
1286 3319 1346 3373 τὸ
1377 3319 1573 3374 ἄτοπον
1610 3320 1867 3387 συνιδεῖν,
1900 3323 1980 3375 ὄτι

418 3414 707 3484 ὁὲμψυχος
744 3416 836 3468 καὶ
873 3413 1049 3484 ἐαυτῷ
1100 3411 1402 3484 ἐπαμύνειν
1456 3411 1782 3483 δυνάμενος,
1834 3415 1985 3484 παρά

417 3504 511 3563 τοῦ
547 3504 777 3575 ἀϐοήθου
822 3505 914 3557 καὶ
950 3503 1275 3575 ἀναισθήτου
1308 3501 1458 3556 οὐδὲν
1488 3501 1598 3556 τῶν
1660 3502 1841 3557 καλῶν
1885 3504 1986 3558 άπ-

418 3594 655 3648 ὡνασθαι
683 3594 901 3647 δύναται
929 3593 1062 3665 (10).

490 3686 563 3738 Τὸ
600 3685 960 3757 ἀκοινώνητον
996 3685 1099 3756 τῆς
1129 3684 1224 3738 τοῦ
1256 3683 1390 3737 Θεοῦ
1433 3683 1647 3754 φύσεως
1685 3683 1779 3738 καὶ
1820 3684 1987 3754 ἀσύγ-

419 3794 604 3852 κριτον
633 3779 739 3831 κάν
765 3777 940 3847 τούτῳ
974 3775 1325 3849 σημαίνεταιο
1377 3775 1600 3848 μηδενὸς
1645 3775 1802 3831 ἀλλου
1845 3775 1987 3829 οὕτω

418 3871 481 3925 τὸ
510 3867 647 3924 εἶναι
676 3868 1010 3939 κεκτημένου
1034 3908 1048 3933 ,
1082 3867 1243 3938 μόνου
1284 3867 1342 3920 δὲ
1381 3867 1532 3931 ὄντος
1570 3868 1860 3940 ἀγενήτου,
1894 3869 1987 3923 καὶ

418 3963 481 4016 τὸ
502 3962 707 4017 δίκαιον
741 3960 954 4030 ἑκάστῳ
996 3959 1270 4030 νέμοντος.
1300 3989 1370 4000 --
1404 3959 1610 4030 Ἰησοῦς
1639 3960 1697 4014 δέ
1734 3962 1849 4019 ἐστι
1884 3979 1989 4015 σω-

418 4055 581 4127 τηρία
607 4053 741 4107 Θεοῦ
760 4094 774 4117 ,
811 4054 929 4105 κατ’
959 4050 1090 4104 αὐτὸ
1120 4050 1181 4104 τὸ
1214 4051 1382 4120 ὄνομα
1401 4066 1418 4081 ·
1445 4051 1538 4104 καὶ
1565 4052 1594 4104 ὁ
1630 4032 1822 4123 Σωτὴρ
1855 4052 1987 4116 Θεὸς

420 4150 478 4202 ἐν
512 4147 659 4219 αὐτῷ
681 4190 695 4212 ,
733 4147 825 4200 καὶ
869 4146 1030 4209 αὐτὸς
1057 4146 1114 4197 ἐν
1140 4143 1258 4215 Θεῷ
1286 4161 1299 4175 ·
1346 4145 1404 4197 ού
1439 4143 1502 4214 δὴ
1533 4144 1622 4197 τὸν
1653 4143 1828 4215 ἐαυτῷ
1856 4144 1987 4209 Θεὸς

421 4239 667 4313 ἀφορίζει
706 4237 897 4293 ἐαυτοῦ
924 4237 1018 4291 καὶ
1045 4236 1137 4288 τοῦ
1171 4231 1306 4289 εἶναι
1327 4276 1342 4298 ,
1373 4234 1507 4288 ἀλλὰ
1538 4234 1630 4288 τὸν
1658 4234 1762 4302 ἔξω
1798 4234 1891 4288 καὶ
1928 4235 1988 4289 ἐν

422 4334 584 4404 ἑτέρᾳ
629 4333 851 4402 δυνάμει
896 4328 1241 4400 δικαιοσύνης
1274 4328 1367 4380 καὶ
1422 4327 1694 4399 σωτηρίας
1723 4343 1737 4357 ⁸
1773 4329 1832 4381 ού
1880 4328 1988 4399 γάρ

421 4427 569 4477 ἐστιν
601 4424 752 4477 οὐδὲν
783 4422 1022 4475 τοιοῦτον
1050 4419 1327 4490 ἀλλότριον
1361 4417 1454 4472 τοῦ
1487 4417 1801 4490 μονογενοῦς
1829 4417 1986 4483 Θεοῦ,

420 4516 519 4586 τῆς
571 4515 736 4587 μόνης
776 4514 957 4584 πηγῆς
997 4511 1106 4565 τῶν
1151 4509 1409 4579 ἀγαθῶν·
1467 4510 1523 4564 ἓν
1548 4511 1656 4582 γὰρ
1685 4511 1746 4564 τὸ
1788 4510 1988 4579 ἀγαθὸν

2157 1488 2326 1545 Vens.
2376 1489 2464 1544 18.
2502 1488 2586 1543 Ad
2652 1482 3078 1543 conﬁrmandam
3134 1485 3408 1556 tantarum
3460 1491 3645 1530 rerum

2081 1583 2551 1654 praedicationem,
2593 1588 2648 1636 et
2676 1578 2948 1635 tollendas
2981 1572 3314 1629 audientium
3349 1568 3647 1623 dubitatio—

2085 1690 2207 1740 nes,
2257 1673 2708 1745 prmstantissima
2752 1670 2845 1725 Dei
2892 1665 3485 1739 operalcommemorat
3519 1674 3646 1729 pro-

2080 1769 2264 1837 pheta.
2296 1766 2399 1833 Qui
2432 1766 2535 1822 ista
2576 1765 2859 1820 denuntiat
2890 1762 3031 1817 idem
3072 1764 3178 1821 est,
3211 1754 3407 1824 inquit,
3458 1766 3521 1805 ac
3554 1752 3646 1806 ille

2084 1861 2176 1932 qui
2225 1860 2424 1917 caelum
2470 1858 2620 1924 fecit,
2668 1866 2723 1913 et
2767 1866 2969 1911 terram
3015 1851 3359 1909 extrinsecus
3404 1845 3643 1902 ostendit

2079 1959 2258 2008 mente
2297 1953 2447 2023 prius
2492 1951 2677 2006 divina
2707 1951 3067 2021 excogitatam
3094 1989 3109 2015 ,
3145 1956 3198 2002 et
3229 1957 3348 2005 eam
3388 1942 3456 1996 ab
3485 1941 3642 2011 aquis

2078 2045 2396 2100 distinxitin
2426 2043 2878 2115 congregationes
2904 2057 3034 2097 suas
3063 2041 3269 2097 coactis
3318 2041 3515 2095 Rerum
3546 2050 3642 2089 au-

2076 2144 2186 2191 tem
2218 2136 2448 2192 istarum
2483 2134 2758 2198 conditor,
2792 2148 2965 2204 usque
2998 2132 3369 2204 perseverabit
3394 2128 3642 2184 homines

2079 2226 2261 2284 studio
2296 2243 2397 2283 suo
2429 2235 2852 2297 persecuturus;
2884 2239 2993 2279 non
3021 2225 3167 2280 enim
3197 2225 3306 2278 vita
3346 2238 3440 2277 eos
3472 2220 3642 2275 dona-

2079 2316 2154 2372 vit
2186 2328 2244 2373 ut
2272 2318 2499 2373 haberet
2543 2332 2682 2388 quos
2722 2316 2963 2386 puniret,
2990 2323 3085 2368 aut
3124 2320 3327 2368 terram
3377 2311 3643 2382 praeberet

2078 2413 2149 2466 ah
2178 2412 2300 2467 istis
2343 2426 2593 2477 vacuam,
2647 2409 2744 2465 sed
2790 2417 2846 2462 ut
2893 2413 3077 2477 posset
3121 2413 3390 2461 terrarum
3435 2402 3669 2459 insulas.

2079 2502 2285 2569 fovere,
2338 2510 2391 2556 et
2422 2498 2801 2571 paenitentiam
2844 2506 3064 2569 agentes
3099 2511 3342 2562 scrvare,
3370 2502 3423 2549 et
3473 2507 3643 2563 agno-

2080 2604 2296 2650 scentes
2326 2609 2447 2650 eum
2480 2593 2697 2648 docere.

2152 2684 2316 2741 Vens.
2360 2684 2448 2738 20.
2495 2682 2664 2755 lgitur
2721 2698 2789 2739 ex
2830 2682 3085 2754 gentibus
3123 2681 3214 2752 qui
3273 2679 3443 2736 Deum
3486 2676 3645 2733 novi-

2081 2779 2204 2844 stis,
2240 2787 2295 2833 et
2346 2777 2523 2833 salute
2565 2776 2718 2846 digni
2761 2775 3024 2831 declarati
3074 2775 3231 2838 estis,
3285 2771 3538 2827 conversi
3588 2777 3649 2826 et

2082 2871 2265 2925 animo
2291 2869 2571 2925 vobiscum
2596 2875 2910 2937 reputantes
2933 2868 3323 2922 absurditatem
3347 2865 3495 2918 illam
3520 2879 3648 2934 per-

2083 2954 2301 3034 pendite
2331 2980 2344 3017 :
2380 2961 2525 3032 quod
2557 2961 2592 3015 ii
2622 2960 2714 3031 qui
2746 2960 3040 3035 simulacra
3077 2960 3145 3014 ab
3174 2974 3234 3014 se
3275 2958 3421 3012 culta
3448 2958 3645 3011 hume-

2085 3055 2162 3108 ris
2210 3060 2428 3123 gestant
2463 3053 2708 3124 ipsisque
2762 3067 2918 3124 opem
2964 3051 3164 3113 ferunt,
3202 3049 3349 3105 haud
3385 3048 3481 3104 diu
3522 3056 3647 3120 post

2084 3144 2417 3214 navigaturi,
2462 3152 2517 3199 et
2543 3145 2764 3215 longum
2800 3144 2907 3199 iter
2945 3142 3257 3208 emensuri;
3292 3142 3361 3196 ab
3405 3141 3471 3196 iis
3508 3140 3669 3197 salu-.

2084 3244 2189 3292 tem
2237 3237 2342 3291 sibi
2379 3243 2433 3292 et
2467 3235 2700 3290 reditum
2729 3249 3055 3290 concessum
3101 3234 3167 3288 iri
3214 3240 3472 3305 sperent;
3518 3246 3646 3286 cum

2082 3334 2359 3396 oporteret
2395 3329 2474 3383 rei
2499 3327 2897 3383 absurditatem
2931 3325 3251 3393 intelligere,
3281 3322 3500 3395 quando
3523 3324 3647 3394 qui-

2082 3417 2202 3473 dem
2239 3418 2332 3487 qui
2363 3418 2635 3473 animatus
2660 3425 2743 3473 est
2780 3424 2834 3472 et
2867 3432 3024 3488 opem
3056 3416 3161 3471 sibi
3202 3414 3342 3471 ferre
3367 3415 3533 3478 valet,
3576 3415 3663 3469 ab.

2082 3522 2147 3562 eo
2176 3508 2266 3578 qui
2299 3508 2435 3561 nihil
2465 3507 2658 3577 juvare
2686 3515 2867 3578 potest
2893 3515 2947 3562 et
2977 3522 3144 3562 sensu
3169 3516 3321 3561 caret
3350 3505 3488 3559 nihil
3512 3505 3644 3560 boni

2083 3598 2365 3671 percipere
2396 3601 2560 3654 valet.

2153 3690 2320 3746 Vens.
2368 3690 2459 3745 21.
2501 3690 2596 3746 Dei
2645 3700 2896 3746 naturam
2954 3704 3077 3746 cum
3134 3690 3238 3743 alia
3286 3687 3541 3743 contendi
3588 3696 3646 3743 et

2083 3779 2388 3853 comparari
2416 3796 2522 3836 non
2555 3796 2717 3852 posse
2737 3782 3048 3837 declaratur
3071 3780 3182 3845 hic,
3215 3794 3340 3834 cum
3373 3793 3481 3833 non
3505 3776 3647 3831 alius

2084 3871 2272 3928 eodem
2317 3873 2479 3928 modo
2507 3872 2570 3926 τὸ
2602 3888 2725 3929 esse
2755 3873 3052 3943 possideat,
3099 3887 3221 3927 cum
3267 3887 3410 3926 unus
3440 3870 3647 3941 ingeni—

2086 3971 2175 4019 tus
2238 3963 2331 4026 sit,
2371 3975 2426 4020 et
2465 3980 2622 4019 suum
2662 3965 2858 4035 cuique
2911 3965 3191 4035 largiatur.
3238 3962 3396 4019 Jcsus
3463 3969 3644 4015 autem

2084 4062 2168 4110 est
2230 4055 2379 4112 salus
2434 4055 2566 4121 Dei,
2608 4055 2754 4127 quod
2813 4069 3008 4109 nomen
3065 4054 3243 4124 ipsum
3282 4058 3547 4117 testatur;
3591 4058 3647 4103 et

2087 4145 2339 4202 Salvator
2368 4147 2515 4203 Deus
2551 4148 2608 4202 in
2637 4148 2781 4217 ipso,
2817 4155 2870 4201 et
2900 4146 3018 4216 ipse
3058 4145 3111 4199 in
3142 4144 3273 4207 Deo,
3305 4158 3464 4214 quem
3498 4141 3648 4197 enim

2085 4240 2143 4295 in
2172 4255 2232 4295 se
2264 4256 2371 4294 nun
2404 4254 2434 4293 a
2474 4255 2533 4294 se
2553 4247 2606 4294 et
2633 4240 2702 4293 ab
2730 4253 2855 4294 esse
2883 4237 3149 4300 excludit,
3187 4236 3281 4291 sed
3320 4235 3559 4289 alienum
3592 4240 3649 4287 et

2087 4332 2142 4389 in
2166 4333 2272 4387 alio
2297 4332 2526 4402 iustitia:
2555 4340 2609 4386 et
2641 4333 2835 4388 salutis
2877 4330 3068 4385 ordine
3105 4327 3500 4393 constitutum;
3535 4340 3648 4380 non

2085 4433 2169 4480 est
2213 4425 2356 4479 enim
2405 4424 2590 4491 justus
2639 4431 2693 4479 et
2748 4423 3000 4477 Salvator
3057 4426 3250 4491 praeter
3309 4419 3649 4489 unigenitum

2088 4516 2278 4580 Deum,
2333 4531 2501 4571 unum
2556 4515 2681 4571 boni
2735 4515 3003 4585 cujusque
3058 4512 3295 4578 fontem;
3347 4525 3515 4565 unum
3564 4519 3650 4566 est

421 4607 605 4662 καὶτὸ
645 4607 703 4673 ἐξ
740 4605 902 4660 αὐτοῦ
950 4604 1147 4670 ταὺτὸ,
1197 4605 1273 4669 ὡς
1320 4600 1484 4657 είκὼν
1531 4602 1756 4674 ἀληθινή
1799 4620 1858 4659 τε
1897 4604 1983 4657 καὶ

2091 4611 2235 4665 enim
2266 4610 2493 4674 bonum,
2527 4617 2582 4664 et
2610 4608 2755 4678 quod
2788 4623 2855 4665 ex
2884 4622 2950 4663 eo
2979 4605 3189 4671 itidem,
3218 4613 3281 4660 ut
3308 4618 3435 4661 vera
3466 4611 3521 4660 et
3551 4618 3651 4659 na-

424 4700 645 4771 φυσική.

2090 4705 2285 4761 turalis
2318 4704 2516 4774 imago.

503 4793 561 4845 '0
600 4791 869 4862 σωτηρίας
902 4788 1131 4860 χορηγὸς
1185 4789 1278 4841 καὶ
1319 4788 1464 4859 ζωῆς
1505 4788 1676 4851 αἴτιος
1722 4786 1966 4852 σώζεσθα

2161 4794 2327 4851 Vens.
2380 4795 2470 4851 22.
2528 4794 2734 4849 Salutis
2779 4793 3033 4863 princeps
3077 4798 3131 4847 et
3176 4792 3299 4847 vitae
3350 4796 3542 4844 auctor
3588 4795 3650 4841 ut

420 4884 627 4946 πάντας
655 4880 1054 4954 προτρέπεται,
1085 4880 1179 4934 καὶ
1208 4880 1265 4933 ἐν
1296 4881 1498 4952 βεϐαίῳ
1527 4881 1771 4952 δεδέχθαι
1795 4880 1862 4935 τά
1890 4881 1983 4950 τῆς

2088 4904 2281 4944 omnes
2325 4887 2460 4943 salvi
2510 4887 2641 4941 ﬁant
2671 4886 2943 4949 hortatur,
2978 4894 3034 4941 et
3077 4899 3381 4941 sermonem
3431 4880 3548 4951 ejus
3581 4880 3649 4935 ad

420 4977 501 5037 εἰς
542 4974 736 5034 αὐτοὺς
780 4970 1072 5041 γενομένης
1117 4969 1466 5038 ἐπαγγελίας.
1529 4972 1743 5044 Ἐπειδὴ
1796 4972 1904 5043 γὰρ
1953 4972 1983 5042 ή

2086 4979 2236 5049 ipsos
2282 4975 2520 5033 delatum
2558 4976 2741 5032 studio
2794 4976 3121 5047 suscipiant.
3162 4973 3458 5030 Vocatione
3502 4971 3649 5027 enim

420 5067 611 5137 κλῆσις
651 5065 746 5118 καὶ
804 5064 1073 5127 Ἰουδαίοις
1123 5065 1394 5135 σωτηρίαν
1443 5064 1844 5136 ἐμνηστεύετο,
1895 5065 1988 5119 καὶ

423 5157 549 5227 ἔθνη
596 5156 695 5226 τῆς
746 5156 914 5226 αὐτῆς
960 5155 1168 5226 δωρεᾶς
1212 5154 1362 5225 ἠξίου
1393 5155 1486 5208 καὶ
1519 5154 1727 5219 πάντας
1755 5155 1991 5209 ἅπαντα-ι

419 5249 579 5321 χὸθεν
628 5252 692 5320 τῇ
736 5248 830 5301 τοῦ
876 5247 1009 5301 Θεοῦ
1033 5247 1466 5319 προστρέχοντας
1501 5246 1679 5319 δωρεᾷ
1722 5246 1987 5312 σώζεσθαι

420 5322 837 5417 εὐηγγελίζετο·
886 5343 935 5393 εί
981 5340 1089 5412 γὰρ
1120 5342 1149 5395 ὀ
1207 5339 1421 5411 Ἰσραὴλ
1470 5338 1611 5409 μετά
1652 5337 1713 5395 τὸ
1752 5338 1988 5393 τοσαῦτα

419 5436 738 5510 άμαρτῆσαι
768 5433 988 5506 χάριτος
1024 5432 1216 5506 ἐδεήθη
1239 5471 1256 5499 ,
1287 5431 1465 5503 πολλῷ
1511 5431 1711 5503 μᾶλλον
1756 5431 1897 5503 μέγα
1928 5430 1988 5485 δν

418 5531 480 5583 τὸ
503 5531 795 5601 λεγόμενον
816 5529 1115 5595 ήπιστεῖτο,
1143 5527 1218 5590 ὡς
1246 5526 1401 5599 μόνον
1424 5525 1529 5590 ἕως
1551 5523 1807 5596 ῥημάτων
1832 5522 1990 5578 τοῦτο

419 5621 845 5691 δεχθησόμενον,
879 5617 1001 5688 οὐχὶ
1047 5617 1104 5670 δὲ
1135 5616 1231 5670 καὶ
1272 5617 1351 5681 είς
1397 5615 1555 5685 ἔργον
1601 5612 1985 5684 προχωρῆσαν.

421 5712 609 5766 Πᾶσαν
649 5710 825 5763 τοίνυν
881 5709 1287 5781 ἀμφισϐήτησιν
1336 5710 1447 5771 τοῖς
1496 5705 1849 5775 καλουμένοις
1896 5703 1991 5756 ἐπὶ

2090 5069 2318 5125 salutem
2350 5066 2555 5122 Iudaeis
2581 5066 2972 5137 despondebat,
3005 5075 3059 5121 et
3082 5074 3273 5139 gentes
3309 5065 3497 5120 eodem
3528 5077 3650 5116 mu-

2091 5176 2221 5216 nere
2243 5159 2435 5231 dignas
2461 5159 2790 5221 declarabat,
2837 5169 2892 5214 et
2926 5164 3115 5215 omnes
3142 5157 3500 5214 denuntiabat
3539 5153 3651 5209 sal-

2090 5251 2321 5317 vandos,
2360 5258 2546 5321 utpote
2585 5252 2677 5321 qui
2709 5267 2775 5306 ex
2810 5251 3063 5307 omnibus
3092 5258 3361 5306 terrarum
3402 5242 3649 5319 partibus

2094 5341 2189 5397 Dei
2216 5343 2391 5413 gratia
2441 5343 2833 5399 excitarentur.
2875 5341 3031 5410 Quod
3079 5349 3259 5397 autem
3290 5339 3493 5396 Iudaeis
3523 5346 3650 5408 post

2095 5444 2172 5489 tot
2212 5448 2277 5489 ac
2321 5441 2471 5488 tanta
2515 5441 2737 5504 peccata
2768 5435 2925 5489 venia
2980 5450 3116 5507 opus
3162 5443 3298 5497 erat,
3350 5447 3415 5489 eo
3473 5429 3650 5500 magis

2093 5527 2266 5582 tantis
2314 5527 2602 5598 promissis
2650 5526 2981 5591 difﬁdebant,
3014 5527 3170 5597 quasi
3212 5526 3394 5581 verbis
3436 5529 3651 5576 tantum

2097 5615 2400 5686 profitenda
2444 5623 2651 5681 essent,
2701 5630 2761 5670 re
2801 5630 2931 5670 vero
2977 5627 3254 5685 nunquam
3295 5604 3647 5682 perﬁcienda.

2097 5706 2212 5772 Qua
2236 5706 2305 5762 de
2335 5720 2525 5771 causa,
2561 5713 2621 5761 ut
2653 5706 3019 5762 dubitationes
3048 5719 3293 5776 quasque
3316 5701 3554 5775 gentium
3583 5694 3651 5750 ad

492 5822 1023 5897 (loigliragmcntnm
1068 5822 1169 5878 hac
1199 5821 1527 5879 llcracleota:
1559 5818 1762 5876 editum
1804 5816 2003 5887 legitur
2045 5820 2206 5873 etiam
2260 5818 2399 5890 apud
2442 5819 2903 5876 Montfauconium
2945 5819 3001 5875 in
3044 5817 3227 5877 erca
3263 5814 3650 5887 palwograplu'a

422 5910 539 5963 pag.
582 5894 699 5949 517.
