4138 6496
471 439 608 493 1545

1611 430 1955 487 TIIEODORI
1994 429 2508 486 HERACLEENSIS

3554 435 3690 488 ιδιι

471 557 701 612 salutem
729 559 1040 608 vocatarum
1077 552 1293 606 tolleret
1335 551 1500 614 Deus,
1526 551 1898 619 juratnentum
1931 550 2020 603 ad-

2129 549 2361 618 σωτηρίᾳ
2389 548 2530 600 λύων
2554 588 2566 611 ,
2598 548 2758 617 ὅρκον
2790 546 2983 615 ἐπάγει
3009 586 3022 610 ,
3061 548 3153 598 καὶ
3183 546 3354 618 τούτῳ
3387 549 3690 619 συγκέχρη-

471 649 666 710 hibuit,
695 655 745 700 et
781 662 843 699 eo
870 646 1088 715 quidem
1135 644 1304 696 utitur
1339 659 1462 698 cum
1492 644 1808 697 hominibus
1845 643 2025 696 disce-

469 747 651 807 ptans,
686 751 791 805 quo
820 750 982 804 quam
1031 735 1401 789 ﬁrmissimam
1449 734 1552 788 sibi
1597 733 1739 803 apud
1773 732 2022 786 homines

471 828 627 882 ﬁdem
664 827 882 881 faceret.

539 919 706 973 Vens.
748 918 839 971 25.
880 917 1203 985 Quicunque
1247 915 1300 969 in
1357 916 1458 970 hac
1507 917 1617 967 vita
1671 915 1737 969 de
1784 913 2024 984 peccatis

473 1014 588 1065 suis
618 1009 997 1078 pmnitentiam
1027 1024 1132 1060 non
1168 1012 1346 1074 agent,
1372 1014 1445 1068 et,
1478 1007 1690 1074 ingrato
1719 1006 1900 1058 animo
1930 1008 2026 1060 de-

471 1101 635 1169 cepti,
692 1099 971 1155 Christum
1037 1097 1279 1153 conﬁteri
1335 1097 1605 1150 noluerint
1662 1096 2022 1166 (confundetb

473 1193 601 1258 tur).

543 1282 708 1337 Vens.
740 1281 828 1335 ‘26.
870 1279 1319 1334 Justiﬁcabuntur
1341 1293 1469 1333 vero
1503 1285 1556 1333 et
1578 1278 2026 1349 gloriﬁcabuntur

471 1390 569 1444 per
606 1390 819 1428 omnem
851 1375 1008 1426 vitam
1043 1387 1195 1426 suam
1245 1373 1336 1441 qui
1381 1372 1658 1425 Christum
1705 1387 2022 1442 agnoscere,

469 1467 731 1536 justitiam
770 1464 981 1534 operari
1022 1475 1076 1517 et
1100 1479 1285 1518 verum
1318 1479 1501 1518 semen
1536 1462 1700 1518 Israel
1733 1461 1867 1518 eﬁici
1904 1473 2021 1520 stu-

473 1557 709 1610 duerint.

542 1648 668 1701 Car.
703 1646 884 1710 XLVI,
923 1644 1080 1701 Vens.
1112 1647 1161 1700 l.
1204 1645 1304 1700 llic
1349 1654 1615 1700 memorat
1659 1645 1800 1700 Deus
1843 1645 2024 1699 omnia

471 1749 619 1792 certo
663 1739 868 1808 perﬁci,
919 1754 1256 1807 quaecunque
1315 1739 1380 1791 ab
1431 1753 1494 1792 eo
1536 1737 1752 1791 fuerunt
1778 1736 2020 1804 decreta;

472 1829 538 1884 de
568 1830 726 1883 idolis
753 1845 880 1883 vero
913 1845 1020 1882 non
1053 1829 1192 1882 idem
1218 1829 1418 1893 valere,
1453 1827 1545 1883 sed
1569 1844 1630 1883 ea
1660 1829 1900 1882 omnium
1931 1844 2024 1882 co-

2124 657 2254 704 ται,
2310 640 2384 703 ὡς
2440 638 2746 710 ἀνθρώποις
2807 639 3214 708 διαλεγόμενος,
3270 634 3312 706 ᾧ
3354 640 3585 708 μάλιστα
3629 643 3691 694 τὸ

2127 731 2494 801 συμπέρασμα
2529 731 2707 802 πάσης
2739 731 3196 803 ἀμφισϐητήσεως
3222 732 3393 785 αἴτιον
3413 733 3689 788 ἐπιλύεται

2121 824 2232 885 τοῖς
2257 820 2585 893 ἀνθρώποις.

2194 915 2256 966 Οί
2289 914 2362 985 μὴ
2401 915 2457 968 ἐν
2509 913 2586 985 τῷ
2635 913 2734 984 βίῳ
2778 930 2950 984 τουτῳ
3001 918 3430 984 μετανοήσαντες
3467 930 3564 985 μεν
3607 915 3689 982 ἐφ’

2121 1001 2203 1068 οἷς
2230 1005 2512 1075 ἥμαρτον,
2556 1004 2994 1074 ἀγνωμονοῦντες
3041 1005 3129 1069 δέ,
3176 1006 3268 1058 καὶ
3308 1005 3442 1076 πρὸς
3474 1004 3570 1075 τὴν
3595 1005 3687 1058 τοῦ

2123 1096 2359 1169 Χριστοῦ
2388 1096 2699 1167 ὁμολογίαν.

2191 1274 2356 1344 Δόξης
2388 1274 2442 1327 δέ
2475 1275 2570 1328 καὶ¹
2596 1274 2968 1345 εύθυμοσύνης
3004 1275 3451 1347 πληρωθήσονται
3477 1275 3690 1330 ἅπαντα

2122 1363 2210 1418 τὸν
2241 1363 2443 1416 ἑαυτῶν
2479 1363 2619 1432 βίον·
2657 1363 3023 1431 ἐπεγνωκότες
3066 1363 3163 1433 μὲν
3195 1365 3284 1416 τὸν
3317 1364 3546 1434 Χριστὸν
3567 1405 3580 1429 ,
3615 1364 3690 1416 δι-

2122 1454 2414 1524 καιοσύνης
2460 1454 2517 1507 δὲ
2574 1454 2798 1525 ἐργάται
2852 1455 3252 1521 καταστάντες,
3297 1456 3391 1508 καὶ
3441 1453 3688 1525 ἀληθινὸν

2125 1546 2345 1615 σπέρμα
2374 1544 2468 1597 τοῦ
2515 1545 2730 1615 Ἰσραὴλ
2754 1545 3208 1616 χρηματίσαντες.

2203 1635 2465 1688 Ἐνταῦθα
2516 1636 2920 1707 ὑπομιμνήσκει
2967 1635 3163 1698 αὐτοὺς
3211 1636 3239 1686 ὁ
3285 1634 3456 1697 Θεὸς,
3503 1635 3578 1698 ὠς
3621 1635 3691 1688 τά

2125 1724 2220 1793 μὲν
2266 1723 2427 1777 αὐτοῦ
2463 1724 2638 1778 πάντα
2681 1726 3036 1788 ἀδιαλείπτως
3070 1725 3366 1797 τελούμενα
3409 1727 3590 1797 μένει·
3622 1745 3687 1780 τα

2121 1815 2177 1867 δέ
2205 1815 2313 1868 τῶν
2360 1815 2592 1868 εἰδώλων
2631 1817 2726 1886 ούχ
2773 1817 2972 1885 οὕτως,
3004 1817 3139 1871 ἀλλὰ
3174 1819 3499 1871 πεπτωκότα
3532 1818 3693 1888 ὀφθή-

473 1935 588 1972 ram
635 1920 808 1974 oculis
839 1919 1158 1988 prostranda
1189 1934 1328 1973 esse.
1363 1919 1633 1989 Agnoscat
1660 1919 1891 1989 quisque
1929 1934 2022 1972 ve-

2129 1923 2298 1961 σεται.
2329 1907 2437 1959 Καὶ
2469 1908 2590 1977 ἐμοὶ
2630 1908 2856 1971 ἕκαστος
2890 1909 3224 1962 συσκοπείτω
3249 1951 3263 1974 ,
3299 1910 3374 1973 ὼς
3399 1910 3458 1962 ού
3483 1909 3692 1979 κόμπος

473 2022 645 2067 strum
679 2012 842 2065 verba
872 2026 988 2064 mea
1023 2026 1130 2063 non
1166 2025 1357 2063 vanam
1385 2025 1504 2064 esse
1526 2010 1901 2079 jactationem,
1927 2009 2024 2064 sed

471 2110 676 2156 certam
722 2117 902 2155 rerum
955 2117 1078 2155 mox
1124 2110 1504 2154 eventurarum
1547 2100 1950 2169 praedictionem
1994 2114 2025 2153 a

376 2196 384 2207 '
471 2192 581 2246 Deo
613 2193 846 2256 factam;
901 2206 1024 2244 nam
1071 2205 1192 2244 eum
1232 2190 1511 2243 nuntiaret
1561 2189 1702 2244 Deus
1750 2189 2024 2242 Abraham

474 2299 657 2338 semen
683 2301 746 2339 ΘΧ
779 2301 844 2339 eo
872 2297 1246 2353 cgressurum,
1278 2291 1332 2335 Cl
1363 2291 1567 2335 terram
1605 2291 2022 2350 occupaturum,

470 2375 681 2430 dicente
727 2375 831 2429 isto
879 2391 893 2428 :
961 2390 980 2422 ι
1033 2369 1339 2424 Secundum
1385 2372 1513 2440 quid
1562 2371 1768 2426 sciam?
1797 2391 1815 2422 ι
1873 2379 2024 2426 ratus

471 2466 859 2538 patriarcham,
909 2465 1110 2520 auditis
1158 2464 1562 2519 calamitatibus
1606 2463 1673 2517 ad
1703 2463 2023 2533 sapientiam

473 2557 852 2613 instruendum
879 2571 1022 2620 esse,
1063 2556 1312 2626 praedixit
1349 2556 1564 2625 generis
1597 2556 1932 2621 servitutem,
1973 2561 2026 2610 et

473 2658 594 2716 post
624 2647 980 2716 quadraginta
1020 2653 1074 2700 et
1104 2646 1497 2716 quinquaginta
1549 2659 1723 2699 annos
1757 2644 2029 2698 liberatio-

472 2754 594 2793 nem
618 2739 662 2769 '°
690 2757 703 2793 :
735 2754 854 2809 qua:
899 2733 1080 2792 omnia
1135 2747 1330 2792 eventu
1362 2735 1680 2790 conﬁrmata
1715 2743 1862 2798 sunt,
1899 2734 2026 2788 licet

471 2845 580 2885 non
611 2829 770 2885 fuerit
814 2829 1316 2901 qui;praedictorum
1351 2828 1751 2884 exsecutionem
1786 2834 2022 2897 urgeret.

542 3006 705 3062 Vens.
736 3007 792 3060 2.
829 3006 1022 3062 Vestra
1067 3008 1246 3061 omnia
1289 3006 1346 3059 in
1397 3005 1766 3075 captivitatem
1804 3005 2024 3071 tradita,

473 3111 612 3151 onus
643 3104 800 3149 erunt
831 3096 1197 3165 elephantium
1224 3103 1275 3149 et
1301 3095 1671 3162 jumentorum
1705 3094 1905 3163 quibus
1928 3094 2028 3147 ab-

473 3189 719 3244 ducenda
752 3189 1118 3257 imponentur.
1152 3186 1265 3238 lmo
1291 3185 1661 3254 fatigabuntur
1682 3193 1736 3238 et
1763 3186 1860 3238 viri
1881 3183 2026 3237 scul-

473 3280 623 3350 ptilia
666 3288 967 3351 portantes.
1027 3278 1102 3331 Eo
1150 3293 1365 3347 quoque
1414 3277 1641 3330 istorum
1689 3276 2028 3329 imbecillita-

472 3382 580 3427 tem
628 3373 1051 3438 conﬁtehuntur,
1112 3387 1235 3426 cum
1283 3385 1344 3425 ea
1392 3379 1668 3439 portantes
1707 3368 2024 3438 fatigantur,

472 3475 527 3519 et
572 3465 700 3519 deos
746 3464 980 3519 ferentes
1033 3464 1324 3524 deﬁciunt,
1381 3478 1410 3515 a
1464 3463 1666 3532 quibus
1716 3463 1898 3530 potius
1941 3476 2029 3516 re-

473 3555 691 3611 creandi
713 3562 890 3620 erant,
923 3556 969 3609 si
994 3555 1086 3624 qui
1116 3553 1191 3608 dii
1219 3553 1471 3608 fuissent.

548 3729 709 3786 Vens.
767 3733 818 3785 5.
875 3729 1104 3784 Deducit
1170 3745 1266 3786 eos
1325 3731 1392 3784 ad
1457 3731 1806 3800 intelligenda
1857 3733 2032 3800 lpsws

471 3823 658 3885 verba,
696 3823 1089 3875 commendatis
1119 3822 1426 3890 patriarcha
1455 3831 1510 3878 et
1544 3823 1712 3893 gloria
1742 3822 1899 3891 ejus;
1933 3837 2030 3876 cu-

472 3914 565 3982 jus
592 3929 762 3983 genus
785 3928 906 3967 esse
934 3913 1255 3982 gloriantur,
1291 3913 1571 3968 imitentur
1591 3922 1646 3968 et
1668 3928 1847 3968 mores
1873 3927 2032 3982 opor-

475 4014 574 4061 tet.
613 4007 746 4060 Cum
792 4007 1035 4075 reliquiae
1074 4004 1240 4061 Israel
1285 4007 1424 4073 sitis,
1459 4006 1676 4063 .relicta‘.
1709 4007 1884 4060 tribus
1914 4015 2032 4059 tan-

477 4107 592 4152 tum
621 4100 758 4164 duae,
795 4100 1007 4153 caeteris
1031 4098 1220 4152 decem
1265 4097 1324 4151 in
1351 4096 1722 4166 captivitatem
1755 4094 2029 4160 abductis,

479 4202 587 4241 non
611 4202 706 4244 vos
737 4188 1007 4253 deseram,
1038 4187 1083 4241 si
1111 4187 1486 4256 pmnitentiam
1521 4185 1766 4256 egeritis.

554 4364 713 4419 Vens.
767 4365 820 4420 5.
860 4363 1008 4428 "Quis
1059 4363 1128 4418 sit
1174 4363 1263 4418 ille
1310 4379 1462 4417 error
1513 4363 1719 4418 indicat
1770 4364 2032 4418 orationis

478 4463 787 4511 contextus.
836 4454 970 4508 Nam
1018 4455 1240 4509 insitam
1295 4456 1451 4510 vobis
1500 4454 1784 4518 habentes,
1832 4456 2029 4526 inquit,

477 4547 767 4614 imaginem
812 4560 1006 4607 meam,
1067 4545 1132 4600 ad
1178 4545 1424 4600 facienda
1459 4545 1603 4598 idola
1631 4543 2030 4610 'descendistis,

479 4637 634 4704 quasi
662 4651 756 4705 per
790 4649 852 4689 ea
887 4651 971 4689 me
997 4636 1329 4699 veneraturi,
1365 4643 1424 4688 ut
1462 4636 1659 4690 animis
1690 4636 1886 4690 vestris
1929 4637 2033 4689 im-

479 4740 720 4793 pressam
755 4725 986 4794 speciem
1016 4724 1127 4794 jam
1167 4741 1264 4795 per
1289 4724 1515 4793 eﬁigiem
1559 4740 1870 4794 expressam
1902 4740 2034 4779 ocu-

478 4817 548 4871 lis
579 4817 774 4870 intucri
805 4816 1048 4886 possitis.

546 4903 710 4962 Vens.
743 4906 797 4962 6.
837 4905 906 4960 Ut
957 4921 1065 4962 aere
1093 4907 1222 4962 dato
1259 4906 1421 4962 deum
1467 4908 1623 4963 vobis
1656 4906 1887 4974 faciant;
1930 4922 2032 4978 ego

477 5013 608 5053 vero
654 4999 963 5054 mercedem
1014 5013 1045 5052 a
1105 4999 1256 5054 vobis
1301 4999 1504 5053 nullam
1549 4999 1804 5069 deposco,
1857 5001 2032 5070 gratia

479 5097 671 5142 contra
713 5098 768 5143 et
820 5089 1197 5144 misericordia
1243 5091 1398 5146 vobis
1441 5107 1669 5161 quaeque
1709 5091 1932 5162 largior,
1979 5098 2034 5148 et

480 5193 600 5247 qua:
622 5193 730 5232 non
759 5187 915 5233 erant
935 5181 1045 5234 vita
1073 5178 1236 5234 dono.

558 5269 718 5326 Vens.
761 5271 813 5326 8.
854 5271 1193 5329 Omnimodis
1231 5272 1535 5329 rationibus
1578 5280 1797 5328 revocat
1833 5289 1928 5328 eos
1968 5273 2035 5328 ad

485 5364 804 5433 sapientiam
844 5373 898 5419 et
942 5364 1009 5419 ad
1058 5365 1484 5421 recordationem
1527 5372 1643 5418 tum
1690 5374 2037 5434 peccatorum

487 5469 606 5522 qua:
634 5454 737 5522 ipsi
765 5454 1104 5520 admiserint,
1135 5465 1250 5510 tum
1277 5456 1679 5511 benefactorum
1706 5456 1906 5525 quibus
1945 5470 2040 5511 eos

489 5542 632 5599 Deus
661 5547 923 5601 continuo
968 5549 1271 5614 exornavit,
1309 5556 1366 5602 ut
1393 5548 1460 5602 de
1497 5547 1712 5602 delictis
1760 5547 1878 5602 suis
1909 5563 2041 5602 con-

494 5635 594 5688 scii
620 5634 768 5701 facti,
801 5647 855 5692 et
887 5639 1118 5709 seipsos,
1152 5640 1407 5711 tanquam
1447 5639 1562 5696 suis
1597 5638 1854 5709 operibus
1887 5654 2037 5695 mor-

581 5790 777 5847 παρη.
813 5811 898 5859 xv,
935 5797 986 5858 8,
1029 5796 1107 5848 l3.

2124 1996 2192 2050 τὰ
2218 1999 2473 2068 ῥήματα,
2525 1998 2660 2052 ἀλλὰ
2713 2000 3133 2071 προαγορεύσεις
3169 2001 3487 2070 γιγνόμεναι
3541 2002 3690 2072 παρὰ

2124 2086 2256 2140 Θεοῦ
2284 2088 2712 2143 ἀκολουθούντων
2742 2091 3108 2161 πραγμάτων·
3145 2092 3235 2143 καὶ
3271 2091 3380 2163 γὰρ
3422 2090 3515 2144 τοῦ
3549 2092 3684 2145 Θεοῦ

2125 2175 2590 2245 ἐπαγγελλομένου
2624 2177 2701 2247 τῷ
2740 2178 2986 2249 Ἀϐραὰμ
3024 2179 3206 2250 ζήσειν
3239 2180 3401 2232 αὐτοῦ
3428 2180 3488 2231 τὸ
3520 2181 3690 2251 σπέρ-

2128 2281 2204 2335 μα
2227 2306 2240 2330 ,
2270 2267 2361 2318 καὶ
2394 2266 2817 2338 κληρονομήσειν
2857 2268 2953 2338 τὴν
2989 2269 3120 2339 γῆν,
3164 2270 3412 2321 κάκείνου
3445 2269 3694 2320 ἐπειπόν-

2123 2356 2431 2418 τος,ιΚατά
2458 2358 2512 2410 τί
2538 2356 2834 2428 γνώσομαι,
2857 2378 2875 2410 ι
2901 2361 2982 2413 ὅτι
3012 2360 3180 2413 ταῦτα
3213 2360 3361 2425 East;
3397 2360 3693 2428 ἐγνωκότος

2123 2447 2188 2516 τῇ
2216 2447 2351 2516 ἀκοῇ
2384 2448 2490 2500 τῶν
2529 2447 2786 2519 λυπηρῶν
2822 2452 3181 2522 σωφρονίσθαι
3215 2453 3303 2506 τὸν
3345 2453 3688 2524 προπάτορα.

2125 2539 2348 2606 προεῖπε
2379 2538 2471 2590 καὶ
2498 2539 2597 2609 τὴν
2635 2539 2726 2593 τοῦ
2773 2542 2966 2610 γένους
2993 2543 3235 2597 δουλείαν
3271 2545 3363 2598 καὶ
3403 2546 3502 2618 τὴν
3556 2547 3691 2617 μετὰ

2122 2627 2440 2698 τετρακόσια
2469 2632 2799 2702 πεντήκοντα
2832 2634 2924 2704 ἔτη
2959 2635 3225 2706 ἐσομένην
3255 2639 3564 2711 ἐλευθερίαν
3591 2641 3690 2692 αύ-

2124 2716 2230 2771 τῶν
2250 2733 2264 2748 ·
2305 2717 2447 2789 άπερ
2472 2720 2646 2774 πάντα
2666 2763 2680 2787 ,
2716 2723 2938 2795 μηδενὸς
2976 2726 3127 2790 ὄντος
3159 2727 3251 2781 τοῦ
3291 2729 3356 2782 ἐκ
3384 2732 3482 2801 τῆς
3520 2734 3694 2804 προρτ

2127 2808 2335 2878 ρήσεως
2372 2811 2728 2877 ἀπαιτοῦντος
2786 2814 2883 2886 τὴν
2935 2816 3158 2872 ἔκϐασιν
3206 2818 3310 2873 τῶν
3336 2823 3690 2894 πραγμάτων,

2126 2900 2444 2971 ἐπληροῦτο.

2197 2990 2374 3044 Ἀπαν
2431 2993 2584 3063 ὑμῶν
2648 2995 2991 3068 αἰχμαλωσίᾳ
3062 2999 3491 3070 παραδεδομένον
3542 3002 3693 3057 ἔσται

2128 3082 2321 3152 φορτία
2345 3083 2648 3147 ἐλεφάντων
2680 3088 2772 3139 καὶ
2806 3087 3114 3158 ὑποζυγίων
3140 3129 3155 3153 ,
3195 3093 3251 3145 ἐν
3282 3092 3357 3151 τῷ
3381 3094 3667 3152 ἀπάγεσθα

2128 3178 2307 3241 αὐτοῖς
2344 3179 2688 3251 ἐπιτιθέμενα
2710 3197 2722 3210 ·
2758 3182 2817 3235 ού
2849 3182 2952 3254 μὴν
2979 3184 3115 3238 ἀλλὰ
3137 3186 3230 3239 καὶ
3257 3186 3405 3241 αὐτοὶ
3429 3205 3477 3241 οι
3502 3191 3692 3260 ἄνδρες

2128 3270 2174 3322 οί
2209 3269 2377 3323 ταῦτα
2409 3271 2722 3342 κομίζοντες
2766 3273 3172 3344 κοπωθήσονται
3196 3291 3210 3306 ·
3248 3276 3348 3331 κᾶν
3393 3278 3563 3350 τούτῳ
3593 3281 3694 3351 τὴν

2129 3362 2407 3416 ἀσθένειαν
2453 3364 2654 3417 τούτων
2689 3365 3106 3436 ὁμολογοῦντες,
3153 3368 3235 3421 ὅτι
3267 3369 3439 3422 ταῦτα
3493 3370 3694 3440 βαστά-

2128 3453 2308 3518 ζοντες
2355 3454 2680 3519 κοποῦνται,
2734 3457 2826 3509 καὶ
2876 3457 3005 3511 Θεὸν
3061 3459 3314 3530 φέροντες
3356 3460 3693 3524 ἀσθενοῦσιν,

2129 3542 2261 3595 ὅπου
2291 3561 2354 3612 γε
2385 3544 2489 3598 ἔδει
2530 3545 2975 3615 ἐπικουφίζεσθαι
3008 3548 3115 3602 τῶν
3150 3549 3357 3616 πόνων,
3395 3553 3448 3606 ετ
3481 3569 3545 3620 γε
3583 3553 3696 3606 θεοί

2127 3649 2268 3694 τινες
2295 3631 2557 3702 ὑπῆρχον.

2211 3723 2499 3792 Ἐπανάγει
2546 3725 2742 3788 αὐτοὺς
2783 3724 2920 3796 πρὸς
2969 3727 3316 3800 συναίσθησιν
3347 3729 3454 3783 τῶν
3485 3731 3698 3802 λεχθέν⁶

2129 3829 2270 3876 των,
2301 3813 2393 3866 τοῦ
2438 3815 2780 3886 προπάτορος
2821 3819 3173 3888 μνημονεύων
3211 3823 3307 3874 καὶ
3343 3823 3441 3893 τῆς
3487 3825 3697 3878 ἐκείνου

2129 3904 2316 3974 δόξης·
2348 3904 2442 3958 καὶ
2475 3905 2555 3958 ὅτι
2577 3945 2591 3969 ,
2632 3906 2840 3959 ἐκείνου
2872 3908 3162 3978 αὐχοῦντες
3196 3902 3335 3966 εἶναι
3389 3913 3544 3981 γένος
3565 3955 3579 3977 ,
3609 3916 3700 3969 τὸν

2132 3995 2337 4049 ἐκείνου
2391 3994 2585 4066 ζηλοῦν
2621 3998 2819 4069 τρόπον
2855 3999 3180 4069 ὀφείλουσιν.
3245 4005 3309 4054 Et
3343 4004 3450 4077 γὰρ
3494 4006 3699 4076 λεῖμμα

2132 4086 2224 4140 τοῦ
2280 4087 2493 4158 Ἰσραὴλ
2523 4089 2852 4159 τυγχάνετε,
2895 4088 2989 4143 δύο
3038 4091 3466 4162 περιλειφθεῖσαι
3512 4095 3694 4164 φυλαὶ,

2131 4177 2238 4231 τῶν
2266 4178 2437 4232 ἄλλων
2465 4178 2595 4232 δέκα
2625 4181 2705 4243 είς
2731 4181 3104 4250 αἰχμαλωσίαν
3128 4184 3496 4255 άπαχθεισῶν,
3523 4187 3583 4238 οὐ
3619 4188 3693 4257 μὴ

2133 4270 2458 4341 περιόψομαι
2492 4271 2635 4340 ὑμᾶς
2667 4273 3122 4342 μετανοήσαντας.

2203 4363 2312 4432 Τὴν
2355 4361 2774 4434 πεπλανημένην
2815 4364 2992 4418 αὐτῶν
3028 4366 3183 4430 δόξαν
3217 4370 3282 4438 τῇ
3320 4367 3566 4439 διατριϐῇ
3605 4369 3697 4422 τοῦ

2133 4450 2288 4519 λόγου
2323 4451 2680 4505 ἐπιδείκνυσιν
2704 4467 2718 4480 ·
2757 4451 2846 4513 Ὠς
2871 4449 3084 4521 ἔχοντες
3141 4455 3271 4527 γὰρ,
3317 4457 3480 4528 φησιν
3507 4495 3522 4521 ,
3563 4458 3700 4527 ἐμὴν

2137 4543 2588 4613 ὑποϐεϐλημένην
2619 4543 2747 4613 ὑμῖν
2789 4543 2971 4596 εἰκόνα
2996 4585 3010 4609 ,
3054 4546 3148 4598 ἐπὶ
3179 4547 3239 4600 τὸ
3293 4552 3466 4602 ποιεῖν
3508 4549 3701 4605 εἴδωλα

2133 4636 2320 4706 ἤλθετε
2344 4676 2358 4700 ,
2393 4636 2469 4698 ὡς
2517 4635 2605 4688 διὰ
2651 4636 2854 4691 τούτων
2887 4637 3346 4709 θεραπεύσοντες·
3394 4642 3478 4695 ἵνα
3511 4643 3608 4712 τὴν
3645 4644 3703 4696 ἐν

2131 4730 2387 4793 διανοίαις
2437 4731 2798 4806 ἐγγενομένην
2840 4734 2969 4802 ὑμῖν
3018 4737 3316 4802 φαντασίαν
3369 4739 3428 4789 ἐν
3491 4737 3707 4808 ὁρωμέε

2133 4841 2243 4886 νοις
2273 4824 2432 4893 ἔχητε
2459 4824 2645 4893 τιμᾷν.

2201 4912 2319 4963 Ἵνα
2349 4909 2480 4962 Θεὸν
2512 4912 2637 4980 ὑμῖν
2669 4911 2952 4986 ἀναπλὰσῃ
2997 4914 3089 4966 ἐπὶ
3137 4915 3346 4984 μισθοῖς
3377 4916 3702 4986 γενόμενον·

2132 5000 2265 5072 ἐμοῦ
2298 5001 2370 5072 μὴ
2401 5001 2625 5071 μισθοὺς
2655 5003 3028 5067 ἀπαιτοῦντος,
3065 5007 3324 5076 χάριτιδέ
3353 5009 3531 5060 πάντα
3561 5024 3704 5079 παρ-

2138 5094 2348 5163 έχοντος
2377 5094 2470 5146 καὶ
2499 5094 2810 5165 ἀγαθότητι,
2854 5095 2949 5148 καὶ
2987 5098 3052 5149 ἐκ
3095 5097 3186 5149 τοῦ
3225 5098 3298 5168 μὴ
3339 5097 3489 5160 ὄντος
3535 5100 3614 5161 εἰς
3648 5096 3710 5151 τὸ

2137 5181 2276 5238 εἶναι
2306 5186 2483 5239 πάντα
2513 5186 2874 5257 δωρουμένου.

2220 5274 2616 5344 Ἀπανταχόθεν
2655 5278 2944 5346 συγκροτεῖ
2983 5276 3178 5339 αὐτοὺς
3211 5278 3290 5339 εἰς
3320 5276 3481 5347 νῆψιν
3507 5276 3600 5330 καὶ
3630 5277 3710 5340 είς

2140 5367 2461 5438 κατανόησιν
2490 5360 2564 5420 ὧν
2579 5384 2638 5419 τε
2656 5367 2808 5420 αὐτοὶ
2828 5368 3115 5438 μετῄεσαν,
3149 5369 3243 5420 καὶ
3267 5362 3343 5440 ὧν
3367 5369 3500 5432 Θεὸς
3533 5367 3711 5422 ἀπαύ-

2148 5475 2282 5521 στως
2314 5459 2509 5522 αὐτοὺς
2555 5459 2861 5528 εὐεργετεῖ·
2895 5459 2999 5520 ἵνα,
3059 5461 3117 5513 ἐν
3164 5460 3510 5532 συναισθήσει
3561 5461 3712 5527 γινό-

2150 5565 2296 5618 μενοι
2335 5551 2426 5603 ἐπὶ
2475 5553 2587 5614 τοῖς
2641 5549 3194 5622 πεπλημμελημένοις
3247 5552 3447 5616 αὐτοῖς,
3495 5552 3587 5605 καὶ
3634 5551 3713 5615 ὡς

2147 5641 2236 5693 ἐπὶ
2269 5643 2444 5714 νεκρῷ
2471 5643 2582 5704 τοῖς
2625 5641 2772 5705 ίδίοις
2815 5641 2994 5711 ἔργοις
3041 5641 3363 5711 κατάγοντες
3390 5643 3618 5716 δάκρυα,
3647 5645 3710 5698 οὐ
