4138 6444
434 382 570 436 1545

1815 380 1877 435 IN
1913 378 2167 433 ISAIAM.

3528 398 3548 449 I
3561 395 3663 449 546

425 498 694 569 τιμωρίας
735 498 1078 553 ἀπολαύσωσι
1098 539 1111 561 ,
1168 498 1523 563 στενάξαντες
1543 498 1619 550 αὸὲ
1652 499 1829 567 μόνον,
1860 498 1989 550 ἴασιν

2104 503 2227 549 tuos
2246 536 2261 559 ,
2286 499 2547 567 lugentes,
2579 517 2686 553 non
2726 516 2914 570 pcenas
2940 506 3091 573 dent,
3122 508 3215 563 sed
3240 509 3343 579 piis
3372 509 3662 578 gemitibus

426 589 702 656 δέξωνται,
727 590 873 643 οὐδὲν
906 588 1250 653 ἐπαιτοῦντος
1287 589 1380 643 τοῦ
1414 589 1548 643 Θεοῦ
1578 590 1611 659 ἢ
1649 588 1996 659 συναίσθησιν

432 681 611 752 μόνον.

404 836 409 841 .
497 795 562 847 Τί
594 794 703 866 γὰρ
752 795 885 866 ἐμοῦ
929 795 1216 860 καλοῦντος
1257 795 1316 848 οὐ
1360 796 1608 867 πάρεστι,
1661 796 1877 850 πάντων
1916 803 1994 867 τῷ

429 884 546 955 ἐμῷ
570 884 794 955 νεύματι
828 885 1253 956 ἡνιοχουμένων;
1295 885 1389 938 καὶ
1436 886 1544 957 γὰρ
1573 887 1666 939 καὶ
1693 885 1869 957 πτηνά
1897 887 1993 938 ἀπ’

427 976 657 1046 ἐσχάτου
688 976 787 1046 τῆς
814 976 917 1047 γῆς
948 976 1252 1047 καλούμενα
1288 976 1515 1049 πάρεστι
1534 994 1548 1007 ’
1582 977 1676 1030 καὶ
1706 977 1887 1048 Κῦρον
1937 977 1992 1030 δὲ

425 1068 517 1120 τὸν
569 1066 793 1137 βασιλέα
833 1070 866 1139 ὴ
919 1067 1024 1139 ἐμὴ
1067 1069 1281 1134 ἐξουσία
1327 1070 1469 1138 ἄγει,
1499 1067 1576 1139 τῷ
1610 1070 1726 1141 ἐμῷ
1765 1070 1991 1140 νεύματι

426 1154 674 1211 εἴκοντα·
710 1158 769 1210 οὐ
799 1157 906 1229 μὴν
936 1156 1071 1210 ἀλλὰ
1122 1158 1213 1211 καὶ
1247 1159 1419 1212 πάντα
1451 1158 1733 1229 ἄνθρωπον
1775 1159 1842 1212 τά
1883 1158 1992 1230 ἐμὰ

426 1247 742 1320 φρονοῦντα,
779 1249 877 1320 ἐμὲ
902 1249 1014 1314 ἕξει
1046 1248 1141 1303 καὶ
1185 1249 1473 1305 εὐθύνοντα
1500 1250 1646 1322 αύτῷ
1677 1252 1774 1315 τὰς
1803 1252 1986 1314 ὁδούς-

424 1343 474 1394 εἰ
502 1341 559 1394 δέ
591 1341 684 1395 καὶ
725 1341 1023 1414 ἀνθρώπων
1050 1342 1236 1412 μηδεὶς
1263 1343 1509 1415 εὑρεθείη
1536 1343 1596 1396 τὸ
1621 1343 1752 1414 ἐμὸν
1782 1343 1990 1414 θέλημα

425 1431 645 1502 μετιὼν,
669 1432 729 1486 τὸ
752 1431 1049 1504 τηνικαῦτα
1077 1433 1168 1486 τὸν
1197 1433 1327 1503 ἐμὸν
1364 1434 1488 1488 Υίὸν
1510 1435 1809 1501 ἀποστελῶ,
1835 1452 1989 1488 τουτ-

422 1525 538 1577 ἐστι
582 1524 672 1577 τὸν
717 1523 969 1596 Χριστὸν,
1022 1526 1199 1578 πᾶσαν
1236 1525 1335 1597 τὴν
1378 1528 1644 1598 πατρικὴν
1682 1527 1991 1598 πληροῦντα

421 1616 649 1679 ἔννοιαν,
680 1617 774 1669 καὶ
822 1618 879 1669 ἐν
918 1618 985 1688 τῇ
1021 1615 1127 1687 ἰδίᾳ
1159 1617 1322 1672 αὐτοῦ
1375 1619 1669 1691 αὐτουργίᾳ¹
1709 1619 1990 1674 δεικνύντα

420 1708 560 1777 ἐμάς
593 1708 821 1771 ἐννοίας.

489 1799 737 1850 Αἰτιᾶται
768 1798 966 1863 αὐτοῖς,
1012 1800 1110 1869 οὐχ
1152 1799 1226 1863 ὼς
1270 1798 1329 1851 τὸ
1374 1799 1556 1871 μόριον
1599 1797 1692 1852 τοῦ
1741 1797 1987 1870 σώματος

420 1888 815 1961 ἁποὸεὸληκόσι
847 1889 945 1962 τὴν
983 1889 1225 1962 καρδίαν,
1258 1891 1372 1944 ἀλλ’
1414 1892 1490 1954 ὼς
1532 1890 1592 1944 τὺ
1634 1892 1875 1962 κριτικὸν
1903 1892 1988 1943 αί-

421 1980 709 2053 σθητήριον
739 1982 915 2035 ἐκοντὶ
952 1981 1412 2053 ἐπικρυψαμένοις
1432 1998 1444 2011 ·
1479 1982 1508 2035 δ
1536 1982 1629 2036 καὶ
1661 1983 1832 2036 αἴτιον
1863 1983 1991 2052 ὑμῖν

419 2072 607 2141 γέγονε
664 2072 991 2144 ἀπῳκίσθαι.
1040 2073 1201 2127 Ὅθεν
1264 2074 1447 2140 ἐπάξω
1505 2074 1602 2145 τὴν
1673 2074 1826 2144 δίκην
1873 2076 1991 2146 μετ’

421 2163 694 2235 ἀληθείας,
751 2164 1017 2236 σωτηρίαν
1065 2166 1192 2236 ὑμῖν
1246 2167 1713 2237 μνηστευομένην·
1747 2167 1842 2220 καὶ
1882 2167 1990 2239 γὰρ

419 2256 567 2309 πᾶσα
606 2257 827 2320 κόλασις
872 2258 1011 2311 κατά
1034 2257 1124 2310 τὸν
1156 2255 1250 2311 τοῦ
1282 2255 1598 2322 κολάζοντος
1636 2258 1834 2311 σκοπὴν
1866 2258 1990 2329 ὄνη-

421 2362 504 2399 σιν
542 2347 695 2419 φέρει
740 2351 852 2412 τοῖς
900 2347 1280 2419 κολαζομένοις
1304 2391 1319 2416 ,
1371 2347 1525 2420 δίκην
1585 2348 1768 2418 ίατροῦ
1821 2365 1990 2420 προσ-

417 2439 640 2507 άγοντος
675 2439 923 2511 βοήθημα
956 2442 1250 2508 κάμνοντι·
1298 2441 1400 2495 κᾶν
1450 2441 1643 2513 πικρὸν
1758 2440 1820 2495 τὸ
1861 2441 1996 2496 διδό-

420 2548 581 2600 μενον
626 2533 777 2605 παρὰ
828 2531 921 2586 τοῦ
961 2531 1166 2605 ἰατροῦ,
1218 2533 1333 2587 ἀλλ’
1392 2533 1539 2605 ὅμως
1587 2534 1774 2602 ὑγείας
1826 2536 1996 2588 αἴτιον

418 2620 570 2675 ἔσται
615 2623 693 2694 τῷ
731 2624 1001 2696 δεχομένῳ
1035 2625 1165 2678 αὑτό
1185 2641 1197 2655 ·
1231 2624 1405 2696 τούτῳ
1445 2624 1554 2695 γὰρ
1581 2624 1658 2695 τῷ
1690 2624 1874 2697 σκοπῷ
1903 2627 1996 2680 καὶ

2103 597 2382 643 sanentur.
2409 589 2541 643 Nam
2578 592 2651 645 nil
2682 594 2827 647 aliud
2863 604 3066 665 repetet
3115 613 3147 652 a
3194 598 3350 654 vobis
3383 597 3526 654 Deus
3556 600 3662 655 nisi

2101 679 2267 733 animi
2298 682 2733 740 conversionem.

2180 792 2346 849 Vens.
2380 794 2466 850 il.
2505 794 2647 861 Quid
2693 796 2839 852 enim
2891 812 3002 852 non
3034 798 3228 864 aderit,
3277 807 3508 855 vocante
3550 813 3658 864 me,

2100 904 2224 943 cum
2273 888 2455 943 omnia
2489 889 2645 942 nutni
2688 905 2810 943 meo
2852 890 3188 945 inserviant?
3219 891 3373 957 Quod
3419 893 3462 947 si
3506 906 3656 946 avem

2102 981 2169 1035 ab
2201 982 2466 1035 extremis
2490 982 2655 1037 terris
2694 998 2987 1048 vocavero,
3030 986 3219 1039 aderit.
3242 986 3417 1054 Cyrus
3444 998 3662 1053 quoque

2096 1089 2195 1129 rex
2234 1074 2463 1143 imperio
2504 1088 2626 1128 meo
2672 1074 2897 1145 regitur,
2944 1085 3098 1146 paret
3131 1075 3302 1144 jussis
3345 1076 3502 1130 meis.
3548 1073 3662 1127 Imo

2097 1166 2278 1220 omnis
2316 1164 2479 1220 homo
2510 1166 2604 1236 qui
2650 1181 2769 1219 mea
2818 1169 3008 1233 sentit,
3058 1182 3147 1221 me
3192 1166 3412 1221 habebit
3448 1167 3661 1219 viarum

2094 1256 2309 1311 ducem.
2346 1256 2578 1322 Quando
2608 1272 2738 1312 vero
2761 1256 2875 1326 jam
2902 1273 3009 1311 non
3036 1257 3200 1311 homo
3235 1257 3534 1327 reperietur
3567 1255 3662 1324 qui

2096 1346 2263 1400 faciat
2290 1349 2626 1402 voluntatem
2679 1364 2876 1413 meam,
2914 1359 3042 1404 tunc
3079 1330 3277 1402 Filium
3317 1364 3494 1402 meum
3533 1348 3660 1400 mit-

2096 1447 2228 1503 tam,
2277 1439 2382 1494 hoc
2423 1448 2508 1495 est
2554 1441 2832 1496 Christum
2872 1441 2966 1511 qui
3012 1449 3248 1496 mentem
3283 1441 3516 1509 patriam
3562 1451 3658 1507 per

2092 1533 2275 1586 omnia
2306 1533 2573 1603 perﬁciat,
2613 1541 2667 1588 et
2715 1534 2973 1605 operibus
3006 1533 3146 1602 suis,
3175 1533 3307 1603 quid
3350 1533 3468 1603 ipse
3513 1531 3661 1587 desi-

2094 1622 2276 1677 derem
2309 1624 2630 1680 declarabit.

2164 1798 2335 1856 Vens.
2370 1799 2457 1855 12.
2506 1799 2697 1873 Arguit
2730 1816 2827 1857 eos
2870 1816 2979 1857 non
3012 1802 3158 1873 quod
3201 1816 3298 1856 cor
3326 1801 3659 1873 perdiderint

2096 1905 2417 1961 corporeum
2444 1931 2459 1956 ,
2494 1893 2588 1947 sed
2622 1894 2768 1963 quod
2803 1903 2997 1964 sponte
3024 1894 3193 1948 animi
3239 1895 3419 1949 lumen
3448 1897 3661 1951 exstin-

2096 1985 2308 2051 xerint;
2351 2000 2478 2039 nam
2509 1995 2797 2055 propterea
2833 2002 2865 2040 a
2904 2002 2991 2040 me
3013 1986 3309 2041 defecistis.
3334 1985 3658 2054 ldeojustas

2096 2091 2127 2129 a
2160 2077 2312 2131 vobis
2342 2091 2531 2146 poenas
2562 2086 2820 2147 repetam,
2857 2078 3021 2134 saluti
3064 2078 3216 2133 vobis
3248 2077 3500 2145 futuras;
3530 2094 3657 2132 nam

2095 2171 2241 2223 omni
2284 2184 2444 2239 pinna
2477 2170 2623 2227 Deus
2658 2172 2883 2225 utilitati
2926 2183 3127 2226 nostrae
3158 2172 3430 2235 consulit,
3459 2171 3657 2226 medici

2096 2252 2163 2306 ad
2199 2254 2476 2324 exemplar
2522 2259 2770 2310 morbum
2815 2257 3078 2312 curantis.
3130 2255 3281 2311 Licet
3325 2271 3508 2310 amara
3548 2259 3661 2311 sint

2096 2359 2216 2414 quae
2236 2360 2263 2397 a
2284 2347 2495 2400 medico
2526 2346 2857 2415 przebentur,
2879 2362 3053 2418 aagros
3075 2355 3251 2400 tamen
3284 2347 3336 2400 in
3370 2350 3655 2400 sanitatem

2091 2437 2389 2492 restituunt
2426 2455 2440 2491 :
2472 2437 2661 2493 eadem
2695 2439 2905 2493 ratione
2943 2437 3228 2509 regebatur
3254 2437 3444 2508 legalis
3468 2452 3656 2491 eorum

2091 2528 2314 2594 civitas,
2345 2538 2397 2584 et
2425 2529 2678 2585 instituta
2703 2527 2798 2584 Dei
2835 2530 3063 2601 gloriam
3098 2531 3434 2601 praestabant
3463 2528 3656 2584 obser-

2090 2623 2344 2678 vantibus
2373 2637 2460 2678 ea.

417 2713 450 2784 ἠ
484 2716 679 2787 νομικὴ
712 2717 891 2780 αὐτοῖς
916 2715 1068 2779 πόλις
1098 2716 1419 2788 ἀφωρίζετο,
1454 2717 1550 2770 καὶ
1581 2717 1651 2771 τὰ
1675 2716 1826 2789 παρά
1854 2717 1945 2772 τοῦ
1971 2717 2105 2772 Θεοῦ
2135 2718 2342 2790 νόμιμα
2373 2716 2530 2781 δόξαν
2558 2719 2814 2789 παρεῖχεν
2844 2715 3024 2780 αὐτοῖς
3055 2713 3314 2788 τηροῦσιν
3341 2715 3500 2771 αὐτά.

485 2826 655 2880 Πάλιν
687 2828 823 2900 πρὸς
849 2827 972 2892 τοὺς
995 2827 1292 2892 Χαλδαίους
1323 2828 1546 2900 μετάγει
1570 2828 1661 2884 τὸν
1688 2829 1865 2899 λόγον,
1895 2830 1989 2885 καὶ

414 2935 510 2973 την
540 2919 990 2992 καταληψομὲνην
1024 2921 1220 2985 αὐτοὺς
1246 2920 1403 2993 δίκην
1439 2920 1843 2994 προαγορεύει..

487 3125 630 3198 Πρὸς
662 3127 752 3180 τὸν
803 3126 1018 3199 Ἰσραὴλ
1050 3130 1279 3180 ποιεῖται
1311 3126 1437 3191 τοὺς
1489 3125 1713 3195 λόγους*
1760 3127 1842 3181 ὅτι
1887 3128 1988 3182 Το-

419 3217 607 3270 σοῦτον
636 3217 853 3286 ἀφέξεις
885 3218 977 3271 τοῦ
1006 3219 1096 3272 τὸν
1131 3217 1410 3289 Ἀσσύριον
1443 3218 1838 3290 φοϐηθήσεσθαι
1867 3221 1989 3292 ἐμοὶ

417 3310 750 3381 πειθόμενος,
780 3310 854 3373 ὠς
885 3311 1021 3382 μήτε
1059 3308 1264 3374 τούτοις
1301 3314 1439 3383 μήτε
1467 3310 1647 3375 ἀλλοις
1676 3313 1785 3366 τισὶ
1814 3331 1990 3385 παρα-

415 3400 597 3454 δοῦναι
639 3402 801 3471 ὑμᾶς.

496 3491 836 3562 Ἀπανταχοῦ
895 3492 962 3546 τὰ
1012 3493 1109 3564 τῆς
1161 3494 1353 3546 ἐαυτου
1405 3494 1768 3565 χρηστότητος
1825 3494 1988 3548 ἐνδει-

416 3586 681 3657 κνύμενος
712 3586 741 3638 ὁ
778 3585 928 3653 Θεὸς,
963 3585 1036 3657 μὴ
1067 3585 1459 3656 σεσιωπηκέναι
1487 3587 1703 3655 φάσκει,
1733 3586 1864 3658 μηδὲ
1896 3586 1988 3639 ἐπὶ

415 3684 527 3744 τοῖς
549 3679 750 3733 τούτων
781 3685 968 3742 κακοῖς
995 3677 1434 3749 ἀδιηφορηκέναι,
1476 3677 1587 3731 ἀλλ’
1618 3678 1704 3731 ἀεὶ
1743 3678 1990 3750 ἁμαρτά-

415 3789 604 3835 νοντας
626 3771 882 3842 ἐλέγχων,
907 3770 1090 3824 καὶτὰ
1111 3770 1431 3840 ὀφειλόμενα
1459 3772 1578 3833 ταῖς
1599 3768 1778 3824 αὐτῶν
1809 3771 1989 3841 ἁμαρ-

414 3864 558 3927 τίαις
603 3864 849 3935 ἐπιτίμια
886 3862 1185 3936 προλέγων,
1227 3863 1322 3933 οὐχ
1370 3862 1455 3915 ἵνα
1507 3864 1882 3933 τιμωρήσηται
1928 3861 1984 3934 (ἢ

414 3954 526 4024 γὰρ
577 3953 643 4008 ἂν
669 3955 763 4008 καὶ
808 3955 1024 4010 σιωπῶν
1058 3956 1229 4025 ἐπῆγε
1261 3955 1358 4027 τὴν
1388 3955 1600 4027 ὀργὴν),
1632 3954 1745 4008 ἀλλ’
1771 3955 1857 4010 ἵνα
1889 3973 1986 4025 φο-

417 4044 589 4115 ϐήσας
618 4046 711 4098 καὶ
739 4043 1076 4114 σωφρονίσας
1105 4047 1171 4117 τῇ
1205 4043 1422 4115 ἀπειλῇ,
1456 4042 1566 4108 ἕξει
1598 4042 1987 4115 μετανοοῦντας

416 4139 512 4192 καὶ
545 4135 894 4207 πειθομένους
931 4134 1097 4207 αὐτῷ.
1132 4164 1203 4175 —
1235 4133 1406 4189 Πάλιν
1451 4134 1808 4205 προπατόρων
1852 4134 1988 4207 μνή-

418 4246 494 4298 μη
541 4229 637 4283 καὶ
680 4228 937 4299 ὀνόματος
980 4226 1262 4298 προκοπῆς
1309 4225 1445 4280 κατά
1485 4224 1682 4297 ψυχὴν,
1716 4227 1853 4296 ὅπερ
1888 4242 1988 4298 ση-

420 4320 654 4391 μαίνειὸ
697 4320 943 4392 Ἰσραήλ·
986 4320 1055 4374 ἵν’
1095 4320 1145 4373 οἱ
1184 4317 1474 4389 αὐχοῦντες
1518 4318 1694 4387 γένος,
1733 4319 1828 4371 καὶ
1861 4317 1988 4391 τρόο

415 4429 515 4464 πον
554 4413 762 4475 ἑαυτοῖς
815 4410 1158 4478 οίκειὼσωσι,
1213 4411 1307 4464 καὶ
1356 4409 1565 4463 εῦνοιαν
1620 4409 1718 4479 τὴν
1764 4410 1986 4463 ἐκείνων

2163 2829 2293 2885 Cn.
2364 2828 2587 2894 XLVII,
2631 2828 2799 2885 Vsus.
2861 2831 2913 2885 I.
2976 2827 3188 2885 Rursus
3246 2828 3315 2883 ad
3369 2827 3658 2883 Chaldaeos

2089 2923 2256 2979 verba
2288 2922 2453 2989 facit,
2497 2932 2552 2979 et
2594 2922 2968 2979 imminentem
3013 2922 3149 2993 ipsis
3176 2922 3472 2976 vindictam
3519 2934 3656 2990 prte-

2091 3015 2329 3070 nuntiat.

2165 3114 2335 3184 Vsas.
2358 3125 2598 3183 3.1srael
2618 3126 2916 3198 alloquitur
2941 3144 2954 3181 :
2977 3124 3131 3193 Quod
3158 3125 3203 3182 si
3224 3123 3358 3180 mihi
3381 3122 3657 3179 conlidea-

2093 3223 2205 3290 ris,
2249 3223 2363 3292 jam
2400 3237 2510 3276 non
2550 3220 2656 3276 erit
2702 3234 2801 3275 cur
2843 3219 3098 3289 Assyrios
3142 3216 3492 3285 reformides,
3527 3230 3655 3270 nam

2091 3329 2191 3383 ego
2226 3321 2277 3367 te
2312 3312 2455 3366 ultra
2491 3325 2593 3365 nec
2622 3309 2753 3373 illis,
2779 3323 2881 3363 nec
2913 3308 3038 3363 aliis
3067 3305 3299 3361 tradam.

2157 3492 2289 3549 CAP.
2338 3487 2588 3553 XLVIII,
2615 3485 2785 3543 Vnus.
2816 3486 2867 3541 l.
2894 3484 3217 3540 Omnimoda
3253 3485 3510 3541 bonitatis
3540 3501 3656 3542 sua:

2089 3586 2415 3641 docmnenta
2464 3582 2712 3654 przebens
2764 3580 2941 3644 Deus,
2992 3595 3052 3635 se
3093 3594 3370 3649 nunquam
3413 3581 3655 3635 tacuisse

2088 3677 2396 3749 proﬁtetur,
2432 3691 2534 3731 nec
2558 3673 2756 3728 delicta
2812 3686 3000 3726 eorum
3040 3685 3196 3741 aequo
3228 3670 3409 3725 animo
3438 3670 3652 3732 tulisse.

2090 3769 2186 3827 sed
2215 3783 2389 3838 usque
2443 3771 2737 3836 peccantes
2794 3763 3063 3832 arguisse,
3118 3770 3172 3817 et
3204 3761 3414 3818 debitas
3459 3777 3652 3831 pecca~

2092 3862 2162 3917 tis
2182 3872 2372 3914 eorum
2402 3856 2758 3913 denuntiasse
2804 3868 3028 3927 poenas,
3061 3869 3170 3907 non
3200 3860 3262 3907 ut
3303 3867 3396 3908 eos
3434 3852 3653 3923 puniret

2091 3952 2366 4023 (alioquin
2416 3949 2619 4005 tacitus
2673 3963 2769 4004 eos
2831 3949 2913 4002 ira
2962 3945 3392 4017 oppressisset),
3446 3945 3543 4001 sed
3593 3951 3654 4000 ut

2087 4043 2252 4098 minis
2286 4055 2380 4097 eos
2406 4039 2688 4095 deterrens
2717 4045 2772 4094 et
2801 4037 2869 4093 ad
2901 4038 3121 4092 saniora
3148 4051 3410 4091 revocans
3429 4077 3444 4101 ,
3478 4051 3650 4106 popu-

2088 4134 2198 4192 ium
2227 4134 2451 4189 haberet
2479 4132 2644 4188 corde
2671 4133 2965 4185 contritum
2994 4138 3048 4186 et
3075 4128 3308 4184 ﬁdelem.
3334 4128 3546 4183 Rursus
3567 4143 3657 4199 pa-

2090 4227 2360 4284 triarchas
2380 4224 2726 4282 commendat
2746 4230 2802 4279 et
2823 4225 3078 4278 virtutem
3100 4221 3460 4292 spiritualem,
3487 4236 3652 4291 quam

2087 4320 2335 4390 designat
2365 4332 2564 4373 nomen
2593 4316 2795 4380 Israel,
2828 4322 2890 4369 ut
2906 4330 3078 4386 genus
3105 4314 3376 4383 jactantes
3404 4311 3649 4374 Patrum,

2088 4428 2268 4469 mores
2316 4425 2537 4483 quoque
2581 4410 2866 4465 imitentur
2911 4422 3132 4471 eorum,
3165 4413 3219 4461 et
3247 4405 3437 4462 eodem
3469 4406 3657 4461 studio

420 4500 807 4572 μιμησάμενοι,
850 4500 1100 4555 ἐθίσωσιν
1149 4501 1375 4565 ἑαυτοὺς
1415 4501 1494 4563 είς
1534 4499 1596 4553 τὸ
1632 4498 1847 4553 ἀκούειν
1890 4499 1983 4552 τοῦ

2092 4505 2409 4573 ﬂagrantes,
2445 4502 2541 4559 Dei
2572 4502 2629 4557 in
2671 4502 2896 4558 servitio
2932 4500 3035 4570 ipsi
3061 4514 3277 4569 quoque
3309 4505 3648 4553 assuescant.

416 4590 550 4645 Θεοῦ
560 4632 573 4645 .

486 4681 734 4747 Τοιοῦτος
788 4681 1081 4753 ἐτύγχανες
1129 4684 1223 4736 καὶ
1276 4683 1504 4747 ἄνωθεν,
1560 4682 1851 4752 ἀπολείψας
1887 4681 1984 4752 μὲν

418 4776 539 4839 τοὺς
572 4777 628 4827 ἐν
646 4778 713 4847 τῇ
740 4773 897 4843 φύσει
923 4791 1003 4827 σοι
1034 4773 1473 4845 καταϐληθέντας
1496 4774 1710 4845 νόμους,
1740 4775 1797 4826 ἐν
1824 4771 1985 4838 πλαξὶ

418 4866 476 4919 δὲ
513 4866 737 4929 λιθίναις
780 4865 1095 4934 ἀναγκάσας
1122 4866 1327 4938 γράψαι
1360 4865 1553 4930 ταῦτα,
1584 4867 1660 4931 ὡς
1700 4866 1792 4920 καὶ¹
1823 4864 1986 4919 Μωῦ⁴

422 4960 519 5030 σῆς
548 4960 673 5029 ὑμῖν
696 4958 956 5033 ὠνείδιζε,
979 4959 1073 5011 καὶ
1119 4958 1179 5012 τὸ
1219 4957 1432 5020 ἀναιδὲς
1460 4957 1612 5028 ὑμῶν
1639 4958 1983 5028 ἁπέσκωψεν.

488 5165 656 5218 Πάλιν
677 5164 775 5236 τὴν
802 5164 1163 5238 προσποίητον
1192 5165 1371 5216 αὑτων
1411 5163 1644 5234 ἐλέγχων
1676 5165 1984 5236 ὁμολογιαν,

421 5256 861 5328 ἐπαναλαμϐάνει
904 5255 975 5309 τὰ
1021 5255 1151 5328 παρ’
1200 5255 1423 5309 ἐκείνων
1472 5255 1737 5327 λεγόμενα
1773 5256 1947 5325 λέγων
1969 5274 1983 5287 ·

424 5365 442 5397 ι
480 5346 572 5418 Μὴ
607 5347 927 5421 εἴπῃς-Ναὶ,
957 5345 1207 5416 γινώσκω
1243 5346 1407 5400 αὑτά·
1449 5365 1467 5397 ι
1503 5344 1604 5399 κᾶν
1652 5347 1759 5417 γάρ
1805 5346 1882 5410 ὼς
1912 5348 1988 5399 εί-

418 5437 566 5502 δὸτες
598 5438 997 5510 προσποιεῖσθε,
1031 5437 1166 5492 ἀλλὰ
1197 5436 1323 5507 γοῦν
1354 5438 1439 5490 ἐπ’
1472 5436 1651 5491 αὐτῶν
1688 5436 1797 5491 τῶν
1830 5438 1985 5509 πρά-

420 5527 552 5592 ξεων
609 5530 1019 5602 φωραθήσεσθε,
1081 5532 1215 5603 μήτε
1262 5529 1631 5600 ἐπιστάμενοι,
1682 5529 1987 5593 ἀκολούθως

417 5618 496 5690 τῷ
517 5622 885 5692 γεγραμμένῳ
929 5624 985 5675 ἐν
1027 5622 1103 5692 τῷ
1152 5621 1483 5691 Εὑαγγελίῳ,
1515 5622 1594 5683 τὸ,
1635 5640 1651 5670 ι
1694 5620 1766 5672 Οὐ
1814 5622 1917 5683 πᾶς
1958 5622 1986 5673 ὁ

420 5711 591 5780 λέγων
627 5730 736 5784 μοι,
767 5715 935 5786 Κύριε
953 5758 966 5781 ,
992 5716 1185 5787 Κύριε,
1216 5712 1574 5767 εἰσελεύσεται
1610 5715 1686 5776 είς
1709 5713 1805 5781 τὴν
1831 5712 1985 5781 βασι-

494 5857 535 5889 ¹¹
562 5855 744 5910 Matth.
782 5875 876 5925 \‘ll,
910 5859 997 5914 2|.

2155 4684 2324 4739 Vens.
2376 4683 2430 4738 5.
2478 4680 2666 4736 Talem
2722 4690 2776 4736 te
2829 4679 3107 4751 praebuisti
3147 4679 3230 4735 vel
3281 4693 3310 4731 a
3345 4677 3655 4748 principio;

2087 4774 2369 4831 derelictis
2400 4774 2634 4845 legibus,
2663 4788 2785 4842 quae
2809 4780 3005 4827 natura
3033 4770 3187 4825 vobis
3212 4769 3430 4824 fuerant
3453 4769 3652 4834 insitae,

2088 4867 2238 4935 leges
2274 4880 2305 4919 a
2356 4880 2442 4919 me
2472 4864 2784 4919 extorsistis
2815 4861 3047 4933 lapideis
3080 4861 3283 4917 tabulis
3319 4861 3651 4933 inscriptas;

2087 4957 2233 5029 quod
2261 4957 2375 5027 jam
2403 4956 2617 5028 Moyses
2645 4954 3198 5018 vobis’exnrobravit,
3230 4961 3285 5010 et
3312 4955 3657 5010 contumeliae

2090 5051 2267 5105 vertit.

2092 5122 2177 5142 .m—

2164 5163 2329 5220 Vsns.
2352 5163 2403 5218 7.
2425 5164 2637 5217 Rursus
2652 5161 2830 5215 ﬁctam
2848 5176 3035 5216 eorum
3057 5160 3214 5216 ﬁdem
3233 5160 3653 5230 reprehendens,

2094 5257 2243 5312 dicta
2298 5271 2488 5312 eorum
2556 5254 2776 5311 refert:
2814 5252 2898 5308 Ne
2944 5254 3123 5316 dicas,
3180 5253 3363 5322 inquit
3409 5272 3422 5309 :
3477 5251 3655 5306 Etiam

2091 5349 2209 5404 nari
2238 5366 2320 5403 ea.
2380 5347 2529 5402 Licet
2563 5362 2625 5403 ea
2674 5346 2893 5402 novisse
2935 5344 3302 5408 contendatis,
3340 5344 3457 5414 ipsa
3494 5358 3660 5413 Opera

2090 5451 2275 5497 vestra
2333 5456 2430 5496 vos
2485 5454 2547 5495 ea
2612 5438 2953 5509 ignoravisse
2999 5436 3429 5497 conﬁrmabunt.
3496 5436 3659 5490 sicuti

2091 5534 2358 5602 scriptum
2394 5539 2479 5587 est
2534 5532 2588 5585 in
2650 5528 2944 5600 Evangelia
2978 5547 2990 5581 :
3049 5526 3172 5582 Non
3203 5528 3370 5582 omnis
3400 5527 3490 5596 qui
3531 5526 3659 5579 dicit

2092 5626 2244 5690 mihi,
2283 5623 2541 5685 Domine,
2580 5622 2828 5686 Domine,
2881 5619 3102 5674 intrabit
3133 5621 3188 5674 in
3241 5635 3457 5689 regnum
3504 5617 3661 5671 σιτίο-

2094 5734 2210 5771 rum
2243 5718 2320 5783 ²¹;
2361 5732 2454 5770 ore
2482 5714 2700 5786 quidem
2732 5721 2784 5769 et
2825 5713 3005 5783 lingua
3039 5727 3126 5768 me
3159 5709 3516 5777 conﬁtemini,
3552 5723 3661 5764 non
