4138 6434
488 363 627 419 1547

485 482 669 529 autem
734 471 847 525 haec
911 468 1105 525 aﬂectu
1167 473 1223 521 et
1276 463 1445 518 animi
1514 464 1697 518 studio
1739 461 1974 518 sentitis.

1674 349 2024 402 THILUUUKI
2058 348 2580 400 HEKAULILILNSIS

2074 462 2122 519 Α
2148 457 2295 513 λείαν
2323 460 2430 514 τῶν
2462 462 2706 533 οὐρανῶν
2726 479 2739 493 ο
2774 480 2792 513 ι
2828 462 2969 517 κατὰ
3018 462 3295 534 προφορὰν
3331 460 3430 532 μὲν
3471 461 3549 516 τῶ
3588 461 3734 536 λόγῳ

3596 349 3733 406 1548

483 562 902 637 όμολογοῦντων,
937 557 1011 631 μὴ
1044 558 1149 630 μὴν
1175 556 1410 611 διαθέσει
1439 554 1535 607 καὶ
1565 554 1751 625 ἀγάπῃ
1782 553 1959 624 ψυχῆς
1985 549 2154 603 ταῦτα
2182 552 2541 624 φρονούντων.

560 699 720 754 Vsus.
755 697 843 752 10.
876 693 996 748 Noli
1018 693 1201 748 dicere
1223 701 1279 747 te
1302 698 1527 763 propter
1556 695 1839 760 argentum
1863 692 1919 739 et
1948 698 2055 739 aere
2096 720 2099 723 -

486 791 617 846 dato
647 806 679 845 a
716 803 803 844 me
834 788 1003 843 fuisse
1032 785 1347 851 venditum;
1387 797 1515 837 nam
1548 780 1730 852 potius
1759 785 1818 831 tu
1862 783 2049 831 temet-

485 885 603 956 ipse
630 879 946 945 vendidisti,
977 893 1087 933 non
1110 886 1333 947 propter
1364 875 1651 945 pecuniam
1679 870 1922 942 quidem,
1954 867 2053 926 sed

477 982 707 1048 propter
734 972 977 1029 admissa
1006 978 1100 1024 tua
1128 977 1371 1040 peccata.
1401 966 1510 1023 Nec
1537 962 1930 1020 imbecillitatis
1965 977 2052 1018 me

482 1069 704 1123 incuses
730 1062 1108 1137 prodigiorum
1138 1074 1367 1125 memor,
1407 1073 1529 1129 quae
1558 1056 1782 1112 fuerunt
1803 1056 1859 1110 in
1882 1054 2050 1127 Egy-

479 1147 584 1228 pto‘
601 1157 768 1220 edita,
798 1165 854 1212 et
879 1155 1160 1212 servitutis
1183 1159 1376 1208 vestra:
1398 1149 1540 1222 apud
1567 1148 1873 1221 Egyptios.
1894 1147 2053 1202 Nunc

479 1258 665 1304 tamen
716 1263 904 1303 eruam
956 1254 1016 1301 te
1072 1262 1140 1301 ex
1207 1244 1523 1315 captivitate
1574 1250 1800 1314 propter
1849 1256 2050 1298 nomen

480 1355 700 1406 meum,
742 1355 809 1395 ne
840 1340 1034 1393 tradito
1063 1347 1115 1392 te
1154 1343 1507 1407 peccatorum
1547 1348 1747 1398 causa,
1791 1341 1847 1389 et
1899 1336 2050 1389 omni

483 1443 581 1501 spe
611 1431 905 1494 destituto,
943 1428 1087 1482 idola
1121 1427 1352 1499 gloriam
1387 1440 1563 1481 meam
1600 1434 1902 1495 usurpent,
1936 1424 2047 1479 im-

480 1522 740 1595 potentia:
769 1536 854 1576 me
882 1520 1186 1591 arguentia,
1216 1519 1378 1590 quasi
1412 1518 1573 1575 vobis
1600 1518 1907 1574 libertatem
1944 1516 2052 1572 lar-

481 1614 585 1685 giri
613 1628 719 1668 non
748 1628 987 1683 possem.

551 1722 717 1780 Vens.
766 1725 851 1778 l2.
896 1726 1025 1792 Quae
1068 1726 1288 1796 quidem
1334 1724 1401 1780 ad
1449 1725 1712 1795 populum
1745 1722 2046 1789 dicuntur;

480 1815 574 1871 sed
624 1816 693 1871 ad
755 1818 1031 1875 hominem
1087 1819 1385 1890 quemlibet
1436 1826 1585 1873 recte
1643 1828 1707 1873 ea
1770 1816 2045 1873 retuleris.
2079 1837 2123 1894 Β

479 1907 739 1964 Hortatur
780 1911 944 1982 igitur
989 1911 1134 1968 Deus
1186 1912 1506 1974 audientes,
1533 1917 1593 1964 ut
1643 1910 1793 1965 dicta
1836 1908 2046 1964 intelli-

479 2011 639 2073 gant,
683 2011 739 2060 et
760 2004 1061 2077 condignos
1091 2006 1287 2060 exinde
1316 2008 1594 2074 excipiant
1629 2002 1862 2057 fructus.
1898 2000 2047 2056 ldem

477 2095 622 2148 enim
656 2111 774 2151 sum
796 2097 1043 2153 moribus
1062 2097 1155 2167 qui
1183 2105 1411 2164 natura;
1437 2104 1496 2150 ut
1530 2095 1808 2149 immutari
1838 2102 2049 2149 naturae

477 2201 611 2241 mea:
644 2202 753 2243 non
786 2197 888 2256 est,
916 2188 988 2243 ita
1018 2205 1120 2244 nec
1145 2189 1345 2245 mentis
1379 2204 1480 2245 nec
1511 2189 1877 2255 morum;~sed
1906 2188 2047 2244 idem

478 2291 736 2335 remaneo
748 2288 800 2335 et
825 2281 1084 2336 immotus
1102 2281 1157 2336 in
1170 2282 1563 2351 sempiternum
1577 2281 1821 2335 bonitate
1834 2296 1951 2336 mea
1971 2282 2049 2335 in-

475 2370 851 2443 signitus,qua
868 2379 922 2428 et
938 2388 967 2426 a
984 2373 1255 2444 principio
1286 2380 1484 2428 cuncta
1510 2374 1699 2439 edens,
1728 2389 1826 2445 per
1847 2372 2045 2428 Filium

475 2474 541 2513 ea
573 2461 629 2515 in
670 2462 843 2517 lucem
891 2464 1129 2534 protuli,
1159 2471 1213 2519 et
1244 2479 1342 2534 per
1382 2464 1562 2535 ipsum
1609 2480 1897 2521 conservo.
1932 2466 2047 2520 Ma-

475 2566 582 2606 nus
636 2552 780 2608 enim
837 2561 893 2609 et
949 2554 1172 2610 dextera
1212 2556 1415 2611 dicitur
1468 2556 1784 2630 unigenitus
1833 2556 2042 2622 Filius,

476 2644 667 2714 patriae
726 2646 925 2701 mentis
976 2647 1259 2717 minister;
1288 2649 1434 2705 unde
1476 2665 1607 2705 vere
1639 2651 1908 2720 sapientia
1950 2650 2046 2705 Dei

473 2745 649 2793 erstat
688 2741 999 2811 unigenitus
1036 2740 1211 2798 Filius
1241 2750 1294 2797 et
1319 2743 1554 2814 patriam
1596 2753 1832 2800 mentem
1865 2748 2047 2817 operi-

473 2827 573 2883 bus
598 2828 712 2883 suis
745 2829 1007 2887 declarat.

545 3026 710 3083 Vsus.
747 3030 829 3083 14.
866 3029 1079 3088 Rursus
1117 3033 1367 3091 homines
1393 3038 1661 3107 superbos
1694 3037 1886 3108 jubet,
1914 3056 2045 3095 con-

472 3119 707 3189 gregatis
735 3123 989 3191 gentibus
1020 3125 1281 3180 accedere
1305 3165 1320 3191 ,
1352 3134 1406 3180 et
1440 3130 1713 3185 recordari
1743 3147 1802 3187 se
1840 3133 1910 3187 ab
1935 3136 2043 3189 alio

469 3230 579 3270 non
613 3216 892 3287 accepisse
924 3217 1061 3275 istas
1092 3220 1507 3289 przedictiones,
1556 3239 1656 3279 nec
1682 3225 1849 3281 alium
1898 3244 2040 3297 prae-

468 3308 811 3365 nuntiavisse
837 3326 959 3380 quae
997 3312 1217 3382 longum
1250 3323 1374 3384 post
1403 3316 1663 3385 temporis
1693 3317 2040 3376 intervallum

465 3401 751 3469 evenient,
806 3405 912 3459 nisi
966 3404 1141 3475 ipsum
1197 3407 1362 3464 totius
1405 3409 1649 3465 universi
1693 3410 1901 3481 Deum,
1947 3417 2043 3486 qui

468 3495 816 3552 imminentes
863 3497 971 3553 illis
1004 3500 1345 3557 calamitates
1375 3502 1694 3575 denuntiat,
1731 3516 1787 3563 et
1834 3509 1901 3565 ad
1948 3525 2043 3567 sa-

467 3586 623 3641 niora
655 3603 953 3646 conversos
987 3591 1168 3647 denuo
1197 3594 1428 3651 solatur.

536 3719 1061 3780 VsnsJSMt-morat
1082 3727 1168 3782 hic
1191 3727 1334 3786 Deus
1353 3730 1624 3790 lsraelitas
1639 3744 1890 3791 votorum
1911 3754 2041 3794 suo-

465 3826 586 3865 rum
622 3811 795 3870 factos
833 3831 956 3872 esse
1000 3828 1301 3890 compotes.
1334 3823 1544 3896 Quippe
1582 3829 1675 3898 qui
1708 3844 1738 3882 a
1769 3829 2040 3888 Chaldaeis

466 3903 629 3958 toties
667 3907 915 3975 oppressi
956 3915 1009 3962 et
1049 3912 1235 3979 praelia
1293 3913 1396 3969 fusi
1446 3933 1608 3987 quam
1649 3919 2041 3980 ardentissime

464 3995 673 4049 cladem
709 4013 896 4053 eorum
930 4000 1041 4055 licri
1070 4003 1477 4062 desiderabant.
1510 4010 1609 4065 Cui
1641 4011 1923 4070 desiderio
1948 4033 2038 4072 re-

465 4084 741 4153 spondens
796 4088 1028 4162 benigne
1082 4091 1259 4160 Deus,
1317 4096 1559 4153 declarat
1613 4116 1673 4156 se
1722 4118 1831 4158 non
1885 4106 2037 4176 justa

466 4190 684 4251 agentes
729 4180 1062 4250 defendisse,
1091 4186 1186 4243 sed
1225 4197 1448 4259 propter
1470 4207 1646 4262 genus
1676 4203 1889 4254 amatos
1920 4215 2039 4257 ser-

463 4274 676 4329 vavisse
704 4283 897 4330 contra
925 4276 1299 4335 Chaldaeorum
1328 4282 1609 4343 incursus.

2226 686 2623 759 Παραδεδόσθαι
2678 687 2733 741 δὲ
2781 689 2842 742 οὐ
2895 689 3089 761 φήσεις
3139 689 3215 752 ὡς
3262 690 3387 761 ἐμοὶ
3441 692 3735 749 ἐκτιννύων

2157 777 2334 850 χρέος,
2367 778 2474 832 οὐδ’
2518 778 2594 840 ὡς
2627 778 2888 850 ἀργύριον
2924 781 3024 851 μοῦ
3073 781 3459 852 κομιζομένου·
3501 785 3733 858 ἐπιγρά-

2155 869 2276 938 ψεις
2302 869 2359 922 δὲ
2388 869 2566 940 ἐαυτῷ
2597 870 2790 923 σαυτὸν
2816 870 3135 943 πεπρακὼς,
3179 872 3301 927 ἀντὶ
3344 874 3607 947 ἀργυρίου
3635 878 3733 943 τὰς

2158 959 2352 1014 σαυτοῦ
2384 961 2656 1031 ἁμαρτίας
2687 962 2987 1033 προέμενος
3008 980 3021 992 ·
3057 963 3119 1016 οὐ
3144 962 3253 1034 γάρ
3284 966 3423 1037 ἐμῆς
3454 968 3734 1033 ἀσθενείας

2159 1054 2526 1126 καταδραμεῖς
2561 1053 2669 1107 τῶν
2715 1056 2773 1109 ἐν
2814 1055 3072 1129 Αἰγύπτῳ
3109 1057 3486 1129 μνημονεύσας
3518 1060 3735 1132 καὶτῆς

2157 1145 2534 1217 Αἰγυπτιακῆς
2569 1146 2811 1212 δουλείας
2858 1149 3155 1220 μνησθείς·
3209 1151 3343 1207 ἀλλά
3389 1154 3483 1207 καὶ
3525 1153 3620 1208 νῦν
3666 1155 3735 1208 δι’

2157 1236 2391 1308 ἐμαυτὸν
2417 1238 2517 1310 τὴν
2550 1239 2807 1295 ἐπάνοδόν
2851 1258 2933 1295 σοι
2979 1242 3077 1314 τὴν
3121 1245 3186 1299 ἐκ
3221 1246 3318 1317 τῆς
3358 1246 3734 1318 αἰχμαλωσίας

2156 1330 2471 1403 χαριοῦμαι,
2501 1332 2587 1385 ἵνα
2619 1333 2714 1404 μὴ,
2743 1335 3172 1407 παραδεδομένου
3196 1355 3290 1391 σου
3316 1338 3403 1394 διὰ
3432 1340 3530 1404 τὰς
3561 1341 3733 1412 ἀμαρ-

2154 1419 2295 1485 τίας,
2353 1423 2774 1495 σφετερίσωνται
2826 1425 2927 1498 τὴν
2982 1428 3119 1498 ἐμὴν
3175 1428 3331 1495 δόξαν
3390 1431 3459 1484 τὰ
3516 1429 3733 1495 εἴδωλα,

2152 1511 2457 1584 ἀδυναμίας
2521 1532 2622 1585 μου
2680 1517 3097 1591 καταδραμόντα
3120 1560 3134 1583 ,
3179 1519 3255 1585 ὡς
3313 1521 3387 1593 μὴ
3439 1521 3733 1593 δυνηθέντα

2104 1652 2107 1655 η
2152 1604 2280 1674 ὑμῖν
2313 1604 2625 1680 ἐλευθερίαν
2650 1610 2998 1682 χαρίσασθαι.

2223 1715 2303 1770 Τὰ
2338 1718 2435 1789 μὲν
2472 1719 2737 1791 λεγόμενα
2764 1721 2898 1792 πρὸς
2927 1724 3016 1777 τὸν
3044 1723 3191 1787 λαὸν,
3226 1714 3517 1797 μετάγεται
3546 1727 3603 1781 δὲ
3639 1722 3734 1781 καὶ

2150 1808 2231 1871 εἰς
2282 1808 2458 1863 πάντα
2510 1810 2812 1884 ἄνθρωπον.
2851 1814 2909 1868 Ὀ
2948 1816 3309 1881 τοίνυνΘεὸς
3352 1821 3609 1890 παραινεῖ
3651 1820 3734 1881 είς

2156 1902 2501 1973 συναίσθησιν
2542 1904 2652 1958 τῶν
2694 1905 2999 1978 λεγομένων
3043 1908 3296 1980 ἔρχεσθαι
3344 1914 3471 1975 τοὺς
3509 1910 3731 1965 ἀκούονι

2149 2009 2267 2058 τας,
2315 1995 2406 2049 καὶ
2457 1996 2557 2068 τὴν
2604 1997 2661 2065 ἐξ
2698 1999 2879 2053 αὐτῶν
2919 2001 3186 2070 ὠφέλειαν
3240 2002 3614 2075 καρποῦσθαιο
3673 2004 3732 2056 ’0

2149 2086 2308 2151 αὐτὸς
2340 2087 2447 2157 γάρ
2475 2091 2590 2160 εἰμι
2621 2089 2681 2144 τὸ
2722 2085 2874 2162 ἦθος,
2921 2091 3109 2166 ὥσπερ
3146 2089 3238 2149 οὖν
3278 2096 3373 2149 καὶ
3415 2096 3513 2167 τὴν
3539 2094 3728 2164 φύσινδ

2149 2178 2243 2231 καὶ
2265 2178 2341 2242 ὡς
2367 2180 2466 2233 οὐκ
2490 2179 2696 2236 ἔνεστιν
2726 2184 2783 2236 ἐν
2809 2186 2875 2255 τῇ
2909 2184 3065 2253 φύσει
3095 2185 3190 2258 τὴν
3217 2185 3421 2259 τροπὴν
3453 2186 3727 2252 δέξασθαι,

2148 2269 2321 2334 οὕτως
2351 2271 2471 2325 οὐδὲ
2514 2275 2570 2326 ἐν
2601 2276 2667 2345 τῇ
2699 2273 2891 2348 γνώμῃ
2914 2293 2974 2329 τε
3014 2277 3110 2331 καὶ
3148 2277 3225 2348 τῷ
3254 2278 3393 2349 seu,
3428 2278 3542 2333 ἀλλ’
3576 2280 3605 2332 6
3641 2281 3733 2334 αύ-

2147 2362 2237 2427 τδς
2275 2365 2353 2427 εἰς
2395 2363 2482 2417 ἀεὶ
2521 2363 2617 2429 ὣν,
2651 2366 2758 2420 ἀπὸ
2788 2367 3125 2440 ἀγαθότητος
3158 2369 3518 2442 γνωρίζομαι,
3545 2372 3637 2441 ἀφ’
3661 2368 3731 2445 ἦς

2148 2457 2241 2509 καὶ
2269 2455 2367 2528 τὴν
2392 2458 2560 2529 ἀρχὴν
2585 2457 2653 2511 τὰ
2685 2458 2861 2514 πάντα
2893 2462 3295 2535 ἐτεκτηνάμην,
3336 2466 3393 2517 ἐν
3422 2464 3537 2536 Υίῷ
3560 2464 3729 2518 ταῦτα

2145 2548 2343 2616 δείξας,
2373 2550 2468 2604 καὶ
2505 2551 2572 2604 δι’
2612 2553 2775 2606 αὐτοῦ
2810 2555 3275 2628 ὑποστησάμενος.
3311 2557 3451 2630 Χεὶρ
3494 2559 3601 2631 γὰρ
3633 2558 3729 2612 καὶ

2145 2641 2292 2706 δεξιά
2314 2644 2341 2696 6
2381 2644 2672 2716 μονογενὴς
2711 2645 2836 2710 Υἱὸς
2878 2646 3147 2713 λέλεκται,
3192 2649 3485 2722 πληρωτὴς
3513 2648 3587 2705 ῶν
3618 2649 3728 2703 τῶν

2148 2734 2425 2806 πατρικῶν
2463 2737 2700 2800 ἐννοιῶν,
2734 2738 2809 2802 ὡς
2838 2734 2975 2793 εἶναι
3009 2740 3212 2814 κυρίως
3244 2742 3437 2813 σοφίαν
3469 2744 3562 2798 τοῦ
3589 2736 3725 2798 Θεοῦ

2146 2826 2237 2880 τὸν
2273 2828 2532 2899 μονογενῆ
2573 2828 2721 2893 Υίὸν,
2759 2831 3161 2901 σαφηνίζουσαν
3197 2833 3295 2897 τὰς
3330 2835 3602 2908 πατρικὰς
3638 2837 3728 2890 ἐν·

2146 2917 2294 2981 νοίας
2325 2919 2382 2971 ἐν
2409 2922 2523 2983 τοῖς
2551 2920 2642 2973 ὑπ’
2670 2920 2834 2974 αὐτοῦ
2862 2923 3166 2995 γινομένοις
3191 2924 3393 2996 ἔργοις.

2218 3053 2386 3106 Πάλιν
2417 3054 2544 3119 τοὺς
2580 3056 2720 3127 μέγα
2758 3056 3087 3130 φρονοῦντας
3109 3060 3166 3112 ἐν
3198 3060 3394 3129 γνώσει
3426 3060 3533 3115 τῶν
3555 3060 3726 3117 ἐθνῶν

2149 3148 2399 3217 παρεῖναι
2446 3146 2830 3220 προτρέπεται,
2866 3149 2960 3203 καὶ
2997 3152 3136 3205 κατά
3186 3151 3308 3205 νοῦν
3340 3152 3722 3224 ἐκλαμϐάνειν,

2143 3237 2217 3302 ὡς
2244 3240 2302 3292 οὑ
2336 3239 2464 3311 παρ’
2493 3240 2679 3313 ἐτέρου
2701 3241 2903 3307 ταύτας
2933 3243 3030 3308 τὰς
3058 3243 3481 3316 προαγορεύσεις
3519 3240 3728 3317 ἐξειλή-

2145 3346 2335 3401 φεσαν,
2376 3331 2496 3385 οὐδέ
2538 3350 2622 3397 τις
2667 3333 2734 3387 τά
2784 3335 2922 3405 μετά
2972 3335 3200 3401 πολλοὺς
3245 3336 3475 3409 χρόνους
3502 3339 3729 3411 γενησό-

2146 3441 2281 3494 μενα
2313 3423 2630 3497 προύλεγεν,
2655 3426 2771 3479 ἀλλ’
2814 3427 2976 3492 αὐτὸς
3003 3423 3072 3499 ἦν
3099 3430 3128 3482 6
3155 3428 3262 3483 τῶν
3288 3430 3427 3485 ὅλων
3469 3431 3599 3497 Θεὸς
3632 3430 3729 3507 καὶ

2143 3516 2423 3587 προλέγων
2476 3518 2544 3572 τὰ
2592 3517 3015 3590 καταληψόμενα
3072 3520 3269 3585 αὐτοὺς
3314 3521 3588 3596 δυσχερῆ,
3636 3525 3730 3579 καὶ

2145 3609 2305 3662 πάλιν
2341 3609 2775 3681 μετατιθεμένων
2801 3610 3255 3683 ἀνακαλούμενος.

2229 3743 2663 3814 ’Υπομιμνήσκει
2694 3741 2891 3806 αὐτοὺς
2925 3744 3156 3798 ἐνταῦθα
3181 3746 3278 3818 τῆς
3306 3746 3516 3812 οἰκείας
3549 3748 3728 3803 αὐτῶν

2146 3835 2438 3907 ἐπιθυμίας
2474 3836 2555 3899 είς
2602 3834 2763 3907 ἔργον
2803 3838 3257 3911 πῳχωρησάσης.
3289 3839 3411 3893 Τῶν
3439 3841 3547 3913 γὰρ
3572 3841 3731 3896 Χαλ-

2146 3925 2308 3981 δαίων
2358 3926 2645 3982 θλιϐόντων
2681 3927 2768 3981 ἀεὶ
2811 3928 2901 3983 τὸν
2938 3930 3154 4003 Ἰσραὴλ
3198 3932 3293 3984 καὶ
3336 3933 3729 4005 ἐπιτιθεμένων

2145 4019 2323 4082 αὐτοῖς
2352 4020 2407 4072 ἐν
2436 4018 2824 4090 παρατάξεσιν,
2854 4022 3119 4094 ἐπιθυμία
3146 4018 3213 4094 ἦν
3236 4022 3332 4077 τοῦ
3369 4025 3582 4099 Ἰσραὴλ
3610 4025 3728 4078 τού-

2144 4128 2270 4175 τους
2300 4112 2451 4183 παρά
2475 4110 2568 4166 τοῦ
2597 4111 2733 4165 Θεοῦ
2764 4112 3121 4187 διαφθαρῆναι
3138 4134 3151 4148 ·
3174 4120 3202 4171 6
3225 4118 3406 4173 τοίνυν
3433 4119 3585 4183 Θεὸς,
3616 4119 3726 4172 ἀπὸ

2145 4205 2476 4277 ἀγαθὸτητος
2502 4204 2777 4260 καὶτοῦτο
2797 4208 2877 4271 εἰς
2899 4206 3059 4279 ἔργον
3086 4209 3313 4281 ἐκϐῆναι
3340 4211 3720 4283 συγχωρήσας,

2146 4299 2553 4369 ὑπομιμνήσκει
2599 4297 2815 4361 αὐτοὺς,
2853 4297 2928 4363 ὡς
2968 4300 3029 4353 οὐ
3072 4301 3599 4375 δικαιοπραγούντων
3626 4303 3727 4355 αὑ*

460 4361 567 4414 τῶν
602 4364 940 4433 ἀντελάϐετο,
969 4368 1083 4422 ἀλλ’
1109 4372 1297 4442 ἀγάπῃ
1327 4377 1393 4446 τῇ
1433 4378 1561 4448 περὶ
1586 4378 1647 4432 τὺ
1673 4382 1844 4450 γένος,
1877 4387 2005 4453 τοὺς
2024 4361 2331 4454 Χαλδαίους
2352 4361 2446 4443 τοῦ
2477 4388 2733 4462 πολεμεῖν
2761 4361 3048 4446 ἐκώλυσεν.

538 4497 695 4556 Vens.
737 4500 825 4556 16.
858 4500 957 4557 Hic
995 4503 1259 4562 describit
1295 4511 1573 4580 propheta:
1605 4529 1787 4572 sermo
1819 4517 2035 4576 Domini

2227 4530 2488 4584 Ἐνταῦθα
2517 4525 2608 4583 τοῦ
2656 4530 2933 4603 προφήτου
2980 4533 3029 4585 οἱ
3076 4532 3221 4603 λόγοι
3254 4532 3579 4588 Δεσποτικὺν
3604 4532 3727 4598 ἔθος

459 4589 710 4648 allectus.
758 4591 891 4659 Quae
938 4598 1084 4650 enim
1137 4597 1206 4651 ad
1251 4601 1517 4670 populum
1570 4619 1680 4659 non
1730 4607 1785 4661 in
1822 4612 2038 4680 angulis

2146 4623 2503 4694 μιμούμενοι·
2560 4589 2837 4693 λελέχθαι’
2864 4625 2973 4696 γάρ
3020 4589 3194 4680 ταῦτα
3252 4626 3401 4696 λέγει
3448 4625 3585 4698 πρὸς
3633 4589 3727 4679 τὸν

458 4683 607 4738 dicta
646 4692 774 4740 sunt
812 4694 903 4740 aut
944 4688 999 4741 in
1030 4689 1374 4756 abscondito,
1421 4694 1516 4748 sed
1552 4710 1738 4750 coram
1782 4702 2039 4760 omnibus

456 4783 514 4831 et
569 4777 749 4845 palam
804 4779 1016 4847 prolata
1064 4780 1311 4838 fuerunt.
1371 4782 1506 4839 Nam
1570 4795 1775 4843 certam
1830 4790 2038 4851 habens

461 4869 577 4939 ipse
610 4869 806 4924 horum
850 4872 1100 4926 notitiam
1133 4873 1201 4928 ad
1252 4891 1351 4931 vos
1397 4878 1619 4935 locutus
1649 4896 1773 4936 sum
1805 4890 1860 4938 et
1890 4901 2038 4941 nunc

459 4977 569 5017 non
600 4977 759 5018 cesso
792 4963 935 5019 idem
991 4965 1204 5024 faciens
1243 4984 1344 5038 pro
1380 4980 1561 5027 vestra
1596 4974 1806 5039 salute;
1844 4975 2036 5033 Domi-

458 5070 565 5111 nus
592 5056 738 5110 enim
763 5056 914 5113 misit
934 5072 1021 5113 me
1039 5099 1053 5125 ,
1083 5068 1139 5115 et
1167 5060 1309 5116 alllat
1338 5061 1578 5133 Spiritus
1609 5075 1858 5124 sanctus.

524 5251 691 5310 Vens.
721 5254 812 5310 Π.
842 5254 1089 5326 Ingratos
1125 5258 1344 5315 illorum
1373 5264 1589 5319 animos
1623 5281 1822 5321 rursus
1848 5268 2033 5323 incre-

454 5360 594 5415 pans
625 5348 907 5404 servitutis
936 5349 1313 5421 depulsionem
1338 5366 1627 5411 memorat.
1652 5358 1763 5429 Age
1782 5400 1798 5422 ,
1827 5361 2031 5430 inquit,

456 5438 806 5496 Conditorem
851 5450 1004 5497 tuum
1044 5460 1151 5500 non
1182 5449 1489 5517 agnovisti,
1530 5451 1789 5523 dirigenti
1818 5461 1873 5508 et
1914 5455 2034 5525 pla-

457 5531 656 5584 smauti
684 5539 741 5587 te
765 5548 875 5587 non
908 5543 1087 5591 mente
1109 5538 1410 5607 inservisti,
1431 5558 1561 5596 num
1584 5553 1639 5599 et
1666 5558 1947 5601 eruentem
1981 5556 2033 5603 te

455 5635 523 5675 ex
561 5619 796 5693 Egypto
841 5625 1127 5685 fastidies?
1168 5631 1281 5702 Ego
1306 5650 1434 5690 vero
1486 5638 1579 5706 qui
1638 5638 1787 5693 istud
1842 5638 2027 5703 ell'eci,

458 5709 599 5764 idem
640 5714 818 5769 adhuc
853 5731 974 5773 sum
1015 5739 1029 5775 :
1062 5722 1270 5777 nullam
1312 5727 1637 5795 praetermisi
1678 5729 2028 5785 occasionem

456 5799 554 5856 tibi
590 5815 652 5857 ea
703 5807 1121 5866 commcndandi
1154 5826 1273 5879 qua:
1321 5816 1509 5891 saluti
1539 5832 1662 5874 esse
1706 5820 2021 5887 potuerint,

2140 4712 2267 4768 λαὸν
2292 4715 2353 4768 ού
2382 4714 2522 4767 κατὰ
2560 4712 2764 4783 γωνίας
2792 4714 2913 4770 οὐδὲ
2948 4719 3006 4771 ἐν
3037 4718 3393 4790 παραϐύστῳ,
3430 4717 3565 4773 ἀλλὰ
3588 4718 3727 4792 πρὸς

2141 4812 2347 4870 πάντας
2377 4807 2470 4859 καὶ
2507 4808 2564 4859 ὲν
2596 4807 2671 4878 τῷ
2699 4808 2936 4882 φανερῷ.
2969 4810 3079 4864 Καὶ
3109 4809 3218 4882 γὰρ
3243 4811 3406 4875 αὐτὸς
3429 4811 3561 4882 ἐγὼ,
3589 4811 3725 4881 ἀλὴο

2142 4915 2303 4969 ρητον
2327 4897 2464 4968 ἔχων
2490 4896 2585 4969 τὴν
2612 4898 2816 4954 τούτων
2844 4896 3067 4971 γνῶσιν,
3094 4902 3392 4975 ἐποιούμην
3420 4904 3546 4967 τοὺς
3588 4900 3727 4974 πρὸς

2140 4989 2284 5060 ὑμᾶς
2307 4990 2525 5059 λόγους·
2560 4988 2621 5044 τὸ
2649 4991 2694 5045 δ’
2723 4988 2853 5046 αὐτὸ
2892 4990 2988 5046 καὶ
3038 4992 3133 5046 νῦν
3174 4992 3344 5047 ποιῶν
3384 4995 3445 5047 οὐ
3480 4993 3725 5065 παύομαι

2140 5080 2276 5151 πρὸς
2308 5081 2580 5153 ὑμετέραν
2610 5081 2909 5152 ὠφέλειανο
2949 5082 3083 5147 Θεὸς
3123 5083 3232 5153 γάρ
3281 5085 3430 5137 ἐστιν
3486 5087 3515 5138 6
3567 5084 3727 5157 πέμ-

2138 5190 2275 5238 πων,
2304 5172 2643 5245 ὑπηχοῦντος
2679 5173 2774 5227 τοῦ
2814 5174 3131 5245 Πνεύματος
3157 5174 3251 5228 τοῦ
3276 5176 3461 5245 ἁγίου.

2208 5265 2376 5321 Πάλιν
2410 5265 2689 5338 ἐντρέπων
2718 5267 2916 5331 αὐτοὺς
2946 5267 3035 5321 διὰ
3067 5266 3165 5339 τὴν
3196 5268 3505 5343 προσοῦσαν
3542 5269 3727 5333 αὐτοῖς

2137 5359 2548 5432 ἀγνωμοσύνην,
2561 5359 2881 5431 λυτρώσεως
2898 5361 3188 5431 μέμνηται.
3198 5361 3379 5415 Ἔστω
3392 5362 3522 5431 γὰρ,
3538 5379 3610 5432 φη
3619 5362 3725 5426 σἰν,

2134 5445 2179 5503 ὦ
2222 5451 2453 5523 Ἰσραὴλ,
2494 5451 2751 5505 ποιοῦντα
2794 5452 2893 5505 οὐκ
2936 5452 3266 5520 ἐγίνωσκες,
3306 5453 3728 5525 δημιουργοῦντι

2136 5546 2229 5597 καὶ
2268 5543 2554 5597 πλάττοντι
2601 5560 2660 5597 σε
2699 5543 2759 5596 οὐ
2791 5544 3218 5617 παρηκολούθεις
3250 5547 3315 5616 τῇ
3349 5545 3567 5614 γνώσει,
3590 5545 3726 5616 μηδὲ

2133 5636 2495 5708 λυτρουμένου
2532 5652 2626 5689 σου
2666 5634 2725 5702 ἐξ
2759 5637 3037 5705 Αἰγύπτου
3067 5637 3167 5690 οὐκ
3206 5637 3479 5707 ᾐσθάνου;
3521 5638 3581 5691 '0
3612 5638 3727 5690 τοί-

2132 5747 2225 5782 νυν
2271 5729 2330 5782 τὸ
2380 5730 2587 5782 τέλειον
2639 5729 3003 5802 εὐεργετήσας
3043 5730 3160 5801 είμὶ
3210 5732 3239 5783 6
3276 5732 3472 5794 αὐτός’
3520 5730 3724 5803 μηδένα

2131 5821 2321 5889 καιρὸν
2373 5819 2787 5892 παραλελοιπὼς
2832 5821 3113 5887 νουθεσίας
3164 5821 3273 5876 τῶν
3328 5822 3726 5881 συντελούντων
