  <div class='ocr_page' id='page_1' title='image "/cluster/home/n/w/nwhite01/storage/ocr_20150623/18/coo.31924054872985/688.png"; bbox 0 0 4138 6492; ppageno 0'>
   <div class='ocr_carea' id='block_1_1' title="bbox 457 366 595 421">
    <p class='ocr_par' dir='ltr' id='par_1_1' title="bbox 457 366 595 421">
     <span class='ocr_line' id='line_1_1' title="bbox 457 366 595 421; baseline 0.014 -2"><span class='ocrx_word' id='word_1_1' title='bbox 457 366 478 419; x_wconf 80' lang='grc'><strong>1</strong></span> <span class='ocrx_word' id='word_1_2' title='bbox 494 366 595 421; x_wconf 65' lang='grc'>569</span> 
     </span>
    </p>
   </div>
   <div class='ocr_carea' id='block_1_2' title="bbox 1852 371 2209 429">
    <p class='ocr_par' dir='ltr' id='par_1_2' title="bbox 1852 371 2209 429">
     <span class='ocr_line' id='line_1_2' title="bbox 1852 371 2209 429; baseline 0.011 -5"><span class='ocrx_word' id='word_1_3' title='bbox 1852 371 1918 427; x_wconf 83' lang='grc' dir='ltr'>ΙΝ</span> <span class='ocrx_word' id='word_1_4' title='bbox 1956 371 2209 429; x_wconf 62' lang='grc' dir='ltr'>ιδΑιΑδι.</span> 
     </span>
    </p>
   </div>
   <div class='ocr_carea' id='block_1_3' title="bbox 3567 384 3703 441">
    <p class='ocr_par' dir='ltr' id='par_1_3' title="bbox 3567 384 3703 441">
     <span class='ocr_line' id='line_1_3' title="bbox 3567 384 3703 441; baseline 0.015 -2"><span class='ocrx_word' id='word_1_5' title='bbox 3567 384 3703 441; x_wconf 72' lang='grc'>1530</span> 
     </span>
    </p>
   </div>
   <div class='ocr_carea' id='block_1_4' title="bbox 449 478 2026 562">
    <p class='ocr_par' dir='ltr' id='par_1_4' title="bbox 449 478 2026 552">
     <span class='ocr_line' id='line_1_4' title="bbox 449 478 2026 552; baseline 0.001 -20"><span class='ocrx_word' id='word_1_6' title='bbox 449 497 533 532; x_wconf 79' lang='grc' dir='ltr'>σοι</span> <span class='ocrx_word' id='word_1_7' title='bbox 586 478 720 548; x_wconf 68' lang='grc' dir='ltr'>πρὸς</span> <span class='ocrx_word' id='word_1_8' title='bbox 756 479 1045 550; x_wconf 80' lang='grc' dir='ltr'>σωτηρίαν,</span> <span class='ocrx_word' id='word_1_9' title='bbox 1094 478 1208 534; x_wconf 76' lang='grc' dir='ltr'>ἀλλ’</span> <span class='ocrx_word' id='word_1_10' title='bbox 1239 478 1582 546; x_wconf 78' lang='grc' dir='ltr'>αὐτεξούσιόν</span> <span class='ocrx_word' id='word_1_11' title='bbox 1624 494 1680 532; x_wconf 84' lang='grc' dir='ltr'>σε</span> <span class='ocrx_word' id='word_1_12' title='bbox 1722 481 2026 552; x_wconf 81' lang='grc' dir='ltr'>πεποιηκὼς</span> 
     </span>
    </p>
   </div>
   <div class='ocr_carea' id='block_1_5' title="bbox 2125 478 3701 562">
    <p class='ocr_par' dir='ltr' id='par_1_5' title="bbox 2140 481 3701 562">
     <span class='ocr_line' id='line_1_5' title="bbox 2140 481 3701 562; baseline 0.008 -25"><span class='ocrx_word' id='word_1_13' title='bbox 2140 481 2235 537; x_wconf 84' lang='lat' dir='ltr'>sed</span> <span class='ocrx_word' id='word_1_14' title='bbox 2267 481 2499 536; x_wconf 87' lang='lat' dir='ltr'><strong>liberum</strong></span> <span class='ocrx_word' id='word_1_15' title='bbox 2542 489 2596 537; x_wconf 86' lang='lat' dir='ltr'><strong>te</strong></span> <span class='ocrx_word' id='word_1_16' title='bbox 2625 484 2921 551; x_wconf 75' lang='lat' dir='ltr'><strong>constitui,</strong></span> <span class='ocrx_word' id='word_1_17' title='bbox 2959 500 3043 541; x_wconf 87' lang='lat' dir='ltr'>me</span> <span class='ocrx_word' id='word_1_18' title='bbox 3076 502 3252 553; x_wconf 81' lang='lat' dir='ltr'><strong>nuce,</strong></span> <span class='ocrx_word' id='word_1_19' title='bbox 3285 504 3370 544; x_wconf 87' lang='lat' dir='ltr'><strong>me</strong></span> <span class='ocrx_word' id='word_1_20' title='bbox 3408 506 3579 562; x_wconf 88' lang='lat' dir='ltr'><strong>usque</strong></span> <span class='ocrx_word' id='word_1_21' title='bbox 3609 495 3701 550; x_wconf 90' lang='lat' dir='ltr'>de-</span> 
     </span>
    </p>
   </div>
   <div class='ocr_carea' id='block_1_6' title="bbox 448 567 2025 641">
    <p class='ocr_par' dir='ltr' id='par_1_6' title="bbox 448 567 2025 641">
     <span class='ocr_line' id='line_1_6' title="bbox 448 567 2025 641; baseline 0.001 -18"><span class='ocrx_word' id='word_1_22' title='bbox 448 567 835 639; x_wconf 81' lang='grc' dir='ltr'>ὑφηγησάμην,</span> <span class='ocrx_word' id='word_1_23' title='bbox 880 570 970 622; x_wconf 81' lang='grc' dir='ltr'>καὶ</span> <span class='ocrx_word' id='word_1_24' title='bbox 1012 569 1078 623; x_wconf 77' lang='grc' dir='ltr'>τὰ</span> <span class='ocrx_word' id='word_1_25' title='bbox 1125 570 1374 641; x_wconf 81' lang='grc' dir='ltr'>πρακτέα</span> <span class='ocrx_word' id='word_1_26' title='bbox 1418 570 1513 623; x_wconf 73' lang='lat' dir='ltr'>ml.</span> <span class='ocrx_word' id='word_1_27' title='bbox 1563 568 1633 622; x_wconf 87' lang='grc' dir='ltr'>τά</span> <span class='ocrx_word' id='word_1_28' title='bbox 1679 571 2025 641; x_wconf 86' lang='grc' dir='ltr'>συμφέροντὰ</span> 
     </span>
    </p>
   </div>
   <div class='ocr_carea' id='block_1_7' title="bbox 450 657 2021 733">
    <p class='ocr_par' dir='ltr' id='par_1_7' title="bbox 450 657 2021 733">
     <span class='ocr_line' id='line_1_7' title="bbox 450 657 2021 733; baseline 0.001 -21"><span class='ocrx_word' id='word_1_29' title='bbox 450 677 531 712; x_wconf 89' lang='grc' dir='ltr'>σοι</span> <span class='ocrx_word' id='word_1_30' title='bbox 566 657 820 723; x_wconf 78' lang='grc' dir='ltr'>ὑπέδειξα</span> <span class='ocrx_word' id='word_1_31' title='bbox 843 676 855 688; x_wconf 95' lang='grc'>·</span> <span class='ocrx_word' id='word_1_32' title='bbox 892 661 985 712; x_wconf 79' lang='grc' dir='ltr'>καὶ</span> <span class='ocrx_word' id='word_1_33' title='bbox 1029 660 1235 730; x_wconf 88' lang='grc' dir='ltr'>ταύτην</span> <span class='ocrx_word' id='word_1_34' title='bbox 1260 658 1556 714; x_wconf 86' lang='grc' dir='ltr'>ὀδεύσαντά</span> <span class='ocrx_word' id='word_1_35' title='bbox 1587 677 1646 713; x_wconf 89' lang='grc' dir='ltr'>σε</span> <span class='ocrx_word' id='word_1_36' title='bbox 1687 659 1785 731; x_wconf 84' lang='grc' dir='ltr'>τὴν</span> <span class='ocrx_word' id='word_1_37' title='bbox 1817 660 2021 733; x_wconf 91' lang='grc' dir='ltr'>τρίϐον,</span> 
     </span>
    </p>
   </div>
   <div class='ocr_carea' id='block_1_8' title="bbox 447 750 2021 824">
    <p class='ocr_par' dir='ltr' id='par_1_8' title="bbox 447 750 2021 824">
     <span class='ocr_line' id='line_1_8' title="bbox 447 750 2021 824; baseline 0.002 -20"><span class='ocrx_word' id='word_1_38' title='bbox 447 751 699 813; x_wconf 76' lang='grc' dir='ltr'>ἐκκλίνας</span> <span class='ocrx_word' id='word_1_39' title='bbox 731 750 839 804; x_wconf 84' lang='grc' dir='ltr'>ἀπὸ</span> <span class='ocrx_word' id='word_1_40' title='bbox 862 751 960 820; x_wconf 83' lang='grc' dir='ltr'>τῆς</span> <span class='ocrx_word' id='word_1_41' title='bbox 984 751 1232 815; x_wconf 80' lang='grc' dir='ltr'>ἐναντίας</span> <span class='ocrx_word' id='word_1_42' title='bbox 1263 751 1627 824; x_wconf 82' lang='grc' dir='ltr'>προξενούσης</span> <span class='ocrx_word' id='word_1_43' title='bbox 1660 769 1741 805; x_wconf 91' lang='grc' dir='ltr'>σοι</span> <span class='ocrx_word' id='word_1_44' title='bbox 1777 752 2021 808; x_wconf 87' lang='grc' dir='ltr'>θάνατον.</span> 
     </span>
    </p>
   </div>
   <div class='ocr_carea' id='block_1_9' title="bbox 520 840 2027 915">
    <p class='ocr_par' dir='ltr' id='par_1_9' title="bbox 520 840 2027 915">
     <span class='ocr_line' id='line_1_9' title="bbox 520 840 2027 915; baseline 0.002 -21"><span class='ocrx_word' id='word_1_45' title='bbox 520 842 629 895; x_wconf 74' lang='grc' dir='ltr'>Καὶ</span> <span class='ocrx_word' id='word_1_46' title='bbox 670 842 833 894; x_wconf 84' lang='grc' dir='ltr'>τόπον</span> <span class='ocrx_word' id='word_1_47' title='bbox 879 842 971 895; x_wconf 80' lang='grc' dir='ltr'>καὶ</span> <span class='ocrx_word' id='word_1_48' title='bbox 1010 840 1210 913; x_wconf 83' lang='grc' dir='ltr'>τρόπον</span> <span class='ocrx_word' id='word_1_49' title='bbox 1262 842 1511 912; x_wconf 91' lang='grc' dir='ltr'>ἀμείϐειν</span> <span class='ocrx_word' id='word_1_50' title='bbox 1554 844 1750 906; x_wconf 82' lang='grc' dir='ltr'>αὐτοὺς</span> <span class='ocrx_word' id='word_1_51' title='bbox 1794 845 2027 915; x_wconf 86' lang='grc' dir='ltr'>συμϐου-</span> 
     </span>
    </p>
   </div>
   <div class='ocr_carea' id='block_1_10' title="bbox 447 931 2026 1006">
    <p class='ocr_par' dir='ltr' id='par_1_10' title="bbox 447 931 2026 1006">
     <span class='ocr_line' id='line_1_10' title="bbox 447 931 2026 1006; baseline 0.003 -21"><span class='ocrx_word' id='word_1_52' title='bbox 447 931 615 996; x_wconf 82' lang='grc' dir='ltr'>λεύει,</span> <span class='ocrx_word' id='word_1_53' title='bbox 640 931 797 985; x_wconf 83' lang='grc' dir='ltr'>τοῦτο</span> <span class='ocrx_word' id='word_1_54' title='bbox 830 933 926 1002; x_wconf 83' lang='grc' dir='ltr'>μὲν</span> <span class='ocrx_word' id='word_1_55' title='bbox 966 932 1458 1004; x_wconf 82' lang='grc' dir='ltr'>μετανισταμένους</span> <span class='ocrx_word' id='word_1_56' title='bbox 1485 936 1549 988; x_wconf 88' lang='grc' dir='ltr'>ἐκ</span> <span class='ocrx_word' id='word_1_57' title='bbox 1591 935 1689 1006; x_wconf 82' lang='grc' dir='ltr'>τῆς</span> <span class='ocrx_word' id='word_1_58' title='bbox 1710 935 2026 1001; x_wconf 83' lang='grc' dir='ltr'>Βαϐυλῶνος</span> 
     </span>
    </p>
   </div>
   <div class='ocr_carea' id='block_1_11' title="bbox 451 1024 2026 1098">
    <p class='ocr_par' dir='ltr' id='par_1_11' title="bbox 451 1024 2026 1098">
     <span class='ocr_line' id='line_1_11' title="bbox 451 1024 2026 1098; baseline 0.003 -21"><span class='ocrx_word' id='word_1_59' title='bbox 451 1026 545 1078; x_wconf 73' lang='grc' dir='ltr'>καὶ</span> <span class='ocrx_word' id='word_1_60' title='bbox 595 1024 1107 1096; x_wconf 87' lang='grc' dir='ltr'>καταλαμϐάνοντας</span> <span class='ocrx_word' id='word_1_61' title='bbox 1162 1025 1261 1095; x_wconf 83' lang='grc' dir='ltr'>τὴν</span> <span class='ocrx_word' id='word_1_62' title='bbox 1322 1025 1675 1098; x_wconf 82' lang='grc' dir='ltr'>Ἰερουσαλὴμ</span> <span class='ocrx_word' id='word_1_63' title='bbox 1699 1068 1715 1093; x_wconf 89' lang='grc'>,</span> <span class='ocrx_word' id='word_1_64' title='bbox 1765 1027 1923 1081; x_wconf 81' lang='grc' dir='ltr'>τοῦτο</span> <span class='ocrx_word' id='word_1_65' title='bbox 1969 1029 2026 1081; x_wconf 80' lang='grc' dir='ltr'>δὲ</span> 
     </span>
    </p>
   </div>
   <div class='ocr_carea' id='block_1_12' title="bbox 455 1116 2025 1187">
    <p class='ocr_par' dir='ltr' id='par_1_12' title="bbox 455 1116 2025 1187">
     <span class='ocr_line' id='line_1_12' title="bbox 455 1116 2025 1187; baseline 0.003 -17"><span class='ocrx_word' id='word_1_66' title='bbox 455 1116 619 1187; x_wconf 79' lang='grc' dir='ltr'>μηδὲν</span> <span class='ocrx_word' id='word_1_67' title='bbox 685 1117 981 1186; x_wconf 77' lang='grc' dir='ltr'>ἐπάγεσθαι</span> <span class='ocrx_word' id='word_1_68' title='bbox 1043 1118 1239 1181; x_wconf 80' lang='grc' dir='ltr'>αὐτοὺς</span> <span class='ocrx_word' id='word_1_69' title='bbox 1301 1116 1510 1171; x_wconf 78' lang='grc' dir='ltr'>τοιοῦτο</span> <span class='ocrx_word' id='word_1_70' title='bbox 1559 1118 1679 1183; x_wconf 80' lang='grc' dir='ltr'>ἔθος</span> <span class='ocrx_word' id='word_1_71' title='bbox 1731 1120 2025 1174; x_wconf 83' lang='grc' dir='ltr'>Χαλδαῖκὸν</span> 
     </span>
    </p>
   </div>
   <div class='ocr_carea' id='block_1_13' title="bbox 428 1208 2030 1283">
    <p class='ocr_par' dir='ltr' id='par_1_13' title="bbox 428 1208 2030 1283">
     <span class='ocr_line' id='line_1_13' title="bbox 428 1208 2030 1283; baseline 0.003 -22"><span class='ocrx_word' id='word_1_72' title='bbox 428 1209 854 1279; x_wconf 58' lang='grc' dir='ltr'>συμϐουλεύων,</span> <span class='ocrx_word' id='word_1_73' title='bbox 898 1208 1327 1280; x_wconf 84' lang='grc' dir='ltr'>προσανέχοντας</span> <span class='ocrx_word' id='word_1_74' title='bbox 1364 1210 1767 1283; x_wconf 79' lang='grc' dir='ltr'>είδωλολατρείᾳ</span> <span class='ocrx_word' id='word_1_75' title='bbox 1810 1212 1900 1265; x_wconf 76' lang='grc' dir='ltr'>καὶ</span> <span class='ocrx_word' id='word_1_76' title='bbox 1937 1214 2030 1265; x_wconf 80' lang='grc' dir='ltr'>οἰ·-</span> 
     </span>
    </p>
   </div>
   <div class='ocr_carea' id='block_1_14' title="bbox 451 1299 2027 1370">
    <p class='ocr_par' dir='ltr' id='par_1_14' title="bbox 451 1299 2027 1370">
     <span class='ocr_line' id='line_1_14' title="bbox 451 1299 2027 1370; baseline 0.003 -19"><span class='ocrx_word' id='word_1_77' title='bbox 451 1302 706 1370; x_wconf 84' lang='grc' dir='ltr'>ωνισμοίς</span> <span class='ocrx_word' id='word_1_78' title='bbox 752 1300 846 1353; x_wconf 77' lang='grc' dir='ltr'>καὶ</span> <span class='ocrx_word' id='word_1_79' title='bbox 885 1303 1005 1363; x_wconf 86' lang='grc' dir='ltr'>ταῖς</span> <span class='ocrx_word' id='word_1_80' title='bbox 1036 1299 1221 1363; x_wconf 78' lang='grc' dir='ltr'>ἄλλαις</span> <span class='ocrx_word' id='word_1_81' title='bbox 1265 1299 1597 1365; x_wconf 84' lang='grc' dir='ltr'>Χαλδαῖκαῖς</span> <span class='ocrx_word' id='word_1_82' title='bbox 1637 1300 1884 1365; x_wconf 80' lang='grc' dir='ltr'>πλάναις.</span> <span class='ocrx_word' id='word_1_83' title='bbox 1919 1303 2027 1357; x_wconf 76' lang='grc' dir='ltr'>Καὶ</span> 
     </span>
    </p>
   </div>
   <div class='ocr_carea' id='block_1_15' title="bbox 447 1392 2029 1465">
    <p class='ocr_par' dir='ltr' id='par_1_15' title="bbox 447 1392 2029 1465">
     <span class='ocr_line' id='line_1_15' title="bbox 447 1392 2029 1465; baseline 0.001 -18"><span class='ocrx_word' id='word_1_84' title='bbox 447 1396 576 1463; x_wconf 80' lang='grc' dir='ltr'>μετ’</span> <span class='ocrx_word' id='word_1_85' title='bbox 623 1395 815 1464; x_wconf 75' lang='grc' dir='ltr'>ὀλίγα·</span> <span class='ocrx_word' id='word_1_86' title='bbox 860 1396 925 1446; x_wconf 89' lang='grc' dir='ltr'><strong>Ὃ</strong></span> <span class='ocrx_word' id='word_1_87' title='bbox 973 1392 1037 1465; x_wconf 87' lang='grc' dir='ltr'>δὴ</span> <span class='ocrx_word' id='word_1_88' title='bbox 1092 1393 1320 1465; x_wconf 86' lang='grc' dir='ltr'>ἁρμόσει</span> <span class='ocrx_word' id='word_1_89' title='bbox 1372 1395 1465 1449; x_wconf 57' lang='grc' dir='ltr'>καί⁸</span> <span class='ocrx_word' id='word_1_90' title='bbox 1513 1395 1604 1448; x_wconf 82' lang='grc' dir='ltr'>ἐπὶ</span> <span class='ocrx_word' id='word_1_91' title='bbox 1660 1395 1875 1449; x_wconf 87' lang='grc' dir='ltr'>πάντων</span> <span class='ocrx_word' id='word_1_92' title='bbox 1923 1395 2029 1449; x_wconf 89' lang='grc' dir='ltr'>τῶν</span> 
     </span>
    </p>
   </div>
   <div class='ocr_carea' id='block_1_16' title="bbox 454 1484 2031 1558">
    <p class='ocr_par' dir='ltr' id='par_1_16' title="bbox 454 1484 2031 1558">
     <span class='ocr_line' id='line_1_16' title="bbox 454 1484 2031 1558; baseline 0.001 -19"><span class='ocrx_word' id='word_1_93' title='bbox 454 1485 623 1539; x_wconf 86' lang='grc' dir='ltr'>ἐθνῶν</span> <span class='ocrx_word' id='word_1_94' title='bbox 659 1485 766 1538; x_wconf 87' lang='grc' dir='ltr'>τῶν</span> <span class='ocrx_word' id='word_1_95' title='bbox 802 1484 1111 1556; x_wconf 81' lang='grc' dir='ltr'>ἁπανταχοῦ</span> <span class='ocrx_word' id='word_1_96' title='bbox 1149 1486 1253 1556; x_wconf 82' lang='grc' dir='ltr'>γῆς</span> <span class='ocrx_word' id='word_1_97' title='bbox 1300 1484 1487 1549; x_wconf 78' lang='grc' dir='ltr'>ὄντων,</span> <span class='ocrx_word' id='word_1_98' title='bbox 1528 1486 1621 1539; x_wconf 75' lang='grc' dir='ltr'>καὶ</span> <span class='ocrx_word' id='word_1_99' title='bbox 1650 1486 1719 1540; x_wconf 81' lang='grc' dir='ltr'>τά</span> <span class='ocrx_word' id='word_1_100' title='bbox 1755 1488 1898 1558; x_wconf 82' lang='grc' dir='ltr'>ἄκρα</span> <span class='ocrx_word' id='word_1_101' title='bbox 1929 1487 2031 1557; x_wconf 79' lang='grc' dir='ltr'>τῆς</span> 
     </span>
    </p>
   </div>
   <div class='ocr_carea' id='block_1_17' title="bbox 451 1576 2031 1651">
    <p class='ocr_par' dir='ltr' id='par_1_17' title="bbox 451 1576 2031 1651">
     <span class='ocr_line' id='line_1_17' title="bbox 451 1576 2031 1651; baseline -0.001 -18"><span class='ocrx_word' id='word_1_102' title='bbox 451 1582 556 1651; x_wconf 76' lang='grc' dir='ltr'>γῆς</span> <span class='ocrx_word' id='word_1_103' title='bbox 592 1578 1014 1649; x_wconf 76' lang='grc' dir='ltr'>κατειληφότων,</span> <span class='ocrx_word' id='word_1_104' title='bbox 1058 1576 1543 1650; x_wconf 76' lang='grc' dir='ltr'>εὐαγγελιζομένου</span> <span class='ocrx_word' id='word_1_105' title='bbox 1578 1579 1757 1641; x_wconf 82' lang='grc' dir='ltr'>αὐτοῖς</span> <span class='ocrx_word' id='word_1_106' title='bbox 1792 1577 1886 1632; x_wconf 80' lang='grc' dir='ltr'>τοῦ</span> <span class='ocrx_word' id='word_1_107' title='bbox 1929 1596 2031 1631; x_wconf 85' lang='grc' dir='ltr'>σω-</span> 
     </span>
    </p>
   </div>
   <div class='ocr_carea' id='block_1_18' title="bbox 452 1668 2033 1743">
    <p class='ocr_par' dir='ltr' id='par_1_18' title="bbox 452 1668 2033 1743">
     <span class='ocr_line' id='line_1_18' title="bbox 452 1668 2033 1743; baseline -0.001 -18"><span class='ocrx_word' id='word_1_108' title='bbox 452 1673 640 1743; x_wconf 87' lang='grc' dir='ltr'>τηρίου</span> <span class='ocrx_word' id='word_1_109' title='bbox 679 1671 836 1739; x_wconf 84' lang='grc' dir='ltr'>λόγου</span> <span class='ocrx_word' id='word_1_110' title='bbox 888 1671 982 1724; x_wconf 63' lang='grc' dir='ltr'>κα)⁵</span> <span class='ocrx_word' id='word_1_111' title='bbox 1031 1671 1128 1742; x_wconf 77' lang='grc' dir='ltr'>τῆς</span> <span class='ocrx_word' id='word_1_112' title='bbox 1170 1668 1409 1740; x_wconf 80' lang='grc' dir='ltr'>ψυχικῆς</span> <span class='ocrx_word' id='word_1_113' title='bbox 1455 1668 1762 1742; x_wconf 78' lang='grc' dir='ltr'>ἐλευθερίας</span> <span class='ocrx_word' id='word_1_114' title='bbox 1802 1670 1902 1742; x_wconf 85' lang='grc' dir='ltr'>τὴν</span> <span class='ocrx_word' id='word_1_115' title='bbox 1941 1668 2033 1723; x_wconf 86' lang='grc' dir='ltr'>λύ-</span> 
     </span>
    </p>
   </div>
   <div class='ocr_carea' id='block_1_19' title="bbox 453 1760 2030 1835">
    <p class='ocr_par' dir='ltr' id='par_1_19' title="bbox 453 1760 2030 1835">
     <span class='ocr_line' id='line_1_19' title="bbox 453 1760 2030 1835; baseline -0.001 -19"><span class='ocrx_word' id='word_1_116' title='bbox 453 1780 654 1835; x_wconf 91' lang='grc' dir='ltr'>τρωσιν</span> <span class='ocrx_word' id='word_1_117' title='bbox 690 1763 754 1833; x_wconf 83' lang='grc' dir='ltr'>ἦν</span> <span class='ocrx_word' id='word_1_118' title='bbox 792 1760 1133 1833; x_wconf 84' lang='grc' dir='ltr'>ἐλυτρώσατο</span> <span class='ocrx_word' id='word_1_119' title='bbox 1176 1762 1371 1827; x_wconf 84' lang='grc' dir='ltr'>αὐτοὺς</span> <span class='ocrx_word' id='word_1_120' title='bbox 1392 1764 1420 1815; x_wconf 88' lang='grc' dir='ltr'>ό</span> <span class='ocrx_word' id='word_1_121' title='bbox 1451 1760 1746 1834; x_wconf 83' lang='grc' dir='ltr'>μονογενὴς</span> <span class='ocrx_word' id='word_1_122' title='bbox 1777 1760 1906 1826; x_wconf 78' lang='grc' dir='ltr'>Υἱὸς</span> <span class='ocrx_word' id='word_1_123' title='bbox 1935 1761 2030 1815; x_wconf 81' lang='grc' dir='ltr'>τοῦ</span> 
     </span>
    </p>
   </div>
   <div class='ocr_carea' id='block_1_20' title="bbox 454 1850 2034 1925">
    <p class='ocr_par' dir='ltr' id='par_1_20' title="bbox 454 1850 2034 1925">
     <span class='ocr_line' id='line_1_20' title="bbox 454 1850 2034 1925; baseline 0.001 -20"><span class='ocrx_word' id='word_1_124' title='bbox 454 1852 587 1906; x_wconf 81' lang='grc' dir='ltr'>Θεοῦ</span> <span class='ocrx_word' id='word_1_125' title='bbox 619 1856 677 1906; x_wconf 81' lang='grc' dir='ltr'>ὲν</span> <span class='ocrx_word' id='word_1_126' title='bbox 709 1852 1049 1924; x_wconf 75' lang='grc' dir='ltr'>αἰχμαλωσίᾳ</span> <span class='ocrx_word' id='word_1_127' title='bbox 1078 1852 1431 1925; x_wconf 82' lang='grc' dir='ltr'>πράττοντας,</span> <span class='ocrx_word' id='word_1_128' title='bbox 1462 1852 1557 1907; x_wconf 75' lang='grc' dir='ltr'>καὶ</span> <span class='ocrx_word' id='word_1_129' title='bbox 1589 1851 1695 1907; x_wconf 80' lang='grc' dir='ltr'>ὑπὸ</span> <span class='ocrx_word' id='word_1_130' title='bbox 1719 1850 1818 1925; x_wconf 84' lang='grc' dir='ltr'>τήν</span> <span class='ocrx_word' id='word_1_131' title='bbox 1840 1870 2034 1924; x_wconf 91' lang='grc' dir='ltr'>τυραν-</span> 
     </span>
    </p>
   </div>
   <div class='ocr_carea' id='block_1_21' title="bbox 455 1942 1169 2008">
    <p class='ocr_par' dir='ltr' id='par_1_21' title="bbox 455 1942 1169 2008">
     <span class='ocr_line' id='line_1_21' title="bbox 455 1942 1169 2008; baseline 0.001 -12"><span class='ocrx_word' id='word_1_132' title='bbox 455 1943 573 1998; x_wconf 80' lang='grc' dir='ltr'>νίδα</span> <span class='ocrx_word' id='word_1_133' title='bbox 596 1942 689 1996; x_wconf 80' lang='grc' dir='ltr'>τοῦ</span> <span class='ocrx_word' id='word_1_134' title='bbox 719 1942 965 1996; x_wconf 87' lang='grc' dir='ltr'>διαϐόλου</span> <span class='ocrx_word' id='word_1_135' title='bbox 990 1944 1169 2008; x_wconf 79' lang='grc' dir='ltr'>ὄντας.</span> 
     </span>
    </p>
   </div>
   <div class='ocr_carea' id='block_1_22' title="bbox 523 2050 2032 2129">
    <p class='ocr_par' dir='ltr' id='par_1_22' title="bbox 523 2050 2032 2129">
     <span class='ocr_line' id='line_1_22' title="bbox 523 2050 2032 2129; baseline 0.002 -19"><span class='ocrx_word' id='word_1_136' title='bbox 523 2058 685 2126; x_wconf 81' lang='grc' dir='ltr'>Λέγει</span> <span class='ocrx_word' id='word_1_137' title='bbox 707 2058 785 2118; x_wconf 86' lang='grc' dir='ltr'>δέ,</span> <span class='ocrx_word' id='word_1_138' title='bbox 816 2059 918 2122; x_wconf 83' lang='grc' dir='ltr'>ὅτι,</span> <span class='ocrx_word' id='word_1_139' title='bbox 949 2058 1010 2110; x_wconf 80' lang='lat' dir='ltr'>Ei</span> <span class='ocrx_word' id='word_1_140' title='bbox 1042 2050 1133 2111; x_wconf 79' lang='grc' dir='ltr'>καὶ</span> <span class='ocrx_word' id='word_1_141' title='bbox 1165 2052 1308 2113; x_wconf 76' lang='grc' dir='ltr'>οὗτοι</span> <span class='ocrx_word' id='word_1_142' title='bbox 1333 2059 1590 2129; x_wconf 81' lang='grc' dir='ltr'>οὐδεμίαν</span> <span class='ocrx_word' id='word_1_143' title='bbox 1613 2058 1878 2128; x_wconf 71' lang='grc' dir='ltr'>ὠφέλειαν</span> <span class='ocrx_word' id='word_1_144' title='bbox 1907 2059 2032 2113; x_wconf 86' lang='grc' dir='ltr'>ἐδέ-</span> 
     </span>
    </p>
   </div>
   <div class='ocr_carea' id='block_1_23' title="bbox 454 2144 2025 2222">
    <p class='ocr_par' dir='ltr' id='par_1_23' title="bbox 454 2144 2025 2222">
     <span class='ocr_line' id='line_1_23' title="bbox 454 2144 2025 2222; baseline 0.002 -20"><span class='ocrx_word' id='word_1_145' title='bbox 454 2149 635 2216; x_wconf 84' lang='grc' dir='ltr'>ξαντο,</span> <span class='ocrx_word' id='word_1_146' title='bbox 669 2148 783 2201; x_wconf 80' lang='grc' dir='ltr'>ἀλλ’</span> <span class='ocrx_word' id='word_1_147' title='bbox 826 2144 918 2202; x_wconf 77' lang='grc' dir='ltr'>οὖν</span> <span class='ocrx_word' id='word_1_148' title='bbox 964 2150 1073 2218; x_wconf 87' lang='grc' dir='ltr'>ἐγὼ</span> <span class='ocrx_word' id='word_1_149' title='bbox 1111 2150 1173 2203; x_wconf 87' lang='grc' dir='ltr'>τὸ</span> <span class='ocrx_word' id='word_1_150' title='bbox 1222 2152 1421 2205; x_wconf 85' lang='grc' dir='ltr'>οίκείον</span> <span class='ocrx_word' id='word_1_151' title='bbox 1466 2149 1624 2222; x_wconf 79' lang='grc' dir='ltr'>ἔργον</span> <span class='ocrx_word' id='word_1_152' title='bbox 1665 2150 2025 2222; x_wconf 86' lang='grc' dir='ltr'>πεπλήρωκα·</span> 
     </span>
    </p>
   </div>
   <div class='ocr_carea' id='block_1_24' title="bbox 455 2239 1321 2297">
    <p class='ocr_par' dir='ltr' id='par_1_24' title="bbox 455 2239 1321 2297">
     <span class='ocr_line' id='line_1_24' title="bbox 455 2239 1321 2297; baseline 0.001 -2"><span class='ocrx_word' id='word_1_153' title='bbox 455 2244 549 2295; x_wconf 65' lang='grc' dir='ltr'>κα)⁸</span> <span class='ocrx_word' id='word_1_154' title='bbox 573 2239 729 2294; x_wconf 83' lang='grc' dir='ltr'>τοῦτο</span> <span class='ocrx_word' id='word_1_155' title='bbox 760 2240 914 2294; x_wconf 72' lang='grc' dir='ltr'>δῆλόν</span> <span class='ocrx_word' id='word_1_156' title='bbox 935 2242 1050 2295; x_wconf 88' lang='grc' dir='ltr'>ἐστι</span> <span class='ocrx_word' id='word_1_157' title='bbox 1074 2241 1152 2294; x_wconf 90' lang='grc' dir='ltr'>τῶ</span> <span class='ocrx_word' id='word_1_158' title='bbox 1182 2240 1321 2297; x_wconf 87' lang='grc' dir='ltr'>Θεῶ.</span> 
     </span>
    </p>
   </div>
   <div class='ocr_carea' id='block_1_25' title="bbox 530 2425 2028 2501">
    <p class='ocr_par' dir='ltr' id='par_1_25' title="bbox 530 2425 2028 2501">
     <span class='ocr_line' id='line_1_25' title="bbox 530 2425 2028 2501; baseline -0.002 -19"><span class='ocrx_word' id='word_1_159' title='bbox 530 2426 671 2499; x_wconf 82' lang='grc' dir='ltr'>Πρὸς</span> <span class='ocrx_word' id='word_1_160' title='bbox 701 2428 763 2482; x_wconf 84' lang='grc' dir='ltr'>τὸ</span> <span class='ocrx_word' id='word_1_161' title='bbox 788 2428 937 2500; x_wconf 86' lang='grc' dir='ltr'>παρά</span> <span class='ocrx_word' id='word_1_162' title='bbox 977 2430 1076 2501; x_wconf 85' lang='grc' dir='ltr'>τῆς</span> <span class='ocrx_word' id='word_1_163' title='bbox 1109 2428 1461 2499; x_wconf 82' lang='grc' dir='ltr'>Ἰερουσαλὴμ</span> <span class='ocrx_word' id='word_1_164' title='bbox 1508 2427 1695 2491; x_wconf 87' lang='grc' dir='ltr'>κακῶς</span> <span class='ocrx_word' id='word_1_165' title='bbox 1721 2425 2028 2499; x_wconf 86' lang='grc' dir='ltr'>γυμνασθέν</span> 
     </span>
    </p>
   </div>
   <div class='ocr_carea' id='block_1_26' title="bbox 457 2516 2030 2590">
    <p class='ocr_par' dir='ltr' id='par_1_26' title="bbox 457 2516 2030 2590">
     <span class='ocr_line' id='line_1_26' title="bbox 457 2516 2030 2590; baseline 0 -20"><span class='ocrx_word' id='word_1_166' title='bbox 457 2517 596 2571; x_wconf 80' lang='grc' dir='ltr'>κατὰ</span> <span class='ocrx_word' id='word_1_167' title='bbox 643 2518 738 2571; x_wconf 80' lang='grc' dir='ltr'>τοῦ</span> <span class='ocrx_word' id='word_1_168' title='bbox 778 2518 912 2571; x_wconf 82' lang='grc' dir='ltr'>Θεοῦ</span> <span class='ocrx_word' id='word_1_169' title='bbox 956 2519 1031 2583; x_wconf 86' lang='grc' dir='ltr'>ὡς</span> <span class='ocrx_word' id='word_1_170' title='bbox 1079 2518 1469 2590; x_wconf 79' lang='grc' dir='ltr'>ἐπιλαϐομένου</span> <span class='ocrx_word' id='word_1_171' title='bbox 1518 2518 1618 2589; x_wconf 82' lang='grc' dir='ltr'>τῆς</span> <span class='ocrx_word' id='word_1_172' title='bbox 1678 2516 2030 2588; x_wconf 83' lang='grc' dir='ltr'>Ἰερουσαλὴμ</span> 
     </span>
    </p>
   </div>
   <div class='ocr_carea' id='block_1_27' title="bbox 455 2608 2029 2683">
    <p class='ocr_par' dir='ltr' id='par_1_27' title="bbox 455 2608 2029 2683">
     <span class='ocr_line' id='line_1_27' title="bbox 455 2608 2029 2683; baseline -0.001 -20"><span class='ocrx_word' id='word_1_173' title='bbox 455 2611 551 2664; x_wconf 78' lang='grc' dir='ltr'>καὶ</span> <span class='ocrx_word' id='word_1_174' title='bbox 585 2609 742 2663; x_wconf 80' lang='grc' dir='ltr'>τοῦτο</span> <span class='ocrx_word' id='word_1_175' title='bbox 783 2609 1029 2682; x_wconf 78' lang='grc' dir='ltr'>ἁρμόζει,</span> <span class='ocrx_word' id='word_1_176' title='bbox 1073 2610 1479 2683; x_wconf 80' lang='grc' dir='ltr'>διδασκομένης,</span> <span class='ocrx_word' id='word_1_177' title='bbox 1520 2609 1596 2673; x_wconf 83' lang='grc' dir='ltr'>ὡς</span> <span class='ocrx_word' id='word_1_178' title='bbox 1629 2609 1689 2662; x_wconf 79' lang='grc' dir='ltr'>οὐ</span> <span class='ocrx_word' id='word_1_179' title='bbox 1728 2608 1865 2680; x_wconf 83' lang='grc' dir='ltr'>λήθῃ</span> <span class='ocrx_word' id='word_1_180' title='bbox 1909 2608 2029 2662; x_wconf 85' lang='grc' dir='ltr'>δου-</span> 
     </span>
    </p>
   </div>
   <div class='ocr_carea' id='block_1_28' title="bbox 455 2700 2032 2775">
    <p class='ocr_par' dir='ltr' id='par_1_28' title="bbox 455 2700 2032 2775">
     <span class='ocr_line' id='line_1_28' title="bbox 455 2700 2032 2775; baseline -0.001 -21"><span class='ocrx_word' id='word_1_181' title='bbox 455 2700 601 2755; x_wconf 85' lang='grc' dir='ltr'>λεύει</span> <span class='ocrx_word' id='word_1_182' title='bbox 631 2702 693 2755; x_wconf 82' lang='grc' dir='ltr'>τὸ</span> <span class='ocrx_word' id='word_1_183' title='bbox 735 2702 909 2767; x_wconf 84' lang='grc' dir='ltr'>Θεῖον,</span> <span class='ocrx_word' id='word_1_184' title='bbox 934 2702 1054 2756; x_wconf 81' lang='grc' dir='ltr'>οὐδὲ</span> <span class='ocrx_word' id='word_1_185' title='bbox 1093 2702 1334 2775; x_wconf 77' lang='grc' dir='ltr'>ῥᾳθυμίᾳ</span> <span class='ocrx_word' id='word_1_186' title='bbox 1368 2700 1699 2774; x_wconf 86' lang='grc' dir='ltr'>προσανέχον</span> <span class='ocrx_word' id='word_1_187' title='bbox 1725 2701 2032 2773; x_wconf 82' lang='grc' dir='ltr'>ἀπρονόητα</span> 
     </span>
    </p>
   </div>
   <div class='ocr_carea' id='block_1_29' title="bbox 456 2791 2031 2865">
    <p class='ocr_par' dir='ltr' id='par_1_29' title="bbox 456 2791 2031 2865">
     <span class='ocr_line' id='line_1_29' title="bbox 456 2791 2031 2865; baseline -0.001 -19"><span class='ocrx_word' id='word_1_188' title='bbox 456 2793 857 2864; x_wconf 82' lang='grc' dir='ltr'>καταλιμπάνει</span> <span class='ocrx_word' id='word_1_189' title='bbox 896 2792 968 2846; x_wconf 89' lang='grc' dir='ltr'>τά</span> <span class='ocrx_word' id='word_1_190' title='bbox 990 2793 1180 2847; x_wconf 78' lang='grc' dir='ltr'>ἑαυτοῦ</span> <span class='ocrx_word' id='word_1_191' title='bbox 1208 2795 1489 2865; x_wconf 89' lang='grc' dir='ltr'>ποιήματα</span> <span class='ocrx_word' id='word_1_192' title='bbox 1508 2810 1520 2823; x_wconf 81' lang='grc'>·</span> <span class='ocrx_word' id='word_1_193' title='bbox 1554 2794 1604 2845; x_wconf 83' lang='grc' dir='ltr'>εί</span> <span class='ocrx_word' id='word_1_194' title='bbox 1631 2791 1740 2863; x_wconf 85' lang='grc' dir='ltr'>γὰρ</span> <span class='ocrx_word' id='word_1_195' title='bbox 1768 2791 2031 2845; x_wconf 86' lang='grc' dir='ltr'>παύσεται</span> 
     </span>
    </p>
   </div>
   <div class='ocr_carea' id='block_1_30' title="bbox 446 2881 2032 2957">
    <p class='ocr_par' dir='ltr' id='par_1_30' title="bbox 446 2881 2032 2957">
     <span class='ocr_line' id='line_1_30' title="bbox 446 2881 2032 2957; baseline -0.002 -19"><span class='ocrx_word' id='word_1_196' title='bbox 446 2884 588 2948; x_wconf 73' lang='grc' dir='ltr'>’Θεὸς</span> <span class='ocrx_word' id='word_1_197' title='bbox 617 2884 992 2956; x_wconf 83' lang='grc' dir='ltr'>διανοούμενος</span> <span class='ocrx_word' id='word_1_198' title='bbox 1030 2886 1158 2957; x_wconf 77' lang='grc' dir='ltr'>περὶ</span> <span class='ocrx_word' id='word_1_199' title='bbox 1188 2884 1367 2957; x_wconf 88' lang='grc' dir='ltr'>ήμῶν,</span> <span class='ocrx_word' id='word_1_200' title='bbox 1408 2884 1501 2939; x_wconf 74' lang='grc' dir='ltr'>καὶ</span> <span class='ocrx_word' id='word_1_201' title='bbox 1536 2883 1903 2953; x_wconf 84' lang='grc' dir='ltr'>ἀποπέσοιμεν</span> <span class='ocrx_word' id='word_1_202' title='bbox 1933 2881 2032 2953; x_wconf 83' lang='grc' dir='ltr'>τῆς</span> 
     </span>
    </p>
   </div>
   <div class='ocr_carea' id='block_1_31' title="bbox 455 2970 2031 3049">
    <p class='ocr_par' dir='ltr' id='par_1_31' title="bbox 455 2970 2031 3049">
     <span class='ocr_line' id='line_1_31' title="bbox 455 2970 2031 3049; baseline -0.002 -20"><span class='ocrx_word' id='word_1_203' title='bbox 455 2975 619 3030; x_wconf 77' lang='grc' dir='ltr'>αὐτοῦ</span> <span class='ocrx_word' id='word_1_204' title='bbox 649 2977 887 3048; x_wconf 86' lang='grc' dir='ltr'>μνήμης,</span> <span class='ocrx_word' id='word_1_205' title='bbox 927 2976 1195 3030; x_wconf 88' lang='grc' dir='ltr'>παύσεται</span> <span class='ocrx_word' id='word_1_206' title='bbox 1214 2979 1247 3049; x_wconf 89' lang='grc' dir='ltr'>ή</span> <span class='ocrx_word' id='word_1_207' title='bbox 1257 2975 1375 3048; x_wconf 86' lang='grc' dir='ltr'>μῶν</span> <span class='ocrx_word' id='word_1_208' title='bbox 1398 2975 1491 3029; x_wconf 79' lang='grc' dir='ltr'>καὶ</span> <span class='ocrx_word' id='word_1_209' title='bbox 1525 2974 1587 3028; x_wconf 85' lang='grc' dir='ltr'>τὸ</span> <span class='ocrx_word' id='word_1_210' title='bbox 1613 2970 1749 3028; x_wconf 77' lang='grc' dir='ltr'>εἶναι</span> <span class='ocrx_word' id='word_1_211' title='bbox 1767 2990 1780 3003; x_wconf 90' lang='grc'>·</span> <span class='ocrx_word' id='word_1_212' title='bbox 1807 2974 1904 3042; x_wconf 79' lang='grc' dir='ltr'>τῆς</span> <span class='ocrx_word' id='word_1_213' title='bbox 1926 2972 2031 3043; x_wconf 83' lang='grc' dir='ltr'>γάρ</span> 
     </span>
    </p>
   </div>
   <div class='ocr_carea' id='block_1_32' title="bbox 455 3065 2030 3142">
    <p class='ocr_par' dir='ltr' id='par_1_32' title="bbox 455 3065 2030 3142">
     <span class='ocr_line' id='line_1_32' title="bbox 455 3065 2030 3142; baseline -0.002 -19"><span class='ocrx_word' id='word_1_214' title='bbox 455 3070 663 3133; x_wconf 87' lang='grc' dir='ltr'>ἐννοίας</span> <span class='ocrx_word' id='word_1_215' title='bbox 694 3070 792 3141; x_wconf 84' lang='grc' dir='ltr'>τῆς</span> <span class='ocrx_word' id='word_1_216' title='bbox 828 3071 912 3139; x_wconf 84' lang='grc' dir='ltr'>ἐφ’</span> <span class='ocrx_word' id='word_1_217' title='bbox 936 3072 1068 3141; x_wconf 79' lang='grc' dir='ltr'>ἡμῖν</span> <span class='ocrx_word' id='word_1_218' title='bbox 1097 3070 1473 3142; x_wconf 86' lang='grc' dir='ltr'>παυσαμένης,</span> <span class='ocrx_word' id='word_1_219' title='bbox 1497 3069 1590 3138; x_wconf 85' lang='grc' dir='ltr'>ἀφ’</span> <span class='ocrx_word' id='word_1_220' title='bbox 1621 3065 1689 3141; x_wconf 80' lang='grc' dir='ltr'>ἧς</span> <span class='ocrx_word' id='word_1_221' title='bbox 1730 3068 1824 3122; x_wconf 73' lang='grc' dir='ltr'>καὶ</span> <span class='ocrx_word' id='word_1_222' title='bbox 1860 3083 2030 3139; x_wconf 87' lang='grc' dir='ltr'>προσ-</span> 
     </span>
    </p>
   </div>
   <div class='ocr_carea' id='block_1_33' title="bbox 2126 574 3702 653">
    <p class='ocr_par' dir='ltr' id='par_1_33' title="bbox 2126 574 3702 653">
     <span class='ocr_line' id='line_1_33' title="bbox 2126 574 3702 653; baseline 0.007 -24"><span class='ocrx_word' id='word_1_223' title='bbox 2126 575 2371 629; x_wconf 86' lang='lat' dir='ltr'><strong>clarante</strong></span> <span class='ocrx_word' id='word_1_224' title='bbox 2419 574 2549 644; x_wconf 91' lang='lat' dir='ltr'><strong>quid</strong></span> <span class='ocrx_word' id='word_1_225' title='bbox 2596 576 2696 630; x_wconf 88' lang='lat' dir='ltr'><strong>tibi</strong></span> <span class='ocrx_word' id='word_1_226' title='bbox 2751 577 3055 647; x_wconf 82' lang='lat' dir='ltr'><strong>agendum,</strong></span> <span class='ocrx_word' id='word_1_227' title='bbox 3107 580 3240 650; x_wconf 89' lang='lat' dir='ltr'><strong>quid</strong></span> <span class='ocrx_word' id='word_1_228' title='bbox 3286 582 3383 636; x_wconf 89' lang='lat' dir='ltr'><strong>tibi</strong></span> <span class='ocrx_word' id='word_1_229' title='bbox 3426 585 3702 653; x_wconf 81' lang='lat' dir='ltr'><strong>profectu-</strong></span> 
     </span>
    </p>
   </div>
   <div class='ocr_carea' id='block_1_34' title="bbox 2126 666 3701 738">
    <p class='ocr_par' dir='ltr' id='par_1_34' title="bbox 2126 666 3701 738">
     <span class='ocr_line' id='line_1_34' title="bbox 2126 666 3701 738; baseline 0.009 -20"><span class='ocrx_word' id='word_1_230' title='bbox 2126 680 2276 731; x_wconf 91' lang='lat' dir='ltr'><strong>rum;</strong></span> <span class='ocrx_word' id='word_1_231' title='bbox 2319 675 2373 721; x_wconf 90' lang='lat' dir='ltr'>et</span> <span class='ocrx_word' id='word_1_232' title='bbox 2410 666 2539 720; x_wconf 92' lang='lat' dir='ltr'><strong>dum</strong></span> <span class='ocrx_word' id='word_1_233' title='bbox 2580 666 2681 721; x_wconf 83' lang='lat' dir='ltr'><strong>hac</strong></span> <span class='ocrx_word' id='word_1_234' title='bbox 2725 668 2780 722; x_wconf 91' lang='lat' dir='ltr'><strong>in</strong></span> <span class='ocrx_word' id='word_1_235' title='bbox 2823 669 2910 724; x_wconf 92' lang='lat' dir='ltr'>via</span> <span class='ocrx_word' id='word_1_236' title='bbox 2945 671 3244 728; x_wconf 88' lang='lat' dir='ltr'><strong>ambularis</strong></span> <span class='ocrx_word' id='word_1_237' title='bbox 3268 713 3282 738; x_wconf 94' lang='lat'><strong>,</strong></span> <span class='ocrx_word' id='word_1_238' title='bbox 3313 673 3382 728; x_wconf 88' lang='lat' dir='ltr'>ab</span> <span class='ocrx_word' id='word_1_239' title='bbox 3410 675 3585 731; x_wconf 88' lang='lat' dir='ltr'><strong>altera</strong></span> <span class='ocrx_word' id='word_1_240' title='bbox 3614 691 3701 732; x_wconf 82' lang='lat' dir='ltr'>re-</span> 
     </span>
    </p>
   </div>
   <div class='ocr_carea' id='block_1_35' title="bbox 2126 757 3194 830">
    <p class='ocr_par' dir='ltr' id='par_1_35' title="bbox 2126 757 3194 830">
     <span class='ocr_line' id='line_1_35' title="bbox 2126 757 3194 830; baseline 0.006 -19"><span class='ocrx_word' id='word_1_241' title='bbox 2126 757 2339 812; x_wconf 92' lang='lat' dir='ltr'><strong>cessisti</strong></span> <span class='ocrx_word' id='word_1_242' title='bbox 2370 772 2474 828; x_wconf 82' lang='lat' dir='ltr'>qua</span> <span class='ocrx_word' id='word_1_243' title='bbox 2505 767 2734 814; x_wconf 87' lang='lat' dir='ltr'><strong>mortem</strong></span> <span class='ocrx_word' id='word_1_244' title='bbox 2766 773 3194 830; x_wconf 89' lang='lat' dir='ltr'><strong>consequuntur.</strong></span> 
     </span>
    </p>
   </div>
   <div class='ocr_carea' id='block_1_36' title="bbox 2203 848 3699 915">
    <p class='ocr_par' dir='ltr' id='par_1_36' title="bbox 2203 848 3699 915">
     <span class='ocr_line' id='line_1_36' title="bbox 2203 848 3699 915; baseline 0.008 -12"><span class='ocrx_word' id='word_1_245' title='bbox 2203 848 2363 904; x_wconf 75' lang='lat' dir='ltr'><strong>Vens.</strong></span> <span class='ocrx_word' id='word_1_246' title='bbox 2405 850 2495 906; x_wconf 77' lang='grc'>20.</span> <span class='ocrx_word' id='word_1_247' title='bbox 2549 849 2620 905; x_wconf 91' lang='lat' dir='ltr'><strong>Ut</strong></span> <span class='ocrx_word' id='word_1_248' title='bbox 2674 853 2852 906; x_wconf 85' lang='lat' dir='ltr'><strong>locum</strong></span> <span class='ocrx_word' id='word_1_249' title='bbox 2901 854 3062 908; x_wconf 83' lang='lat' dir='ltr'>simul</span> <span class='ocrx_word' id='word_1_250' title='bbox 3100 865 3153 910; x_wconf 89' lang='lat' dir='ltr'>ct</span> <span class='ocrx_word' id='word_1_251' title='bbox 3192 871 3370 912; x_wconf 88' lang='lat' dir='ltr'><strong>mores</strong></span> <span class='ocrx_word' id='word_1_252' title='bbox 3408 859 3699 915; x_wconf 80' lang='lat' dir='ltr'><strong>ilnmutent</strong></span> 
     </span>
    </p>
   </div>
   <div class='ocr_carea' id='block_1_37' title="bbox 2127 944 3699 1022">
    <p class='ocr_par' dir='ltr' id='par_1_37' title="bbox 2127 944 3699 1022">
     <span class='ocr_line' id='line_1_37' title="bbox 2127 944 3699 1022; baseline 0.008 -26"><span class='ocrx_word' id='word_1_253' title='bbox 2127 944 2392 1007; x_wconf 89' lang='lat' dir='ltr'><strong>consulit;</strong></span> <span class='ocrx_word' id='word_1_254' title='bbox 2422 945 2556 998; x_wconf 91' lang='lat' dir='ltr'><strong>alios</strong></span> <span class='ocrx_word' id='word_1_255' title='bbox 2587 945 2804 1014; x_wconf 87' lang='lat' dir='ltr'>quidem</span> <span class='ocrx_word' id='word_1_256' title='bbox 2851 945 2978 1000; x_wconf 88' lang='lat' dir='ltr'>dum</span> <span class='ocrx_word' id='word_1_257' title='bbox 3037 949 3221 1002; x_wconf 89' lang='lat' dir='ltr'><strong>relicta</strong></span> <span class='ocrx_word' id='word_1_258' title='bbox 3270 948 3575 1022; x_wconf 82' lang='lat' dir='ltr'><strong>Babylone,</strong></span> <span class='ocrx_word' id='word_1_259' title='bbox 3610 952 3699 1008; x_wconf 80' lang='lat' dir='ltr'>Je—</span> 
     </span>
    </p>
   </div>
   <div class='ocr_carea' id='block_1_38' title="bbox 2127 1035 3698 1104">
    <p class='ocr_par' dir='ltr' id='par_1_38' title="bbox 2127 1035 3698 1104">
     <span class='ocr_line' id='line_1_38' title="bbox 2127 1035 3698 1104; baseline 0.006 -16"><span class='ocrx_word' id='word_1_260' title='bbox 2127 1035 2366 1089; x_wconf 86' lang='lat' dir='ltr'><strong>rusalem</strong></span> <span class='ocrx_word' id='word_1_261' title='bbox 2414 1042 2694 1104; x_wconf 82' lang='lat' dir='ltr'>repetant;</span> <span class='ocrx_word' id='word_1_262' title='bbox 2730 1037 2869 1092; x_wconf 76' lang='lat' dir='ltr'><strong>alios</strong></span> <span class='ocrx_word' id='word_1_263' title='bbox 2903 1052 3067 1102; x_wconf 87' lang='lat' dir='ltr'><strong>vero,</strong></span> <span class='ocrx_word' id='word_1_264' title='bbox 3101 1038 3227 1092; x_wconf 90' lang='lat' dir='ltr'>dum</span> <span class='ocrx_word' id='word_1_265' title='bbox 3256 1040 3508 1097; x_wconf 86' lang='lat' dir='ltr'><strong>devitatis</strong></span> <span class='ocrx_word' id='word_1_266' title='bbox 3537 1043 3698 1097; x_wconf 65' lang='lat' dir='ltr'><strong>Chab-</strong></span> 
     </span>
    </p>
   </div>
   <div class='ocr_carea' id='block_1_39' title="bbox 2128 1117 3698 1195">
    <p class='ocr_par' dir='ltr' id='par_1_39' title="bbox 2128 1117 3698 1195">
     <span class='ocr_line' id='line_1_39' title="bbox 2128 1117 3698 1195; baseline 0.006 -23"><span class='ocrx_word' id='word_1_267' title='bbox 2128 1117 2366 1173; x_wconf 68' lang='lat' dir='ltr'><strong>dazorum</strong></span> <span class='ocrx_word' id='word_1_268' title='bbox 2398 1120 2640 1173; x_wconf 88' lang='lat' dir='ltr'><strong>moribus</strong></span> <span class='ocrx_word' id='word_1_269' title='bbox 2662 1158 2677 1184; x_wconf 93' lang='lat'><strong>,</strong></span> <span class='ocrx_word' id='word_1_270' title='bbox 2702 1120 2772 1174; x_wconf 90' lang='lat' dir='ltr'>ab</span> <span class='ocrx_word' id='word_1_271' title='bbox 2797 1120 2958 1174; x_wconf 87' lang='lat' dir='ltr'>idolis</span> <span class='ocrx_word' id='word_1_272' title='bbox 2984 1122 3316 1187; x_wconf 84' lang='lat' dir='ltr'>abstineant,</span> <span class='ocrx_word' id='word_1_273' title='bbox 3348 1133 3402 1177; x_wconf 85' lang='lat' dir='ltr'>et</span> <span class='ocrx_word' id='word_1_274' title='bbox 3426 1126 3495 1180; x_wconf 87' lang='lat' dir='ltr'>ab</span> <span class='ocrx_word' id='word_1_275' title='bbox 3523 1142 3698 1195; x_wconf 82' lang='lat' dir='ltr'><strong>augu-</strong></span> 
     </span>
    </p>
   </div>
   <div class='ocr_carea' id='block_1_40' title="bbox 2128 1210 3698 1287">
    <p class='ocr_par' dir='ltr' id='par_1_40' title="bbox 2128 1210 3698 1287">
     <span class='ocr_line' id='line_1_40' title="bbox 2128 1210 3698 1287; baseline 0.005 -24"><span class='ocrx_word' id='word_1_276' title='bbox 2128 1210 2226 1264; x_wconf 85' lang='lat' dir='ltr'><strong>riis</strong></span> <span class='ocrx_word' id='word_1_277' title='bbox 2249 1219 2303 1264; x_wconf 86' lang='lat' dir='ltr'><strong>et</strong></span> <span class='ocrx_word' id='word_1_278' title='bbox 2328 1211 2540 1264; x_wconf 65' lang='lat' dir='ltr'><strong>caeteris</strong></span> <span class='ocrx_word' id='word_1_279' title='bbox 2563 1211 2791 1281; x_wconf 83' lang='lat' dir='ltr'>hujusce</span> <span class='ocrx_word' id='word_1_280' title='bbox 2816 1215 3031 1283; x_wconf 81' lang='lat' dir='ltr'>generis</span> <span class='ocrx_word' id='word_1_281' title='bbox 3056 1216 3321 1271; x_wconf 90' lang='lat' dir='ltr'><strong>moribus.</strong></span> <span class='ocrx_word' id='word_1_282' title='bbox 3345 1214 3514 1271; x_wconf 81' lang='lat' dir='ltr'><strong>Paulo</strong></span> <span class='ocrx_word' id='word_1_283' title='bbox 3539 1228 3655 1287; x_wconf 77' lang='lat' dir='ltr'><strong>post</strong></span> <span class='ocrx_word' id='word_1_284' title='bbox 3676 1231 3698 1271; x_wconf 91' lang='lat'><strong><em>:</em></strong></span> 
     </span>
    </p>
   </div>
   <div class='ocr_carea' id='block_1_41' title="bbox 2130 1299 3700 1380">
    <p class='ocr_par' dir='ltr' id='par_1_41' title="bbox 2130 1299 3700 1380">
     <span class='ocr_line' id='line_1_41' title="bbox 2130 1299 3700 1380; baseline 0.006 -24"><span class='ocrx_word' id='word_1_285' title='bbox 2130 1299 2261 1366; x_wconf 69' lang='lat' dir='ltr'><strong>Quae</strong></span> <span class='ocrx_word' id='word_1_286' title='bbox 2288 1301 2451 1357; x_wconf 90' lang='lat' dir='ltr'><strong>etiam</strong></span> <span class='ocrx_word' id='word_1_287' title='bbox 2480 1311 2601 1372; x_wconf 82' lang='lat' dir='ltr'><strong>apte</strong></span> <span class='ocrx_word' id='word_1_288' title='bbox 2629 1303 2697 1356; x_wconf 89' lang='lat' dir='ltr'>ad</span> <span class='ocrx_word' id='word_1_289' title='bbox 2726 1318 2915 1358; x_wconf 89' lang='lat' dir='ltr'><strong>omnes</strong></span> <span class='ocrx_word' id='word_1_290' title='bbox 2943 1312 3133 1374; x_wconf 82' lang='lat' dir='ltr'><strong>gentes</strong></span> <span class='ocrx_word' id='word_1_291' title='bbox 3161 1306 3470 1363; x_wconf 81' lang='lat' dir='ltr'>referentur</span> <span class='ocrx_word' id='word_1_292' title='bbox 3498 1310 3700 1380; x_wconf 88' lang='lat' dir='ltr'><strong>ubique</strong></span> 
     </span>
    </p>
   </div>
   <div class='ocr_carea' id='block_1_42' title="bbox 2130 1393 3696 1472">
    <p class='ocr_par' dir='ltr' id='par_1_42' title="bbox 2130 1393 3696 1472">
     <span class='ocr_line' id='line_1_42' title="bbox 2130 1393 3696 1472; baseline 0.007 -25"><span class='ocrx_word' id='word_1_293' title='bbox 2130 1403 2399 1448; x_wconf 83' lang='lat' dir='ltr'><strong>terrarum</strong></span> <span class='ocrx_word' id='word_1_294' title='bbox 2422 1393 2702 1466; x_wconf 86' lang='lat' dir='ltr'><strong>degentes,</strong></span> <span class='ocrx_word' id='word_1_295' title='bbox 2726 1396 2811 1450; x_wconf 90' lang='lat' dir='ltr'>vel</span> <span class='ocrx_word' id='word_1_296' title='bbox 2832 1404 3102 1452; x_wconf 72' lang='lat' dir='ltr'><strong>extremas</strong></span> <span class='ocrx_word' id='word_1_297' title='bbox 3133 1409 3312 1455; x_wconf 87' lang='lat' dir='ltr'><strong>terras</strong></span> <span class='ocrx_word' id='word_1_298' title='bbox 3340 1411 3696 1472; x_wconf 86' lang='lat' dir='ltr'><strong>occupantes,</strong></span> 
     </span>
    </p>
   </div>
   <div class='ocr_carea' id='block_1_43' title="bbox 2130 1485 3702 1564">
    <p class='ocr_par' dir='ltr' id='par_1_43' title="bbox 2130 1485 3702 1564">
     <span class='ocr_line' id='line_1_43' title="bbox 2130 1485 3702 1564; baseline 0.006 -25"><span class='ocrx_word' id='word_1_299' title='bbox 2130 1498 2255 1539; x_wconf 90' lang='lat' dir='ltr'>cum</span> <span class='ocrx_word' id='word_1_300' title='bbox 2303 1485 2440 1555; x_wconf 88' lang='lat' dir='ltr'><strong>ipsis</strong></span> <span class='ocrx_word' id='word_1_301' title='bbox 2482 1487 2711 1542; x_wconf 79' lang='lat' dir='ltr'>verbum</span> <span class='ocrx_word' id='word_1_302' title='bbox 2774 1489 2968 1544; x_wconf 88' lang='lat' dir='ltr'><strong>salutis</strong></span> <span class='ocrx_word' id='word_1_303' title='bbox 3025 1490 3375 1559; x_wconf 72' lang='lat' dir='ltr'><strong>praedicatur,</strong></span> <span class='ocrx_word' id='word_1_304' title='bbox 3433 1500 3490 1548; x_wconf 92' lang='lat' dir='ltr'><strong>et</strong></span> <span class='ocrx_word' id='word_1_305' title='bbox 3541 1496 3702 1564; x_wconf 84' lang='lat' dir='ltr'><strong>spiri-</strong></span> 
     </span>
    </p>
   </div>
   <div class='ocr_carea' id='block_1_44' title="bbox 2133 1573 3702 1651">
    <p class='ocr_par' dir='ltr' id='par_1_44' title="bbox 2133 1573 3702 1651">
     <span class='ocr_line' id='line_1_44' title="bbox 2133 1573 3702 1651; baseline 0.008 -24"><span class='ocrx_word' id='word_1_306' title='bbox 2133 1574 2294 1628; x_wconf 90' lang='lat' dir='ltr'><strong>tualis</strong></span> <span class='ocrx_word' id='word_1_307' title='bbox 2332 1573 2588 1639; x_wconf 90' lang='lat' dir='ltr'><strong>libertas,</strong></span> <span class='ocrx_word' id='word_1_308' title='bbox 2632 1576 2882 1631; x_wconf 89' lang='lat' dir='ltr'><strong>liberatio</strong></span> <span class='ocrx_word' id='word_1_309' title='bbox 2928 1577 3269 1651; x_wconf 86' lang='lat' dir='ltr'><strong>scilicetqua</strong></span> <span class='ocrx_word' id='word_1_310' title='bbox 3312 1597 3415 1635; x_wconf 90' lang='lat' dir='ltr'>nos</span> <span class='ocrx_word' id='word_1_311' title='bbox 3447 1583 3702 1639; x_wconf 88' lang='lat' dir='ltr'><strong>liberavit</strong></span> 
     </span>
    </p>
   </div>
   <div class='ocr_carea' id='block_1_45' title="bbox 2132 1665 3702 1744">
    <p class='ocr_par' dir='ltr' id='par_1_45' title="bbox 2132 1665 3702 1744">
     <span class='ocr_line' id='line_1_45' title="bbox 2132 1665 3702 1744; baseline 0.008 -26"><span class='ocrx_word' id='word_1_312' title='bbox 2132 1665 2447 1736; x_wconf 72' lang='lat' dir='ltr'><strong>unigenitus</strong></span> <span class='ocrx_word' id='word_1_313' title='bbox 2479 1665 2572 1722; x_wconf 91' lang='lat' dir='ltr'>Dei</span> <span class='ocrx_word' id='word_1_314' title='bbox 2590 1665 2764 1723; x_wconf 87' lang='lat' dir='ltr'><strong>Filius</strong></span> <span class='ocrx_word' id='word_1_315' title='bbox 2795 1668 2849 1722; x_wconf 91' lang='lat' dir='ltr'>in</span> <span class='ocrx_word' id='word_1_316' title='bbox 2873 1670 3189 1740; x_wconf 80' lang='lat' dir='ltr'>captivitate</span> <span class='ocrx_word' id='word_1_317' title='bbox 3219 1681 3272 1727; x_wconf 91' lang='lat' dir='ltr'><strong>et</strong></span> <span class='ocrx_word' id='word_1_318' title='bbox 3295 1673 3399 1728; x_wconf 90' lang='lat' dir='ltr'>sub</span> <span class='ocrx_word' id='word_1_319' title='bbox 3431 1681 3702 1744; x_wconf 90' lang='lat' dir='ltr'><strong>potestate</strong></span> 
     </span>
    </p>
   </div>
   <div class='ocr_carea' id='block_1_46' title="bbox 2133 1758 2671 1830">
    <p class='ocr_par' dir='ltr' id='par_1_46' title="bbox 2133 1758 2671 1830">
     <span class='ocr_line' id='line_1_46' title="bbox 2133 1758 2671 1830; baseline 0.006 -18"><span class='ocrx_word' id='word_1_320' title='bbox 2133 1758 2336 1813; x_wconf 90' lang='lat' dir='ltr'><strong>diaboli</strong></span> <span class='ocrx_word' id='word_1_321' title='bbox 2363 1774 2671 1830; x_wconf 88' lang='lat' dir='ltr'><strong>oppressos.</strong></span> 
     </span>
    </p>
   </div>
   <div class='ocr_carea' id='block_1_47' title="bbox 2127 2052 3700 2125">
    <p class='ocr_par' dir='ltr' id='par_1_47' title="bbox 2127 2052 3700 2125">
     <span class='ocr_line' id='line_1_47' title="bbox 2127 2052 3700 2125; baseline 0.008 -15"><span class='ocrx_word' id='word_1_322' title='bbox 2127 2052 2165 2124; x_wconf 46' lang='grc' dir='ltr'>ᾗ</span> <span class='ocrx_word' id='word_1_323' title='bbox 2201 2055 2330 2111; x_wconf 64' lang='lat' dir='ltr'><strong>CAP.</strong></span> <span class='ocrx_word' id='word_1_324' title='bbox 2359 2055 2555 2125; x_wconf 72' lang='lat' dir='ltr'>XLIX,</span> <span class='ocrx_word' id='word_1_325' title='bbox 2589 2055 2827 2114; x_wconf 48' lang='grc' dir='ltr'>νῖκαι</span> <span class='ocrx_word' id='word_1_326' title='bbox 2888 2057 3113 2116; x_wconf 85' lang='lat' dir='ltr'>Etiamsi</span> <span class='ocrx_word' id='word_1_327' title='bbox 3156 2060 3295 2116; x_wconf 86' lang='lat' dir='ltr'><strong>nihil</strong></span> <span class='ocrx_word' id='word_1_328' title='bbox 3323 2064 3572 2121; x_wconf 83' lang='lat' dir='ltr'><strong>utilitatis</strong></span> <span class='ocrx_word' id='word_1_329' title='bbox 3630 2080 3700 2123; x_wconf 78' lang='lat' dir='ltr'><strong>ex</strong></span> 
     </span>
    </p>
   </div>
   <div class='ocr_carea' id='block_1_48' title="bbox 2129 2148 3700 2228">
    <p class='ocr_par' dir='ltr' id='par_1_48' title="bbox 2129 2148 3700 2228">
     <span class='ocr_line' id='line_1_48' title="bbox 2129 2148 3700 2228; baseline 0.008 -27"><span class='ocrx_word' id='word_1_330' title='bbox 2129 2148 2312 2204; x_wconf 84' lang='lat' dir='ltr'>verbis</span> <span class='ocrx_word' id='word_1_331' title='bbox 2347 2152 2487 2204; x_wconf 90' lang='lat' dir='ltr'><strong>meis</strong></span> <span class='ocrx_word' id='word_1_332' title='bbox 2536 2150 2934 2220; x_wconf 89' lang='lat' dir='ltr'><strong>perceperitis,</strong></span> <span class='ocrx_word' id='word_1_333' title='bbox 2980 2152 3160 2222; x_wconf 88' lang='lat' dir='ltr'><strong>inquit</strong></span> <span class='ocrx_word' id='word_1_334' title='bbox 3208 2155 3509 2224; x_wconf 87' lang='lat' dir='ltr'><strong>pr0pbeta,</strong></span> <span class='ocrx_word' id='word_1_335' title='bbox 3560 2172 3700 2228; x_wconf 85' lang='lat' dir='ltr'><strong>opus</strong></span> 
     </span>
    </p>
   </div>
   <div class='ocr_carea' id='block_1_49' title="bbox 2130 2241 3698 2311">
    <p class='ocr_par' dir='ltr' id='par_1_49' title="bbox 2130 2241 3698 2311">
     <span class='ocr_line' id='line_1_49' title="bbox 2130 2241 3698 2311; baseline 0.008 -20"><span class='ocrx_word' id='word_1_336' title='bbox 2130 2253 2310 2292; x_wconf 89' lang='lat' dir='ltr'><strong>meum</strong></span> <span class='ocrx_word' id='word_1_337' title='bbox 2362 2254 2671 2311; x_wconf 66' lang='lat' dir='ltr'><strong>peregero;</strong></span> <span class='ocrx_word' id='word_1_338' title='bbox 2706 2241 2863 2297; x_wconf 88' lang='lat' dir='ltr'><strong>labor</strong></span> <span class='ocrx_word' id='word_1_339' title='bbox 2920 2257 3079 2299; x_wconf 90' lang='lat' dir='ltr'><strong>meus</strong></span> <span class='ocrx_word' id='word_1_340' title='bbox 3135 2258 3324 2300; x_wconf 90' lang='lat' dir='ltr'><strong>coram</strong></span> <span class='ocrx_word' id='word_1_341' title='bbox 3378 2245 3489 2302; x_wconf 87' lang='lat' dir='ltr'>Deo</span> <span class='ocrx_word' id='word_1_342' title='bbox 3536 2248 3698 2303; x_wconf 85' lang='lat' dir='ltr'><strong>inno-</strong></span> 
     </span>
    </p>
   </div>
   <div class='ocr_carea' id='block_1_50' title="bbox 2129 2336 2321 2386">
    <p class='ocr_par' dir='ltr' id='par_1_50' title="bbox 2129 2336 2321 2386">
     <span class='ocr_line' id='line_1_50' title="bbox 2129 2336 2321 2386; baseline 0.021 -4"><span class='ocrx_word' id='word_1_343' title='bbox 2129 2336 2321 2386; x_wconf 86' lang='lat' dir='ltr'><strong>tescet.</strong></span> 
     </span>
    </p>
   </div>
   <div class='ocr_carea' id='block_1_51' title="bbox 2201 2419 3696 2501">
    <p class='ocr_par' dir='ltr' id='par_1_51' title="bbox 2201 2419 3696 2501">
     <span class='ocr_line' id='line_1_51' title="bbox 2201 2419 3696 2501; baseline 0.009 -28"><span class='ocrx_word' id='word_1_344' title='bbox 2201 2419 2369 2477; x_wconf 74' lang='lat' dir='ltr'><strong>Vens.</strong></span> <span class='ocrx_word' id='word_1_345' title='bbox 2403 2422 2489 2478; x_wconf 77' lang='grc'><strong>15.</strong></span> <span class='ocrx_word' id='word_1_346' title='bbox 2531 2421 2838 2479; x_wconf 81' lang='lat' dir='ltr'><strong>Jerusalem</strong></span> <span class='ocrx_word' id='word_1_347' title='bbox 2872 2425 3145 2483; x_wconf 91' lang='lat' dir='ltr'><strong>immerito</strong></span> <span class='ocrx_word' id='word_1_348' title='bbox 3186 2427 3356 2483; x_wconf 87' lang='lat' dir='ltr'>Deum</span> <span class='ocrx_word' id='word_1_349' title='bbox 3403 2437 3696 2501; x_wconf 83' lang='lat' dir='ltr'><strong>arguente,</strong></span> 
     </span>
    </p>
   </div>
   <div class='ocr_carea' id='block_1_52' title="bbox 2129 2512 3695 2590">
    <p class='ocr_par' dir='ltr' id='par_1_52' title="bbox 2129 2512 3695 2590">
     <span class='ocr_line' id='line_1_52' title="bbox 2129 2512 3695 2590; baseline 0.006 -25"><span class='ocrx_word' id='word_1_350' title='bbox 2129 2512 2286 2583; x_wconf 88' lang='lat' dir='ltr'><strong>quasi</strong></span> <span class='ocrx_word' id='word_1_351' title='bbox 2339 2513 2535 2570; x_wconf 90' lang='lat' dir='ltr'><strong>fuisset</strong></span> <span class='ocrx_word' id='word_1_352' title='bbox 2571 2515 2691 2585; x_wconf 86' lang='lat' dir='ltr'>ejus</span> <span class='ocrx_word' id='word_1_353' title='bbox 2739 2516 2977 2581; x_wconf 90' lang='lat' dir='ltr'><strong>oblitus,</strong></span> <span class='ocrx_word' id='word_1_354' title='bbox 3030 2519 3333 2588; x_wconf 86' lang='lat' dir='ltr'>aptissime</span> <span class='ocrx_word' id='word_1_355' title='bbox 3371 2520 3695 2590; x_wconf 89' lang='lat' dir='ltr'><strong>respondet,</strong></span> 
     </span>
    </p>
   </div>
   <div class='ocr_carea' id='block_1_53' title="bbox 2129 2604 3698 2677">
    <p class='ocr_par' dir='ltr' id='par_1_53' title="bbox 2129 2604 3698 2677">
     <span class='ocr_line' id='line_1_53' title="bbox 2129 2604 3698 2677; baseline 0.006 -19"><span class='ocrx_word' id='word_1_356' title='bbox 2129 2604 2373 2660; x_wconf 90' lang='lat' dir='ltr'><strong>divinum</strong></span> <span class='ocrx_word' id='word_1_357' title='bbox 2404 2621 2604 2662; x_wconf 91' lang='lat' dir='ltr'><strong>numen</strong></span> <span class='ocrx_word' id='word_1_358' title='bbox 2634 2624 2744 2664; x_wconf 93' lang='lat' dir='ltr'><strong>non</strong></span> <span class='ocrx_word' id='word_1_359' title='bbox 2770 2624 2892 2665; x_wconf 89' lang='lat' dir='ltr'><strong>esse</strong></span> <span class='ocrx_word' id='word_1_360' title='bbox 2924 2608 3190 2664; x_wconf 86' lang='lat' dir='ltr'><strong>oblivioni</strong></span> <span class='ocrx_word' id='word_1_361' title='bbox 3218 2610 3519 2665; x_wconf 78' lang='lat' dir='ltr'><strong>obnoxium</strong></span> <span class='ocrx_word' id='word_1_362' title='bbox 3546 2651 3562 2677; x_wconf 95' lang='lat'><strong>,</strong></span> <span class='ocrx_word' id='word_1_363' title='bbox 3595 2626 3698 2667; x_wconf 90' lang='lat' dir='ltr'><strong>nec</strong></span> 
     </span>
    </p>
   </div>
   <div class='ocr_carea' id='block_1_54' title="bbox 2131 2696 3699 2774">
    <p class='ocr_par' dir='ltr' id='par_1_54' title="bbox 2131 2696 3699 2774">
     <span class='ocr_line' id='line_1_54' title="bbox 2131 2696 3699 2774; baseline 0.005 -23"><span class='ocrx_word' id='word_1_364' title='bbox 2131 2696 2364 2766; x_wconf 78' lang='lat' dir='ltr'>segnitie</span> <span class='ocrx_word' id='word_1_365' title='bbox 2409 2698 2615 2753; x_wconf 89' lang='lat' dir='ltr'><strong>victum</strong></span> <span class='ocrx_word' id='word_1_366' title='bbox 2670 2708 2955 2757; x_wconf 80' lang='lat' dir='ltr'><strong>creaturas</strong></span> <span class='ocrx_word' id='word_1_367' title='bbox 3013 2716 3145 2758; x_wconf 88' lang='lat' dir='ltr'><strong>suas</strong></span> <span class='ocrx_word' id='word_1_368' title='bbox 3197 2703 3544 2774; x_wconf 80' lang='lat' dir='ltr'><strong>providentia</strong></span> <span class='ocrx_word' id='word_1_369' title='bbox 3597 2719 3699 2760; x_wconf 86' lang='lat' dir='ltr'><strong>sua</strong></span> 
     </span>
    </p>
   </div>
   <div class='ocr_carea' id='block_1_55' title="bbox 2130 2787 3699 2866">
    <p class='ocr_par' dir='ltr' id='par_1_55' title="bbox 2130 2787 3699 2866">
     <span class='ocr_line' id='line_1_55' title="bbox 2130 2787 3699 2866; baseline 0.007 -24"><span class='ocrx_word' id='word_1_370' title='bbox 2130 2787 2443 2845; x_wconf 86' lang='lat' dir='ltr'><strong>destituere.</strong></span> <span class='ocrx_word' id='word_1_371' title='bbox 2462 2790 2617 2857; x_wconf 85' lang='lat' dir='ltr'><strong>Quod</strong></span> <span class='ocrx_word' id='word_1_372' title='bbox 2641 2791 2688 2848; x_wconf 87' lang='lat' dir='ltr'><strong>si</strong></span> <span class='ocrx_word' id='word_1_373' title='bbox 2717 2793 2862 2848; x_wconf 90' lang='lat' dir='ltr'><strong>enim</strong></span> <span class='ocrx_word' id='word_1_374' title='bbox 2887 2794 3047 2850; x_wconf 90' lang='lat' dir='ltr'><strong>nobis</strong></span> <span class='ocrx_word' id='word_1_375' title='bbox 3089 2794 3188 2849; x_wconf 90' lang='lat' dir='ltr'>Dei</span> <span class='ocrx_word' id='word_1_376' title='bbox 3224 2795 3569 2866; x_wconf 85' lang='lat' dir='ltr'><strong>providentia</strong></span> <span class='ocrx_word' id='word_1_377' title='bbox 3598 2797 3699 2853; x_wconf 88' lang='lat' dir='ltr'>de-</span> 
     </span>
    </p>
   </div>
   <div class='ocr_carea' id='block_1_56' title="bbox 2135 2880 3702 2955">
    <p class='ocr_par' dir='ltr' id='par_1_56' title="bbox 2135 2880 3702 2955">
     <span class='ocr_line' id='line_1_56' title="bbox 2135 2880 3702 2955; baseline 0.004 -19"><span class='ocrx_word' id='word_1_378' title='bbox 2135 2880 2242 2936; x_wconf 83' lang='lat' dir='ltr'><strong>seri</strong></span> <span class='ocrx_word' id='word_1_379' title='bbox 2282 2881 2576 2947; x_wconf 87' lang='lat' dir='ltr'><strong>accideret,</strong></span> <span class='ocrx_word' id='word_1_380' title='bbox 2607 2892 2660 2939; x_wconf 90' lang='lat' dir='ltr'>et</span> <span class='ocrx_word' id='word_1_381' title='bbox 2697 2882 2766 2939; x_wconf 91' lang='lat' dir='ltr'>de</span> <span class='ocrx_word' id='word_1_382' title='bbox 2803 2886 3065 2940; x_wconf 86' lang='lat' dir='ltr'><strong>memoria</strong></span> <span class='ocrx_word' id='word_1_383' title='bbox 3092 2886 3212 2955; x_wconf 87' lang='lat' dir='ltr'>ejus</span> <span class='ocrx_word' id='word_1_384' title='bbox 3249 2887 3501 2943; x_wconf 78' lang='lat' dir='ltr'>excidere</span> <span class='ocrx_word' id='word_1_385' title='bbox 3522 2927 3539 2952; x_wconf 95' lang='lat'><strong>,</strong></span> <span class='ocrx_word' id='word_1_386' title='bbox 3568 2903 3702 2943; x_wconf 85' lang='lat' dir='ltr'><strong>con-</strong></span> 
     </span>
    </p>
   </div>
   <div class='ocr_carea' id='block_1_57' title="bbox 2132 2974 3698 3048">
    <p class='ocr_par' dir='ltr' id='par_1_57' title="bbox 2132 2974 3698 3048">
     <span class='ocr_line' id='line_1_57' title="bbox 2132 2974 3698 3048; baseline 0.004 -19"><span class='ocrx_word' id='word_1_387' title='bbox 2132 2974 2288 3030; x_wconf 89' lang='lat' dir='ltr'><strong>tinuo</strong></span> <span class='ocrx_word' id='word_1_388' title='bbox 2326 2982 2678 3030; x_wconf 88' lang='lat' dir='ltr'><strong>evanesceret</strong></span> <span class='ocrx_word' id='word_1_389' title='bbox 2723 2975 2831 3030; x_wconf 91' lang='lat' dir='ltr'><strong>vita</strong></span> <span class='ocrx_word' id='word_1_390' title='bbox 2875 2985 3085 3033; x_wconf 91' lang='lat' dir='ltr'><strong>nostra.</strong></span> <span class='ocrx_word' id='word_1_391' title='bbox 3118 2977 3255 3033; x_wconf 85' lang='lat' dir='ltr'><strong>Nam</strong></span> <span class='ocrx_word' id='word_1_392' title='bbox 3284 2980 3574 3048; x_wconf 76' lang='lat' dir='ltr'><strong>recedente</strong></span> <span class='ocrx_word' id='word_1_393' title='bbox 3609 2980 3698 3035; x_wconf 82' lang='lat' dir='ltr'><strong>illa</strong></span> 
     </span>
    </p>
   </div>
   <div class='ocr_carea' id='block_1_58' title="bbox 2132 3066 3702 3143">
    <p class='ocr_par' dir='ltr' id='par_1_58' title="bbox 2132 3066 3702 3143">
     <span class='ocr_line' id='line_1_58' title="bbox 2132 3066 3702 3143; baseline 0.005 -23"><span class='ocrx_word' id='word_1_394' title='bbox 2132 3072 2311 3122; x_wconf 88' lang='lat' dir='ltr'><strong>mente</strong></span> <span class='ocrx_word' id='word_1_395' title='bbox 2339 3080 2446 3136; x_wconf 88' lang='lat' dir='ltr'>qua</span> <span class='ocrx_word' id='word_1_396' title='bbox 2478 3066 2536 3120; x_wconf 93' lang='lat' dir='ltr'><strong>in</strong></span> <span class='ocrx_word' id='word_1_397' title='bbox 2565 3066 2743 3122; x_wconf 89' lang='lat' dir='ltr'><strong>lucem</strong></span> <span class='ocrx_word' id='word_1_398' title='bbox 2780 3067 2911 3123; x_wconf 90' lang='lat' dir='ltr'><strong>editi</strong></span> <span class='ocrx_word' id='word_1_399' title='bbox 2944 3083 3156 3135; x_wconf 90' lang='lat' dir='ltr'><strong>sumus,</strong></span> <span class='ocrx_word' id='word_1_400' title='bbox 3187 3077 3242 3126; x_wconf 91' lang='lat' dir='ltr'><strong>et</strong></span> <span class='ocrx_word' id='word_1_401' title='bbox 3273 3071 3434 3127; x_wconf 90' lang='lat' dir='ltr'><strong>nobis</strong></span> <span class='ocrx_word' id='word_1_402' title='bbox 3470 3087 3702 3143; x_wconf 86' lang='lat' dir='ltr'><strong>pereun-</strong></span> 
     </span>
    </p>
   </div>
   <div class='ocr_carea' id='block_1_59' title="bbox 448 3157 2458 3234">
    <p class='ocr_par' dir='ltr' id='par_1_59' title="bbox 448 3157 2458 3234">
     <span class='ocr_line' id='line_1_59' title="bbox 448 3157 2458 3234; baseline -0.001 -20"><span class='ocrx_word' id='word_1_403' title='bbox 448 3161 812 3234; x_wconf 63' lang='grc' dir='ltr'>ἐληλύθαμεν,</span> <span class='ocrx_word' id='word_1_404' title='bbox 861 3161 1145 3217; x_wconf 87' lang='grc' dir='ltr'>ἀκολουθεῖ</span> <span class='ocrx_word' id='word_1_405' title='bbox 1190 3159 1593 3215; x_wconf 81' lang='grc' dir='ltr'>συνανελεῖσθαι</span> <span class='ocrx_word' id='word_1_406' title='bbox 1642 3158 1801 3230; x_wconf 82' lang='grc' dir='ltr'>ἡμῶν</span> <span class='ocrx_word' id='word_1_407' title='bbox 1837 3158 1931 3212; x_wconf 73' lang='grc' dir='ltr'>καὶ</span> <span class='ocrx_word' id='word_1_408' title='bbox 1970 3159 2030 3212; x_wconf 87' lang='grc' dir='ltr'>τὸ</span> <span class='ocrx_word' id='word_1_409' title='bbox 2057 3168 2100 3232; x_wconf 78' lang='lat' dir='ltr'>c</span> <span class='ocrx_word' id='word_1_410' title='bbox 2132 3157 2261 3211; x_wconf 92' lang='lat' dir='ltr'>dum</span> <span class='ocrx_word' id='word_1_411' title='bbox 2293 3165 2458 3213; x_wconf 88' lang='lat' dir='ltr'><strong>esset.</strong></span> 
     </span>
    </p>
   </div>
   <div class='ocr_carea' id='block_1_60' title="bbox 454 3246 617 3307">
    <p class='ocr_par' dir='ltr' id='par_1_60' title="bbox 454 3246 617 3307">
     <span class='ocr_line' id='line_1_60' title="bbox 454 3246 617 3307; baseline 0.018 -4"><span class='ocrx_word' id='word_1_412' title='bbox 454 3246 617 3307; x_wconf 75' lang='grc' dir='ltr'>εἶναι.</span> 
     </span>
    </p>
   </div>
   <div class='ocr_carea' id='block_1_61' title="bbox 536 3358 2031 3434">
    <p class='ocr_par' dir='ltr' id='par_1_61' title="bbox 536 3358 2031 3434">
     <span class='ocr_line' id='line_1_61' title="bbox 536 3358 2031 3434; baseline -0.003 -19"><span class='ocrx_word' id='word_1_413' title='bbox 536 3362 872 3434; x_wconf 80' lang='grc' dir='ltr'>Ἀπανταχοῦ</span> <span class='ocrx_word' id='word_1_414' title='bbox 906 3363 1148 3417; x_wconf 89' lang='grc' dir='ltr'>ἀναίτιον</span> <span class='ocrx_word' id='word_1_415' title='bbox 1186 3361 1378 3417; x_wconf 85' lang='grc' dir='ltr'>ἐαυτὸν</span> <span class='ocrx_word' id='word_1_416' title='bbox 1417 3361 1519 3431; x_wconf 84' lang='grc' dir='ltr'>τῆς</span> <span class='ocrx_word' id='word_1_417' title='bbox 1547 3358 1749 3413; x_wconf 90' lang='grc' dir='ltr'>τούτων</span> <span class='ocrx_word' id='word_1_418' title='bbox 1778 3359 2031 3412; x_wconf 89' lang='grc' dir='ltr'>ἀποστα-</span> 
     </span>
    </p>
   </div>
   <div class='ocr_carea' id='block_1_62' title="bbox 448 3447 2029 3522">
    <p class='ocr_par' dir='ltr' id='par_1_62' title="bbox 448 3447 2029 3522">
     <span class='ocr_line' id='line_1_62' title="bbox 448 3447 2029 3522; baseline -0.003 -18"><span class='ocrx_word' id='word_1_419' title='bbox 448 3450 576 3515; x_wconf 63' lang='lat' dir='ltr'><strong>cia;</strong></span> <span class='ocrx_word' id='word_1_420' title='bbox 603 3451 874 3507; x_wconf 84' lang='grc' dir='ltr'>δείκνυσιν</span> <span class='ocrx_word' id='word_1_421' title='bbox 900 3453 929 3506; x_wconf 87' lang='grc' dir='ltr'>ὁ</span> <span class='ocrx_word' id='word_1_422' title='bbox 954 3452 1105 3518; x_wconf 78' lang='grc' dir='ltr'>Θεὸς,</span> <span class='ocrx_word' id='word_1_423' title='bbox 1128 3451 1387 3505; x_wconf 80' lang='grc' dir='ltr'>ἑλκόντων</span> <span class='ocrx_word' id='word_1_424' title='bbox 1417 3451 1513 3522; x_wconf 87' lang='grc' dir='ltr'>μὲν</span> <span class='ocrx_word' id='word_1_425' title='bbox 1539 3450 1634 3504; x_wconf 54' lang='grc' dir='ltr'>καὶ⁵</span> <span class='ocrx_word' id='word_1_426' title='bbox 1662 3447 2029 3502; x_wconf 82' lang='grc' dir='ltr'>ἀποσπώντων</span> 
     </span>
    </p>
   </div>
   <div class='ocr_carea' id='block_1_63' title="bbox 455 3540 2029 3613">
    <p class='ocr_par' dir='ltr' id='par_1_63' title="bbox 455 3540 2029 3613">
     <span class='ocr_line' id='line_1_63' title="bbox 455 3540 2029 3613; baseline -0.002 -18"><span class='ocrx_word' id='word_1_427' title='bbox 455 3542 679 3606; x_wconf 70' lang='grc' dir='ltr'>ἑαυτοὺς</span> <span class='ocrx_word' id='word_1_428' title='bbox 718 3543 814 3597; x_wconf 74' lang='grc' dir='ltr'>καὶ</span> <span class='ocrx_word' id='word_1_429' title='bbox 854 3543 1086 3608; x_wconf 80' lang='grc' dir='ltr'>ἀναξίων</span> <span class='ocrx_word' id='word_1_430' title='bbox 1134 3542 1456 3598; x_wconf 87' lang='grc' dir='ltr'>δεικνύντων</span> <span class='ocrx_word' id='word_1_431' title='bbox 1496 3542 1595 3613; x_wconf 84' lang='grc' dir='ltr'>τῆς</span> <span class='ocrx_word' id='word_1_432' title='bbox 1633 3541 1799 3594; x_wconf 81' lang='grc' dir='ltr'>αὐτοῦ</span> <span class='ocrx_word' id='word_1_433' title='bbox 1854 3540 2029 3611; x_wconf 86' lang='grc' dir='ltr'>κηδε-</span> 
     </span>
    </p>
   </div>
   <div class='ocr_carea' id='block_1_64' title="bbox 462 3632 2030 3704">
    <p class='ocr_par' dir='ltr' id='par_1_64' title="bbox 462 3632 2030 3704">
     <span class='ocr_line' id='line_1_64' title="bbox 462 3632 2030 3704; baseline -0.002 -17"><span class='ocrx_word' id='word_1_434' title='bbox 462 3634 653 3704; x_wconf 85' lang='grc' dir='ltr'>μονίας</span> <span class='ocrx_word' id='word_1_435' title='bbox 672 3651 687 3666; x_wconf 95' lang='grc'>·</span> <span class='ocrx_word' id='word_1_436' title='bbox 714 3636 779 3688; x_wconf 87' lang='grc' dir='ltr'>ἐκ</span> <span class='ocrx_word' id='word_1_437' title='bbox 802 3634 858 3687; x_wconf 85' lang='grc' dir='ltr'>δὲ</span> <span class='ocrx_word' id='word_1_438' title='bbox 894 3635 986 3689; x_wconf 76' lang='grc' dir='ltr'>τοῦ</span> <span class='ocrx_word' id='word_1_439' title='bbox 1021 3635 1263 3690; x_wconf 85' lang='grc' dir='ltr'>ἐναντίου</span> <span class='ocrx_word' id='word_1_440' title='bbox 1288 3634 1378 3689; x_wconf 82' lang='grc' dir='ltr'>τὸν</span> <span class='ocrx_word' id='word_1_441' title='bbox 1408 3633 1540 3687; x_wconf 76' lang='grc' dir='ltr'>Θεὸν</span> <span class='ocrx_word' id='word_1_442' title='bbox 1559 3632 1736 3702; x_wconf 88' lang='grc' dir='ltr'>ἀγαθά</span> <span class='ocrx_word' id='word_1_443' title='bbox 1765 3633 1850 3686; x_wconf 85' lang='grc' dir='ltr'>ἐπ’</span> <span class='ocrx_word' id='word_1_444' title='bbox 1881 3634 2030 3701; x_wconf 87' lang='grc' dir='ltr'>ἀγα-</span> 
     </span>
    </p>
   </div>
   <div class='ocr_carea' id='block_1_65' title="bbox 454 3725 1745 3801">
    <p class='ocr_par' dir='ltr' id='par_1_65' title="bbox 454 3725 1745 3801">
     <span class='ocr_line' id='line_1_65' title="bbox 454 3725 1745 3801; baseline 0.002 -22"><span class='ocrx_word' id='word_1_445' title='bbox 454 3725 588 3792; x_wconf 83' lang='grc' dir='ltr'>θοῖς,</span> <span class='ocrx_word' id='word_1_446' title='bbox 617 3727 711 3781; x_wconf 78' lang='grc' dir='ltr'>καὶ</span> <span class='ocrx_word' id='word_1_447' title='bbox 736 3726 942 3799; x_wconf 84' lang='grc' dir='ltr'>δωρεὰς</span> <span class='ocrx_word' id='word_1_448' title='bbox 977 3729 1071 3782; x_wconf 74' lang='grc' dir='ltr'>ἐπὶ</span> <span class='ocrx_word' id='word_1_449' title='bbox 1094 3728 1322 3801; x_wconf 83' lang='grc' dir='ltr'>δωρεαῖς</span> <span class='ocrx_word' id='word_1_450' title='bbox 1349 3726 1745 3799; x_wconf 89' lang='grc' dir='ltr'>προστιθέντος.</span> 
     </span>
    </p>
   </div>
   <div class='ocr_carea' id='block_1_66' title="bbox 532 3840 2027 3915">
    <p class='ocr_par' dir='ltr' id='par_1_66' title="bbox 532 3840 2027 3915">
     <span class='ocr_line' id='line_1_66' title="bbox 532 3840 2027 3915; baseline -0.001 -20"><span class='ocrx_word' id='word_1_451' title='bbox 532 3841 697 3914; x_wconf 83' lang='grc' dir='ltr'>Ἐμοῦ</span> <span class='ocrx_word' id='word_1_452' title='bbox 729 3844 827 3915; x_wconf 80' lang='grc' dir='ltr'>μὲν</span> <span class='ocrx_word' id='word_1_453' title='bbox 847 3844 915 3897; x_wconf 82' lang='grc' dir='ltr'>δι’</span> <span class='ocrx_word' id='word_1_454' title='bbox 940 3843 1177 3914; x_wconf 87' lang='grc' dir='ltr'>ἐλέγχων</span> <span class='ocrx_word' id='word_1_455' title='bbox 1197 3860 1258 3896; x_wconf 91' lang='grc' dir='ltr'>τε</span> <span class='ocrx_word' id='word_1_456' title='bbox 1286 3843 1380 3896; x_wconf 77' lang='grc' dir='ltr'>καὶ</span> <span class='ocrx_word' id='word_1_457' title='bbox 1406 3842 1797 3913; x_wconf 87' lang='grc' dir='ltr'>ἐπιτιμήσεων,</span> <span class='ocrx_word' id='word_1_458' title='bbox 1825 3842 1886 3894; x_wconf 86' lang='grc' dir='ltr'>οὐ</span> <span class='ocrx_word' id='word_1_459' title='bbox 1922 3840 2027 3911; x_wconf 75' lang='grc' dir='ltr'>μὴν</span> 
     </span>
    </p>
   </div>
   <div class='ocr_carea' id='block_1_67' title="bbox 452 3932 2025 4007">
    <p class='ocr_par' dir='ltr' id='par_1_67' title="bbox 452 3932 2025 4007">
     <span class='ocr_line' id='line_1_67' title="bbox 452 3932 2025 4007; baseline -0.001 -22"><span class='ocrx_word' id='word_1_460' title='bbox 452 3933 586 3986; x_wconf 80' lang='grc' dir='ltr'>ἀλλὰ</span> <span class='ocrx_word' id='word_1_461' title='bbox 628 3934 721 3988; x_wconf 74' lang='grc' dir='ltr'>καὶ</span> <span class='ocrx_word' id='word_1_462' title='bbox 764 3935 1159 4007; x_wconf 85' lang='grc' dir='ltr'>παρακλήσεων</span> <span class='ocrx_word' id='word_1_463' title='bbox 1215 3934 1578 4003; x_wconf 85' lang='grc' dir='ltr'>ἐπανάγοντος</span> <span class='ocrx_word' id='word_1_464' title='bbox 1623 3932 1760 4004; x_wconf 89' lang='grc' dir='ltr'>πρὸς</span> <span class='ocrx_word' id='word_1_465' title='bbox 1815 3932 2025 3996; x_wconf 82' lang='grc' dir='ltr'>ἑαυτὸν,</span> 
     </span>
    </p>
   </div>
   <div class='ocr_carea' id='block_1_68' title="bbox 450 4022 2028 4099">
    <p class='ocr_par' dir='ltr' id='par_1_68' title="bbox 450 4022 2028 4099">
     <span class='ocr_line' id='line_1_68' title="bbox 450 4022 2028 4099; baseline 0.001 -23"><span class='ocrx_word' id='word_1_466' title='bbox 450 4022 606 4094; x_wconf 76' lang='grc' dir='ltr'>ὖμῶν</span> <span class='ocrx_word' id='word_1_467' title='bbox 643 4025 776 4097; x_wconf 87' lang='grc' dir='ltr'>μηδέ</span> <span class='ocrx_word' id='word_1_468' title='bbox 815 4028 891 4091; x_wconf 85' lang='grc' dir='ltr'>ὡς</span> <span class='ocrx_word' id='word_1_469' title='bbox 931 4027 1099 4099; x_wconf 81' lang='grc' dir='ltr'>ἀκοῆς</span> <span class='ocrx_word' id='word_1_470' title='bbox 1142 4026 1635 4099; x_wconf 82' lang='grc' dir='ltr'>ἐπιστρεφομένων·</span> <span class='ocrx_word' id='word_1_471' title='bbox 1680 4026 1740 4080; x_wconf 84' lang='grc' dir='ltr'>οὐ</span> <span class='ocrx_word' id='word_1_472' title='bbox 1782 4025 1932 4098; x_wconf 82' lang='grc' dir='ltr'>παρὰ</span> <span class='ocrx_word' id='word_1_473' title='bbox 1969 4026 2028 4078; x_wconf 85' lang='lat' dir='ltr'><strong>rb</strong></span> 
     </span>
    </p>
   </div>
   <div class='ocr_carea' id='block_1_69' title="bbox 456 4115 2025 4189">
    <p class='ocr_par' dir='ltr' id='par_1_69' title="bbox 456 4115 2025 4189">
     <span class='ocr_line' id='line_1_69' title="bbox 456 4115 2025 4189; baseline 0 -19"><span class='ocrx_word' id='word_1_474' title='bbox 456 4115 530 4188; x_wconf 83' lang='grc' dir='ltr'>μὴ</span> <span class='ocrx_word' id='word_1_475' title='bbox 550 4117 848 4189; x_wconf 80' lang='grc' dir='ltr'>κεκτῆσθαι</span> <span class='ocrx_word' id='word_1_476' title='bbox 872 4117 1041 4183; x_wconf 78' lang='grc' dir='ltr'>ἀκοὰς</span> <span class='ocrx_word' id='word_1_477' title='bbox 1060 4159 1075 4182; x_wconf 90' lang='grc'>,</span> <span class='ocrx_word' id='word_1_478' title='bbox 1107 4118 1240 4173; x_wconf 89' lang='grc' dir='ltr'>ἀλλὰ</span> <span class='ocrx_word' id='word_1_479' title='bbox 1271 4118 1420 4189; x_wconf 90' lang='grc' dir='ltr'>παρά</span> <span class='ocrx_word' id='word_1_480' title='bbox 1448 4118 1510 4170; x_wconf 88' lang='lat' dir='ltr'><strong>rb</strong></span> <span class='ocrx_word' id='word_1_481' title='bbox 1544 4115 1909 4186; x_wconf 77' lang='grc' dir='ltr'>ἐθελοκωφίαν</span> <span class='ocrx_word' id='word_1_482' title='bbox 1937 4134 2025 4170; x_wconf 86' lang='grc' dir='ltr'>νο-</span> 
     </span>
    </p>
   </div>
   <div class='ocr_carea' id='block_1_70' title="bbox 454 4212 590 4266">
    <p class='ocr_par' dir='ltr' id='par_1_70' title="bbox 454 4212 590 4266">
     <span class='ocr_line' id='line_1_70' title="bbox 454 4212 590 4266; baseline 0.022 -3"><span class='ocrx_word' id='word_1_483' title='bbox 454 4212 590 4266; x_wconf 84' lang='grc' dir='ltr'>σεῖν.</span> 
     </span>
    </p>
   </div>
   <div class='ocr_carea' id='block_1_71' title="bbox 530 4303 2024 4397">
    <p class='ocr_par' dir='ltr' id='par_1_71' title="bbox 530 4303 2024 4397">
     <span class='ocr_line' id='line_1_71' title="bbox 530 4303 2024 4397; baseline -0.003 -19"><span class='ocrx_word' id='word_1_484' title='bbox 530 4303 1001 4397; x_wconf 45' lang='grc' dir='ltr'>δΑλλήἀδυναμιας</span> <span class='ocrx_word' id='word_1_485' title='bbox 1021 4342 1120 4397; x_wconf 91' lang='grc' dir='ltr'>μου</span> <span class='ocrx_word' id='word_1_486' title='bbox 1140 4321 1572 4393; x_wconf 88' lang='grc' dir='ltr'>καταγνωσεσθε,</span> <span class='ocrx_word' id='word_1_487' title='bbox 1607 4320 1772 4391; x_wconf 73' lang='grc' dir='ltr'>φησὶν</span> <span class='ocrx_word' id='word_1_488' title='bbox 1793 4361 1809 4385; x_wconf 95' lang='grc'>,</span> <span class='ocrx_word' id='word_1_489' title='bbox 1843 4319 1920 4384; x_wconf 87' lang='grc' dir='ltr'>ὡς</span> <span class='ocrx_word' id='word_1_490' title='bbox 1949 4321 2024 4390; x_wconf 85' lang='grc' dir='ltr'>μὴ</span> 
     </span>
    </p>
   </div>
   <div class='ocr_carea' id='block_1_72' title="bbox 449 4411 2023 4488">
    <p class='ocr_par' dir='ltr' id='par_1_72' title="bbox 449 4411 2023 4488">
     <span class='ocr_line' id='line_1_72' title="bbox 449 4411 2023 4488; baseline -0.004 -19"><span class='ocrx_word' id='word_1_491' title='bbox 449 4414 816 4487; x_wconf 78' lang='grc' dir='ltr'>ἐπαρκοῦντος</span> <span class='ocrx_word' id='word_1_492' title='bbox 844 4419 923 4480; x_wconf 82' lang='grc' dir='ltr'>είς</span> <span class='ocrx_word' id='word_1_493' title='bbox 942 4416 1041 4487; x_wconf 83' lang='grc' dir='ltr'>τὴν</span> <span class='ocrx_word' id='word_1_494' title='bbox 1067 4415 1220 4488; x_wconf 81' lang='grc' dir='ltr'>ὑμῶν</span> <span class='ocrx_word' id='word_1_495' title='bbox 1253 4413 1500 4487; x_wconf 81' lang='grc' dir='ltr'>βοήθειαν</span> <span class='ocrx_word' id='word_1_496' title='bbox 1516 4453 1531 4477; x_wconf 90' lang='grc'>,</span> <span class='ocrx_word' id='word_1_497' title='bbox 1569 4412 1701 4484; x_wconf 85' lang='grc' dir='ltr'>μηδὲ</span> <span class='ocrx_word' id='word_1_498' title='bbox 1725 4411 2023 4484; x_wconf 78' lang='grc' dir='ltr'>δυναμένου</span> 
     </span>
    </p>
   </div>
   <div class='ocr_carea' id='block_1_73' title="bbox 2198 3353 3700 3419">
    <p class='ocr_par' dir='ltr' id='par_1_73' title="bbox 2198 3353 3700 3419">
     <span class='ocr_line' id='line_1_73' title="bbox 2198 3353 3700 3419; baseline 0.006 -11"><span class='ocrx_word' id='word_1_499' title='bbox 2198 3353 2326 3410; x_wconf 69' lang='lat' dir='ltr'><strong>Cn.</strong></span> <span class='ocrx_word' id='word_1_500' title='bbox 2357 3353 2420 3416; x_wconf 90' lang='lat' dir='ltr'><strong>L,</strong></span> <span class='ocrx_word' id='word_1_501' title='bbox 2455 3353 2620 3411; x_wconf 76' lang='lat' dir='ltr'><strong>Vens.</strong></span> <span class='ocrx_word' id='word_1_502' title='bbox 2647 3355 2699 3409; x_wconf 77' lang='grc'><strong>1.</strong></span> <span class='ocrx_word' id='word_1_503' title='bbox 2733 3355 2983 3411; x_wconf 88' lang='lat' dir='ltr'><strong>Declarat</strong></span> <span class='ocrx_word' id='word_1_504' title='bbox 3026 3356 3170 3414; x_wconf 91' lang='lat' dir='ltr'><strong>Deus</strong></span> <span class='ocrx_word' id='word_1_505' title='bbox 3224 3375 3283 3415; x_wconf 88' lang='lat' dir='ltr'>se</span> <span class='ocrx_word' id='word_1_506' title='bbox 3315 3360 3462 3415; x_wconf 88' lang='lat' dir='ltr'><strong>nulla</strong></span> <span class='ocrx_word' id='word_1_507' title='bbox 3490 3362 3700 3419; x_wconf 86' lang='lat' dir='ltr'><strong>ratione</strong></span> 
     </span>
    </p>
   </div>
   <div class='ocr_carea' id='block_1_74' title="bbox 2128 3444 3699 3521">
    <p class='ocr_par' dir='ltr' id='par_1_74' title="bbox 2128 3444 3699 3521">
     <span class='ocr_line' id='line_1_74' title="bbox 2128 3444 3699 3521; baseline 0.006 -22"><span class='ocrx_word' id='word_1_508' title='bbox 2128 3444 2493 3501; x_wconf 80' lang='lat' dir='ltr'><strong>defectionem</strong></span> <span class='ocrx_word' id='word_1_509' title='bbox 2525 3446 2743 3501; x_wconf 90' lang='lat' dir='ltr'><strong>illorum</strong></span> <span class='ocrx_word' id='word_1_510' title='bbox 2781 3446 3017 3514; x_wconf 87' lang='lat' dir='ltr'><strong>fovisse,</strong></span> <span class='ocrx_word' id='word_1_511' title='bbox 3046 3465 3172 3504; x_wconf 91' lang='lat' dir='ltr'>cum</span> <span class='ocrx_word' id='word_1_512' title='bbox 3208 3450 3312 3521; x_wconf 86' lang='lat' dir='ltr'><strong>ipsi</strong></span> <span class='ocrx_word' id='word_1_513' title='bbox 3361 3468 3417 3507; x_wconf 90' lang='lat' dir='ltr'><strong>se</strong></span> <span class='ocrx_word' id='word_1_514' title='bbox 3454 3454 3699 3509; x_wconf 84' lang='lat' dir='ltr'><strong>tradide-</strong></span> 
     </span>
    </p>
   </div>
   <div class='ocr_carea' id='block_1_75' title="bbox 2126 3538 3700 3615">
    <p class='ocr_par' dir='ltr' id='par_1_75' title="bbox 2126 3538 3700 3615">
     <span class='ocr_line' id='line_1_75' title="bbox 2126 3538 3700 3615; baseline 0.004 -24"><span class='ocrx_word' id='word_1_515' title='bbox 2126 3538 2272 3603; x_wconf 85' lang='lat' dir='ltr'><strong>rint,</strong></span> <span class='ocrx_word' id='word_1_516' title='bbox 2302 3545 2356 3593; x_wconf 91' lang='lat' dir='ltr'><strong>et</strong></span> <span class='ocrx_word' id='word_1_517' title='bbox 2389 3538 2756 3608; x_wconf 88' lang='lat' dir='ltr'><strong>perdiderint,</strong></span> <span class='ocrx_word' id='word_1_518' title='bbox 2788 3548 2842 3594; x_wconf 90' lang='lat' dir='ltr'>et</span> <span class='ocrx_word' id='word_1_519' title='bbox 2887 3555 3021 3594; x_wconf 89' lang='lat' dir='ltr'><strong>cura</strong></span> <span class='ocrx_word' id='word_1_520' title='bbox 3045 3541 3167 3611; x_wconf 90' lang='lat' dir='ltr'><strong>ejus</strong></span> <span class='ocrx_word' id='word_1_521' title='bbox 3201 3542 3453 3613; x_wconf 77' lang='lat' dir='ltr'><strong>indignos</strong></span> <span class='ocrx_word' id='word_1_522' title='bbox 3487 3545 3700 3615; x_wconf 70' lang='lat' dir='ltr'><strong>praesti-</strong></span> 
     </span>
    </p>
   </div>
   <div class='ocr_carea' id='block_1_76' title="bbox 2127 3630 3697 3705">
    <p class='ocr_par' dir='ltr' id='par_1_76' title="bbox 2127 3630 3697 3705">
     <span class='ocr_line' id='line_1_76' title="bbox 2127 3630 3697 3705; baseline 0.004 -21"><span class='ocrx_word' id='word_1_523' title='bbox 2127 3631 2327 3695; x_wconf 89' lang='lat' dir='ltr'><strong>terint,</strong></span> <span class='ocrx_word' id='word_1_524' title='bbox 2368 3630 2479 3686; x_wconf 90' lang='lat' dir='ltr'><strong>Deo</strong></span> <span class='ocrx_word' id='word_1_525' title='bbox 2500 3631 2645 3687; x_wconf 87' lang='lat' dir='ltr'><strong>bona</strong></span> <span class='ocrx_word' id='word_1_526' title='bbox 2697 3646 2864 3702; x_wconf 88' lang='lat' dir='ltr'><strong>super</strong></span> <span class='ocrx_word' id='word_1_527' title='bbox 2894 3632 3040 3687; x_wconf 90' lang='lat' dir='ltr'><strong>bona</strong></span> <span class='ocrx_word' id='word_1_528' title='bbox 3087 3633 3412 3705; x_wconf 88' lang='lat' dir='ltr'><strong>adjiciente,</strong></span> <span class='ocrx_word' id='word_1_529' title='bbox 3457 3643 3512 3691; x_wconf 92' lang='lat' dir='ltr'><strong>et</strong></span> <span class='ocrx_word' id='word_1_530' title='bbox 3554 3636 3697 3691; x_wconf 82' lang='lat' dir='ltr'><strong>dona</strong></span> 
     </span>
    </p>
   </div>
   <div class='ocr_carea' id='block_1_77' title="bbox 2127 3721 2487 3795">
    <p class='ocr_par' dir='ltr' id='par_1_77' title="bbox 2127 3721 2487 3795">
     <span class='ocr_line' id='line_1_77' title="bbox 2127 3721 2487 3795; baseline 0.006 -18"><span class='ocrx_word' id='word_1_531' title='bbox 2127 3738 2294 3795; x_wconf 90' lang='lat' dir='ltr'><strong>super</strong></span> <span class='ocrx_word' id='word_1_532' title='bbox 2324 3721 2487 3779; x_wconf 89' lang='lat' dir='ltr'><strong>dona.</strong></span> 
     </span>
    </p>
   </div>
   <div class='ocr_carea' id='block_1_78' title="bbox 2198 3835 3695 3911">
    <p class='ocr_par' dir='ltr' id='par_1_78' title="bbox 2198 3835 3695 3911">
     <span class='ocr_line' id='line_1_78' title="bbox 2198 3835 3695 3911; baseline 0.002 -18"><span class='ocrx_word' id='word_1_533' title='bbox 2198 3835 2363 3893; x_wconf 73' lang='lat' dir='ltr'><strong>Vens.</strong></span> <span class='ocrx_word' id='word_1_534' title='bbox 2396 3837 2452 3892; x_wconf 77' lang='grc'>2.</span> <span class='ocrx_word' id='word_1_535' title='bbox 2512 3836 2624 3909; x_wconf 87' lang='lat' dir='ltr'>Ego</span> <span class='ocrx_word' id='word_1_536' title='bbox 2679 3852 2810 3893; x_wconf 91' lang='lat' dir='ltr'><strong>vero</strong></span> <span class='ocrx_word' id='word_1_537' title='bbox 2849 3838 3365 3910; x_wconf 83' lang='lat' dir='ltr'>reprehensionibus</span> <span class='ocrx_word' id='word_1_538' title='bbox 3397 3848 3451 3897; x_wconf 90' lang='lat' dir='ltr'>et</span> <span class='ocrx_word' id='word_1_539' title='bbox 3482 3841 3658 3911; x_wconf 75' lang='lat' dir='ltr'><strong>pmnis</strong></span> <span class='ocrx_word' id='word_1_540' title='bbox 3679 3880 3695 3907; x_wconf 92' lang='lat'><strong>,</strong></span> 
     </span>
    </p>
   </div>
   <div class='ocr_carea' id='block_1_79' title="bbox 2127 3931 3692 4003">
    <p class='ocr_par' dir='ltr' id='par_1_79' title="bbox 2127 3931 3692 4003">
     <span class='ocr_line' id='line_1_79' title="bbox 2127 3931 3692 4003; baseline 0.002 -18"><span class='ocrx_word' id='word_1_541' title='bbox 2127 3931 2429 4003; x_wconf 61' lang='lat' dir='ltr'><strong>praesertim</strong></span> <span class='ocrx_word' id='word_1_542' title='bbox 2458 3946 2588 3987; x_wconf 89' lang='lat' dir='ltr'><strong>vero</strong></span> <span class='ocrx_word' id='word_1_543' title='bbox 2618 3931 3092 3990; x_wconf 82' lang='lat' dir='ltr'><strong>exhortationibus</strong></span> <span class='ocrx_word' id='word_1_544' title='bbox 3117 3933 3185 3987; x_wconf 91' lang='lat' dir='ltr'>ad</span> <span class='ocrx_word' id='word_1_545' title='bbox 3217 3949 3304 3989; x_wconf 92' lang='lat' dir='ltr'><strong>me</strong></span> <span class='ocrx_word' id='word_1_546' title='bbox 3331 3934 3658 3990; x_wconf 88' lang='lat' dir='ltr'><strong>revocabam</strong></span> <span class='ocrx_word' id='word_1_547' title='bbox 3677 3973 3692 3998; x_wconf 95' lang='lat'><strong>,</strong></span> 
     </span>
    </p>
   </div>
   <div class='ocr_carea' id='block_1_80' title="bbox 2126 4021 3698 4093">
    <p class='ocr_par' dir='ltr' id='par_1_80' title="bbox 2126 4021 3698 4093">
     <span class='ocr_line' id='line_1_80' title="bbox 2126 4021 3698 4093; baseline 0.006 -18"><span class='ocrx_word' id='word_1_548' title='bbox 2126 4036 2225 4078; x_wconf 90' lang='lat' dir='ltr'>vos</span> <span class='ocrx_word' id='word_1_549' title='bbox 2259 4037 2387 4078; x_wconf 88' lang='lat' dir='ltr'><strong>vero</strong></span> <span class='ocrx_word' id='word_1_550' title='bbox 2423 4037 2535 4077; x_wconf 90' lang='lat' dir='ltr'><strong>non</strong></span> <span class='ocrx_word' id='word_1_551' title='bbox 2582 4021 2848 4090; x_wconf 82' lang='lat' dir='ltr'><strong>audistis;</strong></span> <span class='ocrx_word' id='word_1_552' title='bbox 2905 4038 3015 4078; x_wconf 92' lang='lat' dir='ltr'><strong>non</strong></span> <span class='ocrx_word' id='word_1_553' title='bbox 3052 4023 3195 4093; x_wconf 89' lang='lat' dir='ltr'><strong>quod</strong></span> <span class='ocrx_word' id='word_1_554' title='bbox 3231 4023 3508 4081; x_wconf 84' lang='lat' dir='ltr'><strong>defuerint</strong></span> <span class='ocrx_word' id='word_1_555' title='bbox 3540 4025 3698 4084; x_wconf 75' lang='lat' dir='ltr'><strong>vobis</strong></span> 
     </span>
    </p>
   </div>
   <div class='ocr_carea' id='block_1_81' title="bbox 2127 4114 3379 4186">
    <p class='ocr_par' dir='ltr' id='par_1_81' title="bbox 2127 4114 3379 4186">
     <span class='ocr_line' id='line_1_81' title="bbox 2127 4114 3379 4186; baseline 0.002 -16"><span class='ocrx_word' id='word_1_556' title='bbox 2127 4129 2288 4171; x_wconf 85' lang='lat' dir='ltr'><strong>aures</strong></span> <span class='ocrx_word' id='word_1_557' title='bbox 2307 4156 2323 4183; x_wconf 90' lang='lat'><strong>,</strong></span> <span class='ocrx_word' id='word_1_558' title='bbox 2352 4115 2447 4170; x_wconf 90' lang='lat' dir='ltr'><strong>sed</strong></span> <span class='ocrx_word' id='word_1_559' title='bbox 2486 4114 2632 4186; x_wconf 90' lang='lat' dir='ltr'><strong>quod</strong></span> <span class='ocrx_word' id='word_1_560' title='bbox 2665 4123 2859 4186; x_wconf 85' lang='lat' dir='ltr'><strong>sponte</strong></span> <span class='ocrx_word' id='word_1_561' title='bbox 2884 4130 2978 4171; x_wconf 90' lang='lat' dir='ltr'><strong>eas</strong></span> <span class='ocrx_word' id='word_1_562' title='bbox 3001 4115 3379 4172; x_wconf 85' lang='lat' dir='ltr'><strong>obstruxistis.</strong></span> 
     </span>
    </p>
   </div>
   <div class='ocr_carea' id='block_1_82' title="bbox 2194 4310 3699 4386">
    <p class='ocr_par' dir='ltr' id='par_1_82' title="bbox 2194 4310 3699 4386">
     <span class='ocr_line' id='line_1_82' title="bbox 2194 4310 3699 4386; baseline 0.003 -21"><span class='ocrx_word' id='word_1_563' title='bbox 2194 4310 2585 4368; x_wconf 86' lang='lat' dir='ltr'><strong>lmbecillitatis</strong></span> <span class='ocrx_word' id='word_1_564' title='bbox 2616 4327 2703 4368; x_wconf 91' lang='lat' dir='ltr'>me</span> <span class='ocrx_word' id='word_1_565' title='bbox 2742 4312 3010 4384; x_wconf 78' lang='lat' dir='ltr'><strong>arguitis,</strong></span> <span class='ocrx_word' id='word_1_566' title='bbox 3044 4312 3244 4383; x_wconf 87' lang='lat' dir='ltr'>inquit,</span> <span class='ocrx_word' id='word_1_567' title='bbox 3285 4312 3442 4384; x_wconf 87' lang='lat' dir='ltr'><strong>quasi</strong></span> <span class='ocrx_word' id='word_1_568' title='bbox 3478 4329 3577 4371; x_wconf 88' lang='lat' dir='ltr'>vos</span> <span class='ocrx_word' id='word_1_569' title='bbox 3610 4315 3699 4386; x_wconf 88' lang='lat' dir='ltr'><strong>jn-</strong></span> 
     </span>
    </p>
   </div>
   <div class='ocr_carea' id='block_1_83' title="bbox 2126 4406 3694 4477">
    <p class='ocr_par' dir='ltr' id='par_1_83' title="bbox 2126 4406 3694 4477">
     <span class='ocr_line' id='line_1_83' title="bbox 2126 4406 3694 4477; baseline 0.003 -16"><span class='ocrx_word' id='word_1_570' title='bbox 2126 4421 2290 4472; x_wconf 88' lang='lat' dir='ltr'><strong>vare,</strong></span> <span class='ocrx_word' id='word_1_571' title='bbox 2354 4412 2449 4460; x_wconf 90' lang='lat' dir='ltr'>aut</span> <span class='ocrx_word' id='word_1_572' title='bbox 2509 4406 2581 4462; x_wconf 87' lang='lat' dir='ltr'>ab</span> <span class='ocrx_word' id='word_1_573' title='bbox 2633 4406 2880 4463; x_wconf 85' lang='lat' dir='ltr'><strong>hostium</strong></span> <span class='ocrx_word' id='word_1_574' title='bbox 2936 4406 3225 4477; x_wconf 88' lang='lat' dir='ltr'><strong>tyrannide</strong></span> <span class='ocrx_word' id='word_1_575' title='bbox 3287 4406 3524 4464; x_wconf 88' lang='lat' dir='ltr'><strong>liberare</strong></span> <span class='ocrx_word' id='word_1_576' title='bbox 3582 4424 3694 4464; x_wconf 91' lang='lat' dir='ltr'>non</span> 
     </span>
    </p>
   </div>
   <div class='ocr_carea' id='block_1_84' title="bbox 448 4492 2026 4577">
    <p class='ocr_par' dir='ltr' id='par_1_84' title="bbox 448 4500 2020 4577">
     <span class='ocr_line' id='line_1_84' title="bbox 448 4500 2020 4577; baseline -0.004 -18"><span class='ocrx_word' id='word_1_577' title='bbox 448 4504 724 4573; x_wconf 79' lang='grc' dir='ltr'>ἐξελέσθαι</span> <span class='ocrx_word' id='word_1_578' title='bbox 753 4505 894 4575; x_wconf 77' lang='grc' dir='ltr'>ὑμᾶς</span> <span class='ocrx_word' id='word_1_579' title='bbox 916 4504 1018 4575; x_wconf 83' lang='grc' dir='ltr'>τῆς</span> <span class='ocrx_word' id='word_1_580' title='bbox 1039 4504 1144 4559; x_wconf 88' lang='grc' dir='ltr'>τῶν</span> <span class='ocrx_word' id='word_1_581' title='bbox 1172 4502 1656 4577; x_wconf 82' lang='grc' dir='ltr'>ἐπικρατησάντων</span> <span class='ocrx_word' id='word_1_582' title='bbox 1684 4500 2020 4572; x_wconf 88' lang='grc' dir='ltr'>τυραννίδος·</span> 
     </span>
    </p>
   </div>
   <div class='ocr_carea' id='block_1_85' title="bbox 2125 4492 3694 4577">
    <p class='ocr_par' dir='ltr' id='par_1_85' title="bbox 2125 4492 3694 4565">
     <span class='ocr_line' id='line_1_85' title="bbox 2125 4492 3694 4565; baseline 0.005 -21"><span class='ocrx_word' id='word_1_583' title='bbox 2125 4492 2388 4559; x_wconf 88' lang='lat' dir='ltr'><strong>valerem;</strong></span> <span class='ocrx_word' id='word_1_584' title='bbox 2417 4492 2587 4547; x_wconf 90' lang='lat' dir='ltr'><strong>nolite</strong></span> <span class='ocrx_word' id='word_1_585' title='bbox 2614 4492 2687 4547; x_wconf 90' lang='lat' dir='ltr'>ita</span> <span class='ocrx_word' id='word_1_586' title='bbox 2736 4492 2921 4563; x_wconf 85' lang='lat' dir='ltr'><strong>loqui,</strong></span> <span class='ocrx_word' id='word_1_587' title='bbox 2957 4493 3121 4549; x_wconf 89' lang='lat' dir='ltr'><strong>toties</strong></span> <span class='ocrx_word' id='word_1_588' title='bbox 3152 4507 3332 4548; x_wconf 89' lang='lat' dir='ltr'><strong>meam</strong></span> <span class='ocrx_word' id='word_1_589' title='bbox 3369 4500 3694 4565; x_wconf 62' lang='lat' dir='ltr'><strong>potestawm</strong></span> 
     </span>
    </p>
   </div>
   <div class='ocr_carea' id='block_1_86' title="bbox 445 4590 2023 4666">
    <p class='ocr_par' dir='ltr' id='par_1_86' title="bbox 445 4590 2023 4666">
     <span class='ocr_line' id='line_1_86' title="bbox 445 4590 2023 4666; baseline -0.005 -14"><span class='ocrx_word' id='word_1_590' title='bbox 445 4596 561 4652; x_wconf 85' lang='grc' dir='ltr'>ἀλλ’</span> <span class='ocrx_word' id='word_1_591' title='bbox 585 4596 684 4650; x_wconf 79' lang='grc' dir='ltr'>οὐκ</span> <span class='ocrx_word' id='word_1_592' title='bbox 713 4594 777 4649; x_wconf 82' lang='grc' dir='ltr'>ἂν</span> <span class='ocrx_word' id='word_1_593' title='bbox 806 4594 1010 4649; x_wconf 77' lang='grc' dir='ltr'>εἴποιτε</span> <span class='ocrx_word' id='word_1_594' title='bbox 1039 4594 1219 4659; x_wconf 81' lang='grc' dir='ltr'>τοῦτο,</span> <span class='ocrx_word' id='word_1_595' title='bbox 1241 4596 1434 4666; x_wconf 83' lang='grc' dir='ltr'>πεῖραν</span> <span class='ocrx_word' id='word_1_596' title='bbox 1455 4593 1609 4648; x_wconf 75' lang='grc' dir='ltr'>αὐτοὶ</span> <span class='ocrx_word' id='word_1_597' title='bbox 1637 4593 1736 4664; x_wconf 83' lang='grc' dir='ltr'>τῆς</span> <span class='ocrx_word' id='word_1_598' title='bbox 1769 4592 1907 4663; x_wconf 79' lang='grc' dir='ltr'>ἐμῆς</span> <span class='ocrx_word' id='word_1_599' title='bbox 1928 4590 1988 4644; x_wconf 90' lang='grc' dir='ltr'>δυ</span> <span class='ocrx_word' id='word_1_600' title='bbox 2004 4621 2023 4632; x_wconf 88' lang='grc'><strong><em>-</em></strong></span> 
     </span>
    </p>
   </div>
   <div class='ocr_carea' id='block_1_87' title="bbox 453 4683 2021 4760">
    <p class='ocr_par' dir='ltr' id='par_1_87' title="bbox 453 4683 2021 4760">
     <span class='ocr_line' id='line_1_87' title="bbox 453 4683 2021 4760; baseline -0.006 -16"><span class='ocrx_word' id='word_1_601' title='bbox 453 4687 662 4760; x_wconf 58' lang='lat' dir='ltr'><strong>«ipsi»;</strong></span> <span class='ocrx_word' id='word_1_602' title='bbox 694 4686 1003 4759; x_wconf 81' lang='grc' dir='ltr'>ἐσχηκότες·</span> <span class='ocrx_word' id='word_1_603' title='bbox 1042 4684 1200 4739; x_wconf 82' lang='grc' dir='ltr'>τοῦτο</span> <span class='ocrx_word' id='word_1_604' title='bbox 1237 4686 1337 4757; x_wconf 84' lang='grc' dir='ltr'>μὲν</span> <span class='ocrx_word' id='word_1_605' title='bbox 1365 4685 1711 4757; x_wconf 84' lang='grc' dir='ltr'>ξηραίνοντος</span> <span class='ocrx_word' id='word_1_606' title='bbox 1749 4683 2021 4737; x_wconf 88' lang='grc' dir='ltr'>θάλασσαν</span> 
     </span>
    </p>
   </div>
   <div class='ocr_carea' id='block_1_88' title="bbox 443 4775 2023 4851">
    <p class='ocr_par' dir='ltr' id='par_1_88' title="bbox 443 4775 2023 4851">
     <span class='ocr_line' id='line_1_88' title="bbox 443 4775 2023 4851; baseline -0.004 -18"><span class='ocrx_word' id='word_1_607' title='bbox 443 4780 542 4834; x_wconf 67' lang='grc' dir='ltr'>οιαὶ</span> <span class='ocrx_word' id='word_1_608' title='bbox 563 4781 690 4851; x_wconf 80' lang='grc' dir='ltr'>ὑμῖν</span> <span class='ocrx_word' id='word_1_609' title='bbox 711 4779 878 4850; x_wconf 80' lang='grc' dir='ltr'>βατὴν</span> <span class='ocrx_word' id='word_1_610' title='bbox 908 4778 1079 4849; x_wconf 83' lang='grc' dir='ltr'>αὐτὴν</span> <span class='ocrx_word' id='word_1_611' title='bbox 1100 4777 1611 4849; x_wconf 81' lang='grc' dir='ltr'>παρασκευάζοντος</span> <span class='ocrx_word' id='word_1_612' title='bbox 1628 4775 1900 4846; x_wconf 84' lang='grc' dir='ltr'>γενέσθαι,</span> <span class='ocrx_word' id='word_1_613' title='bbox 1929 4776 2023 4827; x_wconf 74' lang='grc' dir='ltr'>καὶ</span> 
     </span>
    </p>
   </div>
   <div class='ocr_carea' id='block_1_89' title="bbox 445 4866 1142 4939">
    <p class='ocr_par' dir='ltr' id='par_1_89' title="bbox 445 4866 1142 4939">
     <span class='ocr_line' id='line_1_89' title="bbox 445 4866 1142 4939; baseline -0.001 -16"><span class='ocrx_word' id='word_1_614' title='bbox 445 4869 516 4923; x_wconf 75' lang='grc' dir='ltr'>τὰ</span> <span class='ocrx_word' id='word_1_615' title='bbox 549 4867 905 4939; x_wconf 85' lang='grc' dir='ltr'>παραπλήσια</span> <span class='ocrx_word' id='word_1_616' title='bbox 930 4866 1142 4922; x_wconf 89' lang='grc' dir='ltr'>τούτου.</span> 
     </span>
    </p>
   </div>
   <div class='ocr_carea' id='block_1_90' title="bbox 508 4956 2021 5031">
    <p class='ocr_par' dir='ltr' id='par_1_90' title="bbox 508 4956 2021 5031">
     <span class='ocr_line' id='line_1_90' title="bbox 508 4956 2021 5031; baseline -0.001 -18"><span class='ocrx_word' id='word_1_617' title='bbox 508 4958 691 5014; x_wconf 80' lang='grc' dir='ltr'>Ταῦτα</span> <span class='ocrx_word' id='word_1_618' title='bbox 722 4960 779 5014; x_wconf 85' lang='grc' dir='ltr'>δέ</span> <span class='ocrx_word' id='word_1_619' title='bbox 798 4959 891 5013; x_wconf 72' lang='grc' dir='ltr'>καὶ</span> <span class='ocrx_word' id='word_1_620' title='bbox 915 4959 1088 5025; x_wconf 75' lang='grc' dir='ltr'>ἔσται,</span> <span class='ocrx_word' id='word_1_621' title='bbox 1119 4959 1213 5014; x_wconf 85' lang='grc' dir='ltr'>ἐάν</span> <span class='ocrx_word' id='word_1_622' title='bbox 1243 4976 1350 5031; x_wconf 90' lang='grc' dir='ltr'>περ</span> <span class='ocrx_word' id='word_1_623' title='bbox 1380 4956 1679 5030; x_wconf 84' lang='grc' dir='ltr'>βούλωμαι·</span> <span class='ocrx_word' id='word_1_624' title='bbox 1711 4959 1806 5013; x_wconf 76' lang='grc' dir='ltr'>καὶ</span> <span class='ocrx_word' id='word_1_625' title='bbox 1835 4959 2021 5023; x_wconf 88' lang='grc' dir='ltr'>σκότος</span> 
     </span>
    </p>
   </div>
   <div class='ocr_carea' id='block_1_91' title="bbox 442 5051 2022 5125">
    <p class='ocr_par' dir='ltr' id='par_1_91' title="bbox 442 5051 2022 5125">
     <span class='ocr_line' id='line_1_91' title="bbox 442 5051 2022 5125; baseline -0.001 -17"><span class='ocrx_word' id='word_1_626' title='bbox 442 5055 622 5108; x_wconf 81' lang='grc' dir='ltr'>ἐκεῖνο</span> <span class='ocrx_word' id='word_1_627' title='bbox 663 5052 725 5106; x_wconf 87' lang='lat' dir='ltr'>rb</span> <span class='ocrx_word' id='word_1_628' title='bbox 762 5053 1001 5122; x_wconf 84' lang='grc' dir='ltr'>ἀφεγγὲς</span> <span class='ocrx_word' id='word_1_629' title='bbox 1043 5052 1284 5108; x_wconf 86' lang='grc' dir='ltr'>ἐπιϐαλῶ</span> <span class='ocrx_word' id='word_1_630' title='bbox 1327 5051 1558 5125; x_wconf 83' lang='grc' dir='ltr'>οὐρανῷ,</span> <span class='ocrx_word' id='word_1_631' title='bbox 1604 5051 1702 5123; x_wconf 84' lang='grc' dir='ltr'>τὴν</span> <span class='ocrx_word' id='word_1_632' title='bbox 1737 5053 1844 5105; x_wconf 90' lang='grc' dir='ltr'>τῶν</span> <span class='ocrx_word' id='word_1_633' title='bbox 1885 5052 2022 5106; x_wconf 85' lang='grc' dir='ltr'>ὅλων</span> 
     </span>
    </p>
   </div>
   <div class='ocr_carea' id='block_1_92' title="bbox 449 5140 2019 5219">
    <p class='ocr_par' dir='ltr' id='par_1_92' title="bbox 449 5140 2019 5219">
     <span class='ocr_line' id='line_1_92' title="bbox 449 5140 2019 5219; baseline -0.002 -19"><span class='ocrx_word' id='word_1_634' title='bbox 449 5144 667 5219; x_wconf 84' lang='grc' dir='ltr'>μηνύων</span> <span class='ocrx_word' id='word_1_635' title='bbox 706 5146 1034 5209; x_wconf 86' lang='grc' dir='ltr'>συντέλειαν,</span> <span class='ocrx_word' id='word_1_636' title='bbox 1067 5149 1123 5199; x_wconf 88' lang='grc' dir='ltr'>ἐν</span> <span class='ocrx_word' id='word_1_637' title='bbox 1222 5145 1315 5199; x_wconf 77' lang='grc' dir='ltr'>καὶ</span> <span class='ocrx_word' id='word_1_638' title='bbox 1341 5145 1402 5198; x_wconf 86' lang='lat' dir='ltr'>rb</span> <span class='ocrx_word' id='word_1_639' title='bbox 1434 5146 1540 5197; x_wconf 81' lang='grc' dir='ltr'>πᾶν</span> <span class='ocrx_word' id='word_1_640' title='bbox 1571 5144 2019 5215; x_wconf 74' lang='grc' dir='ltr'>ἀφανισθήσεται,</span> 
     </span>
    </p>
   </div>
   <div class='ocr_carea' id='block_1_93' title="bbox 446 5234 2023 5308">
    <p class='ocr_par' dir='ltr' id='par_1_93' title="bbox 446 5234 2023 5308">
     <span class='ocr_line' id='line_1_93' title="bbox 446 5234 2023 5308; baseline -0.001 -18"><span class='ocrx_word' id='word_1_641' title='bbox 446 5238 543 5292; x_wconf 74' lang='grc' dir='ltr'>καὶ</span> <span class='ocrx_word' id='word_1_642' title='bbox 564 5238 616 5291; x_wconf 86' lang='grc' dir='ltr'>οἱ</span> <span class='ocrx_word' id='word_1_643' title='bbox 640 5236 743 5308; x_wconf 85' lang='grc' dir='ltr'>βίοι</span> <span class='ocrx_word' id='word_1_644' title='bbox 767 5236 1208 5307; x_wconf 81' lang='grc' dir='ltr'>εὐθυνθήσονται,</span> <span class='ocrx_word' id='word_1_645' title='bbox 1234 5237 1328 5290; x_wconf 75' lang='grc' dir='ltr'>καὶ</span> <span class='ocrx_word' id='word_1_646' title='bbox 1356 5235 1414 5288; x_wconf 90' lang='lat' dir='ltr'>rb</span> <span class='ocrx_word' id='word_1_647' title='bbox 1439 5235 1575 5307; x_wconf 83' lang='grc' dir='ltr'>πρὸς</span> <span class='ocrx_word' id='word_1_648' title='bbox 1604 5234 1763 5301; x_wconf 81' lang='grc' dir='ltr'>ἀξίαν</span> <span class='ocrx_word' id='word_1_649' title='bbox 1791 5235 2023 5299; x_wconf 75' lang='grc' dir='ltr'>ἕκαστος</span> 
     </span>
    </p>
   </div>
   <div class='ocr_carea' id='block_1_94' title="bbox 446 5328 914 5400">
    <p class='ocr_par' dir='ltr' id='par_1_94' title="bbox 446 5328 914 5400">
     <span class='ocr_line' id='line_1_94' title="bbox 446 5328 914 5400; baseline -0.002 -17"><span class='ocrx_word' id='word_1_650' title='bbox 446 5328 914 5400; x_wconf 81' lang='grc' dir='ltr'>ἀποληφθήσεται.</span> 
     </span>
    </p>
   </div>
   <div class='ocr_carea' id='block_1_95' title="bbox 520 5416 2020 5492">
    <p class='ocr_par' dir='ltr' id='par_1_95' title="bbox 520 5416 2020 5492">
     <span class='ocr_line' id='line_1_95' title="bbox 520 5416 2020 5492; baseline -0.003 -19"><span class='ocrx_word' id='word_1_651' title='bbox 520 5420 668 5491; x_wconf 87' lang='grc' dir='ltr'>Σῆτα</span> <span class='ocrx_word' id='word_1_652' title='bbox 695 5418 926 5475; x_wconf 78' lang='grc' dir='ltr'>ἐνταῦθα</span> <span class='ocrx_word' id='word_1_653' title='bbox 956 5420 1056 5484; x_wconf 88' lang='grc' dir='ltr'>τὰς</span> <span class='ocrx_word' id='word_1_654' title='bbox 1089 5419 1363 5492; x_wconf 87' lang='grc' dir='ltr'>ἁμαρτίας</span> <span class='ocrx_word' id='word_1_655' title='bbox 1385 5419 1531 5488; x_wconf 82' lang='grc' dir='ltr'>λέγει</span> <span class='ocrx_word' id='word_1_656' title='bbox 1560 5418 1658 5482; x_wconf 83' lang='grc' dir='ltr'>τὰς</span> <span class='ocrx_word' id='word_1_657' title='bbox 1689 5417 1816 5488; x_wconf 77' lang='grc' dir='ltr'>παρ’</span> <span class='ocrx_word' id='word_1_658' title='bbox 1843 5416 2020 5469; x_wconf 85' lang='grc' dir='ltr'>αὐτῶν</span> 
     </span>
    </p>
   </div>
   <div class='ocr_carea' id='block_1_96' title="bbox 446 5498 2015 5581">
    <p class='ocr_par' dir='ltr' id='par_1_96' title="bbox 446 5498 2015 5581">
     <span class='ocr_line' id='line_1_96' title="bbox 446 5498 2015 5581; baseline -0.004 -19"><span class='ocrx_word' id='word_1_659' title='bbox 446 5508 763 5579; x_wconf 85' lang='grc' dir='ltr'>γινομένας·</span> <span class='ocrx_word' id='word_1_660' title='bbox 796 5509 997 5572; x_wconf 84' lang='grc' dir='ltr'>αἵτινες</span> <span class='ocrx_word' id='word_1_661' title='bbox 1016 5549 1031 5573; x_wconf 94' lang='grc'>,</span> <span class='ocrx_word' id='word_1_662' title='bbox 1068 5511 1200 5581; x_wconf 82' lang='grc' dir='ltr'>παρ’</span> <span class='ocrx_word' id='word_1_663' title='bbox 1234 5509 1414 5562; x_wconf 82' lang='grc' dir='ltr'>αὐτῶν</span> <span class='ocrx_word' id='word_1_664' title='bbox 1444 5508 1726 5578; x_wconf 80' lang='grc' dir='ltr'>ἐσχηκυῖαι</span> <span class='ocrx_word' id='word_1_665' title='bbox 1756 5504 1816 5556; x_wconf 89' lang='lat' dir='ltr'>rb</span> <span class='ocrx_word' id='word_1_666' title='bbox 1845 5498 2015 5567; x_wconf 82' lang='grc' dir='ltr'>εἶναι,</span> 
     </span>
    </p>
   </div>
   <div class='ocr_carea' id='block_1_97' title="bbox 446 5595 2019 5674">
    <p class='ocr_par' dir='ltr' id='par_1_97' title="bbox 446 5595 2019 5674">
     <span class='ocr_line' id='line_1_97' title="bbox 446 5595 2019 5674; baseline -0.004 -20"><span class='ocrx_word' id='word_1_667' title='bbox 446 5600 544 5671; x_wconf 78' lang='grc' dir='ltr'>οὐχ</span> <span class='ocrx_word' id='word_1_668' title='bbox 581 5600 799 5672; x_wconf 86' lang='grc' dir='ltr'>ἐτέρους</span> <span class='ocrx_word' id='word_1_669' title='bbox 831 5603 1211 5674; x_wconf 87' lang='grc' dir='ltr'>ἀδικήσουσιν,</span> <span class='ocrx_word' id='word_1_670' title='bbox 1247 5599 1360 5653; x_wconf 78' lang='grc' dir='ltr'>ἀλλ’</span> <span class='ocrx_word' id='word_1_671' title='bbox 1395 5599 1589 5662; x_wconf 79' lang='grc' dir='ltr'>αὐτοὺς</span> <span class='ocrx_word' id='word_1_672' title='bbox 1622 5595 1861 5659; x_wconf 87' lang='grc' dir='ltr'>ἐκείνους</span> <span class='ocrx_word' id='word_1_673' title='bbox 1891 5596 2019 5658; x_wconf 79' lang='grc' dir='ltr'>τοὺς</span> 
     </span>
    </p>
   </div>
   <div class='ocr_carea' id='block_1_98' title="bbox 444 5686 2016 5764">
    <p class='ocr_par' dir='ltr' id='par_1_98' title="bbox 444 5686 2016 5764">
     <span class='ocr_line' id='line_1_98' title="bbox 444 5686 2016 5764; baseline -0.004 -19"><span class='ocrx_word' id='word_1_674' title='bbox 444 5692 614 5745; x_wconf 82' lang='grc' dir='ltr'>ταῦτα</span> <span class='ocrx_word' id='word_1_675' title='bbox 635 5693 1059 5764; x_wconf 82' lang='grc' dir='ltr'>ἐργασαμένους·</span> <span class='ocrx_word' id='word_1_676' title='bbox 1082 5691 1270 5764; x_wconf 83' lang='grc' dir='ltr'>ὥσπερ</span> <span class='ocrx_word' id='word_1_677' title='bbox 1298 5690 1405 5763; x_wconf 84' lang='grc' dir='ltr'>γὰρ</span> <span class='ocrx_word' id='word_1_678' title='bbox 1433 5690 1493 5743; x_wconf 89' lang='lat' dir='ltr'>rb</span> <span class='ocrx_word' id='word_1_679' title='bbox 1524 5689 1734 5761; x_wconf 79' lang='grc' dir='ltr'>ἱμάτιον</span> <span class='ocrx_word' id='word_1_680' title='bbox 1766 5686 1897 5740; x_wconf 80' lang='grc' dir='ltr'>αὐτὸ</span> <span class='ocrx_word' id='word_1_681' title='bbox 1926 5687 2016 5739; x_wconf 83' lang='grc' dir='ltr'>τὸν</span> 
     </span>
    </p>
   </div>
   <div class='ocr_carea' id='block_1_99' title="bbox 447 5775 2050 5867">
    <p class='ocr_par' dir='ltr' id='par_1_99' title="bbox 447 5775 2050 5867">
     <span class='ocr_line' id='line_1_99' title="bbox 447 5775 2050 5867; baseline -0.004 -31"><span class='ocrx_word' id='word_1_682' title='bbox 447 5782 700 5855; x_wconf 84' lang='grc' dir='ltr'>σκώληκα</span> <span class='ocrx_word' id='word_1_683' title='bbox 733 5785 913 5855; x_wconf 80' lang='grc' dir='ltr'>γεννᾷ,</span> <span class='ocrx_word' id='word_1_684' title='bbox 946 5785 1039 5837; x_wconf 75' lang='grc' dir='ltr'>καὶ</span> <span class='ocrx_word' id='word_1_685' title='bbox 1075 5783 1232 5867; x_wconf 59' lang='grc' dir='ltr'>πάλιν</span> <span class='ocrx_word' id='word_1_686' title='bbox 1264 5782 1437 5855; x_wconf 67' lang='grc' dir='ltr'>τροφὴ</span> <span class='ocrx_word' id='word_1_687' title='bbox 1471 5779 1631 5834; x_wconf 73' lang='grc' dir='ltr'>αὐτοῦ</span> <span class='ocrx_word' id='word_1_688' title='bbox 1668 5778 1893 5848; x_wconf 81' lang='grc' dir='ltr'>γίνεται,</span> <span class='ocrx_word' id='word_1_689' title='bbox 1924 5775 2050 5863; x_wconf 55' lang='grc' dir='ltr'>οὖα-ὀ</span> 
     </span>
    </p>
   </div>
   <div class='ocr_carea' id='block_1_100' title="bbox 2124 4583 3695 4654">
    <p class='ocr_par' dir='ltr' id='par_1_100' title="bbox 2124 4583 3695 4654">
     <span class='ocr_line' id='line_1_100' title="bbox 2124 4583 3695 4654; baseline 0.002 -15"><span class='ocrx_word' id='word_1_690' title='bbox 2124 4585 2354 4654; x_wconf 83' lang='lat' dir='ltr'><strong>experti.</strong></span> <span class='ocrx_word' id='word_1_691' title='bbox 2383 4583 2576 4642; x_wconf 87' lang='lat' dir='ltr'><strong>Nonne</strong></span> <span class='ocrx_word' id='word_1_692' title='bbox 2601 4601 2753 4641; x_wconf 89' lang='lat' dir='ltr'><strong>mare</strong></span> <span class='ocrx_word' id='word_1_693' title='bbox 2785 4585 3061 4643; x_wconf 89' lang='lat' dir='ltr'><strong>desertum</strong></span> <span class='ocrx_word' id='word_1_694' title='bbox 3092 4584 3196 4641; x_wconf 90' lang='lat' dir='ltr'><strong>feci</strong></span> <span class='ocrx_word' id='word_1_695' title='bbox 3238 4593 3293 4643; x_wconf 91' lang='lat' dir='ltr'><strong>et</strong></span> <span class='ocrx_word' id='word_1_696' title='bbox 3331 4586 3473 4642; x_wconf 88' lang='lat' dir='ltr'><strong>inter</strong></span> <span class='ocrx_word' id='word_1_697' title='bbox 3497 4585 3695 4642; x_wconf 81' lang='lat' dir='ltr'><strong>ﬂuctus</strong></span> 
     </span>
    </p>
   </div>
   <div class='ocr_carea' id='block_1_101' title="bbox 2125 4676 3697 4747">
    <p class='ocr_par' dir='ltr' id='par_1_101' title="bbox 2125 4676 3697 4747">
     <span class='ocr_line' id='line_1_101' title="bbox 2125 4676 3697 4747; baseline 0.001 -17"><span class='ocrx_word' id='word_1_698' title='bbox 2125 4676 2283 4732; x_wconf 91' lang='lat' dir='ltr'><strong>vobis</strong></span> <span class='ocrx_word' id='word_1_699' title='bbox 2330 4678 2434 4732; x_wconf 86' lang='lat' dir='ltr'><strong>iter</strong></span> <span class='ocrx_word' id='word_1_700' title='bbox 2489 4678 2709 4747; x_wconf 91' lang='lat' dir='ltr'><strong>paravi,</strong></span> <span class='ocrx_word' id='word_1_701' title='bbox 2758 4685 2812 4733; x_wconf 90' lang='lat' dir='ltr'><strong>et</strong></span> <span class='ocrx_word' id='word_1_702' title='bbox 2857 4676 3145 4733; x_wconf 87' lang='lat' dir='ltr'><strong>innumera</strong></span> <span class='ocrx_word' id='word_1_703' title='bbox 3197 4677 3305 4732; x_wconf 87' lang='lat' dir='ltr'><strong>alia</strong></span> <span class='ocrx_word' id='word_1_704' title='bbox 3355 4676 3501 4734; x_wconf 85' lang='lat' dir='ltr'><strong>edidi</strong></span> <span class='ocrx_word' id='word_1_705' title='bbox 3536 4678 3697 4732; x_wconf 90' lang='lat' dir='ltr'><strong>mira-</strong></span> 
     </span>
    </p>
   </div>
   <div class='ocr_carea' id='block_1_102' title="bbox 2126 4771 2287 4824">
    <p class='ocr_par' dir='ltr' id='par_1_102' title="bbox 2126 4771 2287 4824">
     <span class='ocr_line' id='line_1_102' title="bbox 2126 4771 2287 4824; baseline 0.006 -1"><span class='ocrx_word' id='word_1_706' title='bbox 2126 4771 2287 4824; x_wconf 84' lang='lat' dir='ltr'><strong>cuia?</strong></span> 
     </span>
    </p>
   </div>
   <div class='ocr_carea' id='block_1_103' title="bbox 2196 4945 3690 5014">
    <p class='ocr_par' dir='ltr' id='par_1_103' title="bbox 2196 4945 3690 5014">
     <span class='ocr_line' id='line_1_103' title="bbox 2196 4945 3690 5014; baseline 0.001 -13"><span class='ocrx_word' id='word_1_707' title='bbox 2196 4945 2365 5004; x_wconf 71' lang='lat' dir='ltr'><strong>Vsus.</strong></span> <span class='ocrx_word' id='word_1_708' title='bbox 2394 4948 2447 5002; x_wconf 78' lang='lat'><strong>5.</strong></span> <span class='ocrx_word' id='word_1_709' title='bbox 2487 4947 2619 5014; x_wconf 62' lang='lat' dir='ltr'><strong>Quae</strong></span> <span class='ocrx_word' id='word_1_710' title='bbox 2656 4947 2857 5004; x_wconf 80' lang='lat' dir='ltr'><strong>faciam</strong></span> <span class='ocrx_word' id='word_1_711' title='bbox 2889 4949 2939 5005; x_wconf 91' lang='lat' dir='ltr'><strong>si</strong></span> <span class='ocrx_word' id='word_1_712' title='bbox 2987 4948 3234 5004; x_wconf 90' lang='lat' dir='ltr'><strong>libuerit.</strong></span> <span class='ocrx_word' id='word_1_713' title='bbox 3267 4945 3533 5004; x_wconf 83' lang='lat' dir='ltr'><strong>Obscuris</strong></span> <span class='ocrx_word' id='word_1_714' title='bbox 3578 4961 3690 5002; x_wconf 75' lang='lat' dir='ltr'><strong>cm-</strong></span> 
     </span>
    </p>
   </div>
   <div class='ocr_carea' id='block_1_104' title="bbox 2125 5039 3694 5106">
    <p class='ocr_par' dir='ltr' id='par_1_104' title="bbox 2125 5039 3694 5106">
     <span class='ocr_line' id='line_1_104' title="bbox 2125 5039 3694 5106; baseline 0.001 -11"><span class='ocrx_word' id='word_1_715' title='bbox 2125 5041 2234 5095; x_wconf 93' lang='lat' dir='ltr'>lum</span> <span class='ocrx_word' id='word_1_716' title='bbox 2266 5040 2488 5096; x_wconf 90' lang='lat' dir='ltr'><strong>induam</strong></span> <span class='ocrx_word' id='word_1_717' title='bbox 2517 5042 2778 5106; x_wconf 86' lang='lat' dir='ltr'><strong>tenebris,</strong></span> <span class='ocrx_word' id='word_1_718' title='bbox 2794 5043 2897 5097; x_wconf 90' lang='lat' dir='ltr'>hoc</span> <span class='ocrx_word' id='word_1_719' title='bbox 2922 5049 3007 5098; x_wconf 87' lang='lat' dir='ltr'><strong>est</strong></span> <span class='ocrx_word' id='word_1_720' title='bbox 3026 5056 3209 5097; x_wconf 90' lang='lat' dir='ltr'><strong>rerum</strong></span> <span class='ocrx_word' id='word_1_721' title='bbox 3232 5041 3475 5097; x_wconf 90' lang='lat' dir='ltr'><strong>omnium</strong></span> <span class='ocrx_word' id='word_1_722' title='bbox 3501 5039 3694 5097; x_wconf 83' lang='lat' dir='ltr'><strong>modos</strong></span> 
     </span>
    </p>
   </div>
   <div class='ocr_carea' id='block_1_105' title="bbox 2124 5133 3689 5199">
    <p class='ocr_par' dir='ltr' id='par_1_105' title="bbox 2124 5133 3689 5199">
     <span class='ocr_line' id='line_1_105' title="bbox 2124 5133 3689 5199; baseline -0.001 -12"><span class='ocrx_word' id='word_1_723' title='bbox 2124 5134 2376 5189; x_wconf 83' lang='lat' dir='ltr'><strong>definiam</strong></span> <span class='ocrx_word' id='word_1_724' title='bbox 2400 5175 2415 5199; x_wconf 93' lang='lat'><strong>,</strong></span> <span class='ocrx_word' id='word_1_725' title='bbox 2457 5143 2511 5190; x_wconf 89' lang='lat' dir='ltr'><strong>et</strong></span> <span class='ocrx_word' id='word_1_726' title='bbox 2550 5142 2680 5189; x_wconf 93' lang='lat' dir='ltr'><strong>tunc</strong></span> <span class='ocrx_word' id='word_1_727' title='bbox 2709 5134 2893 5190; x_wconf 86' lang='lat' dir='ltr'><strong>omnia</strong></span> <span class='ocrx_word' id='word_1_728' title='bbox 2943 5141 3297 5199; x_wconf 89' lang='lat' dir='ltr'><strong>evanescent,</strong></span> <span class='ocrx_word' id='word_1_729' title='bbox 3331 5142 3385 5188; x_wconf 89' lang='lat' dir='ltr'><strong>et</strong></span> <span class='ocrx_word' id='word_1_730' title='bbox 3439 5133 3546 5187; x_wconf 90' lang='lat' dir='ltr'><strong>vita</strong></span> <span class='ocrx_word' id='word_1_731' title='bbox 3596 5146 3689 5185; x_wconf 86' lang='lat' dir='ltr'>cu-</span> 
     </span>
    </p>
   </div>
   <div class='ocr_carea' id='block_1_106' title="bbox 2118 5222 3686 5298">
    <p class='ocr_par' dir='ltr' id='par_1_106' title="bbox 2118 5222 3686 5298">
     <span class='ocr_line' id='line_1_106' title="bbox 2118 5222 3686 5298; baseline -0.003 -17"><span class='ocrx_word' id='word_1_732' title='bbox 2118 5228 2320 5296; x_wconf 88' lang='lat' dir='ltr'><strong>jusque</strong></span> <span class='ocrx_word' id='word_1_733' title='bbox 2348 5227 2689 5297; x_wconf 88' lang='lat' dir='ltr'><strong>pensabitur,</strong></span> <span class='ocrx_word' id='word_1_734' title='bbox 2712 5238 2766 5282; x_wconf 90' lang='lat' dir='ltr'>et</span> <span class='ocrx_word' id='word_1_735' title='bbox 2797 5227 3028 5298; x_wconf 88' lang='lat' dir='ltr'><strong>quisque</strong></span> <span class='ocrx_word' id='word_1_736' title='bbox 3056 5227 3285 5297; x_wconf 89' lang='lat' dir='ltr'><strong>accipiet</strong></span> <span class='ocrx_word' id='word_1_737' title='bbox 3319 5240 3418 5296; x_wconf 88' lang='lat' dir='ltr'>pro</span> <span class='ocrx_word' id='word_1_738' title='bbox 3454 5222 3686 5279; x_wconf 87' lang='lat' dir='ltr'><strong>meritis.</strong></span> 
     </span>
    </p>
   </div>
   <div class='ocr_carea' id='block_1_107' title="bbox 2195 5396 3688 5473">
    <p class='ocr_par' dir='ltr' id='par_1_107' title="bbox 2195 5396 3688 5473">
     <span class='ocr_line' id='line_1_107' title="bbox 2195 5396 3688 5473; baseline -0.001 -16"><span class='ocrx_word' id='word_1_739' title='bbox 2195 5403 2360 5461; x_wconf 74' lang='lat' dir='ltr'><strong>Vens.</strong></span> <span class='ocrx_word' id='word_1_740' title='bbox 2391 5403 2445 5459; x_wconf 90' lang='lat'><strong>9.</strong></span> <span class='ocrx_word' id='word_1_741' title='bbox 2479 5403 2704 5459; x_wconf 86' lang='lat' dir='ltr'><strong>Tincam</strong></span> <span class='ocrx_word' id='word_1_742' title='bbox 2742 5411 2899 5458; x_wconf 86' lang='lat' dir='ltr'><strong>vocat</strong></span> <span class='ocrx_word' id='word_1_743' title='bbox 2928 5403 3016 5458; x_wconf 88' lang='lat' dir='ltr'>hic</span> <span class='ocrx_word' id='word_1_744' title='bbox 3061 5409 3285 5473; x_wconf 88' lang='lat' dir='ltr'><strong>peccata</strong></span> <span class='ocrx_word' id='word_1_745' title='bbox 3308 5401 3378 5456; x_wconf 89' lang='lat' dir='ltr'><strong>ab</strong></span> <span class='ocrx_word' id='word_1_746' title='bbox 3422 5400 3557 5471; x_wconf 90' lang='lat' dir='ltr'><strong>ipsis</strong></span> <span class='ocrx_word' id='word_1_747' title='bbox 3584 5396 3688 5455; x_wconf 88' lang='lat' dir='ltr'><strong>ad-</strong></span> 
     </span>
    </p>
   </div>
   <div class='ocr_carea' id='block_1_108' title="bbox 2121 5491 3684 5567">
    <p class='ocr_par' dir='ltr' id='par_1_108' title="bbox 2121 5491 3684 5567">
     <span class='ocr_line' id='line_1_108' title="bbox 2121 5491 3684 5567; baseline -0.004 -16"><span class='ocrx_word' id='word_1_748' title='bbox 2121 5497 2308 5553; x_wconf 89' lang='lat' dir='ltr'><strong>missa.</strong></span> <span class='ocrx_word' id='word_1_749' title='bbox 2345 5496 2555 5567; x_wconf 87' lang='lat' dir='ltr'><strong>Quippe</strong></span> <span class='ocrx_word' id='word_1_750' title='bbox 2594 5512 2715 5566; x_wconf 67' lang='lat' dir='ltr'><strong>qua:</strong></span> <span class='ocrx_word' id='word_1_751' title='bbox 2747 5495 2817 5551; x_wconf 90' lang='lat' dir='ltr'>ab</span> <span class='ocrx_word' id='word_1_752' title='bbox 2852 5497 2919 5550; x_wconf 91' lang='lat' dir='ltr'><strong>iis</strong></span> <span class='ocrx_word' id='word_1_753' title='bbox 2953 5504 3106 5565; x_wconf 88' lang='lat' dir='ltr'><strong>parta</strong></span> <span class='ocrx_word' id='word_1_754' title='bbox 3141 5509 3249 5549; x_wconf 92' lang='lat' dir='ltr'><strong>non</strong></span> <span class='ocrx_word' id='word_1_755' title='bbox 3289 5493 3426 5547; x_wconf 90' lang='lat' dir='ltr'><strong>alios</strong></span> <span class='ocrx_word' id='word_1_756' title='bbox 3453 5491 3684 5554; x_wconf 67' lang='lat' dir='ltr'><strong>laedent,</strong></span> 
     </span>
    </p>
   </div>
   <div class='ocr_carea' id='block_1_109' title="bbox 2121 5581 3684 5658">
    <p class='ocr_par' dir='ltr' id='par_1_109' title="bbox 2121 5581 3684 5658">
     <span class='ocr_line' id='line_1_109' title="bbox 2121 5581 3684 5658; baseline -0.004 -16"><span class='ocrx_word' id='word_1_757' title='bbox 2121 5588 2227 5642; x_wconf 91' lang='lat' dir='ltr'><strong>nisi</strong></span> <span class='ocrx_word' id='word_1_758' title='bbox 2258 5589 2408 5658; x_wconf 91' lang='lat' dir='ltr'><strong>ipsos</strong></span> <span class='ocrx_word' id='word_1_759' title='bbox 2448 5594 2701 5657; x_wconf 88' lang='lat' dir='ltr'><strong>parentes</strong></span> <span class='ocrx_word' id='word_1_760' title='bbox 2744 5601 2894 5643; x_wconf 82' lang='lat' dir='ltr'><strong>suos.</strong></span> <span class='ocrx_word' id='word_1_761' title='bbox 2949 5584 3020 5640; x_wconf 83' lang='lat' dir='ltr'><strong>Ut</strong></span> <span class='ocrx_word' id='word_1_762' title='bbox 3066 5584 3451 5640; x_wconf 86' lang='lat' dir='ltr'><strong>vestimentum</strong></span> <span class='ocrx_word' id='word_1_763' title='bbox 3483 5581 3684 5635; x_wconf 85' lang='lat' dir='ltr'><strong>tineam</strong></span> 
     </span>
    </p>
   </div>
   <div class='ocr_carea' id='block_1_110' title="bbox 2087 5674 3687 5749">
    <p class='ocr_par' dir='ltr' id='par_1_110' title="bbox 2087 5674 3687 5749">
     <span class='ocr_line' id='line_1_110' title="bbox 2087 5674 3687 5749; baseline -0.004 -17"><span class='ocrx_word' id='word_1_764' title='bbox 2087 5678 2291 5749; x_wconf 77' lang='lat' dir='ltr'>-gignit</span> <span class='ocrx_word' id='word_1_765' title='bbox 2316 5679 2463 5733; x_wconf 87' lang='lat' dir='ltr'><strong>etab</strong></span> <span class='ocrx_word' id='word_1_766' title='bbox 2504 5693 2570 5734; x_wconf 91' lang='lat' dir='ltr'>eo</span> <span class='ocrx_word' id='word_1_767' title='bbox 2610 5677 2806 5733; x_wconf 91' lang='lat' dir='ltr'><strong>deinde</strong></span> <span class='ocrx_word' id='word_1_768' title='bbox 2853 5678 3194 5741; x_wconf 89' lang='lat' dir='ltr'><strong>corrodetur,</strong></span> <span class='ocrx_word' id='word_1_769' title='bbox 3226 5674 3301 5729; x_wconf 88' lang='lat' dir='ltr'><strong>ita</strong></span> <span class='ocrx_word' id='word_1_770' title='bbox 3355 5683 3412 5729; x_wconf 87' lang='lat' dir='ltr'>et.</span> <span class='ocrx_word' id='word_1_771' title='bbox 3462 5677 3687 5745; x_wconf 82' lang='lat' dir='ltr'><strong>peccata</strong></span> 
     </span>
    </p>
   </div>
   <div class='ocr_carea' id='block_1_111' title="bbox 2098 5762 3682 5838">
    <p class='ocr_par' dir='ltr' id='par_1_111' title="bbox 2098 5762 3682 5838">
     <span class='ocr_line' id='line_1_111' title="bbox 2098 5762 3682 5838; baseline -0.006 -11"><span class='ocrx_word' id='word_1_772' title='bbox 2098 5771 2281 5827; x_wconf 62' lang='lat' dir='ltr'><strong>nobis</strong></span> <span class='ocrx_word' id='word_1_773' title='bbox 2313 5770 2578 5838; x_wconf 77' lang='lat' dir='ltr'><strong>ofﬁciunt,</strong></span> <span class='ocrx_word' id='word_1_774' title='bbox 2607 5785 2674 5826; x_wconf 85' lang='lat' dir='ltr'><strong>ex</strong></span> <span class='ocrx_word' id='word_1_775' title='bbox 2707 5770 2867 5828; x_wconf 90' lang='lat' dir='ltr'><strong>nobis</strong></span> <span class='ocrx_word' id='word_1_776' title='bbox 2895 5777 3035 5827; x_wconf 89' lang='lat' dir='ltr'><strong>orta.</strong></span> <span class='ocrx_word' id='word_1_777' title='bbox 3073 5767 3206 5835; x_wconf 78' lang='lat' dir='ltr'><strong>Quae</strong></span> <span class='ocrx_word' id='word_1_778' title='bbox 3238 5773 3418 5823; x_wconf 81' lang='lat' dir='ltr'><strong>autem</strong></span> <span class='ocrx_word' id='word_1_779' title='bbox 3465 5762 3682 5836; x_wconf 83' lang='lat' dir='ltr'><strong>patiun-</strong></span> 
     </span>
    </p>
   </div>
  </div>
