4138 6436
454 359 585 415 {5’31

1562 360 1910 418 THEODORI
1953 359 2468 417 HERACLEENSIS

3562 372 3700 423 1552

455 490 566 547 tur,
599 485 689 555 qui
718 499 777 540 se
829 482 1089 537 indociles
1118 481 1175 535 in
1237 480 1405 535 Deum
1475 490 1529 535 et
1598 481 1844 553 ingratos
1885 494 2023 549 prac-

2135 494 2228 541 τως
2263 479 2357 532 καὶ
2388 482 2442 533 ai
2481 479 2774 553 ἁμαρτίαι,
2821 482 2949 553 παρ’
2987 480 3143 552 ἡμῶν
3191 481 3513 552 γενόμεναι,
3554 483 3703 555 ἡμᾶς

455 576 608 634 bent.

523 754 651 811 Cn.
684 753 781 819 LI,
826 752 986 807 Vens.
1042 752 1097 806 2.
1142 749 1357 807 Mitiore
1425 766 1569 805 nunc
1620 763 1869 805 sermone
1929 762 2024 802 eos

456 843 735 913 increpat,
769 851 822 897 et
859 844 1004 898 velut
1034 843 1223 915 procul
1253 859 1281 896 a
1327 842 1541 913 justitia
1571 850 1843 902 remotos,
1884 840 2022 893 allo-

2128 568 2470 637 βλάπτουσινο
2511 570 2642 625 ἀλλὰ
2680 571 2851 625 ταῦτα
2885 573 3166 643 πάσχομεν
3202 573 3269 625 δι’
3305 573 3567 644 ἀνηκοΐαν
3607 574 3701 627 καὶ

2124 661 2474 716 ἁνευλάϐειαν
2502 665 2601 735 τὴν
2634 665 2767 735 πρὸς
2800 664 2891 719 τὸν
2922 665 3075 718 Θεόν.

2208 754 2567 826 Ἦθικῶτερον
2626 754 2721 809 νῦν
2778 755 2877 827 τὴν
2937 756 3254 826 ἐπιτίμησιν
3314 757 3450 828 πρὸς
3508 757 3705 821 αὐτοὺς

2125 846 2377 909 ποιεῖται,
2412 843 2505 897 καὶ
2534 844 2608 907 ὡς
2644 848 2861 916 μακράν
2886 843 2980 897 τοῦ
3004 844 3213 899 δικαίου
3247 845 3582 916 ἀφεστηκόσι
3610 848 3705 899 καὶ

455 938 662 1009 quitur,
714 949 766 992 et
807 952 837 990 a
875 937 1099 991 Domino
1144 937 1497 998 abalienatos,
1552 941 1610 987 ut
1639 949 1734 988 eos
1761 932 1827 986 ad
1860 932 2022 987 fidem

2135 934 2217 988 τοῦ
2259 935 2460 1007 Κυρίου
2495 934 2960 1007 ἀλλοτριωθεῖσιν,
3000 939 3287 1008 ὑφηγεῖται
3321 940 3448 1002 τοὺς
3489 938 3703 1007 λόγους,

456 1030 709 1085 deducat.
757 1030 825 1084 Et
855 1030 1014 1099 paulo
1048 1041 1164 1099 post
1199 1027 1345 1094 :Qui
1380 1027 1545 1097 igitur
1577 1042 1748 1096 genus
1782 1031 2024 1081 vestrum

455 1123 557 1178 ista
586 1122 746 1194 docui
776 1124 869 1194 qui
906 1139 969 1178 ex
1000 1137 1164 1192 parvo
1197 1128 1406 1176 tantum
1436 1118 1614 1182 ell'eci,
1642 1126 1697 1173 et
1732 1117 1898 1173 tantis
1919 1131 2019 1171 vos

455 1188 718 1268 exornavi
752 1213 932 1277 donis,
960 1228 1066 1282 qua
1109 1205 1323 1265 ratione
1370 1224 1517 1264 nunc
1573 1225 1682 1263 non
1735 1210 2028 1263 clementer

457 1304 726 1374 excipiam
775 1304 1147 1375 paenitentiam
1180 1311 1402 1373 agentes
1431 1308 1485 1357 et
1517 1317 1601 1356 me
1627 1299 2025 1372 agnoscentes?

527 1489 692 1545 Vens.
725 1491 778 1545 5.
812 1488 932 1545 Non
976 1488 1236 1544 dicuntur
1276 1489 1391 1544 htec
1434 1490 1796 1561 exaggerandi
1830 1490 2026 1561 gratia.

456 1578 562 1646 Qui
605 1581 745 1635 enim
796 1594 907 1634 non
960 1579 1146 1633 laetitia
1194 1586 1249 1634 et
1294 1580 1659 1634 exsultatione
1718 1578 2029 1634 omnimoda

461 1674 797 1742 replerentur
833 1672 998 1726 animi
1040 1672 1137 1740 illi,
1191 1673 1285 1743 qui
1324 1673 1518 1726 intima
1561 1688 1691 1743 pace
1734 1670 2025 1736 fruuntur,

459 1779 555 1834 spe
587 1765 892 1819 caelestium
920 1763 1154 1829 ﬂorent,
1191 1771 1245 1818 et
1284 1779 1407 1818 cum
1440 1762 1549 1818 Deo
1582 1763 2030 1833 conjunguntur?

2125 1025 2330 1094 ἐνάγων
2364 1027 2560 1090 αὐτοὺς
2592 1026 2728 1097 πρὸς
2755 1026 2956 1080 πίστιν.
2988 1029 3096 1081 Kal
3126 1028 3252 1097 μετ’
3284 1029 3459 1098 ὀλίγα
3480 1027 3572 1081 ’⁸0
3597 1028 3707 1081 τοί-

2125 1133 2218 1170 νυν
2253 1116 2332 1188 τῷ
2371 1106 2518 1185 γένει
2554 1117 2632 1189 τῷ
2672 1117 2922 1189 ὑμετέρῳ
2959 1118 3132 1174 ταῦτα
3176 1118 3568 1190 ἐνδειξάμενος,
3609 1120 3705 1172 καί

2125 1210 2190 1262 ἐκ
2226 1212 2425 1281 μικρᾶς
2457 1211 2779 1282 προφάσεως
2822 1210 3084 1282 αὐξήσας,
3132 1212 3225 1265 καὶ
3264 1211 3513 1281 εὐλογίαν
3561 1210 3701 1281 πλή-

2128 1299 2327 1372 ρὼσας,
2357 1302 2474 1365 πῶς
2497 1302 2615 1373 οὐχὶ
2647 1302 2743 1355 νῦν
2778 1300 3007 1374 εὔπορος
3035 1303 3227 1374 ἔσομαι
3255 1302 3333 1374 τῷ
3357 1303 3702 1373 μετανοοῦντι

2126 1394 2221 1447 καὶ
2250 1393 2662 1462 ἐπιγινώσκοντί
2696 1413 2763 1466 με
2785 1412 2799 1461 ;

2198 1486 2307 1556 Οὐχ
2348 1485 2722 1556 ὑπερϐολικῶς
2760 1485 2930 1539 ταῦτα
2965 1484 3270 1558 [εἴρηταιῖο
3304 1484 3422 1548 πῶς
3457 1483 3565 1555 γὰρ
3603 1485 3702 1537 οὐκ

2127 1576 2462 1649 εὐφροσύνης
2488 1578 2582 1630 καὶ
2610 1577 2789 1648 πάσης
2816 1579 2989 1650 χαρᾶς
3022 1578 3469 1649 πληρωθήσονται
3497 1579 3702 1631 ἐκεῖναι

2126 1669 2183 1721 αἱ
2206 1668 2394 1739 ψυχαὶ,
2420 1670 2477 1722 αἱ
2502 1668 2577 1741 μὴ
2601 1670 2983 1735 στασιάζουσαι
3017 1670 3151 1741 πρὸς
3177 1669 3396 1732 ἑαυτὰς,
3424 1669 3540 1722 ἀλλ’
3565 1671 3622 1722 αἱ
3644 1672 3703 1722 ἐν

2128 1762 2247 1825 ταῖς
2280 1761 2458 1814 ἐλπίσι
2486 1761 2578 1814 τοῦ
2606 1759 2743 1815 Θεοῦ
2774 1760 3163 1833 εὐθηνούμεναι
3186 1762 3278 1814 καὶ⁵
3306 1760 3455 1829 αὐτῷ
3485 1760 3703 1814 ἀνακεί-

2061 1830 2105 1885 B
2135 1869 2295 1924 μεναι

533 1944 697 2001 Vens.
725 1946 780 2000 4.
817 1945 985 2016 Opem
1018 1961 1163 2001 nunc
1191 1945 1443 2000 omnibus
1484 1944 1660 2010 all‘ert,
1689 1943 2028 2015 principibus

456 2053 610 2108 aeque
641 2053 704 2092 ac
744 2040 964 2108 pOpulo.
1016 2037 1133 2092 Non
1166 2038 1311 2092 enim
1348 2038 1627 2108 anteponit
1662 2053 1756 2091 eos
1784 2037 1876 2106 qui
1926 2036 2030 2089 im-

462 2131 614 2201 perio
654 2138 928 2201 praesunt,
965 2146 1065 2185 nec
1098 2132 1329 2202 denegat
1377 2131 1638 2184 auxilium
1672 2130 1815 2185 inter
1841 2144 2031 2200 grega-

462 2223 574 2278 rios
625 2223 981 2278 militantibus
1008 2264 1021 2287 ,
1065 2223 1159 2279 sed
1190 2237 1380 2278 omnes
1411 2223 1623 2277 animas
1679 2223 1875 2295 eadem.
1901 2235 2033 2290 pen-

462 2330 592 2370 sans
627 2316 849 2379 trutina,
879 2315 1188 2368 communia
1245 2313 1372 2369 facit
1418 2312 1739 2367 obedientize
1788 2311 2027 2381 praemia.

462 2405 663 2459 Omnes
693 2404 815 2460 ideo
842 2419 993 2474 teque
1017 2403 1270 2458 hortatur
1309 2411 1367 2456 ut
1393 2403 1620 2457 auribus
1660 2400 1966 2457 attendant.

533 2586 702 2643 Vens.
733 2587 785 2642 5.
823 2586 1155 2643 Illuminabit
1198 2594 1429 2642 cunctas
1460 2592 1683 2657 gentes,
1713 2599 1906 2638 omnes
1930 2597 2032 2652 po-

461 2681 621 2752 pulos
652 2679 747 2737 Dei
778 2681 971 2736 netitia
1016 2680 1335 2744 illustrabit,
1369 2688 1429 2733 ut
1453 2679 1508 2733 in
1532 2691 1656 2733 eum
1690 2684 1913 2747 sperent
1940 2675 2034 2744 qui

461 2779 547 2828 est
577 2772 858 2827 brachium
881 2787 1084 2828 meum.
1114 2771 1326 2827 insulas
1355 2770 1444 2825 hic
1471 2776 1632 2825 vocat
1665 2770 1815 2840 ipsos
1860 2769 2034 2838 locos,

464 2867 761 2935 praesertim
791 2881 923 2921 vero
946 2865 1254 2933 Ecclesias;
1285 2881 1387 2921 nec
1417 2864 1689 2919 immerito
1720 2877 1786 2918 ea
1816 2860 1885 2915 ad
1918 2862 2037 2917 ani-

464 2976 583 3015 mos
612 2959 868 3015 retuleris
899 2959 1270 3029 voluptatibus
1299 2959 1444 3014 velut
1486 2959 1599 3013 sale
1637 2956 1996 3013 circumlutos
2017 2995 2035 3025 ,

464 3058 521 3105 et
544 3052 700 3104 vanis
730 3051 786 3103 in
817 3050 919 3104 hac
952 3050 1062 3104 vita
1088 3050 1439 3119 opinionibus
1469 3050 1727 3121 agitatos.

2201 1946 2308 1998 Καὶ
2333 1944 2426 1998 νῦν
2458 1947 2567 2009 τοῖς
2596 1947 2732 2000 πᾶσι
2758 1945 2856 2017 τὴν
2886 1944 3206 2015 ἐπικουρίαν
3232 1945 3469 2015 κομίζει,
3505 1944 3579 2015 μὴ
3610 1962 3704 2014 φυο

2128 2036 2390 2109 λοκρινῶν
2412 2038 2676 2109 ἄρχοντας
2702 2038 2811 2090 τῶν
2839 2037 3171 2107 ἀρχομένων·
3200 2036 3322 2089 οὐδὲ
3342 2036 3450 2107 γὰρ
3477 2036 3703 2109 προκρί-

2130 2143 2209 2179 νει
2228 2126 2335 2180 τῶν
2350 2127 2407 2179 ὲν
2423 2128 2679 2197 ὑπηκόοις
2699 2128 3064 2197 τεταγμένων,
3081 2128 3202 2180 οὐδέ
3220 2128 3704 2199 ἀποκλεισθησεται

2128 2217 2226 2285 τῆς
2255 2216 2518 2285 ὠφελείας
2543 2218 2571 2270 ὀ
2593 2219 2648 2270 ἐν
2681 2218 2978 2289 ὑπηρέταις
2996 2217 3183 2282 τελῶν,
3209 2218 3392 2283 κοινάς
3421 2218 3478 2271 δὲ
3504 2235 3705 2289 κεκτη-

2135 2308 2291 2379 μένος
2319 2308 2427 2363 τῶν
2450 2308 2636 2379 ψυχῶν
2668 2310 2767 2373 τὰς
2790 2309 3064 2379 δυνάμεις,
3099 2310 3272 2363 κοινὸν
3306 2311 3363 2364 δέ
3390 2311 3482 2364 τὸν
3513 2310 3706 2382 ἔρανον

2130 2402 2227 2474 τῆς
2271 2403 2518 2474 ὑπακοῆς
2568 2402 2793 2474 νομίζει·
2845 2403 2903 2471 ἐξ
2955 2403 3070 2457 ίσου
3117 2402 3448 2475 παρακαλῶν
3499 2403 3707 2467 πάντας

2134 2497 2420 2568 προσέχειν
2442 2496 2533 2551 τὸν
2561 2496 2705 2552 νοῦν.

2201 2591 2398 2643 Φωτιεῖ
2438 2590 2535 2661 μὲν
2583 2589 2759 2645 πάντα
2807 2590 2878 2644 τά
2925 2588 3051 2662 ἐθνη
3075 2629 3091 2655 ,
3142 2589 3476 2659 καταυγάσει
3525 2589 3584 2644 δὲ
3628 2591 3708 2653 είς

2130 2678 2461 2749 θεογνωσίαν
2499 2681 2707 2745 πάντας
2746 2681 2940 2745 λαοὺς,
2980 2680 3056 2743 ὼς
3099 2680 3179 2743 είς
3209 2680 3371 2733 αὐτὸν
3411 2678 3709 2750 κεκτῆσθαι

2131 2774 2232 2837 τὰς
2273 2770 2498 2836 ἐλπίδας
2523 2772 2651 2826 ὄντα
2683 2772 2941 2844 βραχίονά
2975 2789 3100 2843 μου.
3143 2772 3361 2843 Νήσους
3391 2771 3447 2825 δὲ
3478 2770 3709 2825 ἐνταῦθα

2133 2866 2290 2920 καλεῖ
2311 2867 2405 2919 καὶ
2432 2866 2630 2929 αὐτοὺς
2657 2866 2782 2928 τοὺς
2812 2866 3012 2929 τόπους
3033 2905 3049 2931 ,
3083 2865 3142 2920 οὐ
3185 2864 3291 2935 μὴν
3317 2863 3452 2917 ἀλλὰ
3483 2864 3578 2919 καὶ
3609 2864 3709 2927 τὰς

2145 2958 2486 3028 Ἐκκλησίας’
2529 2957 2780 3021 ἐκλάϐοις
2811 2956 2869 3010 δὲ
2905 2959 2997 3010 καὶ
3037 2958 3118 3021 είς
3156 2956 3255 3021 τὰς
3297 2957 3507 3027 ψυχὰς,
3549 2957 3709 3029 δίκην

2135 3045 2378 3117 ἁλμυροῦ
2409 3045 2675 3117 ῥεύματος
2707 3043 3175 3116 περικλυζομένας
3205 3045 3309 3099 ὑπὸ
3351 3046 3459 3100 τῶν
3508 3046 3710 3117 ἡδονῶν

2060 3165 2108 3227 c
2137 3137 2363 3192 καὶτῶν
2382 3137 2439 3189 ἐν
2467 3136 2545 3206 τῷ
2568 3135 2666 3207 βίῳ
2686 3135 2862 3208 τούτῳ
2883 3135 3097 3206 ψευδῶν
3123 3135 3291 3204 δοξῶν
3316 3153 3382 3190 κυ
3391 3136 3704 3208 μαινοὺσας.

538 3231 701 3287 Vens.
723 3231 775 3286 6.
798 3230 928 3286 Fide
948 3231 1111 3303 digna
1140 3232 1468 3287 documenta
1493 3230 1719 3299 praebet,
1745 3230 1946 3301 quibus
1971 3231 2038 3287 de

467 3331 735 3395 potestate
776 3323 960 3379 divina
1008 3324 1311 3379 diliidentes
1351 3326 1681 3390 convincat,
1738 3325 1934 3382 cmlum
1983 3331 2038 3379 et

465 3425 689 3471 terram.
744 3413 814 3469 Et
861 3416 1022 3484 paulo
1058 3425 1175 3484 post
1206 3431 1223 3468 :
1256 3414 1515 3469 Adhibita
1558 3429 1707 3469 nunc
1757 3414 2038 3485 praestanti

466 3508 773 3562 animorum
800 3508 888 3573 vi,
925 3516 1161 3578 pennata
1189 3515 1389 3571 mente,
1410 3506 1477 3561 ad
1510 3508 1711 3562 cmlum
1733 3508 1958 3564 evoletis
1987 3519 2039 3564 et

467 3599 689 3655 discatis
731 3615 894 3670 quam
927 3601 1156 3655 iirmiter
1185 3600 1256 3654 sit
1300 3601 1661 3683 copstitutum
1686 3641 1702 3667 ,
1738 3600 1865 3656 licet
1895 3600 2040 3657 sicut

468 3692 653 3748 fumus
708 3709 832 3749 esse
889 3691 1157 3747 videatur.
1207 3690 1271 3745 Et
1340 3700 1542 3747 terram
1596 3707 1760 3762 quam
1809 3693 2038 3747 solidam

466 3786 793 3841 existimatis
832 3785 1136 3856 perditione
1196 3784 1417 3854 perdam
1442 3825 1458 3851 ,
1516 3792 1570 3841 et
1614 3786 1797 3841 omnia
1831 3793 2041 3842 vetera-

470 3885 626 3932 scent
659 3894 673 3931 :
709 3877 1047 3947 permanebit
1104 3883 1286 3930 autem
1325 3876 1564 3933 salutare
1606 3893 1787 3932 meum
1813 3878 2040 3933 verbum

471 3966 528 4020 in
586 3967 1012 4037 sempiternum,
1082 3972 1136 4021 et
1206 3965 1243 4019 ii
1293 3974 1503 4021 tantum
1552 3967 1752 4037 quibus
1801 3982 1926 4023 cum
1974 3981 2041 4022 eo

467 4072 791 4128 permanere
817 4057 947 4113 etin
971 4058 1168 4113 szecula
1201 4059 1281 4113 ire
1319 4057 1562 4114 libuerit.

550 4236 709 4295 Vens.
741 4239 791 4293 7.
848 4237 1057 4296 Timete
1098 4241 1280 4310 potius
1310 4241 1663 4312 Opprobrium
1711 4249 1765 4299 et
1794 4252 2042 4300 contem-

472 4336 623 4399 ptum
656 4328 765 4383 Dei.
799 4331 930 4394 Quae
958 4330 1102 4383 enim
1127 4345 1194 4384 ex
1228 4330 1544 4387 hominibus
1573 4341 1722 4398 sunt,
1752 4334 1873 4390 istis
1910 4351 2041 4406 quo-

474 4422 603 4477 tidie
631 4422 1001 4492 pereuntibus,
1027 4424 1144 4494 ipsa
1169 4425 1331 4479 simul
1367 4425 1656 4495 peribunt;
1700 4428 1817 4484 sola
1853 4437 2039 4485 manet

2220 3227 2528 3293 Ἀξιόπιστα
2551 3229 2925 3301 δυσωπήματα
2945 3229 3302 3302 προϐάλλεται
3334 3232 3414 3294 είς
3442 3230 3710 3284 πίστωσιν

2140 3322 2239 3393 τῆς
2277 3320 2440 3376 αὐτοῦ
2482 3321 2762 3391 δυνάμεως
2802 3324 2913 3385 τοῖς
2954 3322 3297 3388 ἀπιστοῦσιν,
3343 3322 3569 3395 οὐρανὸν
3616 3321 3714 3375 καὶ

2137 3413 2260 3483 γῆν.
2301 3412 2411 3466 Kal
2444 3410 2571 3480 μετ’
2603 3411 2777 3481 ὀλίγα
2803 3427 2815 3441 ·
2841 3410 2955 3466 Νῦν
2992 3412 3122 3482 γοῦν
3157 3430 3288 3467 ποτε
3329 3416 3448 3476 ταῖς
3486 3411 3714 3475 οίκείαις

2137 3503 2244 3557 τῶν
2288 3502 2475 3575 ψυχῶν
2514 3503 2818 3574 ἐνεργείαις
2855 3503 3219 3575 χρησάμενοι,
3257 3502 3572 3573 πτερὼθητε
3614 3503 3714 3573 τὴν

2138 3596 2407 3662 διάνοιαν,
2434 3598 2528 3651 καὶ
2557 3595 2771 3669 οὐρανῷ
2802 3596 3292 3668 προσεγγίσαντες,
3328 3595 3488 3650 αὐτὸν
3509 3596 3714 3649 ἐκεῖνον

2139 3688 2610 3759 καταμανθάνετε,
2644 3688 2720 3752 ὡς
2760 3690 2825 3741 ἐκ
2860 3688 3066 3741 καπνοῦ
3104 3689 3225 3742 ὅσον
3266 3682 3401 3759 ἦκεν
3445 3689 3525 3751 είς
3570 3687 3711 3757 ὄψιν,

2140 3780 2346 3851 ἀκμητὶ
2389 3778 2833 3849 συνεστησάμηνο
2876 3779 2971 3832 καὶ
3003 3778 3107 3848 γῆν
3142 3777 3344 3849 ταύτην
3378 3776 3477 3848 τὴν
3518 3777 3715 3845 πάγιον

2141 3871 2266 3942 ὑμῖν
2307 3865 2446 3924 εἶναι
2489 3868 2750 3923 δοκοῦσαν
2803 3868 2977 3941 φθορᾷ
3024 3867 3349 3941 παραδώσω,
3394 3868 3491 3922 καὶ
3539 3866 3607 3921 τὰ
3654 3868 3714 3922 ἐν

2140 3963 2328 4035 κόσμῳ
2368 3962 2654 4036 παρελθεῖν
2687 3964 2913 4034 ποιήσω’
2954 3962 3096 4034 μόνῳ
3133 3961 3347 4032 ἑκάστῳ
3384 3959 3556 4014 ἀϊδίου
3593 3960 3709 4013 δια-

2143 4057 2390 4127 μένοντος
2406 4054 2500 4109 τοῦ
2525 4055 2788 4127 σωτηρίου
2814 4054 3204 4125 θεσπίσματοςσ
3231 4046 3275 4122 ᾧ
3300 4055 3395 4108 καὶ
3422 4068 3711 4124 συμπαρα-

2143 4152 2322 4223 μένειν
2353 4152 2446 4205 καὶ
2470 4150 2887 4215 συνδιαιωνίζειν
2917 4150 3114 4206 ἔοικεν.

2207 4241 2481 4314 Φοϐήθητε
2529 4241 2587 4295 δὲ
2642 4241 2840 4313 μᾶλλον
2893 4241 3193 4313 φαυλισμὸν
3250 4242 3346 4297 καὶ
3401 4240 3707 4311 ὀνειδισμὸν

2141 4333 2291 4406 παρὰ
2335 4333 2471 4388 Θεοῦ
2515 4335 2643 4406 ὑμῖν
2673 4338 2973 4408 γινόμενον·
3007 4335 3036 4387 ὁ
3063 4334 3172 4408 γὰρ
3215 4335 3369 4407 παρὰ
3408 4333 3712 4405 ἀνθρώπων

2142 4422 2424 4495 γινόμενος
2465 4423 2692 4488 ἐκείνοις
2740 4424 3149 4491 συναπολεῖται,
3180 4425 3357 4479 αὐτῶν
3384 4425 3474 4495 ὑφ’
3505 4424 3715 4479 ἑαυτῶν

473 4529 599 4584 spes
628 4514 683 4569 in
714 4513 1013 4583 Christum,
1043 4514 1348 4584 perdurans
1395 4532 1519 4572 cum
1564 4519 1645 4574 eis
1677 4520 1770 4590 qui
1801 4521 2035 4579 salutare

2145 4514 2527 4588 φθειρομένων·
2566 4515 2697 4587 μόνη
2724 4515 2779 4569 δὲ
2814 4516 3019 4589 μένειὴ
3053 4519 3133 4581 είς
3161 4517 3251 4571 τὸν
3282 4516 3517 4589 Χριστὸν
3538 4515 3715 4579 ἐλπὶς,

473 4613 604 4661 sunt
632 4606 939 4663 consecuti.

555 4781 711 4840 Vens.
743 4783 800 4839 9.
838 4781 1139 4841 Jerusalem
1196 4791 1257 4838 ut
1308 4782 1535 4854 recipiat
1563 4784 1755 4841 suadet
1786 4801 2045 4857 quaecun-

471 4894 582 4951 que
627 4877 954 4950 negligentia
1012 4874 1338 4948 perdiderit;
1394 4883 1479 4931 est
1535 4876 1680 4932 enim
1737 4878 1832 4933 tibi
1888 4879 2044 4936 forti-

473 4970 627 5036 tudo,
675 4985 781 5040 qua
833 4968 1056 5024 indutus
1124 4967 1301 5023 valida
1351 4967 1524 5053 videri
1574 4970 1809 5040 poteris;
1856 4975 2043 5028 recor-

473 5064 607 5119 dare
629 5070 684 5117 te
710 5077 821 5118 non
851 5062 1015 5116 aliam
1047 5076 1170 5115 esse
1197 5061 1265 5116 ab
1303 5061 1395 5115 illa
1429 5059 1758 5132 Jerusalem,
1788 5064 1945 5135 cujus
1973 5066 2042 5123 ad

472 5164 664 5211 nutum
695 5153 1039 5210 debiscentes
1084 5153 1227 5209 inter
1273 5152 1472 5209 ﬂuctus
1522 5156 1628 5209 iter
1660 5171 1809 5213 mare
1842 5159 2045 5229 permi-

472 5246 565 5310 sit,
598 5253 657 5299 ut
687 5260 755 5300 ex
780 5242 1015 5315 Egypto
1053 5244 1269 5300 liberati
1299 5246 1592 5301 transitum
1622 5245 1915 5316 haberent;
1952 5249 2042 5304 cui

471 5336 840 5393 inservierunt
868 5336 1168 5405 elementa;
1222 5352 1344 5408 quae
1394 5337 1480 5394 vel
1520 5338 1578 5392 in
1608 5337 1825 5394 deserto
1858 5357 2040 5397 rerum

471 5429 716 5484 omnium
766 5428 923 5498 copia
970 5429 1289 5484 abundavit.
1345 5428 1467 5497 Noli
1522 5431 1689 5502 igitur
1738 5432 1885 5487 vires
1919 5443 2041 5489 tuas

471 5520 720 5587 prodere,
744 5534 848 5575 nec
878 5521 1045 5575 animi
1067 5520 1255 5576 virtuti
1289 5530 1563 5594 torporem
1604 5523 1900 5591 inducere,
1943 5525 2041 5581 sed

472 5624 704 5681 exsurge
731 5612 799 5667 ad
836 5613 1089 5669 ccelestes
1121 5629 1269 5686 spes.
1287 5617 1849 5696 et,receptag_iiducia,
1879 5619 2039 5676 bonis

474 5709 530 5758 te
564 5704 818 5773 operibus
843 5719 1097 5763 exornes.

2152 4605 2626 4669 συνδιαιωνίζουσα
2664 4608 2778 4671 τοῖς
2811 4607 2871 4661 τὸ
2913 4609 3178 4679 σωτήριον
3217 4607 3376 4661 τοῦτο
3412 4607 3717 4673 παραδεξα-

2154 4698 2355 4771 μένοις.
3363 4691 3369 4701 ’

2229 4787 2649 4860 Ἀναλαμϐάνειν
2681 4788 2778 4859 τὴν
2816 4788 3167 4861 Ἰερουσαλὴμ
3192 4789 3654 4861 παρακελεύεται,
3681 4788 3719 4842 ἃ

2148 4879 2379 4951 ἀμελείᾳ
2416 4864 2718 4951 προὺδωκε·
2760 4881 3019 4954 πρόσεστι
3037 4882 3145 4953 γάρ
3173 4899 3254 4935 σοι
3291 4881 3464 4952 ἰσχὺς,
3499 4880 3620 4935 καθ’
3649 4880 3719 4951 ἢν

2148 4968 2369 5042 δυνήσῃ,
2409 4970 2638 5043 σεαυτὴν
2674 4972 3083 5041 συναγαγοῦσα,
3120 4972 3317 5044 ἰσχυρά
3347 4989 3431 5036 τις
3458 4971 3712 5043 ὀφθῆναι·

2148 5060 2305 5114 τοῦτο
2347 5061 2708 5134 λογισαμένη,
2749 5062 2833 5115 ὅτι
2876 5063 2976 5116 οὑκ
3018 5064 3151 5135 άλλη
3197 5081 3279 5126 τις
3326 5065 3456 5136 παρ’
3500 5062 3721 5130 ἐκείνην

2147 5152 2432 5224 τυγχάνεις
2466 5155 2565 5225 τὴν
2598 5155 2982 5228 Ἰερουσαλὴμ,
3090 5156 3274 5220 ὑπεῖξε
3316 5154 3561 5210 θάλασσα
3601 5155 3721 5209 ὁδόν

2151 5261 2231 5298 σοι
2259 5246 2657 5318 άνατέμνουσα,
2689 5248 2753 5300 ἵν’
2777 5248 2827 5301 οί
2856 5248 2950 5301 ἀπ’
2966 5248 3238 5316 Αἰγύπτου
3260 5245 3721 5318 ἐλευθερωθέντες

2147 5335 2439 5393 διαϐαίνειν
2471 5337 2683 5409 ἔχωσινο
2716 5333 2751 5413 ᾖ
2787 5339 3096 5412 ἐδορυφόρει
3134 5339 3205 5393 τὰ
3239 5340 3495 5409 στοιχεῖα,
3531 5337 3625 5391 καὶ
3650 5336 3721 5407 ἢν

2146 5429 2407 5500 διεδέχετο
2432 5431 2466 5501 ἡ
2503 5431 2563 5483 ἐν
2594 5431 2787 5504 ἐρήμῳ
2824 5432 3074 5504 ἀνενδεὴς
3114 5431 3367 5503 χορηγία.
3403 5430 3495 5500 Μὴ
3532 5427 3720 5481 τοίνυν

2145 5520 2243 5584 τὰς
2265 5522 2462 5592 ὲαυτῆς
2484 5521 2742 5593 δυνάμεις
2769 5525 2978 5597 προδῷς
2997 5564 3011 5589 ,
3040 5523 3175 5595 μηδὲ
3205 5523 3457 5595 κοιμίσῃς
3486 5518 3588 5584 τὰς
3612 5519 3721 5589 ψυ-

2146 5614 2303 5684 χικὰς
2321 5616 2618 5685 ἐνεργείας·
2649 5616 2760 5670 ἀλλ’
2789 5615 3111 5687 ἐξανάστηθι
3150 5615 3286 5685 πρὸς
3316 5612 3600 5687 οὐρανίους
3630 5608 3721 5663 ἐλ-

2148 5707 2323 5771 πίδαςο
2357 5708 2451 5761 καὶ
2481 5708 2823 5762 ἀναλαϐοῦσα
2850 5709 2909 5763 τὸ
2939 5710 3179 5780 θαρρεῖν,
3202 5706 3432 5775 ἀγαθαῖς
3453 5702 3718 5779 πράξεσιν

2149 5795 2345 5862 ἑαυτὴν
2375 5796 2690 5860 κατακόσμη
2699 5814 2806 5854 σον.
