4138 6432
418 504 556 559 1555

1765 502 1829 548 Ii‘
1868 503 2122 550 tantam.

3497 521 3634 571 1554

483 621 544 674 Εἰ
565 619 670 690 γάρ
685 619 778 672 καὶ
797 618 976 689 πατὴρ
991 616 1084 672 καί
1103 617 1280 688 μήτηρ
1314 615 1580 687 ὑπηρέται
1599 614 1696 685 τῆς
1715 615 1957 707 γενέσεωέ

2115 706 2121 707 7
2154 614 2316 673 Vens.
2351 619 2436 672 I5.
2471 618 2645 690 Opera
2675 623 2890 692 quidem
2938 636 2991 683 et
3024 631 3196 700 patris
3223 639 3276 688 et
3318 637 3510 692 matris
3543 654 3638 707 ge-

414 713 723 781 γεγόνασιν,
755 710 830 774 ὼς
858 709 1034 779 φιλίας
1075 724 1155 761 σοι
1194 709 1286 761 καὶ
1321 707 1634 776 συγγενείας
1671 705 1972 777 προφάσεις

415 804 764 876 παρέχοντες,
783 801 893 854 ἀλλ’
915 803 1060 872 ὅμως
1082 801 1178 853 οὐκ
1197 799 1381 871 ἀτονίᾳ
1399 800 1496 870 τῆς
1517 797 1795 869 δυνάμεως
1813 798 1970 851 τοῦτο

416 894 783 967 συνεχώρησα·
806 893 925 948 οὐτε
957 892 1065 964 γάρ
1093 891 1188 963 τὴν
1214 892 1384 962 ἀρχὴν
1413 891 1657 945 πλάττων
1683 890 1773 943 τὸν
1801 889 1968 961 Ἀδὰμ

412 988 614 1042 τούτων
650 987 903 1059 ἐδεήθην,
938 984 1071 1038 ἀλλὰ
1096 983 1308 1054 θελήσει
1339 981 1728 1054 ὑπεστησάμην
1751 981 1845 1034 καὶ
1878 980 1969 1034 δυ-

411 1082 571 1153 νάμει
598 1083 662 1151 τῇ
691 1081 817 1151 ἐμῇ.

482 1173 591 1228 Καὶ
622 1171 728 1225 τῶν
763 1169 1164 1243 προγεγονότων
1209 1169 1288 1232 εἰς
1327 1166 1545 1238 μνήμην
1585 1165 1780 1230 αὐτοὺς
1820 1165 1964 1233 ἄγει,

409 1265 503 1318 καὶ
537 1267 614 1328 εἰς
655 1264 716 1316 τὸ
745 1259 896 1326 αὖθις
929 1261 1145 1334 θαρρεῖν
1177 1259 1374 1322 αὐτοὺς
1413 1257 1792 1329 προτρέπεται·
1829 1255 1965 1310 Οὐτε

407 1357 536 1427 γὰρ,
580 1354 762 1425 φησὶν,
803 1355 852 1406 οἰ
890 1350 1254 1417 ἀπειλοῦντες,
1289 1351 1386 1404 καὶ
1419 1348 1560 1403 κατά
1591 1348 1682 1401 σοῦ
1725 1347 1964 1418 μαιμάσ-

410 1465 610 1511 σοντες,
629 1445 965 1518 ἠδυνήθησαν
981 1441 1291 1514 ἀντιστῆναι
1309 1459 1410 1508 σοι,
1430 1441 1560 1514 ἐμοῦ
1577 1440 1961 1511 ἐπαμύνοντος·

405 1541 672 1610 οὐδέτεροι
702 1537 1037 1609 ἰσχύσουσιν,
1063 1535 1197 1608 ἐμοῦ
1225 1535 1421 1607 ραδίως
1447 1533 1666 1596 τούτους
1685 1533 1764 1595 εἰς
1790 1530 1966 1602 φυγὴν

405 1633 714 1702 τρέποντος.

479 1718 850 1791 Διδασκόμεθα
876 1719 932 1773 δὲ
958 1718 1021 1771 ἐκ
1045 1715 1233 1772 τούτου
1249 1757 1264 1783 ,
1293 1715 1368 1780 ώς
1391 1715 1484 1770 καὶ
1505 1717 1553 1769 oi
1582 1717 1839 1787 τάραχοι,
1870 1717 1966 1772 καὶ

405 1813 459 1866 αἰ
506 1811 898 1872 ἐπαναστάσεις
934 1807 1040 1860 τῶν
1093 1805 1281 1871 ἐθνῶν,
1321 1806 1414 1860 καὶ⁹
1463 1804 1532 1859 τὰ
1578 1804 1813 1876 δυσχερῆ
1856 1805 1966 1859 τῶν

405 1903 763 1974 πραγμάτων,
799 1899 891 1953 καὶ
909 1901 958 1952 οἰ
987 1899 1278 1972 πειρασμοὶ
1296 1937 1311 1962 ,
1338 1896 1480 1951 κατά
1505 1896 1846 1967 συγχώρησιν
1866 1895 1960 1949 τοῦ

2073 706 2219 762 nitus
2250 723 2344 775 es,
2384 719 2442 763 ut
2464 711 2702 767 amicitia
2740 721 2917 770 tecum
2949 725 3002 772 et
3033 722 3354 790 cognatione
3398 706 3631 796 conjun—

2070 808 2326 868 gerentur
2346 840 2361 866 ,
2401 803 2510 858 nOn
2555 806 2713 874 quasi
2759 806 3030 864 deﬁcienti
3059 825 3192 866 mea:
3219 817 3472 882 potestati
3501 835 3634 888 sup-

2070 890 2300 958 plerent.
2356 891 2476 948 Non
2520 897 2664 950 enim
2713 898 2847 952 mihi
2901 899 3008 956 illis
3055 902 3111 958 in
3168 906 3438 977 principio
3491 924 3631 979 opus

2067 979 2186 1044 fuit,
2219 998 2345 1037 cum
2369 985 2738 1054 plasmabatur
2782 989 2975 1060 Adam,
3001 993 3095 1049 sed
3119 995 3401 1053 voluntate
3429 1013 3494 1053 ac
3522 1000 3632 1056 vir-

2069 1079 2181 1127 tute
2205 1089 2322 1129 mea
2354 1075 2470 1145 ipse
2504 1091 2627 1133 eum
2655 1078 2808 1135 eﬁ‘eci

2137 1161 2302 1222 Vens.
2333 1167 2418 1221 14.
2439 1167 2545 1225 Res
2564 1173 2866 1241 praeteritas
2899 1174 2955 1230 in
2984 1178 3301 1234 memoriam
3324 1194 3512 1236 eorum
3539 1197 3628 1238 re-

2064 1263 2242 1320 vocat,
2275 1267 2331 1312 et
2362 1258 2435 1312 ita
2472 1258 2678 1319 fractos
2709 1265 2922 1320 animos
2965 1265 3183 1336 reﬁcit;
3233 1284 3359 1325 nam
3408 1287 3625 1328 causam

2067 1353 2212 1400 tuam
2244 1356 2437 1418 agente
2477 1366 2565 1407 me
2587 1394 2602 1420 ,
2637 1368 2747 1408 non
2775 1354 3105 1423 valuerunt,
3131 1358 3329 1428 inquit,
3363 1361 3458 1416 tibi
3492 1365 3630 1418 resi-

2066 1443 2232 1502 stere,
2261 1440 2354 1509 qui
2399 1442 2561 1498 minis
2586 1450 2640 1499 te
2671 1451 2726 1500 et
2754 1443 2940 1502 furore
2973 1449 3271 1520 urgebant;
3329 1469 3507 1524 neque
3534 1456 3627 1510 alii

2065 1529 2236 1599 magis
2265 1532 2570 1600 proficient,
2599 1535 2758 1593 facile
2773 1553 2868 1594 eos
2893 1539 2948 1594 in
2976 1539 3158 1614 fugam
3189 1552 3418 1598 vertam.

2136 1709 2304 1768 Vens.
2332 1713 2420 1770 I5.
2452 1712 2616 1770 Docet
2633 1717 2722 1773 hic
2735 1733 2836 1776 nos
2856 1719 3624 1789 turbamenta,etrebelliones

2064 1803 2328 1872 gentium,
2355 1812 2408 1860 et
2441 1821 2624 1862 rerum
2655 1811 2956 1880 angustias,
3003 1821 3059 1868 et
3105 1813 3515 1871 sollicitationes
3553 1817 3623 1871 ad

2065 1893 2287 1958 malum,
2314 1911 2422 1951 non
2454 1898 2573 1954 sine
2600 1898 2696 1956 Dei
2728 1900 2952 1957 numine
2989 1902 3138 1972 ﬁeri;
3178 1907 3374 1976 quibus
3418 1907 3624 1964 instan-

402 1967 540 2046 Θεοῦ.
560 1967 813 2062 γίνονται·
842 1983 915 2045 ὧν
948 1967 1327 2061 ἐνεργούντων,
1354 1991 1458 2060 χρὴ
1497 1989 1584 2042 τὸν
1612 1991 1846 2060 νήφοντα
1869 1987 1957 2041 ἐπὶ

2063 1986 2227 2052 tibus,
2282 1990 2574 2058 prudenter
2633 2001 2687 2048 te
2731 1992 2797 2048 ad
2840 1993 2933 2052 Dei
2983 1967 3240 2051 auxilium
3263 1998 3529 2069 recipies,
3559 2009 3624 2055 ut

400 2085 497 2155 τὴν
527 2083 619 2136 τοῦ
643 2082 775 2136 Θεοῦ
806 2081 1166 2149 καταφεύγειν
1195 2079 1439 2151 βοήθειαν
1458 2120 1472 2145 ,
1513 2079 1606 2132 καί
1647 2080 1776 2150 παρ’
1819 2079 1962 2132 ἐκεί-

401 2195 491 2231 νου
527 2174 792 2230 αἰτεῖσθαι
817 2174 915 2245 τὴν
935 2172 1136 2226 τούτων
1165 2172 1502 2244 ἀπαλλαγήν.

471 2267 638 2321 Πάλιν
673 2267 759 2320 διά
798 2267 896 2336 τῆς
938 2265 1330 2336 παρακλήσεως
1376 2265 1474 2335 τὴν
1511 2263 1752 2319 ἑκούσιον
1793 2264 1960 2334 αὐτῆς

399 2359 605 2412 πτῶσιν
635 2358 905 2429 σημαίνει·
929 2359 1026 2411 οὐκ
1046 2358 1110 2412 ἂν
1132 2357 1240 2429 γὰρ
1268 2357 1388 2410 οὐδὲ
1414 2356 1760 2427 διαναστῆναι
1792 2356 1962 2428 αὐτὴν

397 2448 761 2520 προετρέπετο
795 2449 885 2502 ὑπ’
917 2447 1076 2502 ἄλλου
1111 2447 1476 2518 κατεχομένην
1500 2487 1514 2512 ,
1549 2447 1684 2501 ἀλλά
1719 2447 1798 2519 τῷ
1829 2465 1960 2501 κατ-

398 2539 572 2610 έχοντι
592 2523 844 2610 ἐπετίμα·
877 2539 988 2593 ἀλλ’
1012 2539 1196 2611 ἐπειδὴ
1230 2539 1474 2593 ἑκούσιον
1513 2538 1718 2593 πτῶσιν
1755 2539 1960 2610 ὑπομε-

399 2632 641 2701 μενήκει,
662 2630 1007 2701 διαναστῆναι
1036 2631 1202 2703 αὐτὴν
1231 2630 1674 2702 παρακελεύεται.

493 2811 676 2880 Ωσπερ
698 2809 818 2864 τινὰ
855 2809 982 2880 χοῦν
1011 2811 1069 2864 ὃν
1098 2809 1342 2876 συνέλεξο
1385 2811 1493 2865 ἀπὸ
1522 2812 1615 2864 τοῦ
1649 2809 1956 2881 πτώματος,

391 2903 629 2958 ικτεινον
652 2905 746 2958 καὶ
775 2906 1098 2977 ἀπόρριψον·
1125 2906 1219 2959 καὶ
1245 2907 1369 2969 τούς
1399 2905 1630 2977 δεσμοὺς
1648 2945 1663 2969 ,
1695 2901 1774 2969 οἷς
1802 2921 1959 2959 σεαυ-

391 2996 491 3067 τὴν
522 2996 986 3068 κατεδέσμευσας,
1022 2996 1183 3051 λῦσον
1225 2995 1588 3050 ἀποσπάσασα
1627 2997 1826 3067 ἑαυτὴν
1863 2993 1958 3049 τοῦ

392 3086 557 3154 ζυγοῦ
589 3087 691 3157 τῆς
725 3088 968 3153 ἀδικίας,
1000 3081 1044 3156 ᾧ
1083 3087 1282 3141 ἑκοῦσα
1319 3088 1410 3142 τὸν
1449 3088 1651 3158 σαυτῆς
1689 3087 1960 3160 τράχηλον

392 3177 674 3240 ὑπέϐαλες·
711 3179 806 3231 καὶ
837 3181 991 3246 ἀξίαν
1017 3181 1212 3251 ἑαυτὴν
1248 3179 1532 3251 ἀπέφηνας
1561 3171 1954 3250 αἰχμαλωσίας,

389 3273 482 3341 ἀφ’
504 3267 571 3344 ἧς
590 3263 832 3343 ρυσθήσῃ
857 3271 1210 3342 μετανοοῦσα·
1231 3273 1352 3326 οὐδὲ
1370 3273 1478 3345 γὰρ
1500 3273 1599 3344 τὴν
1619 3273 1790 3345 ἀρχὴν
1815 3290 1955 3346 παρ-
1976 3295 2025 3359 α

389 3365 574 3436 εδόθης
611 3365 700 3416 ὑπ’
736 3362 870 3434 ἐμοῦ
911 3363 986 3427 ώς
1019 3363 1280 3436 ἀργύριον
1317 3364 1625 3435 εἰληφότος,
1659 3364 1794 3418 ἀλλά
1831 3367 1952 3429 ταῖς

388 3456 612 3519 οἰκείαις
628 3456 822 3526 ἑαυτῆς
847 3456 1137 3527 ἁμαρτίαις
1156 3455 1420 3528 ἐπράθης·
1445 3456 1586 3528 ἅπερ
1616 3458 1952 3526 συγχωρήσω

390 3563 469 3600 σοι
498 3545 850 3617 μετανοούσῃ,
884 3547 978 3600 καὶ
1000 3547 1402 3617 άνακαλέσομαι
1431 3547 1528 3618 τῆς
1559 3546 1946 3618 αἰχμαλωσίας.

460 3637 532 3692 Τὸ
562 3638 619 3690 δὲ
641 3639 718 3702 εἰς
745 3638 1058 3710 Ἀσσυρίους
1081 3639 1310 3702 ἄκοντας
1337 3639 1648 3710 ἀπαχθῆναι
1675 3638 1812 3711 ἐμὴν
1837 3640 1950 3710 ἔχει

389 3731 750 3804 συγχώρησιν,
789 3733 966 3786 αἰτίαν
1010 3733 1065 3786 δὲ
1109 3733 1396 3805 ὑμετέραν·
1442 3735 1541 3787 οὐκ
1581 3735 1647 3788 ἂν
1684 3734 1792 3806 γὰρ
1830 3733 1951 3787 οὑδὲ

385 3824 593 3888 τούτοις
621 3825 928 3896 παρέδωκα,
962 3825 1036 3896 μὴ
1062 3825 1169 3878 τῶν
1203 3827 1611 3897 ἁμαρτημάτων
1633 3827 1784 3897 ὑμῶν
1817 3843 1951 3900 προ-

385 3916 689 3971 δεδωκότων
711 3917 874 3988 ὑμᾶς·
910 3918 992 3971 ὅτι
1015 3917 1072 3971 δέ
1095 3918 1249 3988 ῥᾳδία
1274 3917 1424 3971 ἔσται
1448 3918 1542 3972 καὶ
1561 3919 1592 3977 ἡ
1617 3918 1725 3972 ἀπὸ
1746 3919 1949 3974 τούτων

385 4007 693 4079 ἀπαλλαγὴ,
722 4007 992 4077 γνώσεσθε
1021 4009 1493 4080 μετανενοηκότες.

461 4182 530 4235 Ἦ
553 4182 661 4254 γὰρ
695 4183 814 4252 οὐχὶ
838 4185 932 4237 καὶ
957 4185 1233 4254 Ῥαψάκης
1265 4186 1594 4257 ἀτονώτερόν
1623 4206 1690 4259 με
1721 4188 1830 4242 τῶν
1860 4191 1948 4243 λε-

383 4272 630 4343 γομένων
654 4273 784 4345 παρ’
811 4273 993 4336 αὐτοῖς
1018 4273 1154 4330 θεῶν
1190 4271 1327 4330 εἶναι
1359 4276 1606 4346 νενόμικε
1638 4277 1827 4346 λέγων·
1853 4278 1946 4351 Μὴ

385 4364 528 4435 ὑμᾶς
558 4365 818 4419 ἀπατάτω
845 4365 1111 4429 Ἐζεκίας·
1154 4384 1172 4418 ι
1204 4365 1295 4438 Μὴ
1327 4369 1356 4420 ὁ
1386 4366 1518 4429 Θεὸς
1538 4367 1690 4438 ὑμῶν
1725 4367 1946 4441 ρύσεται

385 4455 561 4526 ὑμᾶς;
597 4454 670 4526 μὴ
701 4455 998 4526 ἐρρύσαντο
1025 4459 1073 4509 οἰ
1103 4456 1214 4511 θεοὶ
1245 4457 1353 4511 τῶν
1386 4457 1556 4512 ἐθνῶν
1592 4459 1818 4524 ἕκαστος
1849 4461 1946 4531 τὴν

383 4547 578 4604 ἐαυτοῦ
628 4547 844 4620 χώραν;
897 4567 916 4601 ›
960 4549 1174 4620 Ταύτης
1220 4549 1399 4606 τοίνυν
1447 4551 1548 4622 τῆς
1601 4552 1946 4625 βλασφημίας

2062 2078 2434 2137 liberationem
2465 2084 2533 2138 ab
2560 2085 2640 2142 eis
2661 2086 2989 2157 depreceris.

2137 2253 2265 2308 CAP.
2298 2254 2406 2322 LII,
2443 2255 2607 2314 Vens.
2628 2259 2679 2314 1.
2705 2259 2918 2318 Rursus
2941 2264 3204 2331 declarat,
3239 2265 3368 2321 dum
3405 2281 3504 2325 eos
3536 2283 3606 2324 ex

2053 2336 2330 2410 hortatur,
2357 2345 2588 2403 libenter
2611 2349 2762 2420 ipsos
2780 2350 2834 2405 in
2850 2353 3184 2410 calamitates
3203 2371 3322 2412 esse
3340 2356 3614 2428 delapsos.

2060 2432 2214 2498 Quod
2242 2435 2290 2490 si
2321 2437 2463 2493 enim
2483 2438 2556 2494 ab
2575 2439 2683 2495 alio
2697 2442 2890 2511 quovis
2914 2445 3367 2517 opprimerentur,
3385 2465 3495 2504 non
3523 2466 3619 2506 eos

2059 2540 2351 2598 exsurgere
2419 2529 2632 2599 juberet
2656 2573 2671 2596 ,
2730 2532 2826 2588 sed
2883 2544 3134 2606 argueret
3186 2539 3616 2612 opprimentem;

2060 2633 2205 2673 nunc
2230 2635 2359 2675 vero
2393 2636 2516 2676 cum
2550 2625 2830 2682 voluntate
2856 2643 2953 2684 sua
2979 2628 3034 2683 in
3068 2629 3228 2687 malis
3255 2631 3616 2705 detineantur,

2060 2719 2119 2765 ut
2158 2725 2453 2785 exsurgant
2487 2727 2610 2787 apte
2641 2721 2850 2776 suadet.

2131 2804 2298 2863 Vens.
2329 2807 2384 2863 2.
2421 2807 2702 2865 Pulverem
2735 2823 2950 2883 excute,
2976 2825 3031 2873 et
3063 2818 3238 2888 abjice
3259 2859 3276 2885 ,
3321 2837 3480 2892 quem
3528 2838 3622 2879 ca-

2059 2895 2194 2952 dens
2238 2898 2538 2970 collegisti;
2587 2911 2640 2958 et
2690 2903 2890 2974 quibus
2961 2909 3242 2980 temetipse
3282 2910 3574 2971 devinxisti
3600 2955 3618 2982 ,

2059 2988 2209 3044 solve
2235 2989 2484 3058 vincula,
2525 3002 2688 3050 exuto
2729 2996 2864 3069 jugo
2891 2999 2980 3054 cui
3026 3001 3229 3056 collum
3257 3009 3412 3059 tuum
3445 3007 3619 3062 liben-

2058 3087 2143 3136 ter
2166 3081 2517 3153 subjeceras;
2543 3085 2619 3140 ita
2645 3101 2807 3157 quam
2833 3089 2931 3145 tibi
2976 3107 3359 3162 promerueras
3393 3098 3621 3168 captivi-

2059 3182 2224 3230 tatem
2247 3191 2342 3246 per
2373 3179 2741 3247 paenitentiam
2771 3181 2970 3238 solves.
3003 3183 3123 3240 Non
3147 3188 3287 3242 enim
3324 3189 3476 3255 olim,
3513 3205 3622 3246 aere

2058 3275 2304 3338 accepto,
2333 3284 2366 3324 a
2394 3285 2482 3325 me
2524 3272 2822 3326 venundati
2863 3273 2998 3329 estis
3021 3317 3037 3343 ,
3077 3277 3176 3332 sed
3211 3286 3432 3348 pr0pter
3473 3281 3620 3350 ipso-

2055 3371 2175 3410 rum
2205 3368 2384 3413 vestra
2413 3368 2671 3430 peccata;
2702 3377 2822 3431 quae
2847 3371 3026 3420 tamen
3059 3367 3438 3436 paenitentiam
3463 3385 3621 3443 agen-

2055 3448 2202 3503 tibus
2229 3449 2528 3520 ignoscam,
2552 3461 2605 3508 et
2632 3455 2730 3510 vos
2761 3453 2829 3511 de
2857 3455 3172 3527 captivitate
3198 3461 3486 3518 revocabo.

2123 3629 2290 3688 Vens.
2348 3634 2400 3688 4.
2451 3633 2563 3692 Vos
2615 3637 2881 3694 violenter
2931 3641 2988 3695 in
3044 3642 3300 3713 Assyrios
3350 3645 3617 3704 abductos

2056 3722 2228 3780 fuisse
2260 3741 2380 3781 meo
2421 3727 2640 3798 quidem
2679 3732 2968 3801 permisso,
2997 3742 3174 3790 vestra
3226 3745 3408 3794 autem
3458 3739 3619 3812 culpa

2054 3816 2258 3873 factum
2286 3827 2405 3888 est;
2435 3837 2546 3877 non
2573 3824 2716 3878 enim
2741 3840 2838 3882 vos
2863 3825 2972 3884 illis
3005 3828 3501 3899 tradidissem,nisi
3521 3850 3620 3893 vos

2052 3912 2206 3981 prius
2257 3921 2481 3982 peccata
2526 3923 2707 3972 vestra
2763 3919 3171 3991 prodidissent;
3222 3940 3384 3996 quam
3441 3927 3618 3986 facilis

2051 4014 2228 4059 autem
2257 4005 2329 4060 sit
2355 4006 2424 4062 ab
2453 4006 2576 4064 istis
2615 4009 2866 4068 iiberatio
2886 4053 2902 4078 ,
2939 4015 3222 4072 conversis
3267 4018 3485 4089 animis,
3513 4035 3612 4078 ex-

2051 4096 2352 4164 pericmini.

2049 4195 2084 4258 t;
2125 4187 2294 4245 Vens.
2324 4191 2376 4244 5.
2419 4189 2612 4247 Nonne
2639 4208 2726 4249 me
2753 4193 3067 4266 Rhapsaces
3090 4197 3404 4256 debiliorem
3425 4205 3588 4260 existi
3605 4234 3619 4246 -

2051 4281 2217 4335 mavit
2250 4281 2446 4349 idolis,
2478 4300 2598 4354 quae
2648 4286 2790 4356 apud
2839 4297 3027 4359 gentes
3075 4290 3152 4345 dii
3198 4291 3504 4349 habentur?
3539 4296 3619 4355 Ne

2052 4387 2148 4429 vos
2192 4373 2431 4443 decipiat
2473 4374 2714 4464 Ezecias,
2760 4379 2969 4434 aiebat:
3007 4399 3026 4432 ‹
3056 4381 3312 4454 Nunquid
3340 4402 3438 4444 vos
3473 4387 3618 4446 Deus

2051 4472 2230 4521 vester
2285 4468 2546 4523 erueret?
2607 4467 2866 4540 Nunquid
2915 4485 3177 4529 eruerunt
3223 4476 3299 4532 dii
3349 4481 3612 4550 gentium,

2052 4552 2430 4631 unusquisque
2464 4577 2618 4618 suam
2661 4563 2939 4635 regionem
2972 4567 3062 4620 ιιι
3097 4587 3116 4620 ι
3147 4566 3376 4641 Propter
3406 4587 3504 4630 vos
3540 4573 3618 4630 ita

384 4641 540 4710 ὑμεῖς
563 4641 725 4695 αῐτιοι
751 4641 1046 4711 γεγένησθε
1064 4683 1078 4708 ,
1117 4642 1408 4713 μοχθηροῖς
1430 4645 1584 4714 ἤθεσι
1608 4643 1946 4710 κωλύσαντες

2055 4651 2327 4707 deridetur
2359 4659 2413 4708 et
2442 4671 2460 4704 ι
2508 4653 2914 4724 blasphematur
2961 4671 3158 4714 nomen
3191 4675 3372 4717 meum
3395 4701 3412 4729 ,
3470 4681 3490 4714 ι
3519 4667 3615 4736 qui

387 4749 452 4801 με
491 4732 845 4803 εὐεργετῆσαι
876 4732 904 4784 ὑ
912 4733 1040 4802 μᾶς.

455 4823 566 4894 Τὴν
599 4825 657 4876 ἐν
677 4825 791 4885 τοῖς
831 4821 968 4893 μετά
999 4821 1170 4877 ταῦτα
1202 4822 1490 4894 ἐπίσκεψιν
1517 4824 1612 4878 τοῦ
1643 4825 1770 4880 λαοῦ
1804 4825 1952 4897 δηλοῖ

379 4911 468 4966 διά
486 4911 596 4965 τῶν
621 4912 945 4983 λεγομένων·
968 4912 1090 4983 ἣτις
1112 4912 1205 4966 καὶ
1233 4913 1504 4983 παρουσία
1524 4915 1748 4979 δικαίως
1770 4915 1835 4969 ἂν
1863 4916 1950 4969 λέ-

380 5021 546 5072 γοιτο·
577 5004 638 5056 οὐ
661 5005 758 5075 τῆς
781 5005 968 5068 οὐσίας
991 5004 1154 5059 αὑτοῦ
1176 5005 1340 5059 τόπον
1359 5007 1424 5060 ἐκ
1441 5007 1608 5060 τόπου
1634 5008 1947 5081 μετιούσης,

381 5095 518 5148 ἀλλά
541 5096 642 5165 τῆς
672 5095 952 5168 ἐνεργείας
987 5097 1286 5168 καταδήλου
1324 5098 1636 5169 γινομένης·
1676 5099 1796 5152 τότε
1840 5100 1950 5172 γὰρ

380 5189 478 5240 καὶ
519 5191 768 5260 παρεῖναι
816 5190 947 5259 ἡμῖν
989 5188 1204 5258 λέγεται
1246 5191 1275 5242 ὁ
1319 5189 1469 5256 Θεὸς,
1511 5191 1587 5244 ὅτ’
1622 5189 1688 5244 ἂν
1725 5193 1948 5257 ἑαυτοὺς

381 5280 518 5350 πρὸς
556 5279 618 5332 τδ
651 5278 1003 5344 ὑποδέξασθαι
1033 5279 1196 5334 αὐτὸν
1223 5280 1404 5344 ἀξίους
1438 5281 1802 5354 ἁποφήνωμεν
1838 5285 1949 5348 τοῖς

379 5371 564 5435 καλοῖς
599 5372 804 5444 ἤθεσιν·
837 5371 1020 5444 ὥσπερ
1058 5370 1149 5428 οῦν
1183 5375 1422 5440 ἀπεῖναι,
1464 5374 1947 5446 μεταϐαλλομένων

381 5467 460 5526 εἰς
502 5463 592 5532 τδξ
607 5463 880 5529 ἐναντίον,
927 5464 1000 5537 μὴ
1043 5463 1454 5538 εὐδοκιμοῦντος
1497 5466 1944 5523 ἐπαναπαύεσθαι

380 5553 509 5623 ὑμῖν
541 5553 628 5608 διὰ
646 5555 715 5608 τὰ
741 5555 989 5628 μοχθηρά
1022 5557 1175 5628 ὑμῶν
1203 5559 1332 5630 ήθη.

455 5644 541 5707 Ὠς
564 5646 674 5718 γὰρ
708 5647 1006 5718 κατάδηλον
1030 5650 1140 5712 τοῖς
1177 5651 1342 5703 πᾶσιν
1375 5651 1407 5720 ή
1441 5649 1557 5722 ῶρα
1582 5651 1682 5722 τῆς
1708 5651 1938 5724 ἡμέρας,

376 5735 497 5789 καθ’
520 5737 586 5804 ἢν
606 5737 884 5808 ἐκλάμψας
911 5742 939 5792 ὁ
969 5739 1117 5810 ἧλιος
1143 5741 1485 5813 καταλάμψει
1517 5742 1692 5798 πάντα
1723 5743 1790 5798 τὰ
1816 5743 1940 5816 ὅρη·

441 5920 485 5949 ’³
505 5919 570 5974 IV
602 5919 732 5991 Reg.
767 5935 882 5983 xu,
918 5919 1006 5983 52,
1047 5920 1132 5974 55.

768 6017 1036 6076 ΡΑτιιοι..
1071 6013 1185 6076 Gn.
1221 6014 1443 6078 XVIII.

2051 4745 2236 4815 pravis
2264 4745 2510 4802 moribus
2538 4746 2798 4804 beneﬁcia
2830 4763 2950 4805 mea
2977 4765 3007 4805 a
3033 4751 3188 4808 vobis
3225 4753 3517 4824 depellitis.

2119 4838 2286 4894 Vens.
2323 4839 2374 4895 6.
2406 4839 2616 4907 Quibus
2666 4843 2846 4900 verbis
2884 4844 3088 4900 indicat
3137 4845 3281 4905 Deus
3318 4864 3377 4906 se
3427 4850 3615 4922 pepuli

2050 4945 2237 4985 curam
2270 4939 2458 5000 postea
2489 4947 2811 5003 gessurum;
2854 4928 3000 5006 quod
3043 4938 3207 4994 etiam
3241 4939 3433 4998 adesse
3468 4945 3614 5014 opti-
3711 4971 3723 4991 ι

2049 5037 2135 5078 me
2165 5022 2382 5090 dicitur,
2407 5039 2516 5080 non
2541 5031 2858 5084 transeunte
2877 5043 3009 5085 sane
3039 5041 3232 5086 natura
3254 5032 3324 5086 ab
3351 5049 3464 5089 uno
3491 5035 3613 5091 loco

2049 5113 2104 5168 in
2142 5114 2307 5169 alium
2342 5115 2541 5180 locum,
2583 5117 2678 5173 sed
2712 5121 2819 5175 vim
2869 5135 3024 5176 suam
3053 5122 3397 5181 manifestius
3440 5126 3616 5182 decla-

2047 5214 2220 5262 rante.
2253 5205 2386 5262 Nam
2434 5216 2566 5263 tunc
2606 5225 2824 5281 quoque
2865 5213 3024 5268 nobis
3068 5214 3262 5272 adesse
3295 5215 3438 5273 Deus
3475 5218 3614 5273 dici-

2049 5303 2158 5360 tur,
2197 5297 2414 5366 quando
2453 5299 2612 5355 bonis
2666 5301 2910 5358 moribus
2970 5318 3072 5360 nos
3104 5305 3452 5376 suscipiendo
3502 5305 3615 5362 Deo

2046 5387 2240 5458 dignos
2265 5389 2611 5459 praebemus;
2651 5392 2725 5447 ita
2762 5399 2816 5448 et
2864 5393 3088 5460 abesse,
3128 5397 3348 5467 quando
3393 5414 3424 5452 a
3463 5408 3613 5455 recta

2045 5481 2132 5536 via
2154 5481 2564 5540 deﬁectentibus
2595 5485 2776 5551 nobis,
2805 5495 3024 5558 propter
3043 5488 3369 5560 depravatos
3402 5505 3607 5558 mores,

2044 5573 2391 5642 acquiescere
2417 5589 2526 5630 non
2563 5573 2836 5646 dignatur.

2117 5661 2281 5718 Vens.
2313 5663 2363 5719 7.
2389 5664 2853 5732 Quemadmodum
2907 5668 2998 5725 lux
3051 5670 3157 5727 diei
3189 5673 3442 5729 omnibus
3474 5687 3609 5729 con-

2001 5829 2017 5834 “
2043 5754 2292 5824 spicitur,
2310 5768 2418 5825 qua
2446 5755 2528 5812 sol
2558 5755 2818 5831 eﬁulgens
2851 5767 3064 5817 montes
3089 5770 3318 5820 cunctos
3342 5763 3605 5830 illustrat,

3218 6022 3292 6081 k3
