4138 6444
539 485 675 541 1553

1688 486 2033 543 TllEODOltl
2068 482 2474 541 HERACLEI'ZN
2483 481 2586 537 SIS

537 603 608 654 ita
650 601 1100 671 splendidus‘erit
1136 613 1189 658 et
1226 605 1457 661 illustris
1497 621 1652 661 meus
1683 606 1749 661 ad
1780 622 1879 662 vos
1902 605 2083 661 adven

2205 602 2376 667 οὓτως
2430 601 2640 672 φανερά
2682 604 2772 655 καί
2806 603 3045 667 ἐπίδοξος
3089 601 3241 655 ἔσται
3295 602 3330 673 ἡ
3365 601 3493 672 παρ’
3520 599 3653 671 ἐμοῦ
3696 603 3777 666 εἰς

536 702 656 758 tus,
701 703 850 749 tanta
881 712 978 750 vos
1035 697 1219 751 laetitia
1280 707 1334 753 et
1389 698 1753 753 exsultatione
1783 698 2104 753 eﬂ‘eremini.

535 784 654 851 Quo
686 787 868 842 studio
897 790 1142 844 auditum
1167 791 1319 870 pacis
1351 798 1403 844 et
1427 789 1702 845 felicitatis
1734 792 2104 861 accepissetis,

533 893 600 932 eo
628 880 856 934 salutem
887 881 1043 936 vobis
1077 883 1513 953 evangelizantes
1545 882 1888 953 suscipietis,
1925 883 1998 938 ita
2022 893 2102 949 ut,

532 969 644 1024 vita
661 980 840 1026 vestra
869 974 1169 1042 sapientius
1185 975 1425 1029 instituta
1444 1014 1458 1036 ,
1491 990 1583 1028 rex
1614 981 1793 1029 vester
1819 976 2001 1029 vocari
2021 975 2105 1030 di-

532 1075 685 1130 gner.
721 1061 819 1115 llic
850 1063 1081 1117 miratur
1129 1080 1344 1135 quoque
1376 1066 1601 1135 spiritus
1629 1066 1980 1135 propheticus
2011 1081 2090 1136 pe

532 1148 629 1206 des
673 1168 985 1221 praeconum
1036 1153 1384 1224 Evangelium
1436 1156 1868 1225 pmdicantium,
1904 1158 2101 1225 quibus

530 1252 719 1312 gentes
758 1254 984 1301 cunctas
1017 1246 1348 1315 perlustrati,
1397 1246 1678 1301 deﬁnitum
1718 1249 1822 1303 sibi
1854 1250 2103 1303 curricu-

530 1333 644 1388 lum
670 1336 1039 1391 confecerunt.
1080 1336 1449 1394 Lucidieraut
1474 1340 1638 1409 pedes
1670 1356 1881 1408 eorum,
1917 1351 2103 1413 utpote

528 1426 626 1495 qui
666 1428 879 1483 fuerant
908 1430 975 1483 ab
1006 1431 1123 1499 ipso
1163 1430 1447 1487 Salvatore
1494 1433 1609 1487 loti.
1672 1431 1848 1502 Super
1884 1443 2096 1490 montes

528 1515 657 1572 ferri
687 1517 963 1584 dicuntur,
986 1529 1207 1592 propter
1230 1523 1600 1592 praestantiam
1632 1532 1685 1579 et
1712 1525 2099 1582 sublimitatem

527 1610 853 1679 evangelicae
881 1611 1166 1668 doctrinae.
1196 1612 1391 1669 Pacem
1430 1615 1892 1685 evangelizabant,
1912 1631 2098 1687 pacem

524 1700 731 1756 scilicet
769 1717 894 1757 cum
950 1702 1059 1758 Deo
1098 1706 1487 1774 praedicantes,
1541 1707 1611 1762 ab
1669 1708 1926 1765 omnibus
1984 1718 2097 1764 tum

524 1803 721 1857 prope,
765 1796 882 1843 tum
930 1793 1122 1860 procul
1168 1793 1241 1849 de
1292 1796 1547 1864 gentibus
1594 1797 2008 1868 excipiendam;
2042 1808 2098 1855 et

523 1879 801 1936 Christum
841 1882 935 1939 Dei
961 1887 1428 1955 commendantes,
1460 1890 1552 1959 qui
1582 1888 1760 1945 divisa
1813 1895 1870 1946 in
1924 1907 2094 1947 unum

523 1975 846 2045 conjunxit,
884 1986 937 2033 et
970 1995 1186 2035 murum
1221 1982 1535 2039 medianum
1569 1986 1954 2056 separationis,
1988 1987 2098 2043 ini-
2126 1962 2168 2017 Β

521 2068 761 2125 micitias
792 2086 984 2141 nempe
1022 2087 1235 2142 omnes,
1283 2078 1338 2129 in
1379 2090 1544 2132 carne
1574 2091 1673 2133 sua
1702 2077 1884 2133 solvit.

597 2243 758 2302 Vens.
797 2248 881 2302 ll.
914 2247 985 2304 Ut
1013 2250 1214 2306 animis
1243 2253 1360 2308 suis
1380 2263 1672 2310 consulant
1703 2256 1952 2311 hortatur
1972 2272 2090 2323 eos,

520 2337 804 2396 affectibus
859 2344 1042 2412 pravis
1091 2353 1145 2399 et
1200 2345 1511 2403 Chaldaicis
1560 2347 1880 2416 immutatis,
1907 2352 2091 2422 potius

522 2446 686 2501 quam
704 2431 887 2501 locis;
920 2449 988 2490 ne
1016 2434 1214 2491 iisdem
1259 2436 1506 2494 moribus
1555 2439 1914 2495 immorentur
1962 2457 2090 2497 sua-

398 2525 411 2540 '
518 2518 630 2585 det,
648 2521 850 2593 quibus
879 2524 1052 2580 donec
1079 2524 1426 2596 indulserint,
1452 2527 1719 2584 immundi
1738 2530 2086 2589 videbuntur.

585 2719 753 2777 Vens.
815 2722 901 2777 15.
961 2720 1135 2795 Reges
1188 2723 1403 2795 placido
1458 2724 1737 2796 tacitoque
1790 2741 1886 2783 ore
1917 2725 2089 2783 Deum

513 2812 834 2870 adorabunt.
871 2815 1012 2870 Caeci
1044 2815 1264 2885 quidem
1299 2818 1661 2871 remanebunt
1698 2826 1753 2873 et
1800 2817 2086 2885 indociles,

511 2906 603 2976 qui
635 2906 803 2976 legem
846 2916 1207 2977 acceperant,
1245 2916 1300 2963 et
1336 2908 1595 2963 vaticinia
1641 2910 1930 2966 audierant
1960 2928 2089 2983 pro-

510 2999 823 3067 phetarum,
865 3006 920 3053 et
949 2998 1266 3068 prophetias
1295 3010 1667 3071 cognoverant
1707 3003 1776 3059 de
1806 3002 2089 3063 Salvatore

508 3088 782 3158 prolatas;
823 3097 1013 3160 gentes
1049 3100 1263 3155 contra,
1304 3092 1506 3162 quibus
1535 3094 1670 3148 nihil
1702 3097 2084 3152 annuntiatum

508 3180 612 3234 fuit
644 3196 745 3237 nec
791 3183 1111 3249 revelatum,
1141 3184 1270 3238 isola
1306 3183 1409 3241 ﬁde
1440 3185 1532 3241 Dei
1564 3188 1852 3244 scientiam
1888 3205 2085 3247 conse-

2209 696 2352 764 ὑμᾶς
2375 697 2535 766 ῥοπήο
2572 698 2743 766 χαρᾶς
2775 711 2832 747 τε
2869 695 2963 748 καὶ
2991 692 3358 763 ἀγαλλιάσεως
3386 692 3527 747 οῦτω
3561 692 3778 765 πληρω-

2207 785 2457 856 θήσεσθε·
2490 786 2738 857 καθάπερ
2767 785 2865 857 τὴν
2896 784 3064 857 ἀκοὴν
3086 785 3365 857 εἰρηνικήν
3386 802 3444 837 τε
3474 784 3569 838 καὶ
3592 784 3777 856 ἡδεῖαν

2204 877 2529 949 δεχομένοις,
2562 878 2702 931 οὓτω
2735 894 2794 931 τε
2832 877 3154 944 ἐξάκουστος
3186 877 3338 931 ἔσται
3366 876 3657 949 ἡύμετέρα
3685 876 3778 928 λύ-

2203 988 2423 1043 τρωσις,
2457 972 2549 1025 ml.
2583 972 2807 1033 ἑαυτοὺς
2843 970 3136 1024 ὲπιδὼσετε
3180 970 3314 1041 πρὸς
3352 968 3658 1039 διόρθωσιν,
3701 966 3778 1029 ὼς

2203 1064 2298 1116 ml.
2324 1064 2423 1133 ἐμὲ
2447 1063 2611 1115 αὐτὸν
2643 1061 2863 1132 βασιλέα
2893 1061 3045 1133 ὑμῶν
3075 1062 3208 1128 ἀξιῶ
3248 1060 3548 1115 καλεῖσθαι.
3578 1088 3645 1101 —-
3686 1057 3775 1111 Ἑν

2204 1156 2411 1218 τούτοις
2440 1154 2501 1207 τὸ
2532 1154 2746 1224 πνεῦμα
2778 1153 2840 1207 τὸ
2863 1154 3225 1225 προφητικὸν,
3250 1153 3358 1206 τῶν
3392 1151 3649 1224 κηρύκων
3679 1150 3772 1204 τοῦ

2202 1247 2532 1317 Εὐαγγελίου
2555 1250 2678 1311 τοὺς
2709 1247 2871 1312 πόδας
2901 1245 3293 1318 ἀποθαυμάζει,
3318 1246 3384 1299 δι’
3413 1240 3487 1299 ὧν
3517 1244 3760 1314 πεποίην-

2202 1364 2291 1398 ται
2312 1346 2508 1417 δρόμον
2531 1344 2968 1417 ἐκπεριελθόντες
2993 1344 3089 1415 τὴν
3114 1345 3192 1407 εἰς
3219 1343 3393 1396 πάντα
3432 1342 3499 1396 τὰ
3526 1340 3650 1412 ἔθνη
3678 1357 3775 1393 πεο

2203 1438 2394 1511 ρίοδον·
2434 1438 2624 1509 ὡραῖοι
2659 1454 2720 1490 τε
2762 1436 2938 1491 αὐτῶν
2967 1433 3105 1506 ἦσαν
3127 1437 3176 1488 οἱ
3216 1436 3373 1498 πόδες
3404 1434 3491 1487 διὰ
3518 1432 3579 1486 τὸ
3610 1449 3775 1485 xam-

2200 1530 2415 1603 θάρθαι,
2440 1531 2514 1594 ὡς
2546 1530 2611 1584 ἂν
2637 1528 2730 1584 τοῦ
2757 1529 3007 1599 Σωτῆρος
3036 1529 3231 1593 αὐτοὺς
3271 1526 3649 1596 ἀπονίψαντοςο
3680 1529 3773 1583 ἐπὶ

2198 1620 2254 1674 δὲ
2289 1620 2457 1692 ὀρέων
2492 1619 2733 1690 ἔτρεχον,
2775 1619 2864 1673 διὰ
2898 1608 2961 1672 τὸ
3000 1619 3272 1690 μετέωρον
3310 1619 3402 1672 ml.
3437 1618 3637 1689 ὑψηλὸν
3675 1619 3769 1673 τοῦ

2198 1714 2550 1783 εὐαγγελικοῦ
2606 1712 2979 1786 κηρύγματος·
3025 1713 3249 1783 εἰρήνην
3295 1712 3352 1765 δὲ
3399 1711 3769 1783 κατήγγελλον

2196 1803 2521 1877 ἀνθρώποις,
2548 1804 3027 1874 εὐαγγελιζόμενοι
3068 1803 3165 1875 τὴν
3194 1804 3328 1874 πρὸς
3352 1804 3484 1857 Θεὸν
3514 1806 3765 1876 εἰρήνην,

2196 1897 2265 1968 ἢν
2303 1900 2416 1962 τοῖς
2458 1898 2675 1969 μακρὰν
2717 1897 2813 1951 ml.
2851 1900 2964 1960 τοῖς
3001 1899 3166 1965 ἐγγὺς
3207 1895 3639 1968 εὐηγγελίζοντο,
3676 1896 3769 1966 δη-

2194 1986 2411 2051 λοῦντες
2431 1988 2521 2040 τὸν
2552 1987 2785 2056 Χριστὸν
2813 1986 2907 2040 τοῦ
2938 1986 3073 2039 Θεοῦ
3102 1987 3192 2040 τὸν
3227 1988 3526 2057 ποιήσαντα
3561 1984 3628 2040 τά
3657 1987 3769 2057 ἀμ-

2195 2085 2395 2155 φότερα
2421 2083 2499 2150 ἓν,
2530 2084 2625 2137 ml.
2654 2083 2715 2136 τὸ
2747 2082 3059 2154 μεσότοιχον
3090 2081 3183 2135 τοῦ
3218 2078 3472 2151 φραγμοῦ
3507 2078 3765 2145 λύσαντα,

2193 2176 2293 2243 τὴν
2317 2176 2536 2249 ἔχθραν,
2571 2177 2629 2228 ὲν
2652 2176 2718 2245 τῇ
2744 2173 2908 2245 σαρκί
2934 2173 3120 2228 αὐτοῦ.
3530 2162 3535 2165 ’

2263 2268 2509 2340 Ψυχικὴν
2541 2268 2737 2331 αὐτοὺς
2765 2266 3081 2338 ἐπιμέλειαν
3119 2264 3326 2319 ἑαυτῶν
3361 2264 3631 2320 ποιεῖσθαι
3658 2282 3765 2321 πα-

2197 2360 2567 2433 ρακελεύεται,
2603 2361 2695 2414 καὶ
2725 2360 2831 2432 πρὸ
2859 2360 2965 2413 τῶν
2985 2360 3176 2433 τόπων
3205 2358 3626 2430 μετανίστασθαι
3657 2358 3766 2412 τῶν

2194 2429 2483 2527 μοχθηρῶν
2498 2452 2681 2525 ἰδείνῌ
2696 2454 2744 2523 ί)
2764 2429 2855 2506 ml.
2876 2429 3216 2515 Χαλδαϊκῶν,
3235 2453 3328 2505 καί
3347 2452 3420 2524 μὴ
3445 2450 3765 2523 μολύνεσθαι

2190 2549 2249 2601 ὲν
2282 2546 2509 2610 ἐκεινοις
2539 2548 2654 2609 τοῖς
2680 2544 2886 2616 ἤθεσιν,
2923 2547 2981 2598 ὲν
3013 2541 3093 2608 οἷς
3135 2545 3359 2608 ἑαυτοὺς
3391 2543 3761 2608 ὲνδεδωκότες,

2189 2637 2486 2709 ἀκάθαρτοι
2514 2635 2860 2706 όφθήσονται.

2260 2730 2329 2783 οῖ
2361 2747 2421 2783 τε
2447 2728 2682 2797 βασιλεῖς
2722 2727 2839 2799 μεθ’
2867 2727 3098 2798 ἡσυχίας
3126 2728 3219 2781 καὶ
3266 2727 3477 2797 σιωπῆς
3521 2743 3763 2797 προσκυ-

2190 2823 2425 2886 νοῦντες,
2464 2820 2879 2890 τυφλωττόντων
2922 2821 3015 2874 καὶ
3048 2819 3294 2891 ἀνηκόων
3346 2819 3613 2890 μενόντων
3653 2821 3763 2873 τῶν

2189 2914 2293 2968 ml.
2326 2913 2489 2984 νόμον
2518 2911 2827 2981 δεξαμένων
2873 2913 2966 2965 καὶ
3008 2909 3302 2983 προφητῶν
3336 2912 3764 2985 προαγορεύσεις

2187 3003 2629 3068 ὲπακουσάντων,
2665 3002 2758 3055 ml.
2791 3001 2887 3065 τὰς
2921 3003 3049 3072 περὶ
3092 2999 3187 3054 τοῦ
3239 3000 3490 3072 Σωτῆρος
3544 3018 3761 3075 προφη-

2186 3097 2335 3159 τείας
2380 3095 2697 3165 ἐγνωκότων
2722 3111 2735 3124 °
2789 3092 2897 3147 τῶν
2944 3093 3001 3146 δὲ
3044 3091 3211 3146 ἐθνῶν
3255 3092 3362 3145 τῶν
3405 3093 3572 3164 μηδὲν
3621 3095 3760 3165 μήτε

2186 3190 2506 3263 ἑωρακότων
2548 3190 2686 3259 μήτε
2715 3186 3049 3258 ἀκηκοότων,
3086 3184 3246 3255 μόνον
3277 3184 3333 3237 δὲ
3372 3184 3552 3237 πίστει
3585 3201 3759 3257 προσ-

504 3281 773 3343 quentur,
812 3282 1085 3331 eteorum
1134 3290 1256 3347 quae
1295 3275 1440 3334 Deus
1493 3279 1563 3335 de
1611 3281 1893 3354 unigenito
1942 3282 2082 3340 Filio

2186 3281 2597 3354 δεδραμηκότων
2642 3281 2721 3343 εἰς
2756 3278 2852 3349 τὴν
2884 3276 3234 3347 θεογνωσιίαν,
3269 3277 3363 3330 καὶ
3387 3278 3467 3340 εἰς
3498 3276 3596 3348 τὴν
3629 3277 3759 3346 περὶ

504 3381 608 3422 suo
631 3366 920 3439 disposuit.

575 3458 704 3514 (in.
737 3458 872 3524 ιλιι,
902 3458 1067 3517 Vsus.
1110 3462 1159 3529 1,
1186 3461 1254 3526 2,
1311 3463 1365 3517 5.
1423 3463 1560 3532 Quis
1617 3467 1847 3523 credat?
1898 3470 2080 3525 innuit

499 3550 785 3621 propheta.
832 3552 931 3608 Cui
991 3555 1323 3611 revelabitur
1371 3556 1622 3614 doctrina
1675 3561 1744 3616 de
1798 3562 2078 3634 unigenito

501 3641 596 3697 Dei
642 3641 819 3698 Filio?
847 3644 1105 3701 Eamdem
1150 3660 1252 3703 nos
1284 3649 1443 3718 quasi
1477 3651 1764 3721 parvulum
1813 3652 2074 3711 humilem

498 3733 930 3805 descripsimus,
994 3737 1153 3806 quasi
1216 3738 1458 3795 radicem
1515 3742 1801 3799 deﬁciente
1846 3744 2077 3803 humore

499 3834 857 3882 attenuatam.
913 3826 1046 3882 Tam
1079 3829 1302 3887 humilis
1340 3831 1588 3902 profecto
1637 3836 1686 3889 ei
1735 3837 1977 3906 species,
2012 3847 2072 3892 ut

497 3934 623 3974 cum
653 3921 801 3975 nulla
831 3922 935 3976 alia
968 3921 1207 3978 conferri
1246 3925 1443 3995 possit,
1475 3935 1534 3980 ut
1564 3928 1788 3983 minime
1815 3929 2070 3985 virtutem

497 4012 645 4065 illam
678 4013 871 4069 decere
921 4014 1191 4081 videatur,
1222 4033 1330 4086 qua
1391 4024 1471 4073 tot
1509 4033 1574 4073 ac
1624 4026 1773 4074 tanta
1821 4023 2069 4094 prodigia

492 4104 638 4159 edita
678 4104 917 4161 fuerunt.

569 4195 730 4253 Vens.
756 4198 807 4253 5.
838 4197 1254 4271 Ingravescente
1274 4202 1329 4256 in
1352 4201 1471 4257 dies
1493 4202 1773 4259 hominum
1798 4207 2065 4277 nequitia,

490 4296 547 4346 et
606 4290 740 4345 nihil
792 4292 1115 4347 intentatum
1151 4294 1640 4365 intemeratumque
1686 4297 2061 4369 relinquente,

491 4396 651 4451 paena
684 4398 783 4438 nos
835 4392 890 4438 et
928 4383 1161 4439 vindicta
1210 4387 1483 4441 manebat.
1537 4386 1669 4453 Quae
1715 4405 1845 4445 vero
1902 4394 2065 4450 nobis

490 4476 686 4529 merita
741 4479 1000 4545 supplicia
1078 4478 1414 4548 unigenitum
1464 4477 1702 4534 Verbum
1762 4481 1817 4535 in
1860 4493 2062 4539 terram

487 4575 734 4622 nostram
762 4568 1064 4639 delapsum,
1091 4569 1258 4640 legem
1289 4585 1507 4625 omnem
1543 4579 1598 4626 et
1630 4572 1902 4641 justitiam
1938 4592 2061 4646 per-

2186 3372 2280 3427 τοῦ
2312 3370 2632 3445 μονογενοῦς
2664 3369 2794 3423 Υἰοῦ
2825 3368 2919 3423 τοῦ
2949 3368 3083 3422 Θεοῦ
3115 3367 3437 3438 κατάληψιν.

2269 3466 2415 3520 Ἀντί
2444 3463 2561 3527 τοῦ,
2594 3464 2690 3526 Τίς
2724 3461 3001 3516 πιστεύσει
3030 3460 3124 3514 ml.
3163 3461 3268 3513 τίνι
3301 3458 3755 3531 ἀποκαλυφθήσε-

2182 3574 2274 3613 ται
2304 3558 2333 3609 ὁ
2361 3557 2488 3627 περὶ
2516 3555 2609 3608 τοῦ
2644 3552 2961 3625 μονογενοῦς
2990 3550 3119 3605 Υίοῦ
3154 3552 3248 3605 τοῦ
3290 3550 3426 3604 Θεοῦ
3459 3551 3615 3620 λόγος
3642 3567 3657 3616 ;
3690 3553 3753 3604 Οἰ

2183 3650 2291 3723 γάρ
2320 3650 2577 3723 ἡμέτεροι
2608 3650 2756 3717 λόγοι
2782 3648 2918 3719 πρὸς
2940 3646 3029 3700 τὸν
3051 3646 3212 3699 αὐτὸν
3239 3645 3513 3716 γινόμενοι
3540 3645 3756 3716 ὡσπερ-

2182 3748 2233 3799 εὶ
2269 3743 2483 3798 παιδίου
2524 3741 2775 3805 εὐτελοῦς
2815 3738 2981 3811 εἶχον,
3011 3741 3106 3794 καὶ
3138 3738 3294 3811 ριζης
3321 3738 3492 3802 οὕτως
3520 3738 3709 3792 ἀτόνου
3732 3777 3751 3803 ,

2179 3839 2254 3902 ὡς
2282 3842 2337 3891 ὲν
2376 3838 2568 3891 σπάνει
2597 3835 2799 3898 νοτίδος
2830 3833 3199 3906 ἀποκειμένης
3219 3850 3233 3863 '
3268 3832 3400 3887 αὐτὸ
3432 3831 3489 3884 δὲ
3527 3831 3589 3885 τὸ
3615 3828 3753 3896 εἶδος

2178 3930 2341 3985 αὐτοῦ
2369 3930 2540 3992 οὕτως
2572 3928 2805 3991 εὐτελὲς,
2832 3927 2906 3990 ὡς
2936 3926 3069 3979 πολὺ
3099 3924 3496 3997 ὐποϐεὗηκέναι
3521 3924 3620 3988 τάς
3643 3924 3752 3977 τῶν

2177 4024 2378 4078 λοιπῶν
2422 4022 2590 4091 ὄψεις,
2622 4022 2682 4074 οὐ
2713 4020 2819 4091 μήν
2853 4018 2990 4073 ἀλλά
3040 4019 3132 4072 ml
3175 4018 3273 4089 τὴν
3326 4018 3605 4089 ἐνέργειαν
3649 4018 3749 4087 τῆς

2174 4117 2473 4187 δυνάμεως,
2499 4114 2565 4167 δι’
2593 4110 2660 4186 ἧς
2693 4113 2761 4166 τὰ
2794 4116 2991 4183 σημεῖα
3021 4111 3251 4165 ἐτελεῖτο

2259 4207 2610 4280 Ἀκμασάσης
2637 4207 2733 4277 τῆς
2773 4204 2879 4258 τῶν
2913 4203 3213 4275 ἀνθρώπων
3252 4204 3481 4265 κακίας,
3510 4202 3603 4254 καὶ
3637 4203 3744 4254 πᾶν

2172 4293 2310 4361 εἶδος
2363 4293 2847 4367 παρανομημάτων
2903 4291 3319 4362 ἐργασαμένης,
3362 4287 3599 4360 τιμωρία
3649 4289 3745 4343 καὶ

2172 4389 2391 4453 κόλασις
2449 4388 2758 4460 ἐπήρτητο·
2820 4385 3010 4454 ἦντινα
3065 4384 3220 4455 δίκην
3286 4380 3743 4453 χρεωστουμὲνην

2172 4483 2323 4552 ἡμῖν,
2370 4482 2398 4533 ό
2443 4477 2737 4549 μονογενὴς
2782 4474 2889 4528 τοῦ¹
2926 4474 3061 4528 Θεοῦ
3095 4476 3285 4543 Λόγος,
3322 4471 3489 4525 ἐλθὼν
3522 4472 3601 4535 εἰς
3650 4471 3743 4523 τὸν

2170 4570 2291 4624 καθ’
2318 4570 2463 4640 ἡμᾶς
2498 4569 2721 4639 κόσμον,
2752 4567 2846 4619 καί
2875 4567 3055 4619 πάντα
3107 4566 3293 4636 νόμον,
3328 4565 3421 4618 καί
3458 4564 3634 4617 πᾶσαν
3662 4561 3742 4615 δι-

487 4656 698 4722 ﬁciens,
723 4672 946 4728 peccato
975 4673 1099 4712 vero
1118 4660 1258 4715 nulli
1278 4660 1596 4718 obnoxium.
1627 4673 1823 4732 sponte
1850 4663 2057 4732 subiit;

2186 4662 2454 4731 ισιοσύνην
2500 4659 2813 4731 πληρώσας,
2872 4659 3114 4730 ἁμαρτίᾳ
3172 4673 3231 4709 τε
3295 4656 3369 4727 μὴ
3427 4651 3737 4716 ὑποπεσὼν,

481 4765 551 4807 ea
588 4751 900 4813 voluntate,
937 4761 996 4804 ut
1035 4748 1102 4806 ὣς
1142 4753 1372 4823 ingratis
1425 4769 1525 4811 nos
1557 4763 1743 4826 gratos
1778 4755 1887 4812 Deo
1929 4759 2054 4814 red-

484 4839 639 4895 deret
658 4850 711 4895 et
740 4849 956 4895 amicos.
996 4839 1111 4911 Ipse
1157 4843 1380 4920 quidem
1416 4859 1607 4914 pmnas
1657 4862 1851 4904 omnes
1877 4857 1931 4904 ct
1955 4865 2057 4920 op-

482 4932 706 5003 probria
745 4947 844 5002 pro
891 4934 1049 4989 nobis
1082 4919 1332 5003 pertulit;
1374 4951 1475 4991 nos
1506 4947 1687 4992 autem
1740 4953 1836 5007 per
1897 4919 2056 4995 tidem

482 5037 607 5078 cum
635 5038 702 5081 eo
731 5025 1114 5095 compatiinur,
1145 5041 1239 5096 per
1276 5028 1506 5098 gratiam
1534 5044 1658 5083 cum
1685 5044 1753 5086 eo
1773 5032 2060 5087 commori-

479 5129 605 5170 mur
630 5126 685 5173 et
719 5118 1013 5173 salvamur.

555 5208 718 5267 Vens.
747 5211 802 5267 6.
835 5210 1082 5266 Tradidit
1108 5228 1232 5269 eum
1261 5212 1425 5278 Deus,
1446 5223 1641 5285 sponte
1663 5215 1873 5271 scilicet
1899 5216 2053 5272 obla-

476 5309 614 5367 tum,
642 5317 753 5357 non
780 5304 832 5357 vi
863 5311 1136 5359 coactum.
1167 5302 1299 5359 Nam
1348 5304 1644 5376 Apostolus
1700 5321 1918 5377 quoque
1957 5320 2049 5363 ea-

2162 4757 2341 4811 ὲκοντί
2381 4754 2622 4823 δέχεται·
2658 4753 2724 4805 ἶν’
2766 4754 2896 4822 ἡμῖν
2929 4749 3206 4821 μεταϐάλῃ
3253 4750 3353 4821 τὴν
3403 4746 3624 4800 κόλασιν
3654 4746 3736 4808 εἰς

2161 4847 2381 4919 εἰρήνην
2406 4862 2466 4897 τε
2505 4846 2596 4899 ml.
2624 4843 2937 4915 εὐμένειαν·
2965 4842 3130 4896 αὐτοῦ
3167 4842 3265 4911 μὲν
3287 4843 3350 4912 τῇ
3382 4840 3548 4910 πείρᾳ
3579 4836 3738 4891 ὑπελ-

2162 4938 2345 5001 θόντος
2381 4937 2480 5001 τάς
2508 4935 2693 5009 ὕϐρεις
2726 4936 2817 4989 καὶ
2857 4935 2956 4998 τὰς
2984 4934 3253 5000 κολάσεις,
3279 4935 3312 5003 ἡ
3323 4930 3439 5003 μῶν
3464 4929 3521 4983 δὲ
3553 4929 3738 4983 πίστει

2158 5030 2544 5101 οἰκειουμένων
2568 5028 2636 5082 τά
2661 5027 2827 5097 πάθη,
2853 5028 2945 5081 καὶ
2968 5024 3520 5096 συναποθνησκόντων
3550 5022 3737 5093 χάριτι

2160 5123 2254 5175 ml.
2290 5122 2630 5192 σωζομένων.

2228 5213 2628 5288 Παραδεδόσθαι
2658 5213 2715 5266 δὲ
2745 5214 2907 5267 αὐτὸν
2935 5214 3171 5278 ἀκούων,
3207 5212 3282 5284 μὴ
3313 5210 3558 5278 ἀνάγκην
3593 5206 3730 5261 καθ-

2157 5308 2447 5372 υπόπτευε,
2480 5307 2541 5360 τὸ
2580 5306 2637 5359 δὲ
2677 5306 2922 5359 ἑκούσιον
2954 5306 3081 5361 νόει.
3108 5305 3220 5361 Καὶ
3254 5304 3363 5376 γὰρ
3399 5305 3430 5356 ὁ
3473 5301 3730 5354 ’Δπόστο-

474 5395 598 5450 dem
626 5410 762 5451 voce
800 5397 972 5451 utitur
1002 5396 1069 5450 ad
1098 5397 1403 5454 libertatem
1426 5408 1480 5454 et
1504 5401 1839 5456 voluntatem
1868 5399 2047 5455 Patris

2186 5416 2243 5463 ος
2279 5398 2359 5471 τῷ
2383 5399 2605 5470 ὀνόματι
2634 5398 2805 5470 τούτῳ
2834 5399 3117 5470 κέχρηται,
3152 5397 3440 5452 αὐθεντίαν
3469 5393 3564 5448 καὶ
3599 5392 3731 5463 βού-

473 5487 860 5544 declarandam
886 5529 901 5544 .
939 5507 959 5541 ι
1020 5489 1113 5545 Sic
1141 5492 1287 5546 enim
1325 5491 1469 5549 Deus
1527 5492 1721 5548 dilexit
1754 5494 2040 5560 mundum,

2149 5491 2304 5563 λησιν
2337 5493 2549 5565 Πατρὸς
2581 5492 2827 5563 μηνύων·
2869 5512 2888 5544 ι
2926 5492 3081 5547 Ούτω
3109 5490 3217 5562 γὰρ
3246 5491 3274 5543 ὁ
3311 5488 3443 5551 Θεὸς
3470 5485 3729 5557 ἠγάπησε

475 5589 533 5632 ιιι
570 5579 766 5639 Filium
795 5598 957 5639 suum
978 5584 1315 5656 unigenitum
1350 5586 1583 5644 traderet
1612 5602 1715 5661 pro
1744 5587 1905 5645 nobis
1921 5587 1987 5643 ³³.
2014 5605 2033 5639 ι

2186 5585 2237 5639 ὸν
2270 5585 2491 5657 κόσμον,
2527 5585 2666 5640 ὥστε
2694 5585 2787 5639 τὸν
2812 5584 3071 5656 μονογενῆ
3107 5582 3229 5638 Υἰὸν
3258 5580 3421 5636 αὐτοῦ
3453 5575 3734 5650 παραδοῦἐ

539 5735 588 5770 ³³
605 5735 763 5793 Joan.
793 5754 876 5802 ιιι,
904 5740 993 5794 l6.

545 5891 658 5955 (ll)
689 5891 851 5947 Forte
879 5892 1029 5947 ἰδεῶν
1057 5896 1139 5949 vel
1167 5895 1324 5951 ἰδίων.

3640 481 3778 538 1356
3876 534 3886 544 .
