4138 6490
391 545 515 599 1557

1813 535 1877 590 ιΝ
1921 531 2174 588 ISAIAM.

3479 533 3614 598 1558

387 678 464 714 θαι
499 659 639 729 ὑπὲρ
675 658 848 728 ἡμῶν.
886 676 904 708 ι
955 656 1164 710 Ἐκοντὶ
1193 653 1369 707 τοίνυν
1399 651 1692 723 ὑπομείνας
1724 650 1793 702 τὰ
1840 653 1946 703 πά-

2056 652 2341 707 Cruciatus
2376 657 2555 706 autem
2609 659 2798 722 sponte
2837 660 3086 723 acceptos
3135 661 3311 711 metus
3357 657 3617 725 pertulit,

383 751 468 822 θη,
528 751 736 820 σιωπὴν
788 748 959 820 φέρει,
1018 746 1180 817 νόμον
1235 747 1364 815 ἡμῖν
1421 744 1698 814 ὑπομονῆς
1753 741 1942 794 ἑαυτὸν

381 861 456 897 πα
465 842 773 913 ρεχόμενος.

451 935 523 988 Τὸ
555 933 799 987 ἑκούσιον
828 931 921 984 τοῦ
963 931 1212 1001 Σωτῆρος
1259 931 1314 981 ὲν
1358 931 1425 999 τῇ
1468 914 1638 997 πείρα
1663 927 1770 976 τῶν
1804 924 1946 975 οἰκο-

379 1025 727 1098 νομουμένων
759 1023 1106 1094 σημαίνεταιὁ
1142 1021 1216 1085 ὡς
1249 1021 1355 1090 7&9
1385 1017 1653 1090 πρόϐατον
1684 1016 1945 1086 ἀγόμενον

381 1121 461 1182 εἰς
496 1117 706 1181 θυσίαν,
754 1114 786 1185 ἢ
835 1114 1004 1185 ἀμνὸς
1036 1111 1277 1166 ὲναντίον
1307 1110 1398 1163 τοῦ
1445 1109 1718 1178 κείροντος
1766 1105 1944 1172 αὑτὸν,

379 1209 594 1278 ἀνάγκῃ
647 1223 706 1259 τε
755 1205 1107 1275 δαμαζόμενα
1176 1203 1294 1257 οὐδὲ
1350 1202 1644 1274 βληχᾶσθαι
1694 1201 1754 1252 τὸ
1806 1199 1948 1252 ἐνδό-

381 1316 538 1370 σιμον
592 1297 704 1367 ἔχει
739 1313 753 1326 ·
813 1295 984 1359 οὕτως
1041 1295 1201 1358 αὐτὸς
1255 1293 1412 1372 ,ἑκὼν
1471 1295 1528 1346 ὲν
1583 1290 1662 1362 τῷ
1721 1291 1947 1360 πάσχειν

379 1385 690 1440 ἀπεσιώπα.

449 1478 560 1548 Τὴν
592 1475 904 1547 παράνομον
941 1474 1036 1529 καὶ
1065 1475 1246 1530 ἄδικον
1278 1473 1455 1545 κρίσιν
1485 1471 1653 1544 δηλοῖ,
1687 1473 1783 1541 τῆς
1815 1471 1948 1541 ἀλη-

381 1569 530 1632 θείας
555 1567 872 1640 κρυϐείσης.
901 1568 1012 1638 Τὴν
1041 1567 1178 1638 μετά
1205 1567 1300 1638 τὴν
1329 1567 1618 1620 ἀνάστασιν
1649 1565 1946 1635 γενομένην

379 1660 556 1726 δόξαν,
587 1661 682 1714 καὶ
713 1659 811 1731 τὴν
839 1660 1032 1730 ἐγγενῆ
1059 1659 1222 1713 αὑτοῦ
1248 1659 1424 1724 ἀξίαν,
1452 1661 1520 1731 ἣν
1547 1663 1578 1731 ή
1608 1659 1714 1712 τῶν
1748 1662 1951 1712 οἰκονο-

384 1753 664 1826 μηθέντων
714 1752 958 1817 ὑπέδειξε
1011 1755 1196 1824 πεῖρα,
1243 1754 1326 1816 τίς
1376 1753 1526 1806 ἔσται
1579 1752 1763 1816 ἱκανὸς
1806 1752 1952 1822 λόγῳ

381 1847 615 1918 φράσαι;
646 1843 807 1898 αὑτοῦ
843 1845 939 1915 μὲν
973 1834 1185 1915 θανάτῳ
1225 1844 1692 1914 ὑποϐαλλομένου,
1736 1844 1950 1896 πάντων

379 1938 436 1991 δὲ
477 1939 557 2001 είς
604 1937 910 2009 ἀφθαρσίαν
939 1937 1120 2009 χάριτι
1167 1934 1329 1990 αὑτοῦ
1359 1935 1828 2005 ζωοποιουμένων,
1857 1933 1951 1987 καὶ

383 2033 566 2085 πίστει
598 2029 999 2102 λυτρουμένων.
1035 2029 1235 2093 Διττῶς
1263 2029 1492 2082 νοεῖται·
1531 2025 1686 2080 τοῦτο
1721 2026 1838 2096 μὲν,
1867 2027 1948 2078 ὅτι
1981 2003 2024 2065 Β

382 2124 602 2194 ἐδέησεν
631 2121 944 2191 ἀναγκαίως
967 2121 1222 2190 γενέσθαι
1252 2120 1350 2190 τὴν
1374 2119 1677 2190 παρουσίαν
1705 2116 1798 2172 τοῦ
1833 2119 1947 2170 Σω-

380 2219 546 2289 τῆρος
582 2216 668 2270 διά
702 2215 770 2268 τὰ
805 2215 1045 2286 ἡμέτερα
1088 2214 1521 2284 παρανομήματα
1543 2227 1556 2240 ·
1587 2213 1688 2265 οὐκ
1730 2210 1796 2265 ἃν
1841 2209 1950 2281 γὰρ

384 2307 566 2378 χώραν
604 2307 758 2377 ἔσχεν
789 2307 824 2376 ἡ
856 2303 950 2358 τοῦ
991 2304 1239 2374 Σωτῆρος
1278 2301 1526 2373 ὲνδημία,
1561 2300 1721 2372 ἡμῶν
1774 2300 1846 2370 μὴ
1891 2301 1949 2352 ὲν

383 2397 745 2470 παρανομίαις
771 2393 1163 2460 ὲξετασθέντων
1187 2409 1202 2424 ⁸
1242 2392 1398 2446 τοῦτο
1428 2394 1504 2457 δὲ,
1539 2393 1622 2446 ὅτι
1648 2392 1738 2444 ὑπ’
1771 2389 1950 2446 αὐτῶν

381 2489 490 2540 τῶν
519 2488 758 2559 ἀνομιῶν
787 2488 867 2550 είς
893 2486 984 2539 τὸν
1020 2485 1246 2539 θάνατον
1273 2484 1432 2556 ῆχθη.

481 2581 617 2632 Οσον
642 2578 740 2650 μὲν
761 2572 896 2650 ἧκεν
926 2579 1004 2641 εἰς
1045 2576 1241 2647 ἑαυτὴν
1267 2576 1363 2647 τὴν
1384 2576 1564 2647 φωνὴν
1583 2575 1950 2642 ἀνεξετάστως

379 2668 818 2740 λαμϐανομένην,
847 2667 1085 2739 κατάρας
1117 2667 1211 2720 καὶ
1242 2668 1340 2720 οὑκ
1364 2666 1609 2734 εὐλογίας
1642 2662 1779 2718 εἷναι
1807 2665 1950 2720 δοκεῖ

381 2761 648 2832 ἔμφασις·
702 2762 770 2832 ἢν
828 2760 886 2812 δέ
947 2777 1032 2822 τις
1077 2759 1166 2812 τὸν
1214 2758 1635 2828 ὲναποκείμενον
1686 2756 1951 2810 νοῦν’ἀν-

385 2852 613 2924 ιχνεύειν
666 2853 916 2924 ἐθελήσῃ.
963 2853 1185 2922 εὑρήσει
1256 2851 1493 2919 πέλαγος
1545 2849 1952 2920 φιλανθρωπίας

383 2947 830 3017 ὲναποκείμενον·
868 2947 993 3009 τοὺς
1042 2947 1152 3017 γὰρ
1201 2947 1467 3018 πονηροὺς
1518 2947 1612 2998 καὶ⁸
1644 2947 1702 2996 ὲν
1740 2944 1951 3012 πλούτῳ

383 3039 679 3110 αὐχοῦντας
699 3041 792 3092 καὶ
813 3037 1364 3109 καταδεδικασμένους
1391 3036 1623 3107 θανάτῳ,
1648 3037 1772 3089 ὅσον
1794 3031 1948 3108 ἦκεν,

386 3133 449 3184 ἐκ
499 3131 606 3184 τῶν
654 3133 835 3195 αὐτοῖς
884 3131 1257 3202 εἰργασμένων
1313 3131 1554 3202 ῥύσεται,
1605 3128 1948 3192 πιστεύοντας

385 3223 477 3275 καὶ
520 3223 991 3294 παραδεχομένους
1041 3223 1132 3275 τὸν
1161 3221 1385 3276 θάνατον
1433 3219 1526 3274 τοῦ
1577 3220 1846 3290 Σωτῆρος,
1893 3220 1952 3284 ὃς

384 3311 535 3366 ἕσται
586 3314 768 3374 αὐτοῖς
834 3310 1314 3382 ἀντικατάλλαγμα
1380 3309 1780 3382 καρπουμένοις
1831 3310 1952 3362 ἀντὶ

383 3405 558 3475 ταφῆς
581 3404 675 3457 καὶ
708 3401 934 3457 θανάτου
971 3401 1114 3474 ζωὴν
1137 3401 1351 3456 αἰώνιον
1379 3402 1474 3456 καὶ
1505 3400 1779 3472 ἄφθαρτον
1820 3400 1953 3454 ἀθα-

384 3497 593 3552 νασίαν.

456 3587 529 3640 Τὸ
585 3585 766 3641 ἀδικον
827 3584 1181 3658 ὲμπαροινίαν
1231 3579 1326 3638 τοῦ
1374 3583 1617 3638 διαϐόλου
1666 3584 1832 3656 δηλοῖ,
1887 3583 1954 3654 ἢν

387 3679 480 3731 ἐπὶ
525 3677 619 3731 τοῦ
671 3678 925 3750 Σωτῆρος
962 3677 1118 3749 ήμῶν
1156 3677 1493 3741 ὲπεδείξατο’
1532 3677 1799 3747 μηδεμιᾶς
1847 3673 1955 3746 γάρ

389 3771 658 3842 ἁμαρτίας
687 3752 1000 3843 εὑρεθείσης
1030 3773 1086 3823 ὲν
1117 3772 1184 3842 τῇ
1217 3769 1356 3823 κατὰ
1390 3769 1567 3840 σάρκα
1598 3767 1763 3821 αὑτοῦ
1803 3766 1954 3819 πολι-

387 3864 526 3934 τείᾳ,
558 3862 671 3916 ἀλλ’
705 3863 1082 3934 ἀναμαρτήτου
1114 3861 1372 3932 μεινάσης
1399 3863 1499 3932 τῆς
1533 3861 1752 3931 σαρκὸς,
1786 3858 1956 3923 οὕτως

387 3955 462 4018 ὡς
495 3955 636 4010 κατὰ
667 3956 852 4025 ὲνόχου
881 3955 1150 4026 ἁμαρτίας
1179 3954 1474 4025 γενομένης
1507 3953 1682 4022 ἐπῆγε
1722 3954 1815 4008 τὸν
1864 3952 1958 4005 θά-

389 4063 569 4112 νατον,
600 4047 812 4110 δεικνὺς
856 4047 955 4118 τὴν
989 4045 1182 4099 ἑαυτοῦ
1229 4045 1534 4116 ἀρχέκακον
1575 4045 1771 4098 κακίαν
1792 4061 1804 4073 ·
1840 4045 1954 4096 ἀνθ’

389 4132 464 4192 ὧν
521 4138 738 4209 εὔλογος
780 4139 1053 4210 -λύτρωσις
1107 4139 1313 4206 γίνεται
1365 4141 1474 4200 τοῖς
1527 4137 1631 4189 ὑπὸ
1682 4136 1955 4206 ἁμαρτίαν

391 4231 700 4284 πίπτουσιν.

462 4325 669 4396 Ὥσπερ
713 4323 782 4378 τὰ
833 4327 963 4396 ἡμῖν
1007 4324 1420 4397 χρεωστοὺμενα
1459 4323 1755 4394 παθήματα
1797 4323 1957 4385 αὐτὸς

389 4415 781 4494 ἀναδεξάμενος
825 4416 1158 4486 ᾠκειώσατο,
1193 4416 1333 4469 οὕτω
1376 4417 1469 4469 καὶ
1500 4415 1595 4486 τὴν
1628 4417 1693 4469 ὲκ
1726 4414 1958 4478 πίστεως

389 4507 678 4578 γινομένην
707 4509 838 4578 ἡμῖν
877 4508 1144 4580 κάθαρσιν
1177 4509 1338 4563 αὑτὸν
1367 4508 1607 4579 δεδέχθαι
1635 4508 1852 4577 φάσκει.
1889 4537 1960 4548 --

401 4597 662 4650 Ἐνταῦθα
687 4598 830 4650 δόσιν
875 4600 936 4652 οὑ
977 4600 1074 4669 τὴν
1109 4600 1167 4652 ἐν
1196 4600 1409 4663 θυσίαις
1451 4600 1666 4668 φάσκει,
1698 4599 1833 4652 ἀλλά
1861 4599 1958 4670 τὴν

2050 752 2106 798 ut
2139 761 2197 799 se
2228 745 2383 798 nobis
2425 745 2568 798 velut
2598 745 2766 814 legem
2811 747 3084 814 patientia:
3113 749 3399 817 praeberet.

2119 921 2284 976 Vens.
2317 923 2370 974 7.
2403 921 2613 988 Quanta
2637 923 2914 977 voluntate
2943 922 3190 980 Salvator
3220 927 3612 997 redemptionis

2047 1027 2186 1082 opus
2227 1012 2547 1081 perfecerit,
2607 1013 2831 1068 indicat.
2896 1012 3357 1080 Quemadmodum
3391 1017 3508 1071 ovis
3543 1018 3608 1070 ad

2048 1104 2321 1158 victimam
2351 1103 2548 1160 ductus
2570 1145 2585 1169 ,
2621 1113 2714 1158 aut
2750 1120 2924 1176 agnus
2947 1121 3133 1161 coram
3165 1108 3422 1164 tondente
3442 1110 3487 1142 “
3515 1125 3585 1164 ne

2048 1197 2307 1253 cessitate
2337 1197 2496 1260 victi,
2555 1199 2775 1253 balandi
2818 1199 3162 1254 occasionem
3212 1214 3321 1255 non
3373 1201 3610 1266 habent,

2048 1289 2122 1344 ita
2148 1290 2263 1359 ipse
2293 1287 2488 1344 mediis
2517 1289 2570 1342 in
2593 1290 2924 1346 cruciatibus
2959 1299 3153 1361 sponte
3185 1293 3328 1348 silet.

2124 1466 2291 1523 Vens.
2323 1468 2375 1522 8.
2409 1467 2656 1539 Iniquum
2688 1477 2742 1524 et
2786 1469 3050 1539 injustum
3081 1472 3196 1528 fore
3218 1471 3488 1542 judicium
3519 1473 3616 1528 de-

2048 1560 2254 1624 clarat,
2301 1561 2530 1616 veritate
2575 1576 2855 1630 oppressa.
2897 1562 3138 1618 Gloriam
3188 1570 3312 1634 post
3360 1579 3615 1620 resurre—

2058 1653 2295 1708 ctionem
2321 1668 2352 1706 a
2379 1651 2598 1709 Christo
2619 1653 2864 1724 adeptam
2885 1691 2902 1719 ,
2932 1661 2986 1709 et
3018 1655 3256 1710 nativam
3285 1655 3405 1725 ejus
3434 1655 3614 1728 digni-

2049 1753 2253 1811 tatem,
2297 1761 2419 1816 quae
2445 1748 2499 1800 in
2544 1747 2926 1802 lncarnatione
2963 1746 3196 1812 eﬂ'ulsit,
3243 1749 3366 1819 quis
3412 1752 3615 1820 poterit

2052 1851 2302 1890 sermone
2331 1838 2657 1907 complecti?
2691 1837 2904 1911 Quippe
2933 1842 3061 1910 qui,
3090 1848 3266 1897 morte
3289 1857 3610 1913 oppressus,

2051 1929 2306 1985 omnibus
2332 1931 2506 2000 gratia
2545 1946 2642 1984 sua
2672 1932 2841 1986 vitam
2885 1934 3244 1990 immortalem
3290 1935 3520 2005 largitur
3559 1952 3610 1990 e.

2052 2022 2300 2078 salutem.
2345 2021 2555 2093 Duplici
2587 2023 2654 2078 de
2693 2038 2859 2082 causa
2891 2024 3004 2079 hac
3032 2025 3290 2081 dicuntur
3322 2045 3336 2081 :
3369 2025 3611 2082 Primum

2052 2114 2272 2184 quidem
2303 2114 2429 2184 quia
2457 2125 2680 2186 propter
2702 2126 2920 2186 peccata
2950 2125 3139 2173 nostra
3168 2114 3451 2174 Salvatore
3479 2119 3615 2174 indi-

2055 2217 2242 2277 gemus
2268 2247 2284 2270 ,
2317 2222 2419 2262 nec
2451 2206 2646 2263 fuisset
2679 2224 2777 2264 cur
2799 2209 3008 2265 veniret
3033 2209 3306 2277 Salvator,
3339 2209 3448 2267 nisi
3479 2225 3614 2282 pec-

2053 2299 2190 2355 catis
2216 2299 2510 2356 fuissemus
2531 2301 2742 2367 obruti;
2771 2300 2965 2358 deinde
2993 2302 3120 2374 quia
3156 2302 3225 2358 ab
3247 2302 3384 2376 ipsis
3409 2303 3614 2376 iniqui-

2053 2391 2257 2448 tatibus
2287 2392 2356 2447 ad
2381 2401 2607 2449 mortem
2639 2393 2839 2450 ductus
2863 2403 2988 2465 est...

2127 2570 2291 2628 Vens.
2321 2572 2374 2628 9.
2427 2572 2558 2639 Quae
2605 2573 2672 2628 ad
2723 2575 2946 2630 verbum
3013 2579 3423 2637 inconsiderate
3471 2581 3619 2638 acci-

2054 2665 2219 2733 pienti
2275 2667 2690 2723 maledictiones
2735 2683 2858 2724 esse
2903 2669 3252 2737 videbuntur,
3303 2688 3413 2728 non
3452 2673 3619 2728 benea-

2054 2757 2336 2816 dictiones.
2360 2759 2515 2826 Quod
2542 2760 2588 2815 si
2608 2776 2737 2816 vero
2757 2763 3013 2818 latentem
3035 2772 3270 2821 mentem
3293 2766 3619 2838 investigare

2054 2854 2328 2919 volueris,
2383 2852 2627 2926 reperies
2677 2854 2733 2908 in
2781 2855 2884 2910 hoc
2927 2870 3180 2914 sermone
3227 2860 3621 2915 misericordiae

2055 2961 2341 3001 oceanum.
2382 2946 2515 3001 Nam
2555 2948 2824 3019 pessimos
2862 2956 2915 3003 et
2955 2947 3161 3005 divitiis
3192 2952 3523 3021 gloriantes,
3554 2967 3622 3008 ac

2055 3045 2231 3093 morte
2259 3038 2545 3095 damnatos
2569 3080 2584 3106 ,
2619 3049 2882 3111 quantum
2917 3040 3066 3097 ineo
3098 3041 3237 3106 erit,
3267 3043 3335 3097 ab
3363 3045 3622 3114 operibus

2057 3147 2249 3189 eorum
2306 3134 2594 3198 liberabit,
2627 3135 2924 3191 dummodo
2967 3137 3022 3190 in
3065 3137 3254 3208 ipsum
3275 3138 3531 3206 credant,
3568 3147 3622 3192 et

2059 3225 2360 3281 Salvatoris
2384 3234 2610 3282 mortem
2633 3227 2928 3296 excipiant,
2959 3243 3080 3298 quat
3105 3230 3214 3286 illis
3236 3233 3457 3298 praemio
3478 3232 3616 3298 erit;

2055 3335 2156 3390 pro
2189 3321 2467 3390 sepultura
2505 3335 2568 3375 ac
2615 3328 2793 3376 morte
2825 3323 2992 3374 vitam
3044 3331 3304 3378 aeternam
3335 3333 3390 3379 et
3434 3325 3616 3380 incor-

2053 3413 2366 3484 ruptibilem
2399 3413 2862 3470 immortalitatem
2895 3414 3178 3485 largietur.

2123 3589 2331 3646 indicat
2393 3592 2483 3647 hic
2553 3606 2715 3662 quam
2786 3593 3176 3651 contumeliose
3254 3593 3528 3669 diabolus}
3562 3617 3618 3655 in

2056 3684 2387 3740 Salvatorem
2442 3687 2806 3743 debacchatus
2866 3687 2955 3743 sit.
3012 3686 3181 3752 Nam,
3238 3689 3366 3745 licet
3408 3693 3615 3747 nullum

2055 3787 2328 3849 repertum
2361 3779 2434 3835 sit
2462 3781 2517 3834 in
2541 3781 2748 3835 carnali
2774 3781 2894 3850 ejus
2929 3783 3037 3835 vita
3065 3793 3370 3854 peccatum,
3401 3793 3456 3841 et
3481 3802 3618 3857 pura

2055 3873 2412 3928 remansisset
2439 3874 2560 3943 ejus
2604 3889 2732 3929 caro
2768 3883 2931 3945 atque
2979 3876 3223 3946 integra,
3259 3877 3505 3933 diabolus
3534 3889 3621 3932 ta-

2055 3982 2178 4022 men
2215 3983 2337 4020 eum
2361 4007 2375 4031 ,
2413 3969 2560 4021 velut
2594 3977 2933 4038 peccatorem
2959 4011 2973 4035 ,
3008 3977 3182 4026 morte
3220 3969 3432 4036 affecit,
3468 3987 3620 4026 sum-

2057 4075 2199 4114 mam
2250 4076 2404 4115 suam
2435 4063 2729 4132 nequitiam
2778 4063 3084 4118 declarans.
3121 4061 3236 4128 Qua
3282 4064 3492 4118 ratione
3534 4063 3624 4132 ju-

2057 4169 2180 4224 gum
2209 4153 2440 4211 feliciter
2468 4157 2705 4210 solutum
2737 4163 2819 4210 est
2852 4165 3073 4225 peccato
3109 4156 3554 4211 inservientibus.

2129 4336 2293 4391 Vens.
2332 4337 2418 4391 l0.
2461 4329 2530 4390 Ut
2557 4337 2777 4391 meritas
2807 4336 2965 4391 nobis
3005 4351 3197 4407 poenas
3228 4335 3333 4392 iste
3369 4336 3620 4391 Christus

2058 4431 2366 4502 suscipiens
2393 4447 2490 4502 pro
2522 4431 2679 4486 nobis
2714 4431 2956 4500 pertulit,
2989 4431 3064 4483 ita
3097 4430 3298 4484 dicitur
3321 4437 3375 4485 et
3407 4431 3622 4485 mundi-

2057 4525 2188 4577 tiam
2211 4563 2225 4588 ,
2261 4521 2421 4578 nobis
2451 4539 2546 4593 per
2578 4518 2734 4577 ﬁdem
2775 4523 3018 4592 adeptam
3041 4562 3056 4585 ,
3094 4521 3202 4577 Deo
3236 4523 3620 4593 acceptabilem

2061 4614 2194 4670 fore.
2225 4645 2296 4655 —
2325 4613 2426 4669 Hic
2453 4613 2569 4668 dari
2603 4613 2706 4670 sibi
2737 4611 2890 4685 jubet
2927 4630 3034 4668 non
3061 4613 3309 4668 victimas
3330 4654 3344 4677 ,
3382 4613 3477 4669 sed
3505 4615 3624 4668 cul-

392 4691 490 4742 σὺν
532 4689 780 4760 αἰσθήσει
829 4692 921 4744 καὶ
963 4692 1218 4762 μετανοίᾳ
1243 4709 1256 4722 ·
1291 4693 1358 4761 ἢν
1389 4695 1447 4746 ὲν
1495 4694 1616 4754 ταῖς
1663 4690 1954 4761 ἁμαρτίαις

2063 4717 2175 4760 tum
2205 4707 2373 4761 animi
2399 4707 2604 4762 conscii
2647 4714 2700 4761 et
2745 4706 3004 4770 contriti,
3035 4721 3142 4776 quo
3175 4716 3492 4776 peccatores
3513 4722 3623 4760 non

389 4781 720 4852 ποιούμενοι,
775 4780 918 4835 ἴασιν
961 4783 1204 4853 ἐδέχοντο
1247 4781 1503 4854 ψυχικὴν,
1556 4785 1616 4836 οὑ
1669 4784 1824 4853 μόνον
1859 4782 1956 4854 τὴν

389 4873 623 4928 ἐνταῦθα
651 4872 794 4944 ζωὴν
823 4874 1034 4936 ἑαυτοῖς
1063 4874 1592 4944 πραγματευόμενοι.

472 4964 688 5036 Ἐπειδὴ
717 4965 796 5017 ἐτι
826 4965 1014 5036 κέρδος
1058 4967 1260 5020 οἰκεῖον
1303 4967 1332 5019 ό
1377 4965 1671 5037 μονογενὴς
1713 4966 1839 5028 Υἱὸς
1865 4965 1958 5018 τοῦ

389 5054 524 5108 θεοῦ
575 5055 782 5108 τίθεται
827 5055 926 5126 τὴν
975 5054 1249 5126 ἡμετέραν
1300 5055 1596 5126 σωτηρίαν,
1643 5055 1829 5128 διόπερ
1869 5057 1961 5108 καὶ

392 5147 550 5216 σῶμα
583 5145 831 5212 ἀνέλαϐε,
887 5147 981 5200 καὶ
1032 5147 1100 5199 τὰ
1139 5147 1282 5218 ὑπὲρ
1343 5146 1498 5217 ἡμῶν
1521 5147 1726 5217 ὑπέστη
1763 5147 1907 5211 πάθη
1943 5165 1955 5177 ·

392 5238 703 5306 ἀναγκαίως
741 5238 834 5291 καὶ
885 5239 1043 5291 πόνον
1081 5238 1245 5292 αὑτοῦ
1299 5236 1642 5308 ἀφαιρεῖσθαι
1690 5238 1886 5305 φάσκει
1935 5240 1962 5291 ὁ

390 5326 554 5381 αὑτοῦ
583 5328 771 5398 Πατὴρ
814 5328 910 5399 τὴν
944 5329 1221 5399 ἡμετέραν
1254 5327 1396 5380 ἴασίν
1441 5344 1499 5379 τε
1534 5328 1626 5380 καὶ
1660 5327 1922 5400 κάθαρσιν
1944 5343 1957 5358 ⁸

392 5417 636 5487 καὶηφῶς
677 5418 826 5489 αὑτῷ
858 5419 1026 5484 δεῖξαι
1071 5419 1163 5472 τόν
1203 5419 1465 5490 ἡμέτερον
1511 5405 1809 5488 φωτισμὸν,
1840 5417 1960 5470 καθ’

391 5509 450 5562 ὃν
497 5513 952 5582 κατηυγαζόμεθα
984 5513 1116 5582 πρὸς
1147 5511 1472 5581 θεογνωσίαν
1520 5512 1613 5564 καλ⁸
1645 5509 1959 5578 ἐπίγνωσιν,

393 5602 766 5674 ἀμειϐομένων
812 5605 919 5658 τῶν
965 5605 1109 5674 ὴθῶν
1157 5605 1250 5657 ὲπὶ
1289 5604 1350 5657 τὸ
1389 5603 1613 5674 βέλτιον,
1664 5604 1758 5656 καὶ
1802 5619 1961 5672 μετα-

394 5696 772 5764 πλαττομένων
816 5699 880 5767 τῇ
931 5697 1023 5749 τοῦ
1053 5696 1190 5749 Θεοῦ
1231 5696 1458 5749 συνέσει.
1499 5695 1604 5747 Τοῦ
1644 5692 1962 5764 μονογενοῦς

395 5783 525 5839 Υίοῦ
541 5785 634 5838 τοῦ
662 5786 794 5838 Θεοῦ
819 5788 936 5841 κατ’
963 5789 1180 5858 ἐντολὴν
1209 5788 1478 5861 πατρικὴν
1503 5789 1677 5842 πάντα
1705 5787 1963 5859 πράττον-

463 5987 509 6018 ”
536 5983 637 6041 lsa.
673 6001 789 6054 LIII,
823 5987 876 6041 7.

2059 4812 2379 4869 corpoream
2408 4809 2619 4853 tantum
2643 4799 2830 4862 vitam,
2857 4798 2950 4853 sed
2973 4806 3026 4851 et
3050 4797 3389 4868 spiritualem
3420 4798 3626 4853 sanita-

2061 4897 2167 4945 tem
2195 4898 2466 4958 conseque
2476 4899 2673 4942 rentur.
2951 4885 2954 4888 ’

2130 4981 2296 5037 Vens.
2328 4984 2413 5039 Η.
2444 4983 2578 5038 Cum
2608 4983 2837 5038 salutem
2867 4990 3108 5037 nostram
3147 4997 3284 5036 onus
3317 4998 3439 5038 esse
3464 4994 3624 5036 saum

2060 5076 2392 5145 reputaverit
2424 5073 2737 5144 unigenitus
2787 5071 2881 5127 Dei
2932 5070 3104 5125 Filius
3125 5112 3139 5135 ,
3172 5077 3227 5126 et
3256 5071 3378 5124 ideo
3405 5085 3626 5124 carnem

2063 5165 2368 5235 susceperit
2415 5179 2478 5218 ac
2525 5179 2623 5234 pro
2673 5163 2831 5218 nobis
2887 5163 2960 5216 sit
3009 5177 3246 5232 passus,
3294 5169 3440 5216 recte
3493 5161 3628 5215 dicit

2061 5259 2222 5314 Pater
2246 5273 2304 5313 se
2331 5258 2444 5312 nati
2474 5257 2688 5311 dolores
2720 5255 2953 5319 auferre,
2986 5271 3088 5310 nos
3108 5253 3351 5310 sanando
3384 5262 3436 5308 et
3471 5269 3630 5307 mun-

2062 5351 2277 5417 dando;
2313 5349 2499 5418 adjicit
2529 5365 2586 5402 se
2615 5347 2904 5402 ostendere
2935 5348 2983 5400 ei
3011 5347 3212 5408 lucem,
3239 5345 3386 5399 illam
3418 5343 3628 5397 scilicet

2061 5459 2168 5514 qua
2203 5443 2492 5498 illuminati
2543 5441 2608 5494 ad
2660 5441 2941 5496 scientiam
2982 5446 3035 5493 et
3081 5436 3492 5508 intelligentiam
3533 5433 3623 5487 Dei

2061 5535 2423 5600 illustramur,
2471 5535 2712 5587 moribus
2746 5532 2798 5586 in
2848 5531 3041 5586 melius
3073 5529 3351 5584 conversis
3390 5534 3444 5581 et
3472 5525 3622 5595 juxta

2061 5625 2157 5682 Dei
2187 5635 2456 5696 praecepta
2491 5625 2819 5680 informatis.
2869 5622 3158 5692 Unigenito
3187 5619 3276 5675 Dei
3308 5617 3470 5680 Filio,
3503 5630 3628 5670 cum

2063 5713 2239 5769 Patris
2274 5714 2530 5768 mandata
2577 5713 2902 5784 perficienda
2947 5720 3163 5774 essent,
3207 5718 3260 5764 et
3289 5709 3472 5764 onmis
3511 5706 3633 5774 ejus

2065 5821 2217 5861 mens
2253 5805 2480 5861 fideliter
2512 5805 2819 5876 implenda,
2851 5821 3074 5862 necesse
3115 5813 3233 5860 erat
3276 5810 3334 5857 ut
3382 5801 3635 5856 Salvator
