4138 6438
459 523 595 581 i359

1613 481 1954 549 THEODORI
1993 471 2512 534 HERACLEENSIS

3564 451 3706 508 l360

450 635 674 696 zmantili
698 647 758 688 se
785 630 1061 697 cingeret,
1091 621 1160 676 et
1201 629 1398 687 aquam
1430 608 1742 666 infunderet
1771 604 1826 657 in
1858 597 2024 654 laliel-
2055 596 2094 652 Α

2185 609 2237 655 ις,
2289 589 2384 644 καὶ
2439 589 2507 656 τῇ
2547 582 2761 651 ὑπακοῇ
2818 573 3150 648 πληροῦντος
3218 571 3399 624 πᾶσαν
3472 565 3701 620 ἔννοιαν.

2216 681 2251 697 ’κ
2331 680 2357 697 n
2465 696 2469 697 ν
2519 677 2547 697 Α
2598 673 2650 697 -ι
2695 669 3046 697 ---μη-.-οη
3082 667 3288 697 ιιι-.-.λυ
3318 662 3410 697 ..λυ
3443 659 3675 697 Vana-«Enn

467 734 614 792 lum,
657 731 961 791 cunctaque
1012 726 1296 773 servorum
1349 717 1578 762 munera
1625 699 1850 756 subiret.
1897 693 2028 758 Quae

465 819 650 877 omnia
697 815 868 870 Filius
907 808 1090 866 studio
1140 801 1430 877 praestitit,
1480 795 1665 851 cibum
1705 802 1863 845 suum
1911 797 2033 838 esse

469 926 744 971 asserens.
780 916 840 961 ut
869 904 1032 960 faciat
1059 900 1392 955 voluntatem
1417 887 1596 944 Patris
1619 886 1683 940 “.

547 1181 716 1237 Vsus.
749 1177 836 1231 12.
877 1170 1163 1228 Possessio
1197 1164 1315 1219 Filii
1343 1169 1608 1215 vocantur
1644 1152 1956 1225 quicunque
1985 1148 2038 1200 in

481 1369 656 1440 spolia
701 1364 872 1419 fuisse
921 1356 1149 1412 dixeris.
1193 1351 1327 1406 Cum
1375 1342 1692 1415 unigenitus
1740 1338 1834 1392 Dei
1870 1335 2044 1389 Filius

482 1458 719 1516 mirabili
750 1450 1126 1511 incarnatione
1155 1460 1254 1501 sua
1285 1453 1478 1496 omnes
1511 1435 1580 1490 ad
1626 1433 1802 1488 Patris
1843 1437 1896 1484 et
1921 1425 2045 1482 Filii

486 1553 813 1626 agnitionem
875 1541 1199 1604 deduxerit,
1251 1538 1318 1591 ab
1367 1531 1652 1590 erroribus
1709 1534 1761 1581 et
1819 1521 2049 1594 imperio

487 1613 685 1701 diaboli
709 1642 968 1695 liberatos
990 1675 1005 1701 ,
1037 1647 1198 1702 quem
1233 1629 1425 1683 fortem
1457 1638 1580 1680 esse
1617 1625 1870 1676 errantes
1897 1613 2051 1686 prius

489 1735 915 1794 existimabant,
960 1734 1110 1784 recte
1139 1740 1240 1779 nos
1292 1723 1360 1775 ab
1392 1733 1459 1774 eo
1505 1713 1776 1787 possideri
1819 1710 2053 1764 dicimur

491 1829 782 1904 participes
821 1826 941 1894 ejus
967 1819 1144 1876 cﬂ'ecli
1168 1858 1182 1884 ,
1216 1815 1449 1885 spoliato
1481 1809 1719 1874 diabolo,
1761 1805 1850 1860 cui
1881 1804 2056 1855 inser-

493 1929 606 1982 vire
631 1923 973 1980 videbamur.

567 2084 698 2138 Car.
733 2079 870 2142 LIV,
901 2076 1066 2131 Vens.
1105 2077 1155 2128 ll.
1207 2071 1336 2138 Quae
1363 2082 1459 2140 per
1491 2076 1808 2135 anagogiam
1836 2059 1904 2114 de
1947 2057 2061 2111 sin-

499 2178 638 2248 gulis
662 2173 858 2228 animis
903 2171 1086 2225 valent
1126 2166 1210 2224 sui
1241 2161 1571 2224 incuriosis;
1604 2153 1906 2228 praesertim
1934 2164 2063 2204 vero

501 2271 569 2326 de
601 2268 882 2324 vocatione
905 2263 1144 2334 gentium
1189 2273 1310 2331 quae
1330 2295 1346 2320 ,
1398 2237 1679 2308 Salvatore
1709 2243 2028 2301 adveniente
2047 2283 2062 2307 ,

504 2361 762 2430 augendae
788 2368 842 2413 et
871 2351 1301 2425 multiplicandae
1329 2354 1511 2404 erant.

575 2427 740 2510 Vsus.
769 2451 823 2506 2.
861 2447 991 2514 Qua:
1019 2445 1238 2516 quidem
1271 2441 1338 2496 ad
1373 2441 1547 2509 ipsam
1589 2432 1890 2489 Jerusalem
1929 2427 2068 2482 refe-

507 2545 711 2610 renda,
757 2548 880 2614 post
922 2537 1288 2609 captivitatem
1339 2529 1677 2601 augendam;
1713 2525 1914 2581 rectius
1941 2535 2071 2577 vero

509 2639 577 2695 ad
628 2612 776 2709 ipsas
825 2632 1087 2691 ecclesias
1142 2626 1388 2700 quotidie
1432 2623 1687 2678 dilatatas
1732 2625 1788 2673 et
1845 2612 2048 2686 ampliﬁ

511 2740 685 2794 catas,
729 2725 1112 2785 accedentibus
1137 2732 1492 2792 quoscunque
1522 2713 1695 2786 gratia
1726 2710 1820 2765 Dei
1865 2721 2062 2779 permo-

509 2823 686 2885 verit;
737 2819 1003 2889 intelliges
1048 2815 1213 2871 etiam
1272 2827 1336 2867 ea
1398 2810 1467 2865 de
1523 2817 1848 2878 quacunque
1898 2799 2076 2854 anima

516 2915 728 2987 egregie
755 2910 1008 2966 mandata
1034 2906 1126 2963 Dei
1158 2904 1490 2977 perﬁciente.

592 3098 760 3154 Vsus.
792 3098 844 3152 5.
889 3093 1153 3164 Loquitur
1187 3091 1278 3145 hic
1309 3103 1473 3144 sensu
1518 3082 1818 3156 anagogico
1858 3077 1927 3134 de
1959 3092 2085 3148 gen-

522 3193 702 3258 tibus,
746 3192 814 3246 ab
845 3187 1014 3246 Israel
1057 3200 1167 3240 non
1199 3191 1257 3238 ut
1286 3187 1512 3255 pereant
1549 3176 1769 3250 quidem
1803 3171 2089 3245 possiden-

2131 680 2420 737 ἀκόλουθον
2459 677 2554 731 καὶ
2596 673 2656 727 τὸ
2693 669 3052 744 περιεζῶσθαι
3082 667 3288 719 λέντιον
3318 662 3410 716 τὸν
3443 659 3702 730 Σωτῆρα.

2133 774 2224 828 καὶ
2277 771 2418 839 ὕδωρ
2469 767 2647 838 βαλεῖν
2701 766 2779 828 εἰς
2824 763 2914 816 τὸν
2965 759 3240 830 νιπτῆρα,
3286 754 3382 808 καὶ
3426 752 3527 823 τὴν
3569 749 3706 820 πρὸς

2135 865 2312 919 πάντα
2345 858 2586 915 δουλείαν
2622 852 3010 920 ἀναδέξασθαι·
3038 844 3118 915 οἷς
3148 849 3283 901 πᾶσι
3306 842 3614 914 γενομένοις
3644 843 3708 893 ἐκ

2137 953 2444 1028 προθυμίας
2493 950 2702 1014 παιδὸς,
2751 945 2952 1018 βρῶσιν
3006 943 3062 997 δέ
3107 937 3454 1010 λογιζομένου
3505 934 3711 1004 ὑπηρε-

2137 1049 2346 1105 τεῖσθαι
2371 1049 2483 1109 τοῖς
2514 1044 2606 1098 τοῦ
2634 1039 2846 1111 Πατρδς
2877 1037 3165 1107 θελήμασι.

2209 1140 2555 1215 κληρονομία
2593 1135 2724 1190 Υἰοῦ
2760 1133 3005 1201 λέγονται
3040 1127 3239 1190 πάντες
3268 1126 3318 1177 οί
3360 1120 3712 1181 πιστεύοντες

2027 1241 2039 1293 i
2141 1240 2221 1301 εἰς
2256 1211 2436 1297 αὑτὸν,
2467 1232 2656 1301 ὥσπερ
2681 1226 2776 1280 καὶ
2801 1216 3231 1294 προγεγενῆσθαι
3264 1215 3434 1270 σκῦλα
3467 1211 3710 1274 δικαίως,

2141 1325 2208 1379 ἅν
2240 1341 2324 1386 τις
2353 1323 2494 1374 εἴποι
2520 1319 2613 1372 τοῦ
2652 1313 2927 1370 διαϐόλου.
2979 1309 3194 1378 Ἐπειδὴ
3227 1306 3402 1360 τοίνυν
3430 1305 3458 1358 ὁ
3492 1319 3718 1374 μονογε-

2146 1417 2242 1490 νὴς
2275 1415 2400 1477 Υἱὸς
2440 1411 2533 1464 τοῦ
2570 1408 2704 1462 Θεοῦ
2740 1409 2804 1477 τῇ
2855 1403 3140 1475 θαυμαστῇ
3187 1396 3468 1468 οἰκονομίᾳ
3510 1395 3718 1455 πάντας

2147 1507 2458 1580 ᾠκειώσατο
2491 1505 2571 1567 εἰς
2593 1501 2696 1574 τὴν
2723 1498 2936 1571 Πατρὸς
2960 1497 3053 1549 καὶ
3078 1490 3207 1546 Υἱοῦ
3229 1489 3448 1560 γνῶσιν,
3479 1487 3723 1542 ἀποσπὰ-

2153 1577 2250 1665 σας
2280 1600 2377 1668 τῆς
2408 1596 2615 1667 πλάνης
2641 1594 2732 1646 καὶ
2759 1591 2857 1663 τῆς
2882 1586 3192 1660 τυραννίδος
3222 1582 3316 1636 τοῦ
3345 1579 3593 1635 διαϐόλου
3618 1619 3634 1644 ,
3661 1577 3724 1629 ὃν

2157 1692 2373 1764 ἰσχυρὸν
2401 1687 2631 1761 ἡγοῦντο
2661 1681 2797 1738 εἶναι
2831 1682 2879 1734 οἰ
2905 1680 2965 1733 τὸ
2995 1678 3123 1749 πρὶν
3151 1672 3488 1744 πλανώμενοι
3507 1688 3521 1701 ’
3557 1671 3728 1737 ἅναγι

2155 1763 2325 1848 καίως
2356 1781 2579 1844 τούτους
2611 1770 3115 1847 κεκληρονομῆσθαι
3147 1768 3343 1837 φάσκει
3389 1763 3584 1836 μερίδα
3627 1763 3727 1816 αὑ-

2159 1877 2250 1932 τοῦ
2283 1873 2633 1946 γεγενῆσθαι,
2681 1865 3065 1926 σκυλευθέντως
3096 1859 3188 1914 τοῦ
3217 1857 3498 1920 δοκοῦντος
3533 1854 3730 1915 αὐτοὺς

2161 1971 2380 2041 κρατεῖν
2407 1963 2676 2020 διαϐόλου.

2232 2059 2416 2112 Ταῦτα
2463 2054 2606 2110 κατὰ
2659 2055 2948 2121 ἀναγωγην
2997 2047 3092 2101 καὶ
3144 2046 3225 2108 εἰς
3275 2043 3511 2112 ἑκάστην
3554 2037 3734 2109 ψυχὴν

2163 2149 2480 2223 ἐκληπτέον,
2511 2145 2863 2217 ἀμελήσασαν
2891 2141 3088 2211 ἑαυτῆς
3105 2153 3121 2169 ⁸
3149 2136 3210 2190 οὑ
3237 2133 3342 2206 μὴν
3371 2130 3506 2188 ἀλλὰ
3534 2129 3629 2184 καί⁵
3653 2130 3735 2191 εἰς

2164 2244 2261 2314 τὴν
2283 2220 2479 2312 ⁷κλῆσιν
2506 2237 2615 2291 τῶν
2644 2234 2812 2291 ἐθνῶν
2840 2231 3184 2303 αὐξηθέντων
3211 2228 3308 2280 καὶ
3339 2220 3736 2295 πληρωθέντων

2166 2339 2273 2393 ἀπὸ
2303 2338 2402 2409 τῆς
2425 2336 2518 2389 τοῦ
2549 2333 2797 2403 Σωτῆρος
2824 2326 3126 2401 παρουσίας

2239 2407 2546 2483 Καίήταῦτα
2575 2424 2661 2478 ἐπ’
2699 2423 2866 2493 αὐτῆς
2893 2420 2990 2491 τῆς
3029 2414 3380 2488 Ἰερουσαλὴμ
3405 2407 3700 2482 ἐκληπτέον
3718 2446 3740 2471 ,

2170 2521 2473 2593 αὐξομένης
2536 2515 2672 2588 μετὰ
2721 2516 2820 2586 τὴν
2862 2508 3265 2582 αἰχμαλωσίαν
3315 2501 3649 2576 κυριώτερον
3682 2499 3742 2552 δὲ

2173 2615 2256 2667 ἐπ’
2284 2592 2461 2668 αὐτῶν
2488 2609 2596 2663 τῶν
2634 2604 2966 2679 Ἐκκλησιῶν
3005 2600 3279 2673 ὁσημέραι
3326 2592 3745 2665 πλατυνομένων

2173 2708 2269 2762 καὶ
2295 2705 2533 2760 ἐπίδοσιν
2572 2697 2963 2772 λαμϐανουσῶν
3018 2693 3106 2747 διὰ
3159 2690 3267 2744 τῶν
3306 2685 3746 2760 προστιθεμένων

2177 2800 2244 2868 τῇ
2287 2796 2468 2867 χάριτι
2539 2771 2655 2844 τοῦ
2702 2788 2867 2843 Θεοῦο
2944 2786 3142 2838 νοεῖται
3204 2779 3262 2832 δὲ
3330 2778 3424 2831 καὶ
3491 2775 3569 2838 εἰς
3619 2771 3748 2825 ἐκά-

2182 2864 2320 2958 στην-
2356 2864 2532 2958 ψυχὴν
2572 2879 2928 2937 συντελοῦσαν
2977 2877 3056 2938 εἷς
3101 2893 3151 2928 τι
3195 2871 3305 2926 τῶν
3349 2869 3451 2939 τῆς
3492 2864 3749 2938 ἀληθείας

2183 2981 2382 3037 καλῶν.

2254 3076 2415 3144 Λέγει
2443 3071 2500 3125 δέ
2528 3069 2623 3124 καὶ
2651 3064 2791 3121 κατὰ
2827 3059 3118 3131 ἀναγωγὴν
3148 3057 3274 3129 περί
3298 3053 3404 3107 τῶν
3441 3050 3612 3104 ἐθνῶν
3643 3045 3756 3100 τῶν

2189 3137 2492 3240 μελλόντων
2537 3160 2612 3231 μὴ
2650 3160 2728 3222 εἰς
2777 3156 3006 3210 θάνατον
3038 3143 3487 3220 κληρονομεῖσθαι
3532 3140 3623 3194 ὑπ’
3662 3137 3756 3190 αὑ-

526 3231 702 3258 ·’νυσθ
746 3231 813 3246 ἰν
846 3231 1014 3246 ’νυ-ν·
1057 3231 1167 3240 --ν·-
1201 3231 1256 3238 ·ι--
1287 3231 1508 3255 τε---η-
1557 3231 1604 3250 τί
1803 3231 1822 3245 .

525 3288 634 3354 dis,
668 3285 764 3342 sed
797 3292 854 3337 ut
883 3296 990 3336 una
1023 3278 1127 3335 (ide
1157 3275 1444 3348 credentes
1474 3286 1597 3327 cum
1634 3269 1756 3339 ipso
1788 3266 2089 3323 salventur.

2191 3231 2322 3327 τῶν,
2367 3257 2483 3312 ἀλλ’
2548 3256 2626 3317 εἰς
2698 3247 3044 3322 περιποίησιν
3101 3241 3197 3296 καὶ
3271 3233 3542 3308 σωτηρίαν
3601 3231 3757 3300 κοινῇ

607 3466 770 3522 Vsns.
803 3465 852 3518 7.
889 3463 1100 3517 Cuncta
1162 3473 1223 3514 se
1267 3455 1408 3511 mala
1449 3452 1713 3510 oblivioni
1761 3449 2090 3504 traditurum

531 3563 755 3620 indicat.
792 3559 884 3614 Sic
921 3557 1067 3613 enim
1115 3553 1294 3624 inquit
1329 3568 1342 3606 :
1379 3544 1712 3609 (Iondonabo
1739 3539 2096 3614 negligentias

535 3665 677 3716 tuas,
702 3661 762 3708 ut
786 3653 895 3724 jam
916 3663 1026 3703 non
1045 3644 1279 3716 amplius
1310 3639 1409 3695 tibi
1439 3651 1624 3693 earum
1654 3632 1973 3700 memoriam
2002 3643 2068 3684 ex

536 3721 813 3817 probremﬁ,
867 3738 1012 3813 quod
1068 3736 1247 3790 facere
1281 3732 1457 3790 solent
1484 3729 1576 3800 qui
1619 3728 1802 3797 lapsas
1844 3721 2102 3777 mulieres

539 3837 608 3890 ad
636 3843 849 3905 tempus
881 3829 1154 3898 rejiciunt.

615 3925 778 3981 Vsus.
800 3924 888 3978 Η.
921 3917 1320 3977 Inclementiam
1347 3914 1436 3969 hic
1455 3912 1693 3968 declarat
1709 3907 2103 3964 Chaldaeorum.

544 4019 754 4089 Quippe
792 4016 906 4086 qui,
930 4027 1127 4067 munus
1157 4023 1281 4064 cum
1316 4005 1657 4076 accepissent
1691 4015 1722 4053 a
1755 3997 1865 4052 Deo
1891 3995 2106 4051 Israeli-

545 4119 628 4165 tas
655 4085 880 4180 propter
928 4109 1150 4175 peccata
1203 4098 1496 4169 puniente,
1545 4107 1644 4148 sua
1676 4089 1838 4145 etiam
1887 4085 2110 4141 ιιοὶᾱίηε

547 4203 821 4273 graviores
874 4200 930 4253 in
982 4211 1076 4252 eos
1124 4205 1314 4264 poenas
1350 4186 1794 4257 excogitaverunt
1845 4189 1900 4236 et
1937 4179 2112 4234 inten-

548 4299 766 4353 derunt.

626 4387 787 4443 Vens.
819 4385 901 4440 Π.
932 4381 1017 4436 Nil
1035 4378 1379 4452 profecturos
1408 4371 1648 4429 hostium
1680 4369 1935 4423 incursus
1959 4361 2114 4426 dicit,

550 4481 671 4551 ipso
710 4475 1004 4532 Jerusalem
1032 4478 1380 4542 protegente;
1409 4479 1517 4518 non
1556 4460 1702 4518 enim
1726 4456 1926 4512 valebit
1957 4468 2117 4508 omne

555 4586 652 4626 vas
682 4569 880 4624 hostile
908 4566 962 4620 in
995 4579 1127 4628 vos;
1162 4555 1475 4628 vosmetipsi
1509 4550 1859 4624 superabitis.

630 4750 758 4805 Cn.
790 4744 902 4811 LV,
939 4742 1105 4797 Vens.
1137 4741 1192 4794 2.
1239 4738 1470 4792 Paratus
1506 4742 1589 4790 est
1620 4733 1885 4788 Dominus
1915 4729 1984 4786 ad
2024 4725 2124 4784 du?-

563 4842 768 4900 cendos
793 4838 1065 4899 homines,
1101 4834 1168 4889 ad
1201 4849 1295 4889 eos
1315 4831 1475 4887 bonis
1502 4827 1786 4884 donandos
1817 4825 2128 4881 misericors

565 4936 744 5001 Deus;
791 4947 891 4988 nec
929 4930 1074 4985 dona
1126 4925 1460 4998 temporaria
1509 4921 1672 4978 modo
1722 4920 1813 4976 hic
1861 4933 1920 4973 se
1972 4916 2131 4971 nobis

565 5028 890 5098 largiturum
947 5019 1268 5084 annuntiat,
1326 5016 1419 5074 sed
1472 5023 1526 5072 et
1580 5021 1782 5070 aeterna
1841 5011 1895 5065 in
1946 5010 2128 5074 cmlo;

569 5120 705 5176 nihil
730 5117 878 5174 aliud
907 5131 939 5170 a
979 5114 1137 5169 nobis
1177 5111 1471 5182 deposcet,
1515 5108 1623 5162 nisi
1655 5105 1895 5160 animum
1923 5109 2136 5175 gratum

571 5221 623 5268 et
652 5211 884 5266 docilem
909 5248 923 5274 ,
955 5205 1170 5263 docenti
1198 5202 1628 5260 consentientem
1648 5241 1661 5265 ,
1687 5205 1742 5254 et
1767 5195 1989 5252 vocanti
2015 5208 2138 5247 cum

575 5297 759 5360 studio
791 5304 1234 5372 respondentem.

652 5394 812 5451 Vens.
847 5395 902 5449 '5.
936 5393 1173 5447 Auribus
1203 5388 1480 5445 attendere
1505 5386 1632 5440 dum
1659 5383 1846 5454 jubet,
1883 5394 1991 5435 non
2025 5393 2150 5434 sen-

581 5505 676 5546 sus
705 5487 952 5558 corporis
985 5484 1268 5541 intendere
1305 5480 1543 5536 videtur.
1578 5477 1714 5531 Nam
1749 5476 1927 5532 oculis
1974 5481 2152 5530 atten—

585 5582 808 5649 dentes,
841 5580 1034 5635 iisdem
1077 5577 1267 5633 audire
1306 5590 1414 5630 non
1458 5574 1744 5636 valemus;
1787 5585 1887 5649 nec
1925 5567 2152 5624 auribus

589 5673 884 5729 attendenti
913 5712 927 5738 ,
967 5673 1156 5727 iisdem
1199 5670 1385 5726 videre
1435 5668 1580 5722 licet.
1653 5639 1834 5732 Quod.
1869 5663 2032 5719 etiam
2090 5659 2155 5714 de

592 5768 802 5824 caeteris
861 5767 1106 5836 corporis
1136 5765 1388 5820 sensibus
1433 5762 1595 5818 valet.
1631 5758 1749 5824 Quo
1788 5762 2005 5812 constat
2034 5768 2157 5810 eum

673 5929 718 5961 "
737 5927 893 5981 Joan.
938 5940 1009 5990 iv,
1035 5925 1122 5977 54.

2196 3350 2598 3408 πιστευσάντων
2629 3343 2738 3397 τῶν
2768 3339 2955 3394 ἐθνῶν.

2264 3443 2339 3497 Τὸ
2369 3437 2744 3511 ἀμνησίκακον
2769 3429 2861 3484 τοῦ
2890 3425 3024 3481 Θεοῦ
3054 3422 3147 3478 καὶ
3178 3422 3235 3475 ἐν
3270 3416 3443 3488 τούτῳ
3468 3413 3720 3486 δηλοῦται
3745 3426 3759 3438 ο

2195 3536 2337 3592 οὕτω
2373 3504 2483 3604 γαρ
2505 3504 2666 3599 -φησιο
2701 3519 3048 3592 Συγχωρήσω
3073 3514 3144 3569 τὰ
3179 3504 3630 3582 πλημμελήματά
3659 3520 3761 3567 σοι,

2198 3629 2273 3693 ὡς
2307 3595 2464 3699 μηδὲ.
2483 3595 2586 3684 εἰς-
2607 3617 2908 3688 ὑπόμνησιν
2941 3608 3121 3665 αὐτῶν
3154 3622 3283 3660 ποτε
3322 3601 3543 3656 ἐλθόντα
3576 3595 3766 3652 ὀνειδί-

2205 3685 2342 3775 σαιίι
2358 3685 2612 3783 καθάπερ
2639 3685 2884 3763 ποιοῦσιν
2910 3706 2958 3758 οἰ
2991 3701 3254 3773 γυναῖκας
3286 3691 3639 3766 ἁμαρτούσας
3661 3685 3770 3739 όλί-

2204 3831 2298 3885 γον
2337 3805 2759 3882 ἀπορρίψαντες.

2276 3903 2387 3974 Τῆς
2417 3873 2806 3969 ἀπανθρωπίας
2831 3888 3061 3946 ἐνταῦθα
3084 3884 3467 3957 κατηγορεῖται
3491 3879 3600 3932 τῶν
3632 3873 3776 3930 Χαλ-

2205 3970 2391 4061 δαίων,
2418 3991 2690 4047 λαϐόντων
2733 3987 2830 4058 μὲν
2878 3980 3030 4054 παρὰ
3076 3977 3170 4033 τοῦ
3211 3975 3347 4030 Θεοῦ
3394 3972 3455 4027 τὸ
3495 3970 3777 4038 ἐνδόσιμον

2209 4092 2302 4148 τοῦ
2327 4081 2743 4160 τιμωρήσασθαι
2781 4079 2906 4143 τοὺς
2946 4071 3285 4147 Ἰσραηλίτας
3311 4068 3398 4124 διὰ
3426 4065 3494 4120 τὰ
3525 4063 3779 4133 πλημμε-

2211 4154 2440 4255 ληθέντα
2468 4154 2666 4240 αὐτοῖς,
2701 4171 2842 4243 ἰσχύϊ
2876 4169 2934 4222 δέ
2976 4167 3080 4237 ἰδίᾳ
3121 4159 3490 4233 λογισαμένων
3531 4155 3625 4208 καὶ
3665 4154 3782 4206 ἐπι-

2214 4275 2496 4330 τεινόντων
2525 4269 2706 4330 αὑτοῖς
2739 4262 2810 4318 τὰ
2839 4261 3006 4315 δεινά.

2285 4369 2327 4421 Τ
2331 4368 2396 4439 ὴν
2421 4364 2570 4436 παρὰ
2596 4359 2702 4414 τῶν
2730 4354 3003 4426 πολεμίων
3042 4351 3228 4422 ἔφοδον
3266 4346 3363 4417 τῆς
3394 4340 3557 4397 αὑτοῦ
3607 4335 3783 4410 ῥοπῆς

2221 4427 2711 4531 παρόύσηςάὑτοῖς
2753 4443 3102 4514 ἀδυνατήσειν
3148 4437 3330 4506 λέγει’
3365 4431 3484 4486 οὑδὲ
3521 4427 3630 4499 γὰρ
3679 4427 3789 4478 πᾶν

2225 4525 2414 4613 σκεῦος
2440 4525 2732 4616 πολεμικὸν
2767 4537 2974 4609 ἰσχύσει
3013 4532 3133 4588 καθ’
3164 4527 3318 4601 ὑμῶν
3337 4543 3352 4554 ⁸
3381 4525 3538 4594 ὑμεῖς
3569 4534 3791 4590 περιγε-

2154 4621 2201 4678 Ῑ)
2227 4640 2455 4698 νήσεσθε
2485 4635 2660 4707 ὑμῶν.

2296 4697 2552 4802 Ἐτοιμος
2589 4725 2664 4778 ῶν
2717 4721 2850 4794 πρὸς
2894 4717 2992 4782 τὰς
3029 4712 3290 4788 χορηγίας
3313 4710 3341 4761 ὁ
3372 4703 3667 4772 Δεσπότης,
3699 4697 3796 4751 καὶ

2229 4826 2406 4900 βρύων
2439 4789 2551 4884 τοῖς
2588 4789 2809 4886 ἀγαθοῖς
2859 4815 2888 4866 ὁ
2935 4807 3312 4879 φιλάνθρωπος
3347 4798 3510 4861 Θεός’
3542 4793 3602 4847 ού
3636 4789 3794 4900 μόνρν

2227 4878 2339 4992 1γθιρ
2375 4915 2443 4970 τὰ
2475 4878 2706 4968 ἐνταῦθα
2751 4894 3364 4975 ἀγαθὰέπαγγέλλεται
3401 4887 3616 4948 δώσειν,
3663 4878 3800 4934 ἀλλὰ

2231 4977 2324 5066 καί
2364 5007 2471 5062 τῶν
2499 5001 2791 5078 μετέπειτα
2822 4994 3054 5050 αἰωνίων
3078 4985 3297 5060 δωρεῶν
3325 4981 3422 5053 τὴν
3459 4977 3761 5032 ἀπόλαυσιν
3786 4987 3798 5000 ·

2236 5064 2385 5158 οὐδὲν
2409 5064 2594 5170 ἓτερον
2619 5091 2840 5149 ἀπαιτεῖ
2870 5088 2903 5159 ἢ
2941 5081 3256 5154 εὐγνώμονα
3281 5069 3580 5146 ἀκροατὴν,
3606 5064 3807 5170 συνιέν-

2238 5157 2308 5250 τα
2343 5194 2436 5266 μὲν
2480 5157 2550 5244 τιὰ
2589 5157 3315 5255 λεγόμενα,ήπροστρέχοντα
3354 5166 3410 5220 δὲ
3447 5163 3526 5235 τῷ
3555 5157 3810 5215 καλοῦντι

2245 5286 2360 5358 μετ’
2389 5281 2620 5343 εὐνοίας.

2277 5415 2281 5418 -
2314 5378 2387 5431 Τὸ
2420 5341 2710 5446 προσέχειν
2736 5364 2869 5420 ὠσὶν
2897 5363 2972 5426 ὼς
2999 5354 3132 5430 ἦκεν
3160 5356 3239 5417 εἰς
3287 5349 3386 5411 τὰς
3418 5345 3514 5400 τοῦ
3558 5341 3816 5444 σώματρς

2249 5428 2536 5542 αἰσθησεις
2573 5428 2928 5520 ὰινακόλουθον
2960 5428 3097 5507 εἶναι
3141 5446 3315 5502 δοκεῖ*
3366 5435 3663 5509 ὀφθαλμοῖς
3705 5428 3821 5542 χὰρ

2251 5521 2434 5542 ---νγ
2486 5521 2524 5531 κ,

2251 5562 2625 5637 προσέχοντες,
2669 5554 2780 5615 τοῖς
2822 5549 3005 5609 αὐτοῖς
3037 5541 3132 5596 καὶ
3172 5536 3388 5593 ἀκούειν
3417 5532 3477 5585 οὑ
3508 5521 3820 5637 δυνάμεθα·

3004 5635 3011 5637 ·
3191 5628 3235 5637 ⁸⁵⁵
3263 5627 3274 5637 ⁸
3502 5619 3514 5637 9
3623 5632 3643 5637 -
3675 5610 3720 5637 ΑΙ
3761 5609 3820 5637 ,Δ

2257 5609 2506 5637 ’Ἶ--νἈν-
2529 5609 2568 5611 η
2586 5609 2625 5620 τι
2764 5609 2778 5615 ν

2253 5656 2346 5710 καὶ
2394 5651 2526 5706 ὠσὶν
2574 5644 2882 5706 ἀκούοντες,
2925 5635 3132 5695 τούτοις
3189 5627 3404 5699 βλέπειν
3463 5619 3561 5689 οὑχ
3620 5609 3722 5667 οἷοί
3761 5609 3828 5663 τὲ

2483 5697 2688 5812 δμοίως
2719 5734 2775 5789 δὲ
2817 5697 2912 5786 καὶ
2959 5727 3051 5780 ἐπί
3089 5697 3200 5775 τῶν
3228 5715 3400 5772 ἄλλων
3427 5707 3536 5764 τῶν
3572 5702 3715 5759 κατὰ
3761 5697 3834 5752 τὸ
