4138 6448
396 394 520 448 1561

1810 409 1875 462 IN
1916 411 2166 467 ISAIAM.

3497 431 3656 484 I362“

394 511 554 582 σῶμα
607 511 944 582 αἰσθήσεων·
995 516 1070 580 ὡς
1123 518 1185 571 ἐκ
1244 521 1429 574 τούτου
1476 523 1780 580 δείκνυσθαι
1836 545 1961 598 συμ-

2068 533 2224 586 nobis
2255 534 2540 588 consulere
2560 575 2573 599 ,
2609 543 2662 588 ul
2700 536 2873 592 ocuiis
2905 539 3070 592 animi
3101 547 3476 607 attendamus,
3511 544 3630 611 qui-

391 601 664 672 βουλεύειν
708 605 890 670 αὐτοῖς
933 608 1220 678 προσέχειν
1249 611 1387 664 κατά
1415 615 1541 677 τοὺς
1586 616 1684 684 τῆς
1724 616 1960 682 διανοίας

390 693 722 766 ὀφθαλμοὺς,
756 697 877 750 καθ’
908 697 1002 762 οὓς
1032 701 1123 752 καὶ
1150 702 1370 755 ἀκούειν
1392 703 1611 758 δυνατόν
1633 724 1644 736 ·
1675 708 1820 778 ἀπλῆ
1847 710 1959 782 γὰρ

390 802 473 848 τις
496 781 626 838 οὖσα
660 788 692 858 ή
730 787 874 859 ψυχὴ
906 790 998 843 καὶ
1031 793 1303 863 μονοειδὴς
1330 793 1426 864 τὴν
1457 795 1636 865 φύσιν,
1674 802 1771 869 μιᾷ
1805 800 1960 856 δυνά-

395 894 485 947 μει
516 877 576 930 τό
600 895 658 930 τε
685 880 900 932 ἀκούειν
935 883 1026 934 καὶ
1061 884 1191 954 ὀρᾷν
1221 886 1499 957 κέκτηται.

473 969 609 1021 Ἀςιο
762 989 785 1002 ⁸
1149 965 1161 975 ⁵
1207 976 1220 994 ο
1287 980 1311 992 ει
1488 981 1500 996 ο
1688 983 1699 997 ι
1855 985 1867 1002 ι
1923 985 1948 997 ιο

535 985 594 1022 ΛΑ
657 971 781 1034 ἴσως
831 977 1151 1045 στενοχωρεῖ
1199 994 1362 1046 υμας,
1418 997 1510 1033 και
1560 981 1756 1036 κωλύει
1811 1002 1958 1056 αυτῳ

393 1065 724 1131 προσφυγεῖν
759 1063 834 1116 to“
854 1065 1054 1136 πλῆθος
1078 1066 1184 1119 τῶν
1215 1071 1495 1141 ἁμαρτιῶν
1526 1073 1618 1125 καὶ
1653 1074 1712 1126 τὸ
1750 1075 1828 1138 είς
1866 1075 1960 1128 αὐ-

389 1154 480 1207 τὸν
523 1155 882 1226 ἠσεϐηκέναι·
917 1159 1031 1212 ἀλλ’
1079 1161 1200 1214 ούδέ
1237 1181 1338 1216 που
1382 1165 1521 1234 μέγα
1570 1166 1796 1238 κώλυμα
1833 1171 1959 1240 ὑμῖν

392 1249 658 1312 φανεῖται,
696 1250 743 1300 εί
773 1249 864 1301 τὸν
908 1249 1069 1302 αὐτοῦ
1112 1251 1259 1304 ἔλεον
1300 1253 1504 1322 ἄφατον
1554 1258 1679 1309 ὄντα
1727 1257 1960 1330 ἐνθυμη-

389 1341 539 1411 θῆτε.
571 1341 644 1392 Ού
673 1340 778 1410 γάρ
804 1342 1038 1396 τοσαῦτα
1075 1343 1228 1396 ἔσται
1255 1345 1406 1415 ὑμῶν
1434 1347 1498 1400 τά
1526 1348 1689 1411 κακὰ,
1717 1349 1791 1413 ὡς
1816 1352 1961 1421 νικῆ-

394 1452 482 1487 σαι
509 1433 603 1486 καὶ
630 1436 952 1506 ὑπερϐαλεῖν
975 1435 1071 1507 τὴν
1105 1437 1268 1490 αὑτοῦ
1304 1437 1708 1511 φιλανθρωπίαν
1733 1459 1745 1471 ·
1795 1443 1960 1507 πολὺς

391 1528 496 1597 γὰρ
537 1527 612 1580 ὢν
647 1530 704 1582 ἐν
746 1531 1068 1600 οἰκτιρμοῖς,
1103 1529 1298 1601 πολλὴν
1341 1531 1434 1585 καὶ
1474 1534 1570 1604 τὴν
1619 1535 1809 1604 ἄφεσιν
1851 1536 1959 1589 τῶν

391 1620 673 1690 ἁμαρτιῶν
699 1622 850 1691 ὑμῶν
875 1623 1157 1692 ποιήσεται
1178 1639 1190 1653 ·
1215 1623 1307 1676 καὶ
1329 1624 1500 1690 οὕτως
1525 1627 1665 1696 ὑμᾶς
1690 1627 1960 1701 καθαροὺς

392 1711 680 1777 ἀποδείξει,
729 1713 803 1775 ὼς
853 1711 984 1782 μηδὲ
1033 1710 1176 1782 ἴχνος
1222 1713 1489 1777 σώζεσθαι
1531 1716 1640 1768 τῶν
1683 1718 1960 1789 προτέρων

393 1802 544 1872 ὑμῶν
571 1805 784 1876 ἀμαρτη
796 1805 996 1874 μάτων.

2061 625 2163 678 bus
2188 631 2240 678 et
2263 624 2451 679 audire
2478 624 2562 679 fas
2591 634 2672 680 est
2700 647 2714 690 ;
2750 627 2974 697 simplex
3004 630 3149 683 enim
3178 645 3300 684 cum
3328 632 3399 687 sit
3433 640 3627 688 natura

2062 717 2277 770 animus
2314 726 2368 770 et
2412 716 2811 789 incompositus
2837 760 2852 786 ,
2883 735 2987 773 una
3029 721 3326 792 eademque
3370 723 3629 781 facultate

2061 809 2213 862 audit
2245 825 2307 863 ac
2340 809 2503 864 videt.

2130 978 2295 1034 Vens.
2325 979 2375 1034 7.
2410 977 2716 1050 Impediunt
2747 988 2800 1035 te
2835 981 3066 1036 fortasse
3093 992 3311 1051 peccata
3342 991 3434 1040 tua
3465 993 3626 1056 atque

2061 1069 2114 1123 in
2137 1069 2301 1124 Deum
2327 1069 2601 1139 impietas,
2634 1077 2688 1124 et
2715 1079 2900 1125 vetant
2927 1088 2996 1127 ne
3020 1074 3084 1127 ad
3113 1073 3287 1142 ipsum
3316 1074 3623 1146 confugias.

2059 1161 2213 1227 Quod
2268 1163 2314 1216 si
2373 1170 2553 1216 autem
2612 1163 3041 1217 misericordiam
3087 1164 3206 1232 ejus
3255 1165 3624 1236 perpenderis,

2056 1254 2166 1324 jam
2197 1253 2331 1306 nihil
2366 1261 2417 1307 te
2459 1251 2726 1321 impedire
2760 1252 2959 1308 valebit
2987 1273 3000 1320 ;
3041 1269 3149 1309 non
3193 1255 3338 1309 enim
3371 1270 3434 1310 ea
3468 1266 3628 1311 erunt

2062 1353 2280 1416 peccata
2315 1354 2428 1410 tua,
2457 1360 2577 1414 qua:
2618 1345 3008 1416 benignitatem
3035 1346 3154 1415 ejus
3186 1347 3408 1402 vincere
3435 1357 3489 1403 et
3537 1365 3628 1403 su-

2061 1453 2250 1506 perare
2279 1437 2488 1506 possint
2515 1455 2528 1504 ;
2577 1438 2777 1492 multus
2805 1439 2922 1508 ipse
2957 1439 3008 1492 in
3061 1439 3460 1506 misericordia,
3491 1443 3629 1494 mul-

2059 1540 2112 1581 ta
2167 1545 2384 1601 quoque
2430 1538 2651 1599 peccata
2697 1529 2971 1595 dimittet,
3019 1541 3072 1586 et
3123 1531 3196 1586 ita
3247 1547 3343 1586 vos
3393 1533 3627 1590 mundos

2060 1623 2250 1678 efficiet
2280 1664 2294 1687 ,
2328 1631 2389 1677 ut
2420 1637 2488 1676 ne
2517 1622 2804 1693 vestigium
2849 1623 3065 1692 quidem
3115 1624 3359 1693 priorum
3393 1623 3624 1680 delicto-

2061 1731 2122 1768 I'II
2132 1730 2181 1768 ιη
2213 1721 2513 1770 remaneat.

461 1895 569 1966 Τὴν
596 1897 685 1949 ἐπὶ
707 1899 824 1959 ταῖς
863 1897 1102 1961 ἐντολαῖς
1132 1899 1225 1952 τοῦ
1261 1899 1427 1970 νόμου
1457 1901 1664 1954 εύοδίαν
1699 1902 1956 1974 παρέξειν

2133 1892 2297 1947 Vens.
2337 1894 2425 1947 II.
2461 1894 2758 1960 Prosperas
2784 1895 2896 1949 vias
2921 1895 3339 1950 observantibus
3368 1896 3537 1967 legem
3568 1912 3626 1953 se

390 1987 571 2051 αὐτοῖς
600 1989 988 2057 ἐπαγγέλλεται
1013 1991 1164 2056 Θεὸς,
1206 1991 1365 2060 μόνον
1391 1994 1439 2044 εί
1472 1994 1693 2056 ἑαυτοὺς
1727 1997 1961 2066 ἐργάτας

391 2078 570 2132 αὐτῶν
606 2078 774 2143 δεῖξαι
813 2079 1180 2150 ἐθελήσουσιν,
1211 2081 1374 2134 αὐτοῦ
1402 2083 1760 2154 χορηγοῦντος
1810 2087 1960 2155 ἰσχὺν

392 2171 526 2240 πρὸς
549 2170 609 2224 τὸ
640 2171 943 2225 ἐπιτελέσαι
984 2171 1204 2237 ταύτας.
1236 2174 1310 2225 Οὐ
1351 2173 1457 2243 μὴν
1490 2174 1624 2228 ἀλλά
1660 2176 1751 2228 καὶ
1781 2175 1874 2246 τὴν
1897 2179 1962 2229 ἐκ

390 2265 489 2334 τῆς
533 2263 906 2334 αἰχμαλωσίας
951 2264 1135 2318 ἄνοδον
1175 2264 1346 2329 οὕτως
1381 2265 1558 2330 ἔδοξεν
1595 2268 1788 2329 αὐτοὺς
1836 2268 1960 2332 τοὺς

391 2354 650 2422 ἀφιέντας
682 2357 949 2426 τοσαύτην
981 2355 1268 2410 ἀναλαϐεῖν
1296 2356 1602 2428 προθυμίαν
1633 2359 1728 2428 τῆς
1759 2358 1961 2412 τούτων

391 2446 698 2516 ἐκπομπῆς,
729 2445 802 2510 ὡς
836 2446 974 2518 μετά
1004 2446 1328 2519 δορυφορίας
1358 2449 1449 2500 καὶ
1473 2448 1758 2520 ὁδηγήσειν
1783 2464 1794 2476 ⁸
1824 2449 1960 2521 ὅπερ

390 2536 483 2589 ἐπὶ
507 2536 688 2608 Κύρου
713 2537 804 2589 τοῦ
853 2537 1114 2607 βασιλέως
1135 2538 1359 2610 Περσῶν
1389 2539 1710 2611 ἐπληροῦτο,
1744 2557 1962 2612 τρανου-

395 2626 562 2696 μένης
590 2627 690 2698 τῆς
716 2627 810 2680 τοῦ
843 2626 977 2680 Θεοῦ
995 2629 1164 2698 ῥοπῆς
1183 2645 1196 2658 ’
1220 2629 1312 2682 καὶ
1335 2629 1420 2680 ἐπ’
1448 2629 1626 2682 αὐτῶν
1658 2630 1764 2682 τῶν
1789 2631 1960 2701 ὀρέων

389 2719 447 2770 ἐν
501 2720 567 2789 τῇ
620 2719 824 2772 τούτων
871 2720 1080 2790 κινήσει
1117 2718 1215 2790 τὴν
1269 2720 1586 2788 ἀγαλλίασιν
1617 2721 1959 2786 δεικνύντων,

391 2810 470 2862 ἔτι
515 2810 620 2882 μὴν
687 2811 782 2865 καὶ
852 2811 1026 2865 ἀλλων
1073 2812 1314 2882 σημείων
1375 2813 1958 2884 παρακολουθούντων·

389 2901 576 2974 ὥσπερ
636 2901 745 2972 γάρ
793 2903 885 2955 ἐπὶ
933 2903 1031 2973 τὴν
1074 2901 1279 2974 ἔρημον
1331 2901 1570 2957 διιόντων
1625 2901 1960 2975 ὑπεχώρειή

404 2993 636 3065 Ἐρυθρά
655 2994 918 3058 θάλασσα,
965 2994 1158 3059 οὕτως,
1208 2993 1454 3058 ἐξιόντων
1486 2995 1592 3047 ἀπὸ
1624 2995 1720 3066 τῆς
1764 2995 1962 3066 αἰχμα-

391 3086 609 3150 λωσίας,
652 3088 939 3159 ἱστορεῖται
978 3087 1068 3142 τὸν
1102 3088 1292 3158 Τίγριν
1327 3088 1569 3158 ποταμὸν
1608 3089 1726 3142 ποδὶ
1765 3089 1962 3154 αὐτοὺς

389 3177 788 3247 διαϐεϐηκέναι,
839 3178 980 3232 καθά
1038 3179 1129 3231 καὶ
1170 3180 1198 3232 ὁ
1237 3178 1526 3249 Ἰορδάνης·
1563 3179 1657 3231 καὶ
1691 3179 1958 3250 τοσαύτην

395 3268 693 3340 μεταϐολὴν
745 3269 815 3322 τά
860 3270 960 3340 ὄρη
1003 3269 1205 3334 λαϐεῖν,
1249 3269 1370 3322 ἀντὶ
1408 3270 1506 3338 τῆς
1546 3269 1958 3339 καταλαϐούσης

393 3361 458 3416 ἐκ
507 3360 612 3415 τῶν
658 3360 928 3433 πολεμίων
987 3361 1242 3432 ἐρημίας,
1284 3361 1358 3424 ὡς
1410 3362 1504 3414 καὶ
1522 3361 1753 3434 δένδρων
1791 3362 1956 3425 ξένων

391 3453 542 3526 παρά
590 3453 658 3506 τά
685 3454 812 3508 ὄντα
844 3452 1087 3507 ἐκδοῦναι
1130 3454 1362 3524 βλάστην
1383 3470 1396 3482 ·
1429 3454 1520 3506 καὶ
1552 3453 1649 3526 τὴν
1680 3453 1772 3506 τοῦ
1818 3454 1954 3506 Θεοῦ

2060 1987 2312 2039 daturum
2365 1987 2685 2049 denuntiat,
2719 1988 2864 2042 vires
2908 1988 2974 2040 ad
3008 1987 3336 2056 perficienda
3373 1989 3624 2042 mandata

2059 2086 2326 2146 praastans
2348 2118 2362 2143 ,
2395 2078 2694 2133 dummodo
2729 2078 2864 2148 legis
2895 2079 3129 2134 factores
3171 2094 3230 2134 se
3261 2080 3500 2148 prazbere
3530 2096 3623 2136 ve-

2061 2172 2180 2225 lint.
2209 2168 2518 2224 Praesertim
2556 2185 2684 2225 vero
2711 2170 2812 2224 hoc
2845 2169 2954 2224 Deo
2983 2170 3186 2240 placuit
3227 2178 3284 2223 ut
3316 2172 3407 2240 qui
3445 2171 3624 2241 capti-

2059 2264 2274 2319 vitatem
2326 2278 2392 2317 ex
2424 2261 2658 2333 zEgypto
2691 2263 2923 2317 soluturi
2963 2269 3160 2332 erant,
3199 2277 3414 2316 summo
3444 2262 3626 2318 studio

2057 2371 2193 2424 opus
2224 2370 2381 2410 suum
2406 2354 2760 2424 perficerent,
2814 2354 2914 2423 ipsi
2957 2354 3326 2409 Israelitarum
3359 2357 3462 2411 iter
3491 2355 3627 2410 diri-

2059 2454 2246 2514 gerent
2297 2455 2352 2501 et
2385 2444 2641 2515 praesidio
2675 2453 2976 2500 tuerentur.
3023 2445 3178 2511 Quod
3221 2447 3439 2517 quidem
3463 2488 3480 2513 ,
3514 2446 3626 2503 Deo

2053 2535 2306 2605 jubente,
2337 2533 2465 2606 Cyri
2492 2535 2783 2591 Persarum
2813 2536 2958 2606 regis
2983 2550 3086 2605 ope
3119 2535 3323 2591 factum
3344 2548 3460 2605 est;
3486 2537 3625 2608 ipsis

2058 2627 2336 2684 montibus
2366 2629 2433 2683 de
2456 2628 2560 2683 hac
2583 2628 2906 2700 migratione
2933 2630 3370 2695 exsultantibus,
3399 2637 3454 2686 et
3504 2630 3626 2685 aliis

2058 2734 2275 2789 quoque
2310 2718 2702 2790 apparentibus
2745 2719 2938 2788 signis.
2988 2717 3122 2773 Nam
3160 2719 3304 2774 sicut
3345 2719 3622 2776 desertum

2059 2811 2442 2868 accedentibus
2474 2825 2624 2865 mare
2655 2809 2990 2880 Erythraeum
3022 2811 3259 2868 transire
3288 2812 3463 2876 licuit,
3493 2812 3567 2867 ita
3596 2829 3627 2868 e

2060 2904 2372 2974 captivitate
2409 2903 2614 2974 egressi
2661 2902 2826 2958 siccis
2886 2904 3116 2974 pedibus
3167 2905 3367 2962 flumen
3417 2905 3624 2978 Tigrim

2060 2996 2343 3066 trajecisse
2385 3005 2711 3062 narrantur,
2762 3006 2822 3052 ut
2866 2999 2996 3052 olim
3036 2997 3361 3063 Iordanem,
3396 2999 3628 3055 refertur

2059 3103 2278 3158 quoque
2314 3097 2556 3153 montes,
2591 3090 2658 3145 ab
2688 3091 2940 3147 hostibus
2974 3099 3133 3146 antea
3179 3100 3421 3148 vastatos
3451 3132 3467 3156 ,
3499 3101 3628 3145 tun:

2061 3196 2091 3232 ιι
2116 3178 2226 3234 Deo
2253 3178 2424 3235 fuisse
2458 3179 2532 3233 ita
2584 3181 2902 3237 immutatos
2924 3222 2937 3245 ,
2973 3189 3033 3234 ut
3085 3196 3194 3236 non
3243 3182 3358 3237 suis
3389 3189 3625 3242 tantum,

2013 3266 2028 3282 ’
2062 3271 2154 3325 sed
2190 3278 2245 3325 et
2273 3270 2503 3326 exoticis
2534 3272 2827 3328 arboribus
2869 3272 3148 3328 florerent.
3204 3273 3322 3338 Qua
3357 3272 3642 3326 montium

2062 3361 2438 3416 immutatione
2495 3362 2726 3432 benigne
2791 3361 3167 3433 comprobavit
3225 3363 3368 3419 Deus
3429 3371 3629 3418 cuncta

2060 3454 2231 3522 ipsius
2266 3453 2322 3508 in
2354 3453 2606 3509 manibus
2637 3454 2932 3523 contineri,
2970 3463 3024 3510 et
3062 3463 3244 3509 mente
3275 3454 3457 3526 dirigi.

389 3546 672 3616 εὐμένειαν
708 3547 772 3600 ἐκ
813 3547 914 3618 τῆς
953 3547 1061 3601 τῶν
1093 3546 1262 3617 ὁρέων
1307 3546 1608 3619 μεταϐολῆς
1637 3548 1942 3618 δειχθῆναι·
1985 3547 2058 3611 ὡς
2091 3548 2264 3601 πάντα
2291 3547 2530 3602 συντελεῖ
2557 3550 2636 3612 εἰς
2654 3550 2751 3619 τὴν
2780 3549 2870 3602 τοῦ
2893 3548 3028 3602 Θεοῦ
3070 3549 3319 3620 δύναμιν.
3381 3550 3474 3602 καὶ
3532 3549 3630 3619 τὴν

391 3639 598 3693 ἐκείνου
634 3642 882 3712 μήνυσιν.

462 3733 536 3785 Οὐ
567 3734 744 3787 τοίνυν
787 3733 970 3804 ὠνητά
1009 3733 1078 3788 τά
1107 3735 1256 3804 παρά
1291 3734 1448 3800 Θεοῦ,
1491 3733 1627 3787 ἀλλά
1662 3735 1863 3806 προῖκά
1900 3751 1959 3787 τε

391 3825 486 3879 καὶ
517 3825 682 3899 χωρὶς
713 3826 976 3899 ἀργυρίου
1007 3827 1179 3880 ταῦτα
1226 3825 1458 3898 λήψεσθε
1479 3843 1491 3857 ·
1523 3826 1644 3880 οὐδὲ
1678 3826 1785 3897 γὰρ
1818 3826 1958 3879 οἴνου

393 3917 549 3987 χρεία
606 3919 686 3982 είς
739 3918 988 3990 σπονδὴν,
1033 3919 1127 3971 καὶ
1171 3918 1386 3984 στέατος
1433 3921 1512 3982 είς
1547 3919 1767 3975 θυσίαν·
1804 3919 1840 3972 ἃ
1868 3921 1962 3973 καὶ

392 4008 564 4063 ταῦτα
600 4009 864 4081 ἀργυρίου
909 4009 1224 4080 ὠνούμενοι,
1258 4009 1408 4063 οὐδὲν
1435 4009 1596 4064 πλέον
1617 4010 1958 4082 ἀποφέρεσθε

392 4102 471 4163 είς
498 4099 680 4171 ὅνησιν
702 4100 987 4173 ἥκόπον,ἥ
1019 4100 1236 4173 μόχθον,
1257 4100 1331 4172 μὴ
1360 4100 1528 4155 ὄντων
1559 4101 1756 4154 ἱκανῶν
1780 4101 1959 4153 δύσω-

519 4192 682 4247 ἀτων.

519 4209 682 4247 ατων.

395 4209 683 4354 “Fraag,
727 4284 912 4356 φησιν,
945 4286 993 4337 οἱ
1042 4284 1363 4354 ἀλλογενεῖς,
1399 4285 1446 4336 οἱ
1487 4283 1564 4355 τῷ
1595 4283 1713 4354 Θεῷ
1745 4283 1963 4338 ἀνακεί-

2128 3730 2295 3786 Vens.
2341 3731 2423 3784 l5.
2465 3729 2582 3784 Non
2631 3729 2800 3800 igitur
2845 3745 2953 3785 aere
2990 3731 3158 3796 dato,
3207 3730 3302 3786 sed
3358 3731 3528 3801 gratis
3576 3739 3632 3785 et

2058 3825 2178 3880 sine
2229 3825 2461 3895 pecunia
2513 3822 2656 3880 dona
2713 3821 2809 3878 Dei
2850 3823 3310 3894 consequemini;
3370 3839 3479 3878 non
3519 3823 3631 3877 vini

2057 3917 2410 3972 libaminibus
2434 3957 2449 3982 ,
2476 3924 2570 3972 aut
2601 3915 2948 3971 victimarum
2971 3915 3130 3986 adipe
3159 3914 3417 3986 indigetis
3445 3933 3459 3981 ;
3506 3916 3632 3986 qui-

2057 4009 2160 4064 bus
2190 4008 2334 4064 enim
2357 4047 2374 4073 ,
2429 4019 2484 4064 et
2510 4009 2634 4064 aliis
2667 4007 2843 4078 pretio
2875 4007 3110 4076 emptis,
3149 4021 3259 4061 non
3301 4006 3422 4076 plus
3469 4005 3636 4076 proli-

2061 4101 2217 4155 cietis
2241 4139 2257 4166 ,
2285 4115 2447 4170 quam
2485 4101 2766 4156 laboribus
2798 4108 2852 4154 et
2881 4096 3273 4168 defatigatione
3297 4114 3312 4162 ;
3345 4098 3459 4152 haec
3487 4098 3633 4152 enim

2061 4208 2169 4248 non
2202 4191 2478 4248 sulliciunt
2521 4191 2588 4246 ad
2622 4190 2951 4246 ﬂectendum
2984 4187 3154 4243 Deum

2135 4283 2261 4338 Car.
2293 4282 2428 4345 LVI,
2466 4281 2633 4336 Vens.
2667 4283 2719 4336 5.
2753 4279 2884 4346 \‘os,
2923 4279 3126 4350 inquit,
3149 4279 3467 4348 alienigenae
3493 4317 3508 4344 ,
3540 4279 3634 4347 qui

399 4387 570 4441 μενοι,
626 4373 722 4427 καὶ
774 4373 914 4427 κατά
969 4375 1068 4438 τάς
1114 4373 1330 4438 ἐντολὰς
1375 4374 1540 4427 αὐτοῦ
1590 4373 1847 4443 βιοῦντες,
1887 4373 1961 4445 μὴ

2067 4375 2174 4429 Deo
2236 4374 2467 4444 appositi
2521 4373 2698 4437 estis,
2751 4377 2806 4428 et
2856 4370 2922 4426 ad
2974 4377 3245 4441 praecepta
3303 4369 3423 4441 ejus
3467 4368 3634 4424 vitam

395 4461 680 4532 λογίσησθε
731 4465 953 4528 ἑαυτοὺς
1006 4466 1404 4538 μακαριότητος
1445 4466 1818 4532 ὲπιτεύξεσθαι
1868 4466 1961 4519 καὶ

2064 4468 2356 4534 instruitis,
2387 4483 2453 4522 ne
2471 4467 2674 4538 putetis
2704 4482 2800 4521 vos
2828 4464 3218 4520 beatitudinem
3244 4472 3636 4518 consecuturos

395 4553 490 4605 τοῦ
523 4552 723 4624 κλήρου
762 4552 869 4606 τῶν
917 4554 1116 4622 ἁγίων·
1148 4555 1262 4608 ἀλλ’
1285 4555 1654 4628 ἐπιστάμενοι,
1675 4557 1750 4620 ὡς
1771 4556 1961 4627 τρόπος

2067 4570 2122 4614 et
2181 4558 2552 4615 haereditatem
2606 4565 2969 4622 sanctorum;
3021 4555 3118 4612 sed
3173 4555 3276 4610 hoc
3339 4553 3634 4619 recordati,

399 4644 544 4712 ὑμᾶς
594 4644 848 4696 συνάπτει
898 4643 974 4715 τῷ
1022 4645 1288 4718 Ἀϐραὰμ,
1335 4649 1428 4702 καὶ
1461 4649 1520 4702 ού
1571 4649 1760 4717 γένους
1805 4649 1961 4718 ἀγχι-

2064 4652 2211 4724 quod
2241 4651 2487 4707 moribus
2538 4667 2663 4705 cum
2714 4651 2985 4706 Abraham
3041 4647 3433 4718 conjungimini
3463 4687 3479 4713 ,
3528 4662 3634 4702 non

399 4733 571 4797 στεία,
609 4734 754 4802 ἠθῶν
791 4735 1104 4806 ἐπιμέλειαν
1134 4739 1397 4804 ποιεῖσθε,
1429 4742 1522 4794 καὶ
1547 4739 1665 4811 Θεῷ
1697 4739 1961 4794 δουλεύειν

2063 4745 2280 4816 generis
2317 4743 2680 4815 cognatione,
2735 4758 2949 4797 morum
3000 4755 3187 4796 curam
3229 4740 3429 4811 geratis
3458 4779 3473 4804 ,
3521 4749 3640 4796 stu-

399 4826 676 4891 σπεύδετε,
729 4827 822 4882 καὶ
851 4828 910 4880 οὐ
971 4827 1496 4901 φυλοκρινηθήσεσθε
1527 4832 1619 4885 τοῦ
1653 4831 1842 4901 γένους
1860 4832 1961 4886 τῶν

2066 4838 2218 4893 diose
2251 4835 2363 4891 Deo
2398 4836 2745 4901 inserviatis,
2774 4845 2827 4890 et
2869 4852 2978 4889 non
3012 4834 3341 4905 separemini
3373 4849 3403 4887 a
3445 4847 3641 4904 genere

399 4915 639 4971 δικαίων.

483 5009 708 5078 Ἐπάγει
753 5010 951 5074 αὐτοὺς
1001 5013 1080 5074 εἰς
1130 5013 1453 5082 κατανόησιν
1511 5013 1598 5066 διὰ
1633 5016 1834 5067 τούτων
1861 5015 1970 5068 τῶν

401 5099 511 5160 τοῖς
536 5097 760 5162 δικαίοις
793 5101 1156 5172 ὀφειλομένων
1179 5102 1441 5173 ἀμοιϐῶν.

473 5190 639 5245 Πάλιν
669 5193 732 5244 ἐκ
775 5194 1140 5264 προσαγωγῆς
1171 5196 1250 5258 είς
1274 5194 1616 5266 συναίσθησιν
1641 5195 1836 5261 αὐτοὺς
1859 5197 1970 5250 τῶν

407 5283 548 5338 ἰῖίων
576 5284 1057 5356 πλημμελημάτων
1101 5287 1326 5357 ἀγαγεῖν
1376 5287 1640 5358 βούλεται,
1665 5289 1978 5361 φθεγγομέ-ν

402 5395 524 5440 νους
556 5377 652 5448 μὲν
680 5379 849 5442 ἀδεῶς
871 5379 1009 5432 κατὰ
1031 5377 1121 5432 τοῦ
1155 5379 1381 5443 δικαίου,
1413 5381 1760 5450 ἀπρονοήτως
1792 5380 1848 5433 δὲ
1875 5381 1970 5435 τοῦ

405 5469 520 5537 βίου
564 5469 754 5523 τούτου
805 5469 1117 5541 νομίζοντας
1157 5471 1624 5524 ἀπαλλάττεσθαι·
1653 5471 1970 5536 ὑποδεικνὺς

404 5559 584 5622 αὐτοῖς
637 5559 712 5624 ὡς
769 5561 1081 5634 ἠρνήθησαν
1114 5562 1212 5632 μὲν
1237 5562 1297 5616 τὸ
1334 5563 1644 5632 σωματικὸν
1677 5560 1816 5629 εἶδος
1862 5565 1970 5618 τῶν

407 5651 574 5718 ἁγίων
596 5668 610 5682 ³
645 5655 711 5723 τῇ
753 5653 808 5706 δὲ
846 5653 954 5708 τῶν
982 5654 1198 5726 τρόπων
1241 5656 1512 5728 μοχθηρίᾳ
1538 5656 1820 5726 ᾠκείωσαν
1846 5659 1971 5710 ἐαυ-

403 5743 528 5805 me;
564 5746 769 5812 μοιχοῖς
792 5761 850 5796 τε
879 5745 971 5798 καὶ
999 5745 1214 5816 πόρνοις
1235 5763 1247 5776 ·
1285 5747 1360 5818 μὴ
1383 5747 1846 5819 ἀναλογισάμενοι,
1871 5750 1966 5813 ὡς,

404 5836 556 5889 αὐτοὶ
614 5837 763 5903 ὄντες
811 5840 1082 5905 ἀπωλείας
1116 5842 1275 5910 ἄξιοι,
1320 5843 1564 5908 κακίζειν
1603 5843 1969 5916 ἐπειράθησαν

2065 4928 2362 4996 justorum.

2137 5019 2264 5072 CAP.
2296 5017 2454 5082 LVII,
2487 5017 2655 5073 Vens.
2691 5018 2741 5070 I.
2784 5016 3014 5072 Deducit
3043 5033 3138 5073 eos
3171 5017 3238 5070 ad
3267 5015 3647 5087 paenitentiam

2069 5113 2333 5167 memoria
2369 5112 2636 5166 bonorum
2669 5111 2836 5181 justis
2874 5110 3300 5165 destinatorum.

2141 5203 2306 5258 Vens.
2358 5205 2410 5258 5.
2469 5202 2711 5259 Ulterius
2763 5218 3093 5274 progressus
3155 5203 3352 5257 iterum
3416 5215 3512 5256 eos
3575 5200 3642 5253 ad

2069 5295 2411 5366 agnoscenda
2474 5304 2695 5366 peccata
2765 5297 3036 5351 aiduzere
3117 5294 3354 5356 studet,
3434 5294 3644 5363 justum

2071 5387 2376 5458 procaciter
2401 5387 2746 5457 increpantes
2766 5431 2779 5451 ,
2811 5398 2865 5442 el.
2893 5402 3014 5442 eum
3071 5387 3384 5442 inconsulte
3432 5385 3499 5440 de
3533 5383 3644 5438 vita

2073 5477 2310 5529 ablatum
2404 5477 2799 5532 existimantes.
2893 5477 3101 5531 lndicat
3165 5491 3260 5531 eos
3326 5488 3645 5544 corpoream

2073 5570 2311 5638 Speciem
2346 5577 2661 5624 sanctorum
2695 5572 3000 5641 negavisse,
3041 5577 3097 5625 et
3127 5585 3338 5625 morum
3377 5569 3648 5639 pravitate

2074 5677 2134 5717 se
2165 5662 2313 5730 ipsos
2363 5661 2771 5717 consociavisse
2817 5677 2939 5716 cum
2991 5660 3253 5716 adulteris
3298 5675 3351 5715 et
3403 5657 3650 5713 meretri-

2073 5753 2248 5808 cibus.
2304 5751 2617 5809 Perditione
2655 5754 2804 5823 digni
2837 5769 2958 5809 cum
3000 5762 3224 5820 essent,
3258 5762 3462 5807 temere
3503 5751 3648 5804 viros

2074 5845 2344 5903 lacessere
2400 5847 2580 5903 conati
2623 5858 2750 5904 sunt
2795 5845 2887 5918 qui
2934 5846 3001 5903 de
3034 5856 3184 5905 recto
3215 5860 3408 5902 curare
3445 5851 3500 5900 et
3545 5841 3651 5897 Dea
