4138 6478
490 403 512 458 1
524 403 625 458 565

1639 406 1983 462 THEODORI
2008 406 2525 464 HERACLEENSIS

3601 403 3727 460 1564

485 519 768 574 intendere
815 519 1123 574 studebant.
1183 519 1452 576 ldolorum
1505 522 1786 589 fautores,
1845 527 2035 596 quibus

2151 526 2275 587 τοὺς
2315 523 2407 576 τοῦ
2457 523 2664 576 δικαίου
2730 520 3161 591 ἐπιμελομένους
3191 521 3284 573 καὶ
3339 519 3457 588 Θεῷ
3497 536 3734 580 προσαν-

483 625 684 682 pueros
723 627 885 679 super
937 623 1147 666 montes
1177 623 1230 666 et
1278 623 1457 682 petras
1496 615 1809 670 deferebant
1852 617 2044 671 immo—

483 702 696 764 landos,
732 702 825 757 Dei
862 703 1152 760 vindictam
1183 708 1451 761 vitaturus
1484 710 1778 778 sperabant

555 973 715 1029 Vens.
753 974 839 1028 15.
873 971 1082 1038 Quibus
1112 972 1424 1026 nominibus
1453 973 1680 1043 benigne
1707 973 1848 1028 Deus
1877 974 2047 1045 signi-

479 1067 606 1122 ﬁcat
640 1081 700 1120 se
727 1081 850 1121 esse
883 1064 1207 1123 Excelsum:
1243 1063 1344 1132 ipsi
1371 1063 1514 1118 enim
1560 1073 1822 1133 quantum
1868 1068 1924 1119 in
1966 1066 2048 1121 eis

477 1163 597 1213 erat
619 1196 633 1218 ,
673 1155 837 1210 Deum
869 1155 1128 1209 humilem
1159 1153 1479 1218 eﬂ‘ccerant,
1511 1155 1672 1210 idolis
1700 1157 2047 1211 consentien-

477 1248 570 1302 do.
605 1246 911 1302 Prasertim
936 1262 1064 1300 vero
1089 1254 1333 1300 sanctum
1359 1262 1416 1299 sc
1441 1261 1562 1300 esse
1585 1247 1894 1313 contendit,
1921 1263 2043 1301 cum

478 1340 555 1393 illi
585 1355 783 1393 nomen
810 1341 928 1407 ejus
960 1337 1140 1406 pravis
1181 1337 1602 1406 cogitationibus
1644 1346 1696 1392 ct
1745 1338 2046 1393 inhonestis

475 1431 737 1500 operibus
792 1428 1161 1497 profanarent.
1208 1427 1318 1498 Ego
1359 1444 1488 1482 vero
1531 1437 1754 1483 sanctus
1798 1446 1950 1494 sum,
1994 1439 2047 1485 et

477 1523 682 1577 sanctis
712 1520 1048 1591 congaudeo,
1075 1532 1130 1576 et
1162 1529 1382 1577 sanctos
1410 1521 1652 1576 homines
1679 1520 1872 1586 cilicio,
1903 1523 2047 1576 vires

475 1629 664 1668 eorum
690 1613 936 1683 augendo
956 1653 970 1677 ,
999 1622 1053 1670 et
1078 1622 1289 1669 mentes
1317 1613 1573 1683 erigendo
1605 1613 1669 1666 ad
1697 1613 2043 1678 sublimiora,

475 1706 769 1760 dummodo
798 1721 858 1761 se
888 1721 990 1776 ope
1016 1721 1136 1760 mea
1166 1705 1360 1776 dignos
1393 1706 1652 1775 prabere,
1677 1715 1728 1760 et
1755 1705 2044 1759 contritam

472 1797 922 1867 humiliatamque
948 1798 1276 1852 voluntatem
1296 1805 1553 1867 prastare
1572 1798 1889 1862 videantur;
1918 1812 2040 1850 nam

471 1890 671 1945 talibus
698 1905 799 1960 ego
828 1889 994 1944 vitam
1023 1898 1278 1944 aeternam
1310 1889 1529 1959 largior.

549 2069 708 2126 Vens.
755 2072 840 2126 16.
887 2071 1089 2127 Ulcisci
1132 2087 1198 2126 eo
1243 2086 1409 2126 sensu
1451 2068 1595 2125 Deus
1633 2067 1855 2132 dicitur,
1897 2065 2042 2136 quod

471 2172 792 2234 peccatores
823 2164 944 2218 ideo
973 2165 1133 2220 malis
1161 2162 1358 2217 alliciat
1378 2203 1391 2227 ,
1420 2170 1480 2216 ut
1514 2177 1572 2218 se
1597 2161 1827 2232 quisque
1851 2161 1918 2214 ad
1947 2161 2043 2214 bo-

467 2271 595 2310 nam
635 2255 843 2328 frugem
878 2257 1142 2327 recipiat;
1184 2256 1327 2326 quod
1371 2255 1500 2311 facit
1524 2254 1701 2318 Deus,
1732 2253 2040 2308 misericor-

467 2347 556 2401 dia
589 2349 748 2403 nobis
777 2364 1028 2418 parcens.

538 2437 704 2496 Vens.
748 2441 834 2494 l7.
879 2441 936 2496 In
965 2443 1098 2511 ipsis
1124 2442 1283 2498 etiam
1310 2442 1487 2512 panis
1509 2439 1813 2511 repetendis
1834 2439 2040 2494 miseri-

465 2532 708 2586 cordiam
739 2548 892 2589 suam
921 2535 1165 2590 declarat
1195 2533 1365 2601 Deus,
1400 2533 1528 2587 dum
1554 2533 1721 2613 multa
1751 2539 2037 2602 peccantes

463 2626 657 2694 paucis
687 2625 893 2698 afﬂigit.

535 2717 662 2773 CAP.
697 2717 894 2785 LVIII,
929 2717 1094 2775 Vens.
1123 2719 1173 2775 I.
1203 2717 1333 2775 Rem
1364 2719 1552 2775 leviter
1578 2716 2036 2791 perpendentibus

461 2809 636 2866 latari
679 2812 935 2868 videntur
973 2813 1122 2884 impii
1165 2814 1222 2867 in
1265 2812 1639 2883 voluptatibus
1679 2813 1834 2879 suis;
1880 2821 1935 2865 at
1980 2812 2034 2865 in

463 2905 581 2959 dies
624 2904 693 2958 ad
725 2904 1019 2974 perniciem
1055 2905 1279 2974 propius
1305 2903 1658 2966 accedentes,
1690 2920 1816 2958 vera
1849 2903 2034 2958 latitia

463 3001 691 3060 carent;
721 3009 832 3048 non
865 2995 1009 3049 enim
1042 3002 1127 3049 est
1158 2996 1262 3048 alia
1291 2993 1476 3048 laetitia
1513 3001 1708 3062 praeter
1732 3008 1852 3048 eam
1873 3035 1887 3059 ,
1915 3009 2036 3064 qua

463 3101 566 3157 per.
594 3085 809 3141 labores
845 3096 898 3140 et
937 3086 1313 3142 tribulationes
1337 3087 1504 3140 vitam
1533 3093 1791 3141 aternam
1841 3099 2034 3155 opera-

459 3187 573 3236 tur.
606 3178 748 3234 Justi
779 3187 956 3234 autem
987 3194 1114 3235 vera
1139 3180 1322 3234 latitia
1352 3179 1668 3250 replentur;
1705 3179 1904 3250 quippe
1937 3179 2030 3250 qui
2059 3216 2102 3276 Ο

459 3287 624 3342 opere
667 3286 730 3326 ea
773 3272 1060 3342 perficiunt
1085 3287 1206 3342 qua
1232 3272 1551 3329 intendunt.
1583 3281 1639 3328 et
1668 3271 1789 3328 ideo
1817 3273 2029 3343 placida

459 3372 643 3419 mente
674 3360 930 3417 fruuntur
961 3377 1025 3417 ac
1051 3363 1363 3433 tranquilla.

533 3539 696 3596 Vens.
729 3540 784 3596 9.
815 3540 946 3608 Qua
967 3541 1184 3612 quidem
1214 3542 1526 3598 hominibus
1550 3541 1854 3612 peragenda
1879 3547 2026 3608 sunt,

460 3635 629 3689 vitam
658 3649 814 3690 suam
845 3642 901 3689 et
931 3649 1111 3690 mores
1143 3649 1274 3689 suos
1304 3644 1449 3690 recte
1478 3634 1894 3690 instruentibus.

529 3724 659 3786 CAP.
698 3723 846 3792 LIX,
889 3725 1054 3782 Vens.
1085 3727 1139 3782 5.
1179 3725 1443 3797 Pleraque
1483 3727 1868 3791 consiliorum,
1909 3741 2031 3798 qua

456 3818 642 3874 verbis
679 3818 850 3872 locuti
901 3828 1062 3884 sunt,
1114 3828 1176 3874 ut
1219 3835 1321 3875 ova
1362 3819 1611 3891 aspidum
1640 3821 1881 3875 nondum
1912 3835 2028 3874 ma-

456 3914 620 3966 tura.
655 3917 749 3963 aut
778 3909 881 3964 tela
912 3924 1122 3966 aranea
1151 3926 1272 3982 qua
1313 3912 1518 3968 nullius
1562 3929 1697 3969 usus
1742 3922 1861 3976 est,
1905 3913 2028 3984 plus

455 3998 641 4053 damni
665 3998 896 4055 aderunt
920 4017 1082 4072 quam
1113 4002 1380 4060 utilitatis.
1411 4003 1566 4071 Quod
1599 4005 1646 4060 si
1676 4013 1856 4060 autem
1887 4003 2028 4060 forte

456 4105 519 4145 ea
539 4131 554 4156 ,
588 4090 737 4146 velut
768 4091 878 4147 fota
901 4134 915 4156 ,
948 4109 1112 4164 opere
1139 4094 1456 4165 perﬁcient,
1494 4112 1675 4153 nonne
1704 4098 1899 4153 merito
1931 4113 2026 4154 eos

455 4196 580 4236 cum
611 4182 926 4239 hominibus
955 4183 1269 4248 conferres,
1299 4201 1461 4240 ovum
1489 4187 1696 4257 aspidis
1724 4185 2026 4258 frangenti-

454 4274 590 4336 bus,
617 4288 673 4328 et
701 4274 754 4328 in
785 4291 849 4330 eo
880 4275 1127 4345 regulum
1174 4278 1619 4346 reperientihus?
1665 4276 1768 4344 Qui
1815 4279 2027 4336 scilicet

452 4359 650 4429 anguis
679 4369 764 4416 est
793 4371 1094 4418 venenatus
1123 4371 1176 4419 et
1205 4364 1539 4422 mortiferus.

2154 613 2406 682 ἐχονταςο
2452 609 2688 674 εἰδώλοις
2738 611 2846 682 γὰρ
2874 608 3318 680 προσκυνοῦντες,
3379 609 3474 662 καὶ
3517 607 3727 663 τούτοις

2154 697 2519 766 προσάγοντες
2577 697 2644 750 τά
2695 698 2901 750 ἑαυτῶν
2944 698 3110 750 τέκνα
3155 697 3234 757 εἰς
3289 697 3502 766 σφαγὴν
3534 696 3627 749 ἐπί
3662 711 3723 749 τε

2148 790 2256 842 τῶν
2278 790 2449 860 ὀρέων
2478 790 2569 842 καὶ
2601 790 2708 842 τῶν
2741 790 2972 860 πετρῶν,
3014 791 3113 858 τὴν
3138 788 3232 842 τοῦ
3265 788 3400 842 Θεοῦ
3425 788 3581 857 δίκην
3605 787 3722 840 διαο

2151 879 2372 948 φεύγειν
2406 880 2801 950 ὑπελάμϐανον.

2218 970 2316 1023 Διά
2340 970 2544 1022 τούτων
2577 971 2711 1024 ὅλων
2743 971 2850 1023 τῶν
2879 972 3154 1042 ὀνομάτων
3188 973 3222 1042 ἡ
3256 970 3348 1025 τοῦ
3382 970 3517 1024 Θεοῦ
3551 971 3714 1041 εὐμέ-

2148 1081 2263 1117 νεια
2289 1064 2558 1132 δηλοῦται,
2591 1066 2671 1118 ὅτι
2703 1082 2759 1117 τε
2797 1064 3016 1134 ῦψιστός
3042 1067 3186 1117 ἐστιν
3210 1081 3224 1096 ⁸
3249 1067 3297 1118 εἰ
3317 1065 3430 1130 καὶ,
3454 1065 3577 1118 ὅσον
3610 1061 3713 1136 ἧκε

2147 1153 2206 1204 τὸ
2251 1152 2428 1205 αὐτῶν
2457 1154 2640 1223 μέρος,
2689 1154 2937 1208 ταπεινὸν
2954 1157 3303 1225 πεποιήκασι,
3336 1154 3713 1224 συγκρίνοντες

2148 1245 2382 1308 εἰδώλοις
2427 1262 2486 1297 τε
2537 1246 2629 1297 καὶ
2687 1244 2965 1314 δαίμοσιψ
3001 1245 3062 1297 οὐ
3104 1245 3209 1315 μὴν
3248 1243 3383 1298 ἀλλά
3417 1244 3509 1296 καὶ
3532 1244 3706 1312 ἅγιος,

2148 1337 2349 1390 τούτων
2385 1336 2750 1408 βεϐηλούντων
2787 1335 2847 1388 τὸ
2878 1334 3040 1390 αὐτοῦ
3074 1336 3242 1406 ὄνομα
3263 1340 3457 1399 κακαῖς
3477 1336 3711 1408 ἐνθυμή-

2151 1447 2266 1482 σεσι
2295 1430 2388 1482 καὶ
2418 1429 2676 1500 πράξεσιν
2699 1431 2758 1482 οὐ
2793 1429 2982 1494 καλαῖς
3000 1447 3012 1461 ·
3041 1430 3154 1482 ἀλλ’
3181 1432 3328 1500 ὅμως
3366 1431 3525 1493 αὐτὸς
3557 1431 3710 1499 ἅγιος

2148 1520 2222 1573 ὢν
2247 1523 2340 1574 καὶ
2362 1521 2537 1588 ἁγίοις
2567 1521 2791 1591 χαίρων,
2825 1523 3108 1586 κάκείνους
3149 1520 3407 1590 ἁγιάζων,
3439 1524 3707 1593 ἐπιρρων-

2148 1612 2241 1675 νὺς
2270 1611 2448 1664 αὐτῶν
2470 1611 2566 1682 τὴν
2593 1611 2819 1684 δύναμιν
2844 1652 2858 1677 ,
2894 1615 2988 1666 καὶ
3024 1614 3250 1685 ἐγείρων
3280 1614 3458 1666 αὐτῶν
3488 1614 3554 1667 τὰ
3580 1633 3709 1687 φρο-

2147 1702 2382 1772 νήματα,
2439 1701 2594 1772 μόνον
2653 1705 2700 1755 εί
2750 1702 3045 1774 φανείησαν
3103 1705 3327 1766 ἑαυτοὺς
3379 1705 3706 1775 παρέχοντες

2146 1797 2346 1862 ἀξίους,
2368 1797 2461 1850 καὶ
2485 1797 2583 1868 τὴν
2615 1797 2819 1851 ἑαυτῶν
2848 1798 3061 1867 θέλησιν
3074 1797 3375 1861 δεικνύντες
3399 1814 3706 1870 συντετριμ-

2073 1878 2116 1933 Β
2147 1890 2311 1959 μένην
2337 1890 2429 1942 καὶ
2473 1890 2946 1960 τεταπεινωμένην
2967 1907 2981 1920 ο
3021 1890 3114 1943 καὶ
3152 1889 3259 1958 γὰρ
3292 1891 3385 1942 καὶ
3413 1887 3554 1959 ζωὴν
3579 1889 3708 1944 αἰώ-

2143 1992 2252 2029 νιον
2273 1979 2384 2040 τοῖς
2406 1976 2665 2040 τοιούτοις
2693 1981 3001 2050 χορηγήσω.

2230 2070 2470 2124 Ἐκδικία
2504 2070 2560 2124 δὲ
2582 2072 2674 2124 καὶ
2700 2074 2818 2126 κατ’
2851 2071 3006 2125 ἄλλον
3037 2072 3236 2144 τρόπον
3263 2072 3499 2141 λέγεται,
3524 2071 3584 2125 τὸ
3613 2083 3706 2126 τον

2139 2166 2518 2236 ἁμαρτάνοντα
2542 2164 2907 2236 παραδοθῆναι
2938 2163 3276 2233 σκυθρωποῖς
3303 2165 3437 2236 πρὸς
3459 2163 3520 2216 τὸ
3543 2163 3705 2218 αὐτόν

2138 2271 2258 2307 τινα
2305 2253 2434 2324 παρ’
2482 2253 2675 2306 ἑαυτοῦ
2733 2251 3115 2323 ’παιδευθῆναι⁹
3157 2253 3329 2307 ταῦτα
3369 2255 3512 2306 ποιεῖ
3551 2253 3702 2317 Θεὸς,

2139 2345 2511 2417 φιλανθρωπίᾳ
2540 2345 2855 2415 φειδόμενος
2881 2338 2975 2398 τοῦ
3009 2345 3274 2416 ἡμετέρου
3307 2345 3514 2414 γένους.

2206 2435 2316 2507 Τὴν
2379 2436 2788 2508 φιλανθρωπίαν
2820 2436 3013 2489 ἑαυτοῦ
3051 2438 3079 2490 ὀ
3113 2437 3248 2501 Θεὸς
3273 2437 3366 2491 καὶ
3391 2439 3448 2490 ἐν
3475 2440 3596 2501 ταῖς
3625 2454 3706 2490 τι-

2141 2528 2371 2600 μωρίαις
2400 2528 2749 2592 ἐνδείκνυται,
2769 2527 2925 2598 ήμῶν
2948 2528 3046 2598 μὲν
3063 2528 3231 2592 πολλά
3259 2529 3700 2600 ᾁμαρτανόντων,

2135 2599 2298 2672 αῦτοῦ
2319 2619 2374 2672 δὲ
2403 2620 2559 2688 ὀλίγα
2587 2621 2948 2682 παιδεύοντος.

2199 2710 2319 2764 Κᾶν
2367 2710 2476 2783 γὰρ
2525 2715 2573 2764 οἱ
2620 2712 2834 2774 ἀσεϐεῖς
2867 2712 2944 2782 τῷ
2975 2710 3150 2764 δοκεῖν
3183 2712 3380 2766 δοκῶσι
3409 2713 3616 2784 χαίρειν
3643 2715 3703 2767 ὲν

2133 2806 2254 2867 ταῖς
2304 2803 2511 2857 ἑαυτῶν
2565 2804 2779 2876 ἡδοναῖς
2827 2803 3170 2875 τρεφόμενοι,
3219 2805 3355 2860 ἀλλά
3418 2804 3567 2875 γὀῦν
3622 2807 3703 2870 είς

2133 2895 2404 2958 ἀπωλείας
2460 2895 2613 2958 τέλος
2655 2896 3136 2966 καταστρέφοντες,
3196 2898 3256 2950 ού
3299 2898 3397 2969 τὴν
3448 2897 3703 2970 ἀληθινὴν

2132 2985 2305 3058 χαρὰν
2365 2985 2646 3058 χαίρουσιο
2683 2987 2814 3057 μόνη
2870 2987 2977 3058 γὰρ
3033 2986 3239 3057 κυρίως
3269 2987 3334 3041 ἂν
3375 2988 3456 3058 εἴη
3498 2987 3698 3058 χαράή

2133 3079 2197 3130 ὲκ
2229 3079 2487 3148 καμάτων
2538 3095 2595 3130 τε
2647 3078 2741 3131 καὶ
2782 3077 3014 3148 θλίψεων
3038 3078 3181 3150 ζωὴν
3207 3077 3420 3132 αἰώνιον
3443 3095 3703 3150 πραγμα-

2131 3170 2414 3241 τευομένη.
2452 3169 2612 3223 Ἀλλά
2646 3171 2740 3224 καὶ⁵
2766 3171 2939 3242 χαρᾶς
2966 3169 3064 3240 τῆς
3087 3169 3344 3242 ἀληθινῆς
3364 3168 3699 3240 πληροῦνται

2131 3261 2180 3313 oi
2220 3259 2754 3331 δικαιοπραγοῦντες,
2783 3263 2860 3324 εἰς
2890 3260 3048 3331 ἔργον
3087 3261 3270 3324 αὐτοῖς
3294 3259 3701 3332 προχωροῦντος

2128 3351 2221 3406 τοῦ
2248 3353 2473 3418 σκοποῦ,
2511 3354 2606 3408 καὶ
2634 3354 2908 3426 ἀταράχου
2951 3355 3215 3426 μενούσης
3258 3355 3356 3425 τῆς
3381 3354 3578 3426 ψυχῆς,
3607 3354 3702 3408 καὶ

2127 3444 2555 3518 γαληνιαζούσης
2584 3448 2642 3499 ὲν
2672 3448 2860 3518 ἑαυτῇ.

2198 3537 2306 3590 Καὶ
2331 3536 2504 3591 ταῦτα
2559 3537 2928 3609 ρυθμιζόντων
2953 3538 3150 3602 αὐτοὺς
3199 3540 3280 3603 είς
3313 3539 3425 3609 βίον
3473 3539 3565 3592 τὸν
3617 3540 3702 3592 ὲν-

2129 3628 2341 3700 ἀρετον,
2370 3631 2463 3683 καὶ
2491 3630 2708 3700 τρόπων
2737 3630 3005 3702 εὐθύτητα
3037 3633 3340 3702 ὑφηγεῖται.

2200 3721 2280 3773 Τὰ
2305 3721 2409 3791 γὰρ
2443 3721 2669 3776 πλεῖστα
2695 3722 2802 3776 τῶν
2821 3724 3058 3795 ἑπιθυμη
3069 3725 3250 3794 μάτων
3272 3723 3449 3778 αὐτῶν
3475 3717 3552 3778 ὧν
3577 3740 3700 3776 συν·

2128 3810 2376 3878 ελέξαντο
2423 3812 2610 3884 ὥσπερ
2659 3813 2742 3866 ὼὰ
2783 3815 3022 3870 ἀσπίδων
3046 3817 3470 3887 ἀτελεσφὸρητα,
3503 3817 3597 3869 καὶ
3625 3814 3700 3877 ὠς

2132 3903 2277 3966 ίστὸς
2299 3902 2544 3976 ἀράχνης
2582 3906 2661 3968 εἰς
2696 3905 2846 3958 οὐδὲν
2874 3907 3138 3960 συντελῶν
3167 3899 3337 3976 μένει,
3372 3906 3572 3978 βλάϐην
3599 3907 3698 3961 αύ-

2127 3995 2238 4056 τοῖς
2267 3993 2463 4062 μᾶλλον
2492 3995 2635 4066 ἥπερ
2660 3994 2929 4065 ὠφέλειαν
2962 3997 3196 4068 φέροντα
3225 4016 3239 4029 ·
3273 3998 3322 4050 εί
3351 3998 3409 4051 δὲ
3442 3997 3536 4050 καὶ
3565 4014 3700 4066 συμ-

2129 4084 2255 4155 ϐαίη
2282 4086 2486 4149 ταύτας
2509 4085 2608 4150 τὰς
2654 4087 2862 4151 ἐννοίας
2903 4087 3088 4162 ὥσπερ
3109 4089 3594 4160 διαθερμανθείσας
3617 4091 3698 4153 εἰς
3752 4125 3755 4129 -

2127 4178 2354 4248 πράξεις
2377 4180 2666 4250 προκόψαι,
2699 4180 2796 4233 οὐκ
2831 4180 3005 4235 ἔοικεν
3039 4183 3266 4246 ἐκείνοις
3303 4186 3416 4244 τοῖς
3452 4181 3685 4235 κλάσασι

2130 4270 2229 4340 μὲν
2276 4270 2380 4324 ὠὸν
2438 4271 2681 4336 ἀσπίδος,
2717 4272 3030 4342 βασιλίσκον
3077 4274 3135 4327 δὲ
3161 4275 3218 4326 ὲν
3249 4273 3427 4337 αὐτοῖς
3457 4272 3574 4344 (12)
3602 4273 3696 4325 εὐ-

2128 4359 2310 4431 ροῦσι;
2343 4361 2434 4414 καὶ
2486 4361 2618 4415 αὐτό
2663 4363 2780 4414 ἐστι
2833 4363 3034 4416 ἰοϐόλον
3068 4366 3160 4417 καὶ
3196 4365 3564 4436 θανατηφόρον
3605 4363 3698 4435 ἑρ-

2128 4453 2307 4506 πετόν.

527 4537 691 4596 Vens.
735 4541 820 4596 10.
862 4540 993 4607 Qua
1023 4543 1126 4598 hoc
1160 4558 1327 4599 sensu
1360 4545 1594 4615 accipies
1623 4565 1635 4599 :
1671 4547 2022 4616 quemadmo-

2203 4544 2312 4596 Καὶ
2357 4543 2516 4598 τοῦτο
2564 4545 2621 4598 δὲ
2670 4546 2990 4617 σκοπητέον,
3020 4549 3122 4612 ὅτι,
3174 4549 3362 4617 ὥσπερ
3405 4547 3696 4619 ὀφθαλμῶν

451 4627 581 4683 dum
611 4630 746 4685 nihil
773 4646 961 4686 eorum
993 4648 1114 4702 qua
1143 4635 1507 4689 obversantur
1535 4651 1758 4692 cernere
1786 4639 2018 4707 poterit,

451 4720 542 4789 qui
576 4721 751 4778 oculis
779 4722 905 4777 licet
936 4723 1197 4792 praditus
1230 4724 1350 4780 luce
1379 4735 1562 4792 caret,
1599 4737 1693 4781 aut
1721 4729 1813 4799 qui
1846 4730 2024 4784 lucem

450 4812 712 4882 adeptus,
743 4815 917 4869 oculis
948 4815 1287 4883 destituitur,
1337 4817 1411 4871 ita
1457 4834 1680 4874 necesse
1724 4831 1808 4876 est
1838 4829 1896 4875 ut
1929 4823 2022 4891 qui

450 4912 633 4957 mente
661 4903 865 4973 aliquid
891 4906 1178 4976 complecti
1210 4909 1479 4975 voluerit,
1512 4911 1760 4968 doctrina
1783 4913 2022 4972 illustre-

449 5001 537 5046 tur
569 5008 637 5047 ex
661 4991 862 5049 divinis
894 4993 1193 5066 Scripturis
1221 4997 1528 5068 desumpta.

522 5080 688 5138 Vens.
735 5084 820 5140 II.
863 5083 1070 5141 Tantus
1113 5089 1216 5144 erit
1255 5090 1335 5144 eis
1368 5093 1601 5161 gemitus
1651 5102 1705 5148 et
1749 5095 2017 5160 ululatus,

448 5184 690 5244 quantus
720 5192 852 5232 urso
880 5179 1092 5234 catulos
1139 5180 1370 5238 amissos
1419 5183 1664 5254 lugenti;
1715 5194 1809 5239 aut
1856 5187 2019 5242 etiam

449 5278 688 5338 quantus
717 5272 986 5328 columba
1011 5290 1133 5342 qua
1159 5282 1356 5329 natura
1385 5278 1644 5332 continuo
1674 5277 1876 5334 fremit.

521 5443 685 5504 Vens.
723 5449 808 5502 I7.
845 5449 1122 5520 Salutem,
1151 5467 1314 5522 quam
1341 5467 1532 5523 poenas
1559 5457 1750 5509 dantes
1780 5470 1875 5524 per
1901 5470 2017 5525 pa-

450 5536 728 5596 nitentiam
773 5551 826 5595 et
868 5542 1205 5599 docilitatem
1253 5545 1500 5602 homines
1545 5548 1647 5602 sibi
1700 5556 2014 5618 operantur,

449 5628 726 5698 suscipere
750 5631 881 5685 dicit
903 5631 1070 5687 Deum
1094 5673 1108 5697 ,
1133 5644 1186 5691 et
1209 5636 1353 5692 velut
1381 5637 1759 5695 indumentum
1781 5679 1796 5707 ,
1829 5655 2017 5696 eorum

518 5799 627 5881 ne.)
657 5801 840 5868 Potius
871 5807 1035 5888 αὐτῷ.

2124 4635 2313 4700 ὄντων,
2371 4639 2419 4688 εί
2471 4637 2546 4709 μὴ
2572 4639 2770 4711 παρείη
2804 4640 2939 4710 φῶς,
2971 4642 3064 4694 καὶ
3107 4641 3287 4710 φωτὸς
3332 4640 3503 4705 ὄντος,
3540 4642 3587 4693 εί
3620 4640 3694 4712 μὴ

2123 4722 2254 4782 ὦσιν
2275 4729 2539 4800 ὀφθαλμοὶ
2575 4731 2882 4800 βλέποντες,
2930 4733 3189 4789 ἀδύνατόν
3221 4736 3337 4786 ἐστι
3371 4733 3439 4788 τὰ
3473 4734 3694 4787 ὑποκεί-

2126 4837 2262 4891 μενα
2288 4820 2526 4892 καθορᾷν
2549 4839 2562 4860 ν
2602 4821 2774 4887 οὕτως
2805 4825 3015 4896 ἀνάγκη
3057 4827 3148 4878 καὶ
3178 4825 3268 4878 τὸν
3295 4824 3613 4894 βουλόμενόν
3639 4840 3692 4874 τι

2121 4913 2446 4968 διανοεῖσθαι
2479 4915 2622 4978 νοῦν,
2654 4917 2728 4988 μὴ
2746 4918 2810 4970 ὲκ
2834 4919 2942 4972 τῶν
2959 4917 3119 4973 θείων
3141 4917 3372 4990 Γραφῶν
3396 4917 3693 4988 ἀρυόμενον

2125 5005 2333 5075 σοφίαν,
2363 5007 2701 5078 διαμαρτεῖν.

2193 5097 2456 5162 Τοσοῦτος
2501 5100 2558 5152 δὲ
2597 5099 2746 5153 ἔσται
2779 5104 2807 5155 ό
2836 5103 3133 5174 στεναγμὸς
3166 5102 3260 5156 καὶ
3293 5103 3325 5173 ἡ
3363 5101 3491 5171 παρ’
3514 5097 3693 5153 αὐτῶν

2120 5189 2356 5260 οἰμωγὴ,
2390 5191 2522 5262 ὅσην
2557 5191 2759 5263 ἄρκτος
2781 5195 3092 5249 ἀπολέσασα
3113 5196 3179 5250 τὰ
3203 5194 3401 5263 ἑαυτῆς
3424 5193 3590 5245 τέκνα
3613 5191 3690 5242 ol-

2125 5281 2321 5352 μώξει·
2353 5283 2411 5335 ού
2448 5283 2554 5354 μὴν
2599 5283 2737 5338 ἀλλὰ
2763 5285 2856 5338 καὶ
2887 5287 3181 5359 περιστερὰ
3209 5284 3570 5347 ἀδιαλείπτως
3591 5298 3691 5352 φυ-

2122 5375 2289 5438 σικῶς
2316 5375 2610 5446 βρύχουσα.

2191 5467 2300 5538 Τὴν
2328 5471 2390 5521 ὲκ
2425 5470 2524 5540 τῆς
2569 5471 2852 5542 μετανοίας
2890 5474 2984 5526 καὶ
3012 5474 3275 5536 συνέσεως
3307 5488 3691 5543 πραγματευο-

2123 5557 2289 5627 μένην
2325 5561 2597 5629 σωτηρίαν
2631 5563 2743 5623 τοῖς
2785 5562 3215 5632 τιμωρουμένοις
3243 5561 3572 5616 οἰκειοῦσθαι
3601 5560 3690 5615 τὸν

2119 5646 2249 5700 Θεὸν
2307 5648 2526 5717 φάσκει,
2589 5649 2683 5702 καὶ
2711 5649 2989 5710 ἐνδύεσθαι
3036 5651 3225 5722 ὥσπερ
3265 5669 3316 5703 τι
3353 5650 3553 5723 ἔνδυμα
3591 5648 3698 5719 τὴν
