4138 6444
444 370 460 419 1
473 369 576 423 365

1861 386 1924 440 ΙΝ
1957 388 2206 447 ιεΑιΑΜ.

3521 411 3657 466 1566

438 481 1007 556 τούτωνσδικαιοσύνην
1031 503 1043 515 ·
1080 488 1138 540 οὐ
1173 488 1275 559 μὴν
1294 490 1426 545 ἀλλὰ
1458 494 1547 546 καὶ
1572 492 1758 565 ὥσπερ
1782 514 1833 549 τι
1867 499 1988 569 κρά-

442 590 530 595 -.--
562 575 648 595 _-_\
714 574 871 595 AA',_,,,
1145 579 1187 595 Ἀ
1260 582 1283 595 Α
1427 584 1437 595 ι
1631 587 1643 595 ι
1714 588 1741 595 Α
1782 588 1793 595 .
1938 591 1947 595 -

2093 502 2359 571 justitiam
2392 509 2634 563 induere.
2660 509 2770 566 lmo
2799 518 2953 584 quasi
2980 518 3142 573 lorica
3168 530 3218 576 et
3239 537 3387 592 galea
3408 564 3421 587 ,
3448 530 3619 595 mquit
3638 568 3655 594 ,

441 590 530 637 νος
561 575 654 628 καὶ
713 574 936 645 θώρακα
977 579 1344 651 περιτίθεσθαι
1371 584 1568 652 φάσκει
1596 587 1687 640 τὸν
1706 588 1857 652 Θεὸν,
1894 591 1992 656 τὰς

441 664 548 720 τῶν
573 665 872 737 ἀνθρώπων
911 669 1463 745 δικαιοπραγματείας
1489 695 1501 706 ·
1543 679 1611 731 τὰ
1653 680 1709 733 δὲ
1746 681 1837 734 ἐπὶ⁸
1856 682 1989 735 Θεοῦ

441 756 691 828 εἴληπται
737 762 1085 832 παραμυθίαν
1122 764 1350 836 φέροντα
1387 771 1499 832 τοῖς
1531 771 1823 841 ἀκροαταῖς
1846 790 1860 804 ο
1898 774 1992 827 καὶ

441 848 714 919 ἐπεγείρει
778 851 954 905 αὐτῶν
1014 854 1083 907 τὰ
1132 858 1487 928 φρονήματα,
1548 860 1622 925 ὡς
1681 861 1992 934 δυναμένων

441 939 619 993 αὐτῶν
670 942 762 994 καὶ
791 942 989 1015 ἔνδυμα
1033 945 1165 1002 Θεοῦ
1192 949 1460 1017 γενέσθαι,
1494 950 1838 1025 δικαιοσύνην
1865 973 1988 1026 μετ-

443 1031 650 1085 ιόντων.

515 1122 825 1193 Προειδέναι
859 1128 963 1199 χρὴ
994 1128 1053 1181 τὸ
1086 1125 1214 1201 ἦθος
1247 1135 1303 1185 τὸ
1346 1133 1682 1201 δεσποτικὸν,
1714 1138 1792 1192 ὅτι
1817 1140 1993 1194 πάντα

439 1212 506 1265 δι’
532 1213 839 1286 ἀγαθότητα
882 1219 1165 1288 προλέγει·
1213 1225 1308 1287 ὼς,
1341 1225 1467 1278 ὃταν
1504 1228 1697 1298 ἀπειλῇ
1733 1230 1848 1299 μὲν,
1884 1231 1989 1293 ἵνα,

442 1304 767 1375 φοὸηθέντες
806 1309 875 1363 τὰ
907 1312 1220 1383 σκυθρωπὰ,
1256 1317 1676 1386 ἐπιστρέψαντες
1701 1321 1792 1372 καὶ
1828 1339 1993 1391 μετα-

442 1396 730 1464 νοήσαντες
785 1400 1136 1472 ἀπαλλαγῶσι
1183 1406 1281 1475 τῆς
1317 1409 1508 1479 πείρας
1566 1411 1674 1463 τῶν
1701 1411 1916 1466 δεινῶν
1957 1416 1989 1485 ἢ

442 1486 601 1539 πάλιν
634 1488 1020 1557 ἐπαγγέλλεται
1050 1494 1117 1547 τὰ
1151 1497 1348 1564 ἀγαθὰ,
1373 1500 1459 1553 ἵνα
1484 1504 1603 1566 ταῖς
1644 1504 1991 1572 ἐπαγγελίαις

442 1578 724 1651 ἐπιρρὠῃ
744 1581 849 1634 τῶν
872 1582 1397 1656 δικαιοπραγούντων
1418 1590 1514 1653 τὰς
1549 1592 1742 1662 ψυχὰς,
1777 1594 1909 1664 πρὸς
1935 1594 1994 1647 τὸ

442 1667 647 1739 μᾶλλον
710 1672 924 1742 ἔχεσθαι
976 1676 1072 1746 τῆς
1116 1680 1249 1749 πρὸς
1283 1681 1372 1735 τὸν
1410 1682 1544 1736 Θεὸν
1572 1684 1801 1749 ἐλπίδος.
1856 1686 1991 1741 Ἀλλ’

440 1762 560 1815 ούδέ
592 1779 691 1816 που
749 1765 839 1818 καὶ
894 1767 1133 1840 ἀνάγκην
1157 1770 1267 1840 ἔχει
1304 1772 1433 1837 Θεὸς
1465 1775 1703 1847 πληροῦν
1724 1780 1925 1832 ταῦτα’
1957 1778 1989 1851 ἢ

440 1851 548 1924 γὰρ
578 1858 1021 1925 μετανοησάντων
1057 1861 1223 1931 ἀνῆκε
1258 1864 1345 1916 τὸν
1374 1864 1563 1935 θυμὸν,
1604 1868 1661 1937 ἣ,
1704 1867 1778 1940 μὴ
1806 1870 1997 1939 ἐμμει-
2027 1853 2073 1910 Β

442 1943 645 1999 νὰντων
687 1950 799 2011 τοῖς
845 1950 1048 2015 καλοῖς,
1084 1952 1143 2005 οὐ
1191 1953 1461 2009 τελειώσει
1494 1959 1561 2012 τὰ
1595 1960 1995 2029 ἐπαγγελθέντα

440 2033 599 2099 καλὰ,
626 2037 656 2107 ἡ
667 2035 779 2104 μῶν
799 2040 1139 2109 παρεχόντων
1172 2044 1266 2108 τὰς
1292 2046 1467 2108 αἰτίας
1494 2046 1570 2117 τῷ
1598 2047 1716 2118 Θεῷ
1740 2048 1831 2101 τοῦ
1862 2049 1996 2118 πλη-

439 2120 568 2191 ροῦν
595 2123 663 2175 τὰ
690 2127 1095 2195 ἐπαγγελθέντα
1124 2132 1287 2186 κακά.

510 2214 617 2268 Καὶ
641 2217 806 2269 ταῦτα
829 2219 884 2271 δὲ
899 2220 1020 2272 καθ’
1051 2222 1288 2294 ἱστορίαν
1310 2222 1555 2294 ζητοῦντι
1573 2225 1776 2280 ἔνεστιν
1794 2228 1989 2300 εὑρεῖν

438 2303 595 2357 τοῦτο
620 2307 718 2376 μὲν
754 2308 933 2380 Κύρου
972 2313 1443 2384 ἁνοικοδομοῦντος
1476 2316 1575 2386 τὴν
1623 2316 1991 2390 Ἰερουσαλὴμ,

438 2395 532 2447 καὶ
572 2400 688 2467 μετ’
714 2400 874 2454 αὑτὸν
910 2404 1141 2473 Δαρείου
1168 2422 1183 2438 ο
1219 2407 1279 2459 ού
1318 2407 1424 2478 μὴν
1452 2408 1585 2462 ἀλλὰ
1620 2410 1712 2465 καὶ
1749 2411 1993 2478 Ἀλεξάν-

434 2484 560 2556 δρου
586 2488 676 2541 τὸν
716 2492 984 2563 ἱερατικὸν
1014 2495 1193 2548 στόλον
1218 2495 1576 2569 θεασαμένου,
1608 2500 1702 2554 καὶ
1728 2501 1992 2573 μεταϐαλ-

436 2574 658 2645 λομένου
682 2578 772 2632 τὸν
803 2579 971 2651 θυμὸν
997 2585 1076 2646 είς
1098 2585 1484 2658 προσκύνησιν.

399 2709 403 2715 .
506 2667 681 2741 Ὅπερ
707 2666 793 2741 ἧν,
819 2673 911 2725 καὶ
933 2674 1023 2725 ἐπὶ
1047 2674 1146 2744 τῆς
1173 2676 1288 2731 νυνὶ
1316 2678 1699 2744 καταστάσεως
1723 2680 1828 2733 τῶν
1872 2682 1992 2735 Ἑκ-

436 2757 669 2830 κλησιῶν
697 2761 977 2831 δηλοῦται·
1005 2764 1200 2830 πάντες
1232 2766 1344 2838 γὰρ
1380 2768 1746 2840 ἁπανταχόθεν
1771 2771 1992 2835 ταύταις

435 2850 779 2919 προσοίσουσι
806 2852 904 2916 τὰς
930 2856 1202 2927 ἀπαρχάς.

515 2939 870 3006 Ἐπισκόπους
920 2944 1063 3014 λέγει
1093 2948 1220 3011 τοὺς
1252 2949 1678 3015 ἐπιστατοῦντας
1706 2953 1798 3007 τοῦ
1840 2954 1987 3020 λαοῦ,

433 3027 527 3092 οὒς
549 3031 641 3085 καὶ
675 3030 1015 3107 δικαιοσύνης
1051 3038 1285 3109 ἐραστὰς
1318 3041 1530 3111 μέλλειν
1571 3042 1785 3099 ἔσεσθαι
1821 3047 1988 3118 προῦ-

434 3136 606 3188 Αεγεν.

502 3212 662 3277 Ἔθος
688 3220 801 3280 τοῖς
828 3220 1151 3291 προφήταις,
1185 3221 1656 3297 προαναθεωροῦσι
1684 3227 1744 3280 τὸ
1776 3228 1984 3298 μέλλον,

431 3303 523 3354 ἐπὶ
552 3304 648 3374 μὲν
672 3305 778 3358 τῶν
830 3309 1167 3380 σκυθρωπῶν
1218 3314 1468 3369 ἀνιᾶσθαι
1506 3318 1598 3370 καὶ
1635 3317 1866 3384 πενθεῖν,
1897 3321 1988 3373 ἐπὶ

427 3394 487 3449 δὲ
529 3399 594 3468 τῇ
646 3398 752 3453 τῶν
813 3401 1030 3469 ἀγαθῶν
1086 3403 1286 3477 θεωρίᾳ
1318 3408 1384 3478 ῆν
1428 3410 1864 3479 εὐαγγελίζονται
1909 3411 1986 3484 τῷ

430 3488 561 3560 λαῷ,
601 3490 700 3545 κᾶν
713 3492 1105 3566 ἁναισθητῶσιν
1118 3500 1164 3551 οἱ
1193 3499 1480 3565 ἀκούοντες
1516 3501 1731 3567 αὐτοὺς,
1755 3521 1984 3577 προεορ-

428 3583 613 3648 στάζειν
680 3586 773 3640 καὶ
806 3591 1190 3659 προεπιᾶσθαι
1247 3593 1388 3646 κατὰ
1431 3593 1628 3666 ψυχὴν,
1657 3599 1863 3667 πεῖσμα
1896 3596 1984 3667 βέ-

430 3673 581 3729 ϐαιον
611 3679 978 3749 κεκτημένους
1008 3681 1104 3752 τῆς
1154 3681 1259 3737 τῶν
1285 3684 1600 3756 δειχθέντων
1643 3687 1894 3761 θεωρίας.
1918 3720 1987 3732 -

429 3766 649 3822 Βλέπων
696 3770 875 3824 τοίνυν
935 3774 963 3825 ὁ
1020 3776 1298 3847 προφήτης
1347 3778 1483 3849 πρὸς
1510 3778 1600 3831 τὸν
1631 3780 1883 3850 Χριστὸν,
1910 3781 1985 3846 ὡς

430 3857 637 3931 ἔνδυμα
664 3860 827 3915 αὑτοῦ
853 3864 1109 3932 ἐγεγόνει·
1142 3868 1247 3930 πᾶς
1280 3866 1388 3940 γὰρ
1417 3871 1445 3922 ὁ
1470 3862 1822 3945 ἐνδυσάμενος
1848 3875 1984 3946 Χρι-

432 3948 574 4016 στὸν,
615 3951 826 4022 ἱμάτιον
893 3956 1161 4027 σωτηρίας
1206 3958 1509 4025 ἐνεδύσατο,
1548 3962 1669 4016 καθ’
1699 3962 1727 4015 ὃ
1771 3966 1864 4018 καὶ
1887 3965 1985 4036 τὴν

428 4043 588 4111 ἁγίαν
631 4045 794 4098 αὑτοῦ
838 4047 1161 4119 Ἐκκλησίαν
1203 4054 1558 4124 κατακοσμεῖ.
1587 4054 1862 4127 Κάκείνην
1886 4056 1984 4129 τὴν

426 4132 664 4190 διάθεσιν
716 4137 958 4209 πληρῶν,
1012 4142 1077 4212 ἢν
1130 4141 1194 4196 ἂν
1236 4143 1498 4219 πληρώσῃ
1518 4147 1799 4211 νεανίσκος
1849 4149 1985 4220 πρὸς

430 4227 716 4298 παρθένον,
758 4229 941 4302 ἔχαιρε
993 4232 1084 4285 καὶ
1112 4234 1363 4305 εὐωχεῖτο
1398 4237 1538 4291 κατὰ
1567 4238 1764 4309 ψυχὴν,
1805 4239 1879 4304 ὡς
1907 4239 1985 4311 τῷ

428 4314 648 4389 Χριστῷ
704 4318 896 4384 συνὼν,
947 4323 1195 4377 κάκεῖνον
1263 4324 1627 4398 ἐνδεδυμένος,
1670 4330 1762 4382 καὶ
1785 4331 1984 4400 χιτῶνα

427 4401 588 4463 αὑτὸν
612 4409 748 4481 ἔχων
772 4412 1126 4485 εὐφροσύνης.

2100 594 2530 684 circumdabitur
2553 598 2697 656 Deus
2719 602 2877 660 bonis
2901 606 3181 664 hominum
3213 614 3486 681 operibus.
3522 594 3655 684 Qua:

2098 682 2314 751 quidem
2340 685 2408 740 de
2439 685 2550 743 Deo
2576 689 2909 763 referuntur,
2933 706 2990 751 ut
3015 700 3297 759 audientes
3316 682 3576 775 excitent,
3604 719 3657 764 et

2096 784 2304 831 mentes
2333 793 2521 833 eorum
2553 782 2795 853 erigant,
2846 790 3247 849 recordantium
3284 811 3344 854 se
3384 796 3653 856 iustitiam

2096 867 2323 922 colendo
2351 869 2445 924 Dei
2476 873 2849 932 indumentum
2878 895 3036 949 posse
3069 884 3200 939 ﬁeri.

2234 1145 2360 1200 Car.
2405 1148 2531 1216 LX,
2579 1150 2736 1210 Vens.
2780 1156 2830 1209 8.
2872 1155 2990 1213 Prae
3033 1163 3207 1218 oculis
3251 1164 3525 1225 habendus
3569 1181 3654 1226 est

2097 1234 2192 1288 Dei
2227 1250 2344 1291 mos
2372 1248 2591 1308 propter
2619 1242 3007 1314 benignitatem
3037 1261 3261 1307 ventura
3291 1255 3649 1323 praadicentis.

2095 1324 2250 1380 Nunc
2289 1328 2463 1383 minas
2496 1329 2758 1401 intendit,
2812 1344 2872 1389 ut
2901 1337 3035 1393 diris
3066 1346 3372 1409 perterriti,
3410 1363 3505 1416 per
3538 1363 3653 1418 pa:-

2097 1419 2383 1472 nitentiam
2415 1431 2469 1476 et
2512 1425 2816 1480 animorum
2860 1432 3269 1488 conversionem
3317 1437 3653 1494 imminentia

2097 1509 2198 1562 sibi
2233 1512 2373 1565 mala
2399 1523 2684 1583 avertant;
2716 1533 2861 1572 nunc
2884 1530 3061 1575 autem
3092 1524 3229 1578 bona
3262 1530 3559 1596 promittit,
3593 1538 3653 1584 ut

2091 1600 2363 1667 justorum
2397 1608 2607 1662 animos
2649 1611 2929 1678 promissis
2973 1614 3287 1681 confirmet,
3334 1626 3386 1673 ct
3422 1620 3654 1691 ﬂagran-

2058 1676 2221 1744 'tiori
2249 1691 2303 1745 in
2335 1691 2501 1749 Deum
2549 1676 2728 1752 studio
2782 1701 3052 1756 incendat.
3097 1706 3165 1757 At
3213 1676 3358 1762 nulla
3414 1676 3648 1782 unquam

2098 1781 2212 1852 lege
2239 1784 2305 1839 ad
2332 1786 2448 1841 haec
2471 1789 2796 1858 perﬁcienda
2826 1795 3056 1864 cogitur.
3088 1795 3220 1851 Nam
3249 1801 3353 1855 illis
3383 1781 3652 1873 pomiten~

2099 1872 2226 1926 tiam
2256 1878 2540 1945 agentibus
2560 1918 2575 1944 ,
2611 1879 2748 1933 iram
2791 1883 2943 1950 ponit
2972 1900 2986 1949 ;
3016 1893 3069 1938 et
3102 1885 3185 1939 his
3208 1901 3238 1939 a
3268 1872 3414 1944 recta
3442 1892 3528 1945 via
3555 1893 3651 1947 deo

2094 1961 2468 2033 llectentibus,
2501 1968 2757 2036 praedicta
2785 1971 2924 2026 bona
2954 1988 3061 2027 non
3096 1974 3323 2047 largitur
3351 1999 3363 2032 :
3401 1980 3502 2050 ipsi
3547 1997 3650 2039 nos

2094 2061 2345 2110 auctores
2383 2072 2572 2115 sumus
2599 2058 2707 2115 Deo
2741 2066 3099 2131 praenuntiata
3130 2068 3269 2122 mala
3301 2069 3645 2128 immittendi.

2163 2229 2325 2289 Vens.
2350 2235 2435 2291 10.
2459 2236 2591 2303 Quae
2609 2255 2679 2295 an
2704 2257 2891 2312 reapse
2912 2246 3150 2312 perfecta
3170 2248 3279 2301 sint
3300 2259 3647 2318 qumrentcm,

2094 2324 2321 2381 historia
2350 2330 2691 2399 apertissime
2737 2335 2995 2391 docebit:
3038 2338 3271 2408 primum
3313 2356 3436 2395 cum
3475 2342 3649 2413 Cyrus

2090 2426 2143 2471 et
2171 2427 2295 2487 post
2326 2420 2470 2476 hunc
2498 2422 2692 2482 Darius
2731 2426 3034 2486 Jerusalem
3081 2431 3413 2499 aediﬁcaret;
3455 2433 3650 2490 deinde

2089 2509 2251 2563 etiam
2285 2526 2407 2566 cum
2451 2515 2777 2586 Alexander,
2821 2536 3031 2577 sacram
3083 2524 3334 2594 pompam
3380 2526 3646 2595 miratus,

2089 2612 2187 2665 pro
2217 2599 2356 2655 irato
2388 2605 2776 2661 amicissimum
2807 2624 2865 2664 se
2895 2611 3176 2680 pmberet.

2160 2687 2326 2750 Vens.
2367 2694 2452 2748 15.
2495 2696 2649 2763 Quod
2676 2700 2803 2753 olim
2831 2703 3044 2766 evenit,
3079 2709 3133 2757 et
3160 2718 3551 2775 nuncquoque
3583 2703 3651 2759 do

2090 2779 2346 2840 Ecclesiis
2388 2790 2783 2848 constituendis
2824 2794 3010 2861 valet;
3039 2795 3427 2866 quibusenim
3458 2797 3650 2853 unde-

2089 2894 2302 2949 quaque
2329 2893 2515 2951 gentes
2544 2887 2812 2955 primitias
2835 2887 3086 2944 atTerunt.

2159 2969 2323 3026 Vens.
2359 2971 2441 3025 17.
2480 2972 2779 3045 Episcopos
2802 2986 2960 3031 vocat
2983 2977 3262 3048 principes
3276 2977 3490 3048 populi,
3514 2991 3653 3046 quos

2088 3065 2142 3111 ct
2163 3059 2387 3129 justitiaa
2415 3061 2773 3120 inservituros
2804 3065 3153 3136 praedicebat.

2158 3234 2286 3291 CAP.
2329 3236 2477 3303 LXI,
2521 3237 2684 3295 Vens.
2735 3241 2818 3296 10.
2862 3240 2975 3296 Mos
3003 3250 3086 3298 est
3117 3242 3394 3313 prophetis
3416 3250 3648 3298 ventura

2087 3327 2542 3397 prospicientibus
2562 3370 2577 3396 ,
2606 3330 2672 3387 de
2708 3332 2943 3387 miseriis
2978 3332 3194 3403 quidem
3222 3334 3407 3406 lugere
3434 3343 3490 3390 et
3519 3349 3641 3389 con-

2086 3418 2325 3485 tristari,
2355 3420 2422 3475 de
2457 3420 2720 3477 bonorum
2767 3430 2947 3478 autem
2992 3426 3480 3495 contemplatione,
3528 3441 3653 3497 qua:

2085 3512 2285 3581 populo
2317 3514 2599 3580 nuntiant,
2641 3514 3187 3573 etiamsi_audientes
3219 3517 3379 3572 (idem
3411 3517 3649 3590 denega-

2084 3604 2281 3669 verint,
2317 3605 2487 3660 laetari
2516 3612 2570 3659 et
2599 3606 2792 3677 spiritu
2819 3608 3125 3673 exsultare,
3157 3616 3363 3666 certam
3389 3608 3651 3665 habentes

2085 3697 2189 3766 ipsi
2215 3713 2395 3753 rerum
2420 3698 2842 3770 signiticatarum
2867 3700 3139 3756 ﬁduciam.
3158 3700 3648 3773 —Prospectatum

2086 3790 2251 3862 igitur
2273 3790 2546 3847 Christum
2577 3792 2837 3863 propheta
2859 3833 2873 3858 ,
2904 3802 2963 3848 ut
2985 3794 3370 3849 vestimentum
3390 3835 3404 3857 ,
3434 3794 3648 3869 induit_;

2085 3884 2397 3956 quicunque
2445 3887 2585 3941 enim
2637 3887 2917 3942 Christum
2985 3886 3269 3953 induerit,
3320 3887 3650 3942 vestimento

2086 3972 2276 4027 salutis
2301 3974 2532 4030 vestitus
2558 3982 2674 4041 est,
2702 3990 2810 4045 quo
2847 3977 3008 4030 etiam
3055 3984 3300 4030 sanctam
3349 3992 3502 4033 suam
3548 3974 3651 4030 Ec-

2085 4064 2310 4119 clesiam
2358 4074 2608 4122 exornat.
2667 4067 2745 4122 Ac
2792 4067 2983 4122 iisdem
3038 4066 3324 4123 affectibus
3369 4076 3650 4137 permotus

2085 4154 2284 4223 quibus
2324 4172 2560 4227 Sponsus
2608 4158 2663 4211 in
2713 4173 2971 4227 sponsam
3021 4168 3289 4221 movetur,
3328 4157 3522 4226 spiritu
3559 4158 3651 4212 la:-

2086 4253 2231 4302 tatur
2258 4254 2314 4302 et
2361 4249 2629 4315 exsultat,
2680 4246 2824 4302 haud
2864 4263 3023 4303 secus
3063 4262 3127 4303 ac
3167 4249 3214 4303 si
3263 4263 3387 4302 cum
3427 4248 3650 4304 Christo

2085 4338 2522 4409 conjungeretur,
2546 4337 3111 4410 Christumjnduisset
3129 4379 3144 4404 ,
3173 4347 3226 4393 et
3254 4338 3495 4393 tunicam
3523 4351 3647 4393 eum

2086 4428 2362 4484 habuisset
2391 4429 2605 4483 lmtitiaa.

499 4500 636 4564 Τοὺς
664 4505 1073 4573 σπερματικοὺς
1113 4505 1302 4575 λόγους
1338 4510 1609 4581 σημαίνει,
1640 4529 1765 4576 τους
1800 4515 1985 4585 ῶσπερ

2160 4519 2329 4576 Vens.
2369 4522 2456 4575 11.
2502 4518 2804 4576 Seminales
2847 4533 3128 4574 sermones
3172 4518 3408 4574 intendit
3451 4517 3649 4573 animis

428 4595 484 4646 ἐν
507 4597 576 4665 γῇ
609 4598 673 4666 τῇ
691 4594 834 4667 ψυχῇ
862 4596 1336 4667 ἐναποκειμένους,
1357 4603 1538 4667 καὶὼς
1561 4605 1734 4675 κῆπον
1759 4606 1987 4670 αὔξοντα

425 4686 495 4740 τὰ
519 4687 576 4739 ἐν
605 4685 751 4757 αὐτῷ
782 4687 1088 4759 σπέρματα,
1116 4693 1209 4743 καὶ
1238 4695 1337 4745 οὐκ
1372 4694 1571 4760 ἔξωθεν
1606 4697 1726 4749 ούδέ
1756 4697 1985 4769 ἀλλαχό-

428 4778 518 4833 θεν
551 4780 941 4852 ἐπεισφέροντα
964 4782 1273 4852 σπέρματα,
1306 4785 1420 4839 ἀλλ’
1454 4787 1593 4843 ὥστε
1630 4789 1733 4859 γῆν
1762 4789 1985 4859 ἔχουσαν

426 4871 581 4940 λόγον
611 4872 705 4925 καὶ
717 4873 1061 4929 ὁδοποιοῦσαν
1085 4878 1163 4940 είς
1188 4878 1418 4946 Χριστόν
1437 4894 1449 4906 ·
1473 4879 1661 4951 ῶσπερ
1683 4883 1740 4933 ἐν
1774 4880 1984 4953 σώματι

424 4963 689 5035 ὀφθαλμοὶ
728 4966 1042 5035 συγγένειαν
1079 4966 1258 5038 ἔχουσι
1291 4970 1425 5040 πρὸς
1468 4970 1528 5024 τὸ
1567 4972 1700 5041 φῶς,
1735 4973 1829 5026 καὶ
1854 4975 1983 5028 ἁνα-

423 5057 696 5121 τείλαντος
750 5057 901 5128 ἡλίου
931 5058 1130 5122 εὐθέως
1162 5059 1222 5113 τὸ
1268 5062 1523 5129 συγγενὲς
1546 5063 1782 5134 ὁρῶμεν,
1820 5063 1982 5132 οὕτω,

424 5148 517 5204 τοῦ
544 5149 790 5220 Σωτῆρος
821 5152 852 5221 ή
863 5150 976 5220 μῶν
1008 5151 1429 5221 ἐπιλάμψαντος,
1462 5152 1560 5225 τὴν
1597 5156 1984 5229 κεκρυμμένην

424 5243 483 5296 ἐν
502 5245 632 5313 ἡμῖν
657 5245 1064 5316 ἐπιτηδειότητα
1083 5246 1216 5317 πρὸς
1230 5246 1570 5319 δικαιοσύνην
1594 5248 1982 5321 ἐκλάμψωμεν,

423 5334 487 5390 τὸ
521 5337 791 5391 σκοτεινὸν
836 5336 1162 5407 ἀποθέμενοι
1232 5338 1331 5408 τῆς
1368 5339 1544 5411 ψυχῆς
1590 5336 1747 5411 ἦθος,
1801 5343 1986 5411 Ἀγαλ-

424 5422 600 5477 λίασιν
635 5426 691 5478 δὲ
732 5425 879 5495 λέγει
915 5425 1141 5480 ἐνώπιον
1198 5427 1306 5482 τῶν
1352 5429 1520 5483 ἐθνῶν
1563 5431 1978 5503 ἐξαπλούμενος.

495 5515 600 5570 Τοῦ
632 5520 906 5589 προφήτου
939 5518 1077 5573 κατὰ
1105 5519 1279 5591 ψυχὴν
1322 5522 1657 5586 ἐστιαθέντος
1697 5522 1782 5576 διὰ
1816 5524 1881 5578 τὰ
1906 5525 1984 5595 τῷ

423 5607 537 5679 λαῷ
576 5610 1005 5679 ἐπαγγελθέντα·
1063 5615 1123 5665 οὐ
1172 5613 1278 5684 μὴν
1311 5614 1447 5667 ἀλλὰ
1489 5614 1580 5668 καὶ
1613 5617 1817 5673 τούτων
1850 5619 1984 5687 ἀμε-

422 5698 654 5757 λούντων
694 5702 791 5774 τὴν
818 5704 896 5768 είς
922 5704 989 5758 τὰ
1015 5704 1142 5774 ἔθνη
1193 5706 1503 5774 φθάνουσαν.
1538 5710 1694 5780 χάριν
1749 5728 1985 5781 προανα-

428 5795 789 5866 φωνήσαντος,
826 5795 1130 5860 ἀκολούθως
1163 5797 1278 5851 οὐδὲ
1313 5801 1411 5870 τῆς
1441 5800 1575 5856 Σιὼν
1610 5803 1981 5873 ἐπιμελεῖσθαί

2089 4608 2235 4664 velut
2263 4616 2423 4664 terra:
2451 4609 2774 4665 commissos
2801 4624 2816 4673 ;
2846 4617 2900 4662 et
2936 4622 3060 4662 cum
3104 4607 3264 4661 horto
3305 4607 3533 4663 collatos
3564 4622 3650 4662 se-

2087 4701 2230 4755 mina
2259 4716 2358 4756 sua
2391 4700 2683 4765 ell'erente,
2716 4716 2828 4755 non
2877 4699 3089 4755 exotica
3131 4707 3224 4753 aut
3267 4698 3440 4755 aliena
3487 4696 3648 4752 indu-

2085 4802 2282 4859 cente;
2318 4809 2440 4848 cum
2468 4801 2613 4848 terra
2640 4792 2856 4848 ratione
2882 4792 3103 4863 praedita
3134 4798 3187 4846 et
3221 4792 3362 4845 viam
3392 4791 3458 4847 ad
3489 4790 3646 4844 Chri-

2085 4895 2229 4941 stum
2277 4883 2652 4955 patel‘aciente.
2701 4883 2820 4949 Quo
2869 4883 3009 4936 enim
3062 4881 3220 4935 modo
3265 4882 3409 4936 oculi
3458 4880 3647 4935 intima

2086 4977 2408 5046 cognatione
2450 4990 2573 5028 cum
2617 4975 2738 5028 luce
2778 4973 3294 5043 coniungunturLet
3346 4980 3469 5026 orto
3498 4972 3645 5035 sole,

2085 5067 2268 5123 statim
2311 5066 2425 5120 haec
2456 5066 2708 5135 cognatio
2755 5071 3008 5134 apparet,
3054 5066 3125 5118 ita
3168 5064 3505 5118 illuminante
3543 5078 3644 5118 nos

2086 5159 2399 5226 Salvatore,
2452 5158 2757 5214 tenebrosis
2798 5158 2993 5211 anima:
3028 5158 3271 5213 moribus
3321 5157 3643 5222 illustratis,

2086 5250 2391 5322 splendebit
2437 5251 2490 5303 in
2531 5247 2691 5304 nobis
2720 5249 2894 5303 latens
2939 5248 3005 5302 ad
3054 5247 3324 5317 justitiam
3371 5246 3641 5302 habilitas.

2086 5341 2514 5397 Exsultationem
2540 5337 2673 5392 dicit
2702 5353 2761 5393 se
2793 5337 2845 5390 in
2875 5344 3169 5404 conspectu
3198 5334 3437 5405 gentium
3468 5333 3646 5387 multi-

2085 5435 2425 5505 plicaturum.

2153 5528 2281 5582 CAP.
2334 5521 2514 5587 LXII,
2543 5522 2706 5576 Vens.
2744 5521 2795 5573 1.
2840 5518 3043 5589 Spiritu
3091 5518 3331 5573 exsultat
3381 5516 3645 5586 propheta

2084 5625 2304 5689 propter
2334 5617 2475 5671 bona
2504 5614 2705 5685 populo
2756 5610 3078 5667 denuntiata
3106 5628 3120 5677 ;
3156 5609 3405 5680 praedicit
3458 5608 3643 5678 profe-

2085 5722 2173 5767 cto
2196 5712 2277 5766 vel
2305 5710 2491 5764 invitis
2507 5706 2766 5762 lsraelitis
2794 5704 3019 5774 gratiam
3051 5719 3081 5757 a
3109 5702 3216 5758 Deo
3237 5701 3289 5755 in
3314 5707 3504 5772 gentes
3541 5699 3646 5755 dif-

2090 5803 2442 5869 fundendam,
2474 5799 2734 5873 non‘ideo
2759 5806 2936 5853 tamen
2962 5795 3096 5852 Sion
3121 5794 3517 5867 negligendam,
3552 5801 3646 5846 aut
