4138 6430
468 379 604 434 1⁸5³37

1623 369 1972 428 THEODORI
2008 364 2524 424 HERACLEENSIS

3561 356 3697 412 1568

467 489 951 560 derelinquendam
1014 485 1366 553 Jerusalem;
1435 501 1548 541 nazc
1599 494 1783 541 autem
1832 484 2034 540 illumi-

2142 500 2319 554 φησιν,
2350 481 2472 536 οὐδὲ
2517 480 2616 552 τὴν
2676 475 3028 551 Ἰερουσαλὴμ
3077 476 3294 531 ὲακενα.
3345 472 3510 542 λέγει,
3560 471 3697 528 ἀλλά

465 585 648 640 nanda
695 591 812 639 erat
843 581 911 636 ab
941 596 1006 636 eo
1031 579 1268 652 [propter
1290 577 1475 634 divina
1515 578 1584 634 de
1636 579 1753 650 ipsa
1780 578 2031 644 consilia,

465 686 521 734 et
565 678 708 732 dona
755 674 857 745 ipsi
912 674 1126 744 largita.
1168 671 1380 728 Etenim
1433 672 1853 742 properantibus
1893 686 2032 740 apo-

466 766 623 821 stolis
669 764 1029 835 Evangelium
1070 764 1326 834 gentibus
1369 762 1667 834 praedicare
1710 763 1876 832 jussit
1911 764 2034 820 Sal-

464 865 644 923 vator,
661 864 721 912 ut
750 856 817 911 ad
845 870 977 912 oves
1012 857 1169 929 prius
1202 856 1361 920 irent,
1389 870 1510 919 qua;
1538 855 1818 924 perierunt
1839 857 2034 912 domus

467 947 636 1004 Israel
665 949 732 1002 ".

538 1126 704 1184 Vens.
733 1127 787 1182 2.
844 1125 1050 1181 Nomen
1082 1140 1280 1182 novum
1312 1124 1514 1179 dicitur
1544 1139 1738 1179 nomen
1771 1124 2037 1182 Christia-

469 1237 717 1286 norum;
763 1221 964 1290 saepius
1013 1219 1152 1272 idem
1213 1217 1414 1272 innuit.
1469 1215 1680 1272 Etenim
1730 1217 2038 1288 baptizatus

467 1314 744 1384 baptismo
774 1311 991 1374 salutis,
1038 1317 1297 1364 renovata
1349 1315 1462 1364 tota
1502 1309 1677 1380 ipsius
1700 1309 2035 1378 conditione,

470 1421 616 1461 novo
663 1419 879 1475 quoque
914 1403 1138 1458 nomine
1170 1409 1401 1457 vocatur
1436 1402 1632 1457 ﬁdelis.
1686 1401 1910 1458 Iudaeus
1937 1417 2039 1458 no-

471 1517 598 1556 vum
641 1499 776 1554 illud
824 1512 1023 1554 nomen
1077 1497 1382 1568 impugnat.
1443 1495 1596 1552 Dicat
1643 1498 1850 1569 igitur,
1881 1497 2040 1567 juxta

469 1593 622 1648 Isaiae
647 1591 986 1662 prophetiam
1011 1629 1026 1655 ,
1080 1607 1281 1646 novum
1319 1606 1516 1646 nomen
1546 1592 1708 1662 quale
1740 1590 1844 1647 sibi
1873 1591 2041 1646 fuerit

470 1683 806 1753 impositum.
841 1682 910 1737 At
938 1697 1046 1736 non
1092 1681 1256 1738 habet
1289 1683 1435 1754 quod
1464 1682 1688 1739 indicet.
1722 1682 1914 1739 Restat
1939 1683 2041 1754 igi-

468 1782 561 1828 tur
597 1781 658 1829 ut
713 1789 910 1830 nomen
971 1773 1106 1828 illud
1152 1773 1591 1830 Christianorum
1627 1791 1825 1831 nomen
1879 1777 1969 1841 sit,
2008 1789 2037 1829 a

467 1864 690 1923 Christo
722 1865 1096 1935 desumptum,
1123 1867 1269 1936 quod
1295 1866 1412 1937 ipse
1444 1866 1602 1922 nobis
1636 1866 1901 1922 Dominus
1933 1866 2037 1921 im-

469 1957 683 2028 posuit,
725 1967 912 2029 gentes
945 1959 1165 2014 nomine
1200 1975 1300 2014 suo
1329 1959 1648 2016 nobilitans.

548 2047 706 2107 Vens.
738 2051 792 2106 ὅ.
827 2050 906 2106 Ex
937 2051 1105 2108 variis
1135 2050 1361 2108 ﬁoribus
1417 2063 1563 2110 serta
1594 2069 1798 2111 corona
1824 2062 1879 2111 et
1919 2054 2036 2110 dia-

469 2141 624 2195 dema
659 2143 812 2213 regni
883 2151 1085 2199 coetum
1136 2145 1506 2215 apostolorum
1572 2146 1894 2218 designant,
1939 2147 2034 2219 qui

468 2231 836 2289 Ecclesiarum
885 2234 1163 2306 principes
1203 2235 1426 2292 fuerunt
1455 2245 1509 2292 et
1537 2237 1699 2293 simul
1728 2252 1928 2306 genere
1956 2237 2034 2292 Is-

471 2325 942 2396 raelitaa;quibus
991 2343 1191 2384 novum
1225 2346 1424 2386 nomen
1481 2340 1605 2402 apte
1651 2333 2032 2396 conveniebat,

472 2433 596 2473 cum
649 2432 939 2475 commune
969 2435 1141 2492 genus
1182 2437 1306 2477 cum
1334 2423 1404 2480 iis
1435 2423 1720 2480 haberent.

541 2509 708 2568 Vens.
739 2513 792 2567 4.
831 2511 1096 2570 Voluntas
1124 2525 1390 2571 vocantur
1444 2519 1537 2587 qui
1571 2517 1666 2572 Dei
1699 2518 2034 2574 voluntatem

473 2600 715 2671 faciunt;
751 2619 848 2659 vos
904 2614 958 2660 et
1002 2607 1229 2679 diligere
1285 2608 1525 2676 dicitur,
1582 2609 1727 2665 sicut
1781 2609 2036 2665 habitans

467 2696 685 2765 juvenis
717 2711 839 2751 cum
895 2698 1124 2769 virgine.
1173 2699 1288 2756 Hoc
1323 2718 1453 2757 vero
1507 2718 1615 2757 non
1659 2712 1992 2760 marcentem
2020 2743 2035 2769 ,

473 2790 567 2844 sed
617 2788 898 2845 ﬂorentem
925 2792 1296 2847 conditionem
1345 2794 1667 2864 designans;
1701 2810 1826 2850 nam
1880 2811 2040 2867 spon-

473 2898 568 2936 sus
591 2897 847 2951 sponsam
879 2883 1291 2939 cohabitatione
1325 2889 1581 2956 protegit.

542 2972 710 3028 Vens.
744 2973 796 3028 6.
828 2972 1158 3030 Hodiernam
1197 2975 1564 3032 Ecclesiarum
1595 2980 2039 3038 constitutionem

474 3065 902 3136 indicat;populo
923 3074 1037 3120 tota
1053 3066 1141 3122 die
1159 3075 1214 3124 et
1236 3077 1348 3124 tota
1364 3079 1525 3126 nocte
1553 3073 1808 3129 mandata
1837 3073 1931 3131 Dei
1945 3090 2011 3130 cu
2025 3105 2042 3119 ο

475 3157 773 3226 stodiente;
808 3163 922 3215 tota
949 3167 1108 3216 nocte
1139 3160 1460 3220 docentibus
1489 3164 1820 3235 presbyteris
1856 3184 2040 3224 veram
2071 3195 2112 3252 ο

472 3251 542 3307 de
570 3251 682 3307 Deo
703 3251 1006 3309 doctrinam
1023 3293 1041 3320 ,
1073 3268 1136 3310 ac
1158 3253 1252 3310 Dei
1279 3255 1469 3313 laudes
1489 3265 1543 3314 et
1567 3262 1884 3316 memoriam
1906 3263 2046 3318 cele—

473 3343 787 3398 brantibus.

542 3436 674 3491 CAP.
696 3435 878 3500 LXIII,
902 3435 1070 3492 Vens.
1111 3437 1162 3492 ἰ.
1195 3435 1360 3491 Edom
1385 3445 1545 3492 vocat
1583 3437 1723 3496 ﬁlios
1747 3439 1911 3510 Esau;
1943 3441 2048 3497 Bo-

475 3541 570 3582 soz
593 3526 676 3582 vel
707 3524 877 3582 Bosra
911 3527 1110 3582 dicitur
1141 3542 1270 3582 caro
1295 3526 1428 3599 (15).
1453 3527 1550 3584 Vir
1584 3531 1751 3600 igitur
1778 3531 1882 3588 iste
1920 3547 2042 3588 cum

474 3618 793 3675 fortitudine
845 3630 899 3675 et
963 3619 1223 3675 violentia
1296 3621 1584 3676 vobiscum
1629 3622 1783 3692 justo
1833 3624 2044 3680 calculo

474 3710 729 3782 litigabit,
779 3727 973 3782 pmnas
1026 3727 1056 3766 a
1116 3711 1272 3769 vobis
1330 3723 1606 3784 repetens.
1648 3712 1850 3786 Litigat
1901 3715 2046 3773 Deus

474 3800 621 3856 enim
651 3815 775 3855 cum
822 3800 1159 3864 hominibus,
1214 3803 1436 3872 quando
1467 3811 1629 3858 vocat
1667 3819 1764 3860 eos
1791 3805 1846 3859 in
1892 3804 2045 3875 judi-

477 3891 646 3953 cium,
681 3898 743 3946 ut
788 3890 983 3947 doceat
1013 3908 1073 3948 se
1111 3893 1351 3964 legitima
1397 3896 1639 3951 vindicta
1669 3897 1772 3963 uti,
1815 3912 1920 3953 nos
1948 3913 2046 3952 au-

473 3989 585 4037 tem
619 3983 726 4054 ipsi
773 3992 1027 4041 auctores
1059 4000 1184 4041 esse
1229 3987 1500 4058 supplicia
1529 3988 1584 4042 in
1623 4003 1724 4045 nos
1755 3987 2042 4046 inferendi.

475 4071 610 4128 Nam
637 4114 652 4140 ,
688 4075 770 4131 vel
819 4075 1115 4132 vindictam
1151 4077 1376 4149 exigens
1407 4119 1422 4144 ,
1480 4080 1666 4135 omnia
1713 4082 1780 4137 ad
1813 4082 2044 4139 salutem

475 4167 638 4223 nobis
671 4169 1071 4240 procurandam
1117 4171 1288 4236 facit,
1321 4179 1436 4227 uta
1469 4175 1713 4245 peccatis
1744 4191 2045 4241 cessemus,

475 4267 538 4314 ut
570 4261 947 4331 paenitentiam
977 4271 1204 4334 agentes
1250 4264 1549 4330 salvemur,
1585 4273 1682 4320 aut
1717 4266 2047 4322 mundemur

473 4368 760 4424 poenarum
789 4354 1018 4427 judicio.
1048 4356 1118 4411 Et
1140 4358 1299 4425 paulo
1329 4368 1447 4428 post
1467 4375 1486 4412 :
1517 4359 1657 4416 Vere
1686 4361 2048 4418 admiratione

476 4448 774 4516 stupebunt
797 4449 1112 4519 spirituales
1133 4451 1369 4508 virtutes
1391 4492 1405 4518 ,
1429 4467 1554 4507 cum
1581 4453 1845 4510 videbunt
1873 4454 2043 4511 Deum

2136 576 2231 630 καὶ
2259 572 2463 644 ταύτην
2489 567 3035 640 καταυγασθήσεσθαι
3073 567 3164 619 ὑπ’
3198 562 3358 618 αὐτοῦ
3387 563 3474 616 διά
3509 580 3569 615 τε
3595 563 3696 632 τὴν

2135 660 2273 733 πρὸς
2303 657 2470 730 αὐτὴν
2508 656 2710 711 ἀνωθεν
2743 653 2924 725 σχέσιν
2948 651 3042 707 καὶ
3079 651 3166 706 διὰ
3206 650 3272 703 τὰ
3301 648 3520 703 δοθέντα
3558 647 3693 718 αὐτῇ

2137 749 2342 821 σεμνάο
2374 747 2469 802 καὶ
2514 745 2622 818 γὰρ
2652 743 2761 796 τῶν
2791 741 3100 796 ἀποστόλων
3140 739 3470 795 σπευδόντων
3501 737 3582 800 εἰς
3625 735 3695 789 τά

2134 842 2261 913 ἔθνη
2295 841 2356 893 τὺ
2389 840 2648 910 κήρυγμα
2679 836 2986 904 ἐξαγαγεῖν,
3014 837 3042 888 6
3090 833 3278 904 Σωτὴρ
3314 833 3572 903 πρότερον
3599 831 3696 883 αύ-

2133 935 2261 998 τοὺς
2303 932 2573 985 ποιεῖσθαι
2613 930 2675 982 τὸ
2717 930 2979 1000 κήρυγμα
3017 925 3410 1000 παρεκελεύετο
3448 923 3583 995 πρὸς
3626 922 3694 975 τά

2135 1024 2382 1097 πρόϐατα
2416 1023 2483 1076 τὰ
2513 1022 2821 1077 ἀπολωλότα
2849 1021 2994 1073 οἴκου
3038 1018 3272 1092 Ἰσραήλ.

2209 1120 2416 1188 Ὀνομα
2449 1115 2630 1169 καινὸν
2672 1114 2887 1182 λέγεται
2921 1112 2980 1165 τὸ
3007 1111 3162 1182 ἡμῶν
3189 1110 3296 1164 τῶν
3323 1107 3656 1180 Χριστιανῶν
3675 1124 3691 1137 ·

2136 1209 2418 1280 πολλαχῶς
2462 1209 2518 1261 δὲ
2547 1207 2704 1260 τοῦτο
2750 1208 2980 1260 νοεῖταιο
3030 1203 3125 1257 καὶ
3165 1202 3271 1273 γὰρ
3314 1203 3343 1255 6
3381 1200 3697 1271 βαπτισθεὶς

2138 1305 2420 1376 βάπτισμα
2465 1302 2726 1372 σωτήριον
2768 1299 2936 1370 δνομα
2997 1296 3182 1367 ἕτερον
3231 1293 3593 1366 ὀνομάζεται,
3669 1297 3699 1346 ὁ

2137 1401 2346 1464 πιστὸς,
2378 1396 2717 1453 ἀνακαίνισιν
2745 1393 3029 1464 δεχόμενος
3056 1390 3154 1461 τῆς
3178 1389 3304 1459 ὅλης
3333 1386 3497 1442 αὑτοῦ
3531 1404 3699 1440 κατα-

2139 1493 2402 1556 στάσεως.
2448 1489 2588 1542 Ἀλλ’
2617 1488 2645 1541 6
2686 1485 2934 1547 Ἰουδαῖος
2973 1481 3200 1554 μάχεται
3249 1480 3385 1552 πρὸς
3415 1479 3478 1533 τὸ
3513 1478 3698 1533 καινὸν

2137 1587 2294 1640 τοῦτο
2331 1586 2500 1657 ὖνομα
2523 1605 2535 1615 ·
2587 1586 2792 1639 εἰπάτω
2827 1583 3026 1645 τοίνυν,
3071 1578 3211 1634 κατὰ
3238 1577 3456 1630 Ἡσαΐου
3483 1591 3698 1646 προφη-

2136 1681 2307 1746 τείαν,
2351 1680 2522 1750 ῦνομα
2555 1677 2738 1732 καινὸν
2772 1673 3018 1728 ὲπιτεθὲν
3049 1669 3230 1742 αὐτῷ·
3283 1667 3396 1722 ἀλλ’
3445 1667 3544 1720 οὐκ
3587 1665 3697 1736 ἔχει

2138 1772 2337 1836 δεῖξαιο
2379 1771 2489 1842 ἄρα
2527 1770 2704 1823 τοίνυν
2750 1767 2810 1820 τὸ
2854 1763 3193 1838 Χριστιανῶν
3230 1763 3409 1824 ἐστιν,
3453 1757 3562 1813 ἀπὸ
3606 1757 3699 1811 τοῦ

2140 1863 2374 1937 Χριστοῦ
2404 1861 2824 1934 γνωριζόμενον,
2875 1859 2903 1912 ὃ
2955 1861 2983 1912 6
3024 1855 3227 1926 Κύριος
3267 1855 3398 1926 ἡμῖν
3436 1851 3698 1914 τέθεικεν,

2139 1956 2246 2010 ἀπὸ
2273 1955 2366 2009 τοῦ
2393 1955 2594 2008 οἰκείου
2627 1953 2889 2024 ὀνόματος
2915 1951 3191 2022 σεμνύνων
3212 1947 3282 2002 τὰ
3309 1947 3455 2018 ἔθνη.

2221 2050 2316 2103 Ἐκ
2361 2048 2631 2119 διαφόρων
2665 2044 2840 2101 ἀνθῶν
2890 2043 3133 2109 πλακεὶς,
3164 2041 3257 2096 καὶ
3280 2039 3515 2109 διάδημα
3553 2035 3699 2106 βασι-

2139 2141 2287 2206 λείας
2314 2141 2374 2194 τδ
2396 2142 2580 2211 τάγμα
2610 2138 2718 2192 τῶν
2747 2137 3056 2193 ἀποστόλων
3087 2134 3362 2206 τυγχάνει,
3393 2131 3440 2185 οἳ
3469 2129 3564 2185 καὶ
3593 2129 3703 2182 τῶν

2153 2235 2484 2306 Ἐκκλησιῶν
2511 2231 2884 2304 προήχθησαν,
2915 2231 3066 2294 ὄντες
3092 2227 3232 2283 κατά
3255 2225 3408 2296 γένος
3443 2223 3705 2295 Ἰσραηλῖ-

2141 2345 2252 2395 ται,
2283 2323 2364 2389 οἷς
2409 2325 2502 2378 καὶ
2531 2325 2740 2396 ἥρμοσε
2785 2323 2848 2376 τὸ
2875 2321 3046 2392 ὄνομα
3088 2318 3150 2372 τὸ
3186 2317 3393 2380 καινὸν,
3423 2313 3704 2368 κοινωνίαν

2141 2419 2322 2490 έχουσι
2353 2416 2489 2488 πρὸς
2519 2416 2581 2469 τὸ
2615 2415 2789 2484 γένος.

2209 2507 2432 2580 Θέλημα
2460 2506 2639 2560 τοίνυν
2673 2503 2959 2559 καλοῦνται
2991 2502 3039 2554 οί
3073 2501 3133 2554 τὸ
3163 2499 3374 2571 θέλημα
3415 2493 3584 2549 αὐτοῦ
3610 2511 3705 2546 πε-

2143 2602 2448 2673 ποιηκότες,
2476 2599 2570 2664 οὓς
2608 2600 2700 2653 καὶ
2730 2599 2946 2668 ἀγαπᾷν
2972 2595 3140 2664 λέγει,
3180 2593 3255 2658 ὡς
3291 2590 3552 2645 συνοικῶν
3585 2605 3706 2642 νεα-

2143 2695 2324 2757 νίσκος
2349 2691 2619 2764 παρθένῳ.
2649 2689 2819 2744 Τοῦτο
2843 2690 2899 2743 δὲ
2928 2690 2989 2742 οὐ
3037 2686 3241 2758 φθορὰν
3277 2684 3549 2756 σημαίνει,
3591 2681 3703 2735 ἀλλ’

2143 2786 2492 2857 ἀκμάζουσαν
2519 2785 2702 2856 σχέσιν
2721 2800 2734 2814 ⁸
2765 2782 2862 2836 καὶ
2891 2782 3000 2854 γὰρ
3020 2784 3177 2854 τηρεῖ
3202 2780 3260 2832 ὲν
3283 2777 3361 2850 τῷ
3394 2775 3707 2847 συνοικεσίῳ

2143 2878 2240 2950 τὴν
2269 2878 2556 2950 παρθένον.

2213 2971 2324 3042 Τὴν
2349 2969 2466 3024 νυνὶ
2507 2968 2839 3023 κατάστασιν
2885 2965 2994 3018 τῶν
3037 2961 3372 3034 Ἑκκλησιῶν
3421 2957 3705 3030 ἐμφαίνει·

2149 3061 2263 3133 μεθ’
2294 3060 2508 3131 ἡμέραν
2532 3076 2589 3111 τε
2613 3058 2707 3112 καὶ
2730 3056 2943 3128 νύκτωρ
2973 3052 3300 3125 μελετῶντος
3325 3047 3418 3102 τοῦ
3448 3045 3576 3100 λαοῦ
3608 3045 3708 3108 τὰς

2146 3153 2362 3216 ἐντολὰς
2392 3151 2485 3206 τοῦ
2512 3149 2645 3204 Θεοῦ
2667 3166 2682 3180 ο
2715 3146 3134 3202 ὲκδιδασκόντων
3168 3160 3225 3197 τε
3260 3141 3449 3210 ἱερέων
3479 3138 3549 3192 τὰ
3579 3152 3710 3208 περι

2145 3246 2278 3300 Θεοῦ
2307 3247 2373 3300 δι’
2405 3245 2534 3316 ὅλης
2569 3242 2782 3308 νυκτὸς,
2814 3239 3104 3296 αἰνούντων
3133 3237 3225 3291 τὸν
3257 3235 3460 3306 Κύριον
3487 3233 3582 3287 καὶ
3612 3233 3711 3287 αὺ-

2144 3339 2239 3393 τοῦ
2272 3336 2732 3410 μνημονευόντων.

2227 3430 2406 3502 Ἐδὼμ
2431 3429 2579 3498 λέγει
2609 3427 2737 3492 τοὺς
2761 3427 2910 3490 υἰοῦς
2952 3423 3144 3478 Ἠσαῦ.
3182 3421 3351 3493 Βοσὸρ
3371 3419 3428 3474 δὲ
3471 3419 3588 3490 ἦτοι
3615 3415 3712 3489 τὴν

2146 3525 2383 3598 Βόστραν
2421 3523 2568 3593 λέγει
2603 3523 2724 3576 καθ’
2771 3522 3052 3594 Ἑϐραίους
3094 3520 3290 3591 σάρκα.
3323 3509 3493 3580 Οὗτος
3533 3515 3710 3569 τοίνυν

2145 3619 2174 3671 ό
2211 3619 2381 3689 μέγας
2425 3621 2483 3671 ἐν
2533 3617 2676 3688 ἰσχύϊ
2707 3617 2800 3670 καὶ
2839 3615 3167 3684 ἀσύγκριτος
3214 3609 3531 3683 κριθήσεται
3576 3606 3713 3680 πρὸς

2146 3709 2341 3772 αὐτοὺς
2382 3706 2566 3778 δικαία
2608 3707 2791 3778 ψήφῳ,
2826 3705 2925 3776 τὴν
2959 3706 3078 3758 κατ’
3111 3702 3306 3766 αὐτοὺς
3347 3697 3711 3770 ποιησάμενοι·

2147 3799 2414 3854 ὲκδικίαν’
2467 3800 2562 3853 καὶ
2595 3800 2705 3870 γὰρ
2748 3781 2880 3860 Θεὸς
2923 3795 3057 3867 πρὸς
3103 3792 3421 3866 ἀνθρώπους
3472 3791 3711 3861 κρίνεται

2147 3892 2325 3946 καλῶν
2353 3893 2500 3964 ἡμᾶς
2531 3893 2610 3953 εἰς
2655 3891 2855 3963 κρίσιν,
2907 3889 2993 3942 ἴνα
3043 3887 3248 3958 διδάξῃ,
3297 3886 3380 3939 ὅτι
3412 3881 3574 3937 αὑτοῦ
3616 3882 3712 3952 μὲν

2145 3985 2328 4038 δικαία
2358 3986 2391 4056 ὴ
2420 3985 2624 4055 ἄμυνα,
2663 3984 2822 4054 ἡμεῖς
2850 3980 2907 4034 δὲ
2935 3979 3113 4034 αὐτῶν
3151 3977 3311 4032 αἴτιοι
3352 3975 3473 4030 καθ’
3505 3973 3713 4027 ἑαυτᾶν

2146 4076 2513 4148 ἐπισπώμενοι
2538 4076 2637 4148 τὴν
2679 4075 2833 4144 δίκην
2859 4090 2872 4103 ο
2930 4073 3090 4135 αὐτὸς
3145 4069 3254 4142 γὰρ
3285 4068 3378 4123 καὶ
3411 4068 3566 4139 δίκην
3615 4068 3712 4119 έπ-

2145 4176 2313 4242 άγων,
2347 4172 2488 4245 ὑπὲρ
2530 4171 2798 4244 σωτηρίας
2829 4169 2984 4241 ἡμῶν
3017 4167 3192 4221 πάντα
3231 4167 3390 4230 ποιεῖ,
3433 4162 3574 4235 ὑπὲρ
3616 4159 3710 4214 τοῦ

2147 4268 2238 4321 καὶ
2271 4265 2482 4320 παῦλαν
2519 4266 2666 4338 ἡμᾶς
2692 4263 2875 4317 λαϐεῖν
2902 4261 2994 4316 τοῦ
3048 4260 3402 4332 ἁμαρτάνειν,
3453 4257 3485 4329 ἢ
3544 4273 3708 4327 μετα-

2146 4359 2442 4430 νοήσαντας
2469 4354 2728 4426 σωθῆναι,
2764 4355 2796 4426 ἢ
2826 4353 3180 4424 κουφισθῆναι
3226 4354 3283 4405 ὲν
3312 4353 3375 4422 τῇ
3409 4349 3586 4422 κρίσει
3615 4349 3712 4419 τῆς

2146 4448 2434 4522 τιμωρίας.
2473 4447 2584 4501 Καὶ
2618 4447 2744 4516 μετ’
2783 4447 2974 4514 ὀλίγα·
3026 4442 3266 4514 Ἀληθῶς
3294 4441 3402 4514 γὰρ
3439 4439 3714 4511 θαύματος

474 4555 659 4602 suum,
694 4555 819 4594 cum
850 4555 1083 4611 corpore
1117 4541 1174 4596 in
1206 4541 1379 4598 cmlos
1409 4545 1796 4600 ascendentem
1817 4586 1832 4610 ,
1872 4555 1926 4601 et
1949 4563 2041 4602 ru-

2148 4542 2534 4614 ἐπεπλήρωντο
2575 4538 2672 4594 καὶ
2718 4540 2772 4593 αἰ
2817 4536 3004 4609 νοηταὶ
3043 4537 3334 4608 δυνάμεις,
3379 4533 3582 4606 ὁρῶσαι
3625 4531 3716 4585 τὸν

471 4630 689 4687 bentem
720 4633 1004 4703 sanguine,
1028 4640 1082 4688 et
1111 4635 1292 4689 crucis
1330 4634 1674 4706 Stigmatibus
1699 4637 2043 4706 transﬁxum;

473 4730 530 4777 et
561 4722 850 4778 victoriam
891 4724 958 4779 de
993 4731 1168 4780 morte
1196 4725 1464 4794 relatam;
1499 4734 1554 4782 et
1596 4728 1824 4798 gratiam
1867 4728 2046 4786 homi-

472 4817 636 4872 nibus
667 4817 952 4886 largitam;
985 4824 1040 4872 et
1076 4828 1422 4888 peccatorum
1466 4819 1866 4877 remissionem.
1907 4820 2042 4876 Nam

470 4910 786 4966 hominibus
847 4919 1068 4982 propter
1100 4922 1323 4982 peccata
1381 4930 1479 4970 sua
1522 4922 1699 4970 morte
1730 4916 2039 4981 damnatis,

474 5000 727 5056 Salvator
755 5014 943 5058 noster
971 5004 1088 5072 ipse
1135 5019 1234 5074 pro
1266 5005 1425 5062 nobis
1469 5016 1696 5061 mortem
1740 5007 1909 5062 subiit
1934 5046 1950 5070 ,
1977 5015 2040 5061 ut

470 5093 632 5149 nobis
689 5094 1153 5150 immortalitatem
1215 5104 1554 5164 operaretur.
1595 5094 1663 5148 Et
1696 5096 1856 5166 paulo
1885 5109 2040 5165 post:

471 5184 625 5250 Quod
659 5185 707 5240 si
748 5185 969 5256 angelos
1005 5187 1369 5243 exsultavisse
1419 5187 1659 5243 audieris
1683 5228 1698 5251 ,
1750 5187 1859 5242 noli
1916 5188 2040 5242 illos

470 5275 794 5346 ignorantiae
827 5292 1083 5349 arguere;
1119 5288 1386 5332 noverant
1416 5278 1559 5332 enim
1589 5276 1887 5334 Salvatoris
1908 5293 2043 5332 con-

471 5366 594 5421 silia
617 5382 684 5424 ex
713 5383 824 5439 quo
851 5369 907 5423 in
949 5376 1149 5424 terram
1192 5368 1451 5440 delapsus
1497 5383 1717 5424 carnem
1753 5369 1992 5439 suscepit
2022 5387 2036 5436 ;

511 5525 556 5556 “
575 5523 766 5581 Matth.
799 5543 834 5580 χ
884 5525 934 5580 6.

2149 4633 2357 4688 ἑαυτῶν
2397 4633 2528 4686 Θεὸν
2563 4633 2620 4684 ὲν
2661 4630 2870 4702 σώματι
2917 4631 2997 4693 εἰς
3041 4629 3300 4702 οὐρανοὺς
3352 4627 3570 4680 ἀνιόντα
3621 4625 3717 4678 καὶ

2148 4724 2385 4796 φέροντα
2427 4722 2488 4775 τὸ
2538 4720 2787 4793 ἐρύθημα
2835 4720 2928 4774 τοῦ
2983 4720 3212 4789 αἵματος
3242 4717 3334 4772 καὶ
3361 4715 3429 4770 τά
3474 4714 3718 4786 σύμϐολα

2146 4815 2240 4869 τοῦ
2271 4813 2527 4886 σταυροῦ,
2560 4817 2661 4885 τήν
2705 4831 2764 4867 τε
2811 4813 2950 4868 κατά
2987 4812 3081 4866 τοῦ
3123 4811 3354 4865 θανάτου
3400 4808 3577 4880 νίκην,
3624 4824 3719 4859 και

2145 4909 2245 4980 τὴν
2284 4907 2591 4980 ἀνθρώποις
2622 4905 2972 4978 χαρισθεῖσαν
2999 4905 3159 4977 χάριν
3197 4903 3290 4958 καὶ
3319 4901 3512 4972 ἄφεσιν
3539 4900 3719 4970 ἀμαρ-

2145 5002 2297 5056 τιῶν.
2331 5002 2452 5056 Τῶν
2478 5001 2587 5074 γὰρ
2624 4999 2924 5072 ἀνθρώπων
2968 4999 3109 5069 ὑπὲρ
3146 4997 3255 5051 τῶν
3283 4994 3500 5049 οἰκείων
3534 4993 3717 5063 ἀμαρ-

2146 5094 2409 5165 τημάτων
2458 5094 2686 5148 θάνατον
2734 5091 3186 5163 χρεωστούντων,
3237 5091 3265 5142 6
3316 5087 3507 5157 Σωτὴρ
3561 5084 3718 5156 ἡμῶν

2148 5186 2385 5257 ὑπῆλθεν
2434 5186 2596 5250 αὐτὸς
2639 5185 2732 5239 τὸν
2786 5184 3009 5238 θάνατον
3057 5181 3197 5252 ὑπὲρ
3244 5177 3427 5249 ἡμῶν,
3464 5176 3531 5229 ἵν’
3586 5178 3718 5246 ἡμῖν

2146 5278 2444 5333 ἀθανασίαν
2480 5277 2988 5350 πραγματεύσηται.
3025 5274 3134 5328 Kal
3164 5273 3290 5343 μετ’
3321 5271 3494 5340 ὀλίγα
3523 5283 3538 5300 ·
3572 5270 3636 5322 Εἰ
3660 5269 3718 5321 δὲ

2147 5369 2240 5422 ἐπὶ
2283 5368 2529 5437 ἀγγέλων
2573 5367 2792 5432 ἀκούοις
2853 5367 2928 5430 ὼς
2973 5363 3415 5436 ἒπαπορούντων,
3469 5360 3544 5432 μὴ
3574 5357 3719 5411 ὲκεί-

545 5683 655 5754 (ἔδ)
685 5682 841 5754 Hanc
878 5701 1064 5743 vocem
1103 5701 1212 5742 non
1239 5700 1446 5740 carnem
1467 5681 1792 5754 signiﬁcare,
1829 5683 1922 5740 sed
1941 5683 2152 5754 ﬁrmam
2185 5690 2345 5754 atque
2385 5683 2662 5747 munitam,
2696 5679 2821 5737 luce
2850 5677 3044 5752 probat
3062 5677 3268 5734 clarius
3297 5673 3356 5730 S.
3383 5672 3532 5730 Hier.
3565 5682 3717 5728 cum.

472 5753 530 5809 in
555 5751 645 5809 Is.
662 5753 756 5810 lilt.
792 5771 902 5810 xvn
