4138 6454
430 391 566 449 1569

1854 385 1916 440 ΙΝ
1957 384 2218 441 lSAlAM.

3533 388 3671 444 1570

433 527 540 574 νοις
570 507 1101 581 ἄγνοιαν“προσάγῃς
1121 522 1134 535 ⁸
1186 505 1403 577 ᾔδεισαν
1434 505 1544 577 γὰρ
1575 507 1643 563 τά
1681 508 1995 579 οἰκονομού-

2099 507 2191 564 sed
2216 488 2274 563 ἲθ
2306 501 2590 564 erudiendi
2629 511 2804 580 gratia
2838 522 2900 562 ac
2935 506 3169 564 docendi
3213 506 3328 564 haec
3354 507 3496 564 dicta
3519 519 3668 575 sunt,

431 617 569 673 μενα
619 599 722 654 ὑπὸ
754 599 848 652 τοῦ
881 598 1152 669 Σωτῆρος,
1189 596 1281 666 ἀφ’
1319 593 1378 651 οὗ
1429 599 1509 662 είς
1556 597 1760 668 κόσμον
1808 598 1995 670 ἐπιδη-

431 693 608 763 μήσας
639 689 818 762 σάρκα
847 689 1162 760 ἀνειλήφει·
1210 687 1346 744 ἀλλά
1372 688 1469 760 τὴν
1495 687 1634 744 εἶναι
1673 689 1994 759 όμμάτωσιν

428 783 521 836 καὶ
546 780 892 836 διδασκαλίαν
925 779 986 833 τὸ
1013 781 1262 852 πρᾶγμα,
1297 779 1382 834 ἵνα
1428 779 1627 852 μάθῃς,
1655 780 1735 834 ὅτι
1767 781 1860 833 καὶ
1888 781 1992 850 ἀγ-

426 875 573 943 γελοι
625 873 874 947 χαίρουσι
929 872 1022 926 ἐπὶ
1081 871 1355 945 σωτηρίᾳ,
1405 873 1498 926 καὶ
1548 872 1866 945 γεραίρουσι
1907 871 1999 925 τὸν

2090 609 2155 656 ut
2182 600 2367 656 discas
2398 597 2623 670 angelos
2647 614 2864 670 quoque
2888 598 2954 654 de
2987 599 3167 654 salute
3195 610 3384 654 nostra
3413 600 3669 671 gaudere,

2091 706 2155 747 ac
2188 689 2422 747 Domino
2462 692 2854 763 congratulari,
2881 699 2933 746 et
2958 692 3147 747 mirari
3183 692 3330 763 quod
3361 692 3506 749 Deus
3549 709 3673 765 pte--

2092 799 2197 840 nas
2233 783 2476 854 peccatis
2505 783 2716 840 nostris
2745 782 2960 840 debitas
2981 822 2997 848 ,
3029 784 3095 838 ad
3130 784 3304 840 salute
3330 799 3434 840 nos
3482 794 3535 840 et
3568 787 3674 839 im-

2089 875 2423 930 mortalitate
2498 874 2804 940 donandos,
2867 889 2967 944 pro
2996 877 3154 932 nobis
3176 877 3362 932 subire
3390 876 3640 932 voluerit.

426 966 726 1038 Δεσπότην,
769 964 864 1019 καὶ
902 963 1290 1036 θαυμάζουσιν,
1334 964 1415 1018 ὅτι
1440 966 1468 1017 6
1495 963 1627 1026 Θεὸς
1656 963 1912 1034 ἠνέσχετο
1946 963 2008 1016 τὸ
2043 966 2483 1038 χρεωστοὺμενον
2533 965 2844 1038 ἀνθρώποις
2897 968 2985 1023 διὰ
3053 968 3151 1034 τάς
3203 970 3380 1024 αὐτῶν
3429 986 3670 1042 παρανο-

431 1056 560 1126 μίας
593 1054 842 1110 ὑπελθεῖν
873 1055 1012 1126 ὑπὲρ
1041 1054 1242 1119 αὐτῶν,
1273 1057 1323 1109 ἵν
1374 1054 1559 1116 αὑτοῖς
1589 1053 1866 1124 σωτηρίαν
1911 1055 2222 1128 χαρίσηται,
2258 1058 2560 1113 ἀθανασίαν
2589 1060 2771 1123 αὑτοῖς
2797 1060 3184 1132 χαρισάμενος.

496 1150 665 1203 Πάλιν
709 1147 943 1208 ἐνταῦθα
983 1148 1046 1202 τὸ
1092 1149 1296 1218 ἄφατον
1343 1149 1439 1218 τῆς
1489 1147 1584 1201 τοῦ
1629 1147 1764 1200 Θεοῦ
1809 1147 1997 1217 φιλαν-

429 1241 671 1314 θρωπίας
721 1241 1074 1312 σημαίνεταιο
1110 1239 1232 1297 καθ’
1284 1240 1312 1293 ὃ
1356 1240 1628 1293 δείκνυται
1661 1240 1820 1304 αὑτὸς
1866 1241 1996 1311 ἡμῖν

430 1333 792 1405 παρεσχηκὼς
845 1334 939 1388 καὶ
993 1333 1055 1387 τὸ
1093 1329 1232 1387 εἶναι
1280 1331 1347 1386 δι’
1394 1331 1740 1403 ἀγαθότητα,
1794 1331 1889 1385 καὶ
1935 1331 1996 1384 τὸ

429 1425 694 1478 ἐλεεῖσθαι
743 1425 833 1479 διὰ
880 1424 1307 1497 φιλανθρωπίας,
1358 1423 1435 1487 ὡς
1491 1424 1634 1478 ίδίων
1678 1425 1996 1496 ποιημάτων

430 1513 905 1585 ἀντιποιούμενοςο
961 1513 1058 1568 καὶ
1109 1513 1230 1584 οὑχὶ
1276 1515 1404 1585 παρ’
1437 1513 1596 1569 ἄλλου
1649 1514 1797 1586 ήμᾶς
1838 1513 1994 1578 δεξά-

433 1623 591 1677 μενος
617 1606 820 1676 ἔλεγεν,
851 1625 870 1658 ι
902 1606 1013 1676 Οὑχ
1061 1607 1090 1660 6
1128 1605 1256 1670 λαός
1300 1606 1400 1678 μού
1449 1608 1564 1662 ἐστι
1598 1606 1765 1661 τέκνα
1798 1623 1934 1678 μους
1981 1625 2001 1660 ι

428 1698 720 1764 τουτέστιν,
737 1699 792 1750 Ἐ
799 1698 876 1769 μά
887 1697 1141 1765 ὑντες,είς
1153 1697 1317 1754 τέκνα
1333 1715 1432 1769 μου
1446 1697 1826 1770 λογισθήσεσθε
1847 1714 1859 1726 ·
1873 1697 2020 1770 ὲμοῦ-

429 1787 527 1860 τήν
547 1789 783 1843 διάθεσιν
803 1789 902 1860 τήν
932 1790 1006 1853 ὡς
1033 1789 1242 1854 τέκνοις
1261 1789 1614 1862 ὀφειλομένην
1644 1789 1719 1862 μὴ
1748 1788 2008 1844 ἀθετοῦν-

431 1897 542 1944 τος,
567 1883 615 1934 εί
641 1882 732 1934 καὶ
763 1881 916 1952 ὑμεῖς
945 1879 1258 1952 ἀγνώμονες
1285 1881 1413 1952 περὶ
1442 1881 1532 1934 τὸν
1565 1880 1772 1935 ἑαυτῶν
1797 1881 2007 1952 πατέρα

432 1973 742 2045 γεγένησθε.
760 1974 944 2028 Ταῦτα
967 1974 1021 2027 δὲ
1034 1973 1237 2046 ἥρμοζε
1255 1975 1381 2045 παρ’
1409 1975 1584 2028 αὑτῶν
1599 1974 1849 2044 λέγεσθαι
1870 1975 2008 2046 πρὸς

429 2066 521 2120 τὸν
535 2066 685 2129 Θεὸν,
703 2065 1084 2120 οίκειωθέντων
1111 2068 1189 2130 είς
1215 2065 1307 2119 τὸν
1327 2065 1435 2120 τῶν
1453 2065 1657 2120 τέκνων
1688 2065 2005 2134 κατάλογον.

2169 1152 2337 1208 Vens.
2356 1152 2408 1207 8.
2431 1151 2646 1208 Rursus
2660 1152 2750 1206 hic
2769 1151 3011 1207 declarat
3024 1167 3189 1223 quam
3211 1151 3585 1208 inenarrabilis
3599 1153 3670 1207 sit

2099 1245 2194 1302 Dei
2207 1245 2538 1317 benignitas.
2562 1243 2824 1299 Memorat
2839 1244 2984 1299 enim
3001 1259 3061 1299 se
3081 1243 3211 1298 olim
3231 1245 3396 1299 vitam
3411 1245 3568 1300 nobis
3581 1244 3670 1300 be-

2095 1334 2262 1402 nigne
2288 1341 2342 1388 et
2364 1331 2490 1389 dein
2523 1333 2741 1389 veniam
2778 1332 3210 1388 misericorditer
3244 1335 3531 1398 tribuisse,
3567 1350 3668 1391 nos

2097 1425 2253 1495 quasi
2276 1432 2558 1480 creaturas
2587 1439 2716 1480 suas
2749 1423 2854 1480 sibi
2873 1423 3181 1481 vindicans.
3219 1423 3333 1480 Nec
3353 1425 3420 1479 ab
3448 1425 3555 1480 alio
3570 1439 3670 1479 nos

2103 1515 2380 1586 accepisse
2416 1515 2780 1571 contendebat
2814 1532 2870 1568 ει
2893 1514 3086 1572 Nonne
3121 1517 3355 1587 populus
3387 1532 3540 1572 meus
3574 1516 3668 1571 ﬁlii

2103 1607 2264 1662 mei?»
2297 1606 2412 1663 Hoc
2431 1606 2645 1675 est,Mei
2665 1623 2792 1662 cum
2810 1608 3057 1679 sitis,pro
3076 1609 3201 1666 ﬁliis
3217 1609 3573 1676 babebimini;
3596 1607 3675 1664 af-

2103 1698 2250 1756 fectu
2275 1715 2374 1757 vos
2403 1701 2752 1772 complectar,
2777 1716 2886 1772 quo
2917 1702 3013 1758 filii
3044 1702 3301 1774 diligendi
3329 1712 3476 1769 sunt,
3507 1703 3668 1759 dum-

2102 1793 2266 1849 modo
2279 1809 2377 1850 vos
2403 1794 2457 1849 in
2481 1801 2692 1865 patrem
2717 1803 2958 1852 vestrum
2982 1803 3167 1868 gratos
3179 1796 3505 1852 exhibeatis.
3538 1797 3670 1863 Quae

2104 1892 2285 1941 autem
2309 1886 2378 1942 ab
2393 1886 2474 1942 eis
2492 1885 2600 1942 Deo
2619 1886 2849 1942 dicenda
2864 1888 3282 1954 crant,filiorum
3307 1889 3360 1944 in
3382 1903 3668 1944 numerum

2109 1980 2365 2049 receptis.

501 2177 669 2232 Πάλιν
687 2178 715 2231 6
751 2178 1032 2249 προφήτης
1059 2177 1156 2247 τῆς
1183 2176 1416 2248 σχέσεως
1461 2177 1561 2249 τῆς
1593 2164 1730 2249 πρὸς
1761 2178 1853 2234 τὸν
1875 2178 2000 2232 λαὸν

2173 2158 2341 2216 Vens.
2375 2159 2461 2216 ll.
2496 2160 2710 2217 Rursus
2749 2159 3098 2216 commendat
3147 2159 3412 2232 propheta
3441 2158 3666 2216 affectus

430 2265 526 2322 τοῦ
563 2269 697 2323 Θεοῦ
724 2268 1020 2340 γενομένης
1047 2269 1471 2341 ὑπομιμνήσκει,
1507 2271 1857 2342 μνημονεύων
1883 2270 1993 2324 τῶν

433 2359 494 2426 ἐξ
524 2359 718 2432 ἀρχῆς,
762 2361 854 2414 καὶ
891 2358 1078 2432 ῶσπερ
1109 2358 1304 2430 ὑποψιν
1351 2361 1532 2426 αὑτοῖς
1561 2362 1685 2430 ἄγει
1723 2360 1801 2433 τῷ
1831 2360 1992 2432 λόγῳ,

433 2451 502 2504 τά
531 2452 611 2516 είς
642 2452 767 2516 τοὺς
792 2451 1133 2522 πατριάρχας
1161 2451 1448 2522 γενόμενα.

515 2563 777 2618 Ἐνταῦθα
803 2566 832 2618 6
880 2565 1162 2638 προφήτης
1199 2565 1279 2628 είς
1324 2563 1423 2637 τὴν
1469 2565 1634 2636 εὐχὴν
1679 2563 1994 2636 μετατίθησι

432 2655 522 2711 τὸν
561 2657 738 2726 λόγον,
769 2657 862 2710 καὶ¹
908 2657 1004 2709 ἀπ’
1039 2655 1266 2728 οὐρανοῦ
1311 2657 1596 2729 γνωρίζειν
1630 2655 1762 2709 Θεὸν
1811 2655 1952 2719 ἀξιοῖ
1977 2670 1990 2683 ·

433 2752 528 2822 οὑχ
557 2751 631 2814 ὡς
661 2750 755 2804 τοῦ
783 2750 916 2804 Θεοῦ
943 2753 999 2805 ὲν
1029 2751 1277 2823 οὐρανοῖς
1297 2750 1735 2820 ἀποκλειομένου,
1772 2748 1866 2802 καὶ
1892 2749 1995 2811 ἓως

432 2846 536 2912 γῆς
568 2841 766 2912 φθάσαι
797 2841 872 2913 μὴ
910 2840 1231 2912 δυναμένων
1261 2840 1374 2894 ἀλλ’
1404 2841 1480 2904 ὡς
1524 2841 1826 2912 ἐγείροντος
1865 2856 1996 2910 φρο-

433 2935 649 3004 νήματα
682 2932 1167 2998 καταπεπτωκότα,
1196 2932 1291 2986 καὶ
1317 2933 1398 2996 είς
1441 2931 1546 3002 γῆν
1583 2931 1820 3002 ἓρποντα
1845 2971 1858 2994 ,
1907 2932 1992 2984 ἀν-

434 3026 654 3095 άγοντος
670 3027 747 3090 είς
762 3025 1040 3096 οὐρανοὺς,
1059 3025 1153 3078 καὶ
1178 3023 1578 3086 έκδιδάσκοντος
1603 3023 1766 3093 μηδὲν
1789 3025 1994 3094 γήϊνον,

437 3115 600 3186 μηδὲν
632 3115 886 3168 ταπεινὸν
921 3116 1058 3167 νοεῖν
1089 3112 1217 3184 περὶ
1255 3109 1389 3165 Θεοῦ
1409 3127 1422 3141 ο
1455 3109 1570 3165 ἀλλ’
1596 3110 1813 3175 εἰδέναι,
1847 3110 1922 3175 ὡς
1969 3113 1998 3165 6

437 3207 608 3278 μέγας
661 3206 806 3271 νοῦς,
853 3207 882 3258 6
927 3206 996 3260 τὰ
1051 3205 1225 3259 πάντα
1271 3203 1507 3274 συνέχων
1554 3202 1646 3256 καί⁸
1695 3202 1994 3274 κυϐερνῶν,

431 3299 598 3354 τᾶλλα
622 3298 836 3361 οίκείως
866 3297 1188 3370 γνωρίζεται
1218 3297 1311 3349 ἀπ’
1343 3294 1595 3367 οὐρανοῦ.

507 3390 640 3443 Οὐδὲ
671 3389 781 3460 γὰρ
823 3387 914 3441 τὸν
970 3387 1218 3460 Ἀϐραὰμ
1255 3388 1463 3458 είποιμι
1513 3385 1583 3440 τά
1627 3383 1722 3440 νῦν
1761 3385 1992 3456 πατέρα,

432 3484 531 3537 οὑκ
553 3481 876 3554 ἀρνούμενος
901 3481 992 3535 τὸν
1021 3480 1384 3552 πατριάρχην,
1419 3478 1532 3533 ἀλλ’
1580 3479 1656 3544 ὡς
1687 3478 1885 3550 μᾶλλον
1916 3477 1994 3550 τῷ
2019 3503 2060 3562 C

433 3574 550 3646 Θεῷ
575 3572 668 3626 τοῦ
703 3572 904 3643 πατρὸς
926 3572 1090 3642 ὄνομα
1111 3569 1459 3644 ἁρμόζοντος.

513 3689 572 3742 '0
615 3687 898 3759 προφήτης
942 3686 1116 3740 πάντα
1159 3684 1251 3738 ἐπὶ
1282 3684 1374 3738 τὸν
1413 3683 1544 3738 Θεὸν
1572 3683 1849 3756 ἀναφέρει,
1891 3683 1991 3756 οὐχ

433 3780 509 3844 ὡς
529 3777 620 3833 τοῦ
657 3777 788 3831 Θεοῦ
823 3778 996 3832 αἰτίου
1024 3779 1152 3848 ήμῖν
1179 3775 1461 3847 γινομένου
1509 3775 1602 3829 τοῦ
1635 3775 1989 3848 ἁμαρτάνειν,

434 3869 549 3925 ἀλλ’
579 3869 865 3934 ἐνδιδόντος
905 3869 1000 3922 καὶ
1039 3867 1446 3940 συγχωροῦντος
1478 3869 1660 3922 ἐκεῖνα
1705 3867 1990 3940 πράττειν,

433 3961 470 4015 ἃ
497 3962 562 4016 άν
590 3977 676 4025 τις
707 3959 955 4032 αἱρῆται·
992 3959 1068 4023 ὡς
1093 3960 1190 4032 τὴν
1243 3959 1340 4031 μὲν
1373 3959 1552 4013 αἰτίαν
1579 3959 1722 4030 ἔχειν
1755 3959 1815 4024 ἐξ
1837 3959 1993 4030 ἡμῶν

436 4052 528 4105 καὶ
562 4054 690 4124 παρ’
734 4051 910 4123 ήμῶν,
944 4051 1042 4124 τήν
1085 4051 1142 4105 δὲ
1187 4052 1462 4124 ἀναφορὰν
1490 4053 1584 4105 ἐπὶ
1610 4051 1701 4107 τὸν
1740 4051 1891 4106 Θεόν.
1924 4081 1996 4092 -

445 4143 534 4208 Ὠς
576 4142 1105 4212 ἐγκαταλειφθέντων
1134 4143 1335 4210 αὑτῶν,
1370 4144 1462 4198 καὶ
1493 4143 1566 4216 μὴ
1599 4143 1994 4215 ἀναστελλομέ-

435 4252 542 4289 νων
571 4233 661 4288 διὰ
689 4233 910 4304 πληγῶν
941 4231 1046 4288 τῶν
1077 4233 1398 4288 κωλυουσῶν
1431 4233 1503 4306 μὴ
1533 4233 1883 4305 ἁμαρτάνειν.

505 4433 624 4486 Τῶν
666 4431 772 4505 γὰρ
816 4433 1114 4506 Ἀσσυρίων
1157 4432 1503 4504 ἀφελομένων
1540 4431 1639 4497 τὰς
1672 4432 1854 4496 πόλεις
1897 4432 1998 4486 αὑ-

435 4524 542 4578 τῶν
575 4525 670 4577 καὶ⁹
715 4525 1125 4597 περικοψάντων
1157 4525 1255 4591 τάς
1283 4526 1541 4589 πλείστας
1582 4525 1786 4590 πόλεις,
1820 4526 2002 4580 ἀντοι-

437 4618 718 4688 κησάντων
746 4617 803 4670 δὲ
829 4617 953 4681 τοὺς
975 4617 1282 4684 Γοτθαίους,
1306 4619 1356 4672 οἳ
1384 4619 1477 4672 καὶ
1509 4619 1844 4690 Σαμαρεῖται
1874 4619 2005 4672 ὲκα-

435 4711 642 4774 λοῦντο,
677 4712 740 4763 ὲκ
786 4707 878 4762 τοῦ
922 4708 1084 4763 τόπου
1110 4710 1208 4781 τὴν
1243 4710 1626 4783 προσωνυμίαν
1669 4709 2000 4781 εἰληφότων·

2096 2250 2314 2308 Domini
2350 2253 2408 2308 in
2441 2254 2699 2324 populum
2729 2255 3015 2325 probatos,
3057 2268 3145 2310 res
3178 2252 3485 2324 praeteritas
3546 2265 3666 2305 me-

2097 2359 2349 2412 morans,
2373 2355 2426 2401 et
2453 2346 2612 2402 fidem
2657 2354 2718 2401 ut
2751 2347 2858 2402 sibi
2913 2345 3124 2415 faciat,
3179 2345 3336 2416 signa
3367 2342 3535 2400 refert
3568 2359 3668 2413 pa—

2094 2436 2467 2492 triarcharum
2503 2438 2680 2509 gratia
2706 2437 2874 2494 edita.

2163 2548 2422 2607 VensJS.
2455 2550 2554 2605 ilic
2582 2551 2840 2622 propheta
2861 2551 2926 2606 ad
2951 2566 3140 2622 preces
3156 2548 3479 2620 confugit,et
3498 2546 3666 2602 Deum

2093 2650 2287 2698 oratut
2315 2641 2381 2697 de
2410 2643 2550 2697 coelo
2580 2643 2896 2714 prospiciat.
2919 2643 3035 2697 Non
3064 2641 3314 2714 profecto
3342 2642 3497 2712 quasi
3527 2639 3671 2694 Deus

2094 2735 2152 2790 in
2217 2735 2372 2791 coelis
2432 2735 2830 2801 includeretur,
2867 2743 2922 2792 et
2979 2743 3182 2791 terram
3245 2748 3516 2804 occupare
3551 2747 3666 2785 non

2095 2833 2300 2895 posset,
2334 2823 2431 2881 sed
2465 2837 2527 2880 ut
2559 2825 2834 2883 demissas
2886 2834 3098 2882 mentes
3151 2825 3441 2891 relevaret,
3498 2830 3552 2879 et
3599 2822 3669 2877 ad

2095 2923 2302 2971 terram
2327 2917 2616 2989 depressas
2643 2917 2712 2974 ad
2763 2919 3010 2974 coelestia
3044 2919 3296 2988 erigeret,
3329 2931 3394 2972 ac
3449 2915 3671 2972 doceret

2097 3021 2192 3063 eos
2220 3008 2295 3062 nil
2327 3007 2553 3074 humile,
2597 3009 2675 3063 nil
2705 3009 2987 3081 indignum
3015 3011 3082 3066 de
3119 3009 3228 3066 Deo
3269 3025 3394 3066 esse
3429 3009 3671 3064 sentien-

2096 3097 2249 3165 dum,
2284 3098 2597 3155 habendum
2629 3115 2758 3155 vero
2791 3116 2903 3171 prae
2952 3101 3129 3156 oculis
3153 3141 3166 3164 ,
3221 3101 3364 3171 quod
3401 3106 3672 3171 praestans

2095 3187 2187 3242 illa
2211 3204 2366 3245 mens
2386 3205 2505 3260 qua:
2528 3197 2726 3244 cuncta
2761 3190 3004 3245 continet
3037 3199 3089 3244 et
3132 3191 3292 3260 regit,
3324 3189 3504 3243 omnia
3533 3202 3672 3259 quo-

2095 3297 2200 3351 que
2231 3297 2339 3337 uno
2372 3283 2567 3336 intuitu
2595 3283 2662 3338 de
2692 3283 2833 3338 cmlo
2856 3283 3170 3353 perspiciat.

2162 3371 2329 3429 Vens.
2360 3373 2448 3429 16.
2502 3374 2781 3429 Abraham
2831 3381 3043 3446 patrem
3084 3390 3236 3430 nunc
3286 3389 3398 3430 non
3432 3374 3663 3430 vocabo.

2095 3480 2207 3521 non
2251 3465 2399 3537 quod
2434 3467 2804 3537 patriarcham
2863 3483 3077 3540 negem,
3120 3469 3213 3525 sed
3255 3467 3404 3538 quod
3467 3481 3665 3523 nomen

2091 3557 2272 3614 Patris
2301 3560 2507 3615 rectius
2530 3559 2638 3615 Deo
2665 3556 2962 3616 convenit.

2157 3671 2326 3731 Vnus.
2355 3674 2444 3729 l7.
2491 3674 2704 3730 Cuncta
2743 3675 2810 3730 ad
2863 3673 3151 3730 Dominum
3201 3673 3471 3730 referente
3529 3688 3666 3745 pro.

2089 3763 2276 3835 pheta,
2312 3781 2380 3820 ne
2415 3773 2574 3836 putes
2602 3765 2768 3822 Deum
2792 3766 2954 3822 nobis
2994 3774 3276 3821 auctorem
3318 3777 3667 3835 peccatorum

2091 3872 2258 3926 esse;
2311 3857 2628 3912 facultatem
2657 3865 2871 3912 tantum
2909 3857 3177 3929 permittit
3213 3869 3267 3914 et
3299 3859 3549 3914 concedit
3580 3856 3658 3911 fa-

2092 3948 2296 4016 ciendi,
2332 3965 2452 4021 quae
2497 3949 2695 4022 cuique
2733 3951 2996 4007 libuerint
3030 3967 3043 4003 :
3076 3965 3244 4006 causa
3315 3950 3484 4022 igitur
3540 3965 3667 4022 pec—

2094 4041 2202 4096 cati
2232 4043 2288 4096 in
2320 4043 2481 4098 nobis
2511 4049 2564 4098 et
2595 4058 2624 4096 a
2652 4044 2831 4107 nobis,
2863 4042 2932 4098 ad
2963 4041 3130 4115 Deum
3163 4049 3343 4097 autem
3375 4041 3658 4097 referenda

2094 4134 2355 4203 peccandi
2441 4133 2693 4192 facultas.
2727 4165 2799 4176 —-
2849 4133 3015 4200 Quasi
3078 4133 3662 4204 comprehenderentur

2094 4226 2223 4297 ipsi,
2255 4233 2310 4281 et
2338 4226 2743 4283 calamitatibus
2774 4227 3233 4299 opprimerentur,
3272 4241 3341 4280 ne
3371 4234 3662 4296 peccarent

2098 4315 2549 4387 impedientibus.

2169 4425 2336 4483 Vens.
2385 4428 2470 4485 l9.
2530 4429 2772 4500 Assyriis
2815 4427 3029 4484 scilicet
3053 4428 3218 4485 urbes
3256 4436 3476 4485 nostras
3527 4426 3656 4482 diri-

2101 4517 2376 4587 pientibus
2405 4562 2421 4586 ,
2467 4527 2520 4575 et
2565 4520 2858 4590 plerasque
2899 4535 3088 4576 earum
3119 4519 3491 4576 evertentibus
3514 4559 3530 4583 ,
3566 4535 3665 4574 au-

2101 4605 2512 4681 ferentibusque
2547 4610 2614 4666 de
2643 4610 2820 4680 patria
2857 4610 3133 4676 Gothazos,
3182 4611 3274 4680 qui
3307 4617 3361 4666 et
3419 4610 3665 4666 Samari-

2101 4701 2217 4754 tani
2267 4709 2553 4766 vocantur,
2597 4703 2702 4758 loci
2762 4705 2982 4760 nomine
3009 4703 3305 4776 appellati;
3337 4718 3401 4758 ac
3451 4703 3668 4759 duabus

439 4802 600 4872 μόνον
643 4801 700 4854 δὲ
751 4798 844 4852 δύο
893 4800 1064 4870 ἥμισυ
1120 4800 1302 4870 φυλῶν
1348 4801 1799 4876 περιλειφθεισῶν
1841 4801 2000 4872 μέρος

2107 4799 2319 4846 tantum
2370 4794 2621 4850 tribubus
2673 4795 2731 4849 in
2763 4795 2960 4867 angulo
3008 4795 3434 4860 remanentibus,
3491 4798 3658 4851 sentit

437 4865 770 4962 κατεχόντων
823 4865 1031 4962 μικρὸν,
1081 4865 1446 4964 671mm!)ch
1489 4865 1664 4964 ἠξίου,
1719 4865 1860 4947 ὥστε
1910 4865 2000 4948 καὶ

2107 4883 2371 4953 propheta
2405 4901 2628 4955 parvam
2661 4886 2820 4940 istam
2841 4865 2857 4867 —
2878 4893 3085 4956 partem
3113 4925 3128 4951 ,
3190 4901 3353 4956 quam
3386 4885 3670 4956 possidere

435 4983 590 5037 τοῦτο
615 4983 643 5036 δ
670 4983 884 5036 ἐδόκουν
918 4982 1167 5053 κατέχειν
1195 4983 1608 5055 περιλειφθῆναι
1645 4985 1829 5049 αὑτοῖς
1872 4985 2007 5057 πρὸς

440 5075 659 5146 μνήμην
688 5075 785 5144 τῆς
811 5075 872 5139 ἐξ
896 5075 1066 5145 ἀρχῆς
1097 5091 1190 5128 σου
1220 5076 1299 5138 είς
1323 5074 1384 5128 τὸ
1408 5076 1562 5144 γένος
1593 5077 1891 5149 γενομένης
1919 5077 2007 5129 εὑ-

441 5167 690 5235 μενείας·
730 5165 802 5236 μή
846 5182 920 5235 πη
956 5164 1050 5218 καὶ
1084 5165 1272 5219 τούτου
1320 5167 1578 5237 ἀρθέντος
1609 5168 1900 5239 γενοίμεθα
1930 5169 2006 5234 ὡς

442 5257 515 5328 μή
547 5257 672 5322 λαός
704 5275 820 5322 σου,
854 5257 986 5329 μηδὲ
1015 5259 1445 5331 χρηματίσαντες
1480 5260 1639 5331 μερίς
1677 5277 1792 5315 σου.

512 5457 676 5513 Πάλιν
704 5457 978 5529 ἐμφαίνων
1017 5459 1046 5511 6
1079 5461 1379 5532 προφήτης,
1411 5460 1486 5524 ὡς
1526 5461 1586 5514 οὑ
1627 5462 1695 5515 δι’
1723 5462 2006 5517 ἀσθένειαν

439 5549 532 5601 τοῦ
561 5549 696 5605 Θεοῦ
733 5544 876 5604 οὗτοι
905 5551 1397 5623 ἐγκατελείφθησαν
1425 5553 1647 5607 τοιαῦτα
1675 5553 2002 5624 ὑποστῆναι,

441 5641 591 5711 παρά
621 5643 721 5714 τὴν
756 5643 936 5696 αὑτῶν
983 5643 1284 5716 μοχθηρίαν
1315 5647 1665 5717 ἁμαρτόντων
1695 5645 1790 5700 καὶ
1821 5663 2000 5717 παρα-

439 5731 749 5802 ὄεόηκότων
783 5735 882 5800 τὰς
909 5737 1148 5801 ἐντολὰς,
1179 5736 1449 5808 ἐξηγεῖται
1479 5739 1576 5810 τὴν
1612 5739 2004 5810 μεγαλειότητα

440 5823 526 5875 τοῦ
589 5825 754 5894 Θεοῦ,
807 5827 883 5892 ὡς
937 5829 1027 5881 καὶ
1089 5828 1410 5901 βουλομένου
1459 5830 1622 5884 αὑτοῦ
1679 5832 1726 5885 οἱ
1785 5831 2002 5904 οὐρανοὶ

2100 4976 2454 5042 videbantur,
2495 4977 2564 5034 iis
2594 4993 2703 5033 non
2742 4978 2852 5034 nisi
2899 4994 2962 5034 ea
2992 4978 3060 5034 de
3117 4992 3284 5036 causa
3330 4977 3501 5035 fuisse
3531 4977 3663 5034 reli-

2101 5075 2265 5132 ctam,
2307 5078 2366 5124 ut
2406 5070 2727 5128 memoriam
2763 5071 3118 5143 benignitatis
3154 5079 3438 5127 servarent
3462 5111 3478 5136 ,
3529 5071 3660 5126 olim

2101 5173 2132 5212 a
2169 5158 2278 5215 Deo
2312 5162 2562 5231 patrihus
2591 5163 2995 5232 comprobatae;
3051 5179 3122 5219 ne
3153 5164 3200 5219 si
3229 5163 3337 5218 ista
3367 5163 3530 5219 etiam
3569 5177 3666 5217 au-

2103 5248 2336 5306 ferretur
2363 5267 2393 5306 a
2424 5253 2604 5317 nobis,
2635 5253 2794 5322 quasi
2822 5256 3056 5324 p0pulus
3085 5255 3185 5310 tibi
3211 5254 3445 5324 alienus,
3464 5261 3518 5310 et
3545 5269 3668 5310 mu-

2110 5357 2304 5396 nerum
2352 5349 2570 5399 tuorum
2599 5359 2798 5414 expers
2832 5343 3105 5401 fieremus.

2181 5455 2307 5512 CAP.
2349 5455 2534 5523 LXIV,
2566 5456 2733 5515 Vens.
2761 5459 2811 5512 l.
2842 5457 3055 5513 Rursus
3087 5457 3372 5513 declarans
3406 5455 3666 5528 propheta

2110 5563 2217 5603 non
2269 5553 2493 5621 propter
2544 5549 2971 5606 imbecillitatem
3005 5548 3099 5604 Dei
3150 5549 3299 5620 ipsos
3358 5548 3528 5604 fuisse
3569 5564 3668 5619 op-

2110 5657 2352 5712 pressos,
2394 5642 2488 5699 sed
2527 5651 2750 5714 propter
2782 5643 3083 5713 nequitiam
3128 5643 3467 5711 peccantium
3502 5648 3556 5696 et
3585 5641 3665 5694 le-

2109 5750 2203 5805 ges
2233 5735 2449 5792 divinas
2497 5737 2836 5801 violantium,
2887 5733 3472 5804 eB‘ert‘jsublimitatem
3521 5731 3612 5787 Dei
3651 5752 3663 5796 ;

2110 5829 2312 5900 quippe
2337 5828 2428 5900 qui
2461 5837 2647 5886 tantus
2679 5837 2784 5899 est,
2817 5837 2896 5896 vt,
2931 5830 3050 5900 ipso
3080 5827 3321 5896 iubente,
3345 5829 3525 5884 caelum
3555 5842 3670 5880 ane-
