4138 6428
471 377 605 434 1571

1659 377 2006 434 THEODORI
2042 377 2560 434 HERACLEENSIS

3566 379 3701 432 1572

471 498 647 550 riatur
678 504 730 550 et
759 501 954 548 cuncta
988 502 1044 546 ut
1071 509 1189 546 cera
1225 491 1536 561 liquescant.
1571 491 1868 549 Hic.Deum
1905 510 2030 548 cum

2137 493 2593 563 ἀνεῳχθησονται,
2632 493 2724 544 καὶ
2761 491 2828 544 τὰ
2859 491 3188 562 ὑποκείμενα
3230 493 3384 564 δίκην
3413 492 3580 563 κηροῦ
3611 511 3704 546 τα-

471 587 596 642 aliis
624 583 930 648 conferens,
976 583 1069 652 qui
1101 581 1177 636 dii
1217 591 1501 649 vocantur,
1527 598 1652 638 eum
1677 585 1852 638 oculis
1879 585 2029 638 cerni

471 687 652 751 negat,
700 688 793 733 aut
825 678 1050 733 auribus
1077 677 1251 733 audiri
1279 697 1293 743 ;
1323 678 1418 732 sed
1451 678 1545 748 qui
1571 678 1625 731 in
1653 679 1834 732 omnia
1863 678 2031 748 impe-

469 771 612 824 rium
644 779 890 825 exerceat
919 809 935 835 ,
969 770 1118 825 solus
1145 777 1228 825 est
1263 786 1364 825 nec
1389 779 1470 825 est
1493 770 1631 824 alius
1657 770 1750 840 qui
1787 785 1909 825 eum
1941 786 2032 826 su-

472 876 664 932 perare
695 863 889 916 valeat.
1911 860 1918 870 '

547 1033 710 1090 Vens.
739 1035 791 1091 5.
845 1035 977 1101 Quze
1009 1036 1176 1091 hocce
1214 1035 1374 1090 modo
1410 1036 1758 1104 intelligenda
1806 1053 1818 1088 :
1856 1037 2032 1092 bonus

469 1129 733 1199 Magister
783 1144 906 1182 cum
949 1143 1169 1196 pravum
1210 1127 1458 1181 habuerit
1489 1127 1842 1196 discipulum,
1873 1145 2032 1198 quem

473 1238 502 1275 a
538 1218 780 1288 nequitia
826 1233 1084 1274 rovocare
1142 1218 1372 1272 voluerit
1401 1257 1414 1280 ,
1465 1217 1771 1272 hortabitur
1821 1233 1945 1272 eum
1982 1229 2036 1272 ut

473 1314 666 1368 melior
716 1312 842 1377 ﬁat;
889 1313 1031 1380 quod
1087 1313 1132 1364 si
1183 1319 1362 1365 autem
1412 1312 1500 1366 hic
1530 1311 1767 1365 deterior
1816 1314 1872 1366 in
1919 1311 2037 1366 dies

469 1405 704 1467 evadat,
758 1403 951 1458 nedum
1003 1417 1032 1454 a
1092 1402 1234 1455 malo
1282 1403 1591 1468 abstineat,
1643 1411 1771 1456 tunc
1809 1401 2037 1471 depellet

471 1512 597 1551 eum
628 1495 881 1563 Magister
905 1504 956 1548 et
985 1494 1302 1549 derelictum
1335 1495 1582 1565 pluribus
1610 1497 1770 1548 etiam
1801 1495 2035 1565 peccatis

476 1588 670 1642 tradet.
704 1587 780 1639 lta
806 1586 871 1640 de
906 1587 1060 1640 nobis
1102 1586 1304 1640 factum
1337 1597 1440 1642 est.
1466 1587 1599 1642 Cum
1633 1602 1661 1640 a
1707 1589 1887 1657 pravis
1920 1603 2036 1642 mo-

476 1678 629 1731 ribus
671 1677 839 1730 averti
879 1678 1251 1740 uoluerimus,
1291 1685 1348 1730 tu
1401 1677 1572 1731 iratus
1602 1693 1684 1740 es,
1713 1686 1765 1729 et
1794 1693 1894 1731 nos
1934 1693 2034 1746 ope

475 1786 566 1826 tua
639 1773 884 1828 destituti
913 1812 926 1836 ,
961 1772 1204 1826 omnium
1233 1771 1485 1826 vitiorum
1515 1772 1635 1826 labe
1675 1773 1960 1826 trahimur.

471 1960 728 2030 τημάτων
766 1958 962 2028 ἠνέχθη
973 1975 1088 2029 μεν.

545 2051 710 2104 Vens.
744 2050 797 2104 6.
846 2051 921 2103 Ea
945 2051 1160 2120 quidem
1195 2051 1403 2105 ratione
1440 2051 1694 2105 mandata
1725 2050 2038 2105 observabi-

474 2158 619 2206 mus,
651 2143 742 2196 ubi
777 2142 991 2212 justitia
1017 2143 1129 2211 jam
1162 2157 1268 2196 non
1319 2142 1613 2196 amicitiam
1646 2151 1887 2196 nostram
1913 2157 2035 2196 cum

475 2233 585 2289 Deo
614 2233 881 2289 defendet.
919 2233 1071 2287 Tunc
1096 2234 1240 2288 enim
1284 2233 1352 2288 ab
1387 2248 1453 2287 eo
1485 2232 1802 2288 deﬁciemus
1823 2273 1836 2295 ,
1881 2234 2037 2303 quasi

475 2324 606 2376 folia
662 2323 730 2377 ab
785 2324 1069 2378 arboribus
1122 2330 1175 2377 et
1227 2338 1256 2374 a
1315 2323 1484 2393 stirpe
1527 2338 1626 2379 sua
1683 2323 2035 2394 decidentiag;

475 2415 620 2486 quod
651 2415 944 2469 maximum
977 2416 1184 2469 crimen
1225 2416 1280 2469 in
1309 2430 1410 2472 nos
1439 2415 1621 2471 habet.

548 2589 713 2646 Vsus.
746 2592 795 2645 7.
842 2590 1493 2661 Quotiescunque.Deus,
1537 2591 1622 2645 vel
1649 2591 1818 2644 multa
1858 2590 2041 2644 horta—

475 2690 585 2746 tus,
625 2697 735 2736 non
783 2683 981 2752 poterit
1029 2680 1214 2735 ﬁdeles
1255 2696 1386 2737 suos
1421 2695 1453 2737 a
1484 2682 1722 2752 peccatis
1755 2695 2031 2744 revocare,

473 2781 604 2828 tunc
632 2775 749 2844 ipse
779 2773 992 2828 tandem
1024 2774 1310 2839 irascetur,
1346 2781 1398 2829 et
1425 2773 1597 2845 ipsius
1625 2787 1754 2828 cura
1788 2773 2034 2828 desertos

474 2867 828 2922 derelinquet.

545 3039 674 3093 CAP.
730 3037 890 3102 LXV,
948 3037 1114 3094 Vens.
1157 3039 1208 3093 l.
1266 3037 1348 3094 Ad
1399 3036 1736 3093 Salvatorem
1789 3017 2104 3108 spectantc

474 3128 638 3182 etiam
671 3127 804 3182 haec.
849 3128 1058 3198 Quippe
1085 3130 1177 3199 qui
1209 3129 1384 3199 patria
1432 3127 1766 3196 benignitate
1811 3128 2032 3192 missus,

471 3225 527 3272 et
561 3233 659 3272 sua
719 3218 1094 3273 misericordia
1152 3229 1351 3285 motus,
1413 3219 1666 3274 omnibus
1723 3216 2035 3272 hominibus

476 3305 796 3363 manifestus
828 3307 1008 3363 factus
1037 3317 1143 3372 est,
1176 3308 1490 3364 hominibus
1548 3322 1671 3364 eum
1706 3322 1808 3363 nec
1833 3321 2033 3362 vocan-

474 3401 640 3466 tibus,
675 3407 776 3456 nec
805 3401 1230 3456 arcessentibus.

545 3491 709 3548 Vsus.
741 3493 794 3548 5.
831 3492 1007 3548 Ultrix
1041 3493 1251 3548 scilicet
1276 3491 1378 3546 vis.

543 3583 706 3640 Vens.
739 3585 792 3640 6.
829 3585 1057 3652 Quando
1085 3586 1236 3651 dicit,
1279 3585 1546 3655 scriptum
1593 3591 1716 3648 est,
1773 3582 2034 3654 ignoran-

472 3677 605 3730 tiam
637 3685 879 3731 nostram
912 3678 979 3732 ab
1001 3691 1065 3732 eo
1092 3677 1278 3731 doceri
1307 3673 1520 3730 credas.
1548 3673 1683 3729 Cum
1722 3675 1867 3729 enim
1897 3674 2036 3729 scri-

473 3775 565 3837 pta
586 3768 742 3823 nobis
770 3768 1168 3837 praeteritarum
1184 3782 1365 3823 rerum
1396 3766 1713 3821 memoriam
1740 3764 2033 3828 retineant,

472 3867 528 3912 et
549 3859 618 3912 ad
657 3859 1118 3914 reminiscentiam
1163 3876 1265 3914 nos
1287 3859 1594 3922 deducant,
1625 3865 1680 3912 et
1719 3857 1881 3927 quasi
1910 3864 2036 3911 ante

473 3951 664 4007 oculos
710 3967 798 4006 res
839 3959 1020 4021 gestas
1051 3961 1352 4021 exponant,
1390 3950 1579 4006 eodem
1610 3949 1775 4005 modo
1800 3965 1900 4004 nos
1939 3949 2036 4004 do-

473 4051 561 4098 cet
591 4043 751 4100 Deus.
803 4043 1014 4099 Cuncta
1046 4051 1225 4099 autem
1259 4042 1369 4100 Deo
1409 4051 1559 4110 nota,
1619 4050 1675 4098 et
1739 4049 2032 4112 antequam

475 4137 684 4201 ﬁerent,
711 4137 824 4207 jam
849 4138 996 4191 novit
1021 4151 1106 4192 ea.

544 4225 708 4283 Vens.
760 4228 814 4282 8.
843 4227 1056 4284 Rursus
1083 4228 1175 4283 hic
1198 4226 1418 4283 divitias
1461 4226 1749 4282 charitatis
1777 4241 1890 4282 sua:
1922 4241 2035 4278 ma-

471 4317 829 4375 nifestissime
859 4319 1100 4374 declarat
1134 4318 1784 4389 singularidocumento;
1813 4333 1937 4370 nam
1973 4325 2033 4370 ut
2061 4353 2110 4412 D

472 4429 597 4467 cum
649 4413 930 4468 inventum
990 4421 1076 4468 est
1129 4413 1343 4467 acinum
1398 4413 1454 4468 in
1498 4413 1660 4469 botro
1731 4421 2029 4475 maturum,

473 4511 694 4575 propter
735 4505 960 4559 unicum
1002 4505 1134 4559 illud
1166 4521 1266 4559 uva
1313 4507 1430 4576 ipsa
1481 4513 1751 4570 servatur,
1790 4516 1844 4560 et
1882 4507 2031 4560 aesti-

470 4607 650 4651 matur
681 4597 887 4667 magni,
916 4605 970 4652 et
992 4612 1020 4650 a
1056 4597 1273 4652 nemine
1297 4597 1566 4668 carpitur,
1589 4598 1663 4650 ita
1693 4610 1792 4664 ego
1817 4611 2033 4665 quoque

471 4687 517 4740 si
543 4702 711 4740 unum
741 4687 1021 4756 repericro
1053 4687 1382 4741 servientem
1406 4686 1562 4749 mihi,
1616 4685 1874 4739 omnibus
1911 4701 2032 4754 par-

471 4792 615 4841 cam,
637 4777 795 4847 juxta
825 4795 887 4833 ea
909 4793 1030 4848 quae
1055 4776 1330 4833 Abraham
1362 4778 1584 4833 fuerunt
1611 4777 1780 4840 dicta,
1815 4778 2033 4848 quando

475 4883 669 4938 pcenas
700 4884 729 4922 a
763 4869 1002 4924 Sodoma
1034 4870 1370 4938 repetebam,
1413 4879 1464 4924 et
1488 4870 1572 4924 vel
1603 4869 1895 4939 quinquies
1934 4871 2034 4923 mi-

473 4959 831 5014 sericordiam
862 4976 1040 5015 meam
1077 4962 1426 5032 comprobavi
1453 4980 1469 5030 ;
1503 4962 1645 5018 idem
1687 4971 1741 5018 et
1773 4978 1920 5018 nunc
1947 4979 2034 5018 re-

470 5053 575 5105 fert
613 5052 680 5106 ad
707 5052 1049 5108 indicandam
1080 5054 1465 5124 benignitatem
1496 5071 1670 5111 suam.

543 5143 707 5200 Vens.
743 5145 828 5201 10.
888 5146 1018 5212 Qua:
1044 5146 1212 5216 igitur
1236 5147 1370 5218 ipsis
1403 5148 1606 5219 largior
1637 5156 1861 5219 propter
1896 5165 2032 5220 pau-

467 5250 563 5289 cos
593 5234 952 5290 inservientes
980 5237 1112 5292 mihi
1133 5255 1146 5297 :
1168 5252 1266 5292 vos
1293 5253 1449 5306 vero,
1474 5241 1566 5308 qui
1590 5239 1720 5294 mihi
1759 5239 2034 5294 contradi—

467 5331 594 5384 citis
638 5331 764 5385 vitae
795 5332 950 5387 vobis
986 5333 1222 5397 auctori,
1259 5333 1353 5403 qui
1403 5333 1742 5388 dmmonibus
1789 5334 2031 5403 indulge-

469 5425 562 5487 tis,
591 5431 645 5479 et
670 5433 852 5480 mente
886 5426 1206 5482 carentibus
1243 5441 1486 5482 mensam
1517 5426 1724 5496 paratis
1765 5440 1827 5479 ac
1851 5426 2031 5494 potio-

468 5532 589 5583 nes,
627 5530 800 5575 morte
821 5519 1145 5574 moriemini.
1170 5517 1302 5575 Jure
1329 5527 1511 5574 autem
1548 5535 1643 5575 eos
1671 5524 1846 5574 morte
1884 5519 2033 5574 dam-

468 5617 594 5674 nat;
653 5613 852 5682 quippe
895 5612 988 5681 qui
1039 5620 1163 5680 post
1213 5613 1546 5680 impietatem
1598 5624 1652 5667 et
1709 5621 1933 5680 peccata
1975 5613 2027 5666 in

479 5698 667 5763 Deum,
695 5711 975 5756 vocantem
1026 5717 1132 5755 non
1177 5703 1484 5767 audierunt,
1528 5710 1581 5757 et
1631 5704 1807 5758 locum
1853 5703 2030 5772 pmni-

470 5787 652 5850 tentia:
709 5791 990 5860 praestanti
1042 5807 1150 5846 non
1187 5801 1512 5862 paruerunt,
1569 5791 1662 5849 sed
1710 5793 2028 5864 iniquitates

2137 585 2411 654 κήσονται.
2451 584 2570 637 Κάν
2599 582 2771 652 τούτῳ
2803 583 2974 651 δηλῶν
3017 585 3045 636 6
3078 585 3376 656 προφήτης,
3421 582 3542 636 οὔτε
3583 583 3703 652 ὄψει

2138 675 2509 728 ὑποϐάλλεσθα
2531 675 2691 729 αὑτὸν
2722 675 2937 743 φάσκει,
2973 675 3094 728 οὔτε
3127 678 3256 730 ὠσὶν
3289 677 3536 742 ἀκοῦσαι,
3578 677 3704 745 σύγ-

2137 767 2488 838 κρισιναὺτοῦ
2512 768 2646 840 πρὸς
2664 767 2853 830 ἄλλους
2877 769 3196 839 λεγομένους
3215 769 3368 832 θεοὺς
3390 769 3667 837 γεγονέναι
3685 787 3698 799 ο

2137 858 2270 912 ἀλλά
2286 858 2427 913 κατά
2447 859 2662 912 πάντων
2679 858 2814 928 ἔχων
2834 858 2896 910 τὸ
2914 858 3098 929 κῦρος,
3135 860 3294 930 μόνος
3314 860 3429 911 ἐστὶ
3444 859 3700 923 τοιοῦτος,

2137 951 2298 1004 ἄλλου
2331 950 2466 1020 πρὸς
2509 949 2669 1002 αὑτὸν
2707 948 3146 1021 παραϐάλλεσθαι
3182 950 3255 1020 μὴ
3295 948 3613 1017 δυναμένου.

2209 1039 2458 1093 Τοιοῦτόν
2487 1057 2606 1092 τινα
2639 1039 2761 1093 νοῦν
2793 1039 2939 1108 ἔχει’
2981 1039 3087 1101 Ὡς,
3123 1039 3198 1092 ὅτ’
3239 1037 3302 1092 ἂν
3335 1037 3646 1101 διδάσκαλος
3675 1040 3704 1091 6

2138 1133 2339 1202 ἀγαθὸς
2383 1131 2494 1201 ἐχοι
2545 1132 2776 1203 πονηρὸν
2833 1130 3110 1202 μαθητὴν,
3163 1133 3242 1194 εί,
3307 1129 3701 1202 μεταϐαλέσθαι

2141 1223 2300 1277 αὑτὸν
2334 1223 2654 1293 βουλόμενος
2679 1222 2784 1276 ἀπὸ
2818 1223 2918 1291 τῆς
2948 1209 3222 1292 πονηρίαςρ
3246 1221 3431 1283 αὑτοῦ,
3467 1221 3705 1275 νουθετεῖ

2143 1317 2302 1370 αὑτὸν
2346 1316 2628 1386 κρείττονα
2663 1314 2854 1369 ἐαυτοῦ
2901 1314 3190 1382 γενέσθαι·
3248 1317 3276 1368 6
3323 1315 3378 1367 δέ
3418 1315 3490 1384 μὴ
3545 1314 3702 1383 μόνον

2142 1407 2529 1461 ἀπαλλάττοιτο
2569 1407 2677 1463 τῶν
2728 1407 2931 1470 κακῶν,
2977 1407 3112 1459 ἀλλά
3145 1406 3237 1460 καὶ
3283 1405 3598 1476 προσθήκην
3646 1407 3702 1457 έν

2142 1501 2374 1571 πονηρίᾳ
2427 1499 2670 1563 δέξαιτο”
2731 1500 3018 1552 ἀκόλουθον
3073 1498 3483 1568 ἀποστραφῆναι
3542 1496 3702 1548 αὐτὸν

2137 1591 2226 1643 τὸν
2260 1589 2596 1651 διδάσκαλον,
2619 1591 2866 1642 κάκεῖνον
2904 1589 3392 1658 ἐγκαταλειφθέντα
3412 1590 3490 1650 είς
3522 1587 3700 1639 πλείο-

2137 1700 2229 1744 νας
2279 1681 2505 1746 ἀταξίας
2554 1681 2744 1734 ἐαυτὸν
2786 1681 3063 1734 ἐκδοῦναι⁹
3106 1681 3246 1733 οὕτω
3291 1680 3423 1750 φησὶ
3471 1679 3563 1732 καὶ
3617 1679 3700 1745 ἐφ’

2063 1771 2105 1824 Β
2133 1775 2310 1844 ἡμῶν,
2348 1775 2421 1844 μὴ
2463 1772 2802 1842 ἀνεχομένων
2836 1773 2990 1844 ἡμῶν
3034 1771 3359 1845 μεταθέσθαι
3402 1771 3496 1824 τοῦ
3533 1787 3699 1840 πονη-

478 1864 571 1935 ροῦ
617 1864 772 1934 ἡμῶν
805 1864 1026 1936 τρόπου,
1063 1864 1224 1926 αὐτὸς
1270 1863 1565 1934 ὠργίσθης,
1616 1865 1707 1916 καὶ
1739 1866 1898 1934 ἡμεῖς
1945 1881 2036 1918 σου
2075 1866 2173 1934 τῆς
2212 1866 2506 1928 ἐποπτείας
2576 1866 2957 1935 ἀποτυχόντες,

3027 1865 3166 1920 κατὰ
3210 1866 3332 1919 ὁοῦν
3371 1865 3478 1918 τῶν
3522 1863 3702 1932 ἁμαο-

2211 2043 2446 2097 Τοιαῦτα
2494 2043 2645 2114 ἡμῶν
2685 2043 2834 2096 ἔσται
2872 2041 2940 2094 τὰ
2983 2041 3084 2111 τῆς
3117 2043 3546 2112 παρατηρήσεως
3595 2047 3702 2101 τῶν

2138 2134 2385 2199 ἐντολῶν,
2421 2134 2656 2188 διάθεσιν
2709 2134 2843 2204 πρὸς
2872 2133 3002 2185 Θεὸν
3053 2132 3125 2204 μὴ
3176 2131 3450 2202 σωζούσης
3491 2137 3592 2206 τῆς
3621 2137 3700 2190 δι-

2138 2227 2457 2296 καιοσύνης·
2515 2228 2548 2296 ἢ
2593 2227 2684 2279 καὶ
2736 2225 2982 2297 ἕκρευσιν
3024 2227 3155 2295 ἡμῖν
3204 2224 3581 2297 προεξένησεν,
3625 2229 3700 2293 ὡς

2139 2315 2356 2383 φύλλοις
2413 2315 2701 2370 πίπτουσιν
2743 2315 2850 2368 ἀπὸ
2880 2315 2984 2368 τῶν
3035 2314 3265 2384 δένδρων
3312 2316 3403 2367 καὶ
3450 2318 3558 2370 ἀπὸ
3606 2320 3702 2390 τῆς

2139 2406 2344 2460 ἑαυτῶν
2375 2407 2528 2478 ῥίζης
2548 2424 2560 2437 ’
2601 2408 2737 2477 ὅπερ
2765 2407 2862 2478 τὴν
2893 2407 3124 2477 ἐσχάτην
3158 2405 3336 2461 αὐτῶν
3369 2411 3702 2481 κατηγορίαν

2140 2498 2270 2568 ἔχει.

2212 2590 2328 2642 Ὄτ’
2382 2588 2447 2643 ἂν
2487 2588 2596 2662 γὰρ
2645 2589 2776 2652 Θεὸς
2831 2589 2920 2641 ἐπὶ
2979 2588 3106 2642 πολὺ
3145 2589 3408 2643 νουθετῶν
3448 2591 3519 2663 μὴ
3551 2593 3700 2665 σχοίη

2139 2681 2264 2743 τοὺς
2317 2680 2669 2750 πειθομένους
2698 2679 2842 2750 αὐτῷ
2878 2679 3200 2750 μεταθέσθαι
3243 2680 3351 2733 τῶν
3388 2699 3704 2754 παρανομηο

2143 2771 2325 2841 μάτων
2351 2771 2546 2835 αὐτῶν,
2574 2770 2692 2824 τότε
2725 2772 2817 2823 καὶ
2846 2771 3006 2834 αὐτὸς
3035 2771 3212 2824 τέλεον
3239 2772 3519 2843 ὀργισθεὶς
3541 2773 3704 2842 ἐγκα-

2136 2861 2462 2932 ταλιμπάνει
2507 2862 2702 2924 αὐτοὺς
2749 2863 2823 2924 ὡς
2862 2863 3096 2932 ἐρήμους
3139 2864 3337 2927 αὐτοὺς
3383 2865 3702 2936 γενομένους

2137 2956 2236 3026 τῆς
2277 2953 2439 3007 αὐτοῦ
2484 2952 2826 3023 κηδεμονίας.

2219 3044 2544 3116 Ἐκληπτέον
2563 3043 2619 3097 δὲ
2648 3044 2739 3096 καὶ
2763 3046 2842 3107 είς
2864 3043 3092 3115 Σωτῆρα
3123 3043 3314 3108 ταῦτα,
3345 3045 3422 3112 ὃς,
3456 3051 3698 3120 πατρικῇ

2135 3136 2429 3208 ἀγαθότητι
2456 3135 2776 3198 ἀποσταλεὶς
2805 3135 2896 3188 καὶ
2914 3135 3087 3207 οἰκείᾳ
3113 3135 3485 3210 φιλανθρωπίᾳ
3501 3137 3697 3207 ἐλθὼν,

2134 3227 2382 3301 ἐμφανὴς
2404 3230 2567 3281 πᾶσιν
2590 3226 2894 3298 ἀνθρώποις
2931 3226 3152 3295 γέγονεν
3185 3228 3213 3279 6
3247 3227 3454 3299 Σωτὴρ,
3493 3229 3700 3301 ἀνθρώ-

2133 3337 2252 3376 πων
2285 3323 2420 3392 μήτε
2451 3319 2942 3393 πρεσϐευσαμένων
2974 3319 3107 3391 πρὸς
3138 3319 3319 3385 αὐτὸν,
3355 3321 3494 3391 μήτε
3528 3338 3701 3393 παρα-

2133 3409 2498 3466 καλεσάντων.

2217 3499 2280 3554 Ἦ
2317 3497 2664 3571 τιμωρητικὴ
2695 3498 2894 3571 δηλαδὴ
2916 3498 3160 3570 δύναμις.

2204 3591 2279 3645 Τό
2313 3591 2392 3656 δὲ,
2429 3591 2758 3662 γέγραπται,
2788 3589 3020 3656 ἀκούων,
3053 3591 3160 3644 νόει
3186 3591 3260 3654 ὡς
3281 3592 3553 3664 ἡμετέραν
3592 3609 3699 3648 πα-

2139 3684 2462 3757 ραμυθεῖται
2488 3682 2729 3751 ἄγνοιαν.
2775 3682 2990 3754 Ἐπειδὴ
3019 3681 3125 3754 γὰρ
3160 3685 3290 3754 ἡμῖν
3320 3684 3378 3750 ἐξ
3411 3684 3699 3755 ἐγγράφων

2135 3777 2169 3847 ὴ
2200 3777 2387 3847 μνήμη
2417 3777 2793 3846 συγκροτεῖται
2826 3774 2932 3828 τῶν
2957 3775 3328 3848 παρελθόντων
3355 3776 3698 3847 πραγμάτων

2135 3869 2214 3932 εἰς
2251 3868 2556 3939 ὑπόμνησιν
2607 3868 2752 3937 ἡμᾶς
2802 3867 3029 3936 ἄγουσα,
3081 3867 3174 3920 καὶ
3221 3866 3409 3939 ὥσπερ
3459 3868 3698 3937 ὑπ”ὁψιν

2133 3961 2256 4029 ἄγει
2285 3959 2352 4013 τά
2398 3959 2734 4030 παρελθόντα
2782 3960 3100 4030 πράγματα,
3139 3957 3308 4022 οὕτως
3359 3959 3698 4013 ὲκδιδάσκει⁸

2134 4048 2318 4102 Πάντα
2365 4047 2608 4120 ἐγνώσθη
2660 4047 2737 4118 τῷ
2787 4047 2924 4119 Θεῷ,
2978 4048 3072 4103 καὶ
3112 4049 3241 4118 πρὶν
3283 4047 3316 4118 ἢ
3367 4048 3584 4120 γένηται
3630 4049 3698 4103 τὰ

2134 4139 2401 4210 γενόμενα
2435 4141 2739 4195 ἐπίσταται.

2216 4229 2478 4284 Ἐνταῦθα
2525 4230 2683 4283 πάλιν
2722 4231 2750 4281 6
2797 4227 3022 4292 πλοῦτος
3071 4230 3172 4297 τῆς
3218 4228 3547 4299 ἀγαθότητος
3601 4227 3694 4280 τοῦ

2135 4321 2269 4375 Θεοῦ
2336 4319 2692 4392 φανερώτατα
2745 4318 2997 4390 δηλοῦται
3045 4318 3228 4388 οἰκείῳ
3307 4317 3695 4388 ὑποδείγματι’

2141 4415 2351 4485 ’Ὠσπερ
2390 4413 2519 4483 γὰρ,
2557 4414 2631 4465 ὅτ’
2677 4411 2741 4467 ἂν
2782 4411 2978 4483 εὑρεθῇ
3042 4412 3099 4463 ἐν
3139 4411 3217 4480 τῷ
3262 4409 3444 4481 βότρυῖ
3509 4411 3538 4462 6
3589 4407 3700 4480 ρὼξ

2141 4507 2418 4576 πέπειρος,
2464 4505 2530 4557 δι’
2571 4507 2776 4557 ἐκεῖνον
2845 4504 2935 4556 τὸν
2982 4503 3078 4556 ἕνα
3122 4505 3229 4566 πᾶς
3279 4501 3546 4566 σώζεται,
3606 4501 3700 4554 καὶ

2137 4598 2266 4668 περ).
2317 4595 2514 4648 πολλοῦ
2561 4597 2825 4659 ποιεῖται,
2885 4595 3108 4665 μηδενὸς
3152 4593 3313 4647 αὑτοῦ
3357 4592 3661 4663 ἁπτομένου
3683 4609 3696 4622 ·

2137 4691 2300 4756 οὕτω,
2324 4689 2477 4760 φησὶ,
2506 4687 2682 4756 κάγὼ,
2719 4687 2836 4750 ἐνὸς
2875 4685 3184 4757 εὑρεθέντος
3215 4683 3552 4746 δουλεύοντάς
3588 4701 3698 4754 μοι,

2139 4781 2347 4843 πάντας
2395 4778 2840 4848 περιποιήσομαι,
2872 4775 3014 4828 κατά
3053 4775 3113 4827 τὸ
3144 4773 3221 4844 τῷ
3273 4773 3519 4844 ’Δὸραάμ
3555 4773 3702 4826 λελε-

2136 4872 2364 4942 γμένον,
2393 4844 2558 4940 ἡνίκα
2600 4844 2808 4938 ἡ-κατά
2852 4866 3098 4936 Σοδόμων
3141 4863 3261 4936 δίκη
3295 4863 3695 4934 κατεπέμπετο.

2136 4965 2242 5027 ἕως
2268 4963 2427 5016 πέντε
2454 4962 2551 5031 τὴν
2590 4959 2995 5031 φιλανθρωπίαν
3036 4957 3433 5029 ἐνδειξαμένου.
3463 4958 3535 5010 Τὸ
3570 4959 3699 5012 αὐτὸ

2135 5056 2316 5110 τοίνυν
2345 5055 2437 5108 καὶ
2461 5053 2555 5108 νῦν
2583 5053 2778 5121 φάσκει
2808 5051 2926 5104 κατ’
2956 5050 3204 5104 ἐπίτασιν
3238 5049 3592 5119 ἀγαθότητος.

2208 5147 2392 5201 Ταῦτα
2418 5147 2594 5199 τοίνυν
2618 5145 2840 5214 παρέχω
2865 5143 3049 5204 αὐτοῖς
3076 5142 3141 5194 δι’
3173 5141 3388 5210 ὀλίγους
3413 5143 3538 5203 τοὺς
3581 5140 3698 5192 δου-

2136 5240 2387 5303 λεύοντάς
2416 5257 2523 5309 μοι.
2556 5239 2745 5307 Ὑμεῖς
2764 5237 2841 5300 δὲ,
2863 5233 3386 5303 οίάνταλλαξάμενοι
3414 5233 3532 5285 ἀντὶ
3565 5231 3699 5300 ἐμοῦ

2135 5331 2228 5384 τοῦ
2270 5331 2329 5384 τὸ
2373 5326 2510 5384 εἶναι
2544 5331 2671 5399 ὑμῖν
2712 5325 3147 5397 παρεσχηκότος,
3190 5327 3281 5378 καὶ
3322 5323 3699 5383 δουλεύσαντες

2136 5423 2452 5494 δαιμονίοις,
2481 5422 2574 5474 καὶ
2602 5420 2830 5489 ἀψύχοις
2871 5416 3255 5486 παρατιθέντες
3287 5415 3562 5484 τράπεζαν
3607 5415 3700 5466 καὶ

2138 5517 2476 5586 κεράσματα,
2509 5511 2722 5579 θανάτῳ
2754 5508 3132 5563 ὑποπεσεῖσθε.
3161 5507 3398 5559 Θάνατον
3423 5506 3479 5558 δέ
3521 5504 3699 5559 αὐτῶν

2136 5607 2355 5670 δικαίως
2377 5605 2814 5675 καταψηφίζεται
2837 5619 2850 5632 ·
2882 5604 2961 5656 ὅτι
2996 5602 3090 5655 καὶ
3122 5599 3258 5670 μετά
3294 5600 3390 5670 τὴν
3421 5597 3696 5661 ἀσέϐειαν,

2139 5697 2232 5750 καὶ
2277 5697 2336 5749 τὸ
2378 5696 2700 5766 ἐξαμαρτεῖν
2740 5693 2934 5755 αὐτοὺς
2971 5695 3050 5756 εἰς
3101 5691 3192 5744 τὸν
3243 5691 3373 5742 Θεὸν
3398 5731 3411 5755 ,
3449 5690 3700 5744 καλοῦντι

2134 5793 2232 5861 οὐχ
2269 5790 2608 5859 ὑπήκουσανξ
2633 5789 2724 5841 καὶ
2759 5788 2920 5839 τόπον
2955 5784 3240 5854 μετανοίας
3275 5783 3453 5846 αὐτοῖς
3482 5781 3696 5846 διδόντι,
