4138 6440
433 365 572 420 15ῗό

1866 380 1932 434 ΙΝ
1970 381 2217 436 ISAIAM.

3501 399 3633 454 1574

432 489 530 540 οὐκ
559 480 708 554 εἶξαν
729 503 742 518 ·
784 488 897 542 ἀλλ’
929 489 1237 544 ἐπετείνατε
1272 492 1392 545 καθ’
1425 494 1630 550 ἑαυτῶν
1669 497 1735 550 τά
1757 500 1984 570 πονηρὰ,

2090 519 2220 557 suas
2253 512 2417 559 etiam
2447 518 2732 574 auxerunt,
2766 526 2936 580 eaque
2961 511 3200 567 fecerunt
3228 528 3347 582 quae
3363 514 3629 572 nolebam.

436 579 528 634 καὶ
553 579 588 633 ἀ
620 581 719 633 οὐκ
750 581 949 651 ἤρεσκέ
981 599 1068 652 μοι
1091 583 1404 653 ἐπράττετε.

517 671 731 741 Ἐπειδὴ
751 671 878 744 γάρ,
908 674 1034 742 περὶ
1063 675 1302 746 γαστέρα
1342 677 1741 750 ἀσχολούμενοι,
1772 685 1850 747 εἰς
1890 684 1987 755 τὴν

434 761 541 813 τῶν
578 762 802 833 καρπῶν
837 763 1130 818 ἀπόλαυσιν
1159 766 1219 818 τὸ
1247 769 1354 820 πᾶν
1377 769 1476 838 τῆς
1510 771 1844 844 εὐφροσύνης
1876 776 1986 828 ἐτί-

438 849 610 916 θεντο,
664 854 758 906 καλ
819 853 1136 924 εὐδαίμονας
1181 856 1424 928 ἐνόμιζον
1455 861 1578 924 τοὺς
1608 860 1809 917 τούτων
1850 866 1985 919 ἀπο-

435 941 714 1006 λαύοντας,
764 943 1003 1012 λυπῆσαι
1043 947 1236 1010 αὐτοὺς
1279 947 1594 1020 βουλόμενος
1643 954 1698 1005 ἐν
1729 957 1794 1024 τῇ
1829 956 1985 1027 ἀκοῇ,

437 1031 503 1082 ἵν’
534 1031 954 1102 ἐπιστρέψαντες
995 1034 1240 1103 σωθῶσι,
1273 1038 1372 1106 τὴν
1412 1037 1614 1093 τούτων
1657 1042 1837 1107 αὐτοῖς
1868 1045 1987 1098 στέ-

437 1138 592 1192 ρησιν
621 1125 996 1194 προαγορεύει.

507 1214 915 1284 Προκαταλέξας
968 1216 1002 1270 ἃ.
1029 1220 1302 1274 πείσονται
1348 1223 1398 1273 οἱ
1431 1221 1504 1292 μὴ
1545 1222 1860 1294 φοϐούμενοι
1901 1227 1988 1279 τὸν

437 1303 660 1375 Κύριον,
686 1305 819 1374 μηδέ
843 1308 1257 1379 ἐπιστρέφοντες
1290 1310 1424 1383 πρὸς
1460 1312 1639 1379 αὑτὸν,
1671 1316 1884 1383 ἐπάγει,
1909 1317 1989 1369 ὃτι

448 1395 794 1459 Ἀπεναντίας
838 1397 1037 1451 τούτων
1085 1401 1134 1451 οἱ
1193 1400 1529 1467 δουλεύοντές
1583 1423 1672 1475 μοι
1728 1408 1786 1459 ού
1833 1409 1990 1478 μόνον

435 1486 729 1552 τεύξονται,
759 1488 894 1542 ἀλλά
925 1492 1014 1542 καί¹
1045 1490 1342 1560 ὀνομάτων,
1367 1494 1611 1568 καθάπερ
1643 1501 1689 1551 οἰ
1723 1502 1989 1572 πατριάρ-

434 1596 546 1649 χαι,
577 1580 626 1632 οἳ
653 1579 787 1650 πρὸς
812 1583 922 1644 τοῖς
952 1582 1170 1652 τρόποις
1199 1586 1290 1637 καὶ
1311 1586 1586 1658 ὀνομάτων
1607 1591 1805 1644 καινῶν
1831 1592 1990 1661 ἐτύγ-

434 1687 616 1740 χανον.
653 1671 868 1724 Τούτων
895 1671 949 1724 δὲ
983 1672 1057 1743 μὴ
1094 1677 1510 1744 μετανοούντων,
1542 1682 1698 1734 τοῦτο
1729 1683 1788 1736 τὸ
1825 1684 1990 1755 ὄνομα

433 1757 714 1829 δοθήσεται
743 1762 853 1822 τοῖς
884 1759 1080 1826 ἐθνεσι,
1103 1763 1162 1815 τὸ
1189 1765 1288 1834 μὲν
1332 1769 1412 1831 εἰς
1454 1770 1556 1836 ἀεὶ,
1595 1772 1729 1842 ὅπερ
1773 1773 1887 1826 ἐστὶ
1927 1773 1988 1826 τὸ

2157 676 2324 735 Vens.
2357 681 2444 734 15.
2487 679 2714 746 Quando
2752 685 2920 737 ventri
2953 687 3109 740 unice
3147 685 3365 753 deditis,
3417 688 3470 740 in
3502 703 3631 758 pos-

2087 769 2330 824 srdendis
2363 769 2612 840 frugibus
2661 787 2930 826 summam
2977 774 3288 830 felicitatem
3332 778 3633 832 consistere

2085 857 2383 924 videretur,
2434 876 2498 915 ac
2548 877 2642 917 eos
2697 870 2910 918 tantum
2962 865 3149 922 beatos
3197 884 3319 923 esse
3370 870 3462 937 qui
3510 869 3634 924 istis

2086 947 2387 1014 abundant,
2423 958 2627 1006 terrere
2659 967 2754 1007 eos
2778 968 3029 1009 sermone
3066 957 3269 1022 volens,
3303 965 3362 1011 ut
3383 958 3632 1014 conversi

2086 1040 2385 1107 salventur,
2423 1040 2639 1110 frugum
2663 1043 2903 1113 inopiam
2927 1043 3228 1099 denuntiat.

2169 1216 2328 1272 Vens.
2386 1219 2471 1272 15.
2518 1217 2801 1274 Praedictis
2835 1235 2956 1289 qua:
2986 1221 3300 1276 hominibus
3332 1221 3637 1286 imminent,

2086 1323 2187 1362 nec
2211 1307 2378 1362 Deum
2410 1309 2745 1376 timentibus,
2804 1327 2901 1366 nec
2939 1313 3006 1366 ad
3047 1314 3224 1382 ipsum
3273 1327 3330 1368 se
3373 1314 3635 1382 recipien-

2087 1398 2256 1460 tibus,
2283 1400 2468 1468 adjicit
2498 1399 2676 1456 Deus:
2710 1400 2827 1454 Non
2871 1403 3042 1457 modo
3079 1404 3237 1472 longe
3275 1403 3490 1455 diversa
3518 1417 3637 1457 sor-

2087 1489 2294 1543 tientur
2324 1490 2415 1558 qui
2446 1491 2575 1544 mihi
2606 1492 2928 1556 inserviunt,
2954 1493 3047 1548 sed
3065 1494 3283 1546 nomine
3308 1495 3472 1547 etiam
3497 1508 3637 1546 novo

2088 1580 2446 1646 vocabuntur,
2484 1582 2622 1636 sicut
2653 1583 2992 1651 patriarchze,
3032 1585 3125 1652 qui
3151 1600 3247 1652 pro
3271 1585 3514 1637 moribus
3539 1599 3638 1637 no-

2088 1668 2172 1723 vis
2231 1686 2442 1739 quoque
2500 1671 2810 1726 hominibus
2874 1673 3322 1742 insigniebantur.
3376 1670 3634 1727 lsraelitis

2091 1767 2268 1813 autem
2309 1761 2684 1830 paenitentiam
2718 1763 3102 1827 renuentibus,
3132 1764 3384 1834 gentibus
3419 1763 3635 1818 dabitur

432 1847 539 1900 τῶν
563 1851 900 1920 Χριστιανῶν
919 1868 931 1880 ’
961 1854 1153 1923 μηκέτι
1179 1855 1284 1926 γάρ
1308 1859 1536 1914 εἰδώλων
1564 1863 1777 1933 μνήμην
1806 1864 1985 1917 ποιού-

2087 1848 2190 1902 hoc
2220 1865 2435 1914 nomen,
2477 1852 2620 1920 quod
2649 1853 2702 1906 in
2733 1862 2990 1907 aeternum
3038 1855 3296 1917 manebit,
3345 1869 3444 1908 nec
3487 1851 3632 1906 aliud

436 1957 602 2010 μενοι,
634 1943 755 2013 μηδ’
782 1943 856 2008 ὡς
893 1946 970 2009 είς
1001 1946 1152 2010 θεοὺς
1199 1948 1483 2019 ὀμνύοντες
1506 1991 1520 2016 ,
1552 1953 1664 2007 ἀλλ’
1699 1958 1778 2018 εἰς
1825 1958 1983 2012 αὑτὸν

433 2032 524 2085 τὸν
557 2033 686 2086 Θεὸν
718 2035 810 2088 καὶ
855 2035 1179 2108 δημιουργὸν
1215 2041 1412 2108 αὐτῶν,
1449 2046 1578 2114 παρ’
1625 2047 1787 2100 αὑτοῦ
1810 2047 1985 2114 ἕξουσι

433 2125 532 2194 τὴν
561 2125 666 2179 τῶν
694 2126 910 2195 ἀγαθῶν
939 2129 1252 2186 ἀπόλαυσιν.

500 2392 880 2464 Μακροϐίωσιν
934 2394 989 2447 δέ
1046 2395 1224 2460 αὐτοῖς
1283 2397 1373 2449 ἐπὶ
1407 2397 1574 2463 πολὺ,
1644 2397 1838 2467 ἀώρως
1889 2416 1984 2469 μεν

435 2481 658 2551 μηδενὸς
699 2483 1177 2552 μεταλλάττοντος,
1225 2487 1304 2550 είς
1350 2487 1528 2559 γῆρας
1583 2488 1809 2560 λιπαρὸν
1852 2489 1987 2558 φθά-

432 2587 641 2636 νοντος·
683 2575 775 2626 καὶ
805 2573 913 2645 γὰρ
947 2574 1135 2627 ἑκατὸν
1169 2576 1303 2629 ἐτῶν
1337 2579 1365 2629 ό
1391 2578 1717 2650 τελευτήσας
1755 2581 1813 2631 ἐν
1849 2579 1988 2632 ὲκεί-

433 2678 544 2726 νοις
576 2661 746 2741 ἔσται,
775 2663 849 2726 ὡς
892 2665 996 2733 πρὸ
1034 2663 1181 2735 ὥρας
1230 2665 1347 2729 νέος
1372 2666 1682 2731 ἀπαλλάξας
1725 2668 1873 2722 τόνδε
1899 2669 1988 2721 τὸν

435 2749 582 2818 βίονο
629 2752 657 2804 ὀ
699 2751 756 2804 δέ
801 2750 942 2804 οὕτω
993 2752 1366 2822 μεταλλάττων
1420 2755 1477 2809 ἐν
1536 2756 1778 2826 κατάρας
1836 2756 1987 2828 μέρει

434 2841 672 2897 κείσεται
703 2844 1024 2916 ἁμαρτωλὸς
1055 2845 1469 2919 συγκρινόμενος
1492 2847 1570 2918 τῷ
1595 2847 1785 2920 μακρῷ
1816 2849 1934 2920 βίῳ.

506 2933 586 2986 Τά
612 2934 719 3006 γὰρ
747 2934 972 3006 ἀειθαλῆ
1008 2936 1148 3004 φυτά
1183 2937 1240 2990 ὲν
1271 2937 1347 3007 τῷ
1382 2937 1692 3009 παραδείσῳ
1733 2939 1989 3004 ἀειζώους

433 3029 674 3098 καρποὺς
707 3030 859 3101 φέρει
879 3047 892 3061 ο
917 3030 1108 3093 οἵτινες
1129 3032 1185 3082 ἐν
1211 3031 1308 3101 μὲν
1337 3029 1413 3100 τῷ
1440 3027 1576 3084 εἶναι
1598 3032 1687 3084 τὸν
1709 3031 1988 3105 ἄνθρωπον

434 3120 492 3172 ἐν
518 3117 595 3190 τῷ
623 3119 952 3191 παραδείσῳ,
972 3120 1116 3174 ἄλλοι
1144 3120 1228 3172 ἐπ’
1261 3121 1439 3184 ἀλλοις
1463 3121 1732 3192 γινόμενοι
1764 3124 1983 3194 καρποὶ,

433 3213 690 3283 παρεῖχον
735 3211 813 3281 τῷ
855 3210 1124 3283 ἀνθρώπῳ
1156 3212 1216 3264 τὸ
1265 3213 1350 3265 ἀεὶ
1413 3213 1738 3266 ἀπολαύεινο
1784 3216 1873 3268 ὅτε
1927 3217 1984 3270 ὣ
2012 3210 2058 3254 δ

435 3301 639 3372 ἐξώσθη
669 3303 698 3354 ὀ
739 3301 1042 3371 ἄνθρωπος,
1071 3305 1120 3356 οἱ
1157 3303 1359 3374 καρποὶ
1390 3304 1636 3374 μένουσιν
1674 3307 1752 3370 εἰς
1808 3307 1869 3359 τὸ
1906 3307 1982 3360 δι·

432 3395 623 3462 ηνικὲς
647 3391 930 3462 ἄφθαρτοι.

503 3481 687 3536 Ταῦτα
717 3483 812 3553 μὲν
848 3478 940 3536 οὖν
983 3485 1011 3536 ὀ
1034 3483 1166 3547 Θεὸς
1208 3482 1302 3537 τοῦ
1341 3485 1557 3556 Ἰσραὴλ
1596 3487 1982 3557 ἐπαγγέλλεται

442 3574 804 3630 αετανοοῦντι·
841 3575 1025 3646 ἐπειδὴ
1068 3575 1124 3628 δὲ
1165 3577 1409 3640 ἀπειθεῖς
1457 3580 1823 3651 μεμενήκασι,
1860 3597 1982 3650 μετα

435 3668 554 3734 άγει
574 3666 672 3730 τὰς
691 3666 935 3734 εὐλογίας
959 3668 1037 3730 εἰς
1064 3667 1131 3720 τά
1157 3667 1284 3738 ἐθνη
1301 3685 1315 3697 ·
1339 3667 1414 3732 ὼς
1437 3669 1528 3722 καὶ
1548 3670 1627 3733 εἰς
1648 3669 1746 3741 τὴν
1760 3669 1984 3744 Ἐκκλη-

437 3757 556 3810 σίαν
585 3756 757 3810 ταῦτα
783 3756 923 3810 κατά
949 3756 1202 3829 ἀλήθειαν
1232 3758 1682 3830 ἐκλαμϐάνεσθαι.

504 3846 624 3901 Τῶν
662 3847 754 3900 δύο
799 3849 967 3919 ἥμισυ
1002 3848 1181 3918 φυλῶν
1220 3849 1300 3902 ἔτι
1333 3852 1390 3903 ἐν
1433 3853 1544 3914 τοῖς
1570 3849 1755 3915 τόποις
1795 3851 1981 3918 ὄντων,

436 3941 528 3993 καὶ
550 3941 806 4010 οἰομένων
842 3942 916 4013 μὴ
944 3941 1248 4010 ἀπάγεσθαι
1279 3943 1357 4006 εἰς
1385 3943 1483 4012 τὴν
1503 3944 1870 4013 αἰχμαλωσίαν
1899 3945 1986 3998 διά

435 4035 532 4108 τὴν
565 4036 700 4105 πρὸς
727 4035 817 4088 τὸν
843 4035 967 4088 ναὸν
998 4037 1178 4106 σχέσιν
1207 4017 1307 4090 τοῦ
1326 4035 1482 4103 Θεοῦ,
1523 4038 1641 4108 ούχὶ
1666 4037 1723 4090 δὲ
1752 4037 1838 4091 διά
1865 4038 1988 4109 τρό-

395 4141 397 4148 '
438 4144 552 4181 πων
576 4127 773 4199 ἀρετὴν
806 4129 898 4182 καὶ
929 4126 1025 4198 τὴν
1055 4127 1190 4198 πρὸς
1220 4128 1311 4181 τὸν
1337 4128 1466 4181 Θεὸν
1504 4127 1735 4195 εὖνοιαν,
1775 4129 1986 4184 υποδεί-

437 4235 622 4274 κνυσιν
647 4221 674 4273 ὀ
699 4219 850 4284 Θεὸς,
889 4220 964 4283 ὡς
991 4221 1052 4272 οὐ
1080 4220 1248 4272 τόπου
1285 4221 1442 4291 χάριν
1468 4220 1502 4292 ἢ
1530 4220 1658 4274 ναοῦ
1696 4221 1985 4294 ῥυσθήσον-

434 4325 523 4364 ται
566 4310 663 4381 τῆς
694 4311 1064 4382 αἰχμαλωσίας
1104 4312 1526 4383 προηγουμένως
1552 4313 1600 4365 οἱ
1640 4313 1809 4366 ταῦτα
1841 4313 1989 4384 ἔχον-

436 4417 524 4462 τες
543 4415 556 4428 ·
584 4399 783 4452 τούτων
803 4401 910 4470 γάρ
942 4401 1272 4471 ἀντέχοντες,
1301 4402 1429 4466 Θεὸς
1451 4403 1617 4470 λέγει,
1649 4401 1736 4456 διά
1760 4403 1854 4474 τὴν
1883 4404 1988 4458 τῶν

437 4490 723 4544 οἰκούντων
754 4492 879 4562 περὶ
911 4492 978 4544 τά
1011 4493 1216 4564 νόμιμα
1262 4493 1502 4565 φυλακὴν
1528 4534 1542 4558 ,
1590 4494 1682 4557 οὒς
1732 4497 1825 4547 καὶ
1868 4496 1988 4548 ναὸν

441 4582 682 4651 βούλεται
715 4583 879 4653 ἔχειν,
923 4585 1016 4636 καὶ
1056 4584 1236 4651 ἀξίους
1259 4581 1397 4638 εἶναι
1426 4585 1516 4638 τοῦ
1555 4587 1779 4640 ἐνοικεῖν
1812 4589 1869 4639 ἐν
1897 4589 1993 4642 αὑ-

438 4693 567 4740 τοις.

510 4769 691 4826 Πάντα
737 4768 845 4838 γὰρ
904 4768 1234 4838 πανταχόθεν
1285 4769 1382 4841 βοᾷ
1426 4772 1522 4842 τὴν
1570 4772 1779 4828 δικαίαν
1818 4774 1993 4844 κρίσιν

2018 4538 2068 4598 D

2086 1947 2171 1994 cst
2205 1948 2400 2008 prater
2424 1957 2621 1995 nomen
2649 1939 3108 1996 Christianorum.
3129 1939 3248 1996 Jam
3277 1957 3381 1995 non
3404 1942 3638 2010 amplius

2085 2029 2351 2084 idolorum
2403 2031 2722 2085 memoriam
2780 2032 2999 2098 facient,
3048 2047 3222 2102 neque
3265 2048 3327 2087 ea
3375 2039 3632 2100 tanquam

2087 2125 2218 2180 deos
2245 2127 2594 2190 invocabunt,
2649 2127 2744 2198 sed
2780 2143 2949 2180 unum
2986 2126 3155 2181 Deum
3204 2134 3258 2181 et
3298 2125 3632 2180 conditorem

2087 2230 2244 2268 suum
2279 2217 2480 2283 colent,
2507 2225 2560 2270 et
2590 2217 2658 2270 ab
2707 2217 2824 2286 ipso
2885 2216 3151 2270 bonorum
3198 2216 3409 2284 copiam
3464 2215 3633 2284 impe-

2086 2303 2324 2358 trahunt.

2161 2390 2328 2450 Vens.
2367 2396 2455 2450 20.
2499 2395 2698 2451 Multos
2727 2412 2899 2452 annos
2931 2395 3156 2466 perfecit
3187 2396 3279 2465 qui
3313 2409 3420 2448 non
3444 2393 3633 2446 imma-

2085 2492 2209 2540 tura
2242 2496 2416 2542 morte
2461 2490 2671 2557 rapitur
2723 2496 2777 2543 et
2825 2490 3050 2543 viridem
3091 2487 3444 2556 consequitur
3481 2498 3641 2537 seue-

2087 2585 2311 2632 ctutem.
2348 2576 2537 2634 Justus
2567 2580 2708 2634 enim
2746 2580 3090 2634 centenarius
3132 2579 3238 2633 erit
3259 2575 3416 2648 quasi
3458 2574 3640 2628 adole-

2088 2683 2248 2724 scens
2280 2678 2404 2724 ante
2441 2653 2654 2740 tempus
2679 2672 2948 2732 moriens;
2997 2679 3252 2740 peccator
3289 2682 3417 2723 vero
3463 2676 3639 2721 cente-

2088 2759 2279 2816 narius
2330 2761 2653 2815 maledictus
2713 2762 2836 2826 erit,
2889 2769 3111 2832 propter
3158 2759 3332 2830 ipsam
3378 2756 3636 2829 grandem

2087 2859 2299 2906 aetatem
2333 2851 2646 2904 damnatus.

2162 2941 2325 2998 Vens.
2365 2943 2454 2997 22.
2500 2941 2775 2996 Continuo
2829 2940 3087 2996 ﬂorentes
3147 2936 3388 3010 paradisi
3441 2936 3639 3006 plantae

2088 3040 2321 3088 aeternos
2346 3033 2553 3088 fructus
2585 3032 2783 3088 ferunt.
2812 3031 3022 3102 Quippe
3059 3030 3185 3100 qui,
3220 3029 3348 3082 dum
3381 3026 3545 3080 homo
3584 3024 3639 3075 in

2090 3125 2344 3195 paradiso
2371 3135 2531 3191 esset,
2567 3125 2622 3178 in
2650 3123 2767 3178 dics
2785 3123 2954 3194 magis
2987 3122 3230 3189 acmagis
3252 3119 3417 3181 aucti,
3440 3123 3639 3171 aeterna

2089 3215 2291 3269 homini
2321 3213 2513 3284 gaudia
2556 3213 2901 3282 praebebant;
2931 3210 3156 3279 expulso
3183 3219 3376 3261 autem
3423 3205 3645 3260 homine

2088 3320 2154 3360 ex
2183 3303 2458 3374 paradiso,
2503 3310 2784 3358 remanent
2813 3299 3021 3355 fructus
3056 3300 3111 3353 in
3149 3307 3408 3353 aeternum
3460 3295 3641 3348 incoro

2087 3396 2392 3466 ruptibiles.

2161 3486 2326 3542 Vens.
2365 3488 2456 3542 25.
2496 3486 2626 3553 Quae
2681 3483 2896 3556 quidem
2953 3483 3234 3538 denuntiat
3287 3476 3639 3546 Deustrael

2088 3577 2467 3650 paenitentiam
2495 3578 2709 3649 agenti;
2744 3577 2870 3645 quia
2911 3582 3088 3630 autem
3122 3571 3388 3626 indociles
3418 3581 3639 3624 reman-

2090 3677 2300 3734 serunt,
2365 3668 2772 3724 benedictiones
2817 3680 2946 3721 suas
3001 3662 3254 3735 gentibus
3310 3659 3636 3730 impertitur,

2090 3771 2148 3816 ut
2177 3760 2232 3815 in
2267 3759 2564 3815 Ecclesiam
2590 3758 2744 3828 juxta
2779 3759 3064 3812 veritatem
3106 3750 3497 3820 suscipiantur.

2161 3848 2290 3906 CAP.
2346 3847 2529 3914 LXVI,
2564 3847 2730 3902 Vens.
2763 3848 2815 3902 1.
2856 3844 3130 3899 Ambabus
3164 3841 3414 3897 tribubus
3463 3837 3642 3891 adhuc

2091 3951 2292 3997 terram
2325 3955 2474 3996 suam
2507 3939 2920 4008 occupantibus,
2965 3951 3131 4006 seque
3177 3934 3234 3988 in
3271 3932 3641 4003 captivitatem

2092 4042 2312 4103 propter
2341 4032 2586 4088 studium
2615 4030 2708 4085 Dei
2759 4029 2814 4083 in
2852 4029 3110 4099 templum
3144 4041 3254 4080 non
3303 4023 3497 4079 abduci
3540 4037 3641 4092 pu—

2093 4125 2354 4188 tantibus,
2384 4140 2491 4177 non
2524 4139 2650 4177 vero
2677 4127 2896 4191 prapter
2925 4119 3222 4173 bonitatem
3262 4130 3474 4168 morum
3510 4129 3642 4167 suo-

2093 4232 2212 4269 rum
2241 4223 2333 4269 aut
2391 4230 2542 4268 suam
2601 4216 2656 4267 in
2719 4213 3006 4266 Dominum
3072 4211 3349 4281 pietatem,
3401 4207 3644 4262 declarat

2092 4306 2236 4362 Deus
2273 4325 2285 4360 :
2317 4305 2436 4360 illos
2458 4321 2565 4358 non
2597 4305 2702 4358 loci
2725 4315 2815 4358 aut
2851 4302 3040 4372 templi
3093 4301 3264 4371 gratia
3316 4297 3642 4369 captivitatis

2095 4398 2365 4452 immunes
2406 4397 2644 4461 futuros,
2675 4396 2768 4467 qui
2801 4395 2915 4449 hac
2960 4394 3227 4465 praecipue
3271 4393 3473 4446 colunt.
3506 4389 3640 4443 Nam

2095 4490 2208 4544 hazc
2248 4489 2575 4552 retinebunt,
2632 4489 2706 4542 ait
2744 4487 2908 4551 Deus,
2958 4495 3175 4555 propter
3220 4482 3640 4538 inhabitantium

2092 4583 2238 4636 circa
2269 4581 2459 4650 legalia
2490 4580 2744 4648 pietatem
2770 4596 2783 4645 ;
2826 4592 2962 4648 quos
2987 4576 3131 4630 enim
3165 4574 3421 4645 templum
3462 4571 3642 4642 possi-

2090 4673 2218 4728 dere
2248 4673 2390 4732 volo,
2425 4671 2534 4724 sint
2567 4669 2716 4739 digni
2743 4669 2836 4738 qui
2871 4667 3002 4721 illud
3034 4665 3359 4720 inhabitent.

2163 4761 2324 4817 Vens.
2366 4761 2417 4814 6.
2460 4761 2818 4816 Conclamant
2855 4767 3051 4814 cuncta
3091 4757 3352 4827 judicium
3393 4753 3486 4809 Dei
3519 4768 3646 4808 esse

439 4861 532 4917 τοῦ
565 4859 720 4924 Θεοῦ,
753 4859 1021 4930 πολεμίων
1051 4860 1148 4928 μὲν
1183 4862 1721 4933 καταστρεφομένων,
1759 4864 1992 4927 Ἐζεκίου

2087 4855 2316 4924 justum,
2373 4852 2512 4907 fusis
2556 4853 2830 4915 hostibus,
2871 4850 3098 4904 Ezechia
3149 4848 3215 4902 de
3258 4846 3456 4916 templo
3491 4860 3643 4912 egre-

439 4953 493 5008 δέ
523 4954 585 5005 ἐκ
607 4951 700 5005 τοῦ
726 4952 856 5006 ναοῦ
878 4951 1189 5014 ἐπανιόντος
1213 4952 1305 5004 καὶ
1327 4953 1684 5024 κηρύττοντος
1704 4956 1799 5027 τὴν
1829 4973 1995 5026 μεγα-

441 5044 692 5116 λειότητα
716 5043 809 5096 τοῦ
836 5041 992 5096 Θεοῦ.

510 5135 785 5203 Τουτέστι,
826 5135 938 5205 Πρὸ
978 5133 1072 5187 τοῦ
1109 5132 1347 5186 κινδύνου
1389 5134 1498 5205 (14)
1547 5134 1731 5188 ἔτεκεν
1760 5136 1942 5208 ἄρσεν,
1968 5139 1996 5191 ὅ

443 5231 556 5280 ἐστι
585 5227 772 5298 κύημα
798 5228 959 5282 καλὸν
985 5229 1076 5280 καὶ
1101 5225 1598 5296 τριπόθητον-,ταῖς
1639 5228 1748 5298 γάρ
1782 5229 1994 5282 τικτού-

445 5334 564 5379 σαις
613 5317 963 5388 ἀῤῥενοτοκία
1008 5317 1204 5387 μᾶλλον
1255 5317 1479 5387 θατέρου
1533 5318 1921 5387 προτέτακται·
1961 5319 1993 5389 ἢ

441 5410 580 5481 τάχα
625 5426 727 5462 που
763 5411 854 5463 καὶ
888 5409 1053 5480 ἄρσεν
1092 5409 1153 5460 τὸ
1194 5406 1414 5478 τεχθέν⁶
1454 5408 1512 5459 οὐ
1560 5408 1666 5479 γάρ
1712 5408 1994 5480 θηλύνεται

443 5503 576 5576 πρὸς
613 5501 988 5572 μακαρισμοὺς
1011 5503 1039 5553 ὀ
1073 5501 1130 5552 ἐν
1168 5499 1386 5571 Χριστῷ
1417 5500 1572 5563 λαός·
1603 5500 1855 5570 φρόνημα
1884 5502 1988 5572 γάρ

444 5599 588 5650 ἐστιν
620 5596 678 5648 ἐν
703 5593 850 5664 αὐτῷ
883 5593 1146 5648 νεανικόν.
1169 5591 1582 5646 -Ἐκδιδάσκει
1611 5592 1896 5663 προλαϐεῖν
1928 5597 1994 5665 τῇ

448 5686 702 5765 μετανοίᾳ
728 5686 818 5738 τὸν
849 5686 1038 5755 καιρὸν
1067 5685 1176 5738 τῶν
1216 5684 1438 5749 ὠδίνων,
1471 5687 1560 5738 καὶ
1591 5684 1776 5756 ὥσπερ
1810 5686 1995 5739 παιδία

512 5801 556 5871 (Ι
569 5801 624 5871 4)
659 5798 817 5854 Forte
853 5799 1131 5868 κυητικοῦ.

2090 4945 2270 5000 dicnte
2301 4955 2354 4998 et
2378 4944 2810 5012 magnidcentias
2844 4941 2935 4996 Dei
2969 4941 3313 5011 praedicante.

2160 5116 2319 5171 Vens.
2363 5118 2411 5170 7.
2457 5116 2571 5171 Hoc
2597 5124 2720 5171 est:
2753 5114 2919 5170 Partu
2960 5116 3199 5170 nondum
3231 5124 3446 5167 maturo
3481 5125 3644 5179 pepe-

2091 5212 2163 5266 rit
2224 5211 2548 5273 masculum,
2603 5217 2952 5279 praestantem
3000 5206 3207 5260 scilicet
3246 5203 3411 5258 fetum
3455 5209 3508 5254 et
3557 5209 3641 5255 ter

2092 5309 2370 5371 optatum;
2428 5299 2694 5354 matribus
2749 5298 2892 5352 enim
2948 5295 3311 5350 masculorum
3367 5291 3640 5362 generatio

2094 5394 2317 5464 gratior.
2354 5391 2419 5446 Et
2455 5390 2696 5461 profecto
2738 5388 3041 5442 masculum
3081 5387 3320 5455 genitum
3352 5383 3488 5445 fuit;
3532 5379 3641 5433 dici

2095 5487 2239 5541 enim
2271 5484 2614 5546 effeminatus
2647 5497 2751 5535 non
2785 5488 2960 5549 potest
2989 5479 3220 5549 populus
3260 5476 3480 5530 Christo
3511 5472 3645 5526 fide-

2095 5579 2202 5644 lis;
2240 5591 2362 5630 nam
2395 5591 2592 5631 sensus
2631 5575 2705 5627 illi
2741 5571 2934 5626 virilis.
2975 5601 3043 5609 ——
3077 5569 3240 5624 Docet
3283 5574 3342 5620 ut
3375 5567 3643 5635 poeniten-

2098 5671 2170 5728 tia
2203 5669 2345 5724 diem
2382 5677 2568 5738 partus
2611 5679 3068 5738 praeoccupemus,
3118 5672 3172 5719 et
3212 5662 3358 5717 velut
3391 5657 3649 5731 parvulo;
