  <div class='ocr_page' id='page_1' title='image "/cluster/home/n/w/nwhite01/storage/ocr_20150623/18/coo.31924054872985/701.png"; bbox 0 0 4138 6454; ppageno 0'>
   <div class='ocr_carea' id='block_1_1' title="bbox 482 404 619 459">
    <p class='ocr_par' dir='ltr' id='par_1_1' title="bbox 482 404 619 459">
     <span class='ocr_line' id='line_1_1' title="bbox 482 404 619 459; baseline 0.007 -1"><span class='ocrx_word' id='word_1_1' title='bbox 482 404 619 459; x_wconf 71' lang='grc'><strong>1575</strong></span> 
     </span>
    </p>
   </div>
   <div class='ocr_carea' id='block_1_2' title="bbox 1656 391 2548 448">
    <p class='ocr_par' dir='ltr' id='par_1_2' title="bbox 1656 391 2548 448">
     <span class='ocr_line' id='line_1_2' title="bbox 1656 391 2548 448; baseline 0 0"><span class='ocrx_word' id='word_1_2' title='bbox 1656 392 2000 448; x_wconf 78' lang='lat' dir='ltr'><strong>THEODORI</strong></span> <span class='ocrx_word' id='word_1_3' title='bbox 2037 391 2548 448; x_wconf 77' lang='lat' dir='ltr'><strong>HERACLEENSIS</strong></span> 
     </span>
    </p>
   </div>
   <div class='ocr_carea' id='block_1_3' title="bbox 3551 395 3686 449">
    <p class='ocr_par' dir='ltr' id='par_1_3' title="bbox 3551 395 3686 449">
     <span class='ocr_line' id='line_1_3' title="bbox 3551 395 3686 449; baseline 0 0"><span class='ocrx_word' id='word_1_4' title='bbox 3551 395 3686 449; x_wconf 74' lang='grc'>1576</span> 
     </span>
    </p>
   </div>
   <div class='ocr_carea' id='block_1_4' title="bbox 481 510 2030 588">
    <p class='ocr_par' dir='ltr' id='par_1_4' title="bbox 481 513 2030 588">
     <span class='ocr_line' id='line_1_4' title="bbox 481 513 2030 588; baseline -0.006 -12"><span class='ocrx_word' id='word_1_5' title='bbox 481 521 711 576; x_wconf 99' lang='lat' dir='ltr'><strong>salutem</strong></span> <span class='ocrx_word' id='word_1_6' title='bbox 765 528 1010 574; x_wconf 89' lang='lat' dir='ltr'><strong>nostram</strong></span> <span class='ocrx_word' id='word_1_7' title='bbox 1066 516 1362 588; x_wconf 85' lang='lat' dir='ltr'><strong>pariamus.</strong></span> <span class='ocrx_word' id='word_1_8' title='bbox 1419 513 1516 569; x_wconf 87' lang='lat' dir='ltr'><strong>Est</strong></span> <span class='ocrx_word' id='word_1_9' title='bbox 1554 513 1772 583; x_wconf 84' lang='lat' dir='ltr'><strong>quidem</strong></span> <span class='ocrx_word' id='word_1_10' title='bbox 1811 514 2030 567; x_wconf 86' lang='lat' dir='ltr'><strong>omnino</strong></span> 
     </span>
    </p>
   </div>
   <div class='ocr_carea' id='block_1_5' title="bbox 2131 510 3684 588">
    <p class='ocr_par' dir='ltr' id='par_1_5' title="bbox 2131 510 3684 584">
     <span class='ocr_line' id='line_1_5' title="bbox 2131 510 3684 584; baseline 0 -20"><span class='ocrx_word' id='word_1_11' title='bbox 2131 512 2435 582; x_wconf 84' lang='grc' dir='ltr'><strong>ἀποκυῆσαι</strong></span> <span class='ocrx_word' id='word_1_12' title='bbox 2476 511 2573 582; x_wconf 83' lang='grc' dir='ltr'>τὴν</span> <span class='ocrx_word' id='word_1_13' title='bbox 2603 512 2807 564; x_wconf 79' lang='grc' dir='ltr'>ἑαυτῶν</span> <span class='ocrx_word' id='word_1_14' title='bbox 2843 510 3142 582; x_wconf 82' lang='grc' dir='ltr'><strong>σωτηρίαν·</strong></span> <span class='ocrx_word' id='word_1_15' title='bbox 3177 512 3312 584; x_wconf 87' lang='grc' dir='ltr'>ὅπερ</span> <span class='ocrx_word' id='word_1_16' title='bbox 3355 513 3502 565; x_wconf 72' lang='grc' dir='ltr'>ἐστὶν</span> <span class='ocrx_word' id='word_1_17' title='bbox 3543 514 3684 583; x_wconf 78' lang='grc' dir='ltr'>ὑπὲρ</span> 
     </span>
    </p>
   </div>
   <div class='ocr_carea' id='block_1_6' title="bbox 483 604 2033 680">
    <p class='ocr_par' dir='ltr' id='par_1_6' title="bbox 483 604 2033 680">
     <span class='ocr_line' id='line_1_6' title="bbox 483 604 2033 680; baseline -0.006 -15"><span class='ocrx_word' id='word_1_18' title='bbox 483 627 648 680; x_wconf 83' lang='lat' dir='ltr'><strong>super</strong></span> <span class='ocrx_word' id='word_1_19' title='bbox 678 611 956 664; x_wconf 88' lang='lat' dir='ltr'><strong>hominum</strong></span> <span class='ocrx_word' id='word_1_20' title='bbox 994 622 1198 673; x_wconf 90' lang='lat' dir='ltr'><strong>mores,</strong></span> <span class='ocrx_word' id='word_1_21' title='bbox 1231 604 1377 676; x_wconf 92' lang='lat' dir='ltr'><strong>quod</strong></span> <span class='ocrx_word' id='word_1_22' title='bbox 1411 605 1685 675; x_wconf 80' lang='lat' dir='ltr'><strong>paulisper</strong></span> <span class='ocrx_word' id='word_1_23' title='bbox 1712 604 2033 658; x_wconf 88' lang='lat' dir='ltr'><strong>brevissima</strong></span> 
     </span>
    </p>
   </div>
   <div class='ocr_carea' id='block_1_7' title="bbox 483 694 2032 770">
    <p class='ocr_par' dir='ltr' id='par_1_7' title="bbox 483 694 2032 770">
     <span class='ocr_line' id='line_1_7' title="bbox 483 694 2032 770; baseline -0.005 -17"><span class='ocrx_word' id='word_1_24' title='bbox 483 701 797 766; x_wconf 89' lang='lat' dir='ltr'><strong>tolerantes,</strong></span> <span class='ocrx_word' id='word_1_25' title='bbox 830 699 986 770; x_wconf 90' lang='lat' dir='ltr'><strong>quasi</strong></span> <span class='ocrx_word' id='word_1_26' title='bbox 1023 698 1280 751; x_wconf 89' lang='lat' dir='ltr'><strong>diuturna</strong></span> <span class='ocrx_word' id='word_1_27' title='bbox 1325 694 1759 766; x_wconf 89' lang='lat' dir='ltr'><strong>pertulissemus,</strong></span> <span class='ocrx_word' id='word_1_28' title='bbox 1804 694 2032 748; x_wconf 84' lang='lat' dir='ltr'><strong>salutem</strong></span> 
     </span>
    </p>
   </div>
   <div class='ocr_carea' id='block_1_8' title="bbox 480 782 2035 861">
    <p class='ocr_par' dir='ltr' id='par_1_8' title="bbox 480 782 2035 861">
     <span class='ocr_line' id='line_1_8' title="bbox 480 782 2035 861; baseline -0.005 -16"><span class='ocrx_word' id='word_1_29' title='bbox 480 806 898 861; x_wconf 83' lang='lat' dir='ltr'><strong>consequamur.</strong></span> <span class='ocrx_word' id='word_1_30' title='bbox 931 791 1060 856; x_wconf 66' lang='lat' dir='ltr'><strong>Quae</strong></span> <span class='ocrx_word' id='word_1_31' title='bbox 1093 805 1222 846; x_wconf 87' lang='lat' dir='ltr'><strong>vero</strong></span> <span class='ocrx_word' id='word_1_32' title='bbox 1259 786 1586 859; x_wconf 85' lang='lat' dir='ltr'><strong>perﬁcienda</strong></span> <span class='ocrx_word' id='word_1_33' title='bbox 1617 801 1738 840; x_wconf 89' lang='lat' dir='ltr'><strong>esse</strong></span> <span class='ocrx_word' id='word_1_34' title='bbox 1774 784 1840 838; x_wconf 90' lang='lat' dir='ltr'><strong>de</strong></span> <span class='ocrx_word' id='word_1_35' title='bbox 1877 782 2035 838; x_wconf 81' lang='lat' dir='ltr'><strong>Jeru-</strong></span> 
     </span>
    </p>
   </div>
   <div class='ocr_carea' id='block_1_9' title="bbox 481 873 2034 952">
    <p class='ocr_par' dir='ltr' id='par_1_9' title="bbox 481 873 2034 952">
     <span class='ocr_line' id='line_1_9' title="bbox 481 873 2034 952; baseline -0.003 -15"><span class='ocrx_word' id='word_1_36' title='bbox 481 883 648 937; x_wconf 85' lang='lat' dir='ltr'><strong>salem</strong></span> <span class='ocrx_word' id='word_1_37' title='bbox 677 882 984 946; x_wconf 82' lang='lat' dir='ltr'><strong>nuntiabat,</strong></span> <span class='ocrx_word' id='word_1_38' title='bbox 1035 881 1101 936; x_wconf 91' lang='lat' dir='ltr'><strong>ad</strong></span> <span class='ocrx_word' id='word_1_39' title='bbox 1141 896 1305 952; x_wconf 91' lang='lat' dir='ltr'><strong>quam</strong></span> <span class='ocrx_word' id='word_1_40' title='bbox 1353 880 1512 951; x_wconf 89' lang='lat' dir='ltr'><strong>paulo</strong></span> <span class='ocrx_word' id='word_1_41' title='bbox 1542 887 1664 948; x_wconf 89' lang='lat' dir='ltr'><strong>post</strong></span> <span class='ocrx_word' id='word_1_42' title='bbox 1704 873 2034 932; x_wconf 65' lang='lat' dir='ltr'><strong>habitatores</strong></span> 
     </span>
    </p>
   </div>
   <div class='ocr_carea' id='block_1_10' title="bbox 481 974 1142 1044">
    <p class='ocr_par' dir='ltr' id='par_1_10' title="bbox 481 974 1142 1044">
     <span class='ocr_line' id='line_1_10' title="bbox 481 974 1142 1044; baseline 0.005 -20"><span class='ocrx_word' id='word_1_43' title='bbox 481 974 721 1027; x_wconf 81' lang='lat' dir='ltr'><strong>redirent</strong></span> <span class='ocrx_word' id='word_1_44' title='bbox 749 989 814 1028; x_wconf 90' lang='lat' dir='ltr'><strong>ac</strong></span> <span class='ocrx_word' id='word_1_45' title='bbox 847 983 960 1028; x_wconf 87' lang='lat' dir='ltr'><strong>tota</strong></span> <span class='ocrx_word' id='word_1_46' title='bbox 989 989 1142 1044; x_wconf 76' lang='lat' dir='ltr'><strong>gens.</strong></span> 
     </span>
    </p>
   </div>
   <div class='ocr_carea' id='block_1_11' title="bbox 553 1058 2035 1122">
    <p class='ocr_par' dir='ltr' id='par_1_11' title="bbox 553 1058 2035 1122">
     <span class='ocr_line' id='line_1_11' title="bbox 553 1058 2035 1122; baseline -0.003 -6"><span class='ocrx_word' id='word_1_47' title='bbox 553 1063 713 1119; x_wconf 73' lang='lat' dir='ltr'><strong>Vens.</strong></span> <span class='ocrx_word' id='word_1_48' title='bbox 750 1065 804 1120; x_wconf 90' lang='lat'><strong>8.</strong></span> <span class='ocrx_word' id='word_1_49' title='bbox 837 1065 971 1118; x_wconf 76' lang='lat' dir='ltr'><strong>Nam</strong></span> <span class='ocrx_word' id='word_1_50' title='bbox 1017 1065 1064 1119; x_wconf 92' lang='lat' dir='ltr'><strong>si</strong></span> <span class='ocrx_word' id='word_1_51' title='bbox 1120 1063 1188 1116; x_wconf 83' lang='lat' dir='ltr'><strong>ad</strong></span> <span class='ocrx_word' id='word_1_52' title='bbox 1242 1061 1409 1118; x_wconf 91' lang='lat' dir='ltr'><strong>Deum</strong></span> <span class='ocrx_word' id='word_1_53' title='bbox 1441 1058 1852 1122; x_wconf 85' lang='lat' dir='ltr'><strong>convertemini,</strong></span> <span class='ocrx_word' id='word_1_54' title='bbox 1905 1072 2035 1112; x_wconf 92' lang='lat' dir='ltr'><strong>con-</strong></span> 
     </span>
    </p>
   </div>
   <div class='ocr_carea' id='block_1_12' title="bbox 480 1153 2035 1226">
    <p class='ocr_par' dir='ltr' id='par_1_12' title="bbox 480 1153 2035 1226">
     <span class='ocr_line' id='line_1_12' title="bbox 480 1153 2035 1226; baseline -0.004 -19"><span class='ocrx_word' id='word_1_55' title='bbox 480 1153 661 1210; x_wconf 87' lang='lat' dir='ltr'><strong>festim</strong></span> <span class='ocrx_word' id='word_1_56' title='bbox 688 1172 784 1211; x_wconf 82' lang='lat' dir='ltr'><strong>vos</strong></span> <span class='ocrx_word' id='word_1_57' title='bbox 807 1156 1073 1226; x_wconf 81' lang='lat' dir='ltr'><strong>excipiet;</strong></span> <span class='ocrx_word' id='word_1_58' title='bbox 1121 1169 1220 1209; x_wconf 90' lang='lat' dir='ltr'><strong>nec</strong></span> <span class='ocrx_word' id='word_1_59' title='bbox 1247 1168 1361 1207; x_wconf 93' lang='lat' dir='ltr'><strong>rem</strong></span> <span class='ocrx_word' id='word_1_60' title='bbox 1395 1154 1515 1221; x_wconf 92' lang='lat' dir='ltr'><strong>ipso</strong></span> <span class='ocrx_word' id='word_1_61' title='bbox 1545 1153 1613 1206; x_wconf 91' lang='lat' dir='ltr'><strong>ad</strong></span> <span class='ocrx_word' id='word_1_62' title='bbox 1651 1153 1870 1222; x_wconf 79' lang='lat' dir='ltr'><strong>longum</strong></span> <span class='ocrx_word' id='word_1_63' title='bbox 1897 1156 2035 1204; x_wconf 89' lang='lat' dir='ltr'><strong>tem-</strong></span> 
     </span>
    </p>
   </div>
   <div class='ocr_carea' id='block_1_13' title="bbox 479 1239 2032 1318">
    <p class='ocr_par' dir='ltr' id='par_1_13' title="bbox 479 1239 2032 1318">
     <span class='ocr_line' id='line_1_13' title="bbox 479 1239 2032 1318; baseline -0.006 -18"><span class='ocrx_word' id='word_1_64' title='bbox 479 1247 627 1317; x_wconf 88' lang='lat' dir='ltr'><strong>poris</strong></span> <span class='ocrx_word' id='word_1_65' title='bbox 693 1249 926 1318; x_wconf 86' lang='lat' dir='ltr'><strong>spatium</strong></span> <span class='ocrx_word' id='word_1_66' title='bbox 981 1245 1262 1300; x_wconf 83' lang='lat' dir='ltr'><strong>diﬁ&#39;erente</strong></span> <span class='ocrx_word' id='word_1_67' title='bbox 1291 1283 1308 1310; x_wconf 89' lang='lat'><strong>,</strong></span> <span class='ocrx_word' id='word_1_68' title='bbox 1363 1245 1481 1299; x_wconf 83' lang='lat' dir='ltr'><strong>sine</strong></span> <span class='ocrx_word' id='word_1_69' title='bbox 1512 1243 1620 1298; x_wconf 92' lang='lat' dir='ltr'><strong>ulla</strong></span> <span class='ocrx_word' id='word_1_70' title='bbox 1652 1257 1805 1296; x_wconf 90' lang='lat' dir='ltr'><strong>mora</strong></span> <span class='ocrx_word' id='word_1_71' title='bbox 1850 1239 2032 1297; x_wconf 83' lang='lat' dir='ltr'><strong>statim</strong></span> 
     </span>
    </p>
   </div>
   <div class='ocr_carea' id='block_1_14' title="bbox 477 1331 2034 1406">
    <p class='ocr_par' dir='ltr' id='par_1_14' title="bbox 477 1331 2034 1406">
     <span class='ocr_line' id='line_1_14' title="bbox 477 1331 2034 1406; baseline -0.005 -14"><span class='ocrx_word' id='word_1_72' title='bbox 477 1353 669 1392; x_wconf 91' lang='lat' dir='ltr'><strong>omnes</strong></span> <span class='ocrx_word' id='word_1_73' title='bbox 704 1339 760 1391; x_wconf 90' lang='lat' dir='ltr'><strong>in</strong></span> <span class='ocrx_word' id='word_1_74' title='bbox 797 1337 1092 1392; x_wconf 85' lang='lat' dir='ltr'><strong>Jerusalem</strong></span> <span class='ocrx_word' id='word_1_75' title='bbox 1153 1335 1649 1406; x_wconf 76' lang='lat' dir='ltr'><strong>congregabuntur.</strong></span> <span class='ocrx_word' id='word_1_76' title='bbox 1711 1331 1828 1386; x_wconf 85' lang='lat' dir='ltr'><strong>Non</strong></span> <span class='ocrx_word' id='word_1_77' title='bbox 1873 1339 2034 1386; x_wconf 86' lang='lat' dir='ltr'><strong>erunt</strong></span> 
     </span>
    </p>
   </div>
   <div class='ocr_carea' id='block_1_15' title="bbox 478 1424 2035 1501">
    <p class='ocr_par' dir='ltr' id='par_1_15' title="bbox 478 1424 2035 1501">
     <span class='ocr_line' id='line_1_15' title="bbox 478 1424 2035 1501; baseline -0.004 -17"><span class='ocrx_word' id='word_1_78' title='bbox 478 1433 570 1501; x_wconf 88' lang='lat' dir='ltr'><strong>qui</strong></span> <span class='ocrx_word' id='word_1_79' title='bbox 606 1431 760 1485; x_wconf 88' lang='lat' dir='ltr'><strong>ﬁdem</strong></span> <span class='ocrx_word' id='word_1_80' title='bbox 809 1440 902 1484; x_wconf 92' lang='lat' dir='ltr'><strong>aut</strong></span> <span class='ocrx_word' id='word_1_81' title='bbox 936 1446 1152 1501; x_wconf 89' lang='lat' dir='ltr'><strong>operam</strong></span> <span class='ocrx_word' id='word_1_82' title='bbox 1199 1429 1564 1498; x_wconf 82' lang='lat' dir='ltr'><strong>denegantes,</strong></span> <span class='ocrx_word' id='word_1_83' title='bbox 1620 1426 1876 1497; x_wconf 80' lang='lat' dir='ltr'><strong>praedicta</strong></span> <span class='ocrx_word' id='word_1_84' title='bbox 1921 1424 2035 1478; x_wconf 86' lang='lat' dir='ltr'><strong>dis-</strong></span> 
     </span>
    </p>
   </div>
   <div class='ocr_carea' id='block_1_16' title="bbox 479 1514 2032 1592">
    <p class='ocr_par' dir='ltr' id='par_1_16' title="bbox 479 1514 2032 1592">
     <span class='ocr_line' id='line_1_16' title="bbox 479 1514 2032 1592; baseline -0.003 -18"><span class='ocrx_word' id='word_1_85' title='bbox 479 1522 718 1576; x_wconf 86' lang='lat' dir='ltr'><strong>turbant.</strong></span> <span class='ocrx_word' id='word_1_86' title='bbox 795 1521 1223 1592; x_wconf 86' lang='lat' dir='ltr'><strong>Complebuntur</strong></span> <span class='ocrx_word' id='word_1_87' title='bbox 1279 1535 1411 1576; x_wconf 88' lang='lat' dir='ltr'><strong>sane</strong></span> <span class='ocrx_word' id='word_1_88' title='bbox 1492 1534 1612 1588; x_wconf 68' lang='lat' dir='ltr'><strong>qua:</strong></span> <span class='ocrx_word' id='word_1_89' title='bbox 1661 1517 1726 1571; x_wconf 93' lang='lat' dir='ltr'><strong>de</strong></span> <span class='ocrx_word' id='word_1_90' title='bbox 1784 1514 2032 1586; x_wconf 81' lang='lat' dir='ltr'><strong>gentibus</strong></span> 
     </span>
    </p>
   </div>
   <div class='ocr_carea' id='block_1_17' title="bbox 477 1605 2028 1683">
    <p class='ocr_par' dir='ltr' id='par_1_17' title="bbox 477 1605 2028 1683">
     <span class='ocr_line' id='line_1_17' title="bbox 477 1605 2028 1683; baseline -0.005 -17"><span class='ocrx_word' id='word_1_91' title='bbox 477 1613 619 1667; x_wconf 90' lang='lat' dir='ltr'><strong>dicta</strong></span> <span class='ocrx_word' id='word_1_92' title='bbox 674 1621 828 1677; x_wconf 92' lang='lat' dir='ltr'><strong>sunt;</strong></span> <span class='ocrx_word' id='word_1_93' title='bbox 884 1613 1083 1683; x_wconf 87' lang='lat' dir='ltr'><strong>quippe</strong></span> <span class='ocrx_word' id='word_1_94' title='bbox 1141 1627 1298 1682; x_wconf 69' lang='lat' dir='ltr'><strong>quae,</strong></span> <span class='ocrx_word' id='word_1_95' title='bbox 1355 1610 1471 1667; x_wconf 88' lang='lat' dir='ltr'><strong>suis</strong></span> <span class='ocrx_word' id='word_1_96' title='bbox 1516 1607 1813 1671; x_wconf 87' lang='lat' dir='ltr'><strong>derelictis,</strong></span> <span class='ocrx_word' id='word_1_97' title='bbox 1859 1605 2028 1660; x_wconf 91' lang='lat' dir='ltr'><strong>Deum</strong></span> 
     </span>
    </p>
   </div>
   <div class='ocr_carea' id='block_1_18' title="bbox 477 1699 2033 1774">
    <p class='ocr_par' dir='ltr' id='par_1_18' title="bbox 477 1699 2033 1774">
     <span class='ocr_line' id='line_1_18' title="bbox 477 1699 2033 1774; baseline -0.005 -16"><span class='ocrx_word' id='word_1_98' title='bbox 477 1719 632 1758; x_wconf 90' lang='lat' dir='ltr'><strong>suum</strong></span> <span class='ocrx_word' id='word_1_99' title='bbox 662 1713 716 1758; x_wconf 92' lang='lat' dir='ltr'><strong>et</strong></span> <span class='ocrx_word' id='word_1_100' title='bbox 739 1703 1066 1758; x_wconf 81' lang='lat' dir='ltr'><strong>Salvatorem</strong></span> <span class='ocrx_word' id='word_1_101' title='bbox 1095 1712 1469 1774; x_wconf 81' lang='lat' dir='ltr'><strong>agnoscentes,</strong></span> <span class='ocrx_word' id='word_1_102' title='bbox 1493 1699 1560 1754; x_wconf 90' lang='lat' dir='ltr'><strong>de</strong></span> <span class='ocrx_word' id='word_1_103' title='bbox 1582 1699 1854 1769; x_wconf 88' lang='lat' dir='ltr'><strong>prioribus</strong></span> <span class='ocrx_word' id='word_1_104' title='bbox 1881 1711 2033 1752; x_wconf 85' lang='lat' dir='ltr'><strong>erro-</strong></span> 
     </span>
    </p>
   </div>
   <div class='ocr_carea' id='block_1_19' title="bbox 475 1790 2032 1867">
    <p class='ocr_par' dir='ltr' id='par_1_19' title="bbox 475 1790 2032 1867">
     <span class='ocr_line' id='line_1_19' title="bbox 475 1790 2032 1867; baseline -0.005 -17"><span class='ocrx_word' id='word_1_105' title='bbox 475 1796 626 1851; x_wconf 86' lang='lat' dir='ltr'><strong>ribus</strong></span> <span class='ocrx_word' id='word_1_106' title='bbox 655 1797 1026 1867; x_wconf 66' lang='lat' dir='ltr'><strong>puanitentiam</strong></span> <span class='ocrx_word' id='word_1_107' title='bbox 1087 1804 1333 1867; x_wconf 81' lang='lat' dir='ltr'><strong>agentes,</strong></span> <span class='ocrx_word' id='word_1_108' title='bbox 1387 1793 1452 1847; x_wconf 92' lang='lat' dir='ltr'><strong>ad</strong></span> <span class='ocrx_word' id='word_1_109' title='bbox 1503 1793 1781 1848; x_wconf 75' lang='lat' dir='ltr'><strong>cmlestcm</strong></span> <span class='ocrx_word' id='word_1_110' title='bbox 1809 1790 2032 1846; x_wconf 82' lang='lat' dir='ltr'><strong>Jerusa-</strong></span> 
     </span>
    </p>
   </div>
   <div class='ocr_carea' id='block_1_20' title="bbox 476 1887 2032 1957">
    <p class='ocr_par' dir='ltr' id='par_1_20' title="bbox 476 1887 2032 1957">
     <span class='ocr_line' id='line_1_20' title="bbox 476 1887 2032 1957; baseline -0.004 -13"><span class='ocrx_word' id='word_1_111' title='bbox 476 1890 580 1944; x_wconf 91' lang='lat' dir='ltr'><strong>lem</strong></span> <span class='ocrx_word' id='word_1_112' title='bbox 611 1889 890 1944; x_wconf 87' lang='lat' dir='ltr'><strong>accedent.</strong></span> <span class='ocrx_word' id='word_1_113' title='bbox 931 1889 1098 1944; x_wconf 89' lang='lat' dir='ltr'><strong>Israel</strong></span> <span class='ocrx_word' id='word_1_114' title='bbox 1132 1904 1260 1944; x_wconf 83' lang='lat' dir='ltr'><strong>vero</strong></span> <span class='ocrx_word' id='word_1_115' title='bbox 1299 1903 1471 1957; x_wconf 90' lang='lat' dir='ltr'><strong>usque</strong></span> <span class='ocrx_word' id='word_1_116' title='bbox 1500 1887 1774 1957; x_wconf 83' lang='lat' dir='ltr'><strong>ingratum</strong></span> <span class='ocrx_word' id='word_1_117' title='bbox 1801 1899 1860 1939; x_wconf 88' lang='lat' dir='ltr'><strong>se</strong></span> <span class='ocrx_word' id='word_1_118' title='bbox 1893 1898 2032 1953; x_wconf 66' lang='lat' dir='ltr'><strong>praa-</strong></span> 
     </span>
    </p>
   </div>
   <div class='ocr_carea' id='block_1_21' title="bbox 474 1975 2033 2052">
    <p class='ocr_par' dir='ltr' id='par_1_21' title="bbox 474 1975 2033 2052">
     <span class='ocr_line' id='line_1_21' title="bbox 474 1975 2033 2052; baseline -0.004 -16"><span class='ocrx_word' id='word_1_119' title='bbox 474 1981 661 2036; x_wconf 88' lang='lat' dir='ltr'><strong>bebit:</strong></span> <span class='ocrx_word' id='word_1_120' title='bbox 701 1979 812 2034; x_wconf 87' lang='lat' dir='ltr'><strong>Deo</strong></span> <span class='ocrx_word' id='word_1_121' title='bbox 859 1981 943 2035; x_wconf 83' lang='lat' dir='ltr'><strong>vel</strong></span> <span class='ocrx_word' id='word_1_122' title='bbox 991 1980 1441 2052; x_wconf 69' lang='lat' dir='ltr'><strong>praestantissima</strong></span> <span class='ocrx_word' id='word_1_123' title='bbox 1470 1977 1838 2048; x_wconf 84' lang='lat' dir='ltr'><strong>promittente,</strong></span> <span class='ocrx_word' id='word_1_124' title='bbox 1877 1975 2033 2030; x_wconf 91' lang='lat' dir='ltr'><strong>indo-</strong></span> 
     </span>
    </p>
   </div>
   <div class='ocr_carea' id='block_1_22' title="bbox 474 2067 2035 2141">
    <p class='ocr_par' dir='ltr' id='par_1_22' title="bbox 474 2067 2035 2141">
     <span class='ocr_line' id='line_1_22' title="bbox 474 2067 2035 2141; baseline -0.003 -15"><span class='ocrx_word' id='word_1_125' title='bbox 474 2071 609 2126; x_wconf 89' lang='lat' dir='ltr'><strong>ciles</strong></span> <span class='ocrx_word' id='word_1_126' title='bbox 638 2072 1014 2137; x_wconf 84' lang='lat' dir='ltr'><strong>remanebunt,</strong></span> <span class='ocrx_word' id='word_1_127' title='bbox 1051 2087 1120 2126; x_wconf 91' lang='lat' dir='ltr'><strong>ne</strong></span> <span class='ocrx_word' id='word_1_128' title='bbox 1155 2071 1286 2125; x_wconf 90' lang='lat' dir='ltr'><strong>illud</strong></span> <span class='ocrx_word' id='word_1_129' title='bbox 1329 2071 1546 2141; x_wconf 89' lang='lat' dir='ltr'><strong>quidem</strong></span> <span class='ocrx_word' id='word_1_130' title='bbox 1596 2067 1862 2124; x_wconf 83' lang='lat' dir='ltr'><strong>recordati</strong></span> <span class='ocrx_word' id='word_1_131' title='bbox 1889 2067 2035 2138; x_wconf 91' lang='lat' dir='ltr'><strong>quod</strong></span> 
     </span>
    </p>
   </div>
   <div class='ocr_carea' id='block_1_23' title="bbox 483 2161 2036 2230">
    <p class='ocr_par' dir='ltr' id='par_1_23' title="bbox 483 2161 2036 2230">
     <span class='ocr_line' id='line_1_23' title="bbox 483 2161 2036 2230; baseline -0.004 -13"><span class='ocrx_word' id='word_1_132' title='bbox 483 2177 584 2217; x_wconf 60' lang='lat' dir='ltr'><strong>una</strong></span> <span class='ocrx_word' id='word_1_133' title='bbox 615 2164 900 2219; x_wconf 89' lang='lat' dir='ltr'><strong>mulierum</strong></span> <span class='ocrx_word' id='word_1_134' title='bbox 945 2163 1198 2227; x_wconf 85' lang='lat' dir='ltr'><strong>fecunda,</strong></span> <span class='ocrx_word' id='word_1_135' title='bbox 1241 2163 1412 2218; x_wconf 86' lang='lat' dir='ltr'><strong>altera</strong></span> <span class='ocrx_word' id='word_1_136' title='bbox 1459 2177 1587 2217; x_wconf 89' lang='lat' dir='ltr'><strong>vero</strong></span> <span class='ocrx_word' id='word_1_137' title='bbox 1639 2161 1840 2217; x_wconf 89' lang='lat' dir='ltr'><strong>sterilis</strong></span> <span class='ocrx_word' id='word_1_138' title='bbox 1896 2173 2036 2230; x_wconf 69' lang='lat' dir='ltr'><strong>prae-</strong></span> 
     </span>
    </p>
   </div>
   <div class='ocr_carea' id='block_1_24' title="bbox 476 2255 2034 2324">
    <p class='ocr_par' dir='ltr' id='par_1_24' title="bbox 476 2255 2034 2324">
     <span class='ocr_line' id='line_1_24' title="bbox 476 2255 2034 2324; baseline -0.003 -15"><span class='ocrx_word' id='word_1_139' title='bbox 476 2255 794 2322; x_wconf 90' lang='lat' dir='ltr'><strong>nuntiatur;</strong></span> <span class='ocrx_word' id='word_1_140' title='bbox 828 2255 1056 2310; x_wconf 90' lang='lat' dir='ltr'><strong>Domino</strong></span> <span class='ocrx_word' id='word_1_141' title='bbox 1092 2265 1412 2309; x_wconf 89' lang='lat' dir='ltr'><strong>naturarum</strong></span> <span class='ocrx_word' id='word_1_142' title='bbox 1456 2263 1744 2324; x_wconf 88' lang='lat' dir='ltr'><strong>utramque</strong></span> <span class='ocrx_word' id='word_1_143' title='bbox 1781 2259 2034 2306; x_wconf 81' lang='lat' dir='ltr'><strong>naturam</strong></span> 
     </span>
    </p>
   </div>
   <div class='ocr_carea' id='block_1_25' title="bbox 475 2344 2036 2418">
    <p class='ocr_par' dir='ltr' id='par_1_25' title="bbox 475 2344 2036 2418">
     <span class='ocr_line' id='line_1_25' title="bbox 475 2344 2036 2418; baseline -0.003 -18"><span class='ocrx_word' id='word_1_144' title='bbox 475 2347 542 2402; x_wconf 89' lang='lat' dir='ltr'><strong>ad</strong></span> <span class='ocrx_word' id='word_1_145' title='bbox 565 2355 760 2401; x_wconf 89' lang='lat' dir='ltr'><strong>nulum</strong></span> <span class='ocrx_word' id='word_1_146' title='bbox 790 2362 948 2402; x_wconf 89' lang='lat' dir='ltr'><strong>suum</strong></span> <span class='ocrx_word' id='word_1_147' title='bbox 998 2354 1398 2418; x_wconf 90' lang='lat' dir='ltr'><strong>componente;</strong></span> <span class='ocrx_word' id='word_1_148' title='bbox 1435 2346 1593 2400; x_wconf 90' lang='lat' dir='ltr'><strong>aliam</strong></span> <span class='ocrx_word' id='word_1_149' title='bbox 1634 2344 1850 2416; x_wconf 90' lang='lat' dir='ltr'><strong>quidem</strong></span> <span class='ocrx_word' id='word_1_150' title='bbox 1889 2344 2036 2397; x_wconf 74' lang='lat' dir='ltr'><strong>velut</strong></span> 
     </span>
    </p>
   </div>
   <div class='ocr_carea' id='block_1_26' title="bbox 476 2435 2034 2508">
    <p class='ocr_par' dir='ltr' id='par_1_26' title="bbox 476 2435 2034 2508">
     <span class='ocr_line' id='line_1_26' title="bbox 476 2435 2034 2508; baseline -0.001 -18"><span class='ocrx_word' id='word_1_151' title='bbox 476 2452 664 2505; x_wconf 86' lang='lat' dir='ltr'><strong>agrum</strong></span> <span class='ocrx_word' id='word_1_152' title='bbox 698 2435 1052 2508; x_wconf 77' lang='lat' dir='ltr'><strong>frugiferum;</strong></span> <span class='ocrx_word' id='word_1_153' title='bbox 1085 2439 1244 2492; x_wconf 89' lang='lat' dir='ltr'><strong>aliam</strong></span> <span class='ocrx_word' id='word_1_154' title='bbox 1270 2453 1400 2492; x_wconf 88' lang='lat' dir='ltr'><strong>vero</strong></span> <span class='ocrx_word' id='word_1_155' title='bbox 1430 2437 1574 2493; x_wconf 85' lang='lat' dir='ltr'><strong>velut</strong></span> <span class='ocrx_word' id='word_1_156' title='bbox 1601 2444 1798 2492; x_wconf 88' lang='lat' dir='ltr'><strong>terram</strong></span> <span class='ocrx_word' id='word_1_157' title='bbox 1827 2435 2034 2490; x_wconf 86' lang='lat' dir='ltr'><strong>aridam</strong></span> 
     </span>
    </p>
   </div>
   <div class='ocr_carea' id='block_1_27' title="bbox 473 2525 924 2584">
    <p class='ocr_par' dir='ltr' id='par_1_27' title="bbox 473 2525 924 2584">
     <span class='ocr_line' id='line_1_27' title="bbox 473 2525 924 2584; baseline 0 -3"><span class='ocrx_word' id='word_1_158' title='bbox 473 2535 528 2581; x_wconf 86' lang='lat' dir='ltr'><strong>et</strong></span> <span class='ocrx_word' id='word_1_159' title='bbox 561 2527 611 2581; x_wconf 92' lang='lat' dir='ltr'><strong>in</strong></span> <span class='ocrx_word' id='word_1_160' title='bbox 621 2525 924 2584; x_wconf 83' lang='lat' dir='ltr'><strong>fecundam.</strong></span> 
     </span>
    </p>
   </div>
   <div class='ocr_carea' id='block_1_28' title="bbox 546 2705 2036 2780">
    <p class='ocr_par' dir='ltr' id='par_1_28' title="bbox 546 2705 2036 2780">
     <span class='ocr_line' id='line_1_28' title="bbox 546 2705 2036 2780; baseline 0 -19"><span class='ocrx_word' id='word_1_161' title='bbox 546 2705 708 2762; x_wconf 75' lang='lat' dir='ltr'><strong>Vens.</strong></span> <span class='ocrx_word' id='word_1_162' title='bbox 759 2708 845 2763; x_wconf 76' lang='grc'><strong>12.</strong></span> <span class='ocrx_word' id='word_1_163' title='bbox 895 2709 1160 2766; x_wconf 90' lang='lat' dir='ltr'><strong>Omnibus</strong></span> <span class='ocrx_word' id='word_1_164' title='bbox 1207 2709 1274 2763; x_wconf 91' lang='lat' dir='ltr'><strong>ad</strong></span> <span class='ocrx_word' id='word_1_165' title='bbox 1331 2725 1449 2766; x_wconf 91' lang='lat' dir='ltr'><strong>eam</strong></span> <span class='ocrx_word' id='word_1_166' title='bbox 1495 2710 1854 2780; x_wconf 89' lang='lat' dir='ltr'><strong>undequaque</strong></span> <span class='ocrx_word' id='word_1_167' title='bbox 1903 2723 2036 2762; x_wconf 90' lang='lat' dir='ltr'><strong>con-</strong></span> 
     </span>
    </p>
   </div>
   <div class='ocr_carea' id='block_1_29' title="bbox 477 2795 2033 2871">
    <p class='ocr_par' dir='ltr' id='par_1_29' title="bbox 477 2795 2033 2871">
     <span class='ocr_line' id='line_1_29' title="bbox 477 2795 2033 2871; baseline 0.003 -23"><span class='ocrx_word' id='word_1_168' title='bbox 477 2795 794 2854; x_wconf 83' lang='lat' dir='ltr'><strong>ﬂuentibus.</strong></span> <span class='ocrx_word' id='word_1_169' title='bbox 835 2797 968 2852; x_wconf 81' lang='lat' dir='ltr'><strong>Nam</strong></span> <span class='ocrx_word' id='word_1_170' title='bbox 1017 2800 1246 2870; x_wconf 78' lang='lat' dir='ltr'><strong>gloriam</strong></span> <span class='ocrx_word' id='word_1_171' title='bbox 1281 2803 1522 2871; x_wconf 76' lang='lat' dir='ltr'><strong>gentium</strong></span> <span class='ocrx_word' id='word_1_172' title='bbox 1561 2801 1821 2871; x_wconf 73' lang='lat' dir='ltr'><strong>largietur</strong></span> <span class='ocrx_word' id='word_1_173' title='bbox 1850 2799 1930 2854; x_wconf 92' lang='lat' dir='ltr'><strong>eis</strong></span> <span class='ocrx_word' id='word_1_174' title='bbox 1966 2799 2033 2852; x_wconf 92' lang='lat' dir='ltr'><strong>ad</strong></span> 
     </span>
    </p>
   </div>
   <div class='ocr_carea' id='block_1_30' title="bbox 472 2887 2034 2962">
    <p class='ocr_par' dir='ltr' id='par_1_30' title="bbox 472 2887 2034 2962">
     <span class='ocr_line' id='line_1_30' title="bbox 472 2887 2034 2962; baseline 0.002 -22"><span class='ocrx_word' id='word_1_175' title='bbox 472 2887 770 2944; x_wconf 80' lang='lat' dir='ltr'><strong>Jerusalem</strong></span> <span class='ocrx_word' id='word_1_176' title='bbox 808 2889 1201 2956; x_wconf 82' lang='lat' dir='ltr'><strong>festinantium,</strong></span> <span class='ocrx_word' id='word_1_177' title='bbox 1236 2893 1393 2962; x_wconf 82' lang='lat' dir='ltr'><strong>quasi</strong></span> <span class='ocrx_word' id='word_1_178' title='bbox 1439 2892 1579 2947; x_wconf 90' lang='lat' dir='ltr'><strong>ﬁlios</strong></span> <span class='ocrx_word' id='word_1_179' title='bbox 1635 2907 1764 2947; x_wconf 91' lang='lat' dir='ltr'><strong>suos</strong></span> <span class='ocrx_word' id='word_1_180' title='bbox 1798 2902 1852 2946; x_wconf 91' lang='lat' dir='ltr'><strong>et</strong></span> <span class='ocrx_word' id='word_1_181' title='bbox 1896 2891 2034 2944; x_wconf 91' lang='lat' dir='ltr'><strong>ﬁlias</strong></span> 
     </span>
    </p>
   </div>
   <div class='ocr_carea' id='block_1_31' title="bbox 475 2978 2036 3050">
    <p class='ocr_par' dir='ltr' id='par_1_31' title="bbox 475 2978 2036 3050">
     <span class='ocr_line' id='line_1_31' title="bbox 475 2978 2036 3050; baseline 0.002 -21"><span class='ocrx_word' id='word_1_182' title='bbox 475 2992 603 3031; x_wconf 76' lang='lat' dir='ltr'><strong>suas</strong></span> <span class='ocrx_word' id='word_1_183' title='bbox 650 2978 706 3032; x_wconf 91' lang='lat' dir='ltr'><strong>in</strong></span> <span class='ocrx_word' id='word_1_184' title='bbox 750 2979 991 3035; x_wconf 85' lang='lat' dir='ltr'><strong>humeris</strong></span> <span class='ocrx_word' id='word_1_185' title='bbox 1032 2981 1387 3049; x_wconf 84' lang='lat' dir='ltr'><strong>portantium,</strong></span> <span class='ocrx_word' id='word_1_186' title='bbox 1435 2988 1488 3035; x_wconf 90' lang='lat' dir='ltr'><strong>et</strong></span> <span class='ocrx_word' id='word_1_187' title='bbox 1529 2981 1818 3036; x_wconf 89' lang='lat' dir='ltr'><strong>ferentium</strong></span> <span class='ocrx_word' id='word_1_188' title='bbox 1871 2994 2036 3050; x_wconf 87' lang='lat' dir='ltr'><strong>super</strong></span> 
     </span>
    </p>
   </div>
   <div class='ocr_carea' id='block_1_32' title="bbox 471 3073 2030 3140">
    <p class='ocr_par' dir='ltr' id='par_1_32' title="bbox 471 3073 2030 3140">
     <span class='ocr_line' id='line_1_32' title="bbox 471 3073 2030 3140; baseline 0.001 -16"><span class='ocrx_word' id='word_1_189' title='bbox 471 3085 681 3140; x_wconf 81' lang='lat' dir='ltr'><strong>genua,</strong></span> <span class='ocrx_word' id='word_1_190' title='bbox 736 3079 795 3126; x_wconf 88' lang='lat' dir='ltr'><strong>ut</strong></span> <span class='ocrx_word' id='word_1_191' title='bbox 840 3087 962 3126; x_wconf 88' lang='lat' dir='ltr'><strong>cum</strong></span> <span class='ocrx_word' id='word_1_192' title='bbox 1006 3074 1073 3128; x_wconf 86' lang='lat' dir='ltr'><strong>iis</strong></span> <span class='ocrx_word' id='word_1_193' title='bbox 1121 3073 1546 3128; x_wconf 85' lang='lat' dir='ltr'><strong>communicent.</strong></span> <span class='ocrx_word' id='word_1_194' title='bbox 1626 3073 1836 3128; x_wconf 90' lang='lat' dir='ltr'><strong>Cuncta</strong></span> <span class='ocrx_word' id='word_1_195' title='bbox 1887 3073 2030 3128; x_wconf 90' lang='lat' dir='ltr'><strong>enim</strong></span> 
     </span>
    </p>
   </div>
   <div class='ocr_carea' id='block_1_33' title="bbox 2134 599 3681 674">
    <p class='ocr_par' dir='ltr' id='par_1_33' title="bbox 2134 599 3681 674">
     <span class='ocr_line' id='line_1_33' title="bbox 2134 599 3681 674; baseline 0.001 -22"><span class='ocrx_word' id='word_1_196' title='bbox 2134 603 2310 654; x_wconf 81' lang='grc' dir='ltr'>πᾶσαν</span> <span class='ocrx_word' id='word_1_197' title='bbox 2348 599 2688 673; x_wconf 82' lang='grc' dir='ltr'><strong>ἀνθρωπίνην</strong></span> <span class='ocrx_word' id='word_1_198' title='bbox 2719 601 3018 673; x_wconf 85' lang='grc' dir='ltr'>συνήθειαν,</span> <span class='ocrx_word' id='word_1_199' title='bbox 3057 604 3114 656; x_wconf 87' lang='grc' dir='ltr'><strong>ἐν</strong></span> <span class='ocrx_word' id='word_1_200' title='bbox 3153 602 3422 674; x_wconf 87' lang='grc' dir='ltr'>ἀκαριαίῳ</span> <span class='ocrx_word' id='word_1_201' title='bbox 3465 602 3681 674; x_wconf 87' lang='grc' dir='ltr'>διαστή-</span> 
     </span>
    </p>
   </div>
   <div class='ocr_carea' id='block_1_34' title="bbox 2137 691 3682 765">
    <p class='ocr_par' dir='ltr' id='par_1_34' title="bbox 2137 691 3682 765">
     <span class='ocr_line' id='line_1_34' title="bbox 2137 691 3682 765; baseline 0 -20"><span class='ocrx_word' id='word_1_202' title='bbox 2137 709 2264 762; x_wconf 90' lang='grc' dir='ltr'>ματι</span> <span class='ocrx_word' id='word_1_203' title='bbox 2297 691 2480 764; x_wconf 88' lang='grc' dir='ltr'>ῶσπερ</span> <span class='ocrx_word' id='word_1_204' title='bbox 2510 693 2601 744; x_wconf 70' lang='grc' dir='ltr'><strong>ἐπὶ</strong></span> <span class='ocrx_word' id='word_1_205' title='bbox 2639 692 2804 745; x_wconf 77' lang='grc' dir='ltr'>πολὺν</span> <span class='ocrx_word' id='word_1_206' title='bbox 2831 693 3018 765; x_wconf 86' lang='grc' dir='ltr'>χρόνον</span> <span class='ocrx_word' id='word_1_207' title='bbox 3055 694 3371 764; x_wconf 80' lang='grc' dir='ltr'><strong>κάμνοντες,</strong></span> <span class='ocrx_word' id='word_1_208' title='bbox 3413 692 3682 763; x_wconf 80' lang='grc' dir='ltr'><strong>σωτηρίαν</strong></span> 
     </span>
    </p>
   </div>
   <div class='ocr_carea' id='block_1_35' title="bbox 2133 783 3685 856">
    <p class='ocr_par' dir='ltr' id='par_1_35' title="bbox 2133 783 3685 856">
     <span class='ocr_line' id='line_1_35' title="bbox 2133 783 3685 856; baseline -0.001 -19"><span class='ocrx_word' id='word_1_209' title='bbox 2133 783 2544 855; x_wconf 88' lang='grc' dir='ltr'>καρπώσασθαι.</span> <span class='ocrx_word' id='word_1_210' title='bbox 2579 783 3007 855; x_wconf 84' lang='grc' dir='ltr'>Τελεσθήσεσθαι</span> <span class='ocrx_word' id='word_1_211' title='bbox 3051 785 3108 838; x_wconf 87' lang='grc' dir='ltr'><strong>δέ</strong></span> <span class='ocrx_word' id='word_1_212' title='bbox 3143 783 3280 838; x_wconf 82' lang='grc' dir='ltr'><strong>αὑτά</strong></span> <span class='ocrx_word' id='word_1_213' title='bbox 3321 783 3685 856; x_wconf 79' lang='grc' dir='ltr'><strong>ἐπηγγέλλετο</strong></span> 
     </span>
    </p>
   </div>
   <div class='ocr_carea' id='block_1_36' title="bbox 2131 873 3681 947">
    <p class='ocr_par' dir='ltr' id='par_1_36' title="bbox 2131 873 3681 947">
     <span class='ocr_line' id='line_1_36' title="bbox 2131 873 3681 947; baseline 0.002 -23"><span class='ocrx_word' id='word_1_214' title='bbox 2131 874 2223 925; x_wconf 82' lang='grc' dir='ltr'>ἐπὶ</span> <span class='ocrx_word' id='word_1_215' title='bbox 2255 874 2354 945; x_wconf 87' lang='grc' dir='ltr'><strong>τῆς</strong></span> <span class='ocrx_word' id='word_1_216' title='bbox 2379 873 2749 946; x_wconf 83' lang='grc' dir='ltr'>Ἰερουσαλὴμ,</span> <span class='ocrx_word' id='word_1_217' title='bbox 2779 877 2837 928; x_wconf 89' lang='grc' dir='ltr'><strong>ἐν</strong></span> <span class='ocrx_word' id='word_1_218' title='bbox 2861 875 3023 946; x_wconf 80' lang='grc' dir='ltr'>ὀλίγῳ</span> <span class='ocrx_word' id='word_1_219' title='bbox 3049 875 3532 947; x_wconf 89' lang='grc' dir='ltr'>ἀπολαμϐανούσης</span> <span class='ocrx_word' id='word_1_220' title='bbox 3557 875 3681 937; x_wconf 76' lang='grc' dir='ltr'>τοὺς</span> 
     </span>
    </p>
   </div>
   <div class='ocr_carea' id='block_1_37' title="bbox 2131 965 3020 1036">
    <p class='ocr_par' dir='ltr' id='par_1_37' title="bbox 2131 965 3020 1036">
     <span class='ocr_line' id='line_1_37' title="bbox 2131 965 3020 1036; baseline 0.004 -20"><span class='ocrx_word' id='word_1_221' title='bbox 2131 967 2420 1036; x_wconf 76' lang='grc' dir='ltr'>οἰκήτορας</span> <span class='ocrx_word' id='word_1_222' title='bbox 2451 966 2546 1019; x_wconf 71' lang='grc' dir='ltr'>καὶ</span> <span class='ocrx_word' id='word_1_223' title='bbox 2583 965 2730 1020; x_wconf 81' lang='grc' dir='ltr'>ἀπαν</span> <span class='ocrx_word' id='word_1_224' title='bbox 2760 966 2819 1018; x_wconf 86' lang='grc' dir='ltr'><strong>τὸ</strong></span> <span class='ocrx_word' id='word_1_225' title='bbox 2851 966 3020 1030; x_wconf 78' lang='grc' dir='ltr'>ἔθνος.</span> 
     </span>
    </p>
   </div>
   <div class='ocr_carea' id='block_1_38' title="bbox 2205 1057 3683 1128">
    <p class='ocr_par' dir='ltr' id='par_1_38' title="bbox 2205 1057 3683 1128">
     <span class='ocr_line' id='line_1_38' title="bbox 2205 1057 3683 1128; baseline 0.002 -21"><span class='ocrx_word' id='word_1_226' title='bbox 2205 1057 2279 1108; x_wconf 82' lang='grc' dir='ltr'><strong>Οὐ</strong></span> <span class='ocrx_word' id='word_1_227' title='bbox 2331 1057 2486 1126; x_wconf 90' lang='grc' dir='ltr'>μόνον</span> <span class='ocrx_word' id='word_1_228' title='bbox 2527 1057 2654 1128; x_wconf 85' lang='grc' dir='ltr'>γὰρ,</span> <span class='ocrx_word' id='word_1_229' title='bbox 2698 1058 2791 1111; x_wconf 86' lang='grc' dir='ltr'>ἐὰν</span> <span class='ocrx_word' id='word_1_230' title='bbox 2834 1058 3199 1128; x_wconf 76' lang='grc' dir='ltr'>ἐπιστραφῆτε</span> <span class='ocrx_word' id='word_1_231' title='bbox 3252 1058 3345 1110; x_wconf 74' lang='grc' dir='ltr'>ἐπὶ</span> <span class='ocrx_word' id='word_1_232' title='bbox 3384 1057 3475 1110; x_wconf 79' lang='grc' dir='ltr'>τὸν</span> <span class='ocrx_word' id='word_1_233' title='bbox 3515 1057 3683 1124; x_wconf 78' lang='grc' dir='ltr'>Θεὸν,</span> 
     </span>
    </p>
   </div>
   <div class='ocr_carea' id='block_1_39' title="bbox 2133 1147 3686 1219">
    <p class='ocr_par' dir='ltr' id='par_1_39' title="bbox 2133 1147 3686 1219">
     <span class='ocr_line' id='line_1_39' title="bbox 2133 1147 3686 1219; baseline 0.002 -21"><span class='ocrx_word' id='word_1_234' title='bbox 2133 1147 2358 1219; x_wconf 81' lang='grc' dir='ltr'><strong>ταχίστη</strong></span> <span class='ocrx_word' id='word_1_235' title='bbox 2403 1147 2552 1202; x_wconf 78' lang='grc' dir='ltr'>ἔσται</span> <span class='ocrx_word' id='word_1_236' title='bbox 2598 1147 2749 1219; x_wconf 85' lang='grc' dir='ltr'>ὑμῶν</span> <span class='ocrx_word' id='word_1_237' title='bbox 2802 1149 3185 1219; x_wconf 74' lang='grc' dir='ltr'>ήάντίληψις,</span> <span class='ocrx_word' id='word_1_238' title='bbox 3227 1150 3325 1201; x_wconf 83' lang='grc' dir='ltr'><strong>οὐκ</strong></span> <span class='ocrx_word' id='word_1_239' title='bbox 3353 1150 3432 1212; x_wconf 89' lang='grc' dir='ltr'><strong>είς</strong></span> <span class='ocrx_word' id='word_1_240' title='bbox 3479 1149 3686 1218; x_wconf 84' lang='grc' dir='ltr'>χρόνων</span> 
     </span>
    </p>
   </div>
   <div class='ocr_carea' id='block_1_40' title="bbox 2134 1238 3684 1310">
    <p class='ocr_par' dir='ltr' id='par_1_40' title="bbox 2134 1238 3684 1310">
     <span class='ocr_line' id='line_1_40' title="bbox 2134 1238 3684 1310; baseline 0.001 -20"><span class='ocrx_word' id='word_1_241' title='bbox 2134 1238 2377 1308; x_wconf 80' lang='grc' dir='ltr'>περίοδον</span> <span class='ocrx_word' id='word_1_242' title='bbox 2423 1239 2844 1310; x_wconf 82' lang='grc' dir='ltr'>ὑπερτιθεμένου</span> <span class='ocrx_word' id='word_1_243' title='bbox 2877 1239 2970 1293; x_wconf 89' lang='grc' dir='ltr'><strong>τοῦ</strong></span> <span class='ocrx_word' id='word_1_244' title='bbox 3025 1239 3194 1307; x_wconf 82' lang='grc' dir='ltr'>Θεοῦ,</span> <span class='ocrx_word' id='word_1_245' title='bbox 3243 1240 3355 1293; x_wconf 88' lang='grc' dir='ltr'>ἀλλ’</span> <span class='ocrx_word' id='word_1_246' title='bbox 3409 1239 3536 1292; x_wconf 82' lang='grc' dir='ltr'>εὐθὺ</span> <span class='ocrx_word' id='word_1_247' title='bbox 3591 1241 3684 1292; x_wconf 80' lang='grc' dir='ltr'>καὶ</span> 
     </span>
    </p>
   </div>
   <div class='ocr_carea' id='block_1_41' title="bbox 2135 1331 3685 1403">
    <p class='ocr_par' dir='ltr' id='par_1_41' title="bbox 2135 1331 3685 1403">
     <span class='ocr_line' id='line_1_41' title="bbox 2135 1331 3685 1403; baseline 0 -20"><span class='ocrx_word' id='word_1_248' title='bbox 2135 1331 2468 1402; x_wconf 84' lang='grc' dir='ltr'>παραχρῆμα</span> <span class='ocrx_word' id='word_1_249' title='bbox 2525 1331 2738 1385; x_wconf 87' lang='grc' dir='ltr'>πάντων</span> <span class='ocrx_word' id='word_1_250' title='bbox 2789 1333 3156 1403; x_wconf 81' lang='grc' dir='ltr'>ἁπανταχόθεν</span> <span class='ocrx_word' id='word_1_251' title='bbox 3211 1331 3685 1402; x_wconf 82' lang='grc' dir='ltr'>ἐπισυναγομένων</span> 
     </span>
    </p>
   </div>
   <div class='ocr_carea' id='block_1_42' title="bbox 2133 1422 3684 1496">
    <p class='ocr_par' dir='ltr' id='par_1_42' title="bbox 2133 1422 3684 1496">
     <span class='ocr_line' id='line_1_42' title="bbox 2133 1422 3684 1496; baseline 0.001 -23"><span class='ocrx_word' id='word_1_252' title='bbox 2133 1422 2223 1474; x_wconf 74' lang='grc' dir='ltr'>ἐπὶ</span> <span class='ocrx_word' id='word_1_253' title='bbox 2262 1423 2356 1493; x_wconf 75' lang='grc' dir='ltr'><strong>τὴν</strong></span> <span class='ocrx_word' id='word_1_254' title='bbox 2384 1423 2765 1495; x_wconf 72' lang='grc' dir='ltr'>Ἰερουσαλήμο</span> <span class='ocrx_word' id='word_1_255' title='bbox 2809 1424 2867 1477; x_wconf 85' lang='grc' dir='ltr'>οὐ</span> <span class='ocrx_word' id='word_1_256' title='bbox 2913 1425 3438 1496; x_wconf 86' lang='grc' dir='ltr'>στενοχωρηθήσεται</span> <span class='ocrx_word' id='word_1_257' title='bbox 3483 1423 3550 1475; x_wconf 87' lang='grc' dir='ltr'><strong>τά</strong></span> <span class='ocrx_word' id='word_1_258' title='bbox 3585 1423 3684 1491; x_wconf 83' lang='grc' dir='ltr'><strong>τῆς</strong></span> 
     </span>
    </p>
   </div>
   <div class='ocr_carea' id='block_1_43' title="bbox 2131 1514 3682 1588">
    <p class='ocr_par' dir='ltr' id='par_1_43' title="bbox 2131 1514 3682 1588">
     <span class='ocr_line' id='line_1_43' title="bbox 2131 1514 3682 1588; baseline 0 -22"><span class='ocrx_word' id='word_1_259' title='bbox 2131 1514 2460 1582; x_wconf 80' lang='grc' dir='ltr'>ἐπαγγελίας</span> <span class='ocrx_word' id='word_1_260' title='bbox 2517 1515 2591 1588; x_wconf 82' lang='grc' dir='ltr'>μὴ</span> <span class='ocrx_word' id='word_1_261' title='bbox 2640 1515 2991 1586; x_wconf 76' lang='grc' dir='ltr'>βουλομένων,</span> <span class='ocrx_word' id='word_1_262' title='bbox 3049 1517 3183 1588; x_wconf 80' lang='grc' dir='ltr'>μηδὲ</span> <span class='ocrx_word' id='word_1_263' title='bbox 3232 1516 3682 1569; x_wconf 76' lang='grc' dir='ltr'>ὑπακουσάντωνο</span> 
     </span>
    </p>
   </div>
   <div class='ocr_carea' id='block_1_44' title="bbox 2133 1605 3686 1680">
    <p class='ocr_par' dir='ltr' id='par_1_44' title="bbox 2133 1605 3686 1680">
     <span class='ocr_line' id='line_1_44' title="bbox 2133 1605 3686 1680; baseline -0.001 -22"><span class='ocrx_word' id='word_1_264' title='bbox 2133 1605 2541 1678; x_wconf 79' lang='grc' dir='ltr'>πληρωθήσεται</span> <span class='ocrx_word' id='word_1_265' title='bbox 2569 1608 2624 1661; x_wconf 87' lang='grc' dir='ltr'>δὲ</span> <span class='ocrx_word' id='word_1_266' title='bbox 2657 1609 2734 1672; x_wconf 87' lang='grc' dir='ltr'><strong>είς</strong></span> <span class='ocrx_word' id='word_1_267' title='bbox 2761 1607 2828 1662; x_wconf 85' lang='grc' dir='ltr'><strong>τά</strong></span> <span class='ocrx_word' id='word_1_268' title='bbox 2855 1608 3003 1680; x_wconf 80' lang='grc' dir='ltr'>ἔθνη,</span> <span class='ocrx_word' id='word_1_269' title='bbox 3025 1608 3230 1662; x_wconf 87' lang='grc' dir='ltr'>τούτων</span> <span class='ocrx_word' id='word_1_270' title='bbox 3263 1610 3359 1680; x_wconf 81' lang='grc' dir='ltr'><strong>μὲν</strong></span> <span class='ocrx_word' id='word_1_271' title='bbox 3389 1605 3686 1662; x_wconf 83' lang='grc' dir='ltr'>ἀποϐαλλο-</span> 
     </span>
    </p>
   </div>
   <div class='ocr_carea' id='block_1_45' title="bbox 2135 1695 3686 1772">
    <p class='ocr_par' dir='ltr' id='par_1_45' title="bbox 2135 1695 3686 1772">
     <span class='ocr_line' id='line_1_45' title="bbox 2135 1695 3686 1772; baseline -0.001 -22"><span class='ocrx_word' id='word_1_272' title='bbox 2135 1699 2310 1768; x_wconf 89' lang='grc' dir='ltr'>μένων</span> <span class='ocrx_word' id='word_1_273' title='bbox 2337 1701 2434 1770; x_wconf 88' lang='grc' dir='ltr'><strong>τῆς</strong></span> <span class='ocrx_word' id='word_1_274' title='bbox 2466 1701 2808 1772; x_wconf 88' lang='grc' dir='ltr'>οίκειότητος,</span> <span class='ocrx_word' id='word_1_275' title='bbox 2839 1700 3261 1772; x_wconf 75' lang='grc' dir='ltr'>εἰσποιουμένων</span> <span class='ocrx_word' id='word_1_276' title='bbox 3305 1699 3362 1752; x_wconf 81' lang='grc' dir='ltr'><strong>δὲ</strong></span> <span class='ocrx_word' id='word_1_277' title='bbox 3389 1698 3496 1751; x_wconf 89' lang='grc' dir='ltr'><strong>τῶν</strong></span> <span class='ocrx_word' id='word_1_278' title='bbox 3516 1695 3686 1750; x_wconf 84' lang='grc' dir='ltr'>ἐθνῶν</span> 
     </span>
    </p>
   </div>
   <div class='ocr_carea' id='block_1_46' title="bbox 2132 1790 3687 1866">
    <p class='ocr_par' dir='ltr' id='par_1_46' title="bbox 2132 1790 3687 1866">
     <span class='ocr_line' id='line_1_46' title="bbox 2132 1790 3687 1866; baseline -0.002 -21"><span class='ocrx_word' id='word_1_279' title='bbox 2132 1793 2211 1856; x_wconf 86' lang='grc' dir='ltr'><strong>είς</strong></span> <span class='ocrx_word' id='word_1_280' title='bbox 2243 1792 2340 1864; x_wconf 85' lang='grc' dir='ltr'><strong>τὴν</strong></span> <span class='ocrx_word' id='word_1_281' title='bbox 2387 1793 2700 1864; x_wconf 78' lang='grc' dir='ltr'>ἐπουράνιον</span> <span class='ocrx_word' id='word_1_282' title='bbox 2737 1793 3119 1866; x_wconf 82' lang='grc' dir='ltr'>Ἰερουσαλὴμ,</span> <span class='ocrx_word' id='word_1_283' title='bbox 3164 1791 3549 1861; x_wconf 86' lang='grc' dir='ltr'>ἐπεγνωκότων</span> <span class='ocrx_word' id='word_1_284' title='bbox 3594 1790 3687 1843; x_wconf 83' lang='grc' dir='ltr'><strong>τὸν</strong></span> 
     </span>
    </p>
   </div>
   <div class='ocr_carea' id='block_1_47' title="bbox 2132 1884 3688 1958">
    <p class='ocr_par' dir='ltr' id='par_1_47' title="bbox 2132 1884 3688 1958">
     <span class='ocr_line' id='line_1_47' title="bbox 2132 1884 3688 1958; baseline -0.003 -20"><span class='ocrx_word' id='word_1_285' title='bbox 2132 1884 2338 1938; x_wconf 79' lang='grc' dir='ltr'>ἑαυτῶν</span> <span class='ocrx_word' id='word_1_286' title='bbox 2369 1884 2500 1939; x_wconf 86' lang='grc' dir='ltr'>Θεόν</span> <span class='ocrx_word' id='word_1_287' title='bbox 2531 1903 2588 1938; x_wconf 90' lang='grc' dir='ltr'><strong>τε</strong></span> <span class='ocrx_word' id='word_1_288' title='bbox 2616 1886 2710 1939; x_wconf 76' lang='grc' dir='ltr'><strong>καὶ</strong></span> <span class='ocrx_word' id='word_1_289' title='bbox 2731 1887 2976 1958; x_wconf 83' lang='grc' dir='ltr'>Σωτῆρα,</span> <span class='ocrx_word' id='word_1_290' title='bbox 3010 1886 3103 1940; x_wconf 73' lang='grc' dir='ltr'><strong>καὶ</strong></span> <span class='ocrx_word' id='word_1_291' title='bbox 3133 1885 3573 1956; x_wconf 84' lang='grc' dir='ltr'>μετανοησάντων</span> <span class='ocrx_word' id='word_1_292' title='bbox 3596 1884 3688 1935; x_wconf 85' lang='grc' dir='ltr'><strong>ἐπι</strong></span> 
     </span>
    </p>
   </div>
   <div class='ocr_carea' id='block_1_48' title="bbox 2131 1977 3688 2051">
    <p class='ocr_par' dir='ltr' id='par_1_48' title="bbox 2131 1977 3688 2051">
     <span class='ocr_line' id='line_1_48' title="bbox 2131 1977 3688 2051; baseline 0 -22"><span class='ocrx_word' id='word_1_293' title='bbox 2131 1978 2196 2047; x_wconf 83' lang='grc' dir='ltr'>τῇ</span> <span class='ocrx_word' id='word_1_294' title='bbox 2228 1977 2467 2049; x_wconf 77' lang='grc' dir='ltr'>προτέρᾳ</span> <span class='ocrx_word' id='word_1_295' title='bbox 2516 1977 2711 2051; x_wconf 80' lang='grc' dir='ltr'>πλάνῃ.</span> <span class='ocrx_word' id='word_1_296' title='bbox 2754 1979 2810 2032; x_wconf 87' lang='lat'><strong>&#39;0</strong></span> <span class='ocrx_word' id='word_1_297' title='bbox 2849 1978 2905 2031; x_wconf 85' lang='grc' dir='ltr'>δὲ</span> <span class='ocrx_word' id='word_1_298' title='bbox 2947 1978 3157 2051; x_wconf 82' lang='grc' dir='ltr'>Ἰσραὴλ</span> <span class='ocrx_word' id='word_1_299' title='bbox 3207 1978 3474 2049; x_wconf 83' lang='grc' dir='ltr'>ἀγνώμων</span> <span class='ocrx_word' id='word_1_300' title='bbox 3517 1979 3688 2031; x_wconf 89' lang='grc' dir='ltr'>ἀπαν-</span> 
     </span>
    </p>
   </div>
   <div class='ocr_carea' id='block_1_49' title="bbox 2131 2068 3688 2143">
    <p class='ocr_par' dir='ltr' id='par_1_49' title="bbox 2131 2068 3688 2143">
     <span class='ocr_line' id='line_1_49' title="bbox 2131 2068 3688 2143; baseline 0.001 -22"><span class='ocrx_word' id='word_1_301' title='bbox 2131 2068 2293 2139; x_wconf 83' lang='grc' dir='ltr'>ταχοῦ</span> <span class='ocrx_word' id='word_1_302' title='bbox 2309 2085 2322 2098; x_wconf 81' lang='grc'><em>’</em></span> <span class='ocrx_word' id='word_1_303' title='bbox 2352 2070 2444 2123; x_wconf 79' lang='grc' dir='ltr'><strong>καὶ</strong></span> <span class='ocrx_word' id='word_1_304' title='bbox 2472 2070 2579 2143; x_wconf 89' lang='grc' dir='ltr'><strong>γάρ</strong></span> <span class='ocrx_word' id='word_1_305' title='bbox 2602 2071 2821 2134; x_wconf 75' lang='grc' dir='ltr'>ἐλπίδας</span> <span class='ocrx_word' id='word_1_306' title='bbox 2849 2072 3029 2136; x_wconf 85' lang='grc' dir='ltr'>αὐτοῖς</span> <span class='ocrx_word' id='word_1_307' title='bbox 3051 2070 3258 2140; x_wconf 81' lang='grc' dir='ltr'>ἀγαθὰς</span> <span class='ocrx_word' id='word_1_308' title='bbox 3280 2070 3688 2140; x_wconf 72' lang='grc' dir='ltr'>ὑπογράψαντος</span> 
     </span>
    </p>
   </div>
   <div class='ocr_carea' id='block_1_50' title="bbox 2131 2157 3688 2232">
    <p class='ocr_par' dir='ltr' id='par_1_50' title="bbox 2131 2157 3688 2232">
     <span class='ocr_line' id='line_1_50' title="bbox 2131 2157 3688 2232; baseline 0.001 -22"><span class='ocrx_word' id='word_1_309' title='bbox 2131 2158 2224 2210; x_wconf 89' lang='grc' dir='ltr'><strong>τοῦ</strong></span> <span class='ocrx_word' id='word_1_310' title='bbox 2249 2158 2606 2230; x_wconf 78' lang='grc' dir='ltr'>Θεοῦ,ἔμενον</span> <span class='ocrx_word' id='word_1_311' title='bbox 2643 2160 2986 2231; x_wconf 83' lang='grc' dir='ltr'>ἀντίστροφοι</span> <span class='ocrx_word' id='word_1_312' title='bbox 3007 2177 3019 2191; x_wconf 75' lang='grc' dir='ltr'><strong><em>ο</em></strong></span> <span class='ocrx_word' id='word_1_313' title='bbox 3055 2162 3190 2232; x_wconf 87' lang='grc' dir='ltr'>μήτε</span> <span class='ocrx_word' id='word_1_314' title='bbox 3226 2160 3381 2213; x_wconf 87' lang='grc' dir='ltr'>τοῦτο</span> <span class='ocrx_word' id='word_1_315' title='bbox 3402 2158 3541 2214; x_wconf 86' lang='grc' dir='ltr'><strong>κατά</strong></span> <span class='ocrx_word' id='word_1_316' title='bbox 3566 2157 3688 2212; x_wconf 86' lang='grc' dir='ltr'>νοῦν</span> 
     </span>
    </p>
   </div>
   <div class='ocr_carea' id='block_1_51' title="bbox 2132 2249 3684 2322">
    <p class='ocr_par' dir='ltr' id='par_1_51' title="bbox 2132 2249 3684 2322">
     <span class='ocr_line' id='line_1_51' title="bbox 2132 2249 3684 2322; baseline 0 -20"><span class='ocrx_word' id='word_1_317' title='bbox 2132 2249 2400 2315; x_wconf 85' lang='grc' dir='ltr'>λαϐόντες,</span> <span class='ocrx_word' id='word_1_318' title='bbox 2433 2250 2513 2304; x_wconf 81' lang='grc' dir='ltr'>ὅτι</span> <span class='ocrx_word' id='word_1_319' title='bbox 2543 2253 2576 2322; x_wconf 79' lang='grc' dir='ltr'>ἡ</span> <span class='ocrx_word' id='word_1_320' title='bbox 2611 2251 2707 2322; x_wconf 87' lang='grc' dir='ltr'><strong>μέν</strong></span> <span class='ocrx_word' id='word_1_321' title='bbox 2727 2268 2810 2316; x_wconf 91' lang='grc' dir='ltr'><strong>τις</strong></span> <span class='ocrx_word' id='word_1_322' title='bbox 2831 2252 2966 2322; x_wconf 79' lang='grc' dir='ltr'>γυνὴ</span> <span class='ocrx_word' id='word_1_323' title='bbox 2996 2251 3263 2316; x_wconf 85' lang='grc' dir='ltr'>πολύπαις</span> <span class='ocrx_word' id='word_1_324' title='bbox 3294 2251 3684 2314; x_wconf 84' lang='grc' dir='ltr'>ἀναδείκνυται,</span> 
     </span>
    </p>
   </div>
   <div class='ocr_carea' id='block_1_52' title="bbox 2131 2341 3686 2415">
    <p class='ocr_par' dir='ltr' id='par_1_52' title="bbox 2131 2341 3686 2415">
     <span class='ocr_line' id='line_1_52' title="bbox 2131 2341 3686 2415; baseline -0.002 -19"><span class='ocrx_word' id='word_1_325' title='bbox 2131 2346 2164 2414; x_wconf 86' lang='grc' dir='ltr'><strong>ή</strong></span> <span class='ocrx_word' id='word_1_326' title='bbox 2191 2343 2248 2396; x_wconf 92' lang='grc' dir='ltr'><strong>δέ</strong></span> <span class='ocrx_word' id='word_1_327' title='bbox 2273 2361 2354 2407; x_wconf 88' lang='grc' dir='ltr'><strong>τις</strong></span> <span class='ocrx_word' id='word_1_328' title='bbox 2400 2343 2602 2415; x_wconf 79' lang='grc' dir='ltr'>ἔρημος</span> <span class='ocrx_word' id='word_1_329' title='bbox 2633 2345 2835 2400; x_wconf 87' lang='grc' dir='ltr'>παίδων</span> <span class='ocrx_word' id='word_1_330' title='bbox 2855 2363 2868 2376; x_wconf 76' lang='grc' dir='ltr'><strong>ο</strong></span> <span class='ocrx_word' id='word_1_331' title='bbox 2895 2345 2990 2399; x_wconf 90' lang='grc' dir='ltr'><strong>τοῦ</strong></span> <span class='ocrx_word' id='word_1_332' title='bbox 3033 2344 3300 2398; x_wconf 88' lang='grc' dir='ltr'>Δεσπότου</span> <span class='ocrx_word' id='word_1_333' title='bbox 3327 2343 3434 2396; x_wconf 92' lang='grc' dir='ltr'><strong>τῶν</strong></span> <span class='ocrx_word' id='word_1_334' title='bbox 3475 2341 3686 2411; x_wconf 81' lang='grc' dir='ltr'>φύσεων</span> 
     </span>
    </p>
   </div>
   <div class='ocr_carea' id='block_1_53' title="bbox 2132 2417 3686 2508">
    <p class='ocr_par' dir='ltr' id='par_1_53' title="bbox 2132 2417 3686 2508">
     <span class='ocr_line' id='line_1_53' title="bbox 2132 2417 3686 2508; baseline -0.002 -19"><span class='ocrx_word' id='word_1_335' title='bbox 2132 2417 2268 2506; x_wconf 72' lang='grc' dir='ltr'>πρὸς</span> <span class='ocrx_word' id='word_1_336' title='bbox 2294 2436 2352 2488; x_wconf 79' lang='grc' dir='ltr'>τὺ</span> <span class='ocrx_word' id='word_1_337' title='bbox 2395 2436 2583 2489; x_wconf 81' lang='grc' dir='ltr'>ἑαυτοῦ</span> <span class='ocrx_word' id='word_1_338' title='bbox 2627 2435 2801 2508; x_wconf 86' lang='grc' dir='ltr'>νεῦμα</span> <span class='ocrx_word' id='word_1_339' title='bbox 2849 2437 3072 2506; x_wconf 85' lang='grc' dir='ltr'>ἄγοντος</span> <span class='ocrx_word' id='word_1_340' title='bbox 3115 2437 3349 2508; x_wconf 80' lang='grc' dir='ltr'>ἑκάστην</span> <span class='ocrx_word' id='word_1_341' title='bbox 3378 2437 3564 2506; x_wconf 84' lang='grc' dir='ltr'>φύσιν·</span> <span class='ocrx_word' id='word_1_342' title='bbox 3593 2436 3686 2487; x_wconf 82' lang='grc' dir='ltr'><strong>καὶ</strong></span> 
     </span>
    </p>
   </div>
   <div class='ocr_carea' id='block_1_54' title="bbox 2129 2515 3686 2600">
    <p class='ocr_par' dir='ltr' id='par_1_54' title="bbox 2129 2515 3686 2600">
     <span class='ocr_line' id='line_1_54' title="bbox 2129 2515 3686 2600; baseline 0.001 -23"><span class='ocrx_word' id='word_1_343' title='bbox 2129 2515 2227 2596; x_wconf 75' lang='grc' dir='ltr'><strong>τῆν</strong></span> <span class='ocrx_word' id='word_1_344' title='bbox 2260 2525 2358 2596; x_wconf 88' lang='grc' dir='ltr'><strong>μέν</strong></span> <span class='ocrx_word' id='word_1_345' title='bbox 2383 2543 2502 2580; x_wconf 87' lang='grc' dir='ltr'>τινα</span> <span class='ocrx_word' id='word_1_346' title='bbox 2525 2525 2711 2598; x_wconf 84' lang='grc' dir='ltr'>ὥσπερ</span> <span class='ocrx_word' id='word_1_347' title='bbox 2732 2529 2833 2600; x_wconf 89' lang='grc' dir='ltr'><strong>γῆν</strong></span> <span class='ocrx_word' id='word_1_348' title='bbox 2856 2526 3126 2600; x_wconf 78' lang='grc' dir='ltr'>εὔκαρπον</span> <span class='ocrx_word' id='word_1_349' title='bbox 3155 2526 3560 2598; x_wconf 77' lang='grc' dir='ltr'>ἀποφαίνοντος,</span> <span class='ocrx_word' id='word_1_350' title='bbox 3589 2525 3686 2598; x_wconf 77' lang='grc' dir='ltr'>τὴν</span> 
     </span>
    </p>
   </div>
   <div class='ocr_carea' id='block_1_55' title="bbox 2130 2615 2796 2691">
    <p class='ocr_par' dir='ltr' id='par_1_55' title="bbox 2130 2615 2796 2691">
     <span class='ocr_line' id='line_1_55' title="bbox 2130 2615 2796 2691; baseline 0.011 -23"><span class='ocrx_word' id='word_1_351' title='bbox 2130 2615 2187 2668; x_wconf 83' lang='grc' dir='ltr'>δὲ</span> <span class='ocrx_word' id='word_1_352' title='bbox 2216 2617 2407 2685; x_wconf 83' lang='grc' dir='ltr'>ἄγονον</span> <span class='ocrx_word' id='word_1_353' title='bbox 2438 2618 2532 2672; x_wconf 66' lang='grc' dir='ltr'><strong>καὶ</strong></span> <span class='ocrx_word' id='word_1_354' title='bbox 2560 2620 2796 2691; x_wconf 86' lang='grc' dir='ltr'>στεῖραν.</span> 
     </span>
    </p>
   </div>
   <div class='ocr_carea' id='block_1_56' title="bbox 2201 2706 3684 2783">
    <p class='ocr_par' dir='ltr' id='par_1_56' title="bbox 2201 2706 3684 2783">
     <span class='ocr_line' id='line_1_56' title="bbox 2201 2706 3684 2783; baseline 0.001 -23"><span class='ocrx_word' id='word_1_355' title='bbox 2201 2706 2321 2761; x_wconf 87' lang='grc' dir='ltr'><strong>Τῶν</strong></span> <span class='ocrx_word' id='word_1_356' title='bbox 2370 2710 2450 2772; x_wconf 88' lang='grc' dir='ltr'><strong>είς</strong></span> <span class='ocrx_word' id='word_1_357' title='bbox 2488 2710 2656 2781; x_wconf 83' lang='grc' dir='ltr'>αὐτὴν</span> <span class='ocrx_word' id='word_1_358' title='bbox 2697 2711 3028 2783; x_wconf 83' lang='grc' dir='ltr'>πανταχόθεν</span> <span class='ocrx_word' id='word_1_359' title='bbox 3059 2711 3421 2783; x_wconf 77' lang='grc' dir='ltr'>συρρεόντων·</span> <span class='ocrx_word' id='word_1_360' title='bbox 3455 2709 3551 2781; x_wconf 81' lang='grc' dir='ltr'>τὴν</span> <span class='ocrx_word' id='word_1_361' title='bbox 3578 2709 3684 2781; x_wconf 83' lang='grc' dir='ltr'>γὰρ</span> 
     </span>
    </p>
   </div>
   <div class='ocr_carea' id='block_1_57' title="bbox 2129 2801 3684 2875">
    <p class='ocr_par' dir='ltr' id='par_1_57' title="bbox 2129 2801 3684 2875">
     <span class='ocr_line' id='line_1_57' title="bbox 2129 2801 3684 2875; baseline -0.001 -20"><span class='ocrx_word' id='word_1_362' title='bbox 2129 2801 2284 2868; x_wconf 82' lang='grc' dir='ltr'>δόξαν</span> <span class='ocrx_word' id='word_1_363' title='bbox 2325 2803 2432 2856; x_wconf 88' lang='grc' dir='ltr'><strong>τῶν</strong></span> <span class='ocrx_word' id='word_1_364' title='bbox 2476 2802 2640 2856; x_wconf 89' lang='grc' dir='ltr'>ἐθνῶν</span> <span class='ocrx_word' id='word_1_365' title='bbox 2674 2807 2939 2875; x_wconf 83' lang='grc' dir='ltr'>χαριεῖται</span> <span class='ocrx_word' id='word_1_366' title='bbox 2982 2805 3160 2867; x_wconf 80' lang='grc' dir='ltr'>αὐτοῖς</span> <span class='ocrx_word' id='word_1_367' title='bbox 3195 2805 3275 2867; x_wconf 89' lang='grc' dir='ltr'><strong>είς</strong></span> <span class='ocrx_word' id='word_1_368' title='bbox 3324 2803 3488 2873; x_wconf 81' lang='grc' dir='ltr'>αὐτὴν</span> <span class='ocrx_word' id='word_1_369' title='bbox 3519 2818 3684 2854; x_wconf 82' lang='grc' dir='ltr'>σπευ-</span> 
     </span>
    </p>
   </div>
   <div class='ocr_carea' id='block_1_58' title="bbox 2129 2893 3684 2966">
    <p class='ocr_par' dir='ltr' id='par_1_58' title="bbox 2129 2893 3684 2966">
     <span class='ocr_line' id='line_1_58' title="bbox 2129 2893 3684 2966; baseline -0.001 -20"><span class='ocrx_word' id='word_1_370' title='bbox 2129 2894 2353 2958; x_wconf 87' lang='grc' dir='ltr'>δόντων,</span> <span class='ocrx_word' id='word_1_371' title='bbox 2403 2893 2477 2956; x_wconf 79' lang='grc' dir='ltr'>ὥς</span> <span class='ocrx_word' id='word_1_372' title='bbox 2515 2895 2637 2956; x_wconf 75' lang='grc' dir='ltr'>τοὺς</span> <span class='ocrx_word' id='word_1_373' title='bbox 2678 2895 2824 2958; x_wconf 70' lang='grc' dir='ltr'>υἱοὺς</span> <span class='ocrx_word' id='word_1_374' title='bbox 2877 2894 3044 2966; x_wconf 77' lang='grc' dir='ltr'>αὐτῆς</span> <span class='ocrx_word' id='word_1_375' title='bbox 3092 2895 3183 2948; x_wconf 72' lang='grc' dir='ltr'><strong>καὶ</strong></span> <span class='ocrx_word' id='word_1_376' title='bbox 3237 2894 3335 2957; x_wconf 81' lang='grc' dir='ltr'>τὰς</span> <span class='ocrx_word' id='word_1_377' title='bbox 3382 2893 3684 2964; x_wconf 85' lang='grc' dir='ltr'>θυγατέρας</span> 
     </span>
    </p>
   </div>
   <div class='ocr_carea' id='block_1_59' title="bbox 2131 2969 3686 3056">
    <p class='ocr_par' dir='ltr' id='par_1_59' title="bbox 2131 2969 3686 3056">
     <span class='ocr_line' id='line_1_59' title="bbox 2131 2969 3686 3056; baseline -0.001 -20"><span class='ocrx_word' id='word_1_378' title='bbox 2131 2985 2217 3036; x_wconf 84' lang='grc' dir='ltr'>ἐπ’</span> <span class='ocrx_word' id='word_1_379' title='bbox 2239 2983 2405 3055; x_wconf 77' lang='grc' dir='ltr'>ὤμων</span> <span class='ocrx_word' id='word_1_380' title='bbox 2433 2985 2614 3056; x_wconf 75' lang='grc' dir='ltr'>φέρειν</span> <span class='ocrx_word' id='word_1_381' title='bbox 2643 2986 2721 3048; x_wconf 88' lang='grc' dir='ltr'><strong>είς</strong></span> <span class='ocrx_word' id='word_1_382' title='bbox 2756 2986 2853 3056; x_wconf 83' lang='grc' dir='ltr'>τὴν</span> <span class='ocrx_word' id='word_1_383' title='bbox 2882 2984 3252 3056; x_wconf 78' lang='grc' dir='ltr'>Ἰερουσαλὴμ,</span> <span class='ocrx_word' id='word_1_384' title='bbox 3278 2969 3372 3037; x_wconf 49' lang='lat' dir='ltr'><strong>xii.</strong></span> <span class='ocrx_word' id='word_1_385' title='bbox 3403 2985 3493 3037; x_wconf 74' lang='grc' dir='ltr'>ἐπὶ</span> <span class='ocrx_word' id='word_1_386' title='bbox 3526 2983 3686 3052; x_wconf 86' lang='grc' dir='ltr'>γονά-</span> 
     </span>
    </p>
   </div>
   <div class='ocr_carea' id='block_1_60' title="bbox 2129 3075 3686 3149">
    <p class='ocr_par' dir='ltr' id='par_1_60' title="bbox 2129 3075 3686 3149">
     <span class='ocr_line' id='line_1_60' title="bbox 2129 3075 3686 3149; baseline -0.001 -20"><span class='ocrx_word' id='word_1_387' title='bbox 2129 3093 2236 3130; x_wconf 89' lang='grc' dir='ltr'><strong>των</strong></span> <span class='ocrx_word' id='word_1_388' title='bbox 2275 3077 2457 3149; x_wconf 81' lang='grc' dir='ltr'>φέρειν</span> <span class='ocrx_word' id='word_1_389' title='bbox 2485 3078 2701 3142; x_wconf 76' lang='grc' dir='ltr'>αὐτοὺς,</span> <span class='ocrx_word' id='word_1_390' title='bbox 2747 3077 3174 3148; x_wconf 85' lang='grc' dir='ltr'>μεταδιώκοντας</span> <span class='ocrx_word' id='word_1_391' title='bbox 3203 3077 3298 3148; x_wconf 81' lang='grc' dir='ltr'>τὴν</span> <span class='ocrx_word' id='word_1_392' title='bbox 3331 3075 3466 3147; x_wconf 81' lang='grc' dir='ltr'>πρὸς</span> <span class='ocrx_word' id='word_1_393' title='bbox 3493 3075 3686 3138; x_wconf 73' lang='grc' dir='ltr'>αὐτοὺς</span> 
     </span>
    </p>
   </div>
   <div class='ocr_carea' id='block_1_61' title="bbox 475 3163 2030 3247">
    <p class='ocr_par' dir='ltr' id='par_1_61' title="bbox 475 3163 2030 3235">
     <span class='ocr_line' id='line_1_61' title="bbox 475 3163 2030 3235; baseline 0.002 -17"><span class='ocrx_word' id='word_1_394' title='bbox 475 3163 733 3231; x_wconf 65' lang='lat' dir='ltr'><strong>praebebit</strong></span> <span class='ocrx_word' id='word_1_395' title='bbox 758 3165 838 3220; x_wconf 90' lang='lat' dir='ltr'><strong>eis</strong></span> <span class='ocrx_word' id='word_1_396' title='bbox 865 3164 1006 3222; x_wconf 90' lang='lat' dir='ltr'><strong>Deus</strong></span> <span class='ocrx_word' id='word_1_397' title='bbox 1043 3166 1283 3235; x_wconf 88' lang='lat' dir='ltr'><strong>adjutor,</strong></span> <span class='ocrx_word' id='word_1_398' title='bbox 1325 3167 1517 3222; x_wconf 88' lang='lat' dir='ltr'><strong>matris</strong></span> <span class='ocrx_word' id='word_1_399' title='bbox 1554 3168 1620 3221; x_wconf 87' lang='lat' dir='ltr'><strong>ad</strong></span> <span class='ocrx_word' id='word_1_400' title='bbox 1650 3181 1899 3222; x_wconf 89' lang='lat' dir='ltr'><strong>normam</strong></span> <span class='ocrx_word' id='word_1_401' title='bbox 1935 3166 2030 3221; x_wconf 90' lang='lat' dir='ltr'><strong>bo-</strong></span> 
     </span>
    </p>
   </div>
   <div class='ocr_carea' id='block_1_62' title="bbox 2131 3163 3684 3247">
    <p class='ocr_par' dir='ltr' id='par_1_62' title="bbox 2133 3166 3684 3242">
     <span class='ocr_line' id='line_1_62' title="bbox 2133 3166 3684 3242; baseline -0.001 -22"><span class='ocrx_word' id='word_1_402' title='bbox 2133 3169 2410 3222; x_wconf 87' lang='grc' dir='ltr'>κοινωνίαν</span> <span class='ocrx_word' id='word_1_403' title='bbox 2431 3187 2443 3200; x_wconf 90' lang='grc'><strong>·</strong></span> <span class='ocrx_word' id='word_1_404' title='bbox 2480 3171 2515 3242; x_wconf 82' lang='grc' dir='ltr'><strong>ἡ</strong></span> <span class='ocrx_word' id='word_1_405' title='bbox 2549 3170 2657 3242; x_wconf 78' lang='grc' dir='ltr'>γὰρ</span> <span class='ocrx_word' id='word_1_406' title='bbox 2690 3171 2769 3233; x_wconf 85' lang='grc' dir='ltr'><strong>είς</strong></span> <span class='ocrx_word' id='word_1_407' title='bbox 2796 3171 2990 3233; x_wconf 75' lang='grc' dir='ltr'>αὐτοὺς</span> <span class='ocrx_word' id='word_1_408' title='bbox 3019 3171 3159 3241; x_wconf 71' lang='grc' dir='ltr'>ῥοπὴ</span> <span class='ocrx_word' id='word_1_409' title='bbox 3188 3169 3279 3222; x_wconf 85' lang='grc' dir='ltr'><strong>τοῦ</strong></span> <span class='ocrx_word' id='word_1_410' title='bbox 3305 3167 3436 3221; x_wconf 84' lang='grc' dir='ltr'>Θεοῦ</span> <span class='ocrx_word' id='word_1_411' title='bbox 3462 3166 3684 3238; x_wconf 82' lang='grc' dir='ltr'>παρέξει</span> 
     </span>
    </p>
   </div>
   <div class='ocr_carea' id='block_1_63' title="bbox 473 3256 1453 3330">
    <p class='ocr_par' dir='ltr' id='par_1_63' title="bbox 473 3256 1453 3330">
     <span class='ocr_line' id='line_1_63' title="bbox 473 3256 1453 3330; baseline 0.006 -22"><span class='ocrx_word' id='word_1_412' title='bbox 473 3271 556 3311; x_wconf 74' lang='lat' dir='ltr'><strong>nae</strong></span> <span class='ocrx_word' id='word_1_413' title='bbox 585 3256 652 3313; x_wconf 91' lang='lat' dir='ltr'><strong>de</strong></span> <span class='ocrx_word' id='word_1_414' title='bbox 682 3259 823 3314; x_wconf 88' lang='lat' dir='ltr'><strong>natis</strong></span> <span class='ocrx_word' id='word_1_415' title='bbox 848 3259 962 3314; x_wconf 89' lang='lat' dir='ltr'><strong>suis</strong></span> <span class='ocrx_word' id='word_1_416' title='bbox 989 3273 1173 3314; x_wconf 90' lang='lat' dir='ltr'><strong>curam</strong></span> <span class='ocrx_word' id='word_1_417' title='bbox 1198 3259 1453 3330; x_wconf 78' lang='lat' dir='ltr'><strong>gerentis.</strong></span> 
     </span>
    </p>
   </div>
   <div class='ocr_carea' id='block_1_64' title="bbox 549 3436 2028 3508">
    <p class='ocr_par' dir='ltr' id='par_1_64' title="bbox 549 3436 2028 3508">
     <span class='ocr_line' id='line_1_64' title="bbox 549 3436 2028 3508; baseline -0.003 -14"><span class='ocrx_word' id='word_1_418' title='bbox 549 3440 708 3494; x_wconf 76' lang='lat' dir='ltr'><strong>Vens.</strong></span> <span class='ocrx_word' id='word_1_419' title='bbox 759 3439 845 3495; x_wconf 78' lang='lat' dir='ltr'><strong>l3.</strong></span> <span class='ocrx_word' id='word_1_420' title='bbox 891 3438 1020 3504; x_wconf 73' lang='lat' dir='ltr'><strong>Quze</strong></span> <span class='ocrx_word' id='word_1_421' title='bbox 1048 3440 1288 3508; x_wconf 87' lang='lat' dir='ltr'><strong>reperies</strong></span> <span class='ocrx_word' id='word_1_422' title='bbox 1338 3437 1583 3494; x_wconf 87' lang='lat' dir='ltr'><strong>historiis</strong></span> <span class='ocrx_word' id='word_1_423' title='bbox 1633 3436 2028 3507; x_wconf 89' lang='lat' dir='ltr'><strong>comprobata;</strong></span> 
     </span>
    </p>
   </div>
   <div class='ocr_carea' id='block_1_65' title="bbox 472 3527 2029 3601">
    <p class='ocr_par' dir='ltr' id='par_1_65' title="bbox 472 3527 2029 3601">
     <span class='ocr_line' id='line_1_65' title="bbox 472 3527 2029 3601; baseline -0.001 -17"><span class='ocrx_word' id='word_1_424' title='bbox 472 3529 774 3601; x_wconf 67' lang='lat' dir='ltr'><strong>praesertim</strong></span> <span class='ocrx_word' id='word_1_425' title='bbox 812 3543 944 3582; x_wconf 84' lang='lat' dir='ltr'><strong>vero</strong></span> <span class='ocrx_word' id='word_1_426' title='bbox 978 3529 1295 3584; x_wconf 86' lang='lat' dir='ltr'><strong>narratione</strong></span> <span class='ocrx_word' id='word_1_427' title='bbox 1321 3544 1502 3584; x_wconf 88' lang='lat' dir='ltr'><strong>rerum</strong></span> <span class='ocrx_word' id='word_1_428' title='bbox 1553 3543 1699 3583; x_wconf 93' lang='lat' dir='ltr'><strong>nunc</strong></span> <span class='ocrx_word' id='word_1_429' title='bbox 1741 3527 1886 3599; x_wconf 90' lang='lat' dir='ltr'><strong>apud</strong></span> <span class='ocrx_word' id='word_1_430' title='bbox 1928 3543 2029 3583; x_wconf 85' lang='lat' dir='ltr'><strong>nos</strong></span> 
     </span>
    </p>
   </div>
   <div class='ocr_carea' id='block_1_66' title="bbox 472 3619 2030 3692">
    <p class='ocr_par' dir='ltr' id='par_1_66' title="bbox 472 3619 2030 3692">
     <span class='ocr_line' id='line_1_66' title="bbox 472 3619 2030 3692; baseline 0 -16"><span class='ocrx_word' id='word_1_431' title='bbox 472 3629 594 3692; x_wconf 88' lang='lat' dir='ltr'><strong>post</strong></span> <span class='ocrx_word' id='word_1_432' title='bbox 627 3620 915 3676; x_wconf 90' lang='lat' dir='ltr'><strong>adventum</strong></span> <span class='ocrx_word' id='word_1_433' title='bbox 953 3619 1248 3675; x_wconf 84' lang='lat' dir='ltr'><strong>Salvatoris</strong></span> <span class='ocrx_word' id='word_1_434' title='bbox 1291 3621 1461 3676; x_wconf 88' lang='lat' dir='ltr'><strong>nostri</strong></span> <span class='ocrx_word' id='word_1_435' title='bbox 1482 3628 1778 3691; x_wconf 79' lang='lat' dir='ltr'><strong>gestarum.</strong></span> <span class='ocrx_word' id='word_1_436' title='bbox 1825 3619 2030 3676; x_wconf 85' lang='lat' dir='ltr'><strong>Idcirco</strong></span> 
     </span>
    </p>
   </div>
   <div class='ocr_carea' id='block_1_67' title="bbox 471 3710 2028 3778">
    <p class='ocr_par' dir='ltr' id='par_1_67' title="bbox 471 3710 2028 3778">
     <span class='ocr_line' id='line_1_67' title="bbox 471 3710 2028 3778; baseline 0.002 -12"><span class='ocrx_word' id='word_1_437' title='bbox 471 3714 539 3768; x_wconf 87' lang='lat' dir='ltr'><strong>ad</strong></span> <span class='ocrx_word' id='word_1_438' title='bbox 575 3728 757 3768; x_wconf 83' lang='lat' dir='ltr'><strong>veram</strong></span> <span class='ocrx_word' id='word_1_439' title='bbox 801 3711 1100 3768; x_wconf 86' lang='lat' dir='ltr'><strong>Jerusalem</strong></span> <span class='ocrx_word' id='word_1_440' title='bbox 1145 3712 1448 3778; x_wconf 82' lang='lat' dir='ltr'><strong>tendimus,</strong></span> <span class='ocrx_word' id='word_1_441' title='bbox 1499 3719 1553 3768; x_wconf 89' lang='lat' dir='ltr'><strong>et</strong></span> <span class='ocrx_word' id='word_1_442' title='bbox 1596 3727 1755 3768; x_wconf 83' lang='lat' dir='ltr'><strong>veros</strong></span> <span class='ocrx_word' id='word_1_443' title='bbox 1797 3710 2028 3769; x_wconf 68' lang='lat' dir='ltr'><strong>Iudaeos</strong></span> 
     </span>
    </p>
   </div>
   <div class='ocr_carea' id='block_1_68' title="bbox 470 3806 2027 3877">
    <p class='ocr_par' dir='ltr' id='par_1_68' title="bbox 470 3806 2027 3877">
     <span class='ocr_line' id='line_1_68' title="bbox 470 3806 2027 3877; baseline -0.001 -18"><span class='ocrx_word' id='word_1_444' title='bbox 470 3814 750 3876; x_wconf 87' lang='lat' dir='ltr'><strong>portamus</strong></span> <span class='ocrx_word' id='word_1_445' title='bbox 782 3819 944 3877; x_wconf 91' lang='lat' dir='ltr'><strong>super</strong></span> <span class='ocrx_word' id='word_1_446' title='bbox 976 3806 1236 3861; x_wconf 88' lang='lat' dir='ltr'><strong>humeros</strong></span> <span class='ocrx_word' id='word_1_447' title='bbox 1267 3821 1331 3860; x_wconf 86' lang='lat' dir='ltr'><strong>ac</strong></span> <span class='ocrx_word' id='word_1_448' title='bbox 1366 3822 1542 3876; x_wconf 77' lang='lat' dir='ltr'><strong>genua</strong></span> <span class='ocrx_word' id='word_1_449' title='bbox 1588 3806 1857 3872; x_wconf 88' lang='lat' dir='ltr'><strong>ferentes;</strong></span> <span class='ocrx_word' id='word_1_450' title='bbox 1903 3820 2027 3859; x_wconf 93' lang='lat' dir='ltr'><strong>cum</strong></span> 
     </span>
    </p>
   </div>
   <div class='ocr_carea' id='block_1_69' title="bbox 470 3898 2030 3969">
    <p class='ocr_par' dir='ltr' id='par_1_69' title="bbox 470 3898 2030 3969">
     <span class='ocr_line' id='line_1_69' title="bbox 470 3898 2030 3969; baseline -0.001 -17"><span class='ocrx_word' id='word_1_451' title='bbox 470 3898 617 3952; x_wconf 89' lang='lat' dir='ltr'><strong>enim</strong></span> <span class='ocrx_word' id='word_1_452' title='bbox 663 3898 716 3953; x_wconf 95' lang='lat' dir='ltr'><strong>in</strong></span> <span class='ocrx_word' id='word_1_453' title='bbox 767 3899 1017 3953; x_wconf 89' lang='lat' dir='ltr'><strong>manibus</strong></span> <span class='ocrx_word' id='word_1_454' title='bbox 1071 3899 1262 3953; x_wconf 89' lang='lat' dir='ltr'><strong>beatos</strong></span> <span class='ocrx_word' id='word_1_455' title='bbox 1313 3899 1606 3969; x_wconf 83' lang='lat' dir='ltr'><strong>prophetas</strong></span> <span class='ocrx_word' id='word_1_456' title='bbox 1653 3898 1936 3962; x_wconf 90' lang='lat' dir='ltr'><strong>habemus,</strong></span> <span class='ocrx_word' id='word_1_457' title='bbox 1976 3904 2030 3951; x_wconf 87' lang='lat' dir='ltr'><strong>et</strong></span> 
     </span>
    </p>
   </div>
   <div class='ocr_carea' id='block_1_70' title="bbox 471 3988 2028 4061">
    <p class='ocr_par' dir='ltr' id='par_1_70' title="bbox 471 3988 2028 4061">
     <span class='ocr_line' id='line_1_70' title="bbox 471 3988 2028 4061; baseline 0 -19"><span class='ocrx_word' id='word_1_458' title='bbox 471 3990 692 4043; x_wconf 84' lang='lat' dir='ltr'><strong>illorum</strong></span> <span class='ocrx_word' id='word_1_459' title='bbox 741 3989 897 4044; x_wconf 91' lang='lat' dir='ltr'><strong>libris</strong></span> <span class='ocrx_word' id='word_1_460' title='bbox 940 3990 1306 4053; x_wconf 87' lang='lat' dir='ltr'><strong>occurrimus,</strong></span> <span class='ocrx_word' id='word_1_461' title='bbox 1350 3990 1454 4061; x_wconf 90' lang='lat' dir='ltr'><strong>ipsi</strong></span> <span class='ocrx_word' id='word_1_462' title='bbox 1507 4005 1725 4060; x_wconf 86' lang='lat' dir='ltr'><strong>quoque</strong></span> <span class='ocrx_word' id='word_1_463' title='bbox 1772 3990 1826 4043; x_wconf 93' lang='lat' dir='ltr'><strong>in</strong></span> <span class='ocrx_word' id='word_1_464' title='bbox 1861 3988 2028 4044; x_wconf 88' lang='lat' dir='ltr'><strong>Deum</strong></span> 
     </span>
    </p>
   </div>
   <div class='ocr_carea' id='block_1_71' title="bbox 471 4082 2032 4152">
    <p class='ocr_par' dir='ltr' id='par_1_71' title="bbox 471 4082 2032 4152">
     <span class='ocr_line' id='line_1_71' title="bbox 471 4082 2032 4152; baseline -0.001 -16"><span class='ocrx_word' id='word_1_465' title='bbox 471 4082 745 4136; x_wconf 81' lang='lat' dir='ltr'><strong>Abraham</strong></span> <span class='ocrx_word' id='word_1_466' title='bbox 799 4089 851 4137; x_wconf 91' lang='lat' dir='ltr'><strong>et</strong></span> <span class='ocrx_word' id='word_1_467' title='bbox 897 4090 1215 4137; x_wconf 65' lang='lat' dir='ltr'><strong>cancrorum</strong></span> <span class='ocrx_word' id='word_1_468' title='bbox 1272 4091 1487 4152; x_wconf 88' lang='lat' dir='ltr'><strong>patrum</strong></span> <span class='ocrx_word' id='word_1_469' title='bbox 1542 4097 1879 4152; x_wconf 85' lang='lat' dir='ltr'><strong>speramus;</strong></span> <span class='ocrx_word' id='word_1_470' title='bbox 1921 4097 2032 4152; x_wconf 65' lang='lat' dir='ltr'><strong>prce</strong></span> 
     </span>
    </p>
   </div>
   <div class='ocr_carea' id='block_1_72' title="bbox 471 4172 2030 4242">
    <p class='ocr_par' dir='ltr' id='par_1_72' title="bbox 471 4172 2030 4242">
     <span class='ocr_line' id='line_1_72' title="bbox 471 4172 2030 4242; baseline -0.001 -16"><span class='ocrx_word' id='word_1_471' title='bbox 471 4173 663 4242; x_wconf 87' lang='lat' dir='ltr'><strong>primis</strong></span> <span class='ocrx_word' id='word_1_472' title='bbox 685 4188 812 4228; x_wconf 80' lang='lat' dir='ltr'><strong>vero</strong></span> <span class='ocrx_word' id='word_1_473' title='bbox 843 4173 1013 4229; x_wconf 88' lang='lat' dir='ltr'><strong>libros</strong></span> <span class='ocrx_word' id='word_1_474' title='bbox 1047 4173 1309 4228; x_wconf 87' lang='lat' dir='ltr'><strong>habentes</strong></span> <span class='ocrx_word' id='word_1_475' title='bbox 1347 4188 1376 4226; x_wconf 91' lang='lat' dir='ltr'><strong>a</strong></span> <span class='ocrx_word' id='word_1_476' title='bbox 1407 4173 1581 4229; x_wconf 80' lang='lat' dir='ltr'><strong>beatis</strong></span> <span class='ocrx_word' id='word_1_477' title='bbox 1610 4172 1872 4242; x_wconf 88' lang='lat' dir='ltr'><strong>apostolis</strong></span> <span class='ocrx_word' id='word_1_478' title='bbox 1908 4178 2030 4242; x_wconf 89' lang='lat' dir='ltr'><strong>post</strong></span> 
     </span>
    </p>
   </div>
   <div class='ocr_carea' id='block_1_73' title="bbox 471 4258 2031 4336">
    <p class='ocr_par' dir='ltr' id='par_1_73' title="bbox 471 4258 2031 4336">
     <span class='ocr_line' id='line_1_73' title="bbox 471 4258 2031 4336; baseline 0 -18"><span class='ocrx_word' id='word_1_479' title='bbox 471 4266 805 4321; x_wconf 75' lang='lat' dir='ltr'><strong>Salvatorem</strong></span> <span class='ocrx_word' id='word_1_480' title='bbox 846 4275 1092 4322; x_wconf 88' lang='lat' dir='ltr'><strong>nostrum</strong></span> <span class='ocrx_word' id='word_1_481' title='bbox 1137 4258 1476 4336; x_wconf 82' lang='lat' dir='ltr'><strong>conscriptos</strong></span> <span class='ocrx_word' id='word_1_482' title='bbox 1520 4276 1574 4321; x_wconf 90' lang='lat' dir='ltr'><strong>et</strong></span> <span class='ocrx_word' id='word_1_483' title='bbox 1604 4281 1699 4320; x_wconf 87' lang='lat' dir='ltr'><strong>eos</strong></span> <span class='ocrx_word' id='word_1_484' title='bbox 1746 4266 1801 4320; x_wconf 90' lang='lat' dir='ltr'><strong>in</strong></span> <span class='ocrx_word' id='word_1_485' title='bbox 1839 4265 2031 4319; x_wconf 71' lang='lat' dir='ltr'><strong>humeo</strong></span> 
     </span>
    </p>
   </div>
   <div class='ocr_carea' id='block_1_74' title="bbox 472 4356 2030 4429">
    <p class='ocr_par' dir='ltr' id='par_1_74' title="bbox 472 4356 2030 4429">
     <span class='ocr_line' id='line_1_74' title="bbox 472 4356 2030 4429; baseline -0.001 -18"><span class='ocrx_word' id='word_1_486' title='bbox 472 4358 547 4413; x_wconf 85' lang='lat' dir='ltr'><strong>ris</strong></span> <span class='ocrx_word' id='word_1_487' title='bbox 600 4367 909 4427; x_wconf 88' lang='lat' dir='ltr'><strong>portantes,</strong></span> <span class='ocrx_word' id='word_1_488' title='bbox 946 4373 1012 4412; x_wconf 90' lang='lat' dir='ltr'><strong>ac</strong></span> <span class='ocrx_word' id='word_1_489' title='bbox 1055 4356 1122 4412; x_wconf 91' lang='lat' dir='ltr'><strong>de</strong></span> <span class='ocrx_word' id='word_1_490' title='bbox 1157 4357 1264 4413; x_wconf 90' lang='lat' dir='ltr'><strong>illis</strong></span> <span class='ocrx_word' id='word_1_491' title='bbox 1302 4358 1545 4429; x_wconf 90' lang='lat' dir='ltr'><strong>symbola</strong></span> <span class='ocrx_word' id='word_1_492' title='bbox 1589 4358 1779 4414; x_wconf 77' lang='lat' dir='ltr'><strong>salutis</strong></span> <span class='ocrx_word' id='word_1_493' title='bbox 1829 4366 2030 4412; x_wconf 63' lang='lat' dir='ltr'><strong>nostra:</strong></span> 
     </span>
    </p>
   </div>
   <div class='ocr_carea' id='block_1_75' title="bbox 471 4449 2030 4520">
    <p class='ocr_par' dir='ltr' id='par_1_75' title="bbox 471 4449 2030 4520">
     <span class='ocr_line' id='line_1_75' title="bbox 471 4449 2030 4520; baseline -0.001 -17"><span class='ocrx_word' id='word_1_494' title='bbox 471 4449 806 4517; x_wconf 88' lang='lat' dir='ltr'><strong>haurientes,</strong></span> <span class='ocrx_word' id='word_1_495' title='bbox 831 4465 939 4520; x_wconf 91' lang='lat' dir='ltr'><strong>quo</strong></span> <span class='ocrx_word' id='word_1_496' title='bbox 977 4459 1136 4520; x_wconf 87' lang='lat' dir='ltr'><strong>pacto</strong></span> <span class='ocrx_word' id='word_1_497' title='bbox 1165 4465 1272 4504; x_wconf 91' lang='lat' dir='ltr'><strong>non</strong></span> <span class='ocrx_word' id='word_1_498' title='bbox 1323 4466 1447 4506; x_wconf 78' lang='lat' dir='ltr'><strong>vere</strong></span> <span class='ocrx_word' id='word_1_499' title='bbox 1498 4466 1653 4505; x_wconf 85' lang='lat' dir='ltr'><strong>veros</strong></span> <span class='ocrx_word' id='word_1_500' title='bbox 1691 4450 1829 4506; x_wconf 88' lang='lat' dir='ltr'><strong>ﬁlios</strong></span> <span class='ocrx_word' id='word_1_501' title='bbox 1888 4465 2030 4505; x_wconf 77' lang='lat' dir='ltr'><strong>verae</strong></span> 
     </span>
    </p>
   </div>
   <div class='ocr_carea' id='block_1_76' title="bbox 468 4541 2030 4614">
    <p class='ocr_par' dir='ltr' id='par_1_76' title="bbox 468 4541 2030 4614">
     <span class='ocr_line' id='line_1_76' title="bbox 468 4541 2030 4614; baseline 0.003 -18"><span class='ocrx_word' id='word_1_502' title='bbox 468 4541 766 4597; x_wconf 76' lang='lat' dir='ltr'><strong>Jerusalem</strong></span> <span class='ocrx_word' id='word_1_503' title='bbox 819 4557 982 4612; x_wconf 89' lang='lat' dir='ltr'><strong>super</strong></span> <span class='ocrx_word' id='word_1_504' title='bbox 1013 4543 1268 4600; x_wconf 91' lang='lat' dir='ltr'><strong>humeros</strong></span> <span class='ocrx_word' id='word_1_505' title='bbox 1299 4545 1560 4614; x_wconf 80' lang='lat' dir='ltr'><strong>gerimus,</strong></span> <span class='ocrx_word' id='word_1_506' title='bbox 1610 4544 1923 4614; x_wconf 86' lang='lat' dir='ltr'><strong>quicunque</strong></span> <span class='ocrx_word' id='word_1_507' title='bbox 1964 4545 2030 4600; x_wconf 88' lang='lat' dir='ltr'><strong>de</strong></span> 
     </span>
    </p>
   </div>
   <div class='ocr_carea' id='block_1_77' title="bbox 469 4632 1940 4705">
    <p class='ocr_par' dir='ltr' id='par_1_77' title="bbox 469 4632 1940 4705">
     <span class='ocr_line' id='line_1_77' title="bbox 469 4632 1940 4705; baseline 0.002 -18"><span class='ocrx_word' id='word_1_508' title='bbox 469 4632 719 4699; x_wconf 66' lang='lat' dir='ltr'><strong>gentibus</strong></span> <span class='ocrx_word' id='word_1_509' title='bbox 754 4633 1114 4702; x_wconf 86' lang='lat' dir='ltr'><strong>undequaque</strong></span> <span class='ocrx_word' id='word_1_510' title='bbox 1135 4648 1259 4687; x_wconf 92' lang='lat' dir='ltr'><strong>cum</strong></span> <span class='ocrx_word' id='word_1_511' title='bbox 1296 4635 1384 4687; x_wconf 91' lang='lat' dir='ltr'><strong>illa</strong></span> <span class='ocrx_word' id='word_1_512' title='bbox 1412 4635 1667 4705; x_wconf 83' lang='lat' dir='ltr'><strong>conjungi</strong></span> <span class='ocrx_word' id='word_1_513' title='bbox 1701 4635 1940 4690; x_wconf 90' lang='lat' dir='ltr'><strong>student.</strong></span> 
     </span>
    </p>
   </div>
   <div class='ocr_carea' id='block_1_78' title="bbox 470 4722 2027 4797">
    <p class='ocr_par' dir='ltr' id='par_1_78' title="bbox 470 4722 2027 4797">
     <span class='ocr_line' id='line_1_78' title="bbox 470 4722 2027 4797; baseline 0.001 -21"><span class='ocrx_word' id='word_1_514' title='bbox 470 4722 847 4792; x_wconf 73' lang='grc' dir='ltr'>βαστάζοντες,</span> <span class='ocrx_word' id='word_1_515' title='bbox 874 4725 923 4778; x_wconf 84' lang='grc' dir='ltr'>οἱ</span> <span class='ocrx_word' id='word_1_516' title='bbox 963 4725 1070 4779; x_wconf 88' lang='grc' dir='ltr'><strong>ἀπὸ</strong></span> <span class='ocrx_word' id='word_1_517' title='bbox 1115 4726 1223 4778; x_wconf 88' lang='grc' dir='ltr'><strong>τῶν</strong></span> <span class='ocrx_word' id='word_1_518' title='bbox 1256 4726 1422 4779; x_wconf 84' lang='grc' dir='ltr'>ἐθνῶν</span> <span class='ocrx_word' id='word_1_519' title='bbox 1451 4727 1648 4790; x_wconf 84' lang='grc' dir='ltr'>πάντες</span> <span class='ocrx_word' id='word_1_520' title='bbox 1691 4726 2027 4797; x_wconf 86' lang='grc' dir='ltr'>πανταχόθεν</span> 
     </span>
    </p>
   </div>
   <div class='ocr_carea' id='block_1_79' title="bbox 543 4814 2028 4890">
    <p class='ocr_par' dir='ltr' id='par_1_79' title="bbox 543 4814 2028 4890">
     <span class='ocr_line' id='line_1_79' title="bbox 543 4814 2028 4890; baseline 0.004 -22"><span class='ocrx_word' id='word_1_521' title='bbox 543 4814 703 4872; x_wconf 71' lang='lat' dir='ltr'><strong>Vsus.</strong></span> <span class='ocrx_word' id='word_1_522' title='bbox 753 4818 837 4872; x_wconf 71' lang='grc'><strong>14.</strong></span> <span class='ocrx_word' id='word_1_523' title='bbox 885 4817 1023 4874; x_wconf 89' lang='lat' dir='ltr'><strong>Ossa</strong></span> <span class='ocrx_word' id='word_1_524' title='bbox 1062 4819 1470 4888; x_wconf 78' lang='lat' dir='ltr'><strong>germinabunt,</strong></span> <span class='ocrx_word' id='word_1_525' title='bbox 1512 4819 1796 4890; x_wconf 87' lang='lat' dir='ltr'><strong>pristinam</strong></span> <span class='ocrx_word' id='word_1_526' title='bbox 1858 4823 2028 4875; x_wconf 83' lang='lat' dir='ltr'><strong>virtu-</strong></span> 
     </span>
    </p>
   </div>
   <div class='ocr_carea' id='block_1_80' title="bbox 465 4908 2024 4983">
    <p class='ocr_par' dir='ltr' id='par_1_80' title="bbox 465 4908 2024 4983">
     <span class='ocr_line' id='line_1_80' title="bbox 465 4908 2024 4983; baseline 0.004 -23"><span class='ocrx_word' id='word_1_527' title='bbox 465 4915 573 4961; x_wconf 86' lang='lat' dir='ltr'><strong>tem</strong></span> <span class='ocrx_word' id='word_1_528' title='bbox 621 4908 930 4978; x_wconf 87' lang='lat' dir='ltr'><strong>recipientia</strong></span> <span class='ocrx_word' id='word_1_529' title='bbox 978 4909 1132 4979; x_wconf 80' lang='lat' dir='ltr'><strong>juxta</strong></span> <span class='ocrx_word' id='word_1_530' title='bbox 1180 4908 1526 4966; x_wconf 86' lang='lat' dir='ltr'><strong>Dominicam</strong></span> <span class='ocrx_word' id='word_1_531' title='bbox 1596 4912 2024 4983; x_wconf 65' lang='lat' dir='ltr'><strong>pratdictionem;</strong></span> 
     </span>
    </p>
   </div>
   <div class='ocr_carea' id='block_1_81' title="bbox 465 4999 2026 5070">
    <p class='ocr_par' dir='ltr' id='par_1_81' title="bbox 465 4999 2026 5070">
     <span class='ocr_line' id='line_1_81' title="bbox 465 4999 2026 5070; baseline 0.005 -19"><span class='ocrx_word' id='word_1_532' title='bbox 465 4999 608 5068; x_wconf 86' lang='lat' dir='ltr'><strong>quod</strong></span> <span class='ocrx_word' id='word_1_533' title='bbox 639 5001 802 5055; x_wconf 85' lang='lat' dir='ltr'><strong>etiam</strong></span> <span class='ocrx_word' id='word_1_534' title='bbox 834 5001 900 5056; x_wconf 90' lang='lat' dir='ltr'><strong>de</strong></span> <span class='ocrx_word' id='word_1_535' title='bbox 921 5002 1080 5057; x_wconf 89' lang='lat' dir='ltr'><strong>beato</strong></span> <span class='ocrx_word' id='word_1_536' title='bbox 1111 5002 1358 5058; x_wconf 83' lang='lat' dir='ltr'><strong>Ezechiel</strong></span> <span class='ocrx_word' id='word_1_537' title='bbox 1406 5003 1636 5059; x_wconf 88' lang='lat' dir='ltr'><strong>historia</strong></span> <span class='ocrx_word' id='word_1_538' title='bbox 1668 5005 1854 5070; x_wconf 81' lang='lat' dir='ltr'><strong>refert,</strong></span> <span class='ocrx_word' id='word_1_539' title='bbox 1886 5007 2026 5061; x_wconf 89' lang='lat' dir='ltr'><strong>ossi-</strong></span> 
     </span>
    </p>
   </div>
   <div class='ocr_carea' id='block_1_82' title="bbox 466 5092 2028 5169">
    <p class='ocr_par' dir='ltr' id='par_1_82' title="bbox 466 5092 2028 5169">
     <span class='ocr_line' id='line_1_82' title="bbox 466 5092 2028 5169; baseline 0.003 -22"><span class='ocrx_word' id='word_1_540' title='bbox 466 5092 569 5147; x_wconf 80' lang='lat' dir='ltr'><strong>bus</strong></span> <span class='ocrx_word' id='word_1_541' title='bbox 620 5092 792 5148; x_wconf 84' lang='lat' dir='ltr'><strong>aridis</strong></span> <span class='ocrx_word' id='word_1_542' title='bbox 833 5095 1082 5150; x_wconf 81' lang='lat' dir='ltr'><strong>excitatis</strong></span> <span class='ocrx_word' id='word_1_543' title='bbox 1127 5102 1180 5150; x_wconf 90' lang='lat' dir='ltr'><strong>et</strong></span> <span class='ocrx_word' id='word_1_544' title='bbox 1234 5096 1379 5152; x_wconf 87' lang='lat' dir='ltr'><strong>inter</strong></span> <span class='ocrx_word' id='word_1_545' title='bbox 1426 5112 1487 5152; x_wconf 87' lang='lat' dir='ltr'><strong>se</strong></span> <span class='ocrx_word' id='word_1_546' title='bbox 1537 5107 1662 5169; x_wconf 90' lang='lat' dir='ltr'><strong>apte</strong></span> <span class='ocrx_word' id='word_1_547' title='bbox 1707 5098 2028 5154; x_wconf 64' lang='lat' dir='ltr'><strong>cohaerenti-</strong></span> 
     </span>
    </p>
   </div>
   <div class='ocr_carea' id='block_1_83' title="bbox 465 5185 664 5240">
    <p class='ocr_par' dir='ltr' id='par_1_83' title="bbox 465 5185 664 5240">
     <span class='ocr_line' id='line_1_83' title="bbox 465 5185 664 5240; baseline 0 -2"><span class='ocrx_word' id='word_1_548' title='bbox 465 5185 566 5240; x_wconf 87' lang='lat' dir='ltr'><strong>bus</strong></span> <span class='ocrx_word' id='word_1_549' title='bbox 599 5187 664 5238; x_wconf 77' lang='grc'>⁸⁷.</span> 
     </span>
    </p>
   </div>
   <div class='ocr_carea' id='block_1_84' title="bbox 537 5277 2026 5355">
    <p class='ocr_par' dir='ltr' id='par_1_84' title="bbox 537 5277 2026 5355">
     <span class='ocr_line' id='line_1_84' title="bbox 537 5277 2026 5355; baseline 0.006 -24"><span class='ocrx_word' id='word_1_550' title='bbox 537 5279 697 5334; x_wconf 77' lang='lat' dir='ltr'><strong>Vens.</strong></span> <span class='ocrx_word' id='word_1_551' title='bbox 737 5277 986 5335; x_wconf 61' lang='lat' dir='ltr'><strong>15.11am</strong></span> <span class='ocrx_word' id='word_1_552' title='bbox 1018 5279 1223 5351; x_wconf 87' lang='lat' dir='ltr'><strong>profert</strong></span> <span class='ocrx_word' id='word_1_553' title='bbox 1268 5290 1328 5335; x_wconf 92' lang='lat' dir='ltr'><strong>ut</strong></span> <span class='ocrx_word' id='word_1_554' title='bbox 1349 5281 1571 5346; x_wconf 90' lang='lat' dir='ltr'><strong>indicet,</strong></span> <span class='ocrx_word' id='word_1_555' title='bbox 1624 5281 1788 5353; x_wconf 78' lang='lat' dir='ltr'><strong>quam</strong></span> <span class='ocrx_word' id='word_1_556' title='bbox 1837 5285 2026 5355; x_wconf 89' lang='lat' dir='ltr'><strong>rapide</strong></span> 
     </span>
    </p>
   </div>
   <div class='ocr_carea' id='block_1_85' title="bbox 465 5369 2027 5446">
    <p class='ocr_par' dir='ltr' id='par_1_85' title="bbox 465 5369 2027 5446">
     <span class='ocr_line' id='line_1_85' title="bbox 465 5369 2027 5446; baseline 0.004 -23"><span class='ocrx_word' id='word_1_557' title='bbox 465 5369 723 5439; x_wconf 82' lang='lat' dir='ltr'><strong>judicium</strong></span> <span class='ocrx_word' id='word_1_558' title='bbox 760 5370 1031 5427; x_wconf 89' lang='lat' dir='ltr'><strong>facturum</strong></span> <span class='ocrx_word' id='word_1_559' title='bbox 1077 5374 1149 5429; x_wconf 88' lang='lat' dir='ltr'><strong>sit</strong></span> <span class='ocrx_word' id='word_1_560' title='bbox 1189 5389 1312 5429; x_wconf 88' lang='lat' dir='ltr'><strong>cum</strong></span> <span class='ocrx_word' id='word_1_561' title='bbox 1342 5374 1486 5430; x_wconf 86' lang='lat' dir='ltr'><strong>Deus</strong></span> <span class='ocrx_word' id='word_1_562' title='bbox 1534 5391 1634 5430; x_wconf 90' lang='lat' dir='ltr'><strong>nec</strong></span> <span class='ocrx_word' id='word_1_563' title='bbox 1664 5384 1905 5446; x_wconf 90' lang='lat' dir='ltr'><strong>tempore</strong></span> <span class='ocrx_word' id='word_1_564' title='bbox 1942 5377 2027 5430; x_wconf 86' lang='lat' dir='ltr'><strong>in-</strong></span> 
     </span>
    </p>
   </div>
   <div class='ocr_carea' id='block_1_86' title="bbox 465 5459 2024 5530">
    <p class='ocr_par' dir='ltr' id='par_1_86' title="bbox 465 5459 2024 5530">
     <span class='ocr_line' id='line_1_86' title="bbox 465 5459 2024 5530; baseline 0.008 -19"><span class='ocrx_word' id='word_1_565' title='bbox 465 5459 666 5530; x_wconf 76' lang='lat' dir='ltr'><strong>digeat,</strong></span> <span class='ocrx_word' id='word_1_566' title='bbox 699 5477 800 5517; x_wconf 92' lang='lat' dir='ltr'><strong>nec</strong></span> <span class='ocrx_word' id='word_1_567' title='bbox 834 5478 1022 5518; x_wconf 87' lang='lat' dir='ltr'><strong>mora:</strong></span> <span class='ocrx_word' id='word_1_568' title='bbox 1049 5479 1157 5518; x_wconf 92' lang='lat' dir='ltr'><strong>non</strong></span> <span class='ocrx_word' id='word_1_569' title='bbox 1199 5465 1342 5520; x_wconf 88' lang='lat' dir='ltr'><strong>enim</strong></span> <span class='ocrx_word' id='word_1_570' title='bbox 1388 5475 1644 5520; x_wconf 83' lang='lat' dir='ltr'><strong>externos</strong></span> <span class='ocrx_word' id='word_1_571' title='bbox 1674 5475 2024 5523; x_wconf 90' lang='lat' dir='ltr'><strong>accusatores</strong></span> 
     </span>
    </p>
   </div>
   <div class='ocr_carea' id='block_1_87' title="bbox 466 5553 2021 5629">
    <p class='ocr_par' dir='ltr' id='par_1_87' title="bbox 466 5553 2021 5629">
     <span class='ocr_line' id='line_1_87' title="bbox 466 5553 2021 5629; baseline 0.005 -23"><span class='ocrx_word' id='word_1_572' title='bbox 466 5561 764 5622; x_wconf 81' lang='lat' dir='ltr'><strong>exspectat,</strong></span> <span class='ocrx_word' id='word_1_573' title='bbox 796 5553 889 5623; x_wconf 85' lang='lat' dir='ltr'><strong>q&#39;ui</strong></span> <span class='ocrx_word' id='word_1_574' title='bbox 921 5556 1036 5625; x_wconf 90' lang='lat' dir='ltr'><strong>ipse</strong></span> <span class='ocrx_word' id='word_1_575' title='bbox 1061 5566 1257 5612; x_wconf 90' lang='lat' dir='ltr'><strong>cuncta</strong></span> <span class='ocrx_word' id='word_1_576' title='bbox 1289 5557 1442 5612; x_wconf 81' lang='lat' dir='ltr'><strong>novit</strong></span> <span class='ocrx_word' id='word_1_577' title='bbox 1489 5566 1778 5629; x_wconf 88' lang='lat' dir='ltr'><strong>antequam</strong></span> <span class='ocrx_word' id='word_1_578' title='bbox 1810 5559 2021 5628; x_wconf 90' lang='lat' dir='ltr'><strong>ﬁerent,</strong></span> 
     </span>
    </p>
   </div>
   <div class='ocr_carea' id='block_1_88' title="bbox 466 5641 2025 5716">
    <p class='ocr_par' dir='ltr' id='par_1_88' title="bbox 466 5641 2025 5716">
     <span class='ocr_line' id='line_1_88' title="bbox 466 5641 2025 5716; baseline 0.006 -20"><span class='ocrx_word' id='word_1_579' title='bbox 466 5641 541 5696; x_wconf 91' lang='lat' dir='ltr'><strong>uti</strong></span> <span class='ocrx_word' id='word_1_580' title='bbox 591 5643 792 5697; x_wconf 90' lang='lat' dir='ltr'><strong>dictum</strong></span> <span class='ocrx_word' id='word_1_581' title='bbox 844 5655 928 5699; x_wconf 91' lang='lat' dir='ltr'><strong>est</strong></span> <span class='ocrx_word' id='word_1_582' title='bbox 978 5664 989 5698; x_wconf 92' lang='lat'><strong>:</strong></span> <span class='ocrx_word' id='word_1_583' title='bbox 1058 5665 1075 5696; x_wconf 78' lang='grc' dir='ltr'><strong>ι</strong></span> <span class='ocrx_word' id='word_1_584' title='bbox 1123 5645 1464 5716; x_wconf 86' lang='lat' dir='ltr'><strong>lnoperatum</strong></span> <span class='ocrx_word' id='word_1_585' title='bbox 1536 5665 1712 5705; x_wconf 90' lang='lat' dir='ltr'><strong>meum</strong></span> <span class='ocrx_word' id='word_1_586' title='bbox 1777 5651 2025 5708; x_wconf 71' lang='lat' dir='ltr'><strong>viderunt</strong></span> 
     </span>
    </p>
   </div>
   <div class='ocr_carea' id='block_1_89' title="bbox 542 5812 1284 5892">
    <p class='ocr_par' dir='ltr' id='par_1_89' title="bbox 542 5812 1284 5892">
     <span class='ocr_line' id='line_1_89' title="bbox 542 5812 1284 5892; baseline 0.008 -26"><span class='ocrx_word' id='word_1_587' title='bbox 542 5812 797 5869; x_wconf 77' lang='lat' dir='ltr'><strong>&quot;Ezech.</strong></span> <span class='ocrx_word' id='word_1_588' title='bbox 827 5832 1031 5884; x_wconf 69' lang='lat' dir='ltr'><strong>xxxv&quot;,</strong></span> <span class='ocrx_word' id='word_1_589' title='bbox 1065 5819 1129 5872; x_wconf 74' lang='grc'><strong>12</strong></span> <span class='ocrx_word' id='word_1_590' title='bbox 1167 5836 1284 5892; x_wconf 88' lang='lat' dir='ltr'><strong>sqq.</strong></span> 
     </span>
    </p>
   </div>
   <div class='ocr_carea' id='block_1_90' title="bbox 2134 3257 3686 3330">
    <p class='ocr_par' dir='ltr' id='par_1_90' title="bbox 2134 3257 3686 3330">
     <span class='ocr_line' id='line_1_90' title="bbox 2134 3257 3686 3330; baseline 0 -20"><span class='ocrx_word' id='word_1_591' title='bbox 2134 3258 2316 3322; x_wconf 76' lang='grc' dir='ltr'>αὐτοῖς</span> <span class='ocrx_word' id='word_1_592' title='bbox 2345 3259 2578 3324; x_wconf 66' lang='grc' dir='ltr'>ἅπαντα,</span> <span class='ocrx_word' id='word_1_593' title='bbox 2620 3259 2773 3329; x_wconf 87' lang='grc' dir='ltr'>δίκην</span> <span class='ocrx_word' id='word_1_594' title='bbox 2811 3257 3013 3330; x_wconf 78' lang='grc' dir='ltr'>μητρὸς</span> <span class='ocrx_word' id='word_1_595' title='bbox 3046 3259 3284 3330; x_wconf 79' lang='grc' dir='ltr'>χρηστῆς</span> <span class='ocrx_word' id='word_1_596' title='bbox 3315 3258 3439 3328; x_wconf 87' lang='grc' dir='ltr'><strong>περί</strong></span> <span class='ocrx_word' id='word_1_597' title='bbox 3473 3258 3534 3310; x_wconf 74' lang='grc' dir='ltr'><strong>τὸ</strong></span> <span class='ocrx_word' id='word_1_598' title='bbox 3560 3257 3686 3310; x_wconf 80' lang='grc' dir='ltr'>ἴδιον</span> 
     </span>
    </p>
   </div>
   <div class='ocr_carea' id='block_1_91' title="bbox 2131 3349 3456 3422">
    <p class='ocr_par' dir='ltr' id='par_1_91' title="bbox 2131 3349 3456 3422">
     <span class='ocr_line' id='line_1_91' title="bbox 2131 3349 3456 3422; baseline 0.001 -21"><span class='ocrx_word' id='word_1_599' title='bbox 2131 3349 2318 3402; x_wconf 86' lang='grc' dir='ltr'>τέκνον</span> <span class='ocrx_word' id='word_1_600' title='bbox 2345 3350 2756 3420; x_wconf 82' lang='grc' dir='ltr'>ἐνδεικνυμένης</span> <span class='ocrx_word' id='word_1_601' title='bbox 2782 3351 2880 3422; x_wconf 84' lang='grc' dir='ltr'>τὴν</span> <span class='ocrx_word' id='word_1_602' title='bbox 2911 3351 3106 3421; x_wconf 89' lang='grc' dir='ltr'>ἐαυτῆς</span> <span class='ocrx_word' id='word_1_603' title='bbox 3135 3349 3456 3420; x_wconf 75' lang='grc' dir='ltr'>κηδεμονίαν</span> 
     </span>
    </p>
   </div>
   <div class='ocr_carea' id='block_1_92' title="bbox 2199 3441 3690 3514">
    <p class='ocr_par' dir='ltr' id='par_1_92' title="bbox 2199 3441 3690 3514">
     <span class='ocr_line' id='line_1_92' title="bbox 2199 3441 3690 3514; baseline -0.002 -19"><span class='ocrx_word' id='word_1_604' title='bbox 2199 3443 2308 3495; x_wconf 78' lang='grc' dir='ltr'><strong>Καὶ</strong></span> <span class='ocrx_word' id='word_1_605' title='bbox 2337 3441 2507 3496; x_wconf 85' lang='grc' dir='ltr'>ταῦτα</span> <span class='ocrx_word' id='word_1_606' title='bbox 2557 3444 2803 3514; x_wconf 81' lang='grc' dir='ltr'>εὑρήσεις</span> <span class='ocrx_word' id='word_1_607' title='bbox 2835 3442 3004 3506; x_wconf 71' lang='grc' dir='ltr'>οὕτως</span> <span class='ocrx_word' id='word_1_608' title='bbox 3047 3443 3236 3512; x_wconf 76' lang='grc' dir='ltr'>ἔχοντα</span> <span class='ocrx_word' id='word_1_609' title='bbox 3276 3443 3366 3494; x_wconf 76' lang='grc' dir='ltr'><strong>ἐπὶ</strong></span> <span class='ocrx_word' id='word_1_610' title='bbox 3411 3441 3508 3511; x_wconf 83' lang='grc' dir='ltr'><strong>τῆς</strong></span> <span class='ocrx_word' id='word_1_611' title='bbox 3551 3443 3690 3493; x_wconf 81' lang='grc' dir='ltr'>ἱστο-</span> 
     </span>
    </p>
   </div>
   <div class='ocr_carea' id='block_1_93' title="bbox 2133 3532 3688 3607">
    <p class='ocr_par' dir='ltr' id='par_1_93' title="bbox 2133 3532 3688 3607">
     <span class='ocr_line' id='line_1_93' title="bbox 2133 3532 3688 3607; baseline -0.003 -21"><span class='ocrx_word' id='word_1_612' title='bbox 2133 3535 2253 3606; x_wconf 88' lang='grc' dir='ltr'>ρίας</span> <span class='ocrx_word' id='word_1_613' title='bbox 2273 3549 2287 3563; x_wconf 80' lang='grc'><em>’</em></span> <span class='ocrx_word' id='word_1_614' title='bbox 2322 3535 2382 3588; x_wconf 83' lang='grc' dir='ltr'><strong>οὐ</strong></span> <span class='ocrx_word' id='word_1_615' title='bbox 2413 3535 2518 3607; x_wconf 84' lang='grc' dir='ltr'>μὴν</span> <span class='ocrx_word' id='word_1_616' title='bbox 2553 3535 2690 3589; x_wconf 90' lang='grc' dir='ltr'><strong>ἀλλά</strong></span> <span class='ocrx_word' id='word_1_617' title='bbox 2727 3535 2819 3588; x_wconf 76' lang='grc' dir='ltr'><strong>καὶ</strong></span> <span class='ocrx_word' id='word_1_618' title='bbox 2843 3536 2945 3598; x_wconf 75' lang='grc' dir='ltr'><strong>ἕως</strong></span> <span class='ocrx_word' id='word_1_619' title='bbox 2977 3535 3074 3605; x_wconf 89' lang='grc' dir='ltr'><strong>τῆς</strong></span> <span class='ocrx_word' id='word_1_620' title='bbox 3097 3533 3253 3604; x_wconf 89' lang='grc' dir='ltr'>δεῦρο</span> <span class='ocrx_word' id='word_1_621' title='bbox 3285 3533 3452 3596; x_wconf 74' lang='grc' dir='ltr'>οὕτως</span> <span class='ocrx_word' id='word_1_622' title='bbox 3501 3532 3688 3603; x_wconf 78' lang='grc' dir='ltr'>ἔχοντα</span> 
     </span>
    </p>
   </div>
   <div class='ocr_carea' id='block_1_94' title="bbox 2131 3623 3688 3698">
    <p class='ocr_par' dir='ltr' id='par_1_94' title="bbox 2131 3623 3688 3698">
     <span class='ocr_line' id='line_1_94' title="bbox 2131 3623 3688 3698; baseline -0.001 -21"><span class='ocrx_word' id='word_1_623' title='bbox 2131 3624 2364 3678; x_wconf 87' lang='grc' dir='ltr'>τελεῖται</span> <span class='ocrx_word' id='word_1_624' title='bbox 2385 3624 2513 3697; x_wconf 86' lang='grc' dir='ltr'>παρ’</span> <span class='ocrx_word' id='word_1_625' title='bbox 2536 3626 2693 3697; x_wconf 86' lang='grc' dir='ltr'>ἡμῶν</span> <span class='ocrx_word' id='word_1_626' title='bbox 2717 3627 2852 3696; x_wconf 88' lang='grc' dir='ltr'><strong>μετά</strong></span> <span class='ocrx_word' id='word_1_627' title='bbox 2871 3627 2967 3698; x_wconf 85' lang='grc' dir='ltr'>τὴν</span> <span class='ocrx_word' id='word_1_628' title='bbox 3000 3626 3299 3697; x_wconf 88' lang='grc' dir='ltr'>παρουσίαν</span> <span class='ocrx_word' id='word_1_629' title='bbox 3318 3623 3410 3677; x_wconf 90' lang='grc' dir='ltr'><strong>τοῦ</strong></span> <span class='ocrx_word' id='word_1_630' title='bbox 3439 3624 3688 3694; x_wconf 77' lang='grc' dir='ltr'>Σωτῆρος</span> 
     </span>
    </p>
   </div>
   <div class='ocr_carea' id='block_1_95' title="bbox 2129 3713 3686 3790">
    <p class='ocr_par' dir='ltr' id='par_1_95' title="bbox 2129 3713 3686 3790">
     <span class='ocr_line' id='line_1_95' title="bbox 2129 3713 3686 3790; baseline -0.004 -18"><span class='ocrx_word' id='word_1_631' title='bbox 2129 3716 2324 3788; x_wconf 85' lang='grc' dir='ltr'>ἡμῶν·</span> <span class='ocrx_word' id='word_1_632' title='bbox 2368 3719 2447 3772; x_wconf 82' lang='grc' dir='ltr'><strong>διὸ</strong></span> <span class='ocrx_word' id='word_1_633' title='bbox 2491 3719 2586 3772; x_wconf 76' lang='grc' dir='ltr'><strong>καὶ</strong></span> <span class='ocrx_word' id='word_1_634' title='bbox 2627 3718 2727 3789; x_wconf 82' lang='grc' dir='ltr'>τὴν</span> <span class='ocrx_word' id='word_1_635' title='bbox 2773 3718 2986 3790; x_wconf 89' lang='grc' dir='ltr'>ἀληθῶς</span> <span class='ocrx_word' id='word_1_636' title='bbox 3021 3718 3372 3790; x_wconf 80' lang='grc' dir='ltr'>Ἰερουσαλὴμ</span> <span class='ocrx_word' id='word_1_637' title='bbox 3425 3713 3686 3787; x_wconf 85' lang='grc' dir='ltr'>μεταδιώ-</span> 
     </span>
    </p>
   </div>
   <div class='ocr_carea' id='block_1_96' title="bbox 2133 3807 3689 3882">
    <p class='ocr_par' dir='ltr' id='par_1_96' title="bbox 2133 3807 3689 3882">
     <span class='ocr_line' id='line_1_96' title="bbox 2133 3807 3689 3882; baseline -0.003 -18"><span class='ocrx_word' id='word_1_638' title='bbox 2133 3828 2318 3882; x_wconf 90' lang='grc' dir='ltr'>κομεν,</span> <span class='ocrx_word' id='word_1_639' title='bbox 2352 3811 2444 3864; x_wconf 70' lang='grc' dir='ltr'><strong>καὶ</strong></span> <span class='ocrx_word' id='word_1_640' title='bbox 2476 3812 2600 3874; x_wconf 81' lang='grc' dir='ltr'>τοὺς</span> <span class='ocrx_word' id='word_1_641' title='bbox 2643 3809 2854 3882; x_wconf 88' lang='grc' dir='ltr'>άληθῶς</span> <span class='ocrx_word' id='word_1_642' title='bbox 2892 3809 3172 3873; x_wconf 85' lang='grc' dir='ltr'>Ἰουδαίους</span> <span class='ocrx_word' id='word_1_643' title='bbox 3215 3807 3554 3880; x_wconf 76' lang='grc' dir='ltr'>βαστάζομεν</span> <span class='ocrx_word' id='word_1_644' title='bbox 3596 3808 3689 3876; x_wconf 77' lang='grc' dir='ltr'><strong>φέ-</strong></span> 
     </span>
    </p>
   </div>
   <div class='ocr_carea' id='block_1_97' title="bbox 2134 3898 3689 3972">
    <p class='ocr_par' dir='ltr' id='par_1_97' title="bbox 2134 3898 3689 3972">
     <span class='ocr_line' id='line_1_97' title="bbox 2134 3898 3689 3972; baseline -0.001 -20"><span class='ocrx_word' id='word_1_645' title='bbox 2134 3917 2315 3971; x_wconf 90' lang='grc' dir='ltr'>ροντες</span> <span class='ocrx_word' id='word_1_646' title='bbox 2345 3901 2429 3954; x_wconf 71' lang='grc' dir='ltr'>ἐπ’</span> <span class='ocrx_word' id='word_1_647' title='bbox 2459 3900 2623 3972; x_wconf 82' lang='grc' dir='ltr'>ῶμων</span> <span class='ocrx_word' id='word_1_648' title='bbox 2654 3902 2745 3954; x_wconf 74' lang='lat' dir='ltr'><strong>ml.</strong></span> <span class='ocrx_word' id='word_1_649' title='bbox 2767 3902 3025 3971; x_wconf 84' lang='grc' dir='ltr'>γονάτων.</span> <span class='ocrx_word' id='word_1_650' title='bbox 3043 3902 3157 3954; x_wconf 77' lang='grc' dir='ltr'><strong>“οτ’</strong></span> <span class='ocrx_word' id='word_1_651' title='bbox 3177 3901 3242 3955; x_wconf 82' lang='grc' dir='ltr'><strong>ἀν</strong></span> <span class='ocrx_word' id='word_1_652' title='bbox 3261 3900 3316 3952; x_wconf 79' lang='grc' dir='ltr'><strong>δὲ</strong></span> <span class='ocrx_word' id='word_1_653' title='bbox 3346 3898 3482 3970; x_wconf 85' lang='grc' dir='ltr'>μετὰ</span> <span class='ocrx_word' id='word_1_654' title='bbox 3504 3902 3689 3969; x_wconf 86' lang='grc' dir='ltr'>χεῖρας</span> 
     </span>
    </p>
   </div>
   <div class='ocr_carea' id='block_1_98' title="bbox 2133 3989 3688 4064">
    <p class='ocr_par' dir='ltr' id='par_1_98' title="bbox 2133 3989 3688 4064">
     <span class='ocr_line' id='line_1_98' title="bbox 2133 3989 3688 4064; baseline -0.003 -19"><span class='ocrx_word' id='word_1_655' title='bbox 2133 3993 2342 4064; x_wconf 83' lang='grc' dir='ltr'>ἔχωμεν</span> <span class='ocrx_word' id='word_1_656' title='bbox 2371 3993 2493 4057; x_wconf 79' lang='grc' dir='ltr'>τοὺς</span> <span class='ocrx_word' id='word_1_657' title='bbox 2520 3993 2817 4064; x_wconf 83' lang='grc' dir='ltr'>μακαρίους</span> <span class='ocrx_word' id='word_1_658' title='bbox 2844 3995 3142 4063; x_wconf 82' lang='grc' dir='ltr'>προφήτας,</span> <span class='ocrx_word' id='word_1_659' title='bbox 3160 3993 3253 4044; x_wconf 73' lang='grc' dir='ltr'><strong>καὶ</strong></span> <span class='ocrx_word' id='word_1_660' title='bbox 3279 3989 3688 4060; x_wconf 83' lang='grc' dir='ltr'>ἐντυγχάνωμεν</span> 
     </span>
    </p>
   </div>
   <div class='ocr_carea' id='block_1_99' title="bbox 2131 4083 3689 4157">
    <p class='ocr_par' dir='ltr' id='par_1_99' title="bbox 2131 4083 3689 4157">
     <span class='ocr_line' id='line_1_99' title="bbox 2131 4083 3689 4157; baseline -0.001 -20"><span class='ocrx_word' id='word_1_661' title='bbox 2131 4089 2249 4149; x_wconf 86' lang='grc' dir='ltr'>ταῖς</span> <span class='ocrx_word' id='word_1_662' title='bbox 2283 4086 2504 4140; x_wconf 89' lang='grc' dir='ltr'>ἐκείνων</span> <span class='ocrx_word' id='word_1_663' title='bbox 2534 4087 2755 4157; x_wconf 85' lang='grc' dir='ltr'>βίϐλοις,</span> <span class='ocrx_word' id='word_1_664' title='bbox 2788 4085 2881 4140; x_wconf 76' lang='grc' dir='ltr'><strong>καὶ</strong></span> <span class='ocrx_word' id='word_1_665' title='bbox 2911 4086 3002 4139; x_wconf 73' lang='grc' dir='ltr'><strong>ἐπὶ</strong></span> <span class='ocrx_word' id='word_1_666' title='bbox 3024 4086 3112 4139; x_wconf 82' lang='grc' dir='ltr'><strong>τὸν</strong></span> <span class='ocrx_word' id='word_1_667' title='bbox 3144 4085 3274 4138; x_wconf 78' lang='grc' dir='ltr'>Θεὸν</span> <span class='ocrx_word' id='word_1_668' title='bbox 3312 4083 3404 4137; x_wconf 87' lang='grc' dir='ltr'><strong>τοῦ</strong></span> <span class='ocrx_word' id='word_1_669' title='bbox 3441 4083 3689 4154; x_wconf 85' lang='grc' dir='ltr'>Ἀϐραὰμ</span> 
     </span>
    </p>
   </div>
   <div class='ocr_carea' id='block_1_100' title="bbox 2133 4176 3674 4250">
    <p class='ocr_par' dir='ltr' id='par_1_100' title="bbox 2133 4176 3674 4250">
     <span class='ocr_line' id='line_1_100' title="bbox 2133 4176 3674 4250; baseline -0.002 -20"><span class='ocrx_word' id='word_1_670' title='bbox 2133 4179 2226 4231; x_wconf 74' lang='grc' dir='ltr'><strong>καὶ</strong></span> <span class='ocrx_word' id='word_1_671' title='bbox 2266 4179 2372 4232; x_wconf 87' lang='grc' dir='ltr'><strong>τῶν</strong></span> <span class='ocrx_word' id='word_1_672' title='bbox 2425 4179 2655 4250; x_wconf 80' lang='grc' dir='ltr'>καθεξῆς</span> <span class='ocrx_word' id='word_1_673' title='bbox 2687 4177 2934 4250; x_wconf 88' lang='grc' dir='ltr'>πατέρων</span> <span class='ocrx_word' id='word_1_674' title='bbox 2971 4177 3290 4248; x_wconf 80' lang='grc' dir='ltr'>ἐλπίζομεν·</span> <span class='ocrx_word' id='word_1_675' title='bbox 3344 4177 3423 4229; x_wconf 80' lang='grc' dir='ltr'><strong>ἐτι</strong></span> <span class='ocrx_word' id='word_1_676' title='bbox 3458 4176 3562 4246; x_wconf 83' lang='grc' dir='ltr'><strong>μὴν</strong></span> <span class='ocrx_word' id='word_1_677' title='bbox 3596 4192 3674 4228; x_wconf 66' lang='grc' dir='ltr'><strong>κα</strong></span> 
     </span>
    </p>
   </div>
   <div class='ocr_carea' id='block_1_101' title="bbox 2130 4266 3687 4344">
    <p class='ocr_par' dir='ltr' id='par_1_101' title="bbox 2130 4266 3687 4344">
     <span class='ocr_line' id='line_1_101' title="bbox 2130 4266 3687 4344; baseline -0.003 -23"><span class='ocrx_word' id='word_1_678' title='bbox 2130 4269 2255 4333; x_wconf 77' lang='grc' dir='ltr'>τοὺς</span> <span class='ocrx_word' id='word_1_679' title='bbox 2282 4270 2582 4344; x_wconf 87' lang='grc' dir='ltr'>μακαρίους</span> <span class='ocrx_word' id='word_1_680' title='bbox 2616 4269 2941 4334; x_wconf 82' lang='grc' dir='ltr'>ἀποστόλους</span> <span class='ocrx_word' id='word_1_681' title='bbox 2975 4270 3112 4340; x_wconf 77' lang='grc' dir='ltr'>μετὰ</span> <span class='ocrx_word' id='word_1_682' title='bbox 3143 4271 3233 4323; x_wconf 86' lang='grc' dir='ltr'><strong>τὸν</strong></span> <span class='ocrx_word' id='word_1_683' title='bbox 3274 4269 3497 4339; x_wconf 82' lang='grc' dir='ltr'>Σωτῆρα</span> <span class='ocrx_word' id='word_1_684' title='bbox 3530 4269 3562 4336; x_wconf 86' lang='grc' dir='ltr'><strong>ή</strong></span> <span class='ocrx_word' id='word_1_685' title='bbox 3573 4266 3687 4335; x_wconf 82' lang='grc' dir='ltr'><strong>μῶν</strong></span> 
     </span>
    </p>
   </div>
   <div class='ocr_carea' id='block_1_102' title="bbox 2132 4359 3687 4434">
    <p class='ocr_par' dir='ltr' id='par_1_102' title="bbox 2132 4359 3687 4434">
     <span class='ocr_line' id='line_1_102' title="bbox 2132 4359 3687 4434; baseline -0.002 -20"><span class='ocrx_word' id='word_1_686' title='bbox 2132 4364 2554 4434; x_wconf 73' lang='grc' dir='ltr'>ἐπιφερομένους</span> <span class='ocrx_word' id='word_1_687' title='bbox 2594 4362 2692 4427; x_wconf 81' lang='grc' dir='ltr'><strong>τὰς</strong></span> <span class='ocrx_word' id='word_1_688' title='bbox 2737 4362 2914 4418; x_wconf 84' lang='grc' dir='ltr'>αὐτῶν</span> <span class='ocrx_word' id='word_1_689' title='bbox 2949 4362 3160 4433; x_wconf 84' lang='grc' dir='ltr'>βίϐλους</span> <span class='ocrx_word' id='word_1_690' title='bbox 3206 4359 3435 4431; x_wconf 81' lang='grc' dir='ltr'>ἔχοντες,</span> <span class='ocrx_word' id='word_1_691' title='bbox 3475 4361 3570 4412; x_wconf 74' lang='grc' dir='ltr'>καὶ</span> <span class='ocrx_word' id='word_1_692' title='bbox 3603 4361 3687 4412; x_wconf 83' lang='grc' dir='ltr'>ἐπ’</span> 
     </span>
    </p>
   </div>
   <div class='ocr_carea' id='block_1_103' title="bbox 2131 4452 3690 4526">
    <p class='ocr_par' dir='ltr' id='par_1_103' title="bbox 2131 4452 3690 4526">
     <span class='ocr_line' id='line_1_103' title="bbox 2131 4452 3690 4526; baseline -0.001 -20"><span class='ocrx_word' id='word_1_693' title='bbox 2131 4453 2296 4524; x_wconf 86' lang='grc' dir='ltr'>ῶμων</span> <span class='ocrx_word' id='word_1_694' title='bbox 2323 4455 2490 4518; x_wconf 79' lang='grc' dir='ltr'>αὑτὰς</span> <span class='ocrx_word' id='word_1_695' title='bbox 2527 4454 2900 4526; x_wconf 76' lang='grc' dir='ltr'>βαστάζοντες,</span> <span class='ocrx_word' id='word_1_696' title='bbox 2927 4456 3020 4508; x_wconf 76' lang='grc' dir='ltr'><strong>καὶ</strong></span> <span class='ocrx_word' id='word_1_697' title='bbox 3046 4456 3102 4507; x_wconf 83' lang='grc' dir='ltr'><strong>ἐν</strong></span> <span class='ocrx_word' id='word_1_698' title='bbox 3135 4455 3322 4518; x_wconf 85' lang='grc' dir='ltr'>αὐταῖς</span> <span class='ocrx_word' id='word_1_699' title='bbox 3352 4454 3420 4507; x_wconf 85' lang='grc' dir='ltr'><strong>τά</strong></span> <span class='ocrx_word' id='word_1_700' title='bbox 3448 4452 3690 4524; x_wconf 89' lang='grc' dir='ltr'>σύμϐολα</span> 
     </span>
    </p>
   </div>
   <div class='ocr_carea' id='block_1_104' title="bbox 2130 4545 3690 4618">
    <p class='ocr_par' dir='ltr' id='par_1_104' title="bbox 2130 4545 3690 4618">
     <span class='ocr_line' id='line_1_104' title="bbox 2130 4545 3690 4618; baseline 0.001 -21"><span class='ocrx_word' id='word_1_701' title='bbox 2130 4545 2230 4616; x_wconf 86' lang='grc' dir='ltr'><strong>τῆς</strong></span> <span class='ocrx_word' id='word_1_702' title='bbox 2263 4547 2532 4618; x_wconf 87' lang='grc' dir='ltr'>σωτηρίας</span> <span class='ocrx_word' id='word_1_703' title='bbox 2561 4547 2715 4618; x_wconf 82' lang='grc' dir='ltr'>ἡμῶν</span> <span class='ocrx_word' id='word_1_704' title='bbox 2751 4546 3029 4618; x_wconf 88' lang='grc' dir='ltr'>μαθόντες,</span> <span class='ocrx_word' id='word_1_705' title='bbox 3049 4547 3165 4609; x_wconf 92' lang='grc' dir='ltr'><strong>πῶς</strong></span> <span class='ocrx_word' id='word_1_706' title='bbox 3193 4547 3312 4616; x_wconf 73' lang='grc' dir='ltr'>οὐχὶ</span> <span class='ocrx_word' id='word_1_707' title='bbox 3332 4546 3543 4618; x_wconf 88' lang='grc' dir='ltr'>ἀληθῶς</span> <span class='ocrx_word' id='word_1_708' title='bbox 3566 4547 3690 4608; x_wconf 76' lang='grc' dir='ltr'>τοὺς</span> 
     </span>
    </p>
   </div>
   <div class='ocr_carea' id='block_1_105' title="bbox 2132 4635 3689 4710">
    <p class='ocr_par' dir='ltr' id='par_1_105' title="bbox 2132 4635 3689 4710">
     <span class='ocr_line' id='line_1_105' title="bbox 2132 4635 3689 4710; baseline -0.001 -21"><span class='ocrx_word' id='word_1_709' title='bbox 2132 4636 2416 4707; x_wconf 82' lang='grc' dir='ltr'>ἀληθινοὺς</span> <span class='ocrx_word' id='word_1_710' title='bbox 2449 4639 2596 4700; x_wconf 78' lang='grc' dir='ltr'>υἱοὺς</span> <span class='ocrx_word' id='word_1_711' title='bbox 2627 4639 2724 4708; x_wconf 89' lang='grc' dir='ltr'><strong>τῆς</strong></span> <span class='ocrx_word' id='word_1_712' title='bbox 2759 4637 2970 4710; x_wconf 87' lang='grc' dir='ltr'>ἀληθῶς</span> <span class='ocrx_word' id='word_1_713' title='bbox 3007 4637 3378 4709; x_wconf 85' lang='grc' dir='ltr'>Ἰερουσαλὴμ,</span> <span class='ocrx_word' id='word_1_714' title='bbox 3408 4637 3494 4688; x_wconf 77' lang='grc' dir='ltr'>ἐπ’</span> <span class='ocrx_word' id='word_1_715' title='bbox 3525 4635 3689 4705; x_wconf 82' lang='grc' dir='ltr'>ῶμων</span> 
     </span>
    </p>
   </div>
   <div class='ocr_carea' id='block_1_106' title="bbox 2055 4726 3070 4798">
    <p class='ocr_par' dir='ltr' id='par_1_106' title="bbox 2055 4726 3070 4798">
     <span class='ocr_line' id='line_1_106' title="bbox 2055 4726 3070 4798; baseline -0.002 -17"><span class='ocrx_word' id='word_1_716' title='bbox 2055 4727 2372 4782; x_wconf 87' lang='grc' dir='ltr'>σπεύδουσιν</span> <span class='ocrx_word' id='word_1_717' title='bbox 2398 4729 2482 4779; x_wconf 86' lang='grc' dir='ltr'>ἐπ’</span> <span class='ocrx_word' id='word_1_718' title='bbox 2513 4727 2682 4798; x_wconf 81' lang='grc' dir='ltr'>αὐτὴν</span> <span class='ocrx_word' id='word_1_719' title='bbox 2714 4726 3070 4798; x_wconf 87' lang='grc' dir='ltr'>συναχθῆναι;</span> 
     </span>
    </p>
   </div>
   <div class='ocr_carea' id='block_1_107' title="bbox 2201 4815 3689 4890">
    <p class='ocr_par' dir='ltr' id='par_1_107' title="bbox 2201 4815 3689 4890">
     <span class='ocr_line' id='line_1_107' title="bbox 2201 4815 3689 4890; baseline -0.004 -17"><span class='ocrx_word' id='word_1_720' title='bbox 2201 4821 2312 4890; x_wconf 82' lang='grc' dir='ltr'>Τὴν</span> <span class='ocrx_word' id='word_1_721' title='bbox 2353 4819 2484 4874; x_wconf 76' lang='grc' dir='ltr'>ἰδίαν</span> <span class='ocrx_word' id='word_1_722' title='bbox 2516 4822 2664 4890; x_wconf 80' lang='grc' dir='ltr'>ἰσχὺν</span> <span class='ocrx_word' id='word_1_723' title='bbox 2701 4819 3034 4874; x_wconf 83' lang='grc' dir='ltr'>ἀναλαϐόντα</span> <span class='ocrx_word' id='word_1_724' title='bbox 3063 4819 3202 4874; x_wconf 84' lang='grc' dir='ltr'>κατὰ</span> <span class='ocrx_word' id='word_1_725' title='bbox 3244 4819 3340 4890; x_wconf 78' lang='grc' dir='ltr'><strong>τὴν</strong></span> <span class='ocrx_word' id='word_1_726' title='bbox 3370 4815 3689 4886; x_wconf 81' lang='grc' dir='ltr'>δεσποτικὴν</span> 
     </span>
    </p>
   </div>
   <div class='ocr_carea' id='block_1_108' title="bbox 2133 4904 3694 4982">
    <p class='ocr_par' dir='ltr' id='par_1_108' title="bbox 2133 4904 3694 4982">
     <span class='ocr_line' id='line_1_108' title="bbox 2133 4904 3694 4982; baseline -0.004 -18"><span class='ocrx_word' id='word_1_727' title='bbox 2133 4911 2483 4980; x_wconf 82' lang='grc' dir='ltr'>ἐπαγγελίαν,</span> <span class='ocrx_word' id='word_1_728' title='bbox 2506 4910 2683 4974; x_wconf 86' lang='grc' dir='ltr'>καθὼς</span> <span class='ocrx_word' id='word_1_729' title='bbox 2713 4911 2858 4981; x_wconf 76' lang='grc' dir='ltr'>καὶὴ</span> <span class='ocrx_word' id='word_1_730' title='bbox 2889 4910 3095 4982; x_wconf 85' lang='grc' dir='ltr'>ἱστορία</span> <span class='ocrx_word' id='word_1_731' title='bbox 3115 4907 3205 4963; x_wconf 89' lang='grc' dir='ltr'><strong>τοῦ</strong></span> <span class='ocrx_word' id='word_1_732' title='bbox 3243 4907 3509 4980; x_wconf 88' lang='grc' dir='ltr'>μακαρίου</span> <span class='ocrx_word' id='word_1_733' title='bbox 3536 4904 3694 4968; x_wconf 82' lang='grc' dir='ltr'>Ἰεζε-</span> 
     </span>
    </p>
   </div>
   <div class='ocr_carea' id='block_1_109' title="bbox 2132 4999 3693 5077">
    <p class='ocr_par' dir='ltr' id='par_1_109' title="bbox 2132 4999 3693 5077">
     <span class='ocr_line' id='line_1_109' title="bbox 2132 4999 3693 5077; baseline -0.004 -19"><span class='ocrx_word' id='word_1_734' title='bbox 2132 5005 2256 5076; x_wconf 82' lang='grc' dir='ltr'>κιὴλ</span> <span class='ocrx_word' id='word_1_735' title='bbox 2282 5005 2542 5077; x_wconf 88' lang='grc' dir='ltr'>περιέχει,</span> <span class='ocrx_word' id='word_1_736' title='bbox 2574 5003 2998 5076; x_wconf 89' lang='grc' dir='ltr'>ἀνεγειρομένων</span> <span class='ocrx_word' id='word_1_737' title='bbox 3024 5001 3131 5055; x_wconf 92' lang='grc' dir='ltr'><strong>τῶν</strong></span> <span class='ocrx_word' id='word_1_738' title='bbox 3155 5000 3332 5071; x_wconf 78' lang='grc' dir='ltr'>ξηρῶν</span> <span class='ocrx_word' id='word_1_739' title='bbox 3359 4999 3581 5064; x_wconf 85' lang='grc' dir='ltr'>ὀστέων,</span> <span class='ocrx_word' id='word_1_740' title='bbox 3599 4999 3693 5051; x_wconf 80' lang='grc' dir='ltr'><strong>καὶ</strong></span> 
     </span>
    </p>
   </div>
   <div class='ocr_carea' id='block_1_110' title="bbox 2132 5083 3479 5168">
    <p class='ocr_par' dir='ltr' id='par_1_110' title="bbox 2132 5083 3479 5168">
     <span class='ocr_line' id='line_1_110' title="bbox 2132 5083 3479 5168; baseline -0.006 -16"><span class='ocrx_word' id='word_1_741' title='bbox 2132 5083 2618 5168; x_wconf 80' lang='grc' dir='ltr'>ἀπολαμϐανόντων</span> <span class='ocrx_word' id='word_1_742' title='bbox 2645 5097 2742 5168; x_wconf 85' lang='grc' dir='ltr'><strong>τὴν</strong></span> <span class='ocrx_word' id='word_1_743' title='bbox 2769 5094 3042 5166; x_wconf 84' lang='grc' dir='ltr'>σύμπηξιν</span> <span class='ocrx_word' id='word_1_744' title='bbox 3073 5094 3165 5146; x_wconf 70' lang='grc' dir='ltr'><strong>καὶ</strong></span> <span class='ocrx_word' id='word_1_745' title='bbox 3196 5091 3479 5164; x_wconf 80' lang='grc' dir='ltr'>ἁρμονίαν.</span> 
     </span>
    </p>
   </div>
   <div class='ocr_carea' id='block_1_111' title="bbox 2203 5270 3688 5348">
    <p class='ocr_par' dir='ltr' id='par_1_111' title="bbox 2203 5270 3688 5348">
     <span class='ocr_line' id='line_1_111' title="bbox 2203 5270 3688 5348; baseline -0.006 -19"><span class='ocrx_word' id='word_1_746' title='bbox 2203 5276 2386 5330; x_wconf 87' lang='grc' dir='ltr'>Ταῦτα</span> <span class='ocrx_word' id='word_1_747' title='bbox 2418 5276 2851 5348; x_wconf 85' lang='grc' dir='ltr'>παραλαμϐάνει,</span> <span class='ocrx_word' id='word_1_748' title='bbox 2869 5275 3041 5347; x_wconf 85' lang='grc' dir='ltr'>δηλῶν</span> <span class='ocrx_word' id='word_1_749' title='bbox 3069 5274 3130 5328; x_wconf 82' lang='grc' dir='ltr'><strong>τὸ</strong></span> <span class='ocrx_word' id='word_1_750' title='bbox 3159 5273 3292 5345; x_wconf 80' lang='grc' dir='ltr'>ταχὺ</span> <span class='ocrx_word' id='word_1_751' title='bbox 3317 5272 3415 5343; x_wconf 84' lang='grc' dir='ltr'><strong>τῆς</strong></span> <span class='ocrx_word' id='word_1_752' title='bbox 3437 5270 3688 5341; x_wconf 89' lang='grc' dir='ltr'>κρίσεως,</span> 
     </span>
    </p>
   </div>
   <div class='ocr_carea' id='block_1_112' title="bbox 2132 5358 3692 5439">
    <p class='ocr_par' dir='ltr' id='par_1_112' title="bbox 2132 5358 3692 5439">
     <span class='ocr_line' id='line_1_112' title="bbox 2132 5358 3692 5439; baseline -0.006 -19"><span class='ocrx_word' id='word_1_753' title='bbox 2132 5367 2192 5420; x_wconf 83' lang='grc' dir='ltr'><strong>ού</strong></span> <span class='ocrx_word' id='word_1_754' title='bbox 2242 5368 2454 5439; x_wconf 89' lang='grc' dir='ltr'>χρόνου,</span> <span class='ocrx_word' id='word_1_755' title='bbox 2487 5369 2546 5420; x_wconf 83' lang='grc' dir='ltr'><strong>ού</strong></span> <span class='ocrx_word' id='word_1_756' title='bbox 2589 5367 2867 5437; x_wconf 80' lang='grc' dir='ltr'>διατριϐῆς</span> <span class='ocrx_word' id='word_1_757' title='bbox 2908 5367 3162 5438; x_wconf 86' lang='grc' dir='ltr'>δεομένου</span> <span class='ocrx_word' id='word_1_758' title='bbox 3213 5363 3348 5436; x_wconf 75' lang='grc' dir='ltr'>πρὸς</span> <span class='ocrx_word' id='word_1_759' title='bbox 3405 5361 3562 5415; x_wconf 88' lang='grc' dir='ltr'>τοῦτο</span> <span class='ocrx_word' id='word_1_760' title='bbox 3599 5358 3692 5412; x_wconf 89' lang='grc' dir='ltr'><strong>τοῦ</strong></span> 
     </span>
    </p>
   </div>
   <div class='ocr_carea' id='block_1_113' title="bbox 2131 5457 3694 5532">
    <p class='ocr_par' dir='ltr' id='par_1_113' title="bbox 2131 5457 3694 5532">
     <span class='ocr_line' id='line_1_113' title="bbox 2131 5457 3694 5532; baseline -0.004 -19"><span class='ocrx_word' id='word_1_761' title='bbox 2131 5459 2263 5513; x_wconf 80' lang='grc' dir='ltr'>Θεοῦ</span> <span class='ocrx_word' id='word_1_762' title='bbox 2285 5478 2298 5491; x_wconf 86' lang='grc'><strong>·</strong></span> <span class='ocrx_word' id='word_1_763' title='bbox 2327 5461 2450 5514; x_wconf 77' lang='grc' dir='ltr'>οὔτε</span> <span class='ocrx_word' id='word_1_764' title='bbox 2491 5461 2599 5532; x_wconf 88' lang='grc' dir='ltr'><strong>γάρ</strong></span> <span class='ocrx_word' id='word_1_765' title='bbox 2633 5461 2826 5528; x_wconf 76' lang='grc' dir='ltr'>ἔξωθεν</span> <span class='ocrx_word' id='word_1_766' title='bbox 2867 5460 3202 5532; x_wconf 81' lang='grc' dir='ltr'>κατηγόρους</span> <span class='ocrx_word' id='word_1_767' title='bbox 3251 5458 3549 5530; x_wconf 87' lang='grc' dir='ltr'>περιμένει,</span> <span class='ocrx_word' id='word_1_768' title='bbox 3581 5457 3694 5508; x_wconf 83' lang='grc' dir='ltr'>ἐπι-</span> 
     </span>
    </p>
   </div>
   <div class='ocr_carea' id='block_1_114' title="bbox 2134 5543 3692 5623">
    <p class='ocr_par' dir='ltr' id='par_1_114' title="bbox 2134 5543 3692 5623">
     <span class='ocr_line' id='line_1_114' title="bbox 2134 5543 3692 5623; baseline -0.001 -24"><span class='ocrx_word' id='word_1_769' title='bbox 2134 5548 2395 5618; x_wconf 88' lang='grc' dir='ltr'>στάμενος</span> <span class='ocrx_word' id='word_1_770' title='bbox 2415 5550 2542 5622; x_wconf 74' lang='grc' dir='ltr'>πρὶν</span> <span class='ocrx_word' id='word_1_771' title='bbox 2568 5550 2599 5620; x_wconf 82' lang='grc' dir='ltr'>ἢ</span> <span class='ocrx_word' id='word_1_772' title='bbox 2625 5549 2718 5602; x_wconf 74' lang='grc' dir='ltr'><strong>καὶ</strong></span> <span class='ocrx_word' id='word_1_773' title='bbox 2751 5550 2848 5622; x_wconf 79' lang='grc' dir='ltr'><strong>τὴν</strong></span> <span class='ocrx_word' id='word_1_774' title='bbox 2878 5551 3075 5623; x_wconf 82' lang='grc' dir='ltr'>πρᾶξιν</span> <span class='ocrx_word' id='word_1_775' title='bbox 3105 5553 3184 5614; x_wconf 87' lang='grc' dir='ltr'>εἰς</span> <span class='ocrx_word' id='word_1_776' title='bbox 3213 5549 3369 5621; x_wconf 80' lang='grc' dir='ltr'>ἔργον</span> <span class='ocrx_word' id='word_1_777' title='bbox 3408 5548 3534 5619; x_wconf 86' lang='grc' dir='ltr'>παρ’</span> <span class='ocrx_word' id='word_1_778' title='bbox 3559 5543 3692 5617; x_wconf 84' lang='grc' dir='ltr'>ἐμοῦ</span> 
     </span>
    </p>
   </div>
   <div class='ocr_carea' id='block_1_115' title="bbox 2133 5637 3698 5716">
    <p class='ocr_par' dir='ltr' id='par_1_115' title="bbox 2133 5637 3698 5716">
     <span class='ocr_line' id='line_1_115' title="bbox 2133 5637 3698 5716; baseline -0.001 -25"><span class='ocrx_word' id='word_1_779' title='bbox 2133 5643 2482 5714; x_wconf 84' lang='grc' dir='ltr'>προχωρῆσαι</span> <span class='ocrx_word' id='word_1_780' title='bbox 2511 5642 2650 5696; x_wconf 84' lang='grc' dir='ltr'>κατὰ</span> <span class='ocrx_word' id='word_1_781' title='bbox 2681 5643 2741 5697; x_wconf 81' lang='grc' dir='ltr'>τὺ</span> <span class='ocrx_word' id='word_1_782' title='bbox 2779 5642 3064 5714; x_wconf 83' lang='grc' dir='ltr'>εἰρημένον</span> <span class='ocrx_word' id='word_1_783' title='bbox 3091 5660 3102 5672; x_wconf 89' lang='grc'>·</span> <span class='ocrx_word' id='word_1_784' title='bbox 3141 5660 3158 5694; x_wconf 83' lang='grc' dir='ltr'><strong>ι</strong></span> <span class='ocrx_word' id='word_1_785' title='bbox 3185 5642 3258 5694; x_wconf 78' lang='grc' dir='ltr'><strong>Τὸ</strong></span> <span class='ocrx_word' id='word_1_786' title='bbox 3288 5637 3698 5716; x_wconf 73' lang='grc' dir='ltr'>ἀκατέργαστόν</span> 
     </span>
    </p>
   </div>
  </div>
