4138 6426
404 454 542 509 1577

1830 433 1894 487 ΙΝ
1925 431 2179 488 lSAlAM.

3485 419 3621 475 1578

403 587 503 642 μου
536 563 673 621 εἶδον
716 566 765 618 οί
800 560 1063 635 ὀφθαλμοί
1099 574 1213 611 σου.
1237 574 1255 608 ›
1280 547 1612 622 ’Δναγκαίως
1644 548 1842 612 τοίνυν,
1869 553 1960 601 ἐκ-
1987 559 2005 612 Α

2099 546 2209 602 culi
2261 543 2339 600 tui
2368 542 2433 596 ⁸⁸.
2479 559 2496 593 ι
2531 539 2721 594 Merito
2786 537 2954 609 igitur
3001 531 3322 591 rescindens
3363 533 3627 603 peccandi

401 625 615 714 κόπτων
653 656 746 709 τὸν
792 625 948 721 λόγον
975 625 1089 703 ’τοῦ
1131 643 1502 717 ἁμαρτάνειν,
1551 637 1965 711 παραλαμϐάνει

2098 637 2352 700 ationem,
2393 631 2685 704 procellam
2728 637 2781 684 et
2818 629 2996 701 ignem
3028 625 3280 697 suscipit,
3312 639 3476 695 quem
3512 625 3629 695 ipse

402 751 514 823 πῦρ
537 749 631 804 καὶ
664 746 972 814 καταιγίδα,
1003 741 1032 795 ὃ
1079 737 1242 802 αὐτὸς
1292 737 1522 790 ἀνάπτει
1550 735 1608 788 ἐν
1637 733 1755 796 ταῖς
1799 747 1968 785 συνει-

404 846 623 916 δήσεσιν
649 842 683 910 ἡ
692 838 828 910 μῶν.

475 935 551 986 Δι’
587 925 655 1003 ἧς
680 927 932 999 ἐμφαίνει
963 920 1195 994 ψυχικὴν
1224 918 1464 982 κόλασιν,
1503 914 1595 971 καὶ
1632 913 1968 988 τραυματίας

407 1022 622 1078 ἔσεσθαι
667 1019 892 1080 πολλοὺς
931 1014 1111 1082 λέγει’
1144 1011 1249 1075 ἴνα,
1286 1007 1373 1062 διὰ
1404 1007 1500 1077 τῆς
1530 1007 1700 1077 ἀκοῆς
1744 1006 1853 1058 τῶν
1884 1005 1969 1057 δο-

409 1117 646 1170 κούντων
672 1111 818 1181 αὐτῷ
848 1105 1093 1179 φοϐερῶν
1116 1099 1254 1156 εἶναι
1285 1099 1577 1163 παιδεύσας
1601 1099 1819 1165 αὐτοὺς,
1843 1097 1972 1150 ἀνα-

409 1209 628 1279 χαιτξσῃ
652 1203 759 1260 τῶν
782 1197 1213 1272 ἁμαρτημάτων.

481 1297 662 1351 Ταῦτα
703 1295 759 1347 δέ
807 1290 1152 1364 προστίθησιν
1201 1290 1258 1340 ἐν
1318 1284 1503 1356 μέσῳ,
1534 1283 1594 1336 οὐ
1644 1280 1974 1353 κατηγορίαν

2064 731 2121 786 in
2145 726 2494 786 conscientiis
2523 723 2727 779 nostris
2759 719 3034 776 accendet.

2134 910 2300 968 Vsus.
2338 909 2420 964 16.
2456 907 2561 964 Per
2606 905 2844 978 gladium
2877 903 3144 975 signiﬁcat
3179 903 3458 975 spirituale
3481 898 3630 972 judi-

2067 1003 2214 1059 cium
2245 1011 2297 1058 et
2327 1001 2529 1056 multos
2558 998 2693 1052 dicit
2741 1012 2865 1053 esse
2890 996 3277 1063 vulnerandos,
3329 1003 3390 1050 ut
3429 993 3634 1065 gravis-

2067 1095 2221 1151 simis
2250 1094 2411 1149 minis
2440 1091 2709 1157 deterriti,
2744 1104 2773 1144 a
2800 1088 3042 1159 peccatis
3070 1088 3348 1143 recedant.

2145 1268 2306 1324 Vsus.
2335 1267 2418 1320 17.
2454 1263 2585 1332 Quae
2612 1265 2666 1319 in
2698 1263 2935 1318 medium
2971 1259 3150 1327 aﬂert,
3203 1275 3313 1316 non
3341 1265 3548 1314 tantum
3575 1265 3638 1313 ut

413 1388 591 1443 αὐτῶν
624 1386 782 1457 μόνον
823 1351 1186 1453 ἐνιστάμενος,
1211 1351 1343 1433 ἀλλά
1369 1377 1462 1432 καὶ
1493 1351 1976 1446 σωτηρίανῖαύτοῖς

2098 1376 2168 1418 :os
2230 1357 2631 1421 incriminetur,
2685 1354 2780 1410 sed
2830 1353 2994 1409 etiam
3051 1359 3107 1408 ut
3147 1351 3228 1408 eis
3287 1351 3516 1408 salutem
3551 1364 3638 1404 re-

416 1477 688 1552 προξενῶν
715 1476 802 1530 διὰ
829 1474 923 1529 τοῦ
954 1473 1197 1542 ἐλέγχου,
1220 1469 1312 1524 ἐὰν
1339 1469 1669 1539 ἐπιστήσωσι
1697 1465 1788 1518 τὸν
1817 1463 1941 1517 νοῦν
1958 1476 1973 1490 ⁸

417 1572 510 1626 καὶ
547 1571 653 1642 γὰρ
702 1568 793 1621 τὸν
848 1565 950 1638 μῦν
999 1561 1293 1635 παρέλαϐε,
1337 1561 1444 1625 ἵνα,
1479 1557 1583 1614 κᾶν
1623 1555 1753 1626 γοῦν
1808 1553 1980 1616 οὕτως

418 1662 749 1722 αἰδεσθέντες
796 1658 858 1711 τὸ
912 1656 1149 1728 μυσαρὸν
1195 1654 1303 1706 τῶν
1360 1651 1640 1724 πράξεων,
1689 1644 1975 1717 ἀνακωχὴν

417 1753 628 1808 δώσωσι
659 1755 770 1815 τοῖς
795 1751 1003 1811 κακοῖς.

491 1845 566 1898 Ob
603 1844 759 1915 μόνον
785 1841 840 1894 δέ
865 1839 972 1893 τῶν
1005 1837 1251 1910 φανερῶν
1283 1833 1534 1908 πράξεων
1565 1829 1745 1887 αὐτῶν
1762 1829 1979 1899 ἔλεγχον

419 1940 672 2002 ἐποιεῖτο,
696 1934 829 1989 ἀλλὰ
858 1933 949 1987 καὶ⁵
981 1930 1158 1984 αὐτῶν
1186 1928 1292 1983 τῶν
1328 1929 1509 1990 αὐτοῖς
1539 1921 1978 1995 κινηθησομένων

422 2027 607 2083 κακῶν
635 2025 908 2097 λογισμῶν
929 2042 942 2055 ·
975 2025 1111 2096 ὅπερ
1131 2021 1439 2091 ἀναγκαίως
1468 2019 1560 2072 καὶ
1580 2015 1860 2091 χρησίμως
1893 2011 1983 2066 ἐπὶ

422 2119 520 2188 τῆς
553 2115 729 2168 αὐτῶν
760 2111 1090 2175 λυσιτελείας
1119 2110 1311 2164 ἐποίει.
1331 2107 1609 2161 -Οὑκέτι
1650 2105 1750 2177 τὴν
1779 2103 1867 2157 διὰ
1897 2101 1983 2154 λό-

424 2224 536 2276 γων
559 2203 784 2275 ἀπειλὴν
819 2201 1157 2272 ποιούμενος,
1180 2199 1316 2254 ἀλλά
1335 2198 1431 2253 καὶ
1453 2194 1750 2268 παρουσίαν
1780 2195 1892 2246 οίκε
1901 2192 1984 2245 ίαν

424 2294 885 2366 ἐπαγγελλόμενος
900 2309 914 2323 ο
939 2289 1269 2362 πανταχόθεν
1293 2289 1400 2360 γὰρ
1420 2287 1498 2358 τῷ
1521 2287 1764 2356 Δεσπότῃ
1786 2282 1986 2347 σκοπὸς

427 2389 599 2442 σῶσαι
633 2387 723 2442 τὸν
745 2385 895 2447 λαὸν,
923 2383 1017 2439 καὶ
1051 2383 1242 2452 στῆσαι
1267 2382 1359 2435 τὸν
1389 2379 1546 2448 λόγον
1573 2377 1662 2432 τὸν
1687 2375 1823 2449 πρὸς
1860 2376 1984 2439 τοὺς

428 2479 672 2552 πατέρας
699 2475 1060 2548 γεγενημένον
1081 2492 1095 2506 ’
1128 2473 1248 2528 ὅθεν
1276 2471 1370 2528 καὶ
1401 2471 1487 2525 διὰ
1524 2467 1862 2542 σκυθρωπῶν
1893 2468 1988 2522 καὶ

427 2572 679 2644 χρηστῶν
697 2571 870 2640 ὄψεων
899 2567 1166 2639 σωτηρίαν
1187 2566 1367 2629 αὐτοῖς
1391 2559 1856 2635 πραγματεύεται.
1879 2559 1991 2614 Καὶ

422 2665 552 2737 μετ’
591 2665 765 2733 ὀλίγα
792 2679 804 2692 ’
835 2662 936 2716 Τὸν
968 2660 1129 2715 αὐτὸν
1157 2658 1355 2730 τρόπον
1383 2655 1476 2708 καὶ
1519 2652 1748 2708 ἐνταῦθα
1785 2651 1883 2723 τὴν
1912 2652 1991 2715 είς

428 2760 624 2823 αὐτοὺς
655 2756 940 2826 ἐπίσκεψιν
970 2752 1132 2808 αὐτοῦ
1167 2753 1300 2806 ἰδίαν
1337 2749 1636 2822 παρουσίαν
1677 2745 1840 2801 αὐτοῦ
1867 2763 1995 2800 κατ-

430 2849 714 2918 αγγέλλει,
761 2846 970 2918 δηλῶν,
995 2845 1068 2907 ὡς
1099 2839 1406 2904 ἐπισυνάξει
1447 2837 1644 2900 αὐτοὺς
1669 2838 1736 2889 ἐκ
1783 2835 1995 2889 πάντων

428 2942 538 2994 τῶν
570 2939 734 2994 ἐθνῶν
753 2943 808 2992 ἐν
832 2933 914 3001 οἷς
939 2935 1375 3007 ἀνεστράφησαν,
1398 2932 1518 2984 ἐκεῖ
1539 2927 1869 3000 ἐκμαθόντες
1901 2926 1996 2980 καί⁴

433 3033 532 3096 τὰς
555 3031 803 3101 γλώσσας
827 3027 1024 3085 αὐτῶν.

517 3123 752 3178 Ἐκεῖθεν
784 3123 841 3176 δέ
886 3122 978 3176 καὶ
1014 3119 1139 3183 τοὺς
1173 3115 1470 3190 μακαρίους
1504 3113 1831 3177 ἀποστόλους
1865 3111 2002 3167 ἀπέ-

438 3217 612 3272 στειλε
661 3217 903 3287 κήρυκας
949 3212 1069 3266 καθ’
1101 3213 1228 3282 ὅλης
1256 3208 1575 3280 οἰκουμένης
1608 3205 2001 3278 γενησομένους
2027 3235 2068 3293 C

437 3311 532 3364 ἀπ’
559 3310 740 3382 ἄκρων
763 3307 867 3370 ἓως
899 3307 1103 3377 ἄκρων.

510 3403 719 3455 Ἵππων
747 3399 839 3452 καὶ
861 3399 1096 3470 ἡμιόνων
1137 3396 1230 3450 καὶ
1258 3393 1542 3466 λαμπίνων
1578 3390 1876 3464 μέμνηται,
1906 3387 2003 3458 δη·

440 3495 548 3548 λῶν
586 3493 684 3565 τὴν
725 3492 834 3545 τῶν
883 3489 1049 3544 ἐθνῶν
1097 3487 1382 3560 εὐθυμίαν,
1414 3486 1536 3556 ἥτις
1565 3481 1795 3556 πρώτως
1841 3479 2005 3552 ἐπλη-

447 3587 604 3660 ροῦτο
626 3585 837 3640 ἐπὶοτοῦ
855 3582 1106 3654 εὐνούχου
1134 3582 1235 3653 τῆς
1272 3579 1556 3651 Κανδάκης
1585 3576 1919 3649 βασιλίσσης,
1947 3573 2004 3638 ὃς

442 3681 536 3736 τὸν
561 3679 821 3732 Φίλιππον
844 3675 1035 3747 ἔφερεν
1064 3674 1156 3727 ἐπὶ¹
1187 3673 1279 3727 τοῦ
1315 3673 1558 3744 ἅρματος
1591 3668 1782 3724 αὑτοῦ.

516 3771 710 3827 Οὐκέτι
752 3769 858 3842 γὰρ
900 3770 977 3832 είς
1037 3766 1224 3820 τοῦτον
1271 3764 1734 3836 ἀπατηθήσονται,
1767 3761 1886 3816 ούδέ
1930 3759 2008 3831 τῷ

448 3866 636 3937 κόσμῳ
670 3862 844 3934 τούτῳ
885 3858 1346 3930 δελεασθήσονται,
1378 3858 1473 3910 καὶ
1509 3857 1583 3920 ώς
1610 3855 1728 3927 Θεῷ
1777 3871 2010 3927 προσκυ-

447 3963 725 4034 νήσουσιν·
769 3955 904 4011 ἀλλὰ
939 3952 1501 4026 προσκολληθήσονται
1546 3949 1734 4022 Κυρίῳ
1763 3948 1841 4020 τῷ
1870 3945 2005 4018 Θεῷ,

447 4055 546 4118 τὰς
575 4051 865 4122 ἐνδελεχεῖς
889 4047 1076 4110 θυσίας
1099 4044 1482 4117 προσάγοντες,
1506 4042 1691 4097 οὐκέτι
1719 4041 1896 4114 τρίτον
1915 4041 2009 4095 τοῦ

450 4141 693 4198 ἐνιαυτοῦ
722 4140 900 4212 μόνον,
931 4135 1067 4190 ἀλλά
1101 4133 1222 4189 καθ’
1262 4133 1527 4203 ἑϐδομάδα
1573 4132 1666 4186 καὶ
1705 4133 1848 4203 μῆνα
1885 4148 2010 4185 συν-

451 4233 824 4309 αθροιζόμενοι
854 4230 946 4283 ἐπὶ
975 4227 1083 4282 τῶν
1112 4227 1282 4296 ἁγίων
1319 4223 1650 4297 ἐκκλησιῶνο
1682 4224 1740 4277 οὐ
1775 4224 1932 4295 μόνον
1957 4223 2012 4276 δέ

451 4329 558 4394 ἓως
587 4327 774 4382 τούτου
806 4327 1112 4398 στήσονται,
1141 4321 1277 4377 ἀλλὰ
1304 4321 1516 4392 νύκτωρ
1540 4321 1634 4375 καὶ
1661 4319 1776 4392 μεθ’
1804 4320 2013 4392 ἡμέραν

452 4421 514 4475 οὐ
537 4419 828 4474 παύσονται
847 4415 945 4486 τὴν
972 4413 1335 4488 προσκύνησιν
1359 4411 1670 4483 ποιούμενοι
1689 4413 1767 4476 είς
1781 4411 1872 4465 τὸν
1895 4411 2018 4482 ἀλη-

457 4513 600 4568 θινὸν
631 4512 781 4565 Θεόν.

529 4605 648 4659 Τῶν
673 4599 1138 4672 ἐπισυναχθέντων
1163 4600 1332 4654 ἐθνῶν
1355 4600 1449 4653 ἐπὶ
1488 4598 1727 4665 Ἐζεκίου
1754 4597 2017 4669 βασιλέως
2047 4591 2090 4646 D

461 4699 576 4769 ἅμα
604 4695 682 4766 τῷ
728 4691 1089 4763 Σεναχηρείμ.
1121 4720 1192 4734 -—
1219 4691 1404 4744 Ταῦτα
1439 4691 1497 4744 δὲ
1528 4689 1704 4744 πάντα
1743 4688 2021 4762 τρανωθή-

461 4804 611 4842 σεται
639 4786 697 4840 ἐν
720 4787 787 4856 τῇ
816 4781 1087 4854 παρουσίᾳ
1110 4781 1203 4835 τοῦ
1234 4783 1439 4853 Κυρίου
1464 4785 1529 4854 τῇ
1564 4781 1769 4853 φοϐερᾷ
1808 4781 1901 4834 καὶ
1939 4780 2023 4832 ἐν·

460 4876 594 4949 δόξῳ
611 4895 624 4909 ·
659 4879 746 4931 ὅτε
770 4874 831 4928 τὸ
852 4873 1224 4943 οίκουμενικδν
1247 4872 1472 4945 θέατρον
1502 4875 1876 4945 συγκροτεῖται
1895 4886 1908 4899 '
1935 4871 2022 4925 ὅτε

462 4972 660 5032 πάντες
688 4966 1020 5038 πανταχόθεν
1059 4964 1509 5037 συναχθήσονται·
1539 4966 1626 5019 ὅτε
1673 4965 1900 5028 ἕκαστος
1933 4979 2024 5017 κο-

466 5062 666 5134 μιεῖται
693 5059 827 5130 πρὸς
855 5057 891 5112 ἃ
919 5055 1150 5128 ἔπραξεν
1169 5073 1182 5086 ο
1211 5057 1299 5109 ὅτε
1329 5057 1357 5109 ό
1385 5055 1616 5109 ἑκάστου
1645 5054 1843 5126 κλῆρος
1866 5071 2026 5122 φανε-

466 5153 652 5225 ροῦται
670 5169 683 5182 ·
719 5152 805 5206 ὅτε
843 5150 1061 5220 ὄψονται
1089 5148 1303 5220 ἀληθῶς
1329 5147 1434 5202 τῶν
1458 5146 1921 5219 παραϐεϐηκότων
1948 5147 2026 5220 τῷ

467 5245 585 5316 Θεῷ
637 5244 728 5298 τὸν
772 5241 1028 5314 σκώληκα
1060 5242 1238 5298 αὐτῶν
1279 5240 1651 5311 ἀτελεύτητον,
1687 5239 1781 5293 καὶ
1827 5240 1887 5293 τὸ
1917 5239 2027 5311 πῦρ

467 5336 645 5390 αὐτῶν
678 5335 966 5390 ἄσϐεστον·
993 5334 1237 5388 τουτέστι
1282 5333 1343 5386 τὸ
1380 5333 1659 5404 κριτήριον
1685 5336 1785 5404 τῆς
1825 5333 2028 5397 οἰκείας

469 5427 648 5483 αὐτῶν
695 5427 1066 5497 συνειδήσεως,
1100 5426 1128 5478 ὃ
1156 5425 1309 5495 δίκην
1354 5423 1629 5494 σκώληκος
1679 5423 2028 5495 ἀτελευτήτου

470 5518 530 5572 ἐν
560 5517 742 5580 αὐτοῖς
795 5517 1074 5571 ἐνειλεῖται
1097 5534 1111 5548 ·
1155 5517 1250 5571 καὶ
1303 5514 1627 5586 καταφλέξει
1674 5515 1868 5580 αὐτοὺς
1919 5513 2029 5587 πῦρ

473 5610 717 5680 πηγάζον
743 5612 799 5663 ἐν
819 5611 996 5673 αὐτοῖς
1013 5627 1026 5639 ·
1059 5609 1152 5663 κα)⁵
1175 5607 1384 5662 ἔσονται
1415 5607 1636 5679 φανεροὶ
1654 5609 1784 5661 πᾶσι
1805 5610 1916 5674 τοῖς
1937 5609 2032 5661 ἐπ-

474 5703 736 5770 εγνωκόσι
763 5703 853 5756 τὸν
883 5702 1090 5756 ἑαυτῶν
1115 5703 1378 5774 δεσπότην
1407 5718 1467 5755 τε
1495 5701 1587 5756 καὶ
1607 5703 1852 5774 ποιητήν.

547 5855 593 5889 ³⁸
613 5853 756 5911 Psal.
788 5871 1049 5923 cxxxvm,
1085 5858 1168 5912 16.

2073 1449 2531 1524 prehensionibus
2555 1453 2840 1518 praeparet,
2874 1446 2920 1501 si
2948 1445 3089 1500 forte
3114 1450 3354 1500 mentem
3384 1439 3636 1497 intende-

2079 1550 2219 1598 rent.
2241 1540 2316 1596 De
2346 1555 2501 1594 mure
2535 1538 2622 1592 hic
2649 1536 2911 1605 loquitur,
2951 1541 3010 1587 ut
3039 1532 3123 1588 vel
3161 1532 3234 1585 ita
3263 1529 3639 1586 de.detestan-

2076 1632 2162 1690 dis
2180 1632 2439 1705 operibus
2471 1628 2586 1686 suis
2622 1627 3032 1691 erubescentes,
3060 1637 3090 1677 a
3111 1621 3269 1676 malis
3294 1626 3634 1676 revocentur.

2150 1789 2316 1846 Vens.
2357 1787 2445 1842 l8.
2489 1783 2608 1840 Non
2641 1797 2806 1853 opera
2861 1779 3024 1834 modo
3064 1776 3244 1845 arguit
3293 1773 3640 1830 extrinsecus

2010 1893 2054 1954 Β
2083 1881 2422 1957 apparentia,
2460 1879 2556 1936 sed
2589 1877 2737 1948 ipsas
2777 1888 2994 1945 quoque
3032 1884 3229 1940 pravas
3259 1866 3457 1922 mentis
3487 1863 3639 1934 cogi-

2080 1979 2312 2033 tationes
2344 1994 2358 2031 :
2390 1972 2536 2046 quod
2583 1970 2776 2025 merito
2818 1977 2873 2025 et
2914 1966 3208 2023 salubriter
3245 1963 3312 2018 ad
3349 1962 3640 2016 utilitatem

2083 2076 2325 2126 nostram
2361 2068 2601 2136 prastat.
2630 2089 2703 2102 —-
2728 2057 2847 2113 Jam
2891 2073 3000 2112 non
3032 2054 3212 2112 verbis
3254 2053 3429 2107 minas
3462 2051 3642 2106 inten-

2083 2162 2181 2228 dit,
2223 2173 2379 2216 suam
2404 2168 2620 2227 quoque
2660 2151 3003 2222 praesentiam
3041 2144 3350 2201 annuntiat.
3391 2143 3494 2198 Per
3524 2157 3644 2198 om-

2085 2252 2176 2308 nia
2230 2248 2376 2305 enim
2418 2243 2600 2301 studet
2639 2239 2902 2298 Dominus
2957 2245 3018 2294 ut
3064 2237 3237 2293 salvet
3283 2233 3538 2305 populum
3591 2241 3646 2287 et

2086 2353 2392 2399 sermonem
2461 2333 2708 2408 perﬁciat
2755 2331 2823 2387 ad
2875 2338 3058 2402 patres
3118 2327 3387 2399 prolatum
3441 2341 3458 2379 :
3515 2322 3641 2378 ideo

2086 2442 2200 2488 tum
2233 2430 2397 2487 minis
2427 2444 2552 2484 cum
2585 2423 2871 2497 promissis
2915 2421 3144 2478 salutem
3184 2419 3319 2490 ipsis
3367 2423 3642 2488 operatur.

2088 2523 2157 2580 Et
2185 2522 2344 2594 paulo
2369 2530 2529 2592 post:
2561 2517 2763 2572 Eadem
2801 2514 3012 2570 ratione
3028 2511 3116 2566 hic
3149 2523 3365 2580 quoque
3394 2522 3550 2562 suam
3589 2507 3646 2560 in

2087 2632 2184 2673 eos
2213 2613 2628 2685 inspectionem,
2672 2610 2964 2662 adventum
2994 2617 3153 2659 suum
3196 2599 3511 2666 denuntiat;
3553 2597 3650 2652 de-

2090 2706 2307 2761 clarans
2351 2718 2411 2760 se
2452 2716 2546 2758 eos
2586 2699 2653 2755 de
2685 2695 2938 2754 omnibus
2981 2692 3234 2766 gentibus
3287 2695 3652 2763 congregatu-

2092 2812 2237 2861 rum,
2281 2796 2420 2850 inter
2445 2807 2584 2865 quas
2635 2788 2918 2862 degebant,
2952 2799 3182 2858 quarum
3227 2783 3392 2840 etiam
3435 2782 3652 2853 linguas

2094 2889 2410 2947 edisceban.

2172 3084 2340 3144 Vens.
2369 3077 2454 3141 ισῖ
2474 3086 2638 3140 hanc
2664 3090 2828 3138 etiam
2861 3083 3051 3137 beatos
3079 3076 3352 3148 apostolos
3394 3082 3659 3132 emistt'm

2101 3189 2278 3239 tolum
2341 3186 2611 3234 terrarum
2661 3173 2847 3228 orbem
2914 3169 3262 3241 perlustrati,
3309 3165 3657 3238 Evangelium

2100 3274 2185 3329 vel
2215 3272 2271 3326 in
2299 3266 2558 3325 extremis
2586 3263 2903 3335 regionibus
2934 3260 3312 3332 praedicarent.

2169 3361 2338 3416 Vens.
2387 3359 2478 3413 20.
2536 3355 2636 3411 Hic
2687 3367 2858 3425 equos
2909 3353 3226 3422 mulosque,
3274 3357 3330 3407 et
3383 3351 3661 3421 lampenas

2099 3461 2384 3517 memorat,
2419 3449 2671 3505 indicans
2723 3444 3176 3518 przestantissimo
3225 3442 3407 3498 animo
3450 3441 3662 3498 futuras

2101 3554 2326 3620 gentes,
2375 3558 2534 3615 quem
2590 3541 2799 3610 primus
2837 3536 3082 3593 exhibuit
3133 3535 3421 3591 eunuchus
3464 3535 3662 3604 reginae

2100 3639 2400 3700 Candaces,
2431 3633 2523 3706 qui
2552 3631 2857 3701 Philippum
2888 3643 3056 3683 curru
3084 3642 3185 3683 suo
3210 3627 3380 3682 vexit.

2172 3731 2338 3786 Vens.
2369 3728 2462 3783 25.
2485 3727 2604 3781 1am
2630 3739 2736 3778 non
2755 3721 2988 3792 amplius
3019 3721 3279 3776 errabunt
3305 3720 3452 3776 circa
3471 3719 3662 3776 Deum.

2104 3839 2206 3880 nec
2233 3820 2421 3877 mundi
2451 3816 2722 3875 illecebris
2765 3813 2934 3870 illecti
2996 3813 3102 3883 ipsi
3138 3822 3398 3882 tanquam
3432 3810 3543 3867 Deo
3581 3810 3668 3866 in-

2107 3915 2378 3978 servient;
2427 3910 2523 3968 sed
2568 3923 2689 3964 cum
2723 3905 2952 3963 Domino
2985 3903 3097 3961 Deo
3125 3903 3505 3977 conglutinati,
3537 3917 3668 3958 con-

2109 4009 2263 4064 tinuo
2290 4005 2341 4062 ei
2376 4002 2646 4061 sacriﬁcia
2680 3997 2943 4065 oﬁerent;
2979 3997 3092 4068 jam
3132 4011 3244 4053 non
3294 4003 3379 4052 ter
3418 3995 3581 4053 modo
3610 3995 3666 4051 in

2109 4113 2342 4162 annum,
2381 4094 2476 4150 sed
2511 4094 2568 4148 in
2615 4091 2856 4162 singulos
2897 4102 3113 4144 menses
3137 4130 3152 4155 ,
3209 4087 3377 4158 inque
3427 4086 3668 4158 singulas

2109 4184 2473 4245 bebdomades
2503 4179 2980 4254 congregabuntur
3014 4178 3071 4233 in
3116 4184 3335 4234 sanctas
3379 4177 3666 4234 ecclesias.

2111 4279 2266 4346 Quin
2315 4275 2447 4340 imo,
2481 4273 2714 4328 ulterius
2755 4270 2918 4326 etiam
2961 4269 3261 4340 progressi,
3313 4283 3416 4325 nec
3446 4268 3535 4325 die
3569 4283 3670 4325 nec

2112 4378 2274 4427 nocte
2307 4383 2338 4421 a
2369 4366 2520 4423 cultu
2549 4364 2664 4420 veri
2687 4362 2782 4419 Dei
2812 4362 3127 4420 cessabunt.

2185 4539 2352 4596 Vsus.
2405 4539 2496 4593 24.
2561 4535 2841 4592 Cadaver:
2913 4533 3172 4590 videbunt
3242 4535 3482 4607 gentium
3547 4551 3670 4592 cum

2122 4631 2493 4689 Sennacherib
2536 4628 2799 4684 adversus
2846 4641 3027 4698 regem
3062 4626 3347 4682 Ezechiam
3379 4642 3676 4700 congrega-

2121 4731 2321 4778 tarum.
2363 4753 2432 4762 —
2475 4719 2606 4786 Quae
2655 4725 2834 4773 autem
2876 4717 3056 4773 omnia
3085 4717 3582 4774 manifestabuntur
3619 4721 3675 4774 in

2121 4812 2396 4870 horrendo
2429 4817 2483 4867 et
2541 4810 2741 4864 illustri
2779 4808 2872 4864 Dei
2905 4808 3160 4873 adventu,
3201 4823 3343 4873 cum,
3377 4817 3676 4864 convocato

2123 4910 2495 4959 creaturarum
2537 4899 2781 4952 omnium
2825 4904 2990 4962 cmtu,
3030 4897 3285 4951 omnibus
3318 4896 3677 4969 undeqnaque

2123 4995 2390 5055 collectis,
2426 4993 2660 5064 quisque
2700 5005 2799 5060 pro
2859 4989 3072 5045 meritis
3135 4989 3250 5044 suis
3325 4989 3574 5060 accipiet,
3613 5004 3677 5045 ac

2126 5101 2246 5142 sors
2278 5083 2545 5154 cujusque
2579 5080 2880 5152 apparebit,
2905 5088 2958 5135 et
2991 5078 3251 5134 videbunt
3280 5093 3405 5135 vere
3438 5093 3676 5134 vermem

2125 5185 2473 5250 peccatorum
2491 5172 2870 5236 immortalem,
2895 5171 3178 5241 ignemque
3207 5185 3394 5225 eorum
3417 5170 3680 5227 inexstin-

2126 5268 2419 5340 guibilem;
2482 5264 2589 5319 hoc
2637 5269 2744 5327 est,
2798 5260 3060 5333 judicium
3118 5259 3504 5328 conscientiae,
3562 5275 3682 5330 quas

2127 5357 2274 5412 velut
2301 5353 2502 5409 vermis
2532 5351 2857 5407 immortalis
2889 5351 2944 5406 in
2965 5365 3159 5406 eorum
3189 5349 3372 5405 animo
3402 5357 3681 5418 vertetur;

2128 5453 2182 5502 et
2199 5446 2426 5502 torrebit
2453 5445 2617 5500 etiam
2644 5459 2739 5502 eos
2764 5444 2904 5516 ignis
2922 5458 2989 5500 ex
3010 5443 3145 5515 ipsis
3159 5443 3392 5509 elicitus,
3423 5451 3479 5499 et
3509 5444 3685 5500 omni-

2129 5539 2232 5596 bus
2287 5538 2694 5610 conspicientur
2756 5535 2848 5609 qui
2906 5535 3196 5594 Dominum
3244 5539 3686 5609 conditoremque

2132 5647 2289 5689 suum
2323 5639 2646 5704 agnoscunt.
