1908 3078
196 122 224 148 Η
650 124 678 150 S.
698 123 900 150 METHODIUS
920 123 1112 151 EPISCOPL'S
1131 123 1175 151 ET
1200 124 1356 152 DIARTYB.
1790 126 1826 152 12

193 187 245 207 tem
271 180 313 216 (ἰ),
342 182 426 208 secuti
445 186 510 209 sunt
535 181 587 209 viri
614 181 779 214 doctissmti,
809 190 879 217 quos
906 184 976 212 inter
990 189 1012 215 Α
1026 182 1166 211 hominum
1181 185 1296 218 desidia,
1310 185 1414 220 reliqua
1429 185 1653 214 houtetecerunt.
1669 186 1723 214 Sed
1744 193 1826 221 qua"

193 225 348 254 llolstenius
362 227 406 262 0'),
422 227 537 255 Allatius
552 228 722 264 (It),Vossius
739 230 781 265 (Ι),
802 234 884 265 atque
897 229 980 258 Pear-

192 272 355 308 soniusbn).

224 318 257 347 ιι.
271 319 336 352 Quae
347 327 409 346 cum
425 320 461 347 ita
477 320 541 353 sint,
557 321 699 349 desinente
715 322 798 356 igitur
813 323 914 350 saeculo
935 330 976 354 ιιι,

190 365 319 393 tnclaruit
352 373 464 397 sanctus
497 366 668 401 Mclbodius,
713 367 782 404 ἀνὴρ
818 368 907 402 λόγιος
932 370 979 395 καὶ

191 412 292 448 σφῶρα
302 413 367 448 περὶ
381 413 431 448 τῆς
442 411 570 448 ἀληθείας
580 413 794 449 ἀγωνισάμενος,
811 414 898 450 inquit
915 415 978 450 Epi-

189 458 305 493 phanius
322 459 372 494 (ιι),
393 459 431 485 vir
446 458 560 492 apprime
572 464 664 486 auctus
680 460 872 496 acerrimusque
884 462 979 488 verita-

189 505 222 531 tis
235 509 379 539 patronus;
394 505 460 540 quin
487 509 513 532 et
529 504 721 532 disertissimus
750 512 862 541 martyr,
885 507 977 542 judice

188 549 353 586 Hieronymo
375 552 423 586 (0),
452 551 499 586 qui
525 551 652 578 nimirum
684 552 764 578 nitidi
791 554 977 588 compositique

187 596 314 623 sermonis
340 596 419 623 libros
433 596 544 631 confecit
560 597 607 631 (p2.
628 606 637 622 ι
655 597 742 632 Atque
757 598 802 624 illa
819 599 970 631 enimvero,

187 643 225 668 ait
243 642 287 669 vir
299 641 396 669 doctus
411 642 460 678 (ιι),
476 643 587 678 propria
599 641 728 670 Methodii
745 644 908 678 praedicatur
919 645 977 679 glo-

187 688 238 721 ria,
259 689 330 723 quod
356 689 382 715 in
409 689 545 716 nentincm
571 688 630 723 ejus
658 689 803 723 aequalium
834 690 975 718 liberalius

186 738 386 762 concurrerunt
401 742 439 761 eae
466 734 555 767 dotes,
570 742 631 770 qua:
651 736 909 770 prastantissimum
927 745 973 764 sa-

186 788 238 808 cra:
252 780 384 808 doctrinm
399 781 560 816 magistrum
574 781 702 809 omnibus
728 783 833 817 possint
848 784 971 811 numeris

190 827 342 854 absolvere.
359 826 464 862 Magnis
490 827 562 854 enim
579 828 638 862 ejus
655 832 741 862 partae
762 829 913 864 inl'usatque
930 837 974 857 sa-

185 872 294 907 pientize
308 872 411 899 divitiis
433 873 573 907 respondit
598 872 705 899 dicendi
724 874 802 908 copia
817 874 972 902 scribendi-
989 866 1010 893 Β

185 925 237 953 que
253 918 321 945 uber
336 918 480 954 elegantia,
501 918 580 952 cujus
594 918 726 946 beneﬁcio
741 920 768 946 in
785 927 872 947 seram
887 928 973 956 usque

185 964 368 999 posteritatem
383 972 463 992 sensa
480 964 540 998 ejus
554 965 684 999 praeclara
695 970 897 1000 permanarent.
912 966 972 994 Uno

184 1011 270 1037 verbo
285 1020 291 1037 :
311 1014 341 1037 ut
357 1018 438 1037 nemo
458 1010 504 1037 illo
519 1010 681 1045 profundius
697 1012 798 1047 sapuit,
815 1013 850 1039 ita
863 1020 917 1039 non
932 1013 972 1040 fa-

183 1056 236 1084 cile
265 1056 417 1091 reperietur
443 1057 489 1092 qui
514 1057 642 1089 uberius,
674 1057 822 1089 discrtius,
848 1060 971 1087 ornatius

182 1101 331 1136 scripserit.
353 1111 363 1127 )
396 1101 514 1129 Tantum
545 1103 637 1137 itaque
656 1102 763 1130 Patrem
788 1103 972 1138 eximiumque

182 1147 313 1174 Ecclesiae
339 1147 512 1182 scriptorem,
530 1148 628 1175 merito
644 1156 711 1176 sane
737 1148 807 1175 inter
822 1156 886 1176 suos
902 1149 971 1176 viros

179 1193 297 1221 illustres
332 1194 472 1221 recensuit
498 1193 599 1221 Doctor
627 1194 774 1226 maximus,
804 1194 867 1221 licet
895 1194 970 1222 illum

180 1239 344 1275 prmterierit
358 1239 503 1267 Eusebius.
524 1240 606 1275 Atqui
626 1244 699 1267 recte
726 1240 868 1268 censuisse
895 1241 971 1268 vide-

180 1290 225 1312 tur
243 1285 278 1313 cl.
294 1285 430 1317 Valesius,
448 1285 511 1312 dum
539 1286 577 1312 ait
591 1286 625 1320 (r)
650 1285 800 1314 Eusebium
828 1291 970 1322 propterea

179 1332 206 1358 in
221 1339 269 1358 sua
289 1331 408 1357 Historia
423 1331 524 1357 nullam
536 1330 663 1358 Methodii
679 1332 844 1359 mentionem
859 1332 967 1365 fecisse,

178 1385 241 1404 cum
266 1381 358 1404 tamen
383 1377 476 1412 plures
507 1377 576 1404 alios
590 1378 796 1406 ecclesiasticos
821 1379 969 1415 scriptores

179 1426 385 1454 commemoret,
401 1422 447 1457 qui
469 1421 608 1450 Methodio
632 1424 718 1450 multo
747 1423 893 1453 inferiores
910 1426 969 1453 fue-

179 1472 259 1500 runt;
275 1469 347 1503 quod
359 1469 489 1496 nimirum
507 1473 619 1497 sanctus
633 1470 678 1497 ille
695 1469 794 1505 Tyrius
823 1472 968 1508 episcopus

178 1513 244 1549 styli
258 1514 346 1541 aciem
372 1514 529 1542 strinxisset
556 1515 688 1543 adversus
709 1515 865 1551 Origenetn,
888 1519 967 1552 cujus

178 1559 400 1588 studiosissimus
428 1564 487 1587 erat
504 1561 575 1588 idem
604 1562 751 1597 episcopus
775 1563 964 1593 Cmsariensis.

177 1604 249 1632 Hinc
264 1605 346 1633 etiam
359 1609 411 1638 est,
430 1606 523 1634 subdit
542 1605 680 1639 Valesius,
695 1608 767 1643 quod
785 1614 880 1636 contra
895 1609 964 1637 Por-

177 1651 268 1687 phyrii
295 1652 382 1680 libros
412 1656 474 1687 post
497 1653 623 1681 eumdem
648 1653 815 1681 Methodium
843 1655 964 1690 scripsit,

175 1699 256 1734 quasi
273 1698 447 1726 aemulatione
463 1699 581 1733 quadam
592 1703 619 1727 et
636 1700 699 1727 odio
713 1700 845 1729 adversus
862 1700 966 1728 Metho-

175 1747 251 1775 dium
276 1747 415 1775 incitatus.
436 1746 573 1776 Eusebius
591 1748 731 1777 enimvero
757 1749 784 1776 in
803 1749 872 1776 libro
888 1753 964 1777 sexto

175 1793 309 1828 Apologia:
322 1801 378 1821 sua:
393 1801 442 1828 pro
472 1793 594 1829 Origene,
621 1793 751 1822 Methodii
764 1794 964 1829 objectionibus

174 1838 378 1876 respondebat:
411 1839 560 1872 Quomodo,
586 1839 686 1874 inquit,
710 1848 791 1867 ausus
807 1845 845 1867 est
861 1840 960 1868 Met/io-

174 1888 234 1914 dius
250 1894 319 1914 nunc
333 1890 427 1912 contra
446 1885 584 1920 Origenem
598 1886 720 1918 scribere,
737 1888 781 1922 qui
803 1887 858 1914 Itu'c
875 1892 899 1914 et
909 1888 965 1914 [nec

174 1933 206 1960 de
223 1931 344 1968 Origenis
377 1931 479 1958 locutus
493 1936 533 1958 est
554 1931 742 1967 dogmatibus?
765 1933 892 1960 Citantur
907 1933 964 1960 haec

175 1979 256 2006 verba
285 1978 320 2005 ab
351 1976 518 2012 Ilierouytno
545 1978 681 2005 scribente
720 1977 851 2006 adversus
883 1978 964 2005 Ruti-

174 2031 240 2052 num
255 2024 301 2060 (ς).

210 2070 255 2098 lll.
270 2070 372 2097 Verum
401 2067 530 2097 Methodii
554 2069 711 2096 auctoritati
735 2072 818 2105 atque
833 2069 965 2097 doctrinae

175 2117 244 2145 nihil
259 2115 378 2143 detrahit
395 2115 504 2143 Eusebii
518 2114 667 2147 silentium,
685 2115 752 2142 nihil
769 2116 829 2150 ejus
850 2115 962 2142 invidia.

174 2163 241 2190 Nam
258 2169 319 2198 quae
342 2166 457 2190 sanctus
482 2161 562 2189 Pater
594 2162 747 2189 litterarum
776 2162 963 2189 monumentis

1029 236 1138 264 cunque
1149 229 1257 257 demum
1271 235 1411 266 superant,
1426 239 1442 258 a
1458 235 1534 259 tanto
1548 231 1679 260 Ecclesia:
1703 233 1825 260 doctore

1028 283 1061 302 ac
1082 280 1200 311 martyre
1226 278 1363 304 memoria:
1387 277 1528 310 mandata,
1553 278 1668 305 collecta
1697 279 1825 314 primum

1029 328 1152 356 magnam
1173 326 1277 356 partem
1293 329 1309 348 ει
1328 322 1502 355 Combetisio,
1515 331 1587 351 nunc
1598 332 1662 351 vero
1688 324 1721 351 ad
1733 332 1826 351 unum

1028 371 1107 394 aucta
1123 369 1214 395 omnia
1228 372 1254 395 et
1270 369 1403 397 recensita
1415 369 1460 396 hic
1473 369 1654 404 proferentes,
1669 371 1703 398 de
1723 371 1824 406 singu-

1027 412 1073 445 lis,
1085 421 1135 448 pro
1147 414 1263 441 rationis
1278 414 1373 441 ordine
1385 423 1440 450 quo
1452 416 1497 442 illa
1506 416 1680 451 digessimus,
1698 417 1824 444 breviter

1027 459 1206 487 disseremus.

1063 504 1091 531 In
1109 505 1203 533 limine
1213 506 1305 540 itaque
1320 510 1422 534 nostrae
1447 507 1617 535 collectionis
1635 507 1824 535 Methodiana:

1027 556 1165 586 cotnparet
1173 551 1324 578 Convivium
1332 552 1420 579 decem
1429 553 1568 587 virginum,
1583 563 1592 578 ι
1605 555 1769 589 primarium
1789 561 1824 580 ac

1027 597 1106 632 plane
1133 597 1260 632 princeps
1285 598 1410 625 Methodii
1427 606 1551 633 operum.
1583 604 1613 626 ut
1638 601 1728 628 verbis
1756 604 1821 626 utar

1025 642 1144 670 Possinii
1165 643 1209 679 (ι),
1240 644 1312 678 quod
1328 645 1449 672 victoria:
1463 652 1478 671 a
1505 645 1662 673 Christiana
1690 646 1818 681 philoso-

1025 689 1089 724 phia
1105 689 1138 717 dc
1151 689 1245 717 Graeca
1261 691 1410 726 gentilique
1425 695 1570 726 reportatae
1588 692 1695 720 illustre
1717 700 1820 719 monu-

1026 738 1148 762 mentum
1167 742 1199 761 ac
1215 735 1298 762 veluti
1315 740 1446 771 tropaeum
1470 740 1522 763 est.
1536 736 1586 764 Cui
1612 737 1685 764 enim
1700 737 1728 764 in
1742 737 1819 764 litte-

1025 781 1065 808 ris
1081 781 1290 808 Atheniensium
1306 786 1429 809 veterum
1459 787 1570 810 versato
1585 790 1641 810 non
1657 783 1752 810 statim
1764 791 1817 811 oc-

1024 828 1122 858 currit,
1151 829 1308 855 aimulatum
1330 828 1381 855 hoc
1410 836 1492 863 opere
1523 828 1688 857 Methodium
1705 830 1819 858 celebre

1025 872 1092 899 illud
1107 872 1268 900 Convivium
1286 872 1430 900 Platonis?
1443 873 1601 900 mmulatum
1632 879 1740 909 autem;
1756 883 1816 903 non

1026 922 1080 943 tam
1096 921 1125 943 ut
1156 918 1217 953 ejus
1231 918 1402 953 elegantiam,
1424 919 1497 953 quod
1519 919 1714 947 venustissime
1736 919 1816 955 fecit,

1024 963 1189 997 exprimeret
1206 963 1350 995 imitando,
1368 971 1450 999 quam
1478 968 1517 996 ut,
1545 965 1618 999 quod
1636 965 1816 1000 potissimum

1022 1008 1140 1041 studuit,
1168 1008 1228 1042 ejus
1255 1009 1407 1043 nequitiam
1437 1010 1598 1044 castigando
1629 1011 1817 1046 abstergeret.

1023 1051 1195 1088 Praecipuum
1223 1058 1314 1081 autem
1341 1054 1528 1082 laudationum
1555 1061 1748 1092 argumentum
1784 1058 1818 1084 in

1023 1099 1074 1125 hoc
1096 1098 1269 1126 Methodiano
1291 1098 1434 1132 Convivio,
1457 1099 1550 1128 divina
1573 1102 1720 1137 virginitas
1746 1107 1790 1130 est
1808 1112 1815 1129 :

1022 1144 1066 1170 cui
1078 1152 1159 1171 omne
1171 1144 1332 1179 choragium
1348 1152 1504 1180 congruens
1518 1153 1534 1173 e
1562 1148 1685 1174 sacrario
1701 1148 1815 1175 cmlesti

1023 1189 1214 1225 depromptum
1231 1194 1354 1226 apparet.
1375 1200 1385 1217 ι
1398 1191 1438 1218 Ad
1459 1191 1516 1219 hmc
1529 1192 1581 1219 alia
1601 1194 1743 1228 complura
1761 1202 1814 1222 oc-

1022 1239 1149 1267 currunt,
1176 1243 1236 1270 quze
1255 1244 1371 1267 summa
1396 1237 1561 1264 Christianae
1594 1238 1655 1265 tidei
1680 1239 1769 1274 capita
1782 1240 1814 1267 in

1021 1282 1119 1317 primis
1136 1281 1273 1317 attingunt
1290 1292 1296 1310 :
1315 1283 1361 1310 ubi
1374 1287 1464 1310 tamen
1482 1284 1506 1310 si
1525 1291 1578 1318 qua
1603 1284 1740 1312 interdum
1762 1290 1816 1314 aut

1021 1330 1117 1356 durius
1130 1330 1282 1361 enuntiata,
1295 1333 1342 1356 aut
1357 1329 1474 1357 fortasse
1488 1330 1579 1357 minus
1589 1335 1684 1358 exacte
1699 1332 1812 1367 prolata

1021 1375 1054 1403 de
1070 1376 1153 1403 rebus
1164 1375 1347 1402 divinioribus
1363 1375 1518 1409 videantur,
1542 1384 1573 1404 ea
1590 1378 1700 1405 demum
1714 1379 1812 1406 omnia

1020 1421 1163 1456 diligenter
1178 1428 1294 1448 excussa
1310 1425 1338 1448 et
1351 1421 1471 1449 dilucide
1481 1423 1606 1457 exposita
1622 1427 1726 1458 repetat
1741 1432 1813 1460 pru-

1019 1466 1087 1493 dens
1102 1466 1187 1494 lector
1204 1474 1218 1493 a
1230 1467 1289 1494 viro
1307 1467 1477 1500 doctissimo,
1495 1469 1542 1503 qui
1557 1469 1629 1496 haud
1645 1470 1683 1496 ita
1699 1471 1808 1506 pridem

1019 1512 1046 1540 in
1059 1521 1141 1548 opere
1157 1512 1204 1540 illo
1223 1513 1333 1549 egregio
1346 1514 1390 1540 cui
1405 1514 1501 1541 titulus
1517 1524 1524 1543 :
1545 1515 1679 1543 Divinitas
1699 1516 1813 1544 Domini

1020 1559 1105 1585 nostri
1116 1557 1181 1585 Iesu
1192 1559 1292 1586 Christi
1305 1559 1447 1593 manifesta
1466 1560 1493 1586 in
1509 1559 1654 1595 Scripturis
1673 1566 1697 1588 et
1717 1563 1810 1590 tradi-

1018 1606 1097 1639 tione,
1113 1604 1225 1632 Patrum
1251 1606 1483 1633 antenicaenorum
1511 1607 1664 1635 doctrinam
1692 1616 1812 1636 accura-

1017 1653 1072 1680 tius
1082 1653 1222 1688 expendit,
1235 1657 1317 1687 atque
1326 1652 1484 1679 obscuriora
1494 1661 1607 1689 quaeque
1619 1654 1677 1682 loca
1689 1656 1811 1691 explica-

1016 1697 1054 1726 vit
1069 1698 1271 1733 illustravitque
1291 1698 1340 1734 (ιι).

1050 1744 1108 1772 Hoc
1128 1749 1218 1773 autem
1234 1745 1395 1781 praeclarum
1408 1744 1539 1774 Methodii
1556 1753 1711 1783 syntagma,
1729 1749 1807 1783 quod

1016 1798 1101 1818 unum
1115 1791 1252 1827 integrum
1269 1792 1350 1820 nobis
1366 1793 1484 1820 servavit
1509 1792 1673 1828 antiquitas,
1698 1795 1808 1829 primus

1016 1837 1148 1869 omnium,
1166 1845 1181 1864 e
1200 1845 1252 1865 ms.
1270 1838 1365 1866 codice
1380 1837 1511 1866 Vaticano
1532 1837 1638 1871 Romae,
1653 1840 1806 1875 evulgavit,

1015 1891 1088 1911 anno
1105 1884 1183 1918 1656,
1211 1883 1266 1911 Leo
1289 1884 1428 1919 Allatius;
1455 1885 1501 1919 qui
1514 1889 1541 1912 et
1556 1887 1629 1913 notis
1659 1885 1718 1913 suis
1735 1886 1807 1913 illud

1015 1930 1141 1957 evincere
1169 1937 1317 1965 aggressus
1346 1936 1399 1964 est,
1416 1931 1485 1958 nihil
1499 1931 1526 1958 in
1541 1939 1574 1959 eo
1601 1932 1716 1967 reperiri
1729 1933 1807 1967 quod

1019 1975 1154 2003 catholica
1166 1977 1311 2004 catholicis
1325 1977 1438 2004 auribus
1454 1977 1552 2013 exponi
1571 1984 1636 2006 non‘
1651 1980 1738 2013 possit
1757 1990 1763 2007 2
1782 1982 1807 2008 si

1015 2029 1068 2056 qua
1086 2029 1150 2049 vero
1161 2022 1319 2051 duriuscula
1338 2028 1495 2056 occurrant,
1511 2025 1556 2051 illa
1579 2025 1705 2052 emollire
1727 2028 1807 2054 omni

1016 2068 1108 2095 studio
1136 2069 1287 2096 contendit.
1304 2070 1384 2097 Anno
1407 2070 1506 2098 deinde
1535 2071 1696 2106 insequente
1721 2072 1806 2106 1657,

1015 2112 1128 2140 Parisiis
1139 2114 1240 2148 prodiit
1256 2114 1417 2141 Convivium
1439 2114 1644 2143 Methodianum
1666 2123 1701 2143 ex
1714 2116 1806 2144 inter-

1016 2159 1168 2193 pretatione
1182 2159 1256 2187 Petri
1279 2159 1399 2187 Possinii
1417 2170 1423 2187 ε
1441 2162 1485 2187 cui
1516 2166 1693 2189 accesserunt
1718 2163 1806 2191 variae

174 2208 388 2240 commendavit,
404 2211 462 2234 tum
478 2207 610 2235 adversus
635 2208 758 2236 veritatis
785 2208 890 2240 hostes,
905 2212 964 2235 tum
981 2213 1002 2240 ι)
1018 2205 1149 2232 lectiones
1160 2206 1275 2233 ecodice
1301 2206 1495 2239 Mantiniam.
1520 2215 1583 2234 cum
1599 2209 1739 2237 nonnullis
1754 2211 1806 2238 ob-

174 2255 208 2282 ad
225 2262 304 2282 sacra
323 2254 450 2289 dogmata
474 2253 644 2289 exponenda,
660 2259 717 2280 tum
741 2255 822 2281 etiam
851 2254 884 2281 ad
901 2254 965 2282 reli-

176 2301 282 2337 gionem
299 2295 481 2336 pietatemque
496 2300 638 2328 l'ovcndam
647 2306 816 2336 comparata,
826 2301 964 2328 veteribus

181 2346 221 2381 qui
251 2354 283 2374 ea
309 2346 500 2382 perlegerunt,
527 2348 641 2374 summis
670 2347 798 2374 laudibus
827 2347 964 2374 celebrata

174 2389 259 2420 luisse
274 2396 438 2419 noscuntur.
453 2391 541 2426 Atque
553 2392 657 2418 utinam
680 2392 727 2418 illa
747 2396 886 2430 exstarent
902 2400 962 2419 om-

175 2437 236 2464 nia!
254 2437 352 2472 exigua
364 2437 438 2465 enim
455 2441 519 2464 sunt
536 2445 567 2464 ac
592 2438 696 2470 tenuia,
712 2438 734 2465 si
751 2445 836 2464 unum
861 2437 902 2464 vel
921 2438 963 2463 al-

175 2485 264 2509 terum
276 2482 408 2518 excipias,
439 2489 508 2517 quae,
529 2482 586 2510 sive
600 2488 753 2518 temporum
776 2481 887 2516 injuria,
902 2481 959 2508 sive

214 2570 244 2604 (ἰ)
262 2570 362 2606 Ilaron.
376 2571 409 2598 ad
435 2579 501 2598 ann.
517 2570 581 2603 302,
599 2570 613 2606 §
630 2570 664 2597 62
678 2575 704 2598 et
720 2570 746 2597 in
763 2574 820 2598 not.
836 2571 869 2598 ad
887 2569 963 2598 Mar-

177 2606 256 2640 tyrol.
270 2605 347 2641 liam.
364 2606 391 2634 d.
404 2607 437 2633 18
452 2610 511 2641 sept

213 2641 243 2676 (ί)
256 2640 380 2667 llolsten.
409 2640 520 2668 Dissert.
546 2640 578 2666 de
595 2641 642 2668 cit.
658 2645 683 2667 et
703 2641 795 2675 script.
814 2640 960 2676 Porphyr.,

175 2684 235 2703 can.
249 2677 274 2703 5.

209 2684 344 2746 fufium.
359 2710 447 2738 Diatr.
463 2711 494 2738 de
508 2711 636 2741 Met/tod.,
649 2719 674 2745 p.
687 2711 748 2737 5H.

213 2747 243 2781 (ι)
262 2746 339 2773 Voss.
355 2749 392 2772 Ue
409 2746 479 2773 Hist.
499 2746 544 2774 Gr.
566 2747 612 2773 lib.
627 2754 660 2777 ιι,
675 2754 737 2780 cap.
759 2746 802 2777 l6,
817 2753 878 2780 pag.
894 2745 957 2773 245.

212 2781 259 2815 (ιιι)
288 2781 392 2812 l’ears.,
418 2788 480 2815 opp.
498 2782 585 2815 posth.
602 2781 711 2813 chron.,
729 2781 839 2809 dissert.
851 2789 883 2813 tt,
898 2789 957 2816 cap.

177 2816 223 2846 ίῐ),
242 2815 293 2850 ξῦ.
309 2824 333 2850 p.
350 2816 412 2842 363.

213 2857 250 2881 tn;
270 2851 364 2881 liuiplt.
388 2851 458 2877 Ηιίτ.
473 2858 546 2882 thv,
566 2850 579 2883 ᾗ
596 2850 640 2877 65.

1017 2251 1220 2279 servationibus
1234 2250 1264 2278 V.
1276 2251 1307 2280 C.
1323 2251 1435 2279 Henrici
1454 2251 1568 2280 Valesii.
1581 2252 1702 2289 Denique
1714 2254 1804 2283 Fran-

986 2295 995 2303 '
1016 2297 1107 2325 ciscus
1119 2297 1300 2327 Combetlsius
1311 2306 1343 2326 ex
1360 2298 1461 2327 Graecis
1480 2298 1619 2328 Vaticanis
1633 2304 1661 2328 et
1685 2301 1804 2330 Mazari-

1014 2344 1115 2376 nianis,
1134 2352 1239 2371 necnon
1252 2344 1394 2373 Photianis
1418 2347 1565 2381 excerptis,
1582 2347 1689 2375 collatis
1719 2349 1803 2376 etiam

1014 2390 1105 2417 Allatii
1120 2395 1147 2417 et
1163 2390 1281 2418 Possinii
1299 2392 1483 2423 versionibus,
1498 2392 1570 2419 idem
1596 2401 1666 2428 opus
1689 2401 1802 2422 rursum

1014 2435 1100 2462 edidit
1113 2435 1228 2463 Parisiis
1243 2444 1316 2463 anno
1330 2436 1411 2469 1672,
1442 2442 1524 2472 atque
1551 2442 1626 2466 tomo
1643 2440 1652 2466 Ι
1676 2439 1804 2468 Auctarii

1015 2482 1150 2508 novissimi
1158 2482 1319 2510 bibliothecis
1333 2482 1442 2510 Patrum
1451 2483 1577 2512 intexuit.

1049 2568 1085 2604 (ο)
1100 2568 1209 2606 liieron.
1221 2569 1366 2598 Comment.
1387 2571 1413 2598 in
1429 2571 1509 2605 Dan.,
1522 2579 1656 2606 cap..xttt.

1048 2603 1084 2639 (ρ)
1101 2603 1140 2641 id.
1156 2606 1193 2631 lJe
1207 2606 1255 2632 vir.
1269 2606 1321 2638 ιιι,
1333 2613 1392 2641 cap.
1408 2607 1452 2634 85.

1051 2641 1087 2674 (ιι)
1103 2639 1209 2675 Possin.
1230 2641 1332 2675 praéfat.
1347 2639 1381 2669 ad
1397 2642 1514 2669 Method.
1528 2641 1636 2669 Conviv.

1011 2678 1083 2718 __(r)
1099 2674 1188 2703 Vales.
1204 2674 1238 2702 ad
1252 2676 1351 2704 Euseb.
1366 2677 1438 2704 Ηὶδι.
1453 2678 1517 2704 eccl.
1534 2678 1582 2705 lib.
1596 2685 1634 2710 vt,
1646 2686 1707 2714 cap.
1723 2679 1758 2706 2t
1773 2684 1800 2707 et

1011 2719 1056 2737 θο.

1047 2745 1081 2784 (δ’)
1096 2743 1293 2784 iiierpn._lih.t
1304 2747 1397 2775 Contr.
1412 2747 1540 2784 Ruﬁn.,§
1558 2749 1602 2777 Η.

1045 2782 1076 2814 (ι)
1095 2779 1200 2807 l’ossin.
1218 2781 1235 2808 Ι.
1252 2788 1276 2808 c.

1046 2814 1201 2855 (uu)_§l_arau.
1213 2816 1301 2844 Dicin.
1314 2818 1348 2845 ο.
1367 2817 1404 2845 1V.
1419 2818 1495 2847 J.-C.
1508 2819 1556 2847 lib.
1574 2828 1611 2854 tv,
1625 2827 1685 2854 cap.
1708 2819 1754 2853 2|,
1769 2827 1796 2855 p.

1009 2849 1138 2877 525-554.
