1908 3078
103 146 132 173 l5
830 147 976 175 NOTlTlA.
1672 151 1705 174 Η

134 201 162 228 Et
185 201 254 228 hanc
278 201 391 236 quidem
423 201 656 230 Combeﬁsianatn
672 202 778 231 ἔκδοσιν
803 205 875 240 typis
891 207 912 235 Α
928 205 981 240 logi
1007 205 1160 240 composuit
1189 210 1299 234 sanctus
1327 205 1418 239 Pater,
1446 207 1651 242 inscripsitque,
1677 211 1705 234 ut

103 247 272 275 excutiendam
285 248 456 276 curavimus.
472 248 565 284 Neque
590 249 661 276 enim
677 253 769 276 actum
785 251 873 285 egisse

102 294 198 320 videtur
209 293 251 320 vir
262 293 372 325 doctus,
385 293 433 329 qui
456 295 539 322 semel
564 295 716 330 iterumque
736 295 873 331 vulgatum

101 340 222 371 libellum,
238 348 310 367 novo
326 341 403 368 cultu
415 341 562 376 expolitum
579 342 793 376 repraesentavit.
809 341 874 376 Ejus

99 390 181 414 autem
195 386 400 418 adnotationes,
417 395 477 422 quae
488 387 521 413 ad
538 388 628 422 operis
652 389 752 416 calcent
771 388 874 415 incom-

99 433 167 460 mode
185 433 354 467 legebautur,
374 434 459 460 textui
474 434 640 468 subjecimus
662 442 713 461 tina
732 442 793 461 cutn
804 434 873 462 scle-

98 480 222 507 ctioribus
246 479 403 508 Valesianis
426 490 432 508 :
460 481 493 509 ad
520 483 598 509 ﬁnem
626 490 692 508 vero
709 482 873 509 attexuituus

97 534 155 562 quas
167 526 313 553 adornavit
324 527 451 559 Allatius,
466 535 512 555 eas
528 527 554 554 in
572 531 711 560 contextu,
730 528 853 563 apposito
864 530 872 537 ‘

96 572 251 599 indicantes.
278 572 403 607 Denique
430 580 484 608 quo
509 572 615 600 facilior
630 574 720 608 operis
745 574 824 600 lectio
847 577 873 601 et

95 625 154 645 usus
169 617 309 648 evaderet.
326 626 549 654 unamquamque
560 620 710 647 orationem
728 619 874 647 Methodia-

95 672 149 690 nam
166 672 263 691 sumus
275 665 303 691 in
320 665 411 692 varias
422 666 557 693 scclioues
572 666 675 700 partiti.
692 673 807 700 quarum
831 666 873 692 itt-

94 714 191 744 tegrum
223 715 404 746 conspectum
437 719 487 747 pro
509 720 584 739 ntere
615 716 710 739 nostro
742 711 867 739 subdidi-

93 763 155 782 mus.

123 801 164 828 ιν.
177 802 238 829 1am
253 811 320 831 vero
338 803 444 839 reliqua
465 803 636 831 Methodiana
654 811 798 832 recensere
814 812 873 839 pro-

91 856 243 883 sequamur,
256 857 290 876 ex
313 850 388 877 edito
415 850 613 878 Combcﬁsiauo
638 850 752 878 Parisiis
771 851 797 878 in
813 851 870 877 vul-

90 903 133 929 gus
156 895 259 923 emisso
281 903 354 923 anno
368 896 438 924 16H
463 897 586 932 repetita.
613 897 765 924 Convivium
780 897 871 932 itaque

90 941 171 968 decem
185 943 318 977 virginum
334 944 434 979 exeipit
446 944 514 971 liber
527 943 564 970 De
595 944 675 970 libero
694 943 807 970 arbitrio
820 944 870 970 ad-

90 995 178 1015 versus
207 987 418 1018 Yai‘entinianos
448 990 476 1017 in
506 989 600 1025 primis
613 993 640 1017 et
661 989 869 1024 0rigenem;ad

90 1040 162 1070 quem
174 1035 275 1063 doctus
292 1035 380 1062 editor
396 1035 447 1062 ista
464 1035 592 1070 pariatur
610 1034 647 1071 (υ)
663 1044 692 1062 :c
706 1034 817 1066 Damus,
828 1035 870 1061 in-

90 1083 150 1117 quit.
166 1081 220 1110 hoc
235 1090 307 1113 opus
322 1089 390 1116 pene
410 1083 556 1116 integrum,
574 1081 664 1108 tribus
680 1088 727 1108 seu
746 1079 870 1114 partibus

89 1137 130 1156 seu
146 1130 286 1164 excerptis
296 1133 468 1164 congestum.
486 1128 633 1155 Exordium
657 1128 870 1162 nonnullamque

88 1180 186 1210 partem
202 1177 328 1210 corporis
345 1175 466 1203 ediderat
479 1175 597 1202 Joannes
610 1174 743 1202 Meursius
755 1174 805 1208 (π),
819 1181 868 1201 cett

87 1222 182 1249 librum
200 1223 349 1257 integrum,
366 1230 400 1249 ne
417 1222 511 1248 leviter
539 1221 647 1255 quidem
669 1220 807 1247 insinuato
821 1219 869 1246 dc-

87 1267 165 1300 l‘ectn,
181 1276 264 1303 quem
277 1269 375 1295 titulus
389 1268 457 1296 satis
470 1268 611 1302 arguebat.
639 1266 706 1293 Nam
722 1266 790 1293 nihil
809 1269 868 1293 erat

87 1319 138 1342 tota
157 1316 285 1342 oratione
304 1314 338 1342 de
355 1314 441 1341 libero
465 1313 589 1345 arbitrio,
605 1313 685 1347 cujus
703 1313 746 1340 ille
769 1317 869 1340 tracta-

86 1361 184 1388 tionem
197 1361 347 1388 indicabat.
362 1358 477 1394 Reliqua
497 1358 610 1386 mutuati
629 1366 724 1386 sumus
744 1366 777 1386 ex
797 1358 867 1384 Pho-

85 1406 163 1432 tianis
179 1406 228 1441 (υ),
245 1409 361 1439 excepto
376 1404 484 1439 egregio
496 1404 551 1435 illo,
567 1404 601 1430 ad
616 1403 706 1434 ﬁnem,
726 1407 866 1438 excerpto,

88 1451 118 1478 de
129 1451 188 1486 ipso
207 1458 305 1478 revera
331 1450 417 1477 libero
429 1449 552 1481 arbitrio,
567 1449 639 1484 quod
655 1449 687 1475 R.
703 1448 733 1475 Ρ.
748 1448 867 1476 Jacobus

85 1495 245 1524 Sinnondus
264 1498 292 1523 S.
309 1496 333 1523 J.
351 1496 548 1524 humanissime
573 1495 702 1523 utendum
718 1495 802 1527 dedit,
819 1503 867 1522 ett-

84 1543 125 1577 jus
147 1544 230 1570 etiam
257 1541 371 1569 Pbotius
399 1542 514 1577 paucula
537 1541 730 1576 exscripserat.
760 1546 787 1568 et
812 1548 866 1574 quo

83 1587 187 1614 videtur
214 1586 368 1614 Metltodius
394 1586 527 1614 clausisse
554 1586 652 1613 librqu
681 1586 782 1619 istum;
811 1586 865 1613 nisi

83 1632 149 1660 forte
175 1633 315 1668 aliquibus
329 1633 429 1660 additis
454 1633 487 1660 ad
505 1638 643 1664 ornatum,
664 1640 725 1667 qua:
739 1631 864 1664 Photius,

83 1679 130 1705 soli
147 1679 281 1706 doctrina
304 1679 427 1711 studens,
454 1687 508 1706 non
533 1679 706 1707 delibaverit.
730 1677 865 1706 Nonnulla

82 1725 252 1753 oﬂenderunt
267 1726 296 1753 in
313 1726 462 1760 interprete
488 1725 596 1759 Photii;
620 1730 649 1752 ιιι
672 1726 772 1752 l‘ueriut
783 1726 864 1752 etiam

83 1772 139 1806 ejus
165 1771 200 1799 de
228 1771 336 1806 integro
363 1772 516 1805 reddenda;
543 1776 570 1799 et
596 1780 651 1807 quo
676 1772 757 1799 etiam
770 1772 864 1799 eodetu

83 1818 147 1854 style
163 1818 323 1852 interpretis
337 1818 496 1845 decurreret
507 1823 562 1845 tota
577 1819 674 1846 oratio.
696 1828 706 1844 ι
727 1817 864 1845 Hactenus

84 1865 134 1892 ille.
150 1865 200 1892 Est
212 1869 303 1892 autent
317 1865 388 1892 liber
403 1865 559 1899 huiusmodi
572 1864 606 1892 ad
635 1865 749 1892 formam
763 1865 863 1900 dialogi

84 1912 253 1947 conscriptus
277 1911 351 1938 inter
375 1910 595 1939 Valentinianum
611 1915 639 1938 et
665 1911 862 1943 Orthodoxum,

83 1965 158 1994 super
172 1959 350 1986 vexatissima
366 1960 516 1993 quaestione
532 1959 563 1985 de
577 1959 676 1993 origine
686 1958 765 1985 mali:
781 1958 864 1985 adco-

85 2013 141 2041 qne.
155 2013 211 2041 quo
232 2005 336 2033 clarius
359 2005 492 2032 orationis
522 2009 666 2033 contextus
684 2004 820 2040 precedat,
835 2004 862 2031 in

82 2052 194 2080 editione
208 2057 304 2079 nostra
315 2059 448 2087 personas
464 2051 649 2085 colloquentes
660 2051 836 2078 distinximus
853 2059 860 2077 :

82 2097 232 2126 Combeﬁsii
242 2098 460 2129 observationes,
469 2106 528 2132 qua:
541 2098 657 2132 primum
672 2098 774 2132 longea
786 2099 862 2123 textu

81 2140 226 2173 distabant,
243 2142 303 2169 suis
331 2149 456 2177 quasque
479 2142 547 2169 locis
561 2142 743 2173 restituimus,
759 2141 861 2168 notulis

81 2188 215 2214 nonnullis
229 2187 330 2215 alicubi
345 2188 489 2222 iuspersis.
509 2187 586 2220 Quod
609 2188 717 2223 quidem
734 2191 761 2215 et
776 2188 803 2214 in
818 2195 856 2214 re-

925 250 1041 283 videtur,
1057 250 1206 286 Tlteophilo
1223 253 1342 283 cuidam.
1358 261 1438 288 quem
1454 253 1597 289 κράτιστον
1611 253 1704 289 appel-

925 297 963 322 lat
994 297 1032 332 (n)
1073 297 1100 324 In
1126 306 1158 324 co
1182 303 1270 326 autem
1306 299 1472 326 indttcuntttr
1498 299 1651 327 Methodius
1678 304 1705 327 et

925 341 1075 369 Auxentius
1093 351 1153 370 cum
1173 343 1334 379 Origeuistis
1356 344 1452 372 Proclo
1473 350 1499 373 et
1518 346 1705 382 Aglaophonte

925 388 1108 423 colloquentes
1125 397 1171 416 sett
1188 389 1366 424 dispulantcs.
1380 390 1439 417 1am
1452 391 1496 418 diu
1509 399 1632 427 magnam
1642 399 1706 427 par-

925 438 978 460 tem
995 434 1152 469 deperditus
1162 434 1285 470 dialogus
1298 436 1358 463 iste.
1374 436 1438 470 Ejus
1453 441 1541 464 tamen
1552 438 1705 473 fragmenta

925 481 994 507 satis
1011 482 1099 516 ampla
1111 485 1219 508 exstant
1233 487 1288 508 tum
1304 483 1375 517 apud
1386 482 1563 517 Epiphanium
1579 484 1628 519 (ὁ),
1647 489 1705 511 tum

924 527 994 561 apud
1010 526 1135 554 Photium
1154 528 1200 563 (ε),
1219 528 1265 562 qui
1282 533 1308 555 et
1331 536 1364 555 ex
1382 529 1476 556 eodem
1493 536 1575 564 opere
1588 538 1707 566 compen-

924 573 1027 600 diosant
1042 574 1229 607 expositionem
1244 575 1375 602 dictorum
1391 577 1565 610 quorumdam
1577 578 1704 611 apostoli-

924 628 1024 651 corunt,
1058 619 1193 648 Methodio
1222 629 1284 648 vere
1317 621 1438 656 dignam,
1473 623 1554 650 nobis
1576 625 1704 652 servavit.

924 665 1057 692 Nonnulla
1075 666 1138 692 item
1158 666 1229 701 aptul
1244 666 1376 694 Joannem
1394 667 1590 696 Damascenum
1607 668 1705 706 (d)oc-

923 716 1046 738 currunt.
1062 711 1144 738 Plura
1157 712 1190 740 de
1202 712 1252 739 hoc
1268 721 1349 748 opere
1367 714 1472 742 erudite
1489 715 1615 742 observat
1632 716 1706 742 Alla-

923 758 976 784 tius
994 757 1038 792 (ε).

958 804 1068 831 lnteritn
1095 812 1160 831 vero
1186 813 1266 839 quem
1294 805 1433 840 sequimur
1461 807 1591 835 editorem
1611 809 1706 837 audia-

923 857 984 877 mus
1004 850 1047 884 (l).
1068 860 1077 875 ι
1099 850 1270 886 Quanquam,
1292 852 1391 886 inquit,
1417 853 1552 881 insidebat
1584 855 1704 887 animus,

923 899 952 922 ut
968 895 1139 923 Methodiana
1154 898 1244 925 omnia
1262 898 1417 933 Epiphanii,
1431 907 1492 926 eum
1513 901 1575 928 aliis
1589 909 1650 936 qua
1661 909 1705 930 ocv

922 943 1206 977 eurrissentejusdem
1229 943 1367 976 lilethodii,
1389 945 1415 972 in
1436 954 1520 974 ttnttm
1550 952 1704 983 comporta-

921 995 989 1021 rem,
1004 990 1219 1024 nonnullamque
1234 990 1260 1016 in
1275 991 1316 1017 eis
1333 992 1504 1026 corrigendis
1520 1001 1579 1028 quae
1607 994 1704 1030 depra~

921 1037 982 1059 vata
998 1034 1143 1060 admodum
1175 1034 1306 1066 viderem,
1323 1042 1432 1070 operam
1461 1043 1601 1071 ponerent,
1620 1038 1704 1065 inire-

921 1080 958 1114 git
974 1083 1062 1107 tamen
1075 1086 1200 1107 conatum
1213 1080 1303 1115 inopia
1313 1081 1454 1108 meliorum
1468 1082 1604 1114 codicum.
1621 1091 1702 1119 quam

920 1126 1022 1160 quibus
1041 1131 1114 1153 esset
1131 1134 1197 1153 usus
1213 1127 1391 1161 politissimus
1413 1127 1547 1163 interpres
1559 1128 1704 1164 Epiphanii

920 1171 1048 1200 Petavius
1058 1172 1086 1199 S.
1099 1172 1136 1204 J.,
1154 1181 1241 1208 eoque
1252 1173 1320 1200 satis
1333 1181 1348 1201 e
1360 1181 1389 1201 re
1402 1173 1536 1202 facturum
1559 1175 1634 1208 duxi,
1647 1184 1703 1204 mo-

919 1217 955 1244 do
972 1225 1002 1245 ea
1021 1222 1126 1245 tantum
1141 1226 1173 1245 ex
1195 1217 1265 1244 libro
1279 1218 1324 1245 illo
1351 1217 1388 1245 De
1407 1219 1607 1252 resurrectione,
1620 1227 1702 1255 quem

919 1265 1030 1292 circiter
1041 1264 1159 1291 medium
1179 1264 1361 1298 exscripsisse
1370 1272 1400 1292 se
1419 1265 1478 1300 ipse
1493 1265 1628 1300 signiﬁcat
1637 1266 1703 1302 Epi-

919 1311 1036 1346 phanius
1065 1310 1098 1337 ad
1124 1310 1214 1342 ﬁnem,
1234 1311 1267 1338 de
1284 1318 1354 1337 novo
1381 1311 1500 1343 ederent,
1516 1319 1577 1346 quae
1604 1313 1647 1340 vel
1661 1319 1705 1340 esv

919 1361 980 1383 sent
996 1364 1065 1383 nova
1083 1361 1110 1384 et
1134 1356 1276 1387 ἀνέκεοτα,
1291 1356 1333 1383 vel
1363 1360 1392 1382 ut
1412 1364 1493 1388 nova.
1512 1357 1705 1386 emendatione

919 1406 1009 1429 textus
1025 1409 1075 1436 ope
1091 1401 1217 1428 codicum
1243 1401 1398 1433 meliorum,
1425 1408 1549 1436 novaque
1569 1403 1702 1437 quodam-

919 1448 1010 1478 modo,
1037 1446 1260 1480 interpretatione
1272 1450 1377 1477 nostra,
1395 1445 1481 1473 videri
1504 1450 1625 1481 possent.
1645 1446 1702 1474 Du—

918 1494 980 1529 plici
997 1493 1030 1520 ad
1046 1493 1097 1520 hoc
1111 1493 1204 1520 t-odiee
1213 1492 1254 1519 usi
1270 1500 1376 1525 sumus,
1392 1493 1478 1520 altero
1493 1494 1702 1522 eminentissimi

918 1539 1066 1566 cardinalis
1094 1538 1288 1574 Rupil’ucaldii,
1309 1547 1363 1573 qtto
1392 1539 1487 1574 grandi
1504 1540 1642 1568 volumine
1668 1548 1702 1568 ac

918 1586 1078 1620 perantiqtto
1095 1586 1228 1612 habentur
1255 1585 1391 1612 Elenteula
1419 1585 1598 1619 Damascetti;
1614 1587 1702 1614 altero

918 1631 950 1659 lt.
968 1631 999 1658 P.
1018 1631 1157 1658 Sirmondi
1183 1630 1249 1658 S.J.
1267 1636 1292 1658 et
1315 1631 1375 1666 ipso
1400 1631 1522 1666 antiquo,
1554 1632 1701 1661 collectore

918 1685 1053 1713 anonymo
1080 1677 1211 1704 adversus
1237 1676 1431 1712 Eutychianos,
1458 1685 1507 1705 sua
1531 1678 1592 1713 ipso
1617 1686 1700 1706 manu

915 1724 1089 1752 exscribeute
1103 1723 1303 1758 humaniusque
1320 1728 1490 1758 suggerente,
1505 1731 1554 1761 pro
1570 1731 1619 1751 sua
1642 1725 1701 1759 illa,

916 1771 990 1798 omni
1009 1770 1091 1797 modo
1103 1770 1272 1797 illustrande
1287 1770 1458 1805 antiquitatis
1484 1778 1534 1798 suo
1555 1771 1699 1806 alienoque

888 1815 892 1819 ’
915 1817 1021 1845 calamo
1035 1837 1044 1850 ,
1067 1822 1162 1852 vegeta
1191 1817 1219 1843 in
1248 1816 1326 1844 senili
1342 1824 1456 1851 corpore
1473 1819 1666 1852 propensione.
1685 1827 1699 1845 ι

914 1862 999 1890 Porro
1023 1862 1094 1890 idem
1110 1862 1208 1893 editor,
1224 1862 1255 1889 ad
1272 1866 1400 1897 excerpta
1420 1862 1551 1890 Photiana
1565 1864 1637 1899 quod
1658 1868 1702 1891 at-

914 1909 995 1943 tinet,
1027 1909 1084 1936 hmc
1110 1908 1201 1936 subdit
1216 1908 1272 1943 (g):
1301 1918 1310 1934 ι
1338 1908 1485 1936 Videamur
1512 1909 1582 1937 forte
1607 1914 1699 1938 actum

914 1961 1004 1989 agere,
1017 1954 1062 1988 qui
1076 1953 1248 1980 Methodiana
1265 1953 1322 1980 hac
1337 1953 1393 1987 jam
1421 1954 1494 1985 data,
1509 1954 1575 1982 dare
1598 1955 1700 1982 iterttm

912 2007 1102 2035 procurantus.
1133 1999 1226 2028 Fuerit
1255 2001 1450 2033 nihilominus,
1477 2006 1507 2029 ut
1531 2003 1698 2032 accuratiori

913 2053 1004 2081 opera,
1033 2046 1122 2081 qualis
1139 2046 1196 2074 fere
1215 2050 1257 2074 est
1287 2048 1411 2083 angustis
1439 2049 1562 2077 terminis
1573 2049 1698 2084 deﬁnita,

912 2093 975 2120 novi
986 2093 1087 2128 aliquid
1105 2093 1266 2120 illustraudo
1291 2093 1427 2122 Methodio
1443 2099 1549 2128 nostro,
1580 2097 1642 2124 aliis
1655 2098 1696 2124 vel

912 2140 1033 2174 neglecta
1060 2139 1101 2167 vel
1125 2141 1217 2167 minus
1241 2145 1394 2175 perspecta,
1422 2141 1475 2169 alio
1502 2141 1697 2170 festinantibus

912 2184 1099 2219 grandiusque
1115 2185 1292 2213 molientibus
1305 2193 1384 2221 opus.
1403 2186 1585 2215 inveniamus.
1603 2189 1698 2223 Itaque

80 2232 157 2267 liquis
166 2241 216 2260 nos
231 2233 404 2268 przestitisse.
424 2233 468 2260 hic
482 2234 566 2261 semel
578 2234 716 2260 indicasse
734 2233 858 2260 sulﬁt-iat.
877 2238 897 2264 ο
913 2237 1009 2257 novam
1037 2231 1192 2258 versionem
1218 2230 1294 2266 (num
1308 2238 1367 2258 eam
1385 2232 1520 2265 inutilem,
1546 2233 1592 2260 alii
1609 2241 1637 2261 re
1652 2233 1695 2260 in-

112 2277 143 2306 ν.
156 2279 317 2314 Sequuntur
332 2284 460 2313 excerpta
474 2287 506 2307 ex
527 2279 596 2306 libro
615 2279 652 2306 De
669 2279 859 2306 resurrectione

79 2329 168 2351 contra
185 2325 341 2361 Origenem,
360 2333 441 2361 quem
462 2329 576 2353 sanctus
596 2325 777 2361 Hieronymus
795 2332 857 2358 opus

79 2372 204 2405 wregium
221 2371 349 2407 appellat.
366 2371 505 2399 Laudatur
518 2371 586 2398 etab
599 2371 742 2398 Eustathio
767 2370 858 2398 Antio-

79 2417 160 2445 cheno
182 2418 226 2445 bis
251 2418 341 2445 verbis
354 2417 390 2453 (ι)
407 2427 414 2445 :
440 2417 570 2449 Μεοόδιος
586 2417 599 2443 ὁ
613 2418 662 2452 τῆς
685 2416 764 2450 ἁγίας
784 2416 857 2448 ἄξιος

81 2465 193 2499 μνήμης,
208 2464 326 2500 ἔγραψεν
337 2462 520 2498 ἀποχρώντως
533 2464 573 2495 εἰς
586 2463 643 2489 τόδε
662 2462 693 2488 τὸ
705 2462 835 2498 θεώρημα
847 2482 854 2494 ,

79 2518 104 2536 κ.
115 2519 138 2537 τ.
151 2510 177 2537 λ.
193 2510 222 2537 Id
233 2515 287 2541 est,
308 2510 406 2537 Allatio
416 2510 561 2544 interprete
579 2519 589 2534 ι
604 2518 610 2536 2
626 2508 778 2536 Methodius
791 2516 855 2535 san-

78 2558 123 2582 cta
140 2556 278 2582 memoria:
298 2555 325 2582 iu
341 2554 408 2582 illud
419 2555 562 2589 quaesitum
579 2554 646 2582 satis
662 2554 769 2582 abunde
784 2554 853 2581 scri-

78 2601 136 2635 psit,
155 2611 165 2628 »
182 2605 236 2629 etc.
255 2601 287 2628 Et
303 2601 376 2628 hunc
384 2609 494 2636 quooue
512 2601 609 2628 librum
624 2600 658 2628 ad
672 2600 787 2628 formam
800 2600 855 2627 dia-

120 2669 142 2704 ν)
152 2669 275 2697 Combel'.
286 2668 314 2696 in
330 2673 388 2696 not.
402 2669 434 2696 ad
446 2668 574 2699 Method.,
587 2677 616 2703 p.
629 2669 694 2696 ΜΩ.

119 2707 145 2738 π)
162 2705 261 2733 Meurs.
276 2706 303 2732 in
324 2704 428 2732 ναι-ἕω.
444 2705 523 2731 divin.
540 2705 618 2732 libro.

108 2741 143 2775 (y)
158 2740 234 2767 Phol.
246 2740 316 2767 Bibl.
335 2740 397 2767 cod.
414 2747 539 2767 ccxxxvt.

108 2775 143 2810 (2)
158 2776 280 2804 Eustatlt.
296 2775 336 2802 De
350 2780 478 2810 erigitur"
494 2783 520 2810 p.
536 2775 597 2810 5947.

77 2807 142 2872 593a)
153 2811 269 2839 Method.
285 2812 358 2846 apud
369 2807 550 2846 Epiph.,6pp.
564 2809 629 2838 tom.
642 2810 662 2844 Ι,
678 2819 704 2846 p.
714 2809 775 2842 540.
788 2809 850 2842 56?,

106 2881 140 2912 (lt)
154 2881 248 2915 Epiph.
262 2881 340 2909 Hier.
356 2889 429 2908 thv.

913 2279 1005 2310 specta
1033 2277 1192 2312 collatisque
1214 2277 1342 2305 omnibus
1358 2279 1528 2314 censuerint)
1541 2279 1574 2306 ad
1599 2279 1693 2306 Graeca

911 2329 1117 2357 componemus,
1147 2323 1316 2358 subindeque
1343 2325 1508 2356 notabimus.
1521 2325 1543 2352 si
1572 2325 1636 2360 quid
1660 2333 1692 2354 ex

911 2369 983 2400 aliis,
997 2369 1148 2404 prmsertim
1163 2369 1431 2403 Methodianis,lucis
1445 2371 1546 2406 aliquid
1560 2379 1593 2398 ex
1609 2371 1693 2399 colla~

909 2414 984 2441 tione
1001 2414 1096 2442 aﬂ‘erre
1107 2415 1202 2449 possit.
1220 2415 1355 2444 Habemus
1369 2417 1607 2451 praeterimpressa
1622 2417 1694 2445 Pho-

909 2461 952 2492 tii,
978 2461 1060 2488 etiam
1089 2462 1226 2496 exscripta
1245 2463 1314 2489 "olim
1328 2462 1388 2490 aR.
1404 2462 1435 2490 P.
1457 2462 1614 2495 Sirmondo,
1632 2471 1693 2499 qua:

908 2507 1015 2541 possint
1031 2507 1093 2534 usui
1107 2515 1180 2535 esse.
1197 2517 1208 2533 ι

945 2552 1002 2580 liuc
1016 2561 1102 2588 usque
1114 2553 1296 2582 Combeﬁsius
1309 2564 1316 2581 τ
1332 2554 1377 2589 qui
1395 2554 1524 2590 deinceps
1539 2556 1630 2584 nobile
1644 2565 1692 2584 ex-

907 2603 1030 2634 cerptum
1045 2607 1078 2627 ex
1091 2599 1186 2627 eodem
1203 2600 1273 2627 libro
1287 2600 1325 2626 De
1342 2602 1540 2632 resurrectione,
1562 2601 1691 2637 deprom-

956 2669 979 2697 ε)
997 2668 1075 2695 Phot.
1099 2669 1167 2695 Bibl.
1188 2668 1249 2696 cod.
1266 2676 1391 2696 ccxxxrv.

956 2671 979 2697 c)
998 2671 1075 2695 Pliot.
1099 2671 1167 2695 Bibl.
1188 2671 1249 2696 cod.
1266 2676 1391 2696 ccxxnv.

943 2671 1071 2765 ξιέόιοωι.
1089 2703 1213 2732 Damasc.
1237 2711 1308 2732 orat.
1322 2705 1339 2731 5
1355 2704 1393 2731 De
1406 2705 1526 2740 imagin,
1541 2714 1603 2742 opp.
1620 2712 1641 2735 t.
1653 2705 1687 2739 V,

906 2746 1069 2809 ν’(ἶῖἒιιίιι,
1094 2773 1179 2801 Dialr.
1203 2776 1234 2802 de
1263 2775 1379 2803 Met/md.
1414 2777 1505 2810 script.
1525 2786 1586 2814 pag.
1615 2777 1688 2809 554,

904 2816 1109 2882 “member.
1129 2845 1226 2882 in_n9t.
1245 2846 1277 2873 ad
1291 2846 1408 2874 Method.
1423 2855 1448 2882 p.
1465 2847 1528 2874 tta.

941 2881 976 2914 (g)
994 2879 1062 2906 ibid.
1080 2887 1139 2916 pag.
1155 2879 1216 2906 41x2.
