1908 3078
180 171 212 198 15

179 235 255 265 ptum
270 236 286 256 e
299 227 401 256 Catena
428 223 638 253 eminentissimi
663 222 811 251 cardinalis
826 219 956 248 Mazarini
971 223 994 251 Λ

179 279 207 303 et
219 273 394 304 Corderiana.
415 271 511 299 Latine
527 270 646 306 vulgavit
657 269 696 306 (It)
723 269 752 296 in
775 275 824 296 sua
855 267 957 295 Biblio—

181 321 253 348 theca
264 318 468 350 concionatort'a,
479 316 595 349 tom..li,
611 323 671 351 pag.
688 315 752 347 265,
766 322 836 349 seq.,
855 320 908 348 qua
926 312 960 339 de

180 376 210 396 re
230 367 343 403 ipsemet
358 365 521 393 mentionem
546 363 633 398 injicit
663 363 691 390 in
705 362 839 390 recensitis
866 365 959 388 aucto-

180 413 251 440 ribus
268 411 390 446 ejusdem
399 410 575 442 Bibliothecm,
589 414 655 436 tom.
671 408 692 441 1,
708 417 769 444 pag.
786 407 830 435 50.
845 406 874 434 ld
885 414 961 434 emo—

182 458 293 486 lumenti
316 465 372 492 pne
396 455 501 483 caeteris
525 463 557 482 ex
575 454 706 489 praeclaro
723 454 776 481 isto
809 453 960 488 fragmento

181 511 320 538 emergere
334 502 471 534 novimus,
487 500 558 537 quod
574 508 606 527 ex
632 507 663 527 eo
675 499 788 527 alterius
799 498 851 526 loci
866 497 961 524 αὐθεν-

180 549 226 576 τία
256 547 442 579 conﬁrmatur,
459 554 474 572 a
500 545 603 573 Joanne
634 544 801 572 Damasceno
819 543 895 570 relati
908 542 959 577 (i):

183 595 327 629 utrobique
341 594 414 621 enim
441 598 552 621 sanctus
566 592 611 619 ille
636 596 738 626 martyr
753 589 905 625 dogmatice
921 596 964 616 ar-

182 641 240 677 guit
254 648 268 668 a
280 640 432 676 principum
449 638 481 665 ad
493 646 585 666 sacras
601 637 741 672 imagines,
751 640 781 663 ut
790 636 817 663 in
828 636 960 670 utrisque,

182 686 281 713 honori
295 685 337 712 vel
350 683 519 711 contumelia:
530 683 661 710 habeatur
667 685 829 717 prototypon
837 685 862 708 et
873 688 963 709 exem-

182 731 242 766 plar
259 739 267 758 :
285 730 375 757 verbis
389 733 453 756 utor
462 728 573 756 editoris
583 729 671 756 nostri
684 728 717 755 ad
732 727 808 763 prius
829 727 963 763 fragmen-

183 781 241 803 tum
260 775 454 803 eDamasceno
484 774 665 809 desumptum.
689 773 765 807 Quod
783 773 890 809 quidem
917 780 963 800 ea-

183 826 294 857 propter
306 821 466 849 observasse
477 821 606 856 oportuit,
622 824 651 848 ut
683 819 861 855 improvidam
872 819 962 846 homi-

184 869 227 895 nis
242 868 398 896 heterodoxi
414 867 446 903 (j)
463 874 606 894 censuram
621 867 797 898 dilueremns,
812 864 859 901 qui
873 872 907 892 ne
919 872 964 893 sa-

634 164 663 192 S.
685 160 884 190 METEODIUS
900 157 1088 187 EPISCOPUS
1107 156 1150 184 ET
1171 154 1327 183 MARTYR.

1758 149 1791 175 16

1008 218 1110 253 effugit.
1127 216 1165 243 Ex
1182 214 1355 242 Mcthodiano
1371 218 1495 239 sermone
1514 209 1553 237 De
1567 207 1729 244 martyribus
1746 214 1794 234 cx-

1012 264 1085 291 hibet
1101 261 1168 289 illud
1179 259 1365 287 Theodoretus
1375 257 1421 292 (q).

1046 308 1187 337 Accedunt
1211 306 1332 340 ejusdem
1359 302 1486 330 Methodii
1508 301 1627 329 homilize
1640 299 1711 329 dum,
1725 305 1796 332 qna-

1013 364 1072 384 rum
1089 356 1184 386 altera,
1199 353 1237 380 De
1248 352 1374 387 Symeone
1389 350 1509 382 ctAnna,
1525 355 1574 383 quo
1585 347 1626 373 die
1637 346 1751 372 Domino
1767 344 1795 370 in

1014 401 1108 436 templo
1133 403 1319 431 occurrerunt,
1342 396 1516 428 inscribitur;
1536 394 1632 425 altera,
1652 391 1685 419 In
1704 397 1797 418 ramos

1015 435 1179 475 Palrmarum.
1198 445 1232 472 Et
1249 444 1282 471 ad
1296 451 1342 471 eas
1371 441 1480 478 quidem
1495 441 1552 467 hac
1566 439 1645 466 habet
1659 435 1798 465 Combeii-

1015 493 1071 521 sius
1087 492 1120 527 (r)
1141 501 1146 519 :
1165 500 1173 517 ι
1192 490 1348 518 Orationem
1365 489 1392 515 in
1409 487 1570 523 Symeonem
1591 487 1618 511 et
1646 483 1752 511 Annam
1769 481 1797 508 in

1015 538 1058 566 die
1071 537 1220 568 Occursus,
1235 535 1371 570 vulgatam
1389 533 1505 568 primum
1517 532 1598 558 Petro
1612 529 1739 560 Pantino,
1753 533 1798 553 re-

1015 588 1219 620 praesentamus,
1237 581 1372 614 simulque
1385 578 1476 613 aliqua
1495 577 1522 604 in
1543 576 1616 603 notis
1628 574 1796 604 indicamus,

1015 619 1114 666 quibus
1130 630 1162 657 ad
1175 636 1271 656 novam
1288 627 1437 655 versionem
1466 629 1528 660 post
1551 623 1624 649 illam
1654 619 1799 648 Pantinia-

1015 664 1077 705 nam
1091 676 1194 703 inducti
1208 681 1312 702 sumus.
1343 672 1410 699 Esse
1427 673 1517 697 autem
1541 668 1661 703 ejusdem
1694 664 1798 692 oratio—

1015 731 1076 750 nem
1093 722 1163 749 hanc
1176 718 1429 748 luculentissimam,
1445 715 1523 749 cujus
1541 717 1603 741 sunt
1624 710 1799 747 Symposium

1016 767 1047 794 de
1059 767 1189 798 castitate,
1205 768 1232 792 et
1243 762 1370 790 Mcthodii
1387 759 1459 788 illitis
1474 758 1642 794 Origenianis
1656 755 1800 784 erroribus

1017 811 1204 842 infensissimi,
1219 811 1277 845 ipse
1292 813 1385 836 auctor
1399 807 1465 834 sat-is
1479 804 1613 840 expressit
1626 803 1672 839 (δ),
1688 807 1719 829 ιιι
1736 801 1799 829 nul-

1017 860 1060 886 lus
1074 859 1110 886 sit
1125 856 1266 884 dubitandi
1281 855 1366 882 locus.
1385 852 1545 880 lnscribitur
1557 849 1698 884 ἐπισκόπῳ
1711 847 1800 874 Παιάν

185 921 293 941 crarum
310 913 457 948 imaginum
473 912 575 940 cultum
588 918 735 946 agnoscere
743 896 895 946 coget-etum
910 909 967 944 jam
981 903 1003 931 B
1019 913 1082 940 ρων,
1095 904 1138 931 cui
1155 903 1235 930 etiam
1254 901 1437 927 Damascenus
1452 899 1479 925 in
1508 896 1650 924 Elementis
1663 903 1718 922 non
1735 898 1800 920 tan-

186 958 285 986 saeculo
302 966 332 985 lii
344 957 483 986 desinente
497 958 585 984 sancti
596 955 724 984 Methodii
755 954 918 982 auctoritate
935 961 966 981 ac

186 1003 472 1037 doctrinaﬁrmatum,
490 1001 604 1030 Joannis
631 1000 791 1029 Damasceni
815 999 894 1027 ﬁdem
912 999 968 1026 ele-

185 1057 249 1076 vare
264 1056 407 1084 aggressus
425 1052 476 1076 εει.

221 1093 266 1122 Vl.
281 1093 430 1129 Subjicitur
443 1102 476 1121 ex
492 1093 590 1121 Photio
603 1092 639 1128 (lt)
655 1092 756 1128 ἐκλογὴ
773 1091 837 1127 περὶ
850 1091 904 1118 τῶν
921 1099 968 1125 γε-

188 1140 285 1176 νητῶν,
307 1140 363 1168 sive
379 1144 537 1175 excerptum
568 1147 602 1166 ex
615 1139 684 1166 libro
710 1138 747 1165 De
758 1138 864 1164 creatis.
894 1136 969 1171 Opus

187 1189 276 1213 autem
288 1186 325 1212 ita
340 1185 501 1221 inscriptum
519 1185 617 1212 litteris
632 1183 776 1211 mandasse
791 1182 967 1214 Methodium,

186 1231 260 1259 haud
284 1230 404 1266 produnt
424 1234 540 1258 veteres.
571 1228 692 1256 Meminit
711 1227 820 1262 quidem
835 1226 969 1261 Hierony-

187 1284 248 1304 mus
264 1277 323 1311 ejus
336 1275 589 1303 Commentariorum
602 1274 628 1300 in
641 1272 761 1305 Genesin,
774 1279 888 1307 quorum
904 1270 972 1306 frag-

187 1327 279 1350 menta
293 1322 424 1350 nonnulla
440 1321 469 1348 in
486 1321 596 1348 Catenis
624 1327 693 1348 mss.
709 1319 799 1346 adhuc
816 1321 945 1353 superant
962 1325 968 1343 :

188 1367 261 1395 unde
270 1367 410 1395 nonnullis
426 1366 515 1393 visum
539 1373 571 1392 ex
583 1365 680 1392 iisdem
705 1362 909 1391 commentariis
924 1369 971 1389 ex-

188 1417 310 1448 cerptum
327 1411 490 1439 Photianum
518 1410 604 1438 fuisse
621 1410 802 1446 descriptum.
821 1409 895 1438 .Utut
917 1412 969 1440 est,

188 1458 218 1486 in
231 1466 263 1486 eo
277 1457 398 1492 disputat
411 1457 508 1484 iterum
520 1461 631 1484 sanctus
647 1459 752 1491 martyr
764 1454 895 1482 adversus
908 1453 971 1481 Ori-

189 1512 296 1540 genem,
310 1511 389 1539 quem
406 1508 557 1530 centaurum
568 1502 684 1538 appellat
697 1501 727 1537 (ι)
741 1511 748 1535 ;
764 1505 846 1536 atque
861 1507 971 1536 μαργα-

191 1550 268 1585 ρίτας
278 1549 325 1575 τοῦ
337 1548 461 1582 ξενῶνος,
476 1549 527 1575 hoc
543 1552 594 1582 est,
615 1548 751 1575 sanctiora
764 1546 866 1574 Christi
882 1545 972 1572 Eccle-

190 1597 239 1624 siae
248 1595 375 1631 dogmata
389 1595 506 1623 ethnicis
518 1594 626 1630 placitis
643 1595 732 1629 ipsum
745 1593 895 1620 intexuisse
908 1599 974 1627 que—

191 1643 269 1670 ritur.
284 1641 409 1670 Occurrit
419 1649 473 1669 vox
487 1641 532 1667 illa
546 1639 658 1672 ξενῶνος
672 1640 723 1667 sub
745 1638 866 1674 excerpti
891 1637 973 1672 hujus

190 1688 311 1720 initium,
325 1688 372 1715 ubi
389 1688 465 1715 varia
479 1687 593 1722 conjicit
607 1684 795 1714 Combetisius.
811 1684 912 1712 Verum
931 1684 973 1711 in-

190 1738 296 1769 terpres
312 1733 403 1761 Photii
416 1741 475 1760 eam
506 1740 556 1767 pro
573 1726 703 1759 communi
720 1731 835 1758 omnium
850 1730 972 1764 hospitio,

192 1781 249 1808 sive
260 1788 308 1815 pro
319 1783 392 1806 coetu
407 1779 536 1811 fidelium,
551 1786 611 1806 esse
634 1778 821 1813 accipiendam
842 1782 926 1810 recte,
944 1780 974 1804 ut

986 1579 1007 1608 C

192 1825 310 1857 videtur,
326 1825 474 1853 existimat.
493 1824 538 1852 Sic
554 1825 626 1852 enim
642 1828 669 1852 et
686 1823 783 1851 Suidas
806 1824 879 1850 illam
895 1831 975 1851 usur-
1009 1816 1013 1821 ’

192 1874 240 1906 pat
257 1869 316 1906 (m).
329 1870 489 1898 Consulesis
505 1873 532 1897 et
547 1870 621 1897 viros
649 1870 772 1897 eruditos
787 1868 820 1896 ad
837 1868 973 1896 Pollucem

193 1915 232 1951 (ιι)
249 1920 331 1950 atque
346 1915 510 1951 Hesychium
527 1915 576 1951 (ο).

227 1961 361 1990 Praeterea
380 1961 534 1990 Methodius
550 1961 654 1997 primus
670 1961 789 1989 omnium
803 1961 835 1988 ad
853 1960 976 1989 veritatis

194 2007 380 2036 defensionem
392 2008 536 2043 scripsisse
551 2007 674 2035 adversus
704 2007 881 2042 Porphyrium
898 2014 975 2034 com-

194 2054 308 2090 peritnr,
327 2062 407 2089 quem
420 2058 513 2089 postea
528 2059 592 2082 sunt
604 2054 691 2081 secuti
706 2053 839 2080 Eusebius
855 2056 881 2080 et
892 2052 975 2087 Apol-

194 2099 301 2127 linaris.
318 2099 384 2134 Ejus
398 2108 477 2135 opus,
493 2099 631 2126 veteribus
656 2098 773 2125 maxime
799 2098 975 2130 celebratum,

195 2154 282 2181 usque
296 2146 329 2173 ad
346 2146 439 2174 decem
463 2145 547 2173 millia
562 2151 691 2172 versuum
709 2146 891 2178 processerat,
907 2146 978 2170 teste

194 2192 360 2228 Hieronymo
373 2192 410 2227 (p)
425 2202 431 2219 :
448 2192 495 2219 sed
513 2191 625 2223 interiit,
644 2189 739 2226 paucis
761 2189 922 2224 quibusdam
938 2188 978 2215 la-

195 2239 275 2266 ciniis
290 2239 422 2274 exceptis,
437 2245 497 2273 qum
510 2241 570 2272 post
587 2236 778 2264 Combeﬁsium
806 2243 837 2263 ex
857 2234 977 2263 Paralle-

195 2285 444 2313 lisDamascenicis
461 2284 487 2311 in
503 2283 621 2311 medium
634 2281 805 2317 protulimus.

230 2332 279 2360 His
290 2339 372 2367 porro
383 2331 557 2359 subdidimus
571 2330 676 2365 insigne
695 2330 774 2365 plane
796 2328 978 2363 fragmentum

195 2379 230 2407 de
244 2379 346 2408 Christi
362 2379 514 2411 divinitate,
532 2377 604 2413 quod
629 2376 784 2404 Combeﬁsii
813 2375 978 2411 diligentiam

235 2502 272 2538 (Ιι)
299 2501 392 2530 Graece
423 2505 450 2529 et
477 2501 573 2538 Latine
603 2501 697 2538 Simon
723 2497 919 2538 denMag'Lstris
951 2497 978 2523 in

199 2533 272 2564 Actis
287 2543 432 2573 martyrum
460 2537 494 2564 ad
511 2537 586 2573 Ostia
607 2536 739 2573 Tiberina.
752 2534 830 2562 Eutr.
843 2533 927 2573 Parit.

200 2574 266 2636 ως)
277 2573 319 2600 Jo.
335 2568 412 2599 Diam.
429 2575 499 2600 orat.
522 2573 539 2599 ὅ
555 2572 593 2599 De
614 2572 706 2606 imag.,
725 2577 789 2605 opp.
800 2573 867 2596 tom.
882 2568 902 2599 l,
918 2574 980 2602 pag.

235 2644 270 2679 (j)
286 2643 358 2679 "Cav.
375 2642 446 2670 Hist.
461 2643 517 2679 litt.
530 2640 713 2674 ad'ann.290,
731 2644 798 2668 tum.
815 2638 836 2672 I,
850 2637 978 2674 pag.152.

246 2680 272 2714 It)
286 2678 365 2705 Phot.
384 2678 453 2705 Bibl.
469 2678 530 2705 cod.
542 2685 657 2714 ccxxxv.

246 2681 272 2714 k)
288 2681 365 2705 Phot.
384 2681 453 2705 Bibl.
469 2681 619 2705 cod.ccxx1

235 2681 265 2750 ξι)
279 2714 450 2750 Μει1ιοι1κυε
469 2713 580 2750 (ει-θαι.ἒὲ
592 2713 619 2740 2.

235 2744 282 2785 (ἧι)
297 2749 374 2776 Suid.
393 2749 456 2776 Lex.
471 2753 542 2785 tom.
555 2744 585 2779 11,
602 2756 628 2782 p.
647 2747 751 2785 6-i6._v.
765 2744 910 2785 Ξενῶιξλος.

236 2780 391 2819 (ηίΡοΙΙιια.
407 2785 501 2812 Onam.
517 2784 562 2810 lib.
577 2780 691 2819 tti,_cap.
708 2781 734 2809 4.
749 2789 823 2819 nutu.
840 2780 883 2819 59Ζ

237 2814 275 2855 (θ)
293 2819 408 2854 licsych.
427 2819 490 2845 Lex.
511 2823 603 2855 ptom.‘
621 2817 652 2855 li,
666 2814 730 2851 pag.
751 2815 810 2842 702.
827 2823 853 2841 v.
871 2814 980 2855 Erit-(Iw.

290 2850 398 2882 Hieron.
418 2855 497 2888 epist.
510 2853 553 2886 70,
571 2852 604 2879 ad
624 2850 714 2886 Magn.
729 2856 796 2877 orat.
812 2858 888 2877 num.
902 2850 927 2877 5.

1017 956 1073 978 tum
1090 949 1228 985 Symposio
1238 947 1344 978 tribuit,
1363 945 1410 973 sed
1422 945 1504 972 etiam
1524 943 1623 970 librum
1640 941 1711 974 Περὶ
1726 941 1799 967 ἀνα-

1017 997 1162 1028 στάσεως.
1176 995 1246 1022 Hinc
1265 993 1319 1021 Leo
1336 992 1451 1019 Allatius
1475 989 1595 1017 Grelseri
1615 988 1801 1023 opinationem

1017 1043 1113 1071 merito
1127 1041 1249 1070 exsuiliat
1263 1039 1306 1075 (ι),
1324 1039 1387 1066 dum
1405 1037 1477 1064 nulla
1494 1035 1599 1062 ratione
1614 1033 1725 1061 molitur
1739 1040 1801 1061 eam

1018 1089 1168 1118 orationem
1199 1087 1329 1121 abrogare
1350 1084 1487 1112 Methodio
1513 1082 1624 1117 martyri
1638 1089 1670 1108 ac
1686 1080 1802 1110 seniori,

1019 1140 1046 1162 et
1061 1134 1184 1161 tribuere
1202 1129 1516 1164 Constantinopolitano,
1548 1134 1608 1154 cum
1634 1129 1732 1161 praster
1754 1130 1802 1150 eos

1020 1182 1192 1208 characteres
1203 1185 1272 1213 quos
1288 1176 1369 1204 modo
1386 1174 1574 1205 indicavimus,
1604 1175 1679 1198 tanta
1694 1171 1730 1197 sit
1744 1176 1790 1196 ma

1019 1227 1104 1261 jestas
1125 1223 1226 1260 operis,
1239 1227 1269 1250 ut
1297 1223 1339 1250 vel
1352 1222 1468 1249 maxime
1484 1227 1612 1255 magnum
1634 1216 1803 1245 Methodium

1021 1273 1123 1300 deceat.
1139 1281 1148 1297 ι
1160 1270 1245 1298 Alteri
1260 1277 1324 1297 vero
1338 1269 1371 1297 de
1387 1270 1518 1300 Occursu,
1530 1265 1699 1299 subditidem
1721 1263 1805 1290 Com-

1021 1316 1190 1352 betisius(u);
1203 1325 1211 1340 ι
1230 1315 1336 1342 Hancce
1347 1316 1385 1346 εἰς
1392 1314 1426 1340 τὰ
1436 1314 1504 1340 Βάῖα
1517 1312 1672 1339 Orationem
1684 1308 1806 1336 annecti-

1022 1371 1092 1395 mus,
1109 1370 1164 1390 uno
1178 1362 1252 1397 regio
1272 1361 1365 1388 codice
1379 1368 1455 1387 num.
1475 1359 1527 1387 922
1551 1357 1684 1386 asserenti
1698 1354 1806 1383 Metho-

1022 1409 1066 1436 dio
1093 1407 1216 1443 martyri,
1247 1407 1340 1441 utique
1360 1405 1456 1440 Magno
1481 1405 1519 1431 illi
1535 1407 1562 1430 et
1581 1403 1693 1433 seniori.
1723 1401 1806 1435 cujus

1023 1458 1085 1482 sntit
1099 1458 1125 1481 et
1137 1454 1275 1489 Symposio
1291 1457 1317 1480 et
1330 1453 1382 1479 alia
1404 1451 1545 1486 praeclara,
1563 1450 1604 1477 vel
1627 1449 1652 1475 in
1670 1447 1805 1483 supersti-

1023 1501 1097 1528 tibus
1126 1499 1258 1535 reliquiis,
1273 1498 1372 1534 ingenii
1389 1501 1416 1526 et
1438 1498 1489 1532 pia:
1504 1496 1601 1523 mentis
1618 1498 1805 1522 monumenta.

1023 1546 1106 1574 Favet
1119 1546 1201 1573 etiam
1217 1545 1303 1581 stylus
1316 1549 1342 1572 et
1369 1545 1509 1572 sententia:
1524 1543 1642 1571 atlinitas
1655 1549 1716 1568 cum
1734 1548 1806 1576 pra:-

1024 1593 1129 1621 cedcnti
1157 1601 1163 1619 :
1183 1599 1338 1627 quanquam
1367 1591 1435 1617 alter
1458 1590 1553 1622 codex,
1583 1589 1640 1624 ipse
1663 1588 1759 1615 forsan
1777 1587 1807 1613 in

1024 1639 1249 1674 Cbrysostomum
1274 1636 1397 1669 etTusior,
1420 1636 1444 1663 ei
1468 1635 1581 1668 tribuat,
1598 1634 1677 1662 titulo
1704 1634 1743 1664 si;
1759 1632 1808 1660 τὸν

1025 1683 1217 1719 εὐλογημένον,
1246 1691 1299 1718 quo
1326 1681 1444 1709 Savilius
1463 1680 1583 1708 Grmcam
1606 1680 1700 1708 edidit.
1715 1677 1809 1705 Facile

1025 1731 1125 1758 habent
1141 1729 1238 1761 Graci,
1252 1732 1282 1755 ut
1293 1728 1394 1764 qtnevis
1411 1726 1547 1754 ἀδέσποτα
1574 1727 1633 1754 viro
1655 1729 1733 1752 tanto
1753 1723 1808 1758 tri—

1025 1778 1119 1806 buant.
1136 1786 1146 1802 ›
1164 1776 1302 1803 Hactenus
1314 1774 1502 1802 Combeiisius.

1061 1822 1237 1851 Orationibus
1249 1821 1325 1849 hisce
1340 1820 1520 1848 Metliodianis
1543 1827 1556 1846 a
1571 1817 1733 1846 Contbcfisio
1749 1817 1809 1844 edi-

1027 1871 1072 1902 tis,
1090 1868 1241 1904 adjecimus
1256 1870 1306 1895 tria
1325 1867 1476 1903 fragmenta
1492 1874 1526 1893 ex
1539 1865 1651 1893 bomilia
1680 1864 1718 1891 De
1732 1871 1810 1890 cruce

1026 1915 1132 1943 Domini
1146 1914 1232 1942 nostri
1248 1914 1313 1941 Jesu
1337 1912 1446 1946 Christi,
1477 1917 1505 1939 ut
1532 1912 1649 1944 videtur,
1665 1914 1809 1944 excerpta.

1026 1961 1085 1989 Duo
1096 1961 1188 1996 priora
1204 1969 1238 1987 ex
1263 1967 1315 1987 ms.
1334 1960 1426 1986 codice
1448 1958 1619 1986 bibliothecm
1643 1957 1812 1991 Angustanm

1027 2007 1054 2034 in
1069 2007 1157 2034 lucem
1173 2005 1270 2033 extulit
1283 2004 1399 2032 Iacobus
1413 2003 1555 2031 Gretserus
1568 2004 1620 2037 (v);
1637 2002 1760 2034 tcrt’inm,
1776 2009 1812 2029 ex

1027 2053 1119 2080 eadem
1148 2051 1312 2079 bibliotheca
1329 2049 1383 2077 Leo
1397 2049 1511 2076 Allatius
1525 2048 1580 2084 (1:);
1601 2048 1646 2082 qui
1662 2051 1689 2074 et
1713 2047 1812 2074 isthmc

1029 2098 1179 2134 fragmenta
1193 2099 1283 2125 omnia
1309 2101 1403 2124 nostro
1432 2095 1567 2123 Methodio
1588 2093 1714 2121 asseruit.
1730 2093 1814 2121 Cret-

1027 2152 1089 2172 sero
1120 2144 1191 2171 enim
1208 2143 1341 2170 dubitanti
1353 2142 1472 2169 occurrit
1489 2141 1532 2168 his
1546 2140 1635 2167 verbis
1652 2147 1659 2165 ι
1679 2148 1687 2164 ε
1708 2137 1746 2166 De
1761 2139 1812 2166 ho-

1029 2199 1089 2218 rum
1115 2190 1326 2226 fragmentorum
1350 2192 1459 2216 auctore
1489 2187 1595 2214 dubitat
1616 2185 1770 2215 Gretserus.
1785 2188 1815 2212 et

994 2250 1016 2277 ι)
1031 2245 1092 2264 cum
1109 2245 1141 2264 eo
1156 2236 1281 2264 dubitare
1299 2235 1404 2262 videtur
1418 2234 1554 2261 Aubertns
1567 2232 1666 2259 Mireus
1683 2241 1690 2259 :
1709 2241 1718 2257 ι
1733 2231 1812 2264 Quis,

1034 2283 1153 2318 «inquit,
1172 2282 1223 2309 iste
1236 2281 1387 2309 Methodius
1405 2280 1495 2313 fuerit,
1517 2287 1564 2315 pro
1575 2282 1649 2306 certo
1677 2276 1815 2304 aﬂirmare

1036 2339 1045 2354 ι
1058 2336 1172 2364 nequeo.
1186 2328 1254 2355 lllud
1269 2328 1436 2363 exploratum
1448 2330 1499 2358 est,
1515 2334 1570 2353 non
1593 2325 1677 2352 fuisse
1692 2327 1814 2350 veterem

1036 2383 1044 2398 ί
1060 2374 1135 2401 illum
1148 2373 1311 2400 Mcthodium
1323 2373 1467 2400 sanctitate
1479 2376 1505 2399 ct
1517 2370 1638 2406 martyrii
1654 2369 1740 2405 gloria
1754 2368 1809 2395 cla-

1034 2498 1105 2559 _7(q)
1116 2497 1250 2524 Theodor.
1269 2496 1341 2522 Dial.
1355 2504 1363 2522 ι
1375 2495 1520 2529 Ἀτρεπτ.,
1540 2502 1602 2529 opp.
1614 2492 1734 2525 tomJV',
1750 2500 1815 2528 pag.

1034 2542 1050 2559 ὓ
1072 2553 1076 2557 .

1034 2542 1076 2559 οι.

1070 2568 1105 2603 (r)
1121 2567 1242 2594 Combcf.
1256 2567 1282 2593 in
1296 2571 1352 2594 not.
1372 2566 1406 2603 ad
1428 2564 1558 2603 illetltod.,
1575 2571 1646 2603 pag.
1665 2563 1730 2603 £69,»
1746 2567 1773 2590 et
1789 2563 1816 2590 in

1034 2599 1138 2630 recens.
1151 2608 1254 2629 auctor.
1269 2602 1300 2628 ad
1316 2606 1381 2629 tom.
1398 2600 1407 2627 1
1424 2601 1491 2627 Bibl.
1508 2601 1637 2630 conciam,
1656 2607 1682 2633 p.
1699 2599 1742 2625 50.

1071 2640 1104 2674 (δ)
1122 2637 1240 2674 Method.
1254 2637 1329 2664 Orat.
1342 2636 1461 2674 disi/nt.
1479 2641 1500 2662 et
1516 2636 1597 2674 A_mt.,
1615 2634 1721 2674 §§_t_et
1734 2633 1779 2660 15.

1069 2669 1100 2706 (ι)
1111 2673 1190 2699 Aliat.
1207 2672 1292 2699 Diatr.
1309 2675 1339 2698 de
1354 2669 1468 2698 Method.
1484 2671 1584 2704 sct‘ipt.,
1604 2669 1708 2706 p.75“.

1072 2710 1110 2742 (υ)
1125 2707 1247 2735 Contbei.
1263 2708 1289 2734 in
1306 2712 1361 2733 not.
1373 2707 1404 2733 ad
1415 2706 1543 2735 Method..
1556 2713 1582 2739 p.

1124 2743 1212 2770 Grets.
1231 2747 1296 2770 tom.
1315 2743 1336 2768 ll
1352 2743 1388 2769 De
1410 2752 1432 2769 δ.
1454 2749 1539 2772 crure,
1560 2748 1585 2775 p.
1603 2739 1722 2766 401-404
1748 2739 1815 2767 edit.

1035 2787 1098 2806 nov.
1114 2778 1217 2805 [iatisb.
1237 2778 1314 2804 1754.

1073 2813 1110 2848 (απ)
1135 2813 1216 2840 Allat.
1247 2813 1334 2840 Diatr.
1357 2813 1389 2839 de
1412 2811 1528 2839 Met/rod.
1554 2812 1656 2845 script.,
1681 2818 1741 2846 pag.
1764 2811 1817 2838 519

1037 2858 1093 2882 seq.
