1908 3078
115 99 146 127 Π
299 110 304 114 ·
711 100 875 128 VETERUM
895 99 1113 129 TESTIMONIA.
1689 101 1722 128 18

116 170 125 186 ι
143 161 286 192 rissimum,
299 160 348 195 qui
373 161 425 189 sub
447 161 618 189 Diocletiano
635 163 758 198 martyrii
774 163 890 197 palmam

950 162 992 193 ai;
1002 161 1083 194 ἕξεως
1095 163 1140 188 ἐπὶ
1152 162 1304 197 σκεδασμῷ,
1316 162 1346 189 τὸ
1359 161 1528 198 σταυροειδὲς
1541 162 1723 197 παραλαῑισα-

116 216 125 232 ι
139 207 248 242 adeptus
261 210 315 238 est,
326 215 389 234 cum
402 207 452 235 iste
461 212 555 235 noster
569 208 721 235 meminerit
734 209 891 236 vexillorum

115 263 124 279 ι
140 261 155 280 a
169 253 332 281 Christianis
344 255 590 289 imperatoribusin
600 254 807 283 formamcrucis
819 263 893 282 com-

114 307 123 324 (
142 303 306 325 mutaturum
322 308 329 325 :
343 299 378 326 de
391 307 446 334 qua
462 299 610 327 mutatione
620 300 670 327 sub
680 300 844 327 Diocletiano
859 309 893 327 ne

114 353 122 369 ι
140 344 249 378 cogitari
263 345 374 379 quidem
387 349 505 380 emptum
520 349 588 378 erat,
606 346 731 374 omnibus
745 346 834 374 adhuc
848 355 894 382 pn-

114 398 122 414 ι
142 390 217 417 blicis
234 390 304 418 locis
316 391 351 418 ab
363 391 517 419 idololatria
531 392 679 426 occupatis.
700 402 709 418 ι

143 435 248 468 Quibus
259 436 378 464 Allatius
396 438 503 472 reponit
520 447 526 464 :
547 446 556 463 ‹
574 437 607 464 Et
626 437 804 465 nihilominus
823 437 892 465 idem

111 481 251 509 Gretserus
268 483 442 517 apertissime
458 483 523 511 dicit
535 483 583 519 (ν),
597 489 659 511 ante
672 483 893 515 Constantinum.

111 533 231 562 tempore
243 527 356 561 Justini,
372 529 532 558 Tertulliani
544 533 570 558 et
596 529 706 557 Minucii
727 530 836 563 Felicis,
853 538 896 557 ve-

111 574 173 600 xilla
186 574 318 601 militaria
331 574 388 609 jam
403 576 493 603 crucis
520 577 638 610 speciem
663 576 791 604 retulisse
804 585 810 602 :
827 576 895 603 adeo

113 623 140 647 ut
155 620 200 648 isti
215 625 273 648 tres
286 622 437 655 scriptores
458 622 587 649 audacter
602 621 718 649 ethnicis
734 621 894 656 objecerint,

113 667 186 702 ipsos
213 667 312 697 eodem
341 668 456 695 crimine
486 668 573 695 teneri
588 675 650 695 cum
681 667 856 698 Christianis.
873 668 896 694 si

112 720 222 740 crucem
252 713 343 741 colere
360 714 465 741 crimen
492 717 574 747 esset,
589 721 652 741 cum
665 718 692 741 et
720 714 772 749 ipsi
785 721 895 741 crucem

111 759 201 786 colant
213 763 241 786 et
258 760 384 791 adorent,
399 760 512 787 colendo
533 763 560 787 et
574 760 711 787 adorando
739 759 815 794 signa
830 759 898 785 mili-

111 805 190 831 taria.
219 804 254 831 Et
278 805 358 840 longe
381 810 444 832 ante
469 805 642 833 Constantini
670 809 775 832 aetatem
789 809 896 832 exstare

112 857 241 877 nummos
270 857 398 883 excusos,
414 850 460 885 qui
481 850 578 877 vexilla
594 850 721 877 militaria
754 850 781 876 in
805 849 895 877 crucis
911 840 931 867 Β

112 895 231 929 speciem
243 895 384 923 eﬁormata
398 900 578 924 continerent.
598 895 666 923 Hinc
680 900 793 922 conatur
819 901 895 930 post-

111 939 221 966 modum
235 940 413 975 respondere,
429 940 564 975 quomodo
579 940 776 968 Constantinus
791 939 897 967 dicatur

112 984 248 1013 Labarum
260 987 288 1013 in
306 995 416 1015 crucem
434 990 627 1018 commutasse,
642 986 665 1013 si
677 987 753 1022 signa
769 986 896 1013 militaria

112 1030 187 1065 prius
201 1030 316 1058 formam
327 1031 417 1058 crucis
434 1039 487 1066 prae
501 1039 530 1058 se
541 1031 672 1058 ferebant.

145 1076 225 1109 Quod
241 1077 264 1103 si
281 1077 368 1104 multo
383 1081 447 1105 ante
462 1077 633 1105 Constantini
645 1080 752 1104 aetatem
770 1076 897 1103 militaria

113 1123 209 1150 vexilla
224 1119 398 1150 ethnicorum
410 1123 521 1158 ﬁguram
538 1124 627 1150 crucis
646 1131 701 1158 prie
716 1131 745 1150 se
764 1122 897 1154 ferebant,

114 1167 199 1201 potuit
213 1167 359 1194 commode
376 1167 532 1195 Patarensis
556 1167 708 1196 Metliodius
734 1175 826 1195 eorum
841 1176 898 1195 me-

114 1213 238 1245 minisse;
269 1221 359 1248 neque
383 1214 418 1241 ob
442 1214 512 1241 hanc
541 1222 652 1242 causam
677 1215 721 1241 illa
748 1214 898 1250 fragmenta

115 1258 250 1286 Methodio
277 1259 438 1295 deneganda
467 1263 541 1292 sunt,
562 1268 623 1287 cum
645 1268 678 1287 ex
706 1260 792 1295 ipsius
808 1261 897 1287 verbis

114 1305 187 1331 nullo
203 1304 284 1332 modo
298 1305 424 1332 eliciatur
438 1313 501 1332 eum
513 1305 546 1333 de
573 1305 739 1333 Christianis
752 1306 899 1340 imperato-

113 1351 188 1378 ribus
209 1352 291 1379 verba
324 1351 422 1380 facere.
448 1352 533 1379 Locus
556 1352 744 1380 Metliodianus
765 1353 897 1387 ejusmodi

114 1402 155 1425 est
170 1398 206 1434 (π)
222 1407 229 1425 :
260 1398 403 1425 Ἐντεῦθεν
424 1399 448 1424 οἱ
470 1399 532 1434 τῇδε
554 1398 689 1434 βασιλεῖς,
706 1399 796 1434 πάσης
815 1407 898 1433 πονη-

160 1485 185 1520 y)
201 1485 292 1514 Grets.
308 1490 374 1513 tom.
392 1486 403 1512 l
435 1486 472 1514 De
488 1495 572 1519 cruce,
587 1488 635 1515 lib.
649 1495 679 1520 ll,
695 1495 754 1521 cap.
768 1487 812 1514 59.

161 1523 183 1551 ι)
200 1521 321 1552 Method.
334 1522 405 1548 hom.
419 1521 452 1548 de
466 1530 550 1552 cruce.

159 1556 184 1590 α)
200 1555 308 1584 Tillem.
328 1555 411 1584 lem.
431 1562 495 1584 tom.
511 1557 544 1591 V,
559 1565 586 1592 p.
602 1557 654 1584 472
671 1565 728 1593 seq.

942 207 1033 235 νεσοαι
1043 208 1194 243 αἰσθόμενοι
1207 207 1308 243 σχῆμα,
1320 207 1353 234 τὰ
1371 207 1522 244 καλούμενα
1532 209 1563 243 τῇ
1587 208 1723 243 Ῥωμαῖκῆ

943 254 1072 289 διαλέκτῳ
1099 253 1208 289 βήξιλλα
1232 254 1448 289 ἐμηχανήσαντο,
1471 263 1498 280 κ.
1511 262 1535 280 τ.
1547 254 1572 280 λ.
1589 253 1646 281 Hoc
1659 257 1701 280 est
1710 248 1722 280 ἐ

946 299 1193 334 llincimpcratores
1218 300 1262 334 qui
1289 300 1358 326 hisce
1372 300 1400 325 in
1416 299 1480 326 locis
1498 300 1636 334 imperant,
1667 299 1725 327 sive

944 345 1026 372 etiam
1041 346 1063 373 si
1077 346 1128 378 vis,
1141 347 1225 373 nostri
1247 346 1355 381 (nempe
1370 346 1417 380 qui
1442 345 1519 373 nobis
1530 345 1723 378 dominantur;

945 389 1017 424 quod
1032 394 1119 425 potest
1130 391 1243 426 intelligi
1255 391 1336 418 etiam
1359 390 1393 418 de
1408 390 1526 417 ethnicis
1543 400 1550 417 :
1574 389 1724 417 Christiani

944 436 1016 462 enim
1045 440 1106 464 ante
1134 436 1343 464 Constantinum
1369 436 1577 471 imperatoribus
1609 435 1725 463 ethnicis

945 481 1126 509 subdebantur
1139 483 1245 517 illisque
1257 482 1441 518 obediebant),
1455 490 1514 509 cum
1530 482 1642 509 uiderent
1657 482 1724 516 ﬁgu-

945 539 1004 558 ram
1030 530 1114 556 crucis
1143 529 1243 556 assumi
1268 529 1302 555 ad
1325 524 1447 556 universa
1472 528 1545 555 mala
1558 527 1723 562 dissipanda,

946 585 1003 613 qua:
1022 575 1140 603 Romana
1159 583 1277 602 sermone
1291 574 1389 602 vexilla
1414 578 1607 608 nuncupantur,
1622 574 1724 608 excogi-

948 626 1047 655 tarunt,
1062 627 1114 649 etc.
1129 620 1206 648 Licet
1217 628 1283 655 ergo
1295 620 1386 648 omnia
1414 620 1475 647 loca
1492 620 1543 648 sub
1558 619 1724 647 Diocletiano

947 667 1099 696 idololatria
1114 670 1269 702 occuparet,
1285 665 1388 693 ethnici
1403 673 1435 693 ex
1447 673 1521 693 more
1532 673 1592 698 suo,
1603 665 1726 693 nesciath-

949 718 988 742 tes
1002 713 1066 748 quid
1082 712 1210 744 facerent,
1226 712 1323 739 vexilla
1338 711 1477 738 cll‘ormata
1495 712 1523 738 in
1535 711 1648 738 formam
1663 718 1726 738 cru-

948 760 988 787 cis
1003 759 1198 792 conﬁciebant;
1215 766 1330 793 quorum
1356 766 1418 793 ope,
1437 758 1513 792 signo
1542 765 1637 791 nempe
1653 764 1684 783 ac
1696 756 1727 783 ﬁ-

948 813 1014 840 gura
1024 806 1124 837 crucis,
1143 808 1173 831 ut
1183 805 1334 832 Christiani
1350 804 1445 831 Patres
1469 803 1724 838 interpretabantur,

947 851 1027 878 noxia
1045 851 1234 883 amolirentur,
1265 855 1291 878 et
1302 855 1401 878 cuncta
1424 857 1555 885 prospera
1578 857 1728 884 conseque-

946 901 1049 924 rentur.
1066 896 1110 923 Sic
1124 897 1220 923 horum
1231 895 1440 932 iragmentorum
1457 904 1511 923 non
1525 899 1566 923 est
1583 903 1631 922 cur
1644 895 1727 922 alium

949 941 1112 969 Methodium
1142 948 1157 967 a
1186 940 1327 968 Patarensi
1357 947 1511 975 quaeramus
1535 943 1684 967 auctorem.
1715 949 1724 964 ι

948 984 1085 1012 Hactenus
1108 984 1233 1012 Allatius.
1257 984 1356 1011 Allatio
1373 985 1506 1012 accedunt
1535 984 1727 1012 Tillemontius

949 1030 998 1066 (α),
1018 1034 1045 1058 et
1059 1029 1163 1058 Caveus
1179 1030 1226 1065 (ὁ).
1244 1030 1278 1056 At
1294 1030 1436 1057 Fabricius
1451 1030 1520 1057 hanc
1534 1031 1670 1057 homiliam
1690 1030 1728 1057 De

948 1084 1023 1103 cruce
1036 1075 1171 1104 Methodio
1182 1075 1234 1103 GP.
1244 1075 1432 1111 attribuit_(c);
1450 1076 1552 1102 nullum
1564 1081 1654 1103 tamen
1667 1076 1728 1103 all'e‘

948 1131 1012 1150 rens
1026 1125 1225 1158 argumentum,
1239 1130 1293 1158 quo
1306 1129 1382 1150 suam
1398 1122 1558 1150 sententiam
1575 1122 1725 1149 conﬁrmet.

983 1169 1070 1204 Atque
1081 1169 1138 1196 haec
1151 1168 1185 1196 de
1203 1176 1300 1204 magno
1312 1168 1450 1196 Methodio
1466 1169 1593 1204 episcopo
1608 1172 1635 1196 et
1659 1176 1728 1195 mar-

948 1219 1007 1250 tyre
1037 1215 1114 1242 satis.
1143 1215 1182 1242 Ad
1207 1215 1310 1250 reliqua
1334 1214 1405 1241 enim
1429 1214 1550 1249 subjecta
1578 1214 1728 1249 fragmenta

949 1260 1020 1296 quod
1045 1261 1151 1292 attinet,
1178 1260 1245 1287 nihil
1268 1263 1311 1288 est
1322 1268 1348 1286 in
1365 1264 1492 1295 promptu
1517 1260 1588 1295 quod
1603 1259 1727 1294 profera-

950 1315 1020 1338 mus,
1040 1311 1136 1343 prmter
1151 1310 1292 1334 auctorum
1311 1306 1557 1334 ecclesiasticorum
1578 1306 1637 1333 loca
1657 1305 1728 1333 unde

950 1354 995 1381 illa
1006 1353 1211 1389 descripsimus,
1229 1361 1288 1388 quae
1306 1354 1451 1388 unicuique
1473 1351 1633 1388 prmﬁgenda
1650 1359 1729 1380 cura—

951 1409 1048 1429 vnnus.

987 1489 1024 1524 ib)
1044 1490 1108 1517 Cav.
1127 1489 1197 1517 Hist.
1216 1489 1271 1524 litt:
1284 1489 1316 1516 ad
1330 1488 1470 1524 ann.»290,
1489 1495 1515 1524 p.
1531 1487 1590 1515 l55.

987 1522 1021 1561 (c)
1038 1525 1144 1552 Fabric.
1165 1525 1235 1551 Bibl.
1252 1523 1298 1552 Gr.
1312 1529 1376 1551 tom.
1391 1522 1425 1556 ν,
1442 1531 1469 1558 p.
1486 1523 1550 1549 260.

576 1682 864 1729 VETERUM
901 1681 1275 1727 TESTIMONIA

535 1783 579 1810 DE
609 1781 638 1811 S.
672 1781 849 1810 METHUDIO
879 1781 1046 1809 EPISCOPO
1074 1781 1117 1808 ET

415 1954 445 1982 S.
459 1954 633 1982 Hisnonntus
651 1953 689 1981 De
702 1955 753 1982 vir.
765 1954 864 1982 illustr.
875 1961 932 1981 car.
945 1952 989 1985 85,
1003 1960 1062 1979 cum
1082 1957 1163 1979 vetere
1178 1952 1315 1986 interprete
1329 1950 1430 1979 Grteco.

1150 1781 1327 1810 MARTYRE.

150 2012 278 2044 Μεθόδιος
304 2012 341 2048 (α)
362 2011 498 2047 Ὀλύμπου
523 2012 635 2044 Λυκίας,
659 2013 706 2039 καὶ
732 2012 799 2047 μετὰ
815 2012 897 2038 ταῦτα

986 2009 1149 2040 Methodius,
1165 2008 1271 2043 Olympi
1286 2008 1375 2044 Lyciae
1386 2012 1414 2036 et
1434 2011 1527 2042 postea
1540 2008 1604 2044 Tyri
1624 2010 1730 2045 episco-

117 2059 203 2093 Τύρου
230 2058 386 2089 ἐπίσκοπος,
403 2057 528 2094 λαμπροῦ
549 2058 597 2085 καὶ
621 2058 798 2093 συγκειμένου
822 2057 899 2091 λόγου

117 2104 190 2130 κατὰ
209 2104 379 2138 Πορφυρισυ
400 2103 526 2136 συνέταξε
546 2104 627 2139 τεύχη
638 2112 645 2118 ·
663 2104 710 2130 καὶ
728 2104 902 2138 Συμπόσιον

118 2147 187 2174 δέκα
207 2148 378 2182 παρθένων·
403 2148 472 2182 Περὶ
494 2148 686 2182 ἀναστάσεως
698 2149 775 2183 λόγον
792 2148 902 2185 ἄριστον

119 2194 186 2220 κατὰ
206 2194 378 2229 Ὧριγένους·
405 2194 474 2220 κατά
494 2194 539 2221 τοῦ
563 2194 644 2221 αὑτοῦ
663 2195 733 2229 Περὶ
747 2196 901 2222 Πυθωνίσ-

119 2245 184 2271 σης,
198 2238 244 2264 καὶ
257 2238 327 2272 Περὶ
343 2237 539 2270 αὐτεξουσίου
550 2248 556 2254 ·
571 2241 614 2272 εὶς
637 2239 694 2274 τὴν
715 2241 842 2267 Γένεσίν
860 2249 899 2273 τε,

120 2283 163 2308 καὶ
175 2284 219 2316 εὶς
240 2283 277 2310 τὰ
292 2284 423 2318 ᾍσματα
444 2283 502 2310 τῶν
525 2284 666 2318 ᾀσμάτων
685 2284 898 2319 Ύπομνήματα,

154 2349 190 2384 (a)
213 2349 313 2376 Eadem
329 2349 384 2377 fere
411 2357 443 2377 ac
454 2350 550 2378 iisdem
563 2351 650 2378 verbis
675 2350 783 2384 Suidas,
798 2352 900 2379 exscri-

121 2385 184 2412 bens
196 2389 222 2412 et
233 2387 291 2422 ipse
300 2384 510 2422 Hieronymum:
524 2391 627 2422 tantum
639 2386 737 2422 adjecit
749 2387 782 2412 ad
796 2387 901 2422 Ὀλύμ-

121 2427 177 2457 arcu
190 2421 304 2453 Λυκίας
324 2421 377 2457 to,
391 2420 456 2454 ἢτοι
483 2420 634 2455 Πατάρων.
651 2421 814 2457 Signiﬁcans
824 2420 900 2449 eain-

122 2456 178 2491 dem
210 2459 327 2489 utmque
357 2456 464 2491 n'omine
489 2457 575 2482 notari
603 2456 750 2488 civitatem,
775 2458 854 2491 cujus
866 2458 900 2489 is,

122 2490 275 2527 priusquam
289 2490 484 2527 transferretur
491 2491 604 2527 Tyrum,
615 2492 799 2526 episcopatum
810 2490 901 2527 gesse-

122 2524 154 2562 rit
167 2534 173 2551 :
187 2533 309 2562 necesse
325 2526 409 2562 alium
435 2524 600 2562 Metliodium
618 2524 901 2562 quem—llieronyinus

120 2558 214 2586 dixerit
225 2559 345 2620 Olympi,
355 2565 382 2586 et
399 2569 478 2594 quem
490 2561 574 2588 Graeci
590 2558 727 2588 celebrant
740 2558 900 2589 Patararum

120 2595 286 2620 eoiscooum.
319 2595 438 2620 ‘ouidem
454 2604 487 2620 ne
502 2596 646 2620 vestiuium
662 2597 735 2620 notni
749 2597 900 2620 tiﬂnl't'lwn-

119 2595 286 2631 episcopum.
304 2595 438 2631 Equidem
454 2604 487 2622 nc
502 2596 646 2631 vestigium
661 2597 735 2631 potui
749 2597 901 2631 deprchen-

120 2629 179 2667 dere
200 2631 262 2667 novi
278 2630 363 2667 hujus
390 2631 518 2667 Methodii
532 2629 686 2667 Pat‘at'ensis
708 2629 807 2658 diversi
823 2640 836 2658 a
849 2632 902 2667 Ty-

120 2665 172 2697 rio;
190 2666 378 2692 tribuentibus
391 2665 490 2700 ubiqttc
505 2666 645 2693 codicibus
661 2666 797 2694 Methodio
823 2665 901 2693 Pata-

119 2707 199 2735 renst,
221 2708 283 2734 quae
300 2699 483 2735 Hieronymus
511 2701 603 2727 tribuit
623 2709 672 2728 suo
699 2702 737 2728 illi
765 2701 901 2729 Methodio

117 2733 237 2771 ριγιιιρίζ
258 2742 293 2761 ac
317 2733 412 2771 postea
436 2734 579 2770 Tyrio.lta
602 2741 700 2770 przeter
713 2737 781 2764 alios
800 2738 901 2771 passim

117 2768 302 2797 Damascenus
317 2768 347 2796 in
363 2768 505 2797 Elemeritis
525 2768 731 2798 eminentissimi
754 2768 901 2799 cardinalis

118 2803 320 2833 ﬁunil’ucaldii:
339 2805 490 2837 mirumque
507 2805 639 2838 videatur,
657 2811 683 2833 ut
704 2807 800 2838 Graeci.
818 2808 903 2835 soiius

952 2064 1014 2092 pus,
1026 2055 1103 2083 nitidi
1124 2055 1321 2089 compositique
1337 2055 1489 2087 sermonis,
1510 2055 1647 2082 adversum
1664 2052 1733 2079 Por—

952 2102 1074 2137 phyrium
1091 2100 1207 2128 confecit
1223 2100 1308 2127 libros
1321 2109 1328 2134 ;
1339 2104 1365 2127 et
1381 2099 1548 2135 Symposium
1572 2099 1659 2127 decem
1678 2101 1732 2126 vir-

951 2149 1058 2184 ginum;
1072 2147 1110 2174 De
1132 2147 1322 2174 resurrectione
1332 2154 1399 2181 opus
1411 2147 1549 2181 egregium
1564 2150 1660 2173 contra
1673 2145 1733 2174 Ori-

952 2201 1046 2228 gencm
1057 2202 1063 2219 :
1076 2196 1104 2219 et
1114 2192 1244 2219 adversus
1258 2191 1383 2218 eumdem
1396 2191 1427 2217 de
1445 2191 1613 2226 Pytltonissa,
1626 2196 1653 2218 et
1663 2191 1733 2225 Περὶ

953 2236 1162 2269 αὑτεξουσίου.
1187 2236 1220 2262 In
1242 2235 1361 2263 Genesim
1390 2244 1499 2271 quoque
1522 2240 1549 2263 et
1569 2237 1596 2262 in
1621 2235 1733 2263 Cantica

954 2283 1116 2310 canticorum
1136 2283 1354 2314 conmentarios;
1367 2286 1395 2310 et
1410 2283 1494 2309 multa
1508 2282 1560 2308 alia
1579 2290 1639 2317 quae
1651 2282 1732 2318 vulgo

953 2351 1109 2379 Patarensis
1131 2351 1298 2378 obscurioris
1325 2350 1483 2377 memoriam
1510 2350 1658 2377 solemnem
1684 2350 1734 2377 lia-

954 2387 1045 2418 beaut,
1061 2394 1192 2420 nusquam
1207 2393 1270 2413 vero
1285 2385 1355 2420 apud
1366 2389 1511 2421 eosrerstet
1525 2386 1654 2421 memoria
1681 2385 1735 2421 Ty-

955 2422 997 2452 rii.
1015 2422 1037 2448 si
1052 2422 1159 2456 quidem
1178 2421 1220 2447 ille
1252 2421 1321 2448 alius
1336 2425 1387 2447 est.
1406 2420 1623 2456 Quareﬁastimo
1647 2420 1733 2448 levius

955 2453 1146 2491 pronuntiasse
1160 2456 1306 2482 Baroniutn
1332 2456 1363 2482 ad
1381 2462 1459 2482 notas
1483 2453 1624 2491 Martyrot.
1643 2457 1677 2491 ad
1694 2457 1734 2482 al-

955 2496 1041 2520 terum
1066 2491 1229 2518 Metltodium
1245 2490 1585 2524 Constantinopolitanunr,
1608 2490 1641 2516 M
1658 2490 1733 2524 Jun.,

934 2540 936 2542 -
954 2527 1018 2553 dum
1037 2535 1069 2554 ex
1095 2527 1168 2554 brevi
1187 2526 1232 2552 illa
1249 2526 1377 2552 citatione
1390 2525 1559 2557 Damasceni,
1576 2531 1643 2552 orat.
1664 2526 1681 2552 5
1698 2526 1735 2553 De

954 2563 1034 2596 imag.
1050 2561 1175 2588 ll‘lethodii
1191 2561 1346 2596 Putat-ensis
1361 2564 1387 2587 et
1407 2561 1544 2596 martyris,
1565 2569 1664 2587 nevum
1682 2561 1735 2588 sibi

954 2595 1083 2631 conﬁngit
1094 2596 1268 2623 Metliodium.
1282 2595 1431 2630 Hesychius
1447 2595 1559 2624 Pataras
1574 2596 1666 2623 urbem
1680 2596 1735 2623 Pa-

955 2633 1025 2658 tarin
1038 2636 1125 2663 vocat,
1142 2639 1195 2666 quo
1209 2631 1289 2658 etiam
1311 2631 1420 2666 nomine
1447 2635 1564 2658 montem
1598 2631 1734 2665 nominat;

954 2675 1004 2702 ego
1014 2669 1136 2694 eumdem
1150 2665 1214 2701 puto
1229 2669 1310 2700 atque
1322 2665 1475 2700 Olympum,
1501 2666 1587 2701 Lycia:
1602 2671 1733 2702 montem.

954 2701 1034 2736 cujus
1047 2703 1104 2736 ipse
1120 2701 1270 2728 Metliodius
1297 2705 1326 2727 ut
1352 2702 1494 2729 lamiliaris
1511 2702 1537 2728 in
1554 2703 1624 2729 libro
1638 2701 1676 2728 De
1694 2710 1721 2727 re

954 2735 1065 2763 surrect.
1095 2737 1227 2767 meminit,
1249 2745 1263 2762 a
1285 2745 1338 2771 quo
1364 2740 1390 2763 et
1403 2735 1498 2764 civitas
1522 2736 1651 2772 Olympus
1663 2737 1735 2763 dicta

956 2772 1007 2804 sit;
1023 2780 1071 2799 nec
1084 2772 1156 2798 aliud
1168 2780 1198 2798 ea
1210 2772 1243 2798 dc
1256 2779 1284 2798 re
1294 2772 1455 2802 certioribus
1472 2773 1655 2800 tuonumcntis
1671 2772 1736 2798 bac-

956 2811 1034 2835 tcnus
1047 2807 1174 2834 ocrurrit.
1188 2808 1326 2835 Conuerts.
