1908 3078
206 103 242 130 2⁸7
699 103 729 131 S.
747 103 913 132 ΜΕΊἮΟΒῘΙ
931 104 980 132 ΕΡ]

1034 105 1086 133 οιη
1105 105 1150 134 ET
1170 104 1345 134 MARTYRIS
1793 106 1833 135 28

215 168 990 185 ΜΞ

1262 169 1831 187 w

568 248 680 292 ΤΟΥ
716 249 788 291 ΕΝ
823 250 1003 293 ΑΓΙΟΙΣ
1040 250 1256 299 ΠΑΤΡΟΣ
1292 250 1454 294 ΗΜΩΝ

786 345 1235 413 ΜΕΘΟΔΙΟΥ

747 461 963 488 ΕΠΙΣΚΟΠΟΥ
989 463 1051 489 ΚΑΙ
1085 463 1275 490 ΜΑΡΤΥΡΟΣ

351 544 805 604 ΣΥΜΠΟΣΙΟΝ
840 546 989 603 ΤΩΝ
1027 546 1230 603 ΔΕΚΑ
1259 546 1670 608 ΠΑΡΘΕΝΩΝ

814 697 942 740 ΠΕΡΙ
969 697 1216 741 ΑΓΝΕΙΑΣ.

576 840 912 920 SANCTI
967 783 1444 922 lliETHODII

795 976 951 1005 EPISCOPI
970 978 1015 1006 ET
1035 977 1215 1007 MARTYRIS

403 1068 854 1134 CONVIVIUM
902 1069 1166 1133 DECEM
1211 1067 1611 1134 VIBGINUM

984 1193 1044 1213 SIVE

766 1270 839 1316 DE
877 1270 1266 1317 CASTIMONIA.

660 1396 904 1427 PERSON/E
941 1394 1356 1433 COLLOQUENTES’.

375 1457 571 1485 ΕΥΒΟΥΛΙΟΝ
589 1457 638 1495 (1).

377 1503 579 1532 ΓΡΗΓΟΡΙΟΝ.

375 1549 500 1576 ΑΡΕΤΗ.

374 1596 567 1623 ΙῙΑΡΚΕΛΛΑ

374 1642 529 1670 ΘΕΟΦΙΛΑ.

376 1688 489 1715 ΘΑΛΙΔ.

376 1734 569 1762 θΕΟΠΛΤΡΑ.

375 1780 567 1809 ΘΑΛΛΟΥΣΑ.

376 1827 496 1854 ΑΓΑΘΑ.

374 1872 560 1900 ΠΡΟΚΙΛΛΑ.

374 1918 499 1946 ΘΕΚΛΛ.

374 1962 554 1991 ΤΟΥΣΙΑΝΑ.

375 2009 541 2037 ΔΟΜΝΙΝΔ.

1215 1456 1402 1484 EUBULIUM.

1211 1502 1422 1531 GREGORIUM.

1212 1548 1336 1576 ARETE.

1212 1594 1407 1621 MARCELLA.

1213 1641 1415 1669 TIIEOPHlLA.

1215 1687 1351 1714 TIIALIA.

1211 1733 1432 1760 THEOPATRA.

1210 1781 1406 1809 THALLUSA.

1208 1824 1360 1852 AGATHA.

1215 1869 1393 1897 PROCILLA.

1212 1914 1359 1942 TIIECLA.

1210 1960 1369 1988 TUSIA‘NA.

1210 2006 1374 2034 DOMNINA.

202 2108 395 2137 lil'l'nooucrlo.
413 2125 446 2130 -—
464 2110 555 2144 Operis
576 2111 725 2147 consilium.
745 2110 798 2138 Iter
816 2109 849 2147 uti
863 2110 1029 2147 paradisum.
1057 2109 1168 2147 [ii-tutis
1185 2108 1375 2147 _de_scriptio_et
1398 2107 1588 2147 prosopopwia.
1613 2107 1713 2140 Annus,
1735 2109 1821 2143 vitex,

488 2143 634 2180 symbolum
655 2147 797 2173 castitatis.
814 2145 951 2178 Marcella,
971 2146 1038 2172 inter
1052 2144 1151 2171 Christi
1168 2144 1278 2178 virgines
1293 2143 1380 2169 senior
1391 2146 1416 2168 et
1429 2143 1527 2176 prima.

235 2200 360 2230 EUBUL.
371 2201 605 2237 Opportunissime
617 2203 691 2236 ades,
701 2211 716 2230 0
727 2203 886 2239 Gregorium
898 2214 904 2231 :
915 2211 978 2231 nam

199 2251 229 2277 et
243 2248 325 2275 modo
346 2253 371 2275 te
393 2248 558 2283 quaerebam,
586 2250 657 2276 scire
670 2250 762 2277 volens
784 2249 818 2277 de
831 2258 979 2285 congressu

201 2294 334 2322 Marcellre
349 2298 376 2322 et
392 2293 566 2329 Theopalrae,
583 2303 633 2323 nec
646 2303 700 2322 non
718 2295 882 2330 reliquarum
898 2296 982 2330 virgi-

199 2348 264 2369 num
279 2348 340 2376 qua:
358 2344 422 2368 tunc
443 2341 477 2368 ad
496 2341 650 2369 convivium
670 2346 869 2376 convenerunt;
887 2343 981 2377 quales

234 2417 272 2454 (1)
290 2417 463 2446 Εὑϐούλιον.
482 2416 598 2454 Uterque
616 2418 699 2454 codex
720 2419 812 2453 primm
827 2419 906 2454 hujus
919 2418 982 2454 Dia-

199 2454 252 2488 logi
264 2460 386 2488 persona:
399 2461 497 2480 nomen
526 2453 578 2480 hoc
601 2453 680 2480 modo
697 2454 724 2480 in
748 2458 822 2480 recto
841 2453 979 2488 eﬂ‘crebat,

198 2487 246 2515 Est
257 2496 288 2515 ea
299 2488 453 2524 terminatio
461 2488 562 2516 Graecis
573 2489 778 2524 ὑποκοριστική,
788 2488 896 2516 nonnisi
905 2487 982 2524 Serui

199 2527 246 2549 aut
259 2523 331 2550 aetati
340 2523 456 2550 molliori
468 2524 642 2551 conveniens.
651 2522 740 2556 Quare
746 2522 806 2550 cum
816 2530 928 2557 puerum
938 2522 982 2549 hic

199 2566 254 2584 non
273 2557 363 2585 induci
385 2558 538 2592 loquentem
554 2558 622 2585 satis
641 2562 785 2592 appareat,
802 2558 920 2585 restabat
950 2560 980 2583 ut

198 2592 343 2619 Εὐϐούλιον
354 2601 407 2628 non
418 2593 508 2621 minus
518 2601 597 2627 quam
609 2593 755 2628 Γρηγόριον
764 2592 909 2619 mulierhic
920 2600 980 2628 esse

218 2631 350 2654 utaretur.
362 2627 460 2655 Verum
470 2636 531 2655 cum
541 2628 609 2656 Maz.
618 2627 702 2655 codex
722 2627 870 2654 masculina
879 2627 979 2661 passim

225 2662 318 2689 ubulio
333 2662 459 2697 adjuncta
475 2664 629 2697 copularet,
647 2670 760 2690 necesse
771 2662 820 2689 fuit
831 2662 980 2696 intelligere

198 2696 339 2725 mulierem
351 2696 401 2724 hoc
415 2698 474 2725 loco
505 2696 656 2732 Gregorium
681 2703 814 2729 vocatam,
835 2705 896 2724 cum
918 2697 974 2732 viro

199 2731 308 2760 Eubutii
324 2740 421 2759 nomen
444 2731 562 2760 habente
581 2732 705 2760 fabulari.
723 2732 778 2759 Nec
806 2732 832 2758 in
851 2739 882 2758 eo
893 2731 972 2765 quid-

1065 2201 1198 2227 ΕΥΒΟΥΛ
1214 2201 1232 2227 ⁸.
1247 2199 1432 2235 Εὺκαιρότατα
1445 2199 1576 2235 ἐπέστης,
1603 2197 1625 2226 ὧ
1648 2200 1667 2226 Γ
1670 2201 1821 2237 ρηγόριον·

1033 2248 1080 2274 καὶ
1094 2247 1148 2281 γὰρ
1165 2245 1275 2280 ἕναγχὸς
1292 2253 1321 2271 σε
1338 2245 1458 2281 ἐζήτουν,
1478 2244 1637 2280 βουλόμενος
1654 2247 1749 2281 μαθεῖν
1766 2249 1821 2284 τὴν

1033 2292 1194 2329 Μαρκέλλης
1211 2291 1350 2318 συνουσίαν
1366 2291 1413 2317 καὶ
1427 2291 1480 2317 τῶν
1491 2290 1589 2318 λοιπῶν
1604 2292 1746 2327 παρθένων
1760 2295 1821 2322 τῶν

1033 2338 1093 2364 τότε
1119 2337 1157 2372 τῷ
1179 2337 1327 2372 συνδείπνῳ
1356 2337 1583 2373 παραγενομένων
1605 2339 1669 2373 περὶ
1693 2339 1749 2367 τῶν
1766 2341 1820 2377 τῆς

1033 2425 1113 2453 quam
1134 2417 1372 2453 contrarrdecorum
1398 2420 1448 2453 est.
1475 2417 1573 2444 Idonea
1598 2417 1718 2453 profecto
1732 2419 1819 2449 index

1033 2451 1123 2480 ferum
1140 2453 1166 2479 in
1180 2452 1302 2489 m_uliel_)ri
1326 2451 1450 2479 convivio
1466 2451 1606 2489 gestarum
1617 2453 1742 2489 ministra
1753 2455 1819 2489 ejus

1034 2495 1134 2515 mensa).
1146 2487 1243 2514 mulier
1261 2487 1326 2513 fuit:
1341 2494 1401 2521 qua
1413 2488 1486 2521 quod
1499 2487 1643 2514 ministerii
1663 2487 1818 2519 attentione

1035 2527 1157 2554 avocata,
1174 2522 1354 2549 verisimiliter
1377 2522 1541 2556 nequivisSet
1566 2523 1704 2551 orationes
1717 2526 1817 2552 convi-

1032 2558 1152 2584 vantium
1169 2557 1302 2591 virginum
1317 2576 1324 2588 ,
1349 2557 1497 2591 przesertim
1514 2557 1627 2585 sublatis
1645 2558 1766 2591 ferculis,
1785 2565 1816 2588 el.

1033 2595 1094 2626 post
1112 2592 1308 2629 _mii_iistra_rum
1330 2599 1474 2629 recessum
1492 2592 1600 2629 habitas
1619 2600 1812 2629 cognoscere;

1033 2630 1094 2661 apte
1109 2627 1217 2661 ﬁngitur
1240 2626 1409 2660 Theopatra,
1430 2626 1511 2654 unius
1524 2635 1539 2654 e
1552 2626 1705 2660 sodalibus,
1722 2626 1812 2657 relatu

1032 2661 1159 2688 didicisse
1174 2671 1180 2687 :
1198 2661 1267 2688 sicut
1289 2662 1469 2695 Apollodorus
1483 2666 1608 2688 narrator
1627 2662 1745 2690 Convivii
1760 2666 1812 2692 So-

1034 2697 1128 2723 cratici
1140 2716 1146 2728 ,
1158 2703 1219 2733 quae
1230 2695 1331 2733 retulit,
1348 2703 1381 2723 ex
1393 2696 1566 2733 Aristodemo
1577 2698 1624 2732 qui
1636 2698 1811 2733 interfuerat,

1026 2738 1056 2758 se
1073 2731 1212 2765 accepisse
1226 2730 1378 2765 proﬁtetur,
1393 2731 1421 2758 in
1445 2737 1477 2759 eo
1499 2730 1619 2760 Platonis
1635 2733 1704 2761 libro
1729 2730 1811 2770 quem

230 2809 238 2818 '
256 2809 306 2834 Hoc
316 2809 387 2838 signo
399 2809 537 2834 indicantur
550 2812 613 2835 notae
627 2809 765 2837 Allatianae.
780 2815 834 2838 quae
845 2809 902 2834 huic
914 2808 983 2838 operi
993 2806 1165 2838 subjiciuntur.
