1908 3078
215 103 250 130 3'3
689 96 716 124 S.
739 94 903 123 METHODII
923 91 1074 120 EPISCOPI
1097 91 1139 118 ET
1161 89 1338 117 MARTYRIS
1806 83 1842 109 In

211 165 241 192 iu
267 167 381 191 (nstrum
409 160 549 195 abreptus.
580 159 706 186 adulterii
736 165 844 193 quoque
870 155 998 183 sordibus

1062 152 1132 185 )Csa’s
1149 151 1278 187 μοιχείαν.
1295 148 1388 184 Ταύτῃ
1405 148 1458 174 πᾶν
1473 146 1559 182 δῶρον
1579 146 1608 172 ὲν
1631 144 1670 180 τῷ
1688 141 1838 177 Λευῖτικῷ,

213 211 425 244 computruerat.
454 207 523 234 Hinc
539 205 628 233 omnis
653 204 754 232 oblatio
779 204 806 231 in
834 202 954 230 Levitico
977 201 998 234 ⁵,

213 257 267 284 nisi
284 255 360 290 prius
372 254 428 281 sale
444 252 554 280 condita
570 251 664 284 fuerit,
692 251 719 277 in
739 250 929 278 holocaustum
955 254 1000 274 ce--

215 302 279 329 dere
294 300 454 337 prohibetur
469 299 582 326 Domino
604 297 670 325 Deo.
694 297 739 323 Sal
751 303 816 324 vero
830 294 909 322 nobis
928 293 1000 328 quod

214 348 338 375 mordeat
355 351 382 374 et
399 345 432 373 ad
448 345 593 372 utilitatem
611 343 755 378 astringat,
768 341 900 377 spiritalis
912 338 1001 366 omnis

216 394 420 429 Scripturarum
438 393 500 420 data
513 390 653 418 meditatio
666 393 707 416 est
720 398 726 416 :
745 388 804 415 sine
815 394 867 422 qua
894 385 1001 412 animus

215 448 264 476 per
285 440 419 468 rationem
449 438 572 466 omnium
596 435 701 463 auctori
726 434 781 460 Deo
807 436 882 467 grata
912 430 1001 458 hostia

215 475 307 514 otl'erri
328 493 383 512 non
407 487 498 520 potest
521 492 528 510 :
554 482 605 509 Vos
629 481 701 509 enim
721 479 784 507 estis
798 478 839 506 sal
855 482 941 509 εει-τω,
965 475 1003 503 ait

216 532 348 560 Dominus
364 532 374 547 ⁶
385 530 526 566 apostolis.

253 578 365 613 Oportet
386 578 467 612 igitur
484 568 623 611 Vvirginem
640 573 817 600 honestarum
840 577 947 605 semper
962 576 1004 596 re-

218 632 280 652 rum
296 624 386 652 studio
402 623 529 658 ﬂagrare,
551 625 577 648 et
599 621 670 647 inter
694 619 844 647 eminentes
865 615 1004 652 sapientia:

217 671 298 699 laude
323 671 484 697 honoratum
502 669 592 695 locum
609 672 700 694 tenere
721 675 727 692 :
752 665 820 692 nihil
837 664 940 699 pigrum
958 665 1004 689 aut

218 717 301 745 molle
316 716 417 742 habere
427 734 434 746 ,
451 714 498 741 scd
513 713 662 744 excellere,
674 715 700 738 ct
715 710 825 738 heroico
841 708 1004 743 virginitatis

218 762 358 798 proposito
368 761 464 796 dignos
477 768 574 788 sensus
583 759 665 790 alere,
676 764 735 793 qua:
747 763 848 790 semper
864 754 1005 781 deﬂuentis

218 807 364 843 voluptatis
385 807 488 835 saniem
511 805 642 833 doctrina:
665 802 842 830 meditatione
866 800 1003 835 detergat;

1053 199 1101 225 ἐὰν
1113 198 1150 233 μὴ
1163 197 1240 224 ἆλατι
1258 195 1364 230 ἁλισθῇ.
1382 191 1583 228 ἀπαγορεύεται
1601 191 1641 222 είς
1651 189 1844 225 ὀλοκάρπωμα

1054 242 1255 279 προσφέρεσθαι
1271 240 1366 276 Κυρίῳ
1387 238 1426 274 τῷ
1441 237 1510 273 Θεῷ.
1530 237 1614 268 Ἀλας
1623 236 1651 262 δὲ
1665 237 1729 271 ἡμῖν
1749 234 1781 260 τὸ
1794 234 1845 269 δη-

1054 290 1146 317 κτικὸν
1164 288 1231 324 πρὸς
1244 286 1377 321 ὠφέλειαν
1391 284 1547 318 ἀποστύφον
1561 284 1577 318 ἡ
1599 281 1775 317 πνευματικὴ
1794 280 1847 306 πᾶ.-

1055 345 1089 363 σα
1103 335 1156 361 τῶν
1177 333 1292 369 Γραφῶν
1316 332 1392 367 ἐδόθη
1410 330 1508 366 μελέτη
1522 338 1527 344 ·
1540 327 1574 364 ἧς
1592 327 1625 362 δὴ
1641 327 1726 362 χωρὶς
1741 325 1845 353 ἀδύνα-

1053 390 1099 409 τον
1111 380 1150 416 τῷ
1161 378 1365 414 Παντοκράτορι
1389 377 1433 404 διὰ
1455 375 1502 402 τοῦ
1520 375 1599 409 λόγου
1624 372 1846 408 προσενεχθῆναι

1053 427 1157 463 ψυχήνο
1182 425 1273 460 Ὑμεῖς
1284 425 1338 460 γάρ
1351 424 1421 450 ἐστε
1435 422 1468 449 τὸ
1483 421 1560 453 ἅλας
1571 419 1625 454 τῆς
1634 419 1701 455 γῆς,
1715 420 1730 445 ὁ
1739 418 1847 455 Κύριος

1055 474 1107 508 ἔφη
1120 474 1175 504 τοῖς
1190 471 1356 502 ἀποστόλοις.

1090 564 1151 601 Χρὴ
1165 561 1212 590 οὗν
1233 562 1283 597 τὴν
1304 559 1436 596 παρθένον
1457 558 1501 585 ἀεὶ
1524 557 1577 584 τῶν
1593 556 1684 584 καλῶν
1699 557 1777 592 ὲρᾷν,
1793 556 1847 583 καὶ

1056 612 1111 643 τοῖς
1125 609 1310 647 πρωτεύουσιν
1339 610 1378 640 εἰς
1394 609 1489 643 σοφίαν
1512 607 1675 646 ἐμπρέπειν,
1693 606 1741 632 καὶ
1759 604 1848 640 μηδὲν

1058 657 1177 694 ῥᾴθυμον
1195 656 1261 692 μηδὲ
1280 655 1416 691 μαλθακὸν
1435 654 1505 689 ἔχειν
1516 662 1522 669 ·
1539 653 1596 680 ἀλλ’
1613 651 1779 688 ἀριστεύειν,
1792 650 1846 677 καὶ

1057 704 1118 737 ἄξια
1127 704 1176 739 τῆς
1189 702 1336 739 παρθενίας
1360 703 1478 738 φρονεῖν,
1493 700 1705 735 ἀποσμήχουσαν
1716 697 1756 733 τῷ
1771 697 1847 732 λόγῳ

1057 750 1119 781 τοὺς
1143 749 1243 785 ἰχῶρας
1272 749 1315 776 ἀεὶ
1338 749 1386 783 τῆς
1403 746 1579 783 ἡδυπαθείας,
1605 745 1701 780 μήπως
1722 743 1848 770 λαθοῦσα

1059 795 1170 832 βραχεῖα
1201 794 1324 830 σηπεδὼν
1346 794 1462 830 γεννήσῃ
1479 792 1524 818 τὸν
1545 790 1672 826 σκώληκα
1685 789 1736 824 τῆς
1745 788 1849 816 ἀκολα-

226 833 356 843 -νητ-ηνν
386 833 395 835 ε
453 833 456 834 ν
945 833 954 835 ε

219 855 317 883 necubi
348 854 419 881 forte
443 854 530 880 latens
553 851 594 878 vel
610 850 723 877 minima
742 847 872 883 putredo,
890 845 1006 874 inconti-

1062 841 1129 872 σίας·
1152 842 1188 868 Ἡ
1201 841 1255 874 γὰρ
1268 840 1378 874 ἅγαμος
1391 837 1518 874 μεριμνᾷ
1534 837 1571 863 τὰ
1579 835 1632 863 τοῦ
1643 835 1764 869 Κυρίου,
1781 833 1848 866 πῶς

219 901 321 928 ηειιιὶαξ
344 906 464 927 vermem
489 897 654 933 progignat:
681 894 796 928 Innupta
818 893 887 920 enim
911 892 1008 927 cogitat

217 955 277 983 qua:
292 946 398 973 Domini
414 949 490 977 sunt,
513 942 641 979 quomodo
664 941 767 976 placeat
787 939 910 970 Domino,
926 943 954 965 ut
973 939 1009 964 sit

220 996 313 1018 sancta
343 998 451 1024 corpore
478 994 501 1016 et
522 988 634 1022 spiritu,
657 986 747 1021 inquit
758 985 856 1012 beatus
874 983 1006 1010 Paulus".

219 1037 309 1064 .‘llultze
320 1044 385 1063 vero
398 1036 563 1062 auditionem
581 1042 612 1060 ac
625 1031 747 1060 discendi
765 1038 870 1062 curam,
889 1038 937 1057 ceu
948 1036 1005 1057 rem

218 1083 248 1110 in
258 1082 386 1111 secundis
396 1080 548 1108 habendam
560 1079 759 1110 existimantes,
770 1077 884 1103 multum
897 1075 949 1103 sibi
962 1075 1008 1102 de-

219 1131 278 1158 beri
294 1132 407 1165 putant,
433 1128 456 1156 si
469 1127 512 1154 vel
529 1126 665 1153 modicum
680 1129 788 1158 tempus
805 1122 936 1149 doctrinae
959 1128 1004 1147 au-

219 1183 264 1202 res
278 1175 441 1202 adhibeant:
461 1179 529 1207 quas
541 1180 556 1197 a
567 1171 654 1198 sacris
671 1167 904 1203 disputationibus
915 1165 1008 1193 exclu-

219 1222 284 1249 dere
300 1221 404 1248 deceat.
428 1219 556 1253 Augustae
570 1217 641 1243 cuitu
660 1219 742 1250 atque
759 1221 874 1240 morosm
899 1212 1009 1239 humili-

220 1275 274 1302 que
287 1267 383 1293 auima:
395 1285 402 1297 ,
430 1271 481 1291 ncc
499 1271 556 1290 non
580 1261 720 1297 sapientire
735 1261 842 1286 inanem
863 1258 1008 1294 quamdam

221 1313 337 1349 gaetanti
353 1311 483 1346 speciem,
497 1308 568 1336 haud
581 1307 767 1342 imparticnda:
783 1309 846 1332 sunt
859 1305 957 1332 divina:
969 1304 1010 1331 di-

223 1358 356 1393 scipliuzc.
374 1355 426 1389 Qui
440 1355 512 1382 enim
536 1362 591 1381 non
608 1352 753 1380 ridiculum
771 1350 842 1386 apud
862 1358 909 1378 eas
926 1349 1011 1384 pluri-

223 1405 275 1430 bus
287 1400 474 1431 commentari,
490 1407 549 1434 qua‘,
566 1399 592 1425 in
606 1406 635 1425 re
650 1397 758 1432 quidem
775 1396 866 1431 exigui
882 1393 1011 1422 momenti

1066 888 1152 922 ὶρέσῃ
1168 887 1209 918 τῷ
1217 886 1324 920 Κυρίῳ,
1337 886 1387 912 ἵνα
1396 883 1415 921 ᾗ
1429 885 1498 919 (ig-lu
1512 884 1559 910 καὶ
1570 882 1680 917 σώματι
1687 881 1742 919 ’καὶ
1754 880 1849 906 πνεύ-

1055 943 1136 970 ματι,
1160 934 1241 968 φησιν
1265 934 1279 958 ὁ
1297 932 1428 968 μακάριος
1453 930 1568 961 Παῦλος.
1585 928 1684 955 Πολλαὶ
1698 928 1726 954 δὲ
1741 927 1849 962 πάρερ-

1058 989 1105 1016 γον
1122 979 1271 1016 ἡγούμεναι
1294 978 1341 1014 τὴν
1356 978 1503 1014 ἀκρόασιν,
1525 976 1663 1011 νομίζουσι
1682 972 1849 1010 χαρίζεσθαι

1060 1024 1175 1061 μεγάλα,
1206 1024 1253 1050 eam
1281 1024 1332 1050 κᾶν
1347 1023 1377 1049 τὸ
1393 1022 1477 1058 βραχὺ
1501 1021 1661 1058 παράσχωσι
1676 1020 1725 1051 τὰς
1740 1018 1829 1050 ἀκοάς
1839 1026 1847 1033 ·

1060 1073 1092 1105 ἃς
1106 1072 1244 1108 ἐκκριτέον
1256 1080 1263 1086 ·
1282 1070 1434 1106 μικρολόγῳ
1449 1068 1502 1103 γὰρ
1514 1068 1593 1102 φύσει
1608 1067 1655 1093 καὶ
1667 1067 1781 1101 ταπεινῇ
1797 1065 1850 1092 καὶ

1060 1118 1302 1154 ἐπιμορφαζομένῃ
1327 1116 1406 1151 σοφίᾳ
1438 1115 1467 1142 οὑ
1491 1115 1543 1151 χρὴ
1574 1114 1740 1149 μαθημάτων
1765 1112 1851 1138 θείων

1060 1165 1205 1190 κοινωνεῖν.
1233 1161 1270 1188 Ἦ
1287 1162 1339 1197 γὰρ
1364 1161 1394 1187 οὐ
1415 1160 1518 1194 γελοῖον
1539 1159 1657 1189 ἐκείναις
1676 1158 1848 1192 ἀδολεσχεῖν,

1060 1210 1160 1241 αἵτινες
1177 1209 1222 1235 ἐπὶ
1237 1208 1285 1243 μὲν
1302 1209 1358 1238 τοῖς
1374 1206 1470 1242 μικροῦ
1486 1205 1569 1238 ἀξίοις
1582 1204 1669 1231 πάντα
1681 1204 1768 1229 ποιεῖν
1787 1210 1852 1229 συν-

1060 1257 1200 1287 τείνονται,
1212 1257 1285 1286 ὅπως
1301 1254 1483 1290 ἀκριϐέστατα
1493 1252 1582 1286 ’ἑξουσι
1601 1252 1633 1278 τὰ
1647 1249 1853 1286 τελεσιουργοὺ-

1063 1311 1130 1337 μενα
1140 1310 1146 1316 ·
1160 1301 1207 1327 ἐπὶ
1230 1301 1257 1326 δὲ
1284 1299 1335 1327 τῶν
1352 1299 1519 1333 ἀναγκαίων,
1534 1298 1566 1324 δι’
1587 1293 1623 1323 ὧν
1638 1295 1737 1332 μᾶλλον
1752 1294 1854 1326 αὑταῖς

1063 1347 1078 1372 ὁ
1093 1346 1142 1381 τῆς
1160 1345 1336 1380 σωφροσύνης
1355 1344 1424 1380 ἔρως
1439 1343 1559 1376 αὔξεται,
1577 1343 1614 1378 μὴ
1633 1342 1764 1378 μεγίστας
1774 1341 1853 1376 ἠγεῖ-

1065 1392 1126 1419 σθαι
1142 1392 1196 1427 (18)
1213 1391 1260 1422 τὰς
1278 1390 1436 1426 ἀκριϐείαςς

223 1448 325 1484 ingenii
348 1448 421 1474 vires
443 1453 538 1473 omnes
562 1443 746 1474 contendant,
770 1447 800 1468 ut
823 1441 1024 1476 perfectissime
1043 1443 1134 1474 optata
1157 1441 1360 1473 assequamur:
1386 1437 1414 1464 in
1440 1435 1603 1463 necessariis
1621 1442 1687 1462 vero
1716 1442 1767 1469 per
1790 1441 1856 1469 qua:

223 1491 394 1525 potissmium
412 1490 544 1518 castitatis
561 1496 638 1516 amor
653 1487 679 1513 iu
695 1487 734 1514 eis
746 1490 887 1521 augeatur,
902 1485 972 1512 haud
990 1493 1054 1512 sane
1071 1485 1236 1519 diligentiam
1253 1484 1363 1510 maximi
1378 1484 1488 1510 facere?

221 1549 284 1577 CAP.
300 1549 332 1576 ll.
353 1549 496 1585 Virginitas
512 1558 526 1576 e
540 1549 611 1577 uelis
620 1549 724 1583 planta,
739 1557 798 1576 sero
828 1548 933 1576 laudent
963 1550 1064 1590 agnita.
1080 1549 1201 1576 [laminis
1230 1547 1264 1575 ad
1285 1548 1469 1582 perfectionem
1490 1553 1632 1582 proccctto,
1656 1548 1785 1582 quomodo
1809 1548 1855 1574 ἰη-

991 1590 1095 1612 stttuta.

255 1658 353 1692 Magno
372 1657 444 1684 enim
466 1664 562 1684 revera
589 1664 706 1684 excessu
721 1663 736 1682 a
750 1664 865 1683 summis
877 1656 1006 1684 cmlorum

1095 1655 1208 1690 Μεγάλῃ
1228 1654 1283 1690 γὰρ
1305 1654 1412 1690 ἀληθῶς
1439 1653 1574 1689 ὑπερϐολῇ
1590 1652 1679 1687 τὸτῆς
1698 1652 1853 1688 παρθενίας

220 1702 340 1731 demissa
352 1702 425 1730 venit
436 1701 602 1736 virginitatis
618 1702 726 1736 planta:
740 1701 917 1735 quamobrem
929 1701 1008 1727 etiam

221 1747 318 1784 primis
346 1747 487 1775 hominum
502 1747 628 1775 aetatibus
649 1747 721 1774 haud
740 1747 791 1774 fuit
806 1747 920 1774 detecta.
936 1746 1010 1774 Non-

221 1795 286 1822 dum
299 1794 398 1829 quippe
414 1801 590 1821 numerosum
605 1797 663 1820 erat
679 1801 764 1827 genus
776 1793 925 1820 humanum
939 1812 946 1825 ,
963 1792 1011 1820 de-

222 1840 355 1875 eebatque
367 1840 456 1873 ipsum
470 1839 545 1874 prius
559 1839 736 1866 multitudine
751 1839 843 1874 augeri
855 1843 935 1873 atque
948 1846 1011 1873 per-

223 1885 275 1912 lici.
291 1885 382 1918 Quare
396 1893 431 1912 ue
447 1886 573 1920 proprias
588 1885 697 1920 quidem
711 1892 821 1912 sorores
833 1892 893 1911 cum
906 1884 1010 1919 antiqui

222 1938 322 1958 uxores
340 1931 506 1966 accipereut,
524 1935 603 1966 turpe
622 1931 725 1966 aliquid
742 1938 775 1958 ac
789 1931 918 1958 indecens
932 1934 1008 1964 erat;

222 1979 309 2006 donec
324 1978 367 2005 lex
376 1979 489 2005 veniens
502 1978 685 2010 denuntiavit,
701 1978 783 2013 idque
795 1977 922 2010 vetando,
936 1977 1010 2012 quod

222 2024 310 2059 primo
338 2024 484 2051 honesturn
510 2032 571 2052 esse
591 2024 743 2055 videbatur,
770 2028 910 2059 peccaturo
949 2031 1011 2051 esse

221 2070 332 2102 sanxit,
361 2070 529 2097 maledictum
554 2078 612 2096 eum
630 2071 798 2105 vocanssqui
823 2069 1010 2104 turpitudinem

222 2117 322 2143 sororis
336 2125 392 2144 suae
409 2117 570 2148 revelaverit,
591 2117 645 2144 Deo
667 2117 795 2144 nimirum
820 2117 902 2144 certis
917 2117 1012 2151 paula-

222 2163 270 2190 tim
283 2166 436 2198 temporum
448 2163 604 2195 momeutis,
623 2162 695 2198 quod
706 2162 825 2190 iuuuano
840 2164 930 2198 generi
945 2170 1011 2190 cou-

221 2216 320 2244 gruum
337 2213 427 2241 esset,
445 2216 580 2244 propeuse
598 2208 758 2236 admovente
773 2209 919 2242 auxilium;
937 2212 967 2235 ut
984 2213 1010 2235 et

223 2258 349 2290 parentes
362 2262 426 2290 erga
439 2255 540 2282 liberos
551 2262 620 2289 pene
639 2254 752 2281 faciunt.
767 2253 906 2281 Noncuitu
922 2254 956 2281 ab
970 2254 1011 2289 ip-

222 2302 261 2329 sis
276 2302 366 2328 statim
381 2301 524 2329 cuuabulis
539 2301 699 2336 paedagogos
712 2300 764 2328 illis
779 2301 948 2335 prteliciuut;
961 2299 1010 2327 sed

1061 1700 1213 1736 ἀνθρώποις
1226 1700 1272 1725 ἀπ’
1290 1699 1411 1735 οὐρανῶν
1426 1698 1606 1733 κατεπέμφθη
1625 1697 1722 1731 φυτόν·
1740 1698 1788 1723 καὶ
1806 1697 1856 1724 διὰ

1060 1747 1138 1773 τοῦτο
1157 1747 1217 1777 ταῖς
1243 1745 1364 1782 πρώταις
1380 1746 1429 1771 οὐκ
1452 1744 1630 1779 ἀπεκαλύφθη
1648 1745 1766 1778 γενεαῖς.
1789 1744 1856 1770 ’Ἑτι

1060 1793 1114 1829 γὰρ
1141 1793 1284 1828 ἄνθρωπος
1307 1791 1443 1825 ὀλιγοστὸς
1465 1789 1509 1826 ἦν,
1534 1790 1581 1816 καὶ
1607 1790 1689 1825 ἐχρῆν
1712 1789 1792 1815 αὑτὸν
1811 1790 1856 1820 εἰς

1061 1839 1163 1874 πλῆθος
1183 1839 1338 1874 αὐξήσαντα
1356 1837 1539 1871 τελειωθῆναι.
1553 1836 1598 1862 Διὸ
1617 1836 1644 1861 δὲ
1657 1835 1703 1862 καὶ
1719 1835 1768 1867 τὰς
1785 1843 1857 1869 σερε-

1060 1885 1141 1921 τέρας
1158 1884 1274 1919 ὰδελφὰς
1289 1884 1314 1910 οἱ
1327 1883 1436 1910 παλαιοὶ
1446 1882 1630 1917 λαμϐάνοντες
1647 1882 1791 1915 γυναῖκας,
1806 1881 1856 1907 οὑ-

1060 1931 1104 1958 δὲν
1118 1929 1151 1966 ἦν
1168 1930 1290 1965 ἀπρεπὲς
1304 1929 1371 1965 (l9),
1390 1929 1469 1964 μέχρι
1481 1928 1561 1963 νόμος
1575 1927 1660 1954 ἐλθὼν
1673 1927 1857 1960 διεστείλατο,

1061 1978 1107 2005 καὶ
1118 1978 1148 2003 τὸ
1159 1976 1265 2012 πρῶτον
1273 1975 1366 2002 δοκοῦν
1381 1973 1449 2001 εἶναι
1458 1975 1538 2001 καλὸν
1546 1973 1747 2009 ἀπαγορεύσας,
1760 1974 1858 2009 ἁμαρ-

1060 2024 1120 2050 τίαν
1143 2023 1298 2058 ἀπεφήνατο
1312 2042 1319 2054 ,
1345 2021 1560 2054 ἑπικιιτιὶρατον
1583 2019 1672 2046 καλῶν
1700 2019 1753 2045 τὸν
1778 2020 1857 2045 ἀπο-

1060 2069 1258 2096 καλύπτοντα
1269 2067 1326 2101 τὴν
1345 2066 1564 2101 ἀσχημοσύνην
1578 2065 1633 2099 τῆς
1650 2063 1785 2098 ἀδελφῆς
1802 2066 1858 2092 αὑ-

1061 2116 1113 2142 τοῦ
1128 2135 1134 2147 ,
1158 2114 1204 2141 τοῦ
1228 2114 1295 2141 Θεοῦ
1317 2114 1387 2140 κατὰ
1403 2113 1497 2148 καιρὸν
1511 2112 1559 2148 τὴν
1584 2112 1757 2147 ἁρμόζουσαν
1770 2111 1858 2146 ἡμῶν

1060 2160 1099 2195 τῷ
1110 2160 1184 2194 γένει
1207 2159 1357 2190 σπουδαίως
1385 2158 1583 2193 προσφέροντος
1599 2158 1734 2193 βοήθειαν,
1754 2156 1858 2192 ὥσπερ

1061 2207 1092 2242 δὴ
1112 2207 1158 2234 καὶ
1172 2207 1195 2232 οί
1210 2206 1326 2241 πατέρες
1341 2206 1396 2236 τοῖς
1415 2205 1492 2235 υἱοῖς.
1509 2204 1546 2230 Οὐ
1563 2204 1616 2239 γὰρ
1634 2203 1733 2234 εὐθέως
1746 2203 1858 2230 ἄνωθεν

1061 2253 1235 2280 ὲττιστατοῦσι
1258 2253 1320 2283 τοὺς
1341 2251 1548 2285 παιδαγωγοὺς·
1569 2250 1636 2277 ἀλλὰ
1657 2250 1704 2285 τὴν
1720 2249 1857 2285 παιδικὴν

1061 2298 1168 2333 ἡλικίαν
1188 2297 1316 2328 ἐάσαντες
1337 2296 1485 2333 ἁθύρεσθαι
1503 2295 1656 2331 μοσχαρὶων
1672 2295 1760 2330 δίκην,
1776 2296 1858 2330 πρῶ-

221 2355 355 2376 concesso
367 2348 441 2375 aetati
455 2347 579 2383 primulae
604 2347 693 2382 spatio
704 2347 820 2382 quodam
837 2346 951 2382 puerilia
967 2346 1006 2373 lu-

1062 2353 1105 2372 τον
1121 2344 1160 2375 εἰς
1179 2342 1345 2370 διδασκάλων
1373 2341 1605 2378 συμψελλιζόντων
1628 2340 1857 2374 ἀποστέλλουσιν,

221 2394 315 2427 deudi,
346 2401 378 2422 ac
401 2395 478 2429 quasi
495 2394 643 2421 vitulorum
663 2400 739 2421 more
763 2393 896 2428 tantisper
922 2392 1004 2420 lasci-

257 2475 268 2490 ‘
283 2474 366 2502 Levit.
386 2482 415 2506 ιι,
433 2475 475 2502 l3.
514 2475 524 2490 ⁸
540 2473 679 2506 Matth.'v,
696 2474 740 2501 l5.

225 2556 310 2591 magis
323 2556 408 2591 probo
421 2559 519 2590 quarto
530 2559 591 2590 post
602 2563 682 2582 versu
702 2553 914 2591 προσφέρεσθαι,
934 2553 1007 2591 quod

226 2589 294 2619 Mai.
310 2589 370 2617 cod.
385 2589 465 2618 habet
486 2589 536 2625 pro
554 2590 683 2626 φέρεσθαι
694 2589 799 2626 Κυρίῳ,
819 2589 890 2624 quod
907 2593 965 2626 erat
978 2589 1008 2626 iu

226 2626 288 2653 Vat.
306 2625 366 2653 Mox
392 2631 464 2653 recte
486 2624 622 2652 omittitur
635 2627 660 2652 iu
679 2626 739 2652 cod.
762 2625 830 2651 Maz.
847 2632 897 2651 vox
925 2624 1009 2658 αὐτῆς

226 2666 287 2697 post
298 2661 514 2697 praepositionem
529 2661 622 2696 χωρίς.
641 2660 806 2697 Ιῦιιλῐιυιιιιῐι.

262 2694 317 2730 (l8)
341 2696 493 2729 Ἡγεῖσθαι.
515 2694 659 2730 componit
676 2695 826 2722 Methodius
850 2694 888 2730 τῷ
917 2694 1008 2721 ἀδολε-

227 2732 311 2766 σχεῖν,
327 2739 442 2765 operarii,
456 2732 536 2757 otium
548 2733 652 2765 perdere
663 2731 779 2765 seriaque
796 2730 901 2764 nugari,
914 2730 941 2757 iu
953 2730 1006 2756 illis

225 2765 286 2801 qua:
301 2767 408 2801 augusti
433 2767 515 2792 auiiui
531 2770 609 2797 sunt,
625 2766 664 2797 τὸ,
686 2766 722 2801 μὴ
737 2765 865 2801 μεγίστας
883 2765 1006 2799 ἡγεῖσθαι

225 2801 274 2832 τὰς
289 2801 444 2834 ἀκριϐείας,
458 2809 509 2828 ηοη
520 2801 630 2828 maximi
649 2802 735 2833 facere
747 2801 909 2833 diligentiam
924 2801 949 2827 in
963 2809 1008 2827 ne-

777 2474 787 2489 ⁷
806 2474 815 2501 1
833 2473 895 2500 Cor.
920 2480 968 2504 vn,
985 2473 1029 2500 3.5.

1058 2390 1111 2417 ἐστ’
1126 2389 1158 2416 ἂν
1172 2389 1355 2420 ἀποῦαλόντες
1366 2388 1414 2424 τὴν
1433 2387 1600 2423 μειρακιώδη
1618 2387 1699 2422 τρίχα
1711 2387 1757 2413 τοῦ
1773 2387 1852 2419 νοὸς,

1069 2471 1174 2498 “Leuit.
1191 2477 1258 2497 xvm
1278 2469 1312 2503 9;
1335 2477 1380 2500 xx,
1402 2469 1445 2495 Π.

1061 2553 1200 2584 cessariis;
1221 2556 1251 2578 ut
1267 2557 1411 2585 utrumque
1426 2550 1500 2577 dicat
1523 2549 1678 2576 ridiculum.
1708 2547 1764 2585 Sic
1781 2550 1856 2577 nihil

1060 2589 1118 2615 vitii
1131 2589 1156 2614 iu
1167 2588 1211 2614 illa
1224 2595 1299 2619 vove,
1313 2584 1391 2619 cujus
1402 2585 1571 2612 emendation
1603 2584 1858 2619 exspectandi-siut

1061 2624 1107 2650 alii
1123 2623 1246 2655 codices;
1263 2626 1293 2648 ut
1309 2622 1395 2649 visunt
1411 2626 1453 2647 est
1466 2620 1564 2647 cditori
1579 2619 1678 2654 Lupar.
1697 2619 1770 2646 Satis
1786 2626 1831 2647 εει
1845 2641 1854 2652 ,

1063 2663 1092 2685 ut
1107 2659 1153 2693 qui
1176 2661 1284 2685 exstant.
1296 2663 1400 2683 suuuuo
1414 2663 1550 2693 consensu
1571 2655 1639 2693 nihil
1651 2655 1791 2693 Methodio
1809 2658 1854 2681 vi—

1063 2689 1148 2728 roque
1158 2692 1397 2728 prudentiseusum
1413 2691 1556 2728 a_dvcl:sutu
1564 2690 1687 2728 reddant.
1696 2689 1852 2728 (Eumaeus.

1098 2720 1261 2762 (’19)’οι“νδὲν
1271 2725 1309 2761 ἦν
1319 2725 1459 2760 ἀπρεπές.
1482 2725 1573 2752 Codex
1585 2721 1633 2762 Val
1640 2725 1749 2762 .,_oO6r‘sv
1759 2720 1855 2762 ἠσχη-

1062 2758 1168 2799 μὸνουν.
1183 2762 1264 2794 Maz.,
1280 2758 1375 2789 audaci
1387 2761 1557 2793 diversitate,
1573 2760 1649 2799 οιξᾷὲν
1661 2758 1697 2799 ᾖν
1712 2758 1853 2796 ἀπρεπές,

1060 2795 1222 2831 ὲιοεδειιιίιιε
1238 2799 1263 2825 iu
1279 2800 1435 2825 contextqu
1458 2801 1576 2828 recepto.
1594 2795 1641 2822 lio.
1661 2795 1762 2823 Lunae.
