1908 3078
59 131 85 160 ιι
602 130 795 158 CONV‘VIUM
816 130 929 158 DECEM
950 129 1130 158 VIRGINUM.
1645 129 1679 157 ιε

62 190 144 226 εἰςτὴν
161 190 216 216 τῶν
243 190 382 226 μειζόνων
403 193 516 226 ἄσκησιν
540 191 776 227 παραπεμφοῶσι·
794 192 843 218 κά-

897 189 997 223 viendi,
1013 190 1046 217 ad
1062 190 1208 225 magistros
1221 196 1274 216 una
1287 196 1348 215 cum
1363 189 1402 215 eis
1417 188 1608 217 balbutientcs.
1625 189 1684 223 pri-

65 236 136 263 κεῖθεν
155 234 238 268 αὖθις
262 239 304 269 είς
325 238 376 273 τὴν
400 238 453 265 τῶν
466 238 504 264 ἔτι
526 238 664 274 μειζόνων.
683 237 773 274 Ταύτῃ
791 238 844 273 γὰρ

65 283 103 311 καῖ
112 283 153 309 τὸν
169 282 239 309 Θεὸν
256 283 306 309 κα.)⁸
323 284 434 319 Πατέρα
458 284 510 310 τῶν
530 283 596 311 ὅλων
612 283 727 319 ἡγητέον
740 293 844 320 προση-

65 327 141 362 νέχθαι
153 329 211 360 τοῖς
227 329 284 364 πρὸ
298 329 389 364 ὴμῶν.
404 330 463 355 Ἐτι
473 329 547 364 γὰρὸ
563 329 676 364 κόσμος1
693 329 845 365 ἀνθρώπων

64 373 212 408 ἀπλήρωτος
233 373 284 404 ὢν,
311 373 349 406 ὡς
375 375 471 410 νήπιος
492 372 525 409 ἦν
542 374 589 400 καὶ
612 375 694 410 ἐχρῆν
711 374 791 401 αὑτὸν
805 375 845 407 είς

64 418 150 454 πλῆθος
159 419 305 455 πρότερον,
314 420 345 446 ὲκ
354 420 454 447 τούτων
461 420 640 456 ἀνδρωθέντα,
648 420 843 456 πληθυνθῆναι.

68 463 125 491 Ἀλλ’
139 464 184 491 ὅτε
202 464 298 492 λοιπὸν
316 465 370 492 ἀπὸ
387 465 511 502 περάτων
536 467 581 493 ἐπὶ
598 467 703 501 πέρατα
729 467 845 502 κατῳκί-

63 510 116 545 σθη,
132 511 183 545 τῆς
198 509 412 548 ἀνθρωπότητος
433 513 472 544 είς
486 512 598 548 ἄπειρον
620 514 783 549 κεχυμένης,
795 515 845 540 οὐκ

62 556 96 582 ἐτι
110 557 166 587 τοῖς
182 556 278 588 αὐτοῖς
298 557 438 592 ἐπιμένειν
453 557 497 584 τὸν
509 557 650 591 ἄνθρωπον
667 558 816 594 ἐπέτρεπεν
831 560 845 586 ὁ

62 601 128 633 Θεὸς,
150 602 264 628 σκοπῶν
283 602 367 635 ὅπως,
393 603 475 630 τῶνδε
490 605 529 635 είς
545 604 608 630 τάδε
626 604 843 639 μεταϐαίνοντες,

61 646 249 684 πλησιαίτερον
275 649 463 684 προκόπτωσιν
482 649 608 685 ἔρχεσθαι
627 650 680 676 τῶν
700 651 823 686 οὐρανῶν
835 671 843 683 ,

61 694 151 728 μέχρις
167 693 212 726 ἂν,
236 695 276 726 είς
293 695 359 721 αὐτὸ
375 695 404 721 τὸ
422 695 549 734 μέγιστον
567 695 680 731 μαθημα
697 697 742 723 καὶ
765 697 845 732 κορυ-

61 738 202 771 φαιότατον
221 738 271 774 τὴν
291 739 439 773 παρθενίαν
465 740 628 774 φθάσαντες,
647 740 842 767 τελειωθῶσιν·

59 784 108 810 ἀπὸ
127 784 176 819 τῆς
204 784 399 820 mammam;
419 785 577 818 ὁδεύσαντες
607 787 714 823 πρῶτον
742 788 782 819 εἰς
814 788 845 814 τὸ

59 829 158 861 (Mysia;
170 830 323 865 ἐπάγεσθαι
335 832 457 867 γαμετάς
466 840 472 847 ·
485 832 613 860 κάκεῖθεν
637 834 677 865 είς
690 833 719 860 τὸ
746 833 844 869 μηκέτι

60 876 166 908 Danai;
196 877 348 904 ἐπιϐαίνειν
373 878 547 914 τετραπόδων
560 880 645 915 νόμῳ,
660 880 785 916 καθάπερ
803 881 844 911 είς

58 922 144 956 ὀχείαν
158 923 324 956 γεγονότας·
342 924 488 950 κάντεῦθεν
508 926 548 957 είς
568 927 599 952 τὸ
622 925 659 961 μὴ
674 926 785 961 μοιχοὺς
799 933 845 960 γε·

57 968 159 1002 τονὲναι
170 977 177 983 ·
193 969 239 996 καὶ
252 967 285 996 αὖ
302 970 381 996 πάλιν
400 970 440 1001 εἰς
457 971 644 1007 σωφροσύνην,
660 972 706 997 καὶ
723 970 776 997 ἀπὸ
794 979 845 996 σω-

58 1014 192 1049 φροσύνης
219 1016 260 1047 εἰς
286 1016 451 1051 παρθενίαν·
475 1016 538 1043 ἔνθα
569 1016 766 1052 μελετήσαντες
794 1017 844 1052 τῆς

59 1059 154 1092 σαρκὸς
178 1061 373 1096 ὑπερφρονεῖν,
396 1063 436 1093 είς
455 1061 500 1089 τὸν
517 1061 566 1097 τῆς
585 1061 741 1097 ἀφθαρσίας
757 1060 843 1088 εὕδιον

58 1104 161 1136 ἀφόϐως
171 1105 360 1141 ὲνορμίζονται
374 1106 472 1142 χῶρον.

894 244 993 272 tuaque
1011 236 1166 263 rudimenta
1192 244 1223 262 ac
1242 235 1374 262 elementa
1392 235 1536 265 docentes.
1553 242 1600 262 vos
1617 235 1680 261 mito

895 285 966 314 tunt,
983 281 1070 309 donec
1087 280 1204 308 infantili
1219 281 1291 307 velut
1304 280 1421 314 quadam
1440 280 1537 307 mentis
1553 279 1682 314 lanugine

895 327 982 362 posita
997 347 1003 357 .
1029 327 1061 353 ad
1090 327 1223 361 majorum
1240 325 1448 360 disciplinarum
1468 326 1682 353 exercitamenta

896 374 1094 403 transmittant.
1119 377 1200 408 atque
1224 372 1287 399 hinc
1310 371 1344 399 ad
1361 372 1412 398 alia
1442 372 1485 399 his
1509 372 1680 400 sublimiora.

896 418 984 446 Simili
1011 426 1120 454 quoque
1143 419 1250 445 ratione
1269 418 1481 446 existimandum
1508 425 1537 445 se
1563 418 1682 453 gessisse

894 473 959 500 erga
974 465 1089 497 majores
1101 469 1211 492 nostros
1223 464 1306 491 Deum
1321 465 1512 491 universorum
1521 472 1552 492 ac
1562 464 1680 493 Patrem.

895 512 963 540 Tum
977 512 1109 547 siquidem
1123 511 1252 544 mundus,
1264 511 1378 539 necdum
1390 511 1531 538 hominum
1543 511 1683 540 confertus

895 559 1058 595 frequentia,
1085 559 1158 585 velut
1186 558 1277 585 infans
1296 562 1372 589 erat,
1397 558 1564 592 deccbatque
1590 559 1683 594 augeri

896 605 971 640 prius
986 605 1012 631 in
1028 604 1241 636 multitudinem,
1258 611 1291 630 ex
1306 611 1359 639 qua
1376 604 1402 630 in
1415 603 1503 630 virum
1519 604 1598 638 quasi
1615 604 1683 631 ado—

895 652 1020 679 lesceret.
1043 651 1078 677 At
1095 651 1141 678 ubi
1159 650 1214 685 jam
1232 650 1266 677 ab
1279 650 1410 677 extremis
1423 650 1457 677 ad
1469 655 1592 677 extrema
1608 650 1684 677 colo-

895 698 949 725 niis
980 698 1166 732 frcquentatus
1193 700 1250 728 cst,
1274 696 1393 723 humana
1410 696 1502 724 sobole
1527 696 1553 723 in
1569 697 1685 724 immen-

896 751 956 771 sum
966 750 1161 777 usquequaque
1172 742 1242 773 fusa,
1253 749 1306 769 non
1318 741 1436 776 amplius
1452 741 1548 768 iisdem
1561 749 1593 769 ac
1607 743 1686 776 prius

894 787 967 815 Deus
975 787 1111 815 hominem
1123 787 1248 820 permisit
1258 786 1384 814 insistere
1392 786 1531 816 moribus:
1547 786 1573 813 id
1588 793 1686 821 nempe

896 832 1055 868 providens,
1080 836 1110 859 ut
1135 832 1238 859 sensim
1261 839 1293 858 ex
1321 831 1383 858 aliis
1399 831 1431 857 ad
1449 831 1501 858 alia
1517 831 1630 866 gradum
1649 832 1686 857 fa-

860 873 880 900 Β
895 879 996 906 cientes
1008 898 1015 908 .
1042 878 1145 912 majore
1163 878 1285 913 profectu
1302 878 1482 913 propinquius
1496 878 1574 905 caelis
1589 885 1685 905 assur-

892 928 986 960 gerent
1001 934 1007 950 :
1022 924 1111 959 quoad
1127 925 1155 950 in
1171 924 1320 951 maximum
1338 924 1428 959 ipsum
1453 932 1484 951 ac
1500 924 1685 952 Celsissimum

893 966 1219 1004 evadentes'virgiuitatis
1231 968 1436 1000 documentum,
1447 969 1519 1004 quod
1535 970 1685 1004 perfectum

896 1020 939 1043 est
956 1015 1183 1050 adipiscerentur,
1211 1022 1225 1041 a
1252 1015 1366 1042 fratrum
1390 1023 1571 1050 sororumque
1597 1015 1687 1042 mistis

896 1061 1032 1096 coniugiis
1046 1061 1163 1096 primum
1187 1060 1390 1096 progredientes
1410 1065 1439 1088 ut
1457 1066 1584 1088 externas
1603 1061 1687 1088 duce—

896 1112 956 1134 rent
965 1115 1064 1135 uxorcs
1077 1117 1083 1134 :
1100 1106 1208 1140 deinde,
1221 1112 1291 1134 utne
1300 1107 1393 1134 multis
1402 1107 1608 1142 quadrupedum
1621 1107 1686 1139 ritu,

58 1150 126 1176 velut
142 1150 170 1177 in
184 1158 266 1177 unam
284 1151 354 1178 hanc
371 1159 427 1179 rem
444 1152 513 1184 nati,
545 1152 779 1185 congrederentur
795 1163 802 1180 :
816 1153 878 1180 inde
903 1159 933 1181 ut
948 1154 1064 1181 adulteri
1082 1161 1136 1180 non
1147 1157 1252 1186 essent,
1282 1158 1364 1189 atque
1382 1154 1445 1180 hinc
1474 1161 1571 1181 rursus
1591 1158 1620 1181 ut
1639 1162 1686 1180 ca-

59 1199 189 1229 stitalem,
217 1205 305 1232 eaque
328 1198 481 1232 perfuncti,
499 1199 684 1234 virginitatem
703 1200 843 1227 colerent:
863 1201 908 1228 ubi
926 1208 955 1228 se
970 1201 996 1227 in
1015 1201 1107 1227 carnis
1125 1205 1283 1235 contemptu
1307 1206 1476 1233 exercentes,
1500 1201 1527 1228 in
1552 1202 1688 1236 tranquil-

59 1245 109 1271 lum
134 1245 356 1281 incorruptionis
383 1246 491 1279 locum,
509 1247 584 1274 velut
601 1248 739 1275 tutissimo
753 1253 850 1283 portu,
867 1253 940 1276 metu
957 1248 1040 1275 soluti
1051 1249 1230 1283 appellerent.

58 1306 116 1334 CAP.
134 1306 178 1334 III.
192 1307 341 1334 Abralmmi
351 1307 551 1336 circumcisione
569 1310 676 1336 sublata
694 1319 817 1337 sororum
830 1310 962 1345 conjugia.
980 1310 1001 1336 Λ
1021 1310 1178 1344 propheticis
1192 1309 1352 1344 temporibus
1366 1309 1505 1343 repudiata
1521 1309 1686 1344 polygamic.

569 1346 687 1372 Castitas
702 1345 860 1381 conjugahs,
881 1347 938 1380 ipsa
952 1345 1038 1373 modis
1049 1346 1172 1372 coercita.

89 1401 119 1428 ΕΞ
131 1401 158 1427 δέ
173 1410 217 1433 τις
244 1402 282 1433 ὼς
302 1402 460 1438 ἀμάρτυρον
474 1402 528 1429 τῶν
542 1403 658 1439 Γραφῶν
669 1404 843 1431 αἰτιάσασθαι

56 1447 181 1482 τολμῆσαι
197 1447 244 1473 τὸν
259 1447 349 1481 λόγον,
359 1447 424 1483 φέρε
436 1448 478 1483 δὴ,
496 1449 665 1483 παραθέντες
681 1450 728 1476 καὶ
742 1449 775 1476 τὰ.
789 1449 843 1475 τῶν

55 1493 218 1528 κρυπτῶν,
242 1492 414 1529 ἀληθέστερα
449 1493 548 1528 μᾶλλον
587 1495 772 1530 ἀποδείξωμεν
810 1493 845 1520 τὰ

53 1540 249 1575 προειρημένα.
273 1539 302 1566 ’0
317 1539 383 1573 γοῦν
407 1539 542 1575 Ἀϐραὰμ,
560 1540 667 1576 πρῶτος
683 1542 712 1567 ἐν
727 1541 844 1576 διαθήκῃ

51 1587 96 1622 τὴν
109 1587 264 1622 περιτομὴν
281 1585 382 1617 λαϐὼν,
405 1586 480 1613 οὐδὲν
502 1587 595 1622 ἕτερον
616 1588 782 1614 αἰνίσσεσθαι
803 1587 846 1613 δο-

931 1404 971 1432 Ne
984 1405 1047 1440 quis
1072 1411 1138 1432 vero
1168 1403 1319 1431 orationem
1344 1407 1373 1430 ut
1385 1402 1588 1438 Scripturarum
1612 1403 1688 1430 testi-

898 1451 999 1478 moniis
1009 1450 1167 1478 destitutam
1175 1449 1274 1476 audeat
1283 1449 1416 1481 cavillari,
1431 1457 1491 1484 age,
1502 1449 1687 1484 producamus

899 1497 1093 1532 prophetarum
1114 1496 1200 1528 locos,
1220 1495 1307 1531 iisque
1320 1499 1395 1522 certo
1405 1495 1507 1522 certius
1524 1495 1640 1526 veriora.
1654 1503 1687 1522 ea

899 1551 960 1579 quae
973 1544 1048 1571 dicta
1062 1551 1078 1570 a
1094 1542 1173 1570 nobis
1189 1547 1262 1574 sunt,
1278 1541 1464 1570 ostendemus.
1478 1541 1585 1569 Primus
1596 1542 1688 1576 itaque

898 1590 1048 1622 Abraham,
1060 1589 1398 1626 acceptocircumcisionis
1409 1588 1521 1620 ftederc,
1534 1588 1601 1615 nihil
1614 1587 1688 1615 aliud

51 1634 100 1665 κεί,
113 1633 144 1659 τὸ
162 1635 265 1660 οἰκεῖον
288 1633 342 1668 (20)
369 1634 598 1669 περιτεμνόμενος
609 1634 659 1669 τῆς
682 1634 780 1670 σαρκὸς
795 1635 843 1660 αὑ-

897 1635 1004 1663 videtur
1015 1636 1138 1668 innuere,
1150 1635 1290 1670 proprium
1302 1635 1394 1662 carnis
1405 1642 1461 1662 suae
1475 1634 1626 1662 membrum
1637 1641 1690 1669 pu—

50 1679 94 1705 τοῦ
110 1679 204 1714 μέλος,
221 1680 239 1715 ἦ
255 1680 345 1712 τοῦτο,
356 1681 386 1707 τὸ
401 1682 499 1717 μηκέτι
509 1681 543 1707 τὰ
556 1681 588 1708 ἐκ
601 1680 648 1707 τοῦ
665 1680 747 1707 αὐτοῦ
761 1681 844 1716 σπέρ-

51 1734 133 1760 ματος
154 1727 394 1763 δημιουργηθέντα
414 1728 621 1763 παιῶσπορείψ
641 1727 696 1754 ἀπὸ
712 1727 766 1762 τῆς,
777 1726 845 1759 ἰδίας

48 1775 163 1802 ἕκαστον
189 1774 326 1801 διδάσκων
354 1774 483 1809 ἀδελφῆς,
498 1772 542 1801 οἷα
556 1773 666 1809 σαρκὸς,
682 1774 844 1808 ἀποτέμνειν

46 1820 94 1856 τὴν
110 1820 185 1847 κατὰ
203 1821 349 1846 συνουσίαν
358 1821 464 1855 ἡδονήν.
478 1821 558 1846 Ὥστε
573 1820 603 1846 τὺ
614 1819 783 1855 πλησιάζειν,
798 1820 846 1854 καὶ

47 1865 174 1900 ὁμεύνοις
201 1866 321 1901 χρῆσθαι
341 1867 400 1898 ταῖς
416 1866 490 1900 σφῶν
506 1866 644 1900 ἀδελφαῖς,
660 1865 714 1893 ἀπὸ
729 1865 784 1892 τῶν
797 1864 843 1892 τοῦ

54 1912 182 1948 Ἀϐραὰμ
195 1912 337 1939 πέπαυται
353 1912 455 1948 καιρῶν
465 1921 472 1927 ·
485 1912 515 1939 τὺ
529 1912 557 1938 δὲ
571 1911 700 1939 πλειόνων
716 1911 846 1938 συναλλα-

48 1960 107 1991 γαῖς
139 1958 314 1995 ἁρμόζεσθαι
339 1958 490 1993 γυναικῶν,
515 1959 570 1985 ἀπὸ
590 1957 644 1985 τῶν
668 1958 844 1994 προφητικῶν

48 2005 184 2041 ἀνῄρηται
201 2006 318 2041 χρόνων.
341 2006 448 2032 Ὀπίσω
464 2006 518 2041 γάρ
532 2012 590 2032 σου
605 2004 663 2032 τῶν
682 2004 845 2039 ἐπιθυμιῶν

46 2052 87 2085 μὴ
103 2052 268 2087 αορε-υθῇς,
282 2053 333 2080 καὶ
349 2052 409 2080 ἀπὸ
424 2052 483 2079 τῶν
500 2052 626 2086 όρέξεών
635 2059 692 2079 σου
708 2052 842 2078 κωλύου-

50 2097 139 2133 οῖνος
155 2099 212 2135 γὰρ
230 2099 281 2126 καὶ
295 2098 436 2133 γυναῖκες
453 2098 667 2132 ἀποστήσουσι
684 2099 842 2131 συνετούς.

48 2144 102 2171 Καὶ
111 2146 142 2171 ἐν
161 2145 259 2181 ἑτέρῳ·
276 2144 316 2172 '11
329 2144 410 2179 πηγή
427 2153 485 2172 σου
503 2145 556 2172 τοῦ
576 2144 685 2177 ὕδατος
698 2144 775 2172 ἔστω
793 2150 843 2171 σοι

81 2215 93 2230 ⁹
111 2213 196 2241 Eccli.
220 2222 300 2246 xvnt,
317 2214 362 2241 50.
401 2214 422 2229 ¹⁰
443 2214 524 2241 Eccli.
542 2222 599 2247 xtx,
615 2214 643 2241 2.

898 1681 993 1715 tando,
1015 1688 1108 1716 quam,
1128 1681 1200 1708 haud
1216 1681 1332 1716 amplius
1346 1681 1428 1709 licere
1441 1689 1502 1708 cum
1515 1688 1547 1708 ea
1562 1689 1623 1716 quae
1642 1680 1689 1708 iis.

898 1727 959 1755 dem
975 1732 1035 1754 orta
1049 1726 1209 1762 parentibus
1223 1727 1275 1759 sit,
1289 1734 1347 1754 rem
1363 1727 1514 1754 maritalem
1532 1727 1646 1759 habere;
1671 1735 1687 1754 a

899 1774 1009 1809 propria
1024 1781 1161 1808 quemque
1178 1780 1284 1804 sorore,
1299 1773 1373 1800 velut
1383 1780 1490 1800 acarne
1503 1773 1624 1808 propria,
1638 1773 1689 1800 do-

899 1827 965 1847 cens
989 1827 1165 1855 congressum
1189 1824 1341 1855 amputare.
1370 1818 1463 1853 Itaque
1487 1819 1522 1846 ab
1539 1819 1687 1846 Abrahatni

899 1870 990 1899 aetate,
1002 1874 1105 1894 morem
1118 1867 1192 1893 illum
1203 1874 1257 1901 quo
1268 1873 1377 1893 sorores
1387 1865 1518 1893 fratribus
1528 1866 1686 1901 nuptiarum

899 1913 1002 1942 foedere
1017 1914 1213 1949 jungebantur,
1231 1913 1368 1940 sublatum
1385 1912 1520 1940 videmus.
1534 1911 1633 1939 Multas
1642 1919 1687 1938 au-

904 1963 957 1988 tem
968 1959 1048 1987 simul
1056 1960 1090 1986 ab
1100 1967 1154 1986 uno
1164 1959 1256 1986 haberi
1267 1967 1366 1986 uxores
1376 1966 1390 1984 a
1402 1958 1569 1993 propheticis
1580 1961 1686 1992 tempo-

899 2005 975 2033 ribus
999 2005 1112 2041 perinde
1129 2005 1260 2032 abolitum
1280 2008 1332 2032 est.
1372 2004 1440 2031 Post
1458 2004 1686 2038 concupiscentiae

898 2053 970 2080 enim
982 2057 1043 2079 tuas
1053 2072 1059 2083 ,
1078 2051 1184 2086 inquit,
1201 2059 1232 2078 ne
1241 2059 1286 2077 eas
1296 2070 1304 2082 ,
1320 2054 1344 2077 et
1360 2059 1376 2077 α
1391 2050 1527 2077 desideriis
1544 2050 1596 2077 tuis
1611 2059 1688 2078 aver-

898 2103 952 2126 tere
973 2100 982 2115 '
1002 2106 1011 2126 :
1035 2098 1130 2125 Vinum
1147 2098 1219 2125 enim
1243 2102 1268 2124 et
1284 2097 1406 2124 mulieres
1423 2102 1575 2130 apostatare
1588 2097 1688 2132 facient

898 2143 1028 2178 sapientes
1045 2143 1079 2172 ιο,
1090 2142 1120 2169 Et
1130 2143 1184 2169 alio
1194 2143 1254 2170 loco
1267 2153 1273 2170 :
1287 2142 1358 2170 Fons
1370 2147 1430 2169 tuus
1439 2143 1555 2177 aqutesit
1569 2142 1687 2177 tibipro-

83 2275 143 2310 (20)
159 2274 288 2301 Οικεῖον.
301 2272 461 2310 νοιηςοᾱρκ
470 2293 478 2305 .
492 2275 591 2310 οἰκεῖον
603 2273 841 2310 περιτεμνόμενος.

897 2272 1024 2308 deinceps
1037 2272 1160 2300 illicitam
1174 2271 1288 2298 fratrum
1299 2279 1361 2299 cum
1381 2271 1523 2300 sororibus
1535 2271 1597 2310 _(qui
1613 2271 1687 2299 velut

51 2309 118 2337 Mal.
134 2308 237 2336 οἰκεῖον
257 2308 507 2344 περιστελλόμενος.
531 2308 652 2336 Vaticani
668 2309 697 2335 τὸ
714 2317 844 2344 περιτεμ-

51 2346 164 2380 alapam;
180 2346 260 2380 longe
276 2345 368 2379 aptius
378 2349 430 2371 est.
444 2345 579 2371 Caeterum
595 2348 710 2379 uterque
727 2348 800 2370 errat
816 2344 843 2370 in

51 2379 116 2408 voce
130 2379 242 2407 oixsiov‘
259 2381 351 2414 agitur
365 2381 436 2406 enim
451 2381 484 2407 de
498 2380 754 2410 circuxncisiotle,et
768 2379 843 2406 desi-

52 2421 153 2449 gnatur
175 2415 329 2442 membrum
351 2414 379 2441 in
401 2422 455 2449 qtto
470 2422 502 2443 ea
518 2415 575 2442 fieri
591 2419 770 2442 consueverat
786 2424 792 2440 :
810 2414 842 2441 ad

53 2452 122 2485 quod
151 2451 233 2478 nimis
256 2449 385 2485 generica
402 2455 444 2477 est
464 2458 515 2477 vox
535 2451 645 2482 οἰκεῖον,
659 2457 719 2484 qua:
734 2450 842 2481 manui,

53 2487 111 2521 pedi
131 2491 159 2513 et
185 2486 315 2513 omnibus
341 2485 403 2521 aliis
416 2486 539 2520 partibus
558 2486 682 2520 corporis
704 2485 842 2512 convenit.

54 2522 201 2557 Seripserit
215 2529 280 2556 ergo
292 2520 447 2557 Methodius
457 2521 544 2556 ὀχεῖον
557 2530 564 2548 :
581 2526 675 2547 notum
690 2520 762 2547 enim
776 2521 842 2557 quid

54 2555 201 2586 sitG‘ratcis
215 2555 332 2591 ὀχεύειν,
347 2560 374 2583 et
388 2556 450 2583 inde
463 2555 544 2583 ducta
549 2557 637 2592 ᾠχεία
653 2559 680 2583 et
691 2556 788 2592 ὀχείας.
800 2555 844 2582 Di—

55 2593 156 2621 narcho
175 2593 259 2624 ἵππος
279 2593 367 2627 ὀχεῖος
381 2599 468 2626 equus
484 2591 663 2618 admissarius
674 2611 681 2623 ,
697 2595 724 2618 et
739 2591 846 2618 Aristo-

55 2631 98 2654 teli
125 2636 152 2654 vr
171 2627 278 2655 Hister.
294 2627 384 2654 Anim.
400 2627 520 2662 generali
537 2627 667 2654 vocabulo
681 2627 776 2661 ὀχεῖα,
789 2635 847 2662 niu-

56 2671 105 2690 res.
118 2663 164 2690 Sic
179 2663 252 2690 enim
271 2663 327 2689 illic
342 2662 421 2688 habet
441 2669 501 2697 cap.
525 2662 559 2688 I8
577 2671 583 2689 :
600 2663 641 2688 Τὰ
658 2662 735 2697 ὀχεῖα
747 2663 779 2688 ἐκ
791 2661 846 2687 τῶν

57 2697 223 2734 θῃλειῷνοοῦκ
229 2698 380 2734 ἐξαίρουσι.
390 2697 480 2734 Mores
491 2706 507 2724 a
516 2697 620 2732 feminis
632 2706 685 2724 non
697 2702 845 2734 segregant.

127 2733 227 2761 Luna.
244 2748 279 2753 —
293 2732 337 2760 ‘Td
351 2733 462 2759 οἰκεῖον
477 2734 733 2768 περιτεμνόμενος.
751 2732 845 2759 Ειιίιοι-

59 2767 152 2803 Lupar.
167 2777 236 2804 pene
247 2769 348 2804 plagio,
361 2772 457 2795 contra
471 2769 593 2795 omnium
605 2767 730 2795 codicum
752 2767 842 2799 fidem,

59 2804 140 2838 ὀχεῐον
151 2803 253 2836 mutat,
270 2804 365 2837 aitque
373 2811 466 2830 errare
477 2803 597 2834 codices.
616 2803 674 2838 ipsc
687 2804 774 2837 magis
799 2811 844 2830 er-

62 2846 128 2867 rans.
147 2840 219 2868 Satis
235 2841 285 2867 fuit
306 2838 457 2869 Metltodio,
472 2842 502 2866 ut
517 2839 633 2873 propria:
648 2838 740 2865 carnis
757 2846 843 2865 mem—

61 2872 97 2901 bri
110 2877 291 2911 amputatione
305 2875 430 2905 diceret,
446 2872 626 2908 signiﬁcatum
644 2874 671 2901 iu
687 2874 843 2900 Abrahamo

209 2924 345 2954 Ρριτιιοι.
370 2921 432 2952 Gn.
457 2920 570 2951 XVIII.

896 2316 981 2335 unum
995 2307 1103 2342 corpus
1131 2313 1308 2338 censeantur,
1335 2315 1389 2334 uno
1414 2315 1447 2334 ex
1475 2307 1579 2334 semine
1604 2311 1686 2341 atque

896 2344 985 2374 utero)
999 2345 1123 2378 copulam
1140 2353 1146 2370 ι
1165 2351 1216 2369 nec
1235 2343 1285 2369 fuit
1300 2350 1422 2374 necesse,
1442 2350 1470 2368 re
1487 2342 1594 2378 cunctis
1609 2346 1685 2375 nota,

896 2377 1048 2405 membrum
1065 2380 1153 2413 ipsum
1178 2378 1256 2404 virile
1268 2378 1430 2412 exprimere,
1448 2377 1564 2411 quadam
1579 2377 1686 2411 piarum

895 2414 1003 2440 aurium
1029 2413 1195 2446 oﬂ‘ensione;
1210 2413 1256 2439 illa
1272 2413 1421 2447 praesertim
1446 2419 1512 2439 voce
1523 2433 1529 2442 ,
1547 2420 1601 2447 qua
1617 2420 1685 2440 nus-

896 2457 977 2484 quam
993 2456 1042 2476 nsa
1059 2449 1201 2481 Scriptura
1216 2453 1263 2475 ant
1291 2447 1397 2484 Patres,
1414 2447 1459 2474 ubi
1467 2448 1529 2484 illis
1542 2455 1631 2484 sermo
1643 2452 1686 2474 est

896 2482 929 2512 de
943 2484 1170 2517 circumcisione;
1187 2491 1247 2518 quae
1263 2491 1313 2510 nec
1329 2483 1399 2517 apud
1414 2482 1542 2516 profanos
1558 2483 1688 2517 pudenda

898 2521 958 2555 ipsa
972 2523 1161 2554 verctrumque
1172 2517 1376 2555 signiticet,seu
1390 2518 1475 2551 ipsam
1491 2519 1570 2555 quasi
1584 2517 1689 2545 admis-

898 2553 1002 2582 sionem
1032 2553 1170 2590 marisque
1197 2554 1343 2590 insilientis
1364 2553 1608 2590 congressionem;
1637 2561 1687 2581 seu

897 2597 986 2617 mares
1004 2590 1078 2625 ipsos
1093 2587 1133 2617 sic
1147 2589 1316 2625 congressui
1328 2588 1491 2625 destinatos.
1508 2587 1562 2625 Sua
1572 2596 1623 2615 suo
1638 2597 1687 2616 no-

897 2625 970 2652 mine
979 2623 1071 2657 edant,
1086 2625 1159 2656 licet,
1176 2623 1266 2659 magni
1280 2624 1317 2650 illi
1329 2623 1484 2656 aristarchi,
1501 2624 1523 2650 si
1539 2623 1567 2650 in
1583 2626 1687 2650 mundo

897 2661 1087 2688 auctoritatem
1106 2660 1266 2692 inveniunt;
1288 2667 1343 2686 non
1361 2667 1392 2686 ea
1406 2659 1516 2686 levitate
1527 2667 1558 2686 ex
1577 2667 1628 2688 suo
1645 2660 1687 2686 in-

897 2697 977 2731 genio
992 2700 1110 2723 veterum
1135 2698 1314 2731 monumenta
1331 2698 1514 2731 componant,
1530 2695 1625 2731 eisque
1638 2696 1688 2731 oli-

898 2729 1019 2759 trudant.
1046 2731 1138 2765 Longe
1158 2731 1266 2757 diversa
1295 2729 1354 2756 Vat.
1382 2730 1462 2756 lectio
1478 2737 1492 2755 a
1509 2730 1637 2764 reliquis,
1656 2730 1688 2756 τὸ

899 2767 997 2802 μηκέτι
1013 2768 1052 2798 εἰς
1064 2764 1156 2801 τὴνὲκ
1166 2765 1213 2792 τοῦ
1226 2764 1309 2802 arb-coit
1326 2765 1440 2802 uiuam;
1455 2765 1544 2800 σάρκα
1554 2765 1685 2802 ἓδημιουρε

897 2799 1028 2838 ἡττηθεῖσαν
1042 2799 1247 2838 τταιδοιςιττορεῐν⁸
1263 2801 1311 2838 sed
1323 2799 1514 2838 ident‘sensus,
1531 2800 1566 2827 τὰ
1584 2799 1616 2827 ἐκ
1638 2799 1687 2828 τοῦ

897 2835 979 2865 αὖτοῦ
994 2839 1106 2873 αἵματος
1123 2835 1366 2872 δημιουργηθέντα.
1386 2835 1531 2863 Ουιιῐιεςιε.

1507 2917 1525 2947 :2
