1908 3078
199 135 234 164 Π
671 134 701 161 S.
720 133 885 161 METEODH
904 131 1058 161 EPISCOPI
1077 130 1121 158 ET
1142 129 1320 158 MARTYRIS
1782 131 1823 160 ιε

199 198 357 222 sanctorum
373 199 487 220 numero
502 191 672 228 superiorem
689 191 889 220 multitudinem
902 191 981 219 indu-

1031 190 1102 217 αὐτὸ
1114 190 1212 223 οὐδεὶς
1228 190 1368 224 ἠδύνατο.
1382 189 1486 217 Οὐκοῦν
1501 190 1673 226 συνέστηκεν,
1684 191 1722 223 ὡς
1733 191 1822 227 ἔφην,

198 247 277 274 cere;
294 239 428 274 virginum
450 246 514 266 vero
535 239 662 275 exiguum
687 239 766 274 plane
784 246 938 270 numerum,
957 238 980 266 si

198 287 259 321 eius
278 293 338 312 cum
360 284 477 312 aliorum
498 285 641 312 innumera
659 284 832 312 multitudine
846 284 916 311 ratio
931 284 980 315 ha-

197 332 293 361 heatur

233 425 295 454 Haec
304 433 374 457 mea.
392 434 409 453 ο
420 426 511 459 Arete,
526 427 560 454 de
574 427 739 463 virginitate,
756 428 803 460 ait,
815 429 902 455 oratio
912 431 953 456 est
970 438 976 455 :

196 471 224 500 in
240 480 292 508 qua
314 471 337 499 si
362 472 427 507 quid
448 472 539 504 omisi,
555 473 688 509 suppleat,
704 473 749 501 cui
769 473 920 509 lampadem
937 474 979 501 di-

196 523 280 546 cturae
295 517 384 551 trado,
400 517 560 554 Theophila.

415 640 643 689 ORATIO
691 644 757 687 II.

485 725 689 755 TIIEOPHILA.

1033 236 1078 262 ἐπὶ
1096 236 1145 270 μὲν
1160 235 1214 261 τῶν
1230 235 1315 262 ἄλλων
1330 236 1414 270 ἁγίων
1431 236 1509 262 αὐτὸν
1523 236 1626 271 πληθὺν
1639 237 1740 271 ἄφατον
1755 238 1823 264 εισ-

1032 281 1109 316 άγειν
1118 290 1124 296 '
1139 282 1186 308 ἐπὶ
1200 282 1228 308 δὲ
1241 281 1294 308 τῶν
1307 283 1334 307 ὲν
1354 282 1488 318 παρθενίᾳ
1507 282 1672 318 βραχύτατον
1685 282 1821 319 ἀριθμὸν,

1032 328 1069 359 ὡς
1085 328 1153 363 πρὸς
1166 327 1308 364 σύγκρισιν
1318 328 1371 354 τῶν
1386 329 1425 360 είς
1441 328 1623 364 ἀναρίθμητον
1638 327 1736 365 πλῆθος
1753 337 1824 355 συν-

1031 372 1189 400 τελούντων.

1069 427 1163 463 οὗτος,
1177 428 1200 459 ὦ
1224 432 1329 468 Ἀρετὴ,
1344 433 1359 459 ὁ
1375 432 1440 468 παρ’
1457 432 1523 467 ἐμοῦ
1538 441 1577 459 σοι
1589 440 1653 468 περι
1666 431 1822 467 παρθενίας

1031 476 1118 511 λόγος.
1134 477 1166 504 El.
1188 477 1216 504 δέ
1229 487 1254 505 τι
1268 478 1428 514 παρέλιπον,
1444 478 1642 515 ἁποπληρούτω
1654 477 1821 514 διαδεξαμέ-

1031 532 1064 559 νη
1081 532 1114 559 με
1124 524 1248 559 Θεοφίλα.

1291 651 1471 695 ΛΟΓΟΣ
1501 646 1554 694 Β’.

1344 733 1496 760 ΘΕΟΦΙΛΑ.

632 822 694 850 CAP.
708 821 727 850 l.
741 822 802 851 Non
813 824 925 853 sublata:
938 826 1045 860 nuptia’,
1062 826 1220 862 uirginitatis
1236 826 1376 860 pm’conio.

234 887 263 915 In
283 888 325 915 his
343 888 434 923 itaque
447 896 545 916 exorsa
569 889 719 925 Theophila
733 895 785 919 est.
802 892 978 929 Quandoqui-

1063 895 1156 921 Είπεῖν
1172 892 1217 922 οὖν
1231 894 1282 929 ἔφη
1299 894 1348 930 τὴν
1360 892 1565 927 Θεοφίλαν.”οτι
1578 893 1652 919 δοκεῖ
1667 901 1711 928 μοι
1726 892 1819 927 ἀνατ-

198 933 259 961 dem
279 941 360 969 quam
382 934 508 962 Marcella
524 935 593 962 bene
609 941 730 971 cmperat
742 938 905 971 orationem,
923 947 978 967 non

198 979 362 1008 suﬂicienter
388 981 513 1013 absolvit,
535 989 624 1016 opera:
644 983 758 1017 pretium
788 984 926 1017 existimo,
950 991 979 1012 ut

198 1025 277 1053 finem
289 1027 408 1054 Sermoni
423 1027 563 1062 imponere
573 1032 706 1063 satagam.
724 1028 830 1057 Etenim
844 1030 878 1057 ad
895 1031 979 1066 virgi-

196 1072 308 1099 nitatem
332 1080 380 1107 per
404 1072 546 1100 intervalla
575 1073 726 1108 profecisse
754 1075 901 1108 hominem,
924 1077 979 1104 Deo

196 1118 271 1145 illum
298 1119 381 1146 certis
408 1119 514 1147 vicibus
535 1123 616 1154 atque
641 1121 770 1155 gradibus
791 1127 977 1156 promovente,

197 1164 326 1198 praeclare
349 1165 416 1192 mihi
445 1165 614 1200 disputatum
640 1171 769 1201 apparet;
792 1167 864 1202 quod
890 1173 978 1195 autem

197 1210 298 1241 intulit,
314 1218 369 1238 non
383 1218 446 1238 esse
458 1211 587 1246 deinceps
605 1213 781 1246 procreandis
802 1213 896 1241 liberis
911 1214 978 1241 dan-

196 1256 257 1283 dam
272 1264 394 1291 operam,
413 1256 484 1284 haud
506 1257 622 1292 probare
642 1259 754 1292 possim.
777 1258 919 1287 Manifeste
941 1259 979 1287 si-

196 1301 304 1336 quidem
322 1310 355 1329 ex
380 1301 530 1337 Scripturis
557 1303 622 1330 mihi
646 1303 795 1339 intelligere
805 1304 909 1337 videor,
927 1313 979 1332 no-

197 1347 281 1376 luisse
295 1347 341 1375 Dei
358 1347 486 1380 Verbum,
502 1354 645 1384 pOSIquam
668 1349 850 1385 virginitatem
877 1351 978 1378 mundo

197 1393 300 1426 intulit,
309 1393 420 1420 omnino
433 1394 566 1429 abrogare
576 1395 743 1430 conjugium.
756 1395 815 1423 Non
827 1397 899 1424 enim
915 1405 980 1431 quo-

196 1441 270 1468 niam
289 1438 427 1467 sideribus
451 1440 514 1467 luna
537 1441 625 1476 major
640 1446 692 1473 est.
708 1443 838 1470 continuo
866 1447 978 1471 caetera-

196 1493 259 1513 rum
276 1485 415 1513 stellarum
432 1486 522 1514 lumen
537 1487 728 1523 exstinguitur.

232 1542 397 1577 incipiamus
424 1547 512 1570 autem
538 1550 553 1570 a
583 1543 691 1578 Genesi,
721 1548 750 1571 ut
781 1544 1012 1596 antiquissima;c

197 1588 346 1623 Scriptura:
368 1595 448 1615 suum
477 1588 584 1616 ordinis
610 1591 756 1624 primatum
793 1590 975 1625 assignemus.

193 1633 319 1661 Profecto
334 1634 381 1662 Dei
402 1635 536 1662 sententia
551 1639 578 1662 et
601 1639 764 1670 praeceptum
789 1636 854 1663 illud
866 1637 887 1652 ¹⁸
916 1644 978 1672 pro-

196 1680 311 1715 pagandi
331 1680 449 1715 generis,
461 1681 541 1708 etiam
553 1681 634 1709 hodie
644 1681 715 1716 viget
728 1685 755 1708 et
768 1687 891 1710 servatur
903 1692 910 1710 :
923 1682 978 1710 Deo

193 1725 342 1752 etiamnum
367 1725 485 1753 hominis
510 1726 644 1753 formandi
673 1726 778 1762 opifice.
806 1726 862 1754 Hoc
877 1728 978 1756 etenim

194 1770 275 1805 plane
293 1769 465 1798 manifestum
476 1775 611 1802 est,nunc
626 1779 734 1806 quoque
749 1772 821 1799 velut
836 1772 924 1807 pictor
937 1777 978 1800 ta-

193 1814 304 1847 bellam,
319 1815 360 1842 sic
371 1815 454 1843 Deum
478 1817 608 1843 mundum
631 1816 746 1849 eiIicere,
761 1817 800 1844 uti
816 1825 881 1846 sane
895 1819 976 1846 etiam

194 1859 325 1887 Dominus
337 1861 439 1893 docuit,
454 1861 518 1888 dum
539 1862 578 1888 ait
598 1871 605 1888 :
625 1861 706 1890 Pater
720 1871 792 1890 meus
805 1871 886 1899 usque
901 1863 977 1891 modo

194 1907 360 1941 operatur".
375 1906 474 1935 Verum
487 1908 533 1935 ubi
546 1907 658 1935 flumina
673 1916 783 1936 cursum
793 1917 871 1936 suum
887 1909 978 1937 absol-

194 1953 292 1985 verint,
318 1961 401 1988 seque
420 1958 498 1982 vasto
520 1954 605 1982 maris
624 1955 701 1983 alveo
722 1955 905 1988 reddiderint;
929 1956 976 1983 ubi

194 1998 285 2027 lumen
306 2007 321 2026 a
343 2000 461 2028 tenebris
477 2000 597 2036 perfecte
619 2006 772 2036 separatum
796 2001 877 2029 fuerit
893 2001 976 2038 (nunc

192 2045 265 2073 enim
284 2045 374 2073 adhuc
400 2046 428 2073 in
450 2046 501 2074 ista
525 2048 697 2082 separatione
723 2048 907 2083 laboramus);
929 2048 975 2075 ubi

194 2089 300 2118 fructus
311 2099 376 2118 suos
388 2099 449 2118 cum
467 2092 610 2127 reptilibus
623 2097 651 2120 et
662 2092 885 2128 quadrupedibus
896 2094 976 2122 edere

193 2137 321 2172 deinceps
341 2137 417 2165 arida
431 2137 554 2170 desierit,
570 2142 598 2166 et
613 2138 736 2174 expletus
751 2139 804 2167 erit
824 2139 975 2175 praefinitus

193 2180 333 2209 hominum
350 2190 489 2215 numerus,
507 2187 573 2211 tunc
588 2191 654 2211 sane
681 2191 696 2210 a
720 2185 875 2219 generando
889 2185 974 2212 absti-

1032 942 1109 967 καίον
1131 938 1209 971 εἶναι,
1237 939 1330 975 ἐπειδὴ
1347 939 1436 970 καλῶς
1461 939 1478 973 ἡ
1504 938 1650 974 Μαρκέλλα
1669 939 1818 975 ὁρμήσασα

1029 986 1075 1012 ἐπὶ
1089 986 1134 1013 τὸν
1149 985 1238 1020 λόγον,
1254 986 1302 1019 οὺχ
1317 985 1415 1016 ἱκανῶς
1426 985 1592 1020 ἐπλήρωσεν,
1604 985 1653 1020 ἐμὲ
1666 985 1818 1020 πειρᾶσθαι

1028 1033 1103 1063 τέλος
1117 1031 1250 1059 ἐπιθεῖναι
1264 1031 1303 1066 τῷ
1319 1031 1400 1066 λόγῳ.
1410 1031 1446 1057 Τὸ
1461 1031 1530 1066 μετὰ
1544 1031 1598 1066 γὰρ
1613 1032 1652 1062 εἰς
1664 1031 1817 1067 παρθενίαν

1029 1079 1062 1105 ὲκ
1076 1077 1234 1114 προϐάσεως
1249 1076 1385 1112 προκόψαι
1399 1077 1443 1103 τὸν
1466 1076 1617 1112 ἄνθρωπον,
1629 1076 1696 1103 Θεοῦ
1708 1085 1818 1112 παρορ-

1031 1124 1164 1159 μήσαντος
1187 1123 1268 1149 αὑτὸν
1291 1121 1361 1149 κατὰ
1384 1121 1477 1157 καιρὸν
1491 1122 1538 1148 καὶ
1559 1121 1664 1157 καιρὸν,
1680 1121 1754 1148 δοκεῖ
1768 1131 1817 1158 μοι

1029 1169 1117 1201 καλῶς
1139 1168 1289 1196 διελέσθαι·
1312 1168 1342 1195 τὸ
1359 1168 1387 1194 δὲ
1405 1167 1500 1203 μηκέτι
1513 1168 1611 1203 χρῆναι
1628 1167 1716 1202 λέγειν
1737 1168 1818 1195 τούν-

1029 1215 1122 1242 τεῦθεν
1136 1215 1313 1249 τεκνογονεῖν,
1328 1214 1358 1240 οὐ
1376 1214 1473 1245 καλῶς.
1484 1214 1553 1248 Ἐγὼ
1569 1213 1622 1250 γὰρ
1638 1214 1816 1249 καθεωρακέ-

1029 1270 1072 1289 ναι
1087 1271 1132 1296 μοι
1145 1261 1216 1288 δοκῶ
1230 1261 1321 1296 σαφῶς
1335 1260 1389 1287 ἀπὸ
1404 1261 1457 1287 τῶν
1468 1260 1594 1295 Γραφῶν,
1609 1261 1649 1287 ὅτι
1663 1260 1816 1296 παρθενίας

1029 1307 1169 1342 ἐλθούσης,
1181 1307 1196 1333 ὁ
1208 1306 1292 1340 Λόγος
1305 1306 1353 1332 οὐκ
1368 1305 1455 1332 ἀνεῖλε
1468 1305 1555 1340 πάντη
1570 1306 1620 1341 τὴν
1629 1305 1814 1339 τεκνογονίαν.

1029 1353 1067 1379 Οὐ
1084 1353 1136 1388 γὰρ
1155 1351 1247 1387 ἐπειδὴ
1263 1352 1317 1378 τῶν
1336 1351 1487 1387 ἀστέρωνή
1507 1352 1604 1387 σελήνη
1621 1351 1722 1387 μείζων
1742 1351 1814 1383 ἐστὶ,

1028 1399 1105 1434 παρὰ
1119 1398 1196 1425 τοῦτο
1211 1397 1264 1424 τῶν
1279 1398 1366 1425 ἄλλων
1390 1398 1512 1434 ἀστέρων
1529 1398 1560 1425 τὸ
1579 1398 1636 1433 φῶς
1649 1398 1813 1433 ἀναιρεῖται.

1070 1542 1226 1579 Ἀρξώμεθα
1242 1543 1270 1569 δὲ
1285 1542 1337 1570 ἀπὸ
1348 1543 1397 1578 τῆς
1412 1543 1556 1575 Γενὲσεως,
1572 1543 1615 1569 ἵνα
1633 1543 1664 1579 δὴ
1678 1544 1725 1570 καὶ
1746 1551 1817 1579 πρε-

1029 1589 1167 1624 σϐεύωμεν
1190 1589 1289 1624 μᾶλλον
1308 1589 1355 1624 τὴν
1370 1590 1490 1624 Γραφήν.
1500 1590 1531 1616 Ἡ
1545 1593 1599 1625 γαρ
1615 1589 1751 1624 ἀπόφασις
1765 1588 1815 1616 τοῦ

1027 1635 1104 1667 Θεοῦ,
1120 1636 1167 1662 καὶ
1183 1636 1214 1662 τὸ
1227 1636 1364 1671 διάταγμα
1383 1635 1413 1662 τὸ
1431 1636 1476 1662 ἐπὶ
1488 1637 1536 1671 τῆς
1551 1636 1732 1668 τεκνοποιίας,
1747 1637 1816 1671 ὁμο·

1027 1679 1197 1714 λογουμένως
1211 1680 1291 1715 μέχρι
1308 1680 1354 1706 καὶ
1375 1679 1423 1706 νῦν
1444 1680 1666 1716 συμπληροῦται*
1683 1681 1816 1708 πλάσσον-

1027 1732 1072 1755 eo;
1088 1724 1132 1750 τὸν
1145 1724 1286 1760 ἄνθρωπον
1298 1724 1337 1750 ἔτι
1347 1724 1393 1751 τοῦ
1408 1725 1584 1761 δημιουργοῦ.
1599 1725 1684 1751 Τοῦτο
1699 1725 1753 1762 γὰρ
1766 1726 1815 1752 καὶ

1027 1770 1115 1804 πάντη
1132 1770 1294 1804 καταφανὲς.
1304 1770 1342 1801 ὡς
1356 1769 1410 1805 ἄρα
1422 1770 1466 1796 τὸν
1480 1770 1581 1805 κόσμον
1595 1770 1685 1805 ἀκμὴν
1695 1771 1815 1806 ἐργάζε-

1027 1824 1071 1842 ται
1089 1814 1239 1852 ζωγραςρῶν
1255 1816 1268 1842 ό
1284 1817 1358 1848 Θεὸς,
1375 1816 1469 1852 ὥσπερ
1483 1817 1514 1851 δὴ
1529 1817 1575 1843 καὶ
1586 1818 1599 1843 ό
1612 1816 1713 1852 Κύριος
1725 1816 1816 1843 ἐδίδα-

1027 1861 1081 1893 ξεν,
1100 1862 1173 1894 ’Ὲως
1185 1861 1249 1895 ἄρτι
1265 1863 1281 1888 ὀ
1293 1861 1393 1895 Πατήρ
1401 1871 1460 1896 μου
1469 1861 1625 1897 ἐργάζεται,
1636 1862 1732 1896 λέγων.
1742 1862 1814 1888 Ἀλλ’

1026 1907 1125 1934 ὁπόταν
1141 1909 1165 1934 οἱ
1183 1908 1299 1943 ποταμοὶ
1315 1907 1364 1943 ἤδη
1378 1908 1549 1943 λωφήσωσιν,
1562 1909 1602 1939 είς
1610 1908 1640 1934 τὸ
1651 1908 1700 1943 τῆς
1715 1908 1816 1934 θαλάσ-

1027 1961 1077 1988 σης
1093 1952 1278 1984 εἰσδάλλοντες
1292 1954 1411 1988 ἀγγεῖον,
1429 1953 1516 1980 καὶτὸ
1533 1953 1591 1988 φῶς
1605 1953 1713 1985 τελείως
1729 1962 1816 1989 χωρι-

1026 1998 1076 2033 σθῇ
1100 1998 1147 2025 τοῦ
1173 1999 1292 2031 σκότους,
1311 1999 1379 2034 (νῦν
1403 2000 1457 2036 γὰρ
1476 1999 1515 2026 ἐτι
1531 1999 1746 2036 διαχωρίςεται
1764 1998 1815 2026 καὶ

1025 2045 1088 2076 τοὺς
1111 2046 1233 2080 καρποὺς
1255 2045 1323 2080 μετὰ
1349 2045 1403 2072 τῶν
1427 2045 1548 2081 ἑρπετῶν
1571 2046 1618 2071 καὶ
1637 2044 1815 2081 τετραπόδων

1025 2091 1174 2118 ἀναδιδόναι
1200 2091 1336 2126 παύσηται
1361 2091 1481 2126 λοιπὺνὴ
1498 2091 1576 2127 ξηρὰ,
1591 2092 1637 2117 καὶ
1657 2092 1671 2118 ὁ
1692 2099 1814 2127 τιροωρι-

1027 2137 1123 2172 σμένος
1138 2136 1192 2164 τῶν
1205 2136 1354 2172 ἀνθρώπων
1367 2136 1481 2172 ἀριθμὸς
1492 2136 1673 2172 ἀναπληρωθῇ
1685 2145 1691 2152 ·
1703 2137 1763 2163 τότε
1778 2137 1812 2173 δὴ

1025 2184 1118 2210 λοιπὸν
1126 2183 1172 2209 καὶ
1182 2183 1231 2218 τῆς
1238 2182 1408 2214 παιδοποιίας
1419 2183 1560 2216 ἀφεκτέον.
1570 2182 1627 2209 Νῦν
1641 2183 1695 2217 τὰρ
1709 2183 1749 2214 είς
1761 2183 1812 2218 τὴν

193 2228 313 2256 nendum
331 2228 393 2255 erit.
409 2227 487 2256 Nunc
499 2229 571 2256 enim
583 2230 688 2257 edenda
705 2229 749 2257 Dei
765 2230 882 2265 imagine
897 2238 974 2257 suam

1029 2229 1118 2256 εἰκόνα
1131 2228 1176 2255 τοῦ
1190 2228 1257 2254 Θεοῦ
1272 2228 1317 2255 τὸν
1333 2227 1474 2264 ἄνθρωπον
1486 2229 1591 2263 ἀνάγκη
1607 2229 1756 2264 συνεργεῖν,
1770 2229 1812 2256 ἔτι

191 2274 328 2302 hominem
339 2274 464 2302 conferre
481 2283 591 2310 operam
613 2283 726 2303 necesse
740 2280 792 2308 est,
807 2277 870 2303 dum
887 2276 975 2304 adhuc

191 2323 246 2347 stat
254 2320 384 2351 mundus,
395 2320 528 2355 novisque
538 2321 659 2356 quotidie
669 2321 785 2349 molibus
800 2321 859 2356 ejus
872 2321 975 2349 fabrica

193 2365 367 2400 adimpletur.
396 2365 522 2398 Crescite,
544 2367 628 2398 enim,
647 2367 747 2402 inquit,
762 2372 787 2394 et
812 2367 974 2402 multiplica-

191 2411 257 2438 ιηὶηί
265 2412 297 2437 ὀ.
307 2411 362 2439 Nec
377 2411 418 2439 fas
431 2416 474 2440 est
484 2412 623 2440 Creatoris
638 2416 800 2448 prmeeptum
812 2413 974 2445 abominari,

191 2465 224 2484 ex
236 2465 289 2492 quo
305 2458 384 2485 nobis
397 2462 438 2485 est
451 2457 522 2493 quod
539 2459 708 2486 cxsistimus.
718 2458 885 2494 Principium
901 2459 974 2485 enim

191 2504 374 2537 generationis
399 2504 540 2531 hominum
566 2504 679 2532 seminis
704 2505 730 2531 in
747 2504 863 2540 genitale
879 2511 974 2530 arvum

191 2548 321 2576 demissio
333 2553 386 2581 est,
400 2554 429 2577 ut
442 2558 474 2577 cx
491 2551 600 2578 ossibus
614 2558 646 2578 os
660 2553 687 2577 et
702 2558 734 2578 ex
749 2557 832 2577 carne
848 2557 923 2581 caro,
933 2557 975 2576 ar-

191 2598 258 2619 cana
267 2594 293 2620 vi
305 2593 458 2630 desumpta.
470 2595 497 2622 in
508 2596 622 2623 alterum
636 2603 732 2622 rursus
748 2595 884 2623 hominem
901 2595 975 2630 ejus-

192 2637 252 2665 dem
266 2638 379 2666 artilicis
391 2647 473 2674 opera
487 2640 652 2667 condantur.
669 2640 714 2667 Sic
726 2640 798 2668 enim
811 2640 916 2675 impleri
927 2648 973 2675 pu-

189 2684 302 2712 tandum
316 2694 374 2713 eam
388 2688 551 2715 sententiam
571 2698 576 2714 :
595 2687 652 2714 Hoc
676 2695 743 2714 nunc
771 2695 799 2713 os
813 2694 845 2713 ea:
870 2687 973 2714 ossibus

190 2732 263 2763 meis,
279 2739 302 2759 ιι
318 2741 379 2760 caro
392 2734 423 2760 de
433 2742 512 2761 carne
523 2742 580 2761 mea
591 2735 624 2761 ".

1027 2273 1191 2304 συνεστῶτος
1211 2272 1258 2299 τοῦ
1285 2273 1388 2308 κόσμον
1410 2273 1457 2300 καὶ
1479 2274 1696 2309 τεκταινομένου.
1712 2273 1812 2305 Λῠξά-

1025 2321 1114 2346 νεσθε
1132 2319 1195 2357 γὰρ,
1212 2319 1317 2354 ἐλέχθη,
1346 2319 1395 2345 καὶ
1421 2319 1620 2353 πληθύνεσθε.
1637 2319 1692 2345 Καὶ
1707 2319 1737 2345 οὺ
1756 2318 1811 2354 χρὴ

1024 2364 1054 2390 τὸ
1070 2364 1207 2399 διάταγμα
1225 2363 1414 2398 βδελύσσεσθαι
1430 2363 1477 2390 τοῦ
1491 2362 1672 2399 Δημιουργοῦ,
1687 2363 1718 2395 ἐξ
1732 2361 1763 2390 οὗ
1778 2363 1811 2398 δὴ

1025 2410 1072 2438 καὶ
1085 2411 1163 2437 αὑταὶ
1176 2411 1336 2446 γεγόναμεν.
1345 2410 1427 2446 Ἀρχὴ
1440 2410 1494 2446 γὰρ
1512 2410 1644 2444 γενέσεως
1659 2409 1812 2445 ἀνθρώπων

1023 2455 1103 2497 iure?)
1119 2456 1274 2492 σπέρματος
1286 2457 1325 2487 είς
1339 2456 1401 2487 τοὺς
1415 2455 1535 2487 αὔλακας
1546 2455 1596 2490 τῆς
1614 2455 1719 2490 μήτρας
1734 2455 1811 2489 γίνε-

1023 2511 1067 2528 ται
1085 2502 1230 2537 καταϐολὴ,
1243 2502 1317 2533 ὅπως
1330 2501 1361 2527 τὸ
1374 2503 1405 2528 ὲκ
1419 2501 1473 2528 τῶν
1486 2501 1586 2527 ὀστέων
1605 2501 1710 2533 ὀστοῦν,
1727 2501 1775 2528 καὶ
1794 2503 1811 2536 ὴ

1023 2549 1056 2574 ἐκ
1076 2549 1126 2583 τῆς
1148 2548 1249 2583 σαρκὸς
1270 2547 1337 2584 σὰρξ
1362 2547 1454 2583 ἔτερος
1479 2547 1620 2582 ἄνθρωπος
1635 2547 1744 2582 ἀοράτῳ
1760 2546 1811 2583 λη-

1025 2594 1125 2629 φθέντα
1143 2595 1254 2630 δυνάμει
1279 2594 1360 2620 πάλιν
1385 2594 1439 2620 ἀπὸ
1461 2594 1508 2620 τοῦ
1534 2593 1615 2620 αὐτοῦ
1631 2594 1750 2629 τεχνίτου
1763 2594 1812 2630 δη-

1027 2641 1222 2676 μιουργηθῶσι.
1236 2640 1327 2676 Ταύτῃ
1352 2640 1406 2676 γὰρ
1430 2639 1536 2674 ἐκείνην
1551 2639 1664 2674 ἡγητέον
1689 2639 1810 2676 πληροῦ-

1026 2687 1086 2714 σθαι
1100 2688 1149 2723 τὴν
1164 2688 1264 2723 φωνήν·
1283 2687 1371 2714 Τοῦτο
1382 2686 1439 2713 νῦν
1454 2686 1566 2713 ὀστοῦν
1578 2685 1611 2712 ἐκ
1623 2686 1682 2712 τῶν
1696 2686 1813 2714 ὀστέων

1021 2743 1091 2769 μου,
1107 2733 1156 2760 καὶ
1171 2733 1248 2768 σὰρξ
1259 2733 1293 2760 ὲκ
1303 2732 1358 2767 τῆς
1368 2732 1482 2766 σαρκός
1490 2741 1559 2767 μου.

227 2832 248 2849 ⁸⁸
259 2832 324 2860 Cen.
344 2843 363 2866 ι,
377 2835 422 2861 98.
463 2835 484 2851 “
497 2834 578 2862 Joan.
594 2843 621 2868 ν,
637 2835 681 2863 i7.
718 2837 742 2852 ’θ
758 2835 821 2863 Gen.
839 2843 858 2868 l,
873 2835 919 2864 28.
957 2836 977 2852 ¹¹

1029 2845 1063 2864 νη.
1082 2844 1111 2869 n,
1129 2835 1175 2864 25.
