1908 3078
80 125 107 153 ιθ
626 123 818 153 CONVIVIUM
839 123 952 152 DECEM
974 123 1157 153 VIRGINUM.
1667 121 1701 149 50

83 189 172 218 Cm“.
186 189 345 224 Generatio,
362 192 460 227 afﬁnis
473 193 566 227 prima
581 190 643 220 Em
657 200 691 220 ex
703 198 778 221 costa
795 197 819 219 et
837 200 892 219 esse
905 192 971 234 ᾼίλίε
987 192 1153 228 formationi.
1174 191 1242 220 Deus
1253 192 1386 219 hominum
1400 191 1522 220 conditor
1538 193 1564 219 in
1577 199 1701 220 consueta

803 233 979 263 generatione.

113 284 191 311 Τοῦτο
206 284 263 320 γὰρ
278 285 348 316 ἴσως
366 286 493 321 ᾐνίσσετο
518 286 564 312 καὶ
587 287 603 321 ή
628 286 697 321 μετὰ
720 286 765 313 τὸν
785 287 867 314 ὕπνον

955 286 983 313 ld
1010 285 1082 313 enim
1110 285 1225 313 forsitan
1250 284 1382 312 innuebat
1411 285 1456 312 illa
1482 292 1530 320 per
1563 284 1701 312 somnium

83 329 200 362 ἐπίστασις
226 330 410 366 ἐπιϐληθεῖσα
431 331 469 367 τῷ
492 331 704 366 πρωτοπλάστῳ,
722 331 867 367 προδιατυ-

83 378 198 413 νεωμένη
219 377 269 413 τὴν
285 377 332 404 ἐπὶ
355 377 407 412 τῆς
426 378 582 414 φιλοτησίας
598 377 684 411 θέλειν
701 377 747 405 τοῦ
761 378 866 413 ἀνδρὸς,

83 425 155 452 hers
182 424 302 460 διψήσας
327 424 430 452 τέκνων
455 424 601 456 ἐξίσταται,
613 425 673 455 ταῖς
699 423 867 458 παιδογόνοις

83 471 259 506 θηλυνόμενος
281 471 343 498 καθ’
360 471 443 498 ὕπνον
466 471 580 506 ἡδοναῖς,
598 471 642 496 ἵνα
668 469 748 496 πάλιν
763 478 800 501 τι,
814 469 868 496 ἀπὸ

81 516 131 543 τῶν
146 516 236 542 ὀστῶν
247 516 329 543 αὺτοῦ
343 516 390 542 καὶ
404 516 453 551 τῆς
467 515 565 551 σαρκὸς
578 515 761 547 ἀποσπασθὲν,
776 515 868 551 ἕτερος

82 563 232 598 ἄνθρωπος,
248 563 287 594 ὡς
313 563 392 598 ἔφην,
414 561 868 597 ἀναπληρωθῇ.Ἑκταρσισσομένης

82 609 131 644 γὰρ
150 609 199 644 τῆς
216 609 350 644 ἁρμονίας
363 608 415 634 τῶν
430 608 562 643 σωμάτων
580 609 609 634 ὲν
623 609 678 640 τοῖς
693 607 763 635 κατὰ
775 617 869 635 συνου-

83 655 138 681 σίαν
161 655 329 690 ἐρεθισμοῖς,
347 655 385 685 ὡς
407 656 432 681 οἱ
456 654 642 690 τετελεσμένοι
665 655 714 690 τὴν
735 654 868 690 γαμήλιον

81 701 151 735 ἡμᾶς
167 701 326 727 διδάσκουσι
342 701 462 737 τελετὴν,
479 702 531 728 πᾶν
544 702 574 728 τὸ
586 701 721 737 μυελῶδες
731 700 777 727 τοῦ
789 701 871 736 αἵμα-

81 755 122 778 to;
149 747 197 773 καὶ
220 747 415 783 γονιμώτατον,
431 749 498 783 ὅπερ
515 749 587 774 ἐστὶν
610 748 692 783 ὑγρὸν
716 748 820 780 ὀστοῦν,
837 749 869 774 ὲκ

81 793 186 820 πάντων
203 794 431 830 ἐπαθροιζὸμενον
445 794 498 821 τῶν
511 794 609 829 μελῶν,
622 795 808 830 ἁφροποιῆσαν
821 794 868 820 καὶ

80 840 249 875 ῡρομ6ωθὲν,
263 841 309 867 διὰ
325 841 378 867 τῶν
394 841 558 874 παιδογόνων
573 842 612 873 εἰς
625 841 673 876 τὴν
684 841 804 876 ἔμψυχον
819 841 867 877 τῆς

80 886 188 921 θηλείας
210 887 316 919 ἐξέεται
334 887 394 922 γῆν.
407 888 524 919 Εἰκότως
542 888 594 922 ἄρα
606 888 698 913 ἕνεκεν
711 887 805 914 τούτου
820 896 868 914 κα-

80 933 200 960 ταλιπεῖν
221 933 346 960 λέλεκται
360 934 406 961 τὸν
420 934 524 969 πατέρα
539 934 585 960 καὶ
601 933 651 969 τὴν
675 934 790 969 μητέρα,
808 933 867 960 τότε

918 333 1005 367 prium
1021 331 1123 359 homini
1136 331 1234 366 injecta
1249 330 1378 362 exstasis,
1400 330 1452 357 viri
1468 330 1539 358 inter
1553 330 1701 358 muliebres

918 379 1058 413 amplexus
1070 377 1248 405 mulcedinem
1261 377 1334 404 illam
1354 377 1540 413 praeﬁgurans.
1555 385 1617 404 cum
1632 377 1701 405 libe-

918 433 1010 452 rorutn
1027 424 1122 452 sitiens
1137 431 1152 450 a
1181 431 1211 451 se
1227 423 1306 458 quasi
1335 423 1453 456 excedit,
1476 423 1638 458 genitalibus
1653 431 1702 458 per

917 478 1042 498 somnum
1056 469 1227 497 edemiuatus
1240 468 1356 500 deliciis,
1371 472 1400 495 ut
1414 476 1523 496 rursum
1537 469 1572 496 ab
1582 469 1641 504 ejus
1655 478 1704 497 os-

918 517 995 544 sibus
1013 520 1040 543 et
1056 523 1138 543 carne
1153 515 1297 549 decerptus
1325 514 1524 550 delibatusque,
1554 515 1634 547 alius,
1661 517 1701 543 uti

917 565 1052 595 dicebam.
1066 564 1147 591 homo
1160 563 1313 598 impleatur.
1330 561 1449 590 Turbata
1465 563 1536 590 enim
1556 570 1700 598 corporum

917 611 1060 638 harmonia
1071 610 1273 637 titillationibus
1287 610 1387 641 coitus,
1403 610 1442 637 uti
1466 617 1517 637 nos
1532 609 1641 641 docent,
1654 609 1701 644 qui

918 665 987 693 opus
1003 658 1125 685 maritale
1140 658 1244 692 experti
1271 661 1346 689 sunt,
1372 657 1522 684 medullosa
1542 663 1655 691 quaeque
1670 662 1702 682 ac

918 703 1039 739 proliﬁca
1069 711 1132 738 pars
1148 703 1300 738 sanguinis,
1319 702 1392 737 quod
1413 710 1445 729 os
1465 701 1601 737 quoddam
1618 701 1700 735 liqui-

918 750 982 777 dum
997 753 1052 782 est,
1067 757 1102 776 ex
1114 749 1222 776 cunctis
1236 753 1331 776 coacta
1346 748 1486 780 membris,
1496 755 1625 783 spumoso
1639 755 1703 775 coa-

917 795 980 831 gulo
993 802 1186 826 concresceus,
1217 802 1265 830 per
1282 794 1421 822 naturales
1437 798 1543 821 meatus
1560 793 1587 820 in
1614 793 1702 820 vivam

919 840 1024 868 l‘eminre
1040 840 1151 866 hunmm
1160 839 1306 874 expluitur.
1317 838 1411 866 Merito
1420 842 1531 873 propter
1542 839 1592 864 hoc
1600 837 1702 864 dictum

917 892 968 919 est,
987 886 1178 914 derelicturum
1192 885 1327 912 hominem
1341 889 1443 919 patrem
1457 888 1483 911 et
1496 889 1619 915 matrem,
1635 885 1704 910 cun-’

918 934 969 961 etis
984 937 1094 968 repente
1107 940 1155 967 per
1170 932 1226 959 haec
1258 931 1400 958 intervalla
1415 930 1545 958 memoria
1571 930 1702 958 elabenti-

81 979 186 1005 πάντων
202 979 309 1015 ἀθρόως
323 980 527 1015 ἀμνημονήσας,
541 980 583 1006 ὅτε
598 979 782 1015 φιλοστόργως
795 979 867 1005 ἐνού-

921 979 980 1010 bus,
1004 980 1066 1006 dum
1094 977 1282 1012 conjugalibns
1299 977 1405 1004 mulieri
1418 977 1600 1012 agglutinatus
1627 984 1704 1004 eom-

82 1033 156 1060 μενος
167 1027 200 1060 τῇ
216 1026 327 1059 γυναικὶ
343 1025 522 1060 συμπλοριαῖς,
538 1026 652 1060 κάτοχος
666 1026 811 1060 ἐπιθυμίας
822 1026 864 1060 γί-

81 1079 150 1096 νεται
167 1072 342 1106 γεννητικῆς,
357 1071 485 1107 παρέχων
503 1071 676 1106 ἀφαιρεῖσθαι
740 1072 802 1107 θείῳ
817 1072 865 1108 τὴν

82 1117 196 1152 πλευρὰν
212 1117 384 1153 δημιουργῷ,
404 1119 477 1150 ὅπως
490 1118 519 1152 ἑξ
535 1119 592 1146 υἱοῦ
609 1119 641 1155 δὴ
658 1119 705 1146 καὶ
718 1119 798 1151 αὐτὸς
811 1128 865 1146 πα-

83 1163 128 1199 τὴρ
143 1163 225 1189 πάλιν
236 1165 354 1200 ὲκερανῇ.

115 1209 216 1236 Oho-3‘;
230 1210 315 1236 εξσὲτι
332 1210 497 1242 πλάσσοντος
519 1211 565 1237 καὶ
586 1210 633 1238 νῦν
659 1210 691 1246 δὴ
706 1210 750 1237 τὸν
764 1211 867 1246 ἄνθρω-

85 1264 128 1282 πον
138 1255 183 1282 τοῦ
197 1256 278 1288 Θεοῦ,
299 1256 357 1288 πῶς
368 1256 398 1282 οὐ
412 1256 545 1292 τολμηρὸν
566 1257 596 1283 τὸ
612 1257 805 1291 βδελύσσεσθαι
818 1258 868 1293 τὴν

84 1301 265 1338 παιδουργίαν,
278 1302 312 1337 ῆν
328 1303 408 1334 αὐτὸς
422 1303 471 1329 οὐκ
483 1303 675 1342 ἐπαισχύνεται
697 1305 756 1335 ταῖς
771 1303 869 1339 ἀμιάν-

83 1356 131 1379 τοις
151 1349 164 1374 ό
185 1349 390 1386 Παντοκράτωρ
415 1349 597 1385 ἐργαζόμενος
622 1349 717 1385 χερσι;
738 1349 798 1384 Πρὸ
814 1350 868 1377 τοῦ

83 1394 131 1430 γάρ
145 1404 183 1429 με
202 1395 321 1422 πλάσαι
339 1404 376 1423 σε
390 1396 425 1422 ἐν
446 1396 553 1429 κοιλίᾳ,
577 1396 739 1430 ἐπίσταμαί
763 1405 809 1429 σε,
830 1395 868 1432 τῷ

87 1441 200 1477 Ἱερεμίᾳ⁵
218 1443 295 1477 φησί.
314 1442 359 1478 Τῷ
369 1442 398 1469 δὲ
418 1443 478 1470 Ἱὼϐ
490 1452 496 1458 ·
513 1443 561 1477 Μὴ
575 1444 627 1476 σὺ,
646 1443 747 1470 λαϐὼν
757 1443 867 1477 πηλὸν,

80 1487 213 1520 ἔπλασας
227 1487 313 1519 ζῶον,
325 1487 375 1514 καὶ
391 1489 525 1522 λαλητὸν
541 1487 614 1515 αὐτὸ
635 1489 793 1522 ἐποίησας,
804 1487 868 1522 ἔφη,

79 1533 122 1559 ἐπὶ
138 1532 192 1567 τῆς
212 1533 288 1568 γῆς
304 1534 359 1560 Καὶ
379 1535 393 1560 ὁ
411 1533 470 1560 ’1ὼὸ
490 1534 557 1570 πρὸς
572 1534 651 1560 αὐτὸν
666 1533 798 1565 εὐκτικῶς
813 1533 868 1568 (‘28)

79 1579 197 1614 φέρεται,
213 1580 303 1614 λέγων
316 1581 362 1606 τό·
376 1582 410 1607 Al
421 1581 518 1615 χεῖρές
528 1587 586 1607 σου
601 1580 749 1614 ἐποίησάν
760 1588 808 1615 με,
819 1580 868 1606 καὶ

77 1625 215 1652 ἕπλασάν
242 1635 292 1660 με.
311 1625 374 1657 Πῶς
400 1625 428 1652 δὲ
455 1626 505 1652 οὐκ
528 1626 626 1653 ἄτοπον
643 1626 683 1658 τὸ,
700 1625 869 1661 ἀπαγορεύε-

918 1025 1052 1060 plexibus.
1065 1024 1190 1060 genitalis
1206 1024 1293 1058 impos
1306 1022 1426 1050 libidinis
1436 1023 1525 1050 evadit
1537 1032 1543 1049 :
1557 1023 1703 1050 tollendam

916 1072 1020 1096 costam
1030 1069 1124 1096 divino
1146 1068 1269 1103 pnebens
1284 1066 1391 1098 artiﬁci,
1407 1070 1437 1094 ut
1449 1075 1479 1094 ex
1495 1066 1627 1094 ﬁtioidem
1640 1076 1706 1095 rur-

917 1123 964 1143 sus
979 1118 1054 1150 pater
1064 1114 1188 1141 exsistat.

952 1206 1145 1240 Quamobrem,
1160 1205 1214 1234 Deo
1228 1206 1377 1233 etiamnum
1391 1205 1512 1241 quotidie
1529 1213 1575 1240 per
1596 1205 1705 1240 nuptia-
1724 1211 1727 1214 ‘

918 1253 970 1280 lem
983 1253 1116 1288 ejusmodi
1128 1260 1305 1287 congressum
1318 1252 1455 1279 hominem
1473 1251 1615 1285 formante,
1635 1259 1704 1286 quo-

918 1298 999 1326 modo
1015 1306 1070 1325 non
1083 1298 1258 1326 temerarium
1287 1298 1370 1325 fuerit
1383 1297 1533 1325 abominari
1557 1297 1703 1324 liberorum

918 1345 1146 1381 procreationem.
1173 1345 1217 1372 cui
1245 1352 1310 1372 suas
1340 1344 1528 1372 imtnaculatas
1552 1343 1705 1371 immiscere

918 1399 1016 1419 manus
1027 1391 1200 1426 omnipotens
1213 1391 1328 1418 Creator
1341 1389 1413 1416 haud
1430 1389 1589 1416 indecorum
1605 1388 1706 1416 ducat',‘

920 1437 1079 1473 Priusquam
1099 1439 1193 1469 enim,
1216 1437 1320 1472 inquit,
1346 1437 1488 1471 formarem
1516 1441 1539 1462 le
1565 1436 1592 1461 in
1620 1440 1705 1468 utero,

919 1485 978 1512 ηουὶ
993 1489 1026 1516 le,
1044 1483 1188 1512 Jeremiam
1202 1483 1343 1518 alloquens
1355 1482 1429 1510 ".Et
1445 1482 1512 1510 Jobo
1527 1482 1612 1508 ait":
1629 1480 1706 1507 Nun-

919 1530 980 1566 quid
997 1536 1024 1557 tu
1045 1535 1149 1564 accepto
1159 1530 1223 1556 limo
1240 1529 1362 1564 eﬂinxisti
1383 1529 1494 1559 animal,
1521 1534 1545 1555 ει
1563 1527 1650 1554 vocale
1670 1527 1705 1555 il-

920 1576 965 1603 lud
983 1576 1068 1611 fecisti
1082 1583 1159 1610 super
1175 1577 1292 1602 terram?
1319 1575 1404 1602 Jobus
1427 1579 1517 1602 autem
1541 1578 1635 1601 contra
1651 1573 1707 1602 Deo

920 1623 1032 1658 supplex
1051 1622 1166 1654 accedit,
1182 1621 1276 1649 dicens
1291 1621 1317 1637 “
1333 1630 1339 1647 :
1356 1620 1452 1647 Manus
1466 1625 1518 1647 tua:
1527 1619 1642 1655 fecerunt
1654 1627 1705 1650 me.

77 1671 135 1698 σθαι
162 1672 263 1706 γάμων
287 1672 475 1706 συναλλαγὰς,
503 1672 737 1708 προσδοκωμένων
760 1671 800 1698 ἔτι
822 1671 867 1698 καὶ

921 1675 944 1697 et
962 1671 1158 1704 plasmaveruul
1173 1677 1223 1696 me.
1241 1668 1383 1701 Quomodo
1406 1674 1469 1695 vero
1489 1674 1543 1694 non
1557 1665 1706 1693 absurdum

76 1717 132 1752 μεθ’
148 1718 225 1752 ἡμᾶς
242 1717 351 1744 ἔσεσθαι
371 1718 527 1753 μαρτύρων,
543 1717 655 1744 καὶτῶν
670 1717 868 1752 ἀντιτασσομέ-

73 1771 124 1789 νων
139 1763 180 1798 τῷ
202 1763 326 1799 πονηρῷ,
340 1764 373 1790 δι’
390 1763 437 1796 οὓς
458 1764 490 1799 δὴ
505 1765 551 1790 καὶ
572 1763 621 1795 τὰς
638 1763 745 1799 ἡμέρας
759 1764 773 1790 ό
792 1762 869 1796 λόγος

74 1809 259 1844 ἐπηγγείλατο
286 1809 537 1844 κολοϐωθήσεσοαι;
564 1810 593 1836 Et
617 1809 671 1846 γὰρ
694 1809 803 1844 φαῦλον,
831 1810 869 1841 ὡς

74 1854 150 1890 ἔφης,
168 1855 340 1881 ἁπεντεῦῡεν
363 1855 518 1890 νενόμισται
535 1855 574 1890 τῷ
588 1855 646 1891 Θεῷ
669 1855 700 1881 τὸ
723 1856 870 1882 παιδοσποο

75 1902 139 1936 ρείν,
157 1901 191 1927 δι’
207 1902 242 1936 ἣν
264 1902 354 1928 αἰτίαν
370 1902 395 1928 οἱ
416 1901 490 1936 παρὰ
510 1902 598 1937 δόγμα
616 1902 743 1937 φυόμενοι
757 1902 804 1928 καὶ
819 1901 868 1937 τὴν

75 1947 171 1983 βουλὴν
189 1948 240 1983 τὴν
264 1947 349 1980 θείαν,
365 1949 505 1983 εὐάρεστοι
520 1948 677 1984 δυνήσονται
695 1947 868 1984 παραστῆναι

73 1994 110 2029 τῷ
132 1995 211 2030 Θεῷ;
236 1994 270 2021 Ἢ
289 1995 347 2026 πῶς
362 1996 411 2021 οὐκ
427 1995 532 2031 ἀνάγκη
560 1993 630 2021 εἶναι
649 1995 783 2031 κίϐδηλον,
801 1994 870 2021 ἀλλὰ

75 2041 111 2076 μὴ
126 2041 244 2075 eaeque;
262 2040 319 2075 (29)
334 2041 363 2068 τὸ
376 2041 482 2076 τεχθὲν,
499 2042 523 2067 εξ
535 2041 611 2076 παρὰ
629 2042 678 2076 τὴν
695 2040 807 2076 γνώμην
821 2040 869 2066 καὶ

73 2087 103 2114 τὺ
121 2087 264 2123 διάταγμα
282 2088 360 2124 δίκην
380 2089 632 2124 παραχαράγματος
653 2088 800 2114 πλάσσεται
819 2087 871 2122 τῆς

74 2132 234 2169 δυνάμεως;
252 2134 297 2160 ἵνα
324 2134 357 2170 δὴ
387 2134 433 2160 καὶ
455 2134 608 2170 ἀνθρώποις
633 2133 763 2160 δύνασθαι
777 2132 871 2168 δῶμεν

74 2180 348 2216 ἀνθρωποπλςστεῖν.

923 1715 1005 1742 fuerit
1016 1715 1160 1750 prohibere
1176 1721 1341 1748 congressus
1356 1712 1501 1747 nuptiales,
1529 1718 1592 1738 cum
1608 1717 1706 1745 exspe-

922 1765 1031 1789 ctentur
1046 1762 1129 1788 etiam
1141 1765 1203 1796 post
1218 1767 1269 1787 nos
1294 1759 1377 1787 futuri
1389 1761 1534 1794 martyres,
1556 1761 1582 1784 et
1598 1756 1643 1791 qui
1659 1764 1708 1783 ne-

922 1807 1055 1842 quissimo
1069 1806 1192 1834 restituri
1219 1810 1294 1837 sunt,
1322 1804 1358 1832 ob
1377 1811 1448 1839 quos
1473 1804 1554 1830 etiam
1586 1802 1708 1829 brevian-

922 1855 972 1882 dos
986 1853 1044 1881 dies
1055 1853 1117 1880 illos
1128 1852 1264 1887 pollicitus
1273 1856 1315 1879 est
1328 1851 1437 1878 divinus
1448 1857 1538 1878 sermo
1547 1849 1583 1875 "‘3
1596 1848 1672 1881 Quod
1684 1849 1706 1875 si

921 1899 1034 1930 malum,
1047 1901 1075 1924 ut
1088 1897 1192 1929 aiebas,
1209 1904 1242 1924 ex
1266 1897 1317 1924 hoc
1330 1900 1452 1930 tempore
1469 1894 1523 1922 Deo
1545 1894 1633 1922 visum
1654 1898 1706 1925 est,

921 1945 1015 1972 liberis
1024 1951 1134 1979 operam
1143 1943 1218 1974 dare,
1230 1950 1283 1977 quo
1295 1946 1374 1977 pacto
1390 1941 1504 1976 illiquos
1513 1939 1619 1967 futuros
1628 1938 1708 1967 Cliti-

921 1993 980 2017 stus
996 1988 1130 2024 praedixit,
1160 1991 1293 2023 martyres
1305 1990 1332 2013 et
1343 1986 1442 2017 sancti,
1467 1989 1564 2012 contra
1580 1984 1627 2012 Dei
1640 1984 1709 2012 adeo

922 2035 1052 2070 placitum
1067 2041 1094 2063 et
1112 2035 1278 2062 voluntatem
1291 2034 1359 2066 nati,
1391 2041 1477 2068 usque
1490 2033 1514 2060 ei
1530 2032 1607 2059 cliari
1622 2036 1648 2059 et
1663 2039 1709 2059 ae-

922 2082 993 2116 cepti
1012 2089 1074 2109 esse
1106 2081 1252 2116 poterunt?
1266 2080 1325 2107 Aut-
1348 2080 1484 2115 quomodo
1499 2087 1553 2106 nou
1579 2078 1708 2114 plagiario

921 2127 1016 2155 nescio
1032 2134 1085 2162 qua
1101 2127 1274 2162 suppositum
1292 2130 1352 2154 arte
1376 2134 1408 2153 ac
1435 2133 1529 2157 manu,
1548 2133 1601 2152 non
1615 2124 1708 2151 divina

921 2174 1026 2202 satione
1038 2177 1130 2201 natum
1145 2171 1211 2199 illud
1226 2171 1409 2207 quodcunque
1423 2170 1502 2198 fateri
1525 2177 1637 2198 necesse
1653 2173 1705 2199 est.

78 2227 147 2260 mod
183 2231 286 2261 praeter
313 2231 431 2254 mentem
457 2235 489 2255 ac
499 2231 595 2255 contra
625 2227 814 2262 praescriptum
836 2224 956 2252 creantis
979 2221 1107 2257 potentiae
1139 2219 1311 2247 subdititium
1326 2218 1478 2246 exstiterit?
1502 2221 1531 2244 ut
1543 2221 1570 2244 et
1592 2217 1707 2244 faculta—

75 2274 130 2299 tem
141 2271 278 2300 condendi
294 2272 414 2299 hominis
432 2272 591 2300 hominibus
605 2272 781 2299 tribuendam
801 2271 863 2306 quis
879 2269 955 2297 velit.

236 2340 302 2368 CAP.
322 2339 368 2368 lll.
387 2339 473 2367 Locus
486 2339 630 2374 Scriptura:
642 2344 762 2367 matus.
774 2337 877 2374 Spurii,
894 2346 946 2365 non
958 2337 1042 2364 solum
1055 2335 1157 2371 ﬁdeles,
1167 2334 1217 2362 ’θεά
1229 2338 1253 2361 et
1265 2333 1419 2370 quandoque
1430 2333 1546 2368 pra'lati.

112 2401 168 2428 Καὶ
193 2403 211 2437 ἡ
234 2401 384 2438 Μαρκέλλα
408 2401 591 2433 ὑπολαϐοῦσα,
607 2403 630 2428 ὼ
649 2400 776 2436 Θεοφίλα,
800 2400 867 2435 μέγα

959 2397 1009 2425 Hic
1019 2396 1145 2425 Marcella
1159 2396 1346 2431 interpellans,
1365 2393 1461 2422 Gravis
1487 2401 1574 2424 error,
1586 2401 1602 2420 ο
1618 2391 1708 2420 Theo-

80 2448 198 2483 σφάλμα,
217 2448 279 2483 ἔφη,
296 2448 344 2474 καὶ
366 2448 487 2474 ἐναντίον
510 2445 550 2479 οἷς
574 2445 655 2479 εἶπας
671 2448 849 2482 ἀναφαίνεται
861 2455 868 2461 ·

81 2494 125 2520 καὶ
142 2494 192 2520 οἴει
208 2494 350 2530 λεληθέναι
377 2495 564 2530 παρωσαμένη
587 2494 744 2530 τηλικοῦτον
771 2494 869 2529 νέφος;

83 2540 158 2566 Ἦκει
175 2541 229 2576 γὰρ
248 2542 352 2572 ἐκεῖνος
367 2542 381 2567 ὸ
398 2541 486 2575 λόγος,
498 2541 527 2567 ὃν
544 2542 617 2573 ἴσως,
632 2541 754 2568 ἁπαιτῶν
779 2549 809 2567 σε
830 2549 871 2572 τις

82 2585 116 2618 ὡς
128 2588 296 2623 σοφωτάτην,
313 2587 397 2620 λέξει.
414 2588 481 2623 Περὶ
501 2587 554 2614 τῶν
570 2588 603 2614 ἐκ
625 2587 746 2623 μοιχείας
761 2587 870 2622 ἀνόμως

83 2632 216 2666 φυομένων
231 2633 257 2660 τί
269 2634 341 2669 φῄς
360 2633 484 2665 Ἐδωκας
496 2633 550 2670 γὰρ
566 2633 696 2660 εἰσελθεῖν
713 2634 753 2664 εἰς
766 2632 812 2659 τὸν
826 2632 870 2659 κό-

114 2713 134 2727 ¹¹
149 2713 203 2743 Jer.
221 2724 239 2746 I.
256 2715 282 2742 5.

116 2783 167 2818 (Ξ8)
183 2784 350 2817 Εὺχτικῶς.
366 2785 493 2816 Allalius,
511 2783 636 2815 εὐσεϐῶς.
661 2783 705 2811 Sic
733 2787 760 2811 et
783 2783 868 2810 codex

83 2816 175 2848 Mazar.
193 2816 343 2848 Counsris.

324 2716 348 2731 ²²
363 2714 414 2742 Job
430 2723 543 2745 xxxutt,
561 2714 604 2743 Η.
624 2723 675 2742 acc.
695 2713 782 2740 LXX.
821 2712 905 2740 “Job
925 2721 952 2744 ι,
973 2713 1000 2740 8.

921 2444 1006 2481 phila,
1024 2445 1051 2471 in
1066 2449 1122 2476 tua,
1137 2443 1237 2478 inquit,
1251 2442 1375 2470 oratione
1391 2445 1512 2476 apparet,
1533 2441 1579 2476 qui
1594 2448 1652 2468 eam
1666 2447 1710 2468 sc-

921 2499 983 2519 cunt
1000 2491 1087 2527 ipsam
1110 2490 1266 2522 committit,
1297 2489 1436 2516 contraria
1462 2488 1564 2523 priusa
1589 2490 1617 2513 te
1628 2487 1710 2515 dictis

922 2542 1048 2566 astruens
1064 2547 1070 2565 :
1084 2541 1111 2565 et
1127 2541 1206 2572 putas
1223 2540 1250 2564 te
1265 2537 1350 2563 latere
1364 2539 1440 2562 tanta
1453 2534 1539 2561 oll‘usa
1554 2533 1642 2561 nube?
1656 2531 1710 2560 0e-

921 2585 1008 2612 eurrit
1020 2589 1110 2612 tamen
1124 2584 1170 2612 ille
1187 2583 1235 2611 tibi
1251 2591 1283 2610 ex
1303 2582 1418 2610 adverso
1435 2589 1535 2613 sermo,
1551 2588 1606 2616 quo
1616 2583 1643 2607 te
1657 2579 1709 2606 ali-

922 2632 984 2667 quis
996 2636 1025 2659 ut
1038 2631 1267 2667 sapientissimum
1284 2630 1380 2658 adiens
1395 2631 1564 2665 interrogare
1589 2629 1643 2656 isto
1663 2635 1712 2664 pa-

1040 2713 1062 2727 “
1079 2710 1177 2739 Matth.
1193 2718 1268 2742 uiv,
1285 2709 1337 2742 2‘2;
1356 2708 1443 2737 Marc.
1458 2716 1519 2739 xm,
1536 2708 1581 2735 '20.

960 2782 1014 2813 (29)
1029 2780 1169 2815 Θεοφυές.
1187 2780 1224 2808 Ita
1245 2781 1306 2807 cod.
1334 2778 1395 2806 Vat.
1412 2778 1458 2815 iAt
1475 2779 1589 2807 Allatius
1615 2782 1642 2806 et
1655 2785 1710 2807 ms.

925 2817 1024 2844 Μιλτᾶν.
1036 2836 1043 2848 ,
1055 2814 1186 2851 θεοφιλές,
1205 2816 1258 2843 Deo
1275 2816 1382 2843 alterum
1411 2814 1448 2841 lu.
