1908 3078
193 99 225 128 εί
667 107 686 135 S
718 109 882 138 METHODII
903 112 1056 141 EPISCOPI
1076 115 1119 142 ΕΤ
1140 115 1318 144 MARTYRIS
1779 113 1818 142 δῖ

192 163 238 185 ctu
251 160 346 193 possit.
364 159 400 188 De
416 161 448 189 iis
460 163 506 196 qui
532 171 564 190 ex
590 165 724 192 adulterio
737 167 869 201 illigitime
894 177 972 204 gene-

1027 180 1095 206 σμον
1116 172 1257 208 ἀμήχανον
1282 173 1350 200 εἶναι
1367 174 1413 201 καὶ
1430 174 1567 208 ἀδύνατον,
1585 176 1621 212 μὴ
1643 185 1816 214 χειραγωγηο

193 209 300 236 rantur,
318 206 385 233 heus
402 211 429 233 tu
441 208 505 242 quid
522 209 609 237 dicis?
623 211 789 238 tioncessisti
813 214 884 240 enim
901 215 976 241 nulla

193 257 274 284 posse
291 251 394 279 ratione
410 253 467 281 fieri
478 259 507 281 ut
519 256 580 290 quis
595 257 686 284 veniat
697 259 723 285 in
743 259 886 292 mundum,
909 261 975 295 quin

192 296 292 323 divinae
305 297 329 324 ei
347 298 497 332 majestatis
511 306 592 329 nutus
609 302 706 330 ductor
717 305 863 338 exstiterit,
882 312 976 341 parato

191 343 215 369 ci
230 343 276 378 qui
291 343 326 370 sit
342 345 510 378 nasciturus,
526 355 540 374 a
560 347 615 376 Deo
626 348 799 384 corpusculo.
815 351 846 378 Et
861 360 894 379 ne
908 360 974 379 con-

191 388 280 424 fugias
294 390 366 416 velut
383 392 409 418 in
426 399 515 420 arcem
542 402 678 428 securam,
699 397 804 431 prolato
819 398 976 426 testimonio

191 433 355 470 Scriptum.
386 437 503 466 dicentis
531 449 537 466 ε
573 439 639 468 Filii
677 447 764 469 autent
794 443 974 471 adulterorum

189 481 370 508 maturitatem
387 491 438 510 non
454 492 643 521 consequentur
656 488 696 520 “;
713 488 816 516 refcllet
828 494 854 517 te
867 491 975 523 leniter,

188 526 283 555 dicens
303 538 309 555 :
325 529 406 564 Atqui
424 531 547 559 videmus
561 533 632 561 haud
648 535 866 571 raroillrgitimis
877 545 976 566 conce-

189 577 251 608 ptos
267 577 374 610 copulis
386 581 571 607 maturescere
586 581 612 607 in
627 585 722 616 partus
739 582 832 612 vitales
840 585 976 612 valentes-

187 629 241 656 que
258 622 424 651 adolescere.

225 667 253 694 Si
269 672 360 696 autem
393 674 488 705 argute
504 670 601 699 iterum
619 673 791 709 distinguens
807 674 894 707 dicas,
919 675 975 711 Ego

187 721 265 746 vero,
280 714 348 742 heus
361 719 400 748 tu,
416 718 583 746 maturitatis
598 720 709 748 nomine
731 729 812 756 quam
841 730 895 749 non
913 731 976 750 con-

188 765 348 795 sequantur,
363 761 496 795 justitiam
517 763 702 792 Christianam
738 766 867 802 intelligo,
896 769 975 803 cujus

188 806 227 833 illi
242 812 382 843 compotes
405 816 458 836 non
480 813 553 840 sunt,
568 815 681 846 rcponct
706 813 798 839 statim
814 823 819 840 :
848 814 942 848 Atqui,
958 822 974 841 ο

186 853 276 886 beata,
293 855 370 881 multi
383 863 415 882 ex
429 855 521 890 iniquo
546 858 596 883 sati
615 858 729 892 semine,
760 859 845 886 nihilo
871 860 973 892 secius,

187 906 241 924 non
260 899 348 926 solum
361 900 436 935 gregi
450 900 568 928 ﬁdelium
586 902 709 935 adunati,
728 912 822 931 verum
838 905 920 932 etiam
944 909 974 933 ut

186 943 241 971 illis
256 950 404 979 praeessent
424 946 495 973 haud
517 955 579 975 raro
603 950 691 975 sortiti
708 955 781 977 sunt.
799 950 888 983 Quare
910 958 972 978 cum

186 990 324 1016 connuuni
337 991 457 1018 omnium
475 1001 556 1020 sensu
577 997 603 1021 et
619 995 786 1029 experientia
799 995 973 1023 notissimum

185 1035 232 1066 sit,
247 1040 324 1063 ortos
338 1044 371 1064 ex
397 1037 533 1066 adulterio
566 1040 670 1068 utrovis
695 1041 776 1069 modo
795 1041 868 1076 quod
884 1041 974 1077 perfe-

184 1085 258 1108 ctum
277 1087 319 1110 est
335 1084 460 1118 adipisci,
479 1093 532 1113 non
549 1090 592 1113 est
613 1087 762 1121 putandum
786 1088 819 1115 de
834 1089 973 1124 concepti-

185 1127 236 1156 bus
251 1133 298 1156 aut
328 1132 462 1165 partubus
478 1133 668 1167 propheticum
685 1134 750 1161 illud
772 1133 892 1169 Spiritus
909 1142 974 1162 san-

184 1175 221 1202 cli
237 1177 378 1204 oraculum
406 1186 468 1206 esse
486 1179 690 1215 intelligendum
704 1189 711 1213 ;
737 1180 784 1207 sed
798 1180 867 1208 forte
883 1181 973 1216 potius

183 1220 218 1248 de
233 1221 286 1249 illis
298 1223 344 1258 qui
361 1224 516 1252 adulterant
531 1226 672 1252 veritatem
692 1235 698 1252 :
712 1227 758 1261 qui
785 1227 911 1253 nimirum
928 1234 971 1254 so-

185 1267 311 1301 phisticis
328 1268 447 1296 decretis
458 1274 667 1305 corrumpentes
683 1270 853 1306 Scripturas,
878 1272 973 1298 imma-

184 1317 273 1340 turam
301 1315 415 1350 gignunt
431 1317 610 1351 sapientiam,
635 1317 707 1352 quod
731 1318 823 1352 pietati
849 1325 971 1345 errorem

183 1361 393 1388 commisceant.
413 1361 516 1397 Itaque.
535 1363 587 1389 hoc
604 1371 713 1398 quoque
726 1364 774 1390 tibi
791 1364 891 1398 effugio
903 1372 972 1399 prte-

184 1406 274 1437 cluso.
294 1407 406 1438 imodo,
424 1413 450 1434 et
475 1417 506 1435 ex
526 1409 661 1436 adulterio
690 1417 799 1445 quoque
823 1415 971 1444 conceptos

185 1452 268 1484 fetus.
288 1454 434 1488 responde,
453 1454 507 1482 Deo
531 1455 599 1483 bene
617 1456 724 1483 volente
745 1456 879 1491 generari.
898 1455 973 1483 Dixi-

1027 216 1107 243 οέντα
1118 217 1156 252 τῷ
1170 217 1301 253 θελήματι
1313 219 1361 254 τῆς
1377 220 1561 256 μεγαλωσύνης
1575 222 1639 255 (50),
1655 231 1813 250 κατασκευο

1026 263 1153 296 ασθέντος
1170 265 1250 291 αὑτοῦ
1267 265 1313 291 τοῦ
1333 265 1509 301 carpit-Suam;
1523 267 1590 302 πρὸς
1604 268 1650 293 τοῦ
1665 268 1741 295 Θεοῦ.
1754 269 1815 296 Καὶ

1026 309 1069 336 ἵνα
1085 310 1123 345 μὴ
1143 311 1301 348 καταφύγῃς
1315 311 1407 343 ὥσπερ
1418 313 1458 344 εις
1471 313 1568 348 τειχίον
1585 314 1724 349 ἐχέγγυον,
1739 324 1815 352 προ-

1026 356 1196 393 χειριζομένη
1212 358 1261 393 τὴν
1274 358 1404 392 λέγουσαν
1418 359 1538 395 Γραφὴν,
1554 360 1644 388 Τέκνα
1655 361 1687 388 δὲ
1695 362 1815 396 μοιχῶν

1025 402 1260 437 ὰτελεσφόρητα,
1278 404 1475 439 ἀποκρούσεταί
1491 414 1519 431 σε
1538 406 1632 441 πράως
1647 407 1740 439 εἰπὼν,
1755 408 1810 434 ὅτι·

1026 448 1081 474 Καὶ
1099 448 1151 484 μὴν
1171 449 1341 485 τελεσφόροις
1359 450 1497 485 πολλαχῶς
1514 451 1603 478 ὠδῖσιν
1623 452 1726 489 ὦριμον
1741 462 1814 489 καρ-

1026 493 1076 519 πὸν
1088 494 1150 526 τοὺς
1168 495 1200 520 ἐκ
1215 495 1380 531 παρανόμων
1403 496 1600 532 συλληφθέντας
1613 495 1664 526 ὦδε
1678 499 1814 526 συναλλα-

1026 538 1080 573 γῶν
1094 539 1201 574 ὁρῶμεν
1220 541 1377 576 φυομένους.

1060 673 1092 699 Εἰ
1106 673 1126 699 δ’
1145 671 1177 700 αὖ
1193 673 1273 700 πάλιν
1287 674 1448 709 σοφιζομένη
1468 672 1597 710 φαίης,¹Ὠ
1611 684 1697 707 ουτος,
1712 675 1768 708 ἐγὼ
1779 675 1813 703 τι

1024 719 1238 756 ἁτελεσιρόρητον
1264 720 1308 746 ὲπὶ
1331 720 1384 746 τῶν
1404 721 1597 756 τελειουμένων
1615 721 1733 756 ἠγοῦμαι
1746 721 1813 749 τάσρ

1025 764 1118 790 σεσθαι
1133 767 1164 799 τῇ
1186 764 1402 800 Χριστοδιδᾶκτῳ
1415 765 1581 802 δικαιοσύνῃ.
1594 767 1740 800 λελέξεται*
1754 768 1812 794 Καὶ

1027 809 1089 844 μὴν,
1103 806 1126 836 ὧ
1145 810 1276 845 μακαρία,
1296 810 1414 837 πλεῖστοι
1432 811 1572 847 τεχθέντες
1587 811 1616 845 ἐξ
1635 812 1728 839 ἀδίκου
1747 821 1813 839 σπο-

990 858 1010 884 Β
1026 856 1076 891 ρᾶς
1092 855 1167 882 οὐδὲν
1183 853 1262 891 ἦττον
1275 857 1305 882 οὐ
1322 856 1400 892 μόνον
1418 859 1452 893 τῇ
1466 858 1565 894 ποίμνῃ
1582 859 1812 892 συναγελάζεσθαι

1026 902 1256 938 καταριθμοῦνται
1272 903 1324 929 τῶν
1343 903 1474 938 ἀδελφῶν,
1493 904 1560 931 ἀλλὰ
1575 905 1621 931 καὶ
1633 905 1813 942 καθηγεῖσθαι

1024 948 1126 975 τούτων
1141 948 1306 985 κληροῦνται
1318 949 1467 985 πολλαχῶς.
1476 951 1579 977 Οὐκοῦν
1592 951 1667 982 ὄντος
1679 952 1812 987 φανεροῦ,

1024 994 1071 1020 καὶ
1087 995 1194 1021 πάντων
1212 995 1396 1029 ἱστορούντων,
1414 996 1461 1022 καὶ
1470 996 1503 1022 τὰ
1513 998 1544 1022 ἐκ
1555 997 1675 1031 μοιχείας
1688 997 1814 1031 φυόμενα

1024 1041 1281 1076 τελεσιουργεῖσθαι,
1302 1041 1332 1067 οὺ
1353 1042 1404 1077 χρὴ
1428 1042 1547 1077 νομίζειν
1571 1043 1634 1078 περὶ
1654 1042 1814 1078 συλλήψεων

1024 1087 1070 1114 καὶ
1085 1088 1172 1114 τόκων
1192 1088 1223 1113 τὸ
1246 1087 1357 1123 Πνεῦμα
1379 1088 1646 1123 προπεφητευκέναι·
1672 1088 1729 1114 ἁλλ’
1746 1088 1815 1120 ἴσως

1025 1133 1089 1168 περὶ
1104 1133 1156 1159 τῶν
1174 1133 1222 1168 τὴν
1233 1133 1362 1169 ἀλήθειαν
1377 1134 1562 1169 μοιχωμένων,
1579 1135 1676 1165 οἵτινες
1690 1134 1814 1168 adulta:-

1024 1187 1084 1213 φοις
1098 1179 1251 1211 νοθεύοντες
1265 1180 1382 1215 δόγμασι
1397 1180 1446 1212 τὰς
1459 1180 1579 1216 Γραιρέιςγ
1597 1180 1814 1215 ἀτελεσφόρητον

1024 1225 1137 1259 γεννῶσι
1155 1226 1258 1260 σοῳίαν,
1271 1227 1302 1261 τῇ
1322 1226 1460 1262 θεοσεϐείᾳ
1474 1227 1662 1262 συγκρίνοντες
1675 1227 1724 1262 τὴν
1741 1226 1814 1253 πλὰ-

1024 1278 1082 1304 νην.
1100 1269 1144 1295 Διὸ
1161 1270 1206 1296 καὶ
1219 1270 1318 1305 ταύτης
1332 1279 1378 1296 σου
1392 1270 1442 1305 τῆς
1454 1272 1614 1306 προφάσεως
1628 1271 1813 1308 ἐξῃρημένης,

1025 1314 1079 1341 ἶσοι
1093 1315 1134 1350 δὴ,
1152 1316 1177 1341 εἰ
1194 1315 1240 1341 καὶ
1260 1316 1294 1342 τὰ
1311 1317 1342 1342 ὲκ
1361 1315 1482 1350 μοιχείας
1503 1315 1684 1348 εὐδοκοῦντος,
1699 1317 1816 1352 ἀπόκρι-

1024 1370 1078 1393 ναι,
1097 1361 1244 1396 γεννῶνται
1257 1361 1304 1387 τοῦ
1322 1361 1493 1397 Θεοῦ,¹Έφης
1507 1362 1571 1398 γὰρ,
1587 1360 1656 1389 εἶναι
1670 1362 1813 1394 ἀδύνατον,

1024 1407 1167 1442 ἀνθρώπου
1190 1407 1417 1443 τελεσφορηθῆναι
1443 1407 1535 1442 γονὴν,
1554 1408 1591 1443 μὴ
1618 1407 1815 1444 μορφώσαντος

1024 1453 1109 1488 αὐτὴν
1123 1453 1170 1479 καὶ
1186 1452 1361 1487 ψυχώσαντος
1379 1453 1424 1479 τοῦ
1444 1453 1557 1489 Κυρίου.

185 1501 219 1528 sti
233 1501 318 1533 enim,
333 1504 389 1530 lieri
401 1512 454 1530 non
467 1511 546 1538 posse
559 1508 588 1530 ut
613 1504 646 1530 ad
660 1505 845 1532 maturitatem
861 1508 889 1532 et
916 1503 1178 1532 consummatiozem
1208 1501 1349 1536 perveniat
1371 1501 1507 1529 humanus
1534 1500 1617 1534 fetus,
1639 1502 1693 1529 nisi
1718 1501 1816 1529 Domi-

186 1556 239 1576 nus
251 1548 365 1576 formam
381 1550 705 1586 animumqueindiderit.

551 1610 614 1637 CAP.
633 1610 678 1638 IV.
695 1609 820 1638 Humana
836 1610 981 1646 generatio,
993 1607 1092 1642 Deique
1108 1606 1134 1632 in
1147 1613 1177 1631 ea
1193 1612 1258 1638 opus
1275 1602 1449 1630 declaratum.

220 1667 271 1694 Hic
282 1667 444 1704 Theophila.
463 1669 537 1697 velut
558 1670 664 1698 robusti
697 1671 806 1698 lacertis
821 1669 971 1697 adversarii

1059 1666 1115 1693 Καὶ
1128 1667 1145 1701 ἠ
1161 1664 1287 1699 Θεοφίλα,
1300 1664 1354 1692 ἀπὸ
1372 1663 1494 1698 γενναίου
1506 1663 1600 1700 ὥσπερ
1613 1664 1745 1700 ληφθεῖσα
1759 1666 1818 1694 τῶν

184 1712 274 1738 media
289 1717 426 1748 correpta,
444 1714 575 1750 vertigine
587 1719 689 1742 tentata
704 1715 821 1750 quadam
838 1719 896 1748 est;
915 1719 971 1741 ttuu

185 1765 257 1792 πετο
265 1758 373 1785 tandem
386 1759 482 1794 spiritu
501 1765 654 1795 resumpto,
671 1760 748 1792 Rem,
762 1761 860 1796 inquit.
876 1769 894 1788 ο
909 1761 973 1788 bea-

184 1807 223 1834 ta.
239 1804 350 1838 quteris,
367 1805 401 1831 ad
423 1806 466 1832 sui
491 1807 598 1840 plenam
616 1806 829 1835 declarationem
845 1807 973 1841 exemplo

184 1850 304 1885 quodam
320 1851 495 1886 indigentem,
515 1853 594 1887 cujus
609 1853 740 1881 beneficio
751 1854 850 1881 melius
870 1853 973 1881 intelli-

184 1904 244 1932 gas,
261 1896 309 1924 Dei
323 1897 376 1924 vim
392 1898 551 1926 creatricem
567 1906 615 1934 per
625 1900 716 1926 omnia
732 1899 842 1934 quidem
866 1899 972 1934 pertin-

184 1947 304 1978 gentem,
333 1945 470 1980 pra:cipue
498 1949 589 1972 tamen
613 1946 699 1980 ipsam
729 1953 744 1972 a
767 1953 797 1972 se
823 1945 971 1972 humanam

185 1994 316 2024 prtestare
332 1991 548 2025 generationem,
561 1991 686 2026 augendo
702 1999 762 2026 qua:
775 1992 802 2018 in
826 1991 972 2026 genitalem

185 2038 250 2061 sunt
266 2036 400 2063 seminata
417 2041 529 2064 terram.
547 2036 641 2071 Neque
656 2037 729 2064 enim
747 2037 773 2064 id
799 2037 873 2072 quod
891 2037 972 2065 semi-

184 2083 268 2106 natur
282 2080 448 2114 culpandum
463 2087 505 2109 est
519 2091 526 2108 :
539 2081 586 2109 sed
605 2082 631 2108 in
648 2089 681 2109 eo
704 2083 794 2109 omnis
811 2082 891 2116 culpa
906 2082 973 2109 resi-

183 2125 240 2158 det,
251 2126 298 2161 qui
313 2126 341 2153 in
357 2127 475 2154 alienum
489 2135 596 2163 agrum,
619 2127 728 2155 furtivis
747 2128 895 2160 cubilibus,
913 2129 972 2156 vel—

183 2172 224 2199 uti
257 2173 382 2200 mercede
398 2173 488 2200 brevis
499 2173 657 2208 voluptatis,
674 2175 811 2210 propriam
827 2174 972 2209 impuden-

183 2222 226 2245 ter
243 2222 392 2245 sementem
410 2219 514 2246 vendit.
530 2218 650 2246 lnl'orma
661 2219 744 2251 enim.
755 2227 857 2254 quaeso,
867 2220 970 2252 animo,

183 2265 265 2292 talem
282 2264 428 2299 quamdam
445 2265 592 2300 imaginem
607 2265 694 2293 nostri
711 2266 738 2292 in
755 2267 839 2292 vitam
850 2269 927 2293 ortus
939 2274 972 2293 ac

182 2311 377 2346 generationis.
398 2311 494 2346 Cogita
508 2311 630 2344 domum,
646 2311 724 2346 cujus
739 2312 880 2339 altissimis
893 2320 971 2339 mon-

1025 1714 1114 1749 μέσων
1129 1711 1340 1746 ἁνταγωνιστοῦ,
1358 1711 1566 1743 ἐσκοτοδινίασε,
1581 1712 1628 1738 καὶ
1645 1712 1717 1747 μάλα
1736 1713 1818 1748 μόλις

1023 1759 1225 1791 ἀναπνεύσασα,
1239 1759 1305 1794 ἔφη·
1326 1758 1445 1793 Ἐρωτᾷς
1466 1758 1594 1793 ἐρώτημα
1615 1758 1658 1785 διὰ
1682 1760 1819 1795 παραδεξ-

1023 1815 1137 1842 γματος,
1162 1802 1184 1832 ὧ
1209 1805 1340 1840 μακαρία,
1369 1803 1468 1840 χρῇζον
1492 1804 1695 1839 ἀποδειχθῆναι,
1724 1805 1756 1832 ἵν’
1774 1805 1818 1833 ἔτι

1024 1852 1124 1888 μᾶλλον
1137 1851 1220 1886 εἰδῇς,
1233 1851 1271 1882 ὡς
1282 1850 1326 1877 διὰ
1341 1850 1449 1877 πάντων
1461 1851 1477 1885 ἡ
1491 1851 1618 1886 ποιητικὴ
1631 1851 1744 1886 δύναμις
1758 1851 1819 1887 διήο

1023 1907 1108 1925 κουσα
1124 1897 1171 1924 τοῦ
1186 1896 1264 1928 Θεοῦ.
1281 1896 1360 1923 πλέον
1381 1898 1421 1928 εἰς
1440 1896 1489 1932 τὴν
1504 1897 1557 1922 τῶν
1573 1896 1722 1932 ἀνθρώπων
1737 1897 1818 1931 γένε-⁸

1024 1954 1065 1972 σιν
1087 1944 1241 1979 αὐτουργεῖ,
1259 1943 1377 1976 αῦξουσα
1399 1942 1433 1969 τὰ
1453 1943 1493 1974 εἰς
1513 1943 1624 1978 γόνιμον
1643 1943 1819 1978 φυτευόμενα

1023 1991 1085 2025 γῆν.
1100 1991 1136 2016 Οὔ
1151 1989 1204 2025 γὰρ
1220 1990 1250 2015 τὸ
1262 1989 1438 2024 σπειρόμενον
1457 1989 1602 2022 αἰτιατέον,
1623 1988 1690 2015 ἀλλὰ
1704 1989 1750 2016 τὸν
1773 1991 1818 2023 εἰς

1023 2037 1163 2071 ἀλλοτρίαν
1178 2036 1297 2071 ἄρουραν
1313 2035 1490 2070 κλεψιγάμοις
1509 2035 1609 2067 εὐναῖς,
1621 2032 1665 2062 οἷα
1678 2035 1817 2070 μισθωτὸν

1022 2083 1115 2117 ὀλίγης
1137 2081 1243 2116 ἡδονῆς,
1257 2080 1305 2114 τὴν
1328 2080 1395 2106 ἰδέαν
1415 2080 1598 2115 ἀναισχύντως
1623 2081 1818 2116 πιπράσκοντα

1024 2125 1308 2163 σποράν.Ἀπείκασον
1328 2124 1382 2160 γὰρ
1403 2121 1515 2159 τοιούτῴ
1535 2125 1587 2151 τινὶ
1608 2124 1656 2160 τὴν
1675 2125 1818 2161 ἡμετέραν

1023 2174 1129 2209 γένεσιν
1149 2173 1189 2204 εἰς
1208 2172 1254 2198 τὸν
1274 2171 1340 2206 βίον,
1353 2169 1407 2197 οἷον
1423 2171 1490 2206 οἴκῳ
1504 2173 1708 2206 παρακειμένην
1725 2171 1818 2207 ἔχοντι

1022 2220 1071 2254 τὴν
1086 2218 1187 2245 εἴσοδον
1208 2217 1298 2252 δρεσιν
1311 2217 1437 2252 ὑψηλοῖς·
1450 2217 1552 2252 διήκειν
1574 2217 1602 2243 δὲ
1623 2217 1667 2244 τὸν
1680 2216 1754 2244 οἶκον
1767 2219 1816 2246 ἐπὶ

1023 2266 1091 2292 πολὺ
1104 2265 1188 2295 κάτω,
1205 2263 1301 2299 μέχρις
1314 2263 1405 2298 ἄκρων
1416 2263 1464 2298 τῆς
1484 2263 1585 2289 εἰσόδου
1604 2263 1699 2298 ἔχοντα
1712 2264 1815 2297 πολλὰς

1023 2311 1092 2342 ὀπὰς
1106 2311 1137 2336 ἐκ
1150 2309 1204 2335 τῶν
1216 2309 1312 2339 ὀπίσω,
1326 2308 1373 2334 καὶ
1393 2309 1527 2344 περιφερῆ
1549 2308 1619 2335 κατὰ
1632 2309 1710 2336 τοῦτο
1725 2309 1755 2336 τὸ
1769 2311 1816 2344 μέ-

184 2356 260 2384 tibus
273 2359 415 2392 ingressus
427 2357 562 2392 adjaceat.
582 2357 695 2392 ipsaque
714 2358 793 2393 longe
808 2358 836 2385 in
852 2358 966 2384 multam

1026 2365 1067 2393 ρος
1079 2355 1216 2390 γεγονότα.
1228 2369 1262 2374 -
1270 2353 1433 2385 ’Δπεικάζω,
1445 2354 1496 2389 ἔφη
1507 2355 1524 2389 ἡ
1535 2354 1728 2390 Μαρκέλλα.-
1739 2356 1812 2382 Οὐκ-

183 2404 210 2427 ct
219 2400 326 2428 inferne
340 2409 469 2436 capacem
483 2401 602 2429 demissa
614 2403 649 2429 sit
663 2401 892 2437 profunditatem;
909 2409 970 2437 qua:

182 2446 300 2482 denique
313 2456 327 2474 a
343 2455 451 2474 summo
477 2448 566 2483 capite
581 2448 616 2476 ab
643 2449 767 2483 ingressu
786 2449 870 2476 ntulta
896 2452 973 2475 retro

183 2492 317 2521 foramina
335 2495 443 2527 habeat,
460 2502 492 2522 ac
509 2495 589 2528 cujus
616 2495 701 2530 ﬁgura
728 2503 760 2522 ea
773 2499 849 2530 parte
861 2495 972 2522 orbicu-

183 2538 250 2565 laris
263 2540 386 2566 exsistat.
399 2555 435 2559 —
456 2539 588 2572 l-nformo,
605 2540 693 2575 inquit
719 2540 858 2571 Marcella,
887 2547 970 2574 quam

181 2585 262 2618 jubes
279 2585 436 2620 imaginem.
450 2601 486 2607 —-
498 2586 558 2613 Jam
576 2587 727 2621 imaginare
742 2587 880 2614 sedentem
895 2586 970 2613 intus

183 2631 291 2665 operari
306 2632 411 2666 plasten
425 2637 533 2660 statuas
548 2633 691 2667 plurimas,
707 2640 739 2660 ex
767 2632 832 2659 limo
846 2640 926 2667 quem
945 2632 970 2659 ei

183 2684 233 2712 per
244 2684 276 2704 ea
287 2685 348 2712 qua:
368 2677 424 2705 dixi
453 2678 600 2710 foramina,
617 2678 695 2705 multi
719 2678 830 2705 assidue
846 2677 970 2705 homines

220 2755 242 2771 "
258 2755 321 2790 Sap.
338 2763 378 2788 ut,
395 2756 439 2784 16.

1021 2403 1068 2429 οὖν
1092 2401 1212 2428 ἀπόλαϐε
1231 2400 1304 2426 ἔνδον
1320 2400 1499 2434 καθεζόμενον
1512 2400 1674 2434 ἐργάζεσθαι
1687 2401 1811 2437 πλάστην

1023 2447 1137 2478 ’πολλοὺς
1153 2447 1313 2483 ἀνδριάντας
1326 2455 1332 2461 ·
1344 2446 1429 2481 τούτῳ
1440 2446 1462 2472 δ’
1474 2444 1507 2472 αὖ
1521 2447 1570 2481 τὴν
1586 2446 1650 2481 ὕλην
1661 2447 1707 2474 τοῦ
1722 2448 1812 2483 πηλοῦ

1021 2494 1067 2520 διὰ
1086 2494 1141 2520 τῶν
1159 2492 1232 2519 ὀπῶν
1250 2492 1348 2524 ἔξωθεν
1361 2492 1455 2526 νόησον
1475 2492 1526 2518 ὑπὸ
1549 2492 1647 2518 πολλῶν
1660 2493 1815 2528 ἀνθρώπων

1024 2540 1154 2571 ἁνενὸεῶς
1166 2538 1350 2574 χορηγεῖσθαι,
1363 2537 1468 2569 οὐδενὸς
1481 2538 1560 2564 αὐτὸν
1575 2538 1691 2573 ὁρῶντος
1708 2540 1754 2566 τὸν
1773 2549 1816 2566 τεο

1025 2586 1128 2621 χνίτην.
1141 2585 1189 2616 Δὸς
1199 2585 1227 2611 δὲ
1239 2584 1404 2619 κεκαλύφοαι
1416 2584 1460 2611 τὸν
1470 2582 1542 2610 οἷκον
1553 2584 1651 2620 ὁμίχλῃ
1671 2585 1719 2611 καὶ
1738 2587 1817 2620 νεφέ-ι

1025 2631 1094 2663 λαις,
1109 2631 1155 2657 καὶ
1168 2630 1250 2666 μηδὲν
1261 2631 1352 2661 αὐτοῖς
1365 2629 1462 2662 ἔξωθεν
1482 2628 1550 2656 ε-ἷναι
1567 2637 1720 2664 καταφανεις
1732 2629 1748 2665 ἦ
1764 2632 1812 2665 μό-

1025 2687 1074 2710 νας
1085 2678 1132 2709 τὰς
1143 2677 1221 2708 ὀπὰς.
1234 2675 1364 2708 Δεδόσθω,
1376 2676 1437 2712 ἔφη,
1451 2677 1496 2703 καὶ
1514 2676 1700 2712 τοῦτο.Ἕχειν
1714 2677 1740 2703 δὲ
1753 2677 1814 2703 Exa-

221 2816 278 2848 (30)
293 2817 521 2850 Μεγαλοσύνης.
538 2817 589 2844 Ms.
606 2817 674 2845 Man.
690 2822 716 2845 et
729 2817 819 2850 Allat.,
836 2817 972 2852 δυνάμεως

1027 2825 1148 2845 ΟΙΙΒιῖΠδ.
