1908 3078
195 103 232 131 55
670 104 698 131 S.
721 103 886 132 METllODIl
907 103 1059 131 EPISCOPI
1080 103 1123 131 ET
1145 103 1324 131 MARTYRIS
1784 103 1820 131 56
1843 123 1847 129 η

195 161 323 189 cinnans.
339 161 388 194 Qui
400 161 518 196 denique
541 161 627 188 lutum
652 163 830 198 argillamque
854 170 974 197 compor-

1038 171 1073 198 ιη.
1089 163 1157 194 Τοὺς
1172 163 1200 189 δὲ
1214 162 1372 198 κομίζοντας
1388 161 1437 197 τὴν
1459 161 1524 197 ὓλην
1538 161 1583 188 τοῦ
1598 160 1695 196 πηλοῦ,
1713 160 1753 197 τῷ
1770 162 1819 188 ἀν-

193 210 264 238 tant,
283 215 371 234 mares
381 214 412 234 ac
426 207 498 234 viros
510 208 662 242 exprimere
676 209 812 243 cogitandi
828 210 901 240 'sunt,
916 216 977 236 cum

195 252 235 278 illi
253 252 399 279 liberorum
421 256 516 287 agente
531 253 576 280 siti
597 253 624 279 in
636 254 774 281 naturales
789 253 894 282 feminae
907 261 979 281 mea-

194 302 238 324 tus
249 304 340 324 semen
354 297 492 331 injicittnt,
517 297 590 325 haud
613 305 693 326 secus
708 306 740 326 ac
756 299 793 326 illi
816 300 937 334 argillam
951 299 978 326 in

193 341 326 368 foramina
340 341 499 376 important.
519 341 622 370 Semini
649 344 733 377 enim,
745 344 862 379 quadam
880 345 979 372 divinae

191 387 334 415 creatricis
360 390 498 423 potentiae.
524 393 553 416 ut
579 390 621 417 sic
646 390 747 423 dicam,
773 392 980 427 participatione

190 441 315 468 asperso,
332 434 403 461 haud
416 435 566 470 imputandi
592 441 775 465 exmstuantcs
791 438 903 473 impurae
917 438 978 465 libi-

189 479 262 506 dinis
277 479 402 507 ardores.
419 480 472 508 Ars
487 488 569 515 porro
581 481 608 508 in
634 482 758 517 subjecta
783 483 834 511 sibi
852 485 978 518 materia,

189 525 263 560 quo-1
279 533 360 553 suum
372 526 505 561 est,'agit.
522 525 629 554 Nullam
645 535 712 555 vero
728 537 784 555 rem
798 536 829 556 ex
842 537 871 557 se
884 537 916 557 ac
932 538 980 565 per

188 579 218 598 sc
230 571 316 607 ipsam
332 572 430 598 malam
446 579 518 605 esse,
535 572 747 600 existimandum
766 579 817 605 est,
835 574 882 602 sed
899 575 979 603 talem

188 617 247 645 ﬁeri
260 626 307 653 per
322 618 493 646 abutentium
510 619 705 653 operationem.
720 619 838 647 Honeste
854 621 980 649 videlicet

190 667 219 690 et
233 667 310 691 caste
326 663 457 694 exhibita.
486 664 599 691 honesta
612 663 722 697 evadit;
739 665 854 700 turpiter
875 674 941 694 vero
953 670 980 694 et

187 709 348 736 indecenter
377 709 579 741 administrata,
606 710 696 745 turpis
721 711 758 737 fit.
790 712 821 739 In
841 720 894 747 quo
907 713 980 740 enim

187 756 258 784 male
276 756 375 783 tucruit
390 756 493 783 ferrum
511 762 622 793 propter
643 757 840 792 agriculturam
864 763 890 786 et
907 762 980 786 artes

188 802 339 833 inventum,
353 802 386 830 de
402 802 435 829 iis
453 802 498 838 qui
511 802 543 829 ad
556 807 664 831 mutuas
677 804 742 831 illud
758 804 845 832 caedes
861 805 980 832 acuunt?

187 846 217 874 lu
234 855 288 882 quo
301 855 398 874 aurqu
424 852 472 874 aut
487 853 639 883 argentum,
656 852 703 876 aut
725 856 773 881 aes,
791 853 828 881 et,
851 854 879 876 ut
894 851 976 878 verbo

188 894 325 929 colligam,
357 894 446 922 omnis
475 896 586 921 materia
612 899 695 930 atque
720 896 840 929 metalla,
870 896 934 924 dum
947 905 977 925 se

187 940 281 967 mollia
295 940 417 975 praebent
433 947 465 967 ac
496 940 659 972 tractabilia,
677 940 710 968 de
727 941 772 968 his
787 942 832 976 qui
861 942 976 977 ingratis

187 985 216 1012 in
232 991 370 1013 auctorem
385 994 465 1014 suum
492 985 602 1018 animis.
627 986 655 1013 in
669 990 776 1015 statuas
791 988 866 1015 varie
877 987 976 1015 distin-

186 1035 245 1058 ttas
261 1031 479 1067 elformatasque.
495 1032 550 1059 haec
566 1032 704 1060 adoranda
719 1034 896 1068 proponunt?
911 1034 977 1062 Cer-

186 1081 214 1104 te
229 1077 252 1104 si
267 1077 329 1112 quis
345 1077 418 1105 furto
428 1078 543 1113 quaesita
560 1078 660 1105 vellera
680 1079 804 1106 textrina:
817 1080 973 1114 praebuerit,

185 1123 213 1149 itt
232 1130 316 1150 unum
334 1122 407 1150 hunc
421 1131 534 1158 scopum
562 1123 673 1151 intuens
703 1132 759 1157 ars,
784 1124 858 1159 qttod
884 1125 975 1160 subje-

184 1173 258 1196 ctum
274 1175 315 1197 est
332 1169 492 1202 fabricatur,
508 1175 538 1198 ut
562 1174 728 1197 structuram
753 1170 889 1203 admittat,
909 1172 975 1198 nihil

183 1223 318 1250 respuens
336 1223 430 1244 eorum
445 1224 507 1251 quae
522 1217 560 1243 illi
577 1209 610 1244 ad
627 1224 706 1244 usutn
725 1224 805 1244 suum
823 1221 885 1251 apta
897 1217 975 1252 obje-

184 1266 229 1288 cta
256 1266 332 1289 sttnt.
359 1261 427 1288 Nam
445 1270 533 1297 neque
560 1262 631 1297 qttod
657 1262 730 1290 furto
748 1263 867 1290 ablatum
883 1268 934 1295 est,
947 1264 973 1291 in

182 1308 287 1335 crimen
304 1308 456 1335 vocandum
484 1309 530 1340 sit,
556 1309 657 1343 quippe
684 1308 845 1336 inanimum.
872 1309 974 1336 Lanam

185 1358 276 1388 itaque
284 1353 426 1381 elaborare
444 1361 476 1381 ac
488 1355 664 1386 concinnare,
690 1354 758 1382 nihil
774 1354 915 1389 prohibet;
928 1355 974 1390 qui

185 1405 250 1424 vero
268 1397 368 1432 injusla
384 1405 444 1425 eam
466 1405 549 1424 manu
569 1398 696 1433 furtoque
713 1398 835 1430 abstulit,
854 1399 876 1426 is
893 1406 974 1434 poena

184 1443 352 1472 afﬁciendus.
368 1444 413 1471 Sic
424 1449 598 1479 corruptores
612 1445 783 1479 nuptiarum,
791 1452 823 1472 ac
846 1445 892 1480 qui
907 1453 975 1473 con-

184 1491 273 1518 cinnae
287 1494 425 1525 castaeque
438 1491 508 1522 vita},
525 1491 598 1518 velut
608 1491 729 1523 citharae.
743 1494 844 1519 temere
855 1491 973 1519 chordas

185 1540 324 1572 rttmpunt,
343 1536 457 1564 ell‘renes
482 1536 654 1564 inflammata:
669 1537 828 1572 cupiditatis
842 1543 927 1565 aestus
942 1538 971 1565 in

184 1582 318 1610 adulteria
335 1583 468 1616 laxantes,
481 1583 532 1618 ipsi
546 1582 654 1618 quidem
667 1583 807 1611 cruciandi
827 1583 971 1618 puniendi-

184 1636 237 1663 que
248 1632 332 1656 sunt:
351 1634 450 1657 nocan
474 1629 546 1656 enim
571 1629 701 1664 graviter,
716 1637 748 1656 ex
770 1629 866 1656 alienis
883 1629 971 1657 hortis

1029 209 1109 244 δρειῳ
1133 209 1180 236 καὶ
1202 208 1339 245 ἁρῤενικῷ
1355 207 1560 244 παραϐλητέον·
1577 208 1668 239 ὁπότε,
1683 208 1820 243 διψήσαν-

1028 265 1073 288 τες
1089 255 1201 287 τέκνων,
1219 257 1258 287 εἰς
1271 256 1335 286 τοὺς
1359 254 1429 281 κατὰ
1452 254 1532 289 φύσιν
1546 254 1597 289 τῆς
1611 254 1722 290 θηλείας
1737 263 1821 290 φερο-

1031 303 1127 338 μένους
1153 303 1253 338 πόρους
1276 301 1506 336 ὲγκατασάλλουσι
1528 300 1577 336 τὴν
1593 300 1706 336 σπορὰν,
1722 300 1820 337 ὥσπερ

1029 349 1110 374 κάκεῖ
1124 348 1169 374 τὸν
1186 348 1268 383 πηλὸν
1287 349 1326 379 εἰς
1347 346 1396 378 τὰς
1416 346 1496 379 ὀπὰς.
1513 346 1594 378 Θείας
1617 346 1681 382 γὰρ,
1697 345 1736 377 ὡς
1754 345 1820 377 ἔπος

1029 395 1124 425 εἰπεῖν,
1144 394 1239 430 μοίρας
1264 393 1312 427 τῆς
1337 392 1532 428 δημιουργικῆς
1549 392 1579 419 τὸ
1596 392 1706 428 σπέρμα
1732 400 1820 428 μετα-

1029 437 1175 473 λαμϐάνον,
1190 439 1239 465 ούκ
1265 438 1330 465 αύτό
1353 437 1437 464 αἴτιον
1461 437 1601 473 νομιστέον
1613 435 1683 464 εἶναι
1696 437 1754 463 τῶν
1768 436 1821 472 τῆς

1029 484 1175 516 ἀκολασίας
1189 484 1417 519 ὑπεκκαυμάτων.
1427 483 1458 510 Ἠ
1472 484 1521 518 μὲν
1530 483 1584 519 γὰρ
1599 482 1680 518 τέχνη
1693 482 1744 519 τὴν
1756 483 1823 509 ὐπο-

1030 530 1157 565 κειμένην
1171 529 1236 565 ὓλην
1246 530 1289 557 ἀεὶ
1305 530 1481 557 τεκταίνεται.
1489 529 1572 556 Οὐδὲν
1582 529 1637 565 γὰρ
1649 529 1745 556 αὐτόθι
1756 528 1820 555 καθ’

1030 576 1111 602 ἑαυτὸ
1124 575 1178 602 τῶν
1192 575 1359 611 πραγμάτων
1371 575 1485 611 ἡγητέον
1498 573 1567 602 εἶναι
1582 574 1676 606 κακὸν,
1685 574 1755 600 ἀλλὰ
1767 582 1822 601 παρ

1032 621 1065 656 ρὰ
1080 622 1129 657 τὴν
1142 621 1241 657 πρᾶξιν
1256 621 1310 648 τῶν
1325 622 1472 657 χρωμένων
1487 620 1597 647 τοιῶσδε
1611 619 1747 655 γίνεσθαι.
1766 621 1823 646 Κο-

1031 667 1117 702 σμεως
1134 667 1183 702 μὲν
1196 667 1250 702 γὰρ
1267 667 1450 702 πραττόμενον
1469 667 1516 694 καὶ
1532 667 1688 702 σωφρόνως,
1705 666 1823 700 κόσμιον

1030 713 1136 748 ἀπέϐη·
1152 714 1270 749 αἰσχρῶς
1287 714 1314 740 δὲ
1330 714 1376 740 καὶ
1391 714 1562 750 ἀσχημόνως,
1577 714 1699 749 αἰσχρόν.
1715 713 1749 739 Τί
1766 712 1824 749 γὰρ

1030 758 1143 794 ἠδίκησε
1166 759 1273 795 σίδηρος
1295 760 1449 795 πωργικῆς
1465 760 1544 796 χάριν
1561 760 1608 786 καὶ
1621 759 1724 795 τεχνῶν
1738 760 1822 795 εὑρε-

1031 804 1096 836 θεὶς,
1112 805 1173 836 τοὺς
1187 805 1227 836 εἰς
1239 805 1432 840 ἀλληλοφόνους
1453 806 1534 832 αὑτὸν
1551 805 1683 841 θήξαντας
1708 805 1821 840 μάχας;

993 839 1012 866 Β
1028 850 1059 876 Τί
1074 850 1102 876 δὲ
1118 851 1218 886 χρυσὸς
1240 851 1255 886 ἢ
1278 839 1425 886 ἄργυρος,ῆ
1445 851 1554 886 χαλκὸς,
1572 839 1619 878 καὶ
1632 839 1786 886 συλληῦδην
1803 852 1820 886 ὴ

1027 895 1190 930 εύέργαστος
1213 895 1308 922 ἅπασα
1331 896 1377 931 γῆ,
1396 897 1457 928 τοὺς
1481 895 1708 932 πλημμελοῦντας
1722 895 1822 931 ἀχαρί-

1027 950 1096 972 στως
1115 942 1154 973 εἰς
1173 941 1219 967 τὸν
1237 942 1365 975 σψέτερον
1383 941 1557 977 δημιουργὸν,
1575 943 1604 968 ὲν
1619 941 1658 977 τῷ
1676 941 1820 977 παρατρέ-

1025 986 1123 1013 πεσθαι
1137 987 1171 1014 τὰ
1190 987 1236 1014 ἀπ’
1251 987 1339 1014 αὐτῶν
1357 987 1548 1023 ποικιλλόμενα
1567 987 1648 1023 βρέτη
1664 986 1740 1023 (35);
1760 986 1821 1014 Κᾶν

1025 1033 1079 1069 γὰρ
1092 1033 1145 1060 ἀπὸ
1161 1033 1329 1068 κλεψιμαίων
1342 1035 1374 1069 τῇ
1394 1033 1528 1068 ὑφαντικῇ
1542 1033 1689 1069 παρέχοιτό
1702 1041 1745 1064 τις
1757 1032 1821 1068 ἑρια

1026 1079 1117 1116 τέχνῃ,
1135 1079 1204 1115 πρὸς
1229 1079 1259 1106 ἓν
1284 1080 1363 1115 μόνον
1379 1079 1568 1106 ἀποϐλέπουσα
1583 1079 1662 1106 τοῦτο
1683 1080 1700 1114 ή
1724 1079 1820 1114 τέχνη,

1025 1125 1184 1161 δημιουργεῖ
1205 1126 1254 1161 τὴν
1280 1125 1475 1160 ὑποκειμένην,
1494 1126 1517 1151 εἰ
1541 1123 1646 1157 δέξεται
1669 1124 1720 1160 τὴν
1735 1133 1822 1151 κατα⁸

1027 1171 1136 1207 σκευὴν,
1153 1172 1227 1198 οὐδὲν
1241 1171 1445 1207 ἀποϐαλλομένη
1470 1171 1524 1198 τῶν
1546 1171 1629 1206 ἑαυτῇ
1653 1171 1800 1206 χρησίμων
1812 1179 1819 1185 ·

1026 1218 1085 1244 ἐπεὶ
1112 1218 1193 1253 μηδὲν
1213 1218 1298 1245 αἴτιόν
1315 1219 1388 1244 ἐστιν
1405 1217 1522 1244 ἐνταῦθα
1543 1216 1574 1243 τὸ
1596 1216 1698 1243 κλαπὲν
1716 1216 1821 1251 ἄψυχον

1025 1263 1065 1290 δν.
1083 1264 1128 1290 Διὸ
1150 1264 1181 1300 δὴ
1207 1265 1273 1291 αὐτὸ
1296 1265 1344 1300 μὲν
1361 1264 1508 1299 ἐργαστέον
1522 1263 1569 1290 καὶ
1586 1262 1738 1298 κοσμητέον
1752 1270 1759 1277 ·
1774 1262 1821 1288 τὸν

1024 1308 1052 1334 δὲ
1068 1309 1231 1344 ὑφελόμενον
1245 1309 1329 1344 ἀδίκῳ
1345 1310 1422 1345 φωρᾷ
1437 1308 1619 1344 τιμωρητέον.
1631 1307 1714 1342 Ἀτὰρ
1726 1307 1758 1343 δὴ
1770 1307 1822 1334 καὶ

1024 1355 1087 1386 τοὺς
1103 1354 1256 1389 δηλήμονας
1272 1354 1325 1380 τῶν
1340 1355 1447 1390 γάμων,
1463 1355 1510 1381 καὶ
1526 1354 1693 1389 διαρρήκτας
1707 1353 1758 1388 τῆς
1774 1353 1820 1378 εύ-

1025 1400 1175 1435 αρμοστίας
1191 1400 1237 1427 τοῦ
1255 1401 1312 1436 βίου
1334 1400 1387 1426 τῶν
1410 1400 1511 1436 χορδῶν
1541 1398 1760 1435 φλεγμαίνοντας
1779 1398 1821 1425 ol-

1026 1454 1109 1481 στρῳ,
1126 1446 1172 1472 καὶ
1196 1446 1244 1482 τὴν
1271 1446 1360 1482 ὄρεξιν
1384 1447 1424 1478 εἰς
1454 1446 1573 1482 μοιχείαν
1588 1445 1820 1480 ὲκκαλουμένους,

1025 1492 1123 1523 αὐτοὺς
1141 1492 1189 1527 μὲν
1210 1492 1385 1528 βασανιστέον
1408 1493 1454 1519 καὶ
1470 1492 1639 1528 τιμωρητέον
1652 1501 1658 1506 -
1675 1492 1723 1518 ἀπ’
1739 1490 1821 1517 ἀλλο-

1024 1538 1107 1573 τρίων
1121 1538 1175 1574 γὰρ
1191 1540 1285 1574 κήπων
1301 1538 1351 1570 τὰς
1368 1538 1541 1573 παιδογόνους
1557 1537 1734 1573 λυμαίνονται
1755 1536 1822 1563 κλέ-

1025 1593 1136 1617 πτοντες
1151 1585 1307 1620 συμπλοκάς
1319 1593 1325 1600 ·
1340 1585 1389 1620 τὴν
1404 1585 1432 1611 δὲ
1451 1584 1565 1620 σπορὰν,
1584 1584 1678 1620 ὥσπερ
1693 1583 1726 1619 δὴ
1740 1583 1823 1610 κάκεῖ

1026 1630 1060 1656 τὰ
1076 1631 1146 1666 ἔρια,
1166 1631 1322 1667 μορφωτέον
1336 1632 1383 1658 καὶ
1399 1632 1547 1667 ψυχωτέον.

185 1682 361 1703 tnconcessos
375 1675 492 1703 furando
505 1675 781 1706 concubitussemcn
794 1683 858 1704 vero
873 1675 975 1711 ipsum,
995 1677 1033 1704 uti
1068 1681 1094 1704 et
1111 1678 1166 1704 illic
1185 1678 1296 1710 vellera,
1319 1677 1493 1704 formandum
1517 1682 1560 1705 est
1591 1678 1740 1712 animaque
1771 1674 1822 1702 do-

185 1722 317 1751 nandum.

422 1794 486 1821 Cap.
504 1793 548 1821 Vl.
568 1793 658 1820 Etiam
673 1794 884 1820 adulterinorum
899 1798 1024 1829 partitum
1043 1801 1108 1819 cura
1126 1791 1190 1823 Dea,
1211 1792 1244 1819 iis
1261 1792 1348 1826 angeli
1364 1795 1499 1818 curatores
1517 1791 1584 1818 dati.

220 1851 253 1878 Et
271 1852 336 1887 quid
353 1860 422 1888 opus
443 1857 519 1880 tanta
535 1854 723 1888 exemplorum
743 1854 769 1880 vi
789 1853 889 1881 frustra
912 1861 972 1881 ser-

185 1906 293 1926 monem
309 1899 472 1933 producere,
498 1907 561 1926 cum
579 1899 646 1927 satis
666 1899 767 1934 liqueat
786 1899 832 1926 Dei
851 1899 973 1935 profecto

184 1952 254 1979 opus
280 1952 352 1976 esse,
380 1952 528 1979 corporum
550 1945 738 1972 structuram?
765 1944 880 1978 Quando
899 1945 972 1972 enim

185 1994 283 2017 natura
298 1990 374 2018 brevi
398 1991 466 2018 adeo
483 1994 616 2026 tempore,
643 1991 696 2018 nisi
726 1990 781 2018 Deo
808 1991 972 2025 adjutorittm

185 2037 423 2069 subministrante,
437 2041 544 2064 tantutu
562 2045 631 2072 opus
643 2037 807 2072 perﬁceret?
821 2036 888 2069 Quis
900 2036 973 2063 enim

185 2082 387 2118 incompactam
404 2083 541 2118 compegit
553 2083 658 2110 ossium
675 2083 879 2111 substantiam?
905 2083 974 2116 Quis

185 2136 251 2156 vero
266 2128 414 2163 colligavit,
428 2133 458 2155 ut
471 2129 563 2157 nervis
574 2129 789 2156 extenderentur
807 2136 838 2155 ac
850 2128 975 2156 remitte-

184 2178 283 2203 rentur
298 2175 486 2209 adjuncturas
501 2180 610 2202 artuum
627 2175 667 2202 sic
684 2175 806 2203 membra
822 2174 975 2202 ﬂcctentia?

184 2218 254 2251 Quis
268 2218 412 2246 cuniculos
428 2219 567 2253 sanguini,
583 2219 748 2254 mollemque
769 2219 877 2254 spiritui
903 2222 976 2245 arte-

183 2264 254 2291 riam
268 2265 452 2300 praaparavit?
470 2265 521 2292 Aut
547 2264 611 2300 quis
638 2265 710 2292 alius
741 2265 884 2292 humorem
909 2272 975 2292 san-

185 2311 428 2345 guineimbutum,
444 2319 533 2347 exque
551 2312 617 2338 limo
639 2311 747 2339 mollem
778 2311 897 2346 palpam,
925 2310 976 2338 fer-

186 2361 278 2384 mento
294 2363 378 2391 prope
393 2356 535 2390 dilatavit;
551 2356 604 2384 nisi
626 2356 704 2384 solus
720 2363 846 2384 summus
862 2354 973 2387 artifex.

184 2402 231 2436 qui
249 2402 340 2428 vivum
358 2409 409 2429 nos
430 2402 582 2435 hominem,
603 2402 764 2429 rationalem
793 2402 836 2429 sui
861 2400 976 2437 eﬂigicm

219 2479 505 2516 (55)Ποικιλλόμενα
522 2479 629 2516 βρέτη.
657 2477 766 2516 Variam
784 2477 934 2516 lectionem
948 2476 976 2503 in

184 2511 250 2550 voce
267 2511 459 2550 ποικιλλόμενα
472 2511 531 2542 Vat.
544 2511 836 2550 codfaggnoscitetiam
847 2511 974 2550 Allatius:

185 2549 225 2576 Ad
239 2550 294 2576 haec
309 2547 452 2577 Possinius
468 2559 518 2585 pro
534 2550 628 2585 βρέτη,
642 2547 919 2585 fallentibttsoculis,
932 2547 974 2574 vel

185 2584 266 2610 t-tiant
281 2585 409 2612 illudcnte
420 2582 521 2615 scriba.
534 2582 629 2620 ’βρέφὴ
647 2584 728 2620 legit;
745 2582 817 2620 quod
828 2587 862 2620 et
889 2589 973 2620 cona-

186 2623 232 2646 tur
247 2619 369 2651 rcddere,
387 2628 449 2648 cum
480 2622 516 2648 sit
530 2617 633 2647 nullius
659 2619 702 2645 hic
716 2618 813 2652 frugis.
828 2617 888 2644 Non
901 2618 974 2644 enitn

186 2654 295 2691 tut-talia
310 2660 467 2682 enumerata
490 2657 558 2683 bene
583 2654 618 2682 ad
638 2654 748 2691 liberos
762 2655 973 2691 componantur,

187 2689 234 2714 ~t‘tl
249 2688 282 2715 ad
297 2694 402 2717 statuas
414 2694 441 2716 «ιι
456 2691 616 2720 simulacra.
640 2696 701 2724 qua:
726 2689 766 2716 sic
779 2689 853 2714 varia
863 2695 900 2724 rcx
923 2687 976 2714 illis

187 2724 272 2750 (ἔα-πλιιί
289 2725 401 2750 colenda
417 2726 606 2756 ell'ortnahant,
633 2723 718 2751 invita
735 2727 842 2752 natura.
862 2723 887 2749 in
908 2729 975 2748 con-

187 2764 317 2794 tntnpllttn
349 2760 404 2786 Dei.
423 2759 481 2786 Vox
509 2767 618 2794 quoque
638 2759 822 2793 πηλικωμένοι
845 2758 902 2792 ipsa
919 2764 973 2783 non

188 2795 255 2820 Salis
275 2793 417 2824 Gr:eca.ut
430 2793 549 2828 undique
561 2793 662 2828 pateat,
676 2801 757 2820 unatn
774 2794 973 2826 duntaxatprn-

188 2830 278 2856 bat-am
295 2830 448 2861 lectionem,
465 2837 546 2856 uuam
570 2837 602 2857 ex
627 2829 707 2856 Allat.
721 2833 747 2856 ct
767 2828 834 2856 lllaz.
853 2828 914 2855 col.
927 2835 971 2854 sc-

1062 1852 1116 1878 Καὶ
1129 1852 1155 1878 τί
1167 1852 1207 1878 δεῖ
1218 1851 1418 1886 παραδείγμασι
1431 1851 1567 1882 τοσούτοις
1575 1850 1750 1887 κεχρημένην
1764 1849 1822 1887 (54)

1029 1897 1160 1933 μηκύνειν
1186 1896 1231 1923 τὸν
1257 1896 1355 1930 λόγους
1374 1896 1440 1922 Οὐδὲ
1456 1896 1509 1931 γὰρ
1535 1896 1566 1922 ἂν
1593 1896 1680 1927 οὕτως
1693 1898 1722 1923 ὲν
1737 1897 1825 1933 ὀλίγῳ

1027 1944 1114 1980 χρόνῳ
1125 1943 1250 1969 τοσοῦτον
1263 1942 1315 1975 ἔξω
1330 1942 1405 1974 θείας
1418 1943 1533 1978 κομιδῆς
1549 1942 1628 1978 ἔργον
1643 1943 1759 1977 ἐξήνυσε
1772 1943 1826 1979 (pti—

1027 1998 1078 2022 σις.
1094 1990 1141 2021 Τίς
1154 1989 1207 2024 γὰρ
1226 1989 1326 2015 ὀστέων
1346 1989 1466 2024 ἅπηκτον
1481 1989 1579 2024 ἔπηξεν
1595 1988 1708 2021 οὺσίαν;
1727 1989 1777 2022 Τίς
1793 1989 1824 2016 δὲ

1027 2035 1155 2071 ξυνέδησε
1169 2035 1350 2061 ἐπιτείνεσθαι
1367 2034 1471 2070 νεύροις
1489 2037 1536 2061 καὶ
1553 2035 1676 2061 ἀνίεσθαι
1690 2035 1757 2070 περὶ
1772 2035 1823 2067 τὰς

1027 2082 1151 2118 ἁρμογὰς
1163 2081 1344 2115 καμπτόμενα
1354 2080 1387 2106 τὰ
1398 2080 1463 2116 μέλη
1476 2089 1483 2113 ;
1497 2080 1544 2113 Τίς
1554 2081 1575 2107 δ’
1584 2080 1738 2116 ὑπονόμους
1754 2089 1825 2107 κατ-

1028 2127 1159 2154 εσκεύασε
1189 2126 1228 2162 τῷ
1252 2127 1346 2161 αἵματι
1366 2146 1372 2157 ,
1399 2127 1445 2153 καὶ
1473 2127 1595 2162 μαλακὴν
1622 2127 1758 2163 ἀρτηρίαν
1783 2127 1824 2162 τῷ

991 2181 1012 2208 D
1027 2174 1182 2209 πνεύματι;
1197 2174 1231 2200 Ἢ
1247 2173 1288 2204 τίς
1304 2173 1382 2204 ἄλλος
1396 2173 1452 2207 (35)
1468 2173 1593 2209 ὲζύμωσε
1614 2174 1700 2209 χυμὸν
1721 2174 1825 2206 δεύσας

1028 2219 1132 2254 αἵματι,
1151 2219 1197 2245 καὶ
1222 2217 1361 2253 μαλθακὴν
1385 2219 1417 2244 ἐκ
1441 2218 1502 2253 χοὸς
1529 2219 1635 2254 σάρκα;
1651 2219 1686 2245 ’Ἡ
1711 2219 1796 2254 μόνος
1810 2221 1826 2246 ό

1027 2265 1220 2301 ἀριστοτέχνης
1235 2264 1283 2298 τὴν
1298 2263 1483 2298 λογικωτάτην
1497 2264 1590 2290 εἰκόνα
1611 2264 1658 2290 καὶ
1683 2263 1823 2300 ἔμψυχον,

1026 2311 1072 2337 τὸν
1089 2311 1241 2346 ἄνθρωπον,
1257 2311 1342 2345 ἡμᾶς,
1358 2309 1454 2336 ἑαυτοῦ
1468 2311 1686 2345 τεκταινόμενος,
1703 2310 1752 2337 καὶ
1769 2319 1824 2346 κη-

1028 2357 1187 2393 ροπλαστῶν
1203 2356 1233 2388 ἐξ
1249 2355 1339 2392 ὑγρῶν
1357 2356 1403 2382 καὶ
1420 2355 1594 2391 βραχυτάτων
1607 2356 1778 2392 σπερμάτων
1794 2357 1824 2383 ὲν

1031 2405 1138 2441 μήτρας
1164 2404 1211 2435 Τίς
1239 2403 1292 2438 γάρ
1312 2404 1384 2430 ἐστιν
1400 2403 1413 2428 ὀ
1430 2402 1655 2438 προμηθούμενος
1680 2402 1718 2438 μὴ
1749 2411 1825 2438 συμ-

1026 2489 1096 2517 quor
1111 2481 1264 2517 Constat-"ts.

1064 2516 1119 2552 (54)
1138 2515 1348 2575 ἔδχρημένην.
1369 2514 1452 2541 Allat.
1473 2519 1500 2541 et
1522 2513 1643 2546 Possim,
1671 2523 1824 2552 καταχρω-

1065 2561 1122 2575 ντν.
1150 2558 1223 2575 ιΑΙΑΙ..

1050 2551 1122 2578 ἐνπν.
1138 2551 1223 2577 GALL.
1828 2565 1830 2573 ν

1029 2561 1122 2588 μεν-ην.
1138 2561 1223 2577 ιιΑιι.

1065 2587 1120 2622 (55)
1134 2584 1228 2622 ᾚντίς
1249 2584 1352 2622 ἄλλος.
1370 2583 1491 2622 M_onst_ro
1509 2583 1625 2622 quodam
1647 2585 1734 2622 codex
1758 2586 1822 2614 \‘at.

1028 2619 1121 2653 Ἣ’τίς
1133 2621 1199 2652 Θεός
1218 2629 1224 2635 ·
1240 2620 1312 2655 qttod
1329 2624 1355 2646 et
1384 2619 1526 2656 Pnssinius
1542 2620 1677 2653 sequitur.
1703 2621 1821 2656 Accepi,

1026 2665 1080 2684 non
1094 2661 1123 2683 ut
1142 2664 1237 2682 novam
1249 2654 1406 2691 lectionem,
1422 2654 1469 2681 sed
1485 2659 1514 2691 ut
1527 2659 1632 2691 partem
1642 2659 1746 2686 textus,
1765 2654 1824 2691 quo

1030 2690 1255 2726 exponiturmira
1267 2690 1369 2718 fabrica
1384 2690 1495 2716 humani
1507 2690 1638 2726 corporis
1657 2699 1663 2716 :
1686 2691 1761 2724 quod
1775 2690 1824 2718 'cx

1029 2724 1113 2761 parvo
1129 2727 1243 2752 humore
1268 2733 1299 2752 ac
1324 2732 1419 2760 spuma
1436 2725 1514 2758 quasi
1540 2724 1673 2761 fermento
1685 2725 1824 2754 dilatetur

1029 2760 1119 2788 iuassa
1135 2761 1271 2795 corporis,
1305 2760 1331 2787 in
1356 2761 1424 2787 dura
1449 2767 1511 2786 ossa
1529 2767 1561 2785 ac.
1577 2760 1685 2795 mollem
1703 2768 1821 2789 carnem

1025 2794 1222 2830 cruentumque
1238 2795 1376 2823 httmorcm
1389 2798 1557 2829 exporrecta.
1574 2794 1723 2822 COIBEFIS.
1824 2796 1828 2800 '
