1908 3078
60 114 90 145 57
590 111 784 142 CONV'IVIUM
805 110 919 139 DECEM
940 108 1120 138 VIRGINUM.

1653 111 1688 140 εκ

59 174 192 210 πνίγεσθαι
207 174 248 210 τῷ
264 174 344 211 ὑγρῷ
356 174 406 202 χαὶ
418 177 454 211 τῇ
469 176 564 211 συνοχῇ
578 174 631 201 τῶν
646 174 774 209 ἀγγείων,
791 173 847 200 ὲπι-

902 159 1060 203 fabrieatus,
1078 177 1111 197 ex
1129 168 1255 196 humanis
1279 168 1505 204 tenuissimisque
1522 169 1687 204 seminibus,

59 222 212 257 κλυζόμενον
231 221 287 248 Esto
299 221 331 248 τδ
348 221 486 257 ἕμδρυονς
500 223 533 248 Ἢ
545 221 584 253 τίς
600 222 614 247 ὁ
632 221 700 255 μετὰ
713 219 744 246 τὸ
755 219 849 254 λοχευ-

60 269 126 303 (livet
142 267 190 294 καὶ
205 268 249 299 είς
266 267 327 302 φῶς
344 267 480 299 ἀνελθεῖν,
497 269 535 299 είς
551 266 666 303 μέγεθος
688 267 733 292 καὶ
753 265 849 297 κάλλος

60 315 100 342 καὶ
118 313 214 349 ῥώμην
232 313 263 346 ἐξ
280 313 414 345 ἀσθενοῦς
440 314 485 340 καὶ
508 312 622 349 βραχέος
645 311 848 348 μεταϐάλλωνῆ

62 361 93 396 μὴ
112 351 192 392 αὐτὸς
216 357 300 392 οὗτος
321 360 336 385 ὁ
353 359 557 395 ἀριστοτέχνης,
572 359 610 391 ὡς
631 359 707 394 Ξψην,
726 358 800 390 Θεὸς,
815 359 848 393 τῇ

60 409 177 443 ποιητικῇ
203 407 324 442 δυνάμει
350 407 390 442 τῷ
412 406 522 442 Χριστῷ
543 404 787 442 μετασχηματίζων
803 405 850 431 καὶ

63 453 282 490 μεταςωγραφῶν
297 453 347 485 τὰς
369 452 456 484 ίδέας;
474 454 484 464 ‘
504 452 584 478 Ὀθεν
611 451 642 486 δὴ
657 451 704 478 καὶ
717 450 850 486 τημελού-

61 509 110 536 χοις
122 500 264 534 ἀγγέλοις,
284 499 337 526 κᾶν
352 500 384 526 ἐκ
397 499 518 535 μοιχείας
530 495 580 524 ὦσι
592 498 626 524 τὰ
638 497 848 532 ἀποτικτόμενα,

62 545 250 581 παραδίδοσθαι
277 545 487 582 παρειλήφαμεν
509 544 538 570 ὲν
557 543 744 575 θεοπνεύστοις
759 542 851 577 γράμ-

62 602 144 629 μασιν.
163 593 195 619 ΕΞ
213 593 270 629 γὰρ
287 592 363 628 παρὰ
379 592 428 628 τὴν
454 590 566 626 γνώμην
592 589 712 625 ἐγίνοντο
735 589 782 616 καὶ
803 589 849 615 τὸν

61 640 154 676 θεσμὸν
180 640 235 675 τῆς
252 639 391 675 μακαρίας
407 638 513 673 ἐκείνης
525 637 630 673 φύσεως
645 636 690 663 τοῦ
701 636 779 668 Θεοῦ,
792 635 849 667 πῶς

60 688 180 722 ἀγγέλοις
205 687 294 713 ταῦτα
310 685 468 721 παρεδίδοτο
484 683 678 720 τραφησόμενα
696 682 764 718 μετὰ
785 681 849 708 πολ-

59 734 102 768 λῆς
118 732 305 764 ἀναπαύσεως
322 732 370 758 καὶ
387 730 543 767 ῥᾳστώνης
558 729 620 760 Πῶς
631 729 658 755 δὲ
674 729 721 756 καὶ
732 736 850 764 κατηγο-

62 780 173 814 ρήσοντα
186 779 263 814 σφῶν
278 777 369 805 αὐτῶν
381 777 444 809 τοὺς
455 778 542 811 γονεῖς
556 775 800 811 εὑπαρρησιάπως
810 775 849 806 εἰς

60 825 84 851 τὸ
106 825 287 860 δικαστήριον
313 823 476 858 ὲκίκλησχον
506 822 552 848 τοῦ
576 821 714 857 Χριστοῦς
742 821 777 847 Σὺ
799 821 849 847 οὐχ

901 217 975 244 velut
985 224 1016 244 ex
1032 223 1106 246 cera,
1123 215 1151 241 in
1166 215 1245 241 vulva
1258 214 1378 250 eflingit?
1404 216 1445 242 Ad
1469 216 1552 251 cujus
1572 217 1645 244 enim
1661 217 1688 244 id

901 270 994 290 curam
1016 265 1132 297 spectat,
1154 268 1188 287 ne
1205 264 1262 287 tum
1279 260 1402 292 humido,
1427 266 1540 297 tumque
1562 263 1689 290 vasculo-

901 316 961 336 rum
976 308 1111 343 angustiis
1128 307 1287 339 suﬂocetur,
1301 307 1375 334 intus
1392 307 1520 336 innatans
1535 312 1615 336 utero
1639 316 1688 344 ge-

902 359 990 383 status
1009 354 1186 389 imperfectus
1204 354 1293 381 fctus?
1306 353 1374 387 Quis
1389 361 1402 380 a
1420 357 1499 389 partu
1509 355 1565 389 jam
1582 355 1686 382 editum

900 401 983 436 inque
1009 401 1098 428 lucem
1116 405 1286 435 susceptum,
1305 401 1346 428 sic
1359 400 1522 428 imbecillem
1539 401 1685 436 exiguum-

901 455 954 482 que
965 448 993 474 in
1004 447 1103 474 molem
1120 451 1147 474 et
1161 447 1276 474 formam
1290 454 1322 474 ac
1338 447 1423 474 robur
1434 446 1561 474 idoneum
1587 454 1685 481 prove-

900 494 958 521 hit?
975 494 1028 521 nisi
1047 494 1090 521 ille
1106 494 1188 525 idem.
1205 498 1233 520 ut
1245 493 1314 526 dixi,
1326 501 1474 529 supremus
1491 493 1588 520 artifex
1602 492 1685 527 Deus,

899 540 1032 568 creatrice
1047 540 1084 571 vi,
1100 539 1179 574 quasi
1205 539 1316 567 Christo
1340 538 1489 574 exemplari
1518 537 1618 573 ﬁguras
1633 537 1681 565 du-

899 591 965 611 cens
981 588 1062 619 atque
1081 583 1115 611 ad
1142 584 1234 611 virum
1258 584 1366 619 species
1387 583 1554 619 depingens?
1568 583 1644 612 Unde
1659 587 1686 611 et

899 629 1064 656 tutelaribus
1080 628 1196 664 angelis,
1212 629 1294 656 etiam
1324 636 1356 656 ex
1385 628 1520 656 adulterio
1544 632 1686 664 susceptas

898 675 990 710 proles
1008 674 1207 707 commendari,
1223 683 1256 702 ex
1273 674 1374 702 divinis
1397 675 1499 702 litteris
1517 674 1685 709 accepimus.

900 720 928 747 Si
942 720 1015 747 enim
1032 720 1115 747 invita
1139 721 1224 748 beata:
1251 721 1325 748 illius
1350 724 1465 753 naturae,
1494 720 1541 748 Dei
1568 721 1685 753 scilicet,

898 767 1049 798 voluntate,
1064 771 1218 803 praeterque
1231 768 1292 802 ejus
1306 768 1450 795 consilium
1461 775 1492 794 ac
1504 768 1590 802 legem
1616 767 1686 796 exsi-

899 817 1013 846 sterent,
1024 814 1162 848 quomodo
1175 814 1279 849 angelis
1296 813 1468 840 traderentur
1483 813 1582 841 blande
1595 812 1686 840 admo-

59 871 206 906 ἐφθόνησας
222 871 301 905 ἡμῖν,
317 867 340 896 ὦ
354 869 451 905 Κύριε,
465 869 496 895 τὸ
515 868 614 900 κοινὸν,
632 868 756 902 λέγοντα,
770 866 847 894 τοῦτο

899 859 963 887 dum
993 867 1025 886 ac
1047 859 1218 894 indulgenter
1245 859 1414 886 educandus?
1439 858 1581 892 Quomodo
1604 859 1684 886 etiam

61 917 128 952 φῶςο
146 914 220 944 οὗτοι
232 916 261 942 δὲ
279 916 353 951 ἡμᾶς
369 916 408 946 εἰς
428 914 541 941 θάνατον
563 913 694 946 ἐξέθεντο,
712 921 850 948 καταφρο-

61 964 186 999 νήσαντες
206 962 257 997 τῆς
277 962 327 996 σῆς
350 960 526 996 ἐντολῆς.Ὲκ
542 960 597 996 γὰρ
611 960 739 996 tit-ptitur,
756 960 848 995 φησὶν,

62 1008 160 1034 ὕπνων
174 1007 230 1041 (36)
246 1006 339 1033 τέκνα
359 1006 529 1040 γεννώμενα
549 1004 698 1040 μάρτιιρές
721 1006 778 1032 εισι
797 1013 849 1031 :w-

62 1053 161 1085 νηρίας
183 1052 260 1079 κατὰ
282 1052 394 1086 γονέων
415 1053 450 1078 ἐν
469 1051 624 1086 ἐξετασμῷ
645 1050 776 1078 πιθανῶν
798 1051 849 1077 λό-

65 1107 126 1133 γων.

896 912 962 933 suos
976 905 1115 940 genitores
1127 908 1308 937 accusatum,
1323 905 1407 932 libere
1424 904 1458 931 ad
1471 904 1574 932 Christi
1594 904 1684 931 tribu-

896 951 941 979 nal
956 951 1091 979 citarent?
1109 951 1149 978 Tu
1175 950 1296 986 quidem,
1325 950 1449 983 Domine,
1472 951 1610 987 inquiunt,
1628 957 1685 978 non

897 998 1017 1026 invidisti
1034 997 1112 1025 nobis
1124 1005 1268 1025 commune
1281 997 1334 1025 hoc
1355 997 1462 1031 lumen;
1477 998 1504 1024 hi
1526 1002 1617 1025 autem
1632 1006 1684 1026 nos

897 1045 925 1073 in
941 1049 1056 1073 mortem
1073 1048 1272 1080 exposuerunt,
1290 1048 1447 1079 contempto
1465 1049 1512 1071 tuo
1541 1044 1682 1072 mandato.

898 1091 941 1118 Ea:
952 1092 1098 1127 illegitimis
1113 1092 1184 1119 enim
1198 1092 1309 1125 somnis,
1326 1091 1424 1127 inquit,
1439 1091 1491 1126 ﬁlii
1505 1091 1549 1127 qui
1565 1099 1684 1119 nascun-

898 1145 951 1172 tur,
968 1144 1044 1166 testes
1057 1144 1117 1166 sunt
1140 1140 1262 1174 nequitia:
1277 1138 1400 1166 adversus
1423 1143 1544 1174 parentes
1560 1147 1587 1166 tn
1602 1139 1685 1166 inter-

895 1187 1031 1221 rogatione
1044 1186 1259 1221 persuasibilium
1275 1194 1425 1213 sermonum
1437 1186 1469 1214 ".

189 1267 258 1295 CAP.
272 1267 330 1295 Vll.
345 1267 445 1295 Anima
460 1267 602 1295 rationalis
616 1268 648 1294 ab
660 1268 717 1302 ipso
729 1267 794 1295 Deo.
811 1267 931 1296 Castitas
946 1277 998 1296 non
1018 1277 1071 1296 una
1086 1269 1164 1301 bona,
1181 1268 1231 1295 etsi
1242 1268 1336 1295 melior
1347 1272 1372 1295 et
1384 1267 1549 1296 honoratior.

95 1327 145 1354 Καὶ
157 1327 230 1363 τάχα
247 1328 297 1363 μὲν
314 1326 360 1355 οὖν
377 1328 409 1364 δὴ
430 1330 521 1365 χώραν
534 1329 589 1362 ἕξει
603 1329 787 1364 πιθανολογῶν
805 1339 846 1362 τις

65 1375 89 1402 ἐν
110 1376 138 1401 οὐ
160 1377 298 1412 κριτικοῖς
318 1376 366 1402 καὶ
381 1377 522 1412 φρονίμοις
537 1377 660 1413 ἀνδράσι,
678 1377 722 1404 τὸν
745 1378 847 1412 χιτῶνα

63 1422 107 1457 τῆς
120 1422 208 1458 ψυχῆς
222 1423 270 1449 τὸν
286 1423 415 1458 σάρκινον
433 1423 527 1450 τοῦτον
548 1423 602 1449 ὑπὸ
626 1423 777 1460 ἀνθρώπων
800 1433 847 1459 φυ-

62 1471 199 1506 τευόμενον
212 1471 349 1506 αὐτοματὶ
368 1470 535 1507 μορφοῦσθαι
551 1470 626 1507 παρὰ
643 1471 693 1506 τὴν
709 1471 845 1505 ἀπόφασιν

60 1517 102 1543 τοῦ
124 1517 191 1544 Θεοῦ
204 1526 210 1533 ·
230 1517 262 1544 οὐ
279 1516 333 1553 μὴν
417 1517 472 1553 (⁵57)
488 1517 534 1544 καὶ
550 1517 599 1553 τῆς
613 1517 700 1554 ψυχῆς
714 1517 762 1553 τὴν
777 1517 844 1545 ἀθά-

59 1573 132 1590 νατον
146 1563 243 1591 οὐσίαν
265 1563 335 1599 μετὰ
356 1563 403 1590 τοῦ
426 1563 523 1599 Θνητοῦ
539 1564 697 1599 σπείρεσθαι
710 1564 843 1592 διδάσκων

60 1611 267 1646 πιστευθήσεται
286 1610 421 1646 σώματος.
439 1610 475 1637 Τὸ
488 1613 496 1621 ·
509 1611 566 1647 γὰρ
578 1611 709 1638 ἀθάνατον
724 1611 769 1638 καί
781 1611 847 1647 ἀγή-

59 1665 109 1692 ρων
130 1657 211 1692 μόνος
228 1657 242 1683 ὁ
260 1657 462 1692 Παντοκράτωρ
480 1657 588 1692 ὲμφυσᾷ
608 1657 683 1692 ἡμῖν,
700 1657 748 1684 καὶ
767 1657 847 1692 μόνος

57 1703 106 1728 τῶν
119 1702 246 1738 ἀοράτων
258 1702 317 1729 ἐστὶ
331 1701 379 1728 καὶ
390 1701 540 1737 ἁνολέθρων
553 1702 676 1738 ποιητής.
687 1702 846 1736 Ἐνεφύση-

57 1755 90 1773 σε
111 1747 167 1782 γὰρ
184 1748 230 1779 εὶς
250 1746 282 1774 τὸ
298 1747 461 1781 πρόσωπον
474 1746 566 1774 αὐτοῦ
581 1746 680 1781 πνοὴν
695 1745 778 1780 ζωῆς,
797 1747 846 1774 καὶ

57 1793 183 1828 ἐγένετο,
208 1793 304 1829 φησιν,
330 1794 347 1820 ὀ
368 1793 521 1830 ἄνθρωπος
547 1795 591 1826 εἰς
613 1793 718 1828 ψυχὴν
739 1793 845 1823 ζῶσαν.

62 1839 170 1875 Ἀμέλει
191 1840 258 1871 τοὺς
281 1840 454 1875 χειροτέχνας
470 1839 581 1871 τούτους
601 1838 766 1874 ἀντιώμενος
777 1840 791 1866 ὁ
804 1838 847 1866 λό-

55 1895 109 1919 γος,
125 1886 174 1912 ἐπὶ
187 1886 263 1922 λύμῃ
276 1885 330 1913 τῶν
344 1885 494 1922 ἀνθρώπων
515 1885 550 1912 τὰ
570 1885 742 1920 ἀνδροείκελα
764 1894 847 1912 κατα-

57 1932 238 1964 σκευάζοντας
252 1932 409 1967 ἁγάλματα,
425 1933 474 1959 οὐκ
491 1932 638 1967 αίσθόμενα
651 1931 696 1958 τὸν
712 1931 775 1958 ἴδιον
789 1940 848 1958 ποι-

55 1979 132 2014 ητὴν,
149 1979 179 2005 ἐν
196 1980 232 2014 τῇ
248 1978 396 2014 παναρέτῳ
408 1978 491 2014 Σοφίᾳ
509 1979 575 2014 φησί
586 1987 594 1995 θ
610 1979 726 2012 Σποδὸς
745 1980 764 2013 ἡ
779 1987 848 2013 καρ-

56 2024 101 2051 διά
116 2024 230 2056 αὐτῶν,
245 2025 294 2051 καὶ
309 2023 365 2059 γῆς
377 2024 573 2058 εὐτελεστέρα
593 2025 612 2058 ἡ
634 2025 723 2058 ἐλπὶς
737 2024 846 2058 αὐτῶν,

56 2071 154 2105 πηλοῦ
175 2080 209 2098 τε
227 2071 400 2105 ἀτιμότερος
421 2072 438 2097 ό
453 2071 523 2103 βίος
540 2070 651 2098 αὐτῶν·
672 2070 716 2097 ὅτι
737 2071 847 2106 ἠγνόη-

55 2125 114 2143 σαν
131 2117 186 2144 τὸν
200 2116 365 2144 κλάσαντα
378 2117 497 2150 αὐτοὺς,
509 2116 558 2144 καὶ
574 2117 627 2144 τὸν
637 2117 849 2151 ἐμπνεύσανυτα

57 2163 158 2196 αὺτσῖς
175 2163 284 2198 ψυχὴν
294 2163 489 2198 ἐνεργοῦσαν,
498 2163 547 2190 καὶ
560 2163 780 2198 ἐμφυσήσαντα
794 2164 848 2190 αὑ-

58 2209 117 2242 τοῖς
127 2210 247 2244 πνεῦμα
261 2209 392 2240 ζωτικόν.
401 2205 485 2238 Οὗτός
500 2209 559 2236 ἐστι
575 2209 683 2236 πάντων
698 2208 848 2245 ἀνθρώπων

936 1330 969 1357 Ει
986 1330 1075 1358 adhuc
1088 1330 1181 1358 locum
1196 1329 1307 1357 habebit
1324 1329 1424 1364 aliquis
1440 1329 1618 1365 probabiliter
1626 1329 1685 1358 dis-

899 1376 1012 1412 putandi
1030 1375 1102 1412 apud
1120 1376 1262 1411 imperitos
1294 1379 1321 1402 et
1347 1375 1543 1410 imprudentes,
1561 1376 1683 1403 tunicam

901 1421 970 1448 hanc
982 1422 1078 1448 animat
1099 1428 1239 1452 carneam,
1271 1420 1304 1447 ab
1325 1420 1484 1449 hominibus
1502 1426 1601 1453 satam,
1616 1429 1682 1449 casu

899 1468 1011 1496 formari
1029 1471 1126 1503 praeter
1141 1467 1188 1495 Dei
1201 1467 1379 1500 sententiam;
1398 1467 1578 1495 immortalem
1591 1473 1683 1496 tamen

897 1515 980 1541 animi
995 1514 1175 1542 substantiam
1199 1521 1260 1541 cum
1283 1514 1393 1541 mortali
1411 1521 1443 1541 ac
1461 1513 1550 1549 fragili
1568 1521 1684 1549 corpore

897 1561 1026 1590 seminari
1048 1561 1095 1596 qui
1112 1561 1218 1593 doceat,
1243 1560 1321 1588 ﬁdem
1335 1569 1390 1588 non
1413 1561 1573 1588 merebilur.
1604 1560 1682 1594 Quod

896 1609 968 1637 enim
983 1608 1078 1635 mortis
1094 1607 1217 1642 seniique
1229 1615 1326 1642 expers
1344 1611 1396 1639 est.
1411 1607 1486 1634 solus
1498 1607 1590 1642 utique
1602 1607 1682 1634 nobis

897 1655 1013 1690 inspirat
1027 1654 1215 1689 Omnipotens,
1238 1654 1371 1688 solusque
1389 1653 1567 1681 invisibilium
1590 1653 1683 1681 incor-

897 1701 1121 1739 ruptibilitunque
1138 1704 1246 1728 creator
1259 1703 1310 1728 est.
1331 1699 1473 1734 lnspiravt'l
1484 1700 1568 1733 enim,
1580 1699 1682 1735 inquit,

896 1748 924 1775 in
938 1748 1031 1783 faciem
1042 1747 1099 1782 ejus
1112 1748 1276 1782 spiraculum
1292 1748 1351 1774 vita:
1369 1755 1379 1774 .'
1400 1751 1425 1775 et
1449 1747 1536 1782 factus
1552 1751 1590 1775 est
1605 1747 1682 1774 homo

897 1795 924 1820 in
940 1794 1055 1820 animum
1068 1793 1193 1820 viventem
1207 1793 1239 1819 ".
1256 1792 1380 1828 Denique
1405 1793 1525 1819 artifices
1554 1792 1615 1820 illos
1643 1792 1684 1819 in-

897 1847 1014 1874 crepans
1029 1839 1181 1874 Scriptura,
1196 1839 1241 1874 qui
1256 1839 1289 1866 ad
1302 1838 1443 1866 hominum
1462 1838 1609 1874 perniciem
1631 1837 1682 1865 hn-

897 1894 976 1914 mana
986 1887 1071 1914 forma
1089 1890 1193 1914 statuas
1208 1886 1417 1917 concinnareut,
1434 1885 1510 1912 nullo
1524 1885 1584 1920 ejus
1598 1892 1680 1912 sensu

898 1932 1034 1967 praeditas,
1061 1940 1116 1967 quo
1142 1937 1254 1959 auctore
1281 1931 1357 1963 ﬁant,
1384 1931 1411 1957 in
1438 1931 1508 1958 libro
1523 1930 1679 1966 Sapientiae.

898 1979 988 2006 omnis
1002 1979 1108 2006 scilicet
1132 1978 1243 2006 virtutis
1262 1977 1379 2010 ollicina,
1399 1977 1437 2004 ait
1460 1987 1466 2004 :
1488 1976 1561 2005 Cinis
1582 1984 1622 2005 εει
1637 1986 1682 2005 εον

897 2033 998 2057 eorum,
1012 2030 1037 2052 et
1055 2031 1126 2052 terra
1140 2032 1300 2059 supervacua
1316 2031 1372 2058 spes
1382 2031 1480 2056 eorum.
1498 2027 1522 2050 et
1534 2023 1588 2050 luto
1603 2023 1682 2050 uilior

898 2072 952 2098 vita
967 2079 1076 2098 eorum:
1092 2071 1216 2106 quoniam
1227 2071 1384 2106 ignorarunt
1399 2070 1483 2105 quise
1500 2070 1588 2105 ﬁnxit,
1602 2075 1627 2097 et
1637 2071 1682 2105 qui

898 2118 1036 2152 inspiravit
1050 2118 1104 2145 illis
1118 2117 1234 2144 animum
1250 2125 1308 2152 qua:
1319 2121 1458 2149 operatur;
1478 2121 1501 2143 et
1514 2117 1558 2152 qui
1570 2117 1683 2152 insufﬂa-

898 2164 935 2192 vit
952 2166 988 2190 eis
999 2163 1117 2197 spiritum
1136 2160 1240 2188 vitalem
1250 2161 1282 2188 ¹⁹.
1295 2161 1343 2191 llic
1353 2166 1514 2191 cunctorum
1540 2163 1681 2191 hominum

899 2209 1026 2237 conditor
1038 2212 1091 2241 est,
1103 2209 1184 2236 Deus.
1200 2208 1410 2244 Proptereaque,
1430 2212 1460 2236 ut
1483 2209 1579 2237 scribit
1607 2209 1682 2244 Apo-

60 2255 181 2291 ποιητὴς,
203 2257 218 2282 ὸ
242 2255 319 2287 Θεός.
332 2254 379 2281 Διὸ
403 2255 450 2282 καὶ
459 2254 573 2288 πάντας
580 2253 764 2289 ἀνθρώπους,
778 2255 847 2282 κατὰ

901 2254 1000 2289 stolus,
1023 2253 1089 2281 'Vult
1111 2262 1198 2281 omnes
1214 2255 1331 2282 homines
1345 2254 1432 2282 salvos
1450 2256 1519 2289 ﬁeri,
1532 2259 1556 2282 et
1565 2255 1600 2282 ad
1610 2255 1684 2289 agni-

61 2301 103 2327 τὸν
125 2300 298 2333 Ἀπόστολον,
319 2299 464 2331 σώζεσθαι
477 2300 631 2332 βούλεται,
650 2299 699 2326 καὶ
725 2300 768 2332 εις
781 2299 846 2326 ἐπί-

64 2355 170 2381 γνωσιν
185 2347 331 2381 ἀληθείας
347 2346 455 2374 ἐλθεῖν.
472 2347 528 2373 Καὶ
552 2345 645 2381 ἐπειδὴ
669 2345 748 2372 τοῦτο
772 2345 847 2381 μόλις

65 2393 134 2425 τέλος
152 2393 226 2429 ἔσχε,
243 2393 338 2420 λοιπὸν
351 2393 383 2428 δὴ
397 2392 431 2419 τὰ
449 2392 518 2428 μετὰ
527 2392 612 2419 ταῦτα
624 2392 745 2419 λεκτέον.
754 2391 848 2419 Ὁπότ-

97 2482 118 2498 ¹¹
132 2481 198 2517 Sep.
213 2490 251 2515 tv,
266 2482 294 2510 6.
331 2481 355 2498 ³⁸
369 2480 434 2510 Gen.
448 2481 548 2515 it,7._"
563 2481 628 2516 Sap.
654 2489 700 2515 xv,
729 2481 773 2514 io,
801 2481 845 2508 ll.

93 2566 282 2600 (36)'1‘:rrwr.
296 2565 341 2592 Sic
350 2564 463 2600 etVulg.
474 2567 627 2602 emendata,
639 2575 702 2595 cum
715 2574 764 2602 pro
775 2576 845 2596 tam.

72 2608 105 2626 nu
116 2602 266 2635 irrepsisset
276 2608 376 2633 omnes,
389 2605 418 2626 ut
428 2605 540 2628 testatur
548 2600 680 2629 Nobilius.
694 2600 840 2632 colueris.

99 2640 150 2676 (31')
168 2641 210 2666 Οὐ
221 2640 287 2675 μὴν
302 2640 373 2674 ἤδη.
392 2639 506 2668 Planum
529 2646 718 2676 argumentum
746 2642 849 2670 Metho-

71 2675 111 2701 dii.
130 2674 183 2701 Etsi
222 2676 331 2703 admitti
352 2676 442 2711 possit
465 2674 572 2710 corpus
582 2677 622 2704 sic
637 2685 652 2704 a
675 2681 773 2704 natura
793 2678 848 2704 for-

73 2711 141 2743 mari,
155 2711 232 2746 velut
245 2711 302 2739 fere
314 2711 342 2738 in
357 2711 470 2745 reliquis
485 2712 681 2746 animantibus,
702 2713 727 2739 vi
740 2712 847 2740 scilicet

73 2745 197 2782 seminis:
216 2747 250 2774 de
274 2747 371 2773 animo
383 2751 471 2773 tamen
490 2747 535 2782 qui
555 2747 783 2782 sitimmortalis,
799 2748 845 2782 qui

72 2780 140 2818 dicat,
148 2782 253 2818 nullam
272 2782 356 2809 fidem
375 2782 484 2818 mereri,
498 2780 550 2809 sed
567 2789 582 2808 a
597 2781 651 2809 Deo
666 2783 776 2818 ἀμέσως
788 2780 845 2810 fieri

72 2820 92 2853 ει
101 2816 162 2844 dari.
176 2817 326 2845 Possinius
338 2820 443 2853 tamen.
461 2817 633 2853 interrogate
646 2816 748 2853 legens.
766 2819 791 2845 id
803 2818 844 2844 af-

70 2850 144 2880 ﬁrmat
158 2854 230 2890 quod
248 2858 335 2889 negat
357 2851 511 2880 Methodius
531 2862 537 2880 :
564 2850 719 2889 quanquam
744 2861 776 2881 ex
793 2853 844 2882 fide

901 2298 995 2326 tionem
1005 2300 1123 2327 veritatis
1133 2300 1218 2327 venire
1225 2300 1258 2327 '°.
1272 2300 1304 2328 Et
1315 2301 1444 2336 quoniam
1453 2301 1504 2328 hoc
1517 2301 1560 2328 vix
1572 2300 1682 2328 tandem

899 2350 981 2380 caput
997 2345 1195 2380 expedivimus.
1224 2354 1285 2382 quae
1309 2351 1459 2382 supersunt
1486 2346 1616 2381 deinceps
1639 2345 1683 2373 di-

902 2390 989 2418 cenda
1006 2394 1080 2418 sunt.
1097 2390 1148 2418 Ubi
1161 2391 1234 2418 enim
1248 2392 1311 2427 quis
1328 2400 1422 2419 eorum
1441 2399 1502 2427 quae
1517 2399 1550 2419 ex
1564 2391 1685 2419 humana

883 2481 906 2497 ³ο
927 2480 942 2508 1
968 2480 1036 2508 Tim.
1056 2488 1087 2513 ιι,
1116 2480 1143 2508 4.

900 2572 960 2607 ejus
974 2573 1019 2608 qui
1032 2573 1065 2600 de
1080 2580 1194 2608 corpore
1208 2572 1244 2599 ita
1258 2573 1358 2605 sentit,
1375 2572 1452 2607 quasi
1475 2576 1570 2607 arguat
1580 2572 1684 2601 Metho-

900 2608 961 2635 dius
978 2616 1060 2635 unttm
1075 2617 1106 2635 ex
1122 2609 1207 2635 altero
1221 2609 1297 2643 sequi
1308 2617 1314 2640 ;
1325 2609 1397 2643 quod
1408 2612 1481 2635 esset
1494 2613 1683 2642 argumentum

899 2650 915 2669 a
934 2643 1032 2670 minori
1048 2643 1080 2670 ad
1100 2644 1188 2678 majus
1198 2643 1337 2675 afltrmate,
1350 2643 1463 2678 proinde
1474 2644 1576 2670 nullius
1588 2652 1685 2672 conse-

898 2679 1026 2712 quentize.
1055 2679 1168 2710 Contra,
1196 2679 1260 2706 dato
1285 2679 1375 2713 priore
1400 2678 1534 2710 membro.
1568 2679 1683 2707 alterum

898 2714 972 2740 nulla
988 2714 1187 2749 probabilitatis
1207 2713 1297 2748 specie
1313 2713 1372 2741 dari
1401 2721 1482 2749 posse
1499 2718 1546 2740 aut
1567 2713 1684 2747 admitti.

896 2748 1006 2783 ex.ipsa
1022 2749 1060 2776 rei
1079 2749 1170 2776 indole
1182 2749 1284 2776 evincit
1298 2753 1326 2776 et
1341 2748 1408 2777 locis
1432 2748 1596 2783 Scripturaa:
1612 2750 1684 2784 quod

899 2785 993 2818 utique
1009 2784 1100 2819 gravis
1123 2784 1322 2818 theologi'est.
1345 2784 1422 2819 Apud
1448 2784 1576 2812 Allatium
1602 2785 1684 2812 etiam

899 2819 1030 2852 particula
1046 2819 1244 2855 nonrobrepsit.
1268 2819 1365 2847 mendo
1386 2824 1414 2846 ut
1438 2819 1684 2855 videturtypogra-

896 2854 975 2888 phico
983 2863 991 2889 ς
1001 2861 1054 2889 qua
1067 2854 1202 2890 submota,
1215 2855 1306 2883 omnia
1317 2858 1453 2883 constant.
1468 2855 1507 2883 lo.
