1908 3078
232 83 267 112 ω
705 86 733 114 S.
755 85 920 115 METHODII
940 86 1094 116 EPISCOPI
1115 87 1157 115 ET
1177 88 1356 116 MARTYNS
1821 93 1855 120 60

230 148 337 172 ratione
357 144 458 172 homini
481 145 621 178 accidunt,
640 146 888 174 considerationem
913 152 1000 174 natur:

1061 158 1093 175 αν
1119 149 1173 185 γάρ
1197 159 1237 182 τις
1259 149 1308 185 τὴν
1334 149 1450 185 θεωρίαν
1472 149 1524 176 τῶι
1550 149 1620 178 κατά
1642 151 1688 178 τὸν
1708 151 1855 188 ἄνθρωπον

228 189 300 218 duce
317 191 459 226 diligenter
470 191 608 224 didicerit,
618 200 684 220 sane
703 193 808 220 noverit
824 194 895 220 haud
912 194 1013 221 abomi-

227 237 347 264 nandam
359 237 505 264 liberorum
522 239 750 272 procreationem,
770 248 831 267 cum
862 244 951 267 tamen
967 247 1013 266 ca-

227 282 357 310 stimonia
373 283 470 317 majori
487 283 566 312 laude
581 289 662 320 atque
675 285 777 312 honore
793 286 948 313 coronanda
965 286 1010 314 sit.

225 325 320 360 Neque
339 327 411 354 enim
437 335 469 355 eo
483 329 556 363 quod
583 331 637 357 mel
660 331 766 358 caeteris
788 331 896 358 dulcius
912 335 954 358 est
979 339 1011 358 ac

225 372 348 404 suavius.
359 373 491 400 continuo
506 375 609 409 reliqua
625 383 717 402 amara
728 382 856 411 reputare
868 377 1009 409 convenit,

223 425 394 454 quacunque
409 420 436 446 in
449 419 583 448 fructibus
596 421 711 455 jucundi
728 423 833 457 saporis
840 427 944 457 partem
959 423 1010 449 ali-

196 463 204 474 '
223 472 305 498 quam
336 472 350 490 τι
376 469 475 492 natura
499 466 595 493 sortita
618 471 691 493 sunt.
718 467 751 493 Et
779 467 876 495 horum
899 468 1008 503 quidem

223 509 350 538 idoneum
372 515 468 539 testem
496 512 680 546 produceulus
706 513 833 546 Paulum.
864 515 944 549 cujus
963 515 1007 542 illa

223 561 309 584 sunt:
326 557 378 590 Qui
395 559 562 585 matrimonio
577 555 666 593 jungit
684 560 808 595 virginem
832 570 921 592 suam.
945 561 1007 589 bene

222 603 307 637 facit;
320 609 344 630 ει
353 604 397 638 qui
406 613 457 631 non
465 605 565 639 jungit.
579 606 672 632 melius
685 606 749 640 facit
760 608 791 634 ³¹.
804 607 862 634 Non
873 609 946 635 enim
957 609 1008 636 sci-

222 649 285 676 licet
306 649 332 675 id
350 652 527 685 proponendo
549 651 622 685 quod
644 652 742 680 melius
767 661 799 681 ac
821 654 928 682 dulcius
953 658 1005 687 est,

222 696 294 723 aliud
311 697 423 724 omnino
440 696 582 732 Scriptura
599 699 736 726 sublatum
758 700 858 733 voluit;
881 701 928 728 sed
945 702 1007 729 uni-

222 741 321 775 cuique
336 742 408 776 quod
424 743 563 777 proprium
578 747 620 771 est
635 751 667 771 ac
681 745 756 775 utile.
770 745 943 773 tribuendum
959 747 1006 775 de-

221 787 321 814 cernit.
340 787 409 814 Sunt
419 788 518 822 quibus
535 789 655 816 nondum
672 791 810 817 concessit
827 793 907 826 potiri
924 793 1006 828 virgi-

221 833 306 860 nitate
325 843 331 860 ε
349 838 412 861 sunt
433 842 503 869 quos
524 843 579 862 non
595 837 713 870 amplius
725 838 926 866 titillationibus
943 847 1006 867 eru-

221 879 364 907 bescentes
376 881 510 915 inquinari
523 882 664 916 permittit,
678 883 785 917 sedjam
797 884 858 912 inde
867 886 1003 919 meditari,

219 927 403 962 deincepsque
417 929 537 963 cogitare
552 930 620 962 vult,
637 931 765 965 angelica:
783 933 910 966 puritatis
920 941 1005 961 aemu-

219 972 272 1000 lam
291 981 435 1008 corporum
457 974 742 1009 transformationem;
761 977 806 1004 ubi
823 978 900 1012 juxta
921 987 1004 1007 verax

218 1016 324 1045 Domini
341 1019 483 1046 oraculum
498 1029 504 1046 :
523 1019 583 1046 Non
597 1020 708 1053 nubunt,
727 1029 806 1057 neque
817 1023 951 1050 nubuntur
969 1024 1002 1052 ³².

217 1063 442 1100 Quandoquidem
465 1073 521 1093 non
543 1067 671 1094 omnibus
698 1067 930 1097 ineontaminatus
945 1070 1001 1102 ille,

216 1113 243 1136 ct
258 1118 312 1145 quo
324 1119 436 1146 regnum
453 1113 585 1139 caelorum
598 1113 751 1147 praebeatur
763 1114 795 1146 ³³,
805 1115 1002 1144 eunuchismus

215 1157 337 1183 creJitur
354 1166 360 1184 :
377 1157 425 1184 sed
442 1157 496 1184 illis
511 1157 654 1190 duntaxat,
676 1159 722 1193 qui
751 1163 777 1186 et
793 1167 900 1195 semper
916 1161 1003 1189 viren-

214 1207 268 1230 tem
294 1207 322 1230 et
345 1204 589 1232 incontaminatum
617 1206 783 1241 virginitatis
799 1207 892 1235 tlorem
912 1208 1002 1235 valent

214 1256 333 1276 servare.
349 1249 557 1278 Florentissimo
577 1252 649 1279 enim
672 1257 698 1279 et
723 1253 840 1280 maxime
863 1254 1002 1288 variegato

213 1298 291 1330 prato
305 1297 457 1330 comparari
469 1297 619 1324 Ecclesiam
643 1298 724 1325 habet
744 1299 919 1334 propheticus
942 1308 1001 1327 ser-

212 1346 268 1370 mo,
285 1347 339 1366 non
351 1341 432 1368 modo
449 1342 613 1377 virginitatis
625 1343 783 1371 distinctam
797 1348 824 1371 et
840 1349 999 1372 coronatam

213 1383 337 1417 ﬂoribus,
350 1387 397 1414 sed
411 1391 438 1415 et
451 1388 572 1424 conjugii
590 1393 617 1416 ct
628 1390 815 1417 continentire.
842 1389 875 1417 In
886 1391 998 1426 ﬁmbriis

211 1432 286 1459 enim
301 1433 389 1460 aureis
410 1435 544 1469 variegala
571 1439 642 1462 astat
655 1432 750 1471 regina
767 1445 782 1462 ιι
799 1437 900 1464 dextris
916 1445 999 1472 spon-

211 1478 235 1505 si
251 1478 284 1505 ".

246 1523 308 1552 Hmc
331 1525 379 1553 tibi
404 1535 454 1562 pro
474 1527 577 1555 viribus
592 1537 642 1564 ego
659 1529 736 1561 meis,
752 1537 768 1556 ο
780 1529 871 1561 Arete,
886 1529 998 1558 confero

211 1569 244 1596 ad
270 1575 426 1606 susceptum
457 1581 507 1608 pro
533 1573 647 1601 veritate
669 1574 1000 1607 sermonem—Quibus

210 1623 225 1642 a
241 1615 392 1652 Theophila
408 1618 500 1653 dictis,
517 1620 575 1648 lene
592 1629 605 1647 a
623 1621 732 1648 cunctis
751 1621 904 1656 virginibus
916 1622 1001 1649 exsti-

209 1662 277 1690 tisse
293 1671 417 1691 murmur
432 1666 562 1694 narrabat
582 1666 747 1701 Theopatra,
769 1667 823 1694 illis
847 1675 1000 1695 sermonem

209 1708 394 1738 laudantibus.
412 1711 463 1739 Ubi
479 1716 570 1739 autem
587 1721 720 1740 susurrus
737 1713 848 1747 quievit,
865 1717 926 1748 post
941 1714 1002 1740 lon-

208 1762 272 1790 gum
294 1757 444 1790 silentium,
471 1759 659 1786 assurrexisse
683 1759 809 1786 Thaliam
837 1760 872 1794 (ei
900 1760 1000 1795 quippe

208 1802 292 1829 tertio
315 1803 375 1830 loco
403 1805 560 1831 mandatum
581 1809 641 1831 erat
663 1809 724 1840 post
739 1804 916 1841 Theophilum
934 1813 1000 1833 con-

208 1849 338 1885 certare).
364 1849 401 1877 Ea
430 1851 514 1885 igitur
530 1859 647 1879 seouens
674 1852 738 1879 hinc
759 1855 786 1879 et
817 1854 876 1888 ipsa
901 1860 998 1880 exorsa

207 1897 260 1922 est.

423 2009 784 2056 ORATK31H.

532 2085 669 2114 THALIA.

1064 196 1264 232 σ’..νμὸαινόντων
1287 196 1356 223 κατὰ
1379 196 1459 231 φύσιν
1478 197 1599 232 ἀκριϐῶς
1613 199 1732 235 ἐκμάθῃ,
1750 199 1854 227 εἴσεται

1065 241 1101 277 μὴ
1119 241 1308 277 βδελύσσεσθαι
1329 242 1515 269 παιδοποιίαν·
1531 243 1651 270 ἐπαινεῖν
1670 244 1698 270 δὲ
1721 245 1767 271 καὶ
1784 254 1853 280 προ-

1061 287 1143 322 τιμᾷν
1160 287 1280 321 ἁγνείαν.
1298 287 1363 314 Οὐδὲ
1386 287 1450 323 γὰρ,
1470 288 1563 324 ἐπειδὴ
1583 289 1637 315 τῶν
1656 290 1743 316 ἄλλων
1757 290 1855 326 ἡδύτε-

1062 333 1108 368 ρὸν
1127 334 1184 359 ἐστι
1210 334 1255 360 καὶ
1281 334 1494 370 προτηνέστερον
1519 335 1549 362 τὸ
1573 335 1643 370 μέλι,
1658 336 1691 362 τὰ
1715 337 1797 364 λοιπὰ
1820 337 1852 373 δὴ

1060 377 1145 413 ταύτῃ
1160 377 1317 413 νομίζεσθαι
1334 379 1465 414 προσήκει
1483 380 1579 415 πικρὰ,
1601 380 1686 407 ὁπόσα
1706 381 1738 416 δὴ
1755 383 1787 416 τῇ
1804 383 1852 416 ἑμ-

1061 423 1136 459 ιρύτῳ
1150 423 1285 459 γλυκασίᾳ
1300 424 1463 460 κεκέρασται
1483 425 1539 451 τῶν
1547 426 1777 462 ἀκροδρύων.Κα“ι
1790 427 1853 453 τού-

1059 478 1112 495 των
1138 470 1188 505 μὲν
1211 470 1340 505 ἐχέγγυον
1363 471 1490 507 μάρτυρα
1505 471 1658 507 παρέξομαι
1673 472 1717 499 τὸν
1732 471 1851 504 Παῦλον,

1061 515 1148 541 Ὥστε
1160 515 1208 541 καὶ
1223 517 1239 542 ὁ
1254 515 1388 550 γαμίζων,
1401 516 1524 550 λέγοντα,
1540 516 1596 550 τὴν
1615 517 1724 543 ἑαυτοῦ
1742 517 1853 551 παρθέ-

1059 570 1123 593 νον,
1134 560 1232 594 καλῶς
1241 561 1331 588 ποιεῖ’
1341 562 1388 588 καὶ
1401 562 1464 596 ὁμὴ
1476 561 1601 597 γαμίζων
1608 562 1752 596 κρεῖσσον
1760 563 1850 592 ποιεῖ.

1059 608 1096 633 Ub
1112 607 1166 643 γὰρ
1184 607 1215 643 δὴ
1231 609 1263 643 τῇ
1277 607 1324 634 τοῦ
1340 609 1493 643 κρείττονος
1507 609 1554 635 καὶ
1572 608 1739 644 γλυκυτέρου
1760 618 1851 644 παρα-

1058 651 1130 678 θέσει
1152 653 1183 679 τὸ
1207 653 1299 688 ἕτερον
1322 653 1424 680 ἀνεῖλεν
1439 654 1626 689 ἀπαγορεῦσαι
1647 655 1661 680 ὁ
1673 654 1751 688 λόγος
1765 663 1772 669 ·
1787 655 1846 681 ἀλλ’

1057 697 1163 733 ἑκάστῳ
1175 698 1205 724 τὸ
1219 699 1316 725 οἰκεῖον
1330 699 1376 725 καὶ
1390 697 1527 730 λυσιτελὲς
1542 699 1688 733 ἀπονέμειν
1701 699 1848 734 διαθεσμο-

1057 743 1137 771 θετεῖ.
1155 744 1216 775 Τοῖς
1242 745 1290 780 μὲν
1314 745 1367 780 γὰρ
1390 744 1494 771 οὐδέπω
1511 744 1682 780 συνεχώρησε
1699 744 1848 780 παρθενίας

1056 791 1147 824 τυχεῖν
1158 798 1164 804 “
1180 791 1243 822 τοὺς
1265 790 1293 816 δὲ
1316 791 1407 817 οὐκέτι
1423 790 1546 824 βούλεται
1562 790 1720 826 χραίνεσθαι
1744 799 1848 825 φοινισ-

1021 829 1042 857 Β
1058 835 1186 870 σομένους
1199 835 1362 871 ἐρεθισμοῖς,
1385 836 1451 862 ἀλλὰ
1467 836 1580 872 μελετᾷν
1606 835 1771 862 ἀπεπθτεῦθεν
1794 835 1844 871 ἤδη

1056 881 1102 908 καὶ
1116 881 1296 916 φαντάζεσθαι
1314 882 1362 917 τὴν
1383 881 1523 916 ἰσάγγελον
1541 881 1779 917 μεταστοιχείωσιν
1791 882 1846 909 τῶν

1056 928 1188 963 σωμάτων
1201 936 1207 942 ”
1221 928 1284 954 ἔνθα
1296 928 1366 954 οὔτε
1382 928 1539 962 γαμοῦσιν,
1552 928 1621 954 οὔτε
1634 929 1844 962 Ίτιμίσκονται,

1054 974 1123 1000 κατὰ
1140 974 1202 1007 τοὺς
1222 974 1345 1009 ἀψευδεῖς
1359 974 1406 1001 τοῦ
1427 975 1527 1010 Κυρίου
1542 974 1696 1010 χρησμούς·
1713 975 1773 1000 ἐπεὶ
1794 982 1846 1010 μη-

1053 1020 1081 1046 δὲ
1096 1021 1177 1047 πᾶσιν
1190 1021 1204 1046 ὁ
1218 1021 1367 1055 ἁμόλυντος
1384 1021 1430 1047 καὶ
1445 1020 1608 1056 παρεκτικὸς
1633 1021 1682 1056 τῆς
1707 1020 1845 1055 βασιλείας

1053 1066 1106 1092 τῶν
1123 1066 1242 1102 οὐρανῶν
1256 1066 1430 1102 εὐνουχισμὺς
1445 1066 1635 1102 ἐμπιστεὺεται
1645 1074 1651 1081 ·
1667 1066 1735 1092 ἀλλὰ
1754 1067 1846 1102 μόνοις

1053 1111 1172 1146 δηλονότι
1189 1113 1245 1143 τοῖς
1267 1112 1313 1139 καὶ
1326 1112 1485 1148 δυναμένοις
1502 1113 1532 1139 τὸ
1550 1112 1673 1144 ἀειθαλὲς
1689 1112 1780 1144 ἄνθος,
1796 1113 1844 1139 καὶ

1053 1157 1184 1192 ἄχραντον
1207 1157 1256 1192 τῆς
1279 1157 1426 1193 παρθενίας
1441 1157 1766 1193 τηρῆσαι.Ἀνθηροτάτῳ
1789 1157 1844 1194 γὰρ

1053 1204 1099 1229 καὶ
1115 1203 1302 1238 ποικιλωτάτῳ
1324 1203 1436 1239 λειμῶνι
1462 1203 1657 1235 ἀπεικάζεσθαι
1679 1203 1757 1238 λόγος
1785 1203 1842 1239 ἔχει

1052 1248 1219 1284 προφητικὸς
1233 1249 1283 1284 τὴν
1297 1249 1467 1284 Ἐκκλησίαν,
1477 1250 1505 1275 οὔ
1518 1249 1597 1284 μόνον
1607 1250 1662 1279 τοῖς
1670 1249 1720 1285 τῆς
1732 1249 1843 1283 ἁγνείας

1052 1294 1265 1330 πεποικιλμένην
1282 1295 1328 1322 καὶ
1343 1296 1564 1330 κατεστεμμένην
1579 1294 1697 1326 ἄνθεσιν,
1713 1295 1781 1321 ἀλλὰ
1795 1296 1842 1321 καὶ

1050 1341 1105 1372 τοῖς
1119 1341 1168 1376 τῆς
1184 1342 1355 1375 τεκνογονίας
1370 1342 1416 1368 καὶ
1439 1342 1494 1372 τοῖς
1510 1341 1684 1376 ἐγκρατείας.
1694 1342 1742 1366 Ἐν
1753 1348 1841 1374 κροσ-

1050 1387 1156 1420 σωτοῖς
1169 1387 1222 1423 γὰρ
1238 1388 1363 1421 χρυσοῖς
1381 1387 1596 1421 πεποικιλμένη
1617 1387 1674 1413 ἀπὸ
1698 1386 1804 1418 δεξιῶν
1822 1387 1841 1420 ἡ

1047 1432 1220 1465 βασίλισσα
1234 1434 1411 1467 παρίσταται
1427 1432 1473 1459 τοῦ
1488 1433 1616 1468 νυμφίου.

1088 1526 1181 1554 Ταῦτά
1202 1536 1243 1554 σοι
1264 1528 1334 1554 κατὰ
1356 1527 1469 1563 δύναμιν
1491 1527 1568 1561 κάγὼ
1583 1527 1628 1554 τὸν
1655 1528 1795 1563 ἐμαυτῆς,
1820 1524 1842 1553 ὦ

1060 1573 1166 1609 Ἀρετὴ,
1184 1574 1224 1605 εἰς
1240 1574 1285 1600 τὸν
1301 1575 1363 1609 περὶ
1380 1574 1428 1609 τῆς
1445 1573 1573 1608 ἀληθείας
1595 1573 1784 1609 συμϐάλλομαι
1801 1573 1843 1600 λό-

1052 1628 1110 1653 γον.
1128 1619 1309 1654 -Εἰποὺσης
1334 1619 1362 1645 δὲ
1380 1619 1466 1646 ταῦτα
1489 1619 1538 1654 τῆς
1558 1619 1703 1652 Θεοφίλας,
1727 1618 1842 1654 θόρυὸον

1050 1667 1116 1701 ἡδὺν
1132 1667 1164 1692 ὲκ
1182 1665 1276 1693 πασῶν
1291 1666 1308 1700 ἡ
1325 1665 1467 1700 Θεοπάτρα
1477 1665 1529 1700 ἔφη
1546 1666 1686 1699 γεγονέναι
1702 1665 1756 1692 τῶν
1773 1673 1845 1699 παρ-

1014 1707 1017 1710 ’
1052 1712 1144 1743 θένων,
1159 1711 1325 1738 ὲπαινουσῶν
1342 1712 1387 1737 τὸν
1402 1711 1489 1745 λόγον.
1508 1711 1551 1742 Ὠς
1566 1711 1593 1737 δὲ
1611 1711 1761 1746 ἡσύχασεν.
1781 1720 1843 1737 σιω-

1051 1759 1106 1794 πῆς
1121 1759 1167 1785 ἐπὶ
1189 1758 1256 1784 πολὺ
1277 1758 1440 1793 γενομένης.
1462 1758 1609 1792 ἀναστῆναι
1631 1757 1681 1792 τὴν
1704 1757 1840 1783 Θάλειαν·

1052 1805 1138 1841 ταύτῃ
1154 1805 1208 1840 γὰρ
1227 1805 1259 1830 ὲκ
1272 1804 1362 1839 τρίτου
1380 1804 1566 1838 ἐπετέτραπτο
1582 1803 1650 1838 μετὰ
1672 1803 1722 1838 τὴν
1743 1803 1843 1837 Θεοφί-

1052 1850 1100 1877 λαν
1124 1848 1315 1883 ἀγωνίζεσθαι.
1345 1848 1533 1875 ’Υπολαϐοὖσα
1565 1846 1611 1874 οὖν
1641 1847 1784 1879 ἐντεῦθεν,
1805 1849 1843 1880 ὡς

1051 1895 1136 1932 οἶμαι,
1151 1896 1201 1932 ἢδη
1216 1895 1260 1922 καὶ
1277 1895 1356 1930 αὐτή.

1311 2008 1491 2052 ΛΟΓΟΣ
1529 2009 1583 2052 Γ.

1372 2083 1506 2110 ΘΑΛΕΙᾹ.

397 2142 463 2171 CAP.
479 2143 500 2172 l.
514 2142 600 2170 Locus
615 2143 741 2170 Geneseos
758 2152 787 2175 ll,
801 2144 846 2176 25,
864 2143 910 2176 24,
925 2151 985 2170 cum
1005 2147 1078 2170 textu
1097 2141 1213 2168 Paulino
1235 2141 1329 2175 Eplres.
1347 2150 1374 2173 v,
1391 2141 1489 2174 23—3-2,
1506 2141 1631 2168 collatus.

238 2200 303 2229 Mihi
328 2201 442 2234 videris,
468 2209 484 2229 ο
504 2201 666 2237 Theophila,
691 2206 718 2230 et
734 2203 842 2230 actione
859 2207 885 2230 et
901 2188 993 2230 erudi-

1081 2201 1116 2227 Σύ
1134 2210 1178 2236 μοι
1195 2200 1293 2231 δοκεῖς,
1307 2197 1329 2227 ὦ
1344 2199 1472 2235 Θεοφίλα,
1486 2201 1549 2236 ἔφη,
1565 2201 1611 2228 καὶ
1627 2203 1662 2237 τῇ
1679 2201 1779 2237 πράξει
1794 2203 1841 2229 καὶ

202 2248 278 2276 tione
301 2249 411 2276 cunctis
439 2248 606 2283 prmcellere,
633 2257 683 2277 nec
706 2249 834 2284 cuiquam
853 2249 994 2284 sapientia:

202 2294 283 2321 laude
294 2294 400 2321 cedere.
416 2293 474 2322 Non
490 2295 563 2322 enim
577 2300 619 2322 est
634 2295 680 2330 qui
696 2294 895 2330 reprehendere
908 2295 994 2330 possit

201 2339 354 2367 orationem
368 2343 454 2373 tuam,
470 2342 513 2368 vel
528 2341 551 2368 si
566 2341 755 2369 contentiosus
766 2345 793 2368 et
803 2341 930 2376 pervicax
946 2341 991 2368 sit.

204 2386 293 2415 Unum
306 2393 397 2416 tamen
409 2388 436 2415 in
446 2395 477 2415 ea
488 2395 541 2419 me,
554 2387 615 2415 aliis
629 2387 758 2422 praaclare
770 2387 862 2419 dictis,
874 2395 890 2414 ο
901 2388 990 2419 beata,

201 2435 312 2462 videtur
329 2434 451 2466 turbare,
468 2441 500 2461 ac
513 2433 592 2468 quasi
610 2433 712 2467 injecto
731 2433 861 2467 scrupulo
877 2433 991 2460 moleste

203 2479 314 2511 habere,
343 2480 407 2507 dum
432 2487 540 2507 mecum
567 2483 675 2514 reputo,
705 2478 777 2505 haud
807 2478 909 2506 frustra
936 2479 991 2513 spi-

201 2525 256 2552 ritu
284 2525 472 2560 plenissimum
500 2533 532 2552 ac
561 2525 711 2560 sapientem
739 2524 846 2555 virum,
875 2523 990 2550 Paulum

202 2569 275 2602 dico,
297 2571 325 2597 in
344 2571 484 2599 Christum
499 2575 526 2598 et
543 2570 692 2598 Ecclesiam
710 2570 858 2597 relaturum
875 2571 992 2604 conjun-

235 2640 255 2655 "
276 2639 291 2667 1
311 2640 374 2669 Cor.
394 2650 442 2673 vn.
463 2642 507 2669 58.
529 2642 552 2657 ³¹
572 2641 669 2669 Manli.
692 2650 757 2673 xxu,
775 2642 819 2670 50.

238 2707 294 2744 (58)
311 2708 370 2742 Τὴν
388 2711 541 2744 σύνερξιν.
562 2711 641 2738 Malui
663 2713 782 2739 retinere
804 2711 865 2739 Vat.
879 2721 984 2744 vocem,

201 2743 273 2775 quod
287 2744 368 2782 etiam
383 2745 410 2771 in
423 2743 534 2780 reliquis
546 2748 716 2780 postmodum
734 2752 880 2780 repetatur,
897 2753 923 2774 ut
938 2756 986 2782 ap-

203 2779 739 2829 exstitere:sesejewa:9
755 2779 881 2829 tam}?
895 2779 986 2829 “9:759-

201 2813 242 2844 ξιν
257 2813 356 2840 habent
371 2822 377 2841 :
392 2815 470 2850 quasi
486 2813 616 2844 rariorem
637 2824 740 2852 vocem,
764 2822 792 2845 ut
809 2818 888 2852 solet,
909 2813 986 2847 coe-

858 2642 880 2658 ³³
896 2641 993 2670 Manli.
1014 2651 1073 2675 xu,
1102 2643 1146 2670 12.

1045 2247 1082 2282 τῷ
1097 2247 1168 2282 λόγῳ
1182 2246 1275 2274 πασῶν
1289 2247 1486 2281 κρατιστεύειν,
1502 2248 1549 2274 καὶ
1564 2248 1658 2282 σοφίας
1675 2249 1708 2274 τὰ
1722 2249 1838 2285 δεύτερα

1045 2293 1176 2329 φέρεσθαι
1190 2293 1306 2324 οὐδενός.
1320 2293 1357 2319 Οὐ
1373 2293 1427 2329 γάρ
1443 2294 1516 2320 ὲστιν
1531 2294 1605 2325 ὅστις
1619 2294 1775 2321 αἰτιάσεταί
1789 2304 1836 2322 σου

1047 2341 1093 2367 τὸν
1113 2340 1200 2374 λόγον,
1215 2339 1267 2365 οὐδ’
1288 2340 1312 2365 εἰ
1327 2339 1483 2365 παντάπασι
1502 2339 1651 2373 φιλόνεικος
1668 2340 1710 2375 εἴη
1727 2341 1775 2367 καὶ
1791 2342 1838 2368 ἁν-

1044 2386 1189 2420 τιλογικός.
1206 2386 1278 2421 Πλὴν
1292 2386 1378 2412 ἐκεῖνό
1399 2395 1433 2420 με
1448 2386 1527 2421 μόνον
1539 2407 1547 2419 ,
1567 2386 1620 2413 τῶν
1639 2386 1724 2414 ἄλλων
1748 2388 1838 2423 ὀρθῶς

1045 2432 1208 2468 εἰρημένων,
1221 2429 1243 2458 ὧ
1260 2432 1392 2467 μακαρία,
1406 2431 1479 2458 δοκεῖ
1489 2432 1631 2467 ταράττειν
1644 2441 1674 2458 τε
1687 2434 1733 2460 καὶ
1743 2434 1836 2469 ἁνιᾷν,

1044 2479 1287 2514 ἀναλογιζομὲνην,
1303 2478 1340 2509 ὡς
1357 2478 1407 2504 οὐκ
1427 2477 1459 2504 ἂν
1472 2478 1486 2504 ὁ
1507 2478 1768 2513 πνευματικώτατος
1789 2489 1835 2507 σο-

1045 2525 1094 2559 φὸς
1109 2525 1188 2560 ἀνὴρ,
1211 2525 1256 2550 τὸν
1277 2524 1382 2550 Παῦλον
1401 2523 1489 2558 λέγω,
1503 2524 1623 2559 ματαίως
1643 2525 1778 2560 ἀνέφερεν
1795 2527 1836 2558 εἰς

1044 2571 1159 2606 Χριστὸν
1177 2571 1222 2597 καὶ
1239 2570 1287 2606 τὴν
1303 2570 1476 2606 Ἐκκλησίαν,
1504 2570 1552 2606 τὴν
1573 2570 1699 2607 σὺνερξιν
1711 2572 1768 2606 (58)
1786 2572 1834 2600 τοῦ

1186 2642 1209 2659 ⁸⁵
1231 2642 1304 2670 Paal.
1326 2651 1399 2674 XLIV,
1421 2642 1462 2669 10.

1040 2714 1164 2741 muniore
1188 2718 1336 2748 exponant.
1358 2713 1394 2740 Ea
1419 2714 1504 2740 utitur
1524 2713 1601 2739 Plato
1621 2713 1648 2739 in
1667 2720 1728 2740 eam
1744 2713 1832 2748 ipsam

1039 2756 1109 2780 rem,
1132 2757 1182 2784 pro
1203 2749 1252 2776 viri
1274 2754 1300 2775 et
1320 2749 1413 2776 uxoris
1434 2749 1511 2783 quasi
1530 2749 1555 2775 in
1576 2752 1692 2779 secreto.
1717 2750 1835 2784 copula-

1041 2783 1211 2818 tione.’qme
1234 2785 1390 2817 nuptiarum
1416 2785 1574 2818 mysterium
1597 2787 1649 2812 est.
1667 2784 1741 2818 quod
1755 2783 1833 2818 Ἀρο-

1041 2819 1128 2847 stolus
1144 2818 1169 2846 in
1185 2819 1322 2847 Christum
1340 2824 1367 2847 et
1383 2818 1531 2846 Ecclesiam
1547 2819 1687 2846 transfert.
1708 2819 1828 2847 Gener.
