1908 3078
194 67 229 94 63
680 65 710 93 ε..
732 63 899 92 METHODH
917 63 1074 93 EPISCOPI
1091 63 1136 91 ET
1156 62 1336 91 MARTYRIS

1791 61 1832 89 6A

193 129 270 156 duelt
287 137 293 154 :
311 126 358 154 sed
377 129 475 153 cuncta
499 125 617 152 mirabili
638 125 756 160 quadam
778 124 981 153 necessitudine

1051 124 1105 160 ὺτῷ
1126 124 1236 159 σκέμμα
1252 123 1301 159 τῆς
1318 122 1474 155 ἀποθέσεως
1491 122 1686 158 ἀπεργάζεται.
1698 121 1763 157 Χρὴ
1778 118 1835 148 οὖν

192 183 226 202 ac
239 182 309 202 nexu
324 173 481 207 complexus
492 192 500 204 ,
528 173 659 200 institutae
676 180 691 199 a
708 180 738 200 se
750 171 981 200 considerationis

192 229 278 250 unum
293 223 482 254 argumentum
497 220 623 247 absolvit.
647 219 742 255 Operae
762 220 878 254 pretium
898 219 980 254 igitur

192 268 298 298 factura
312 267 417 299 videar,
440 267 463 294 si
479 268 691 302 apostolicarum
706 267 901 294 sententiarum
917 274 980 293 sen-

1036 180 1068 207 με
1080 170 1274 206 ἀκριϐέστερον
1291 169 1461 201 ἁνακαλύψαι
1477 168 1522 195 τὸν
1536 168 1598 195 νοῦν
1618 168 1673 195 τῶν
1689 167 1763 194 κατὰ
1782 167 1836 194 τὸν

1040 216 1200 243 ’Δπόστολον
1222 213 1454 251 ἐπιχειρημάτων,
1483 215 1560 242 οὐδὲν
1587 214 1642 242 τῶν
1668 213 1837 251 ἔμπροσθεν

1034 264 1093 298 είρη
1099 262 1185 298 μένων
1202 261 1433 297 ἀνακρουομένην.

191 323 253 344 sum
276 315 357 350 paulo
380 314 535 342 accuratius
558 314 749 349 explicarem;
774 314 810 340 ita
834 317 936 344 tamen,
966 315 996 339 ut
1023 317 1118 338 earum
1138 316 1199 344 qua:
1214 308 1271 343 jam
1292 307 1319 334 in
1344 306 1533 342 superioribus
1556 306 1629 334 dicta
1650 309 1726 339 sunt,
1757 303 1839 332 nihil

192 362 324 397 rejiciam.

227 421 342 449 Abunde
355 421 428 448 enim
445 426 525 455 atque
542 421 672 455 przeclare
687 420 733 447 illa
752 427 861 455 quoque
878 418 981 446 videris

192 468 381 500 edisseruisse,
395 468 512 497 cautius,
528 475 544 493 υ
555 467 716 501 Theophila,
728 467 786 502 ipsa
798 472 879 502 prout
889 466 982 500 jaccnt

193 513 341 549 Scriptura:
355 514 437 541 verba
452 521 600 548 exponens.
619 512 686 540 Nam
699 521 786 548 neque
802 513 923 548 periculo
935 521 983 540 va-

193 566 248 591 cat,
265 560 380 594 subjecti
397 563 488 586 textus
509 559 600 590 verba,
627 560 665 586 uti
682 559 786 586 dictum
803 564 854 588 est.
869 560 982 587 omnino

193 614 331 642 spernere,
345 607 493 640 praesertim
511 605 660 638 Gcneseos,
677 606 722 632 ubi
738 606 880 632 condenda
891 613 982 632 rerum

193 651 276 686 hujus
297 651 483 678 univcrsitatis
509 651 579 678 mole
601 658 633 677 ac
655 651 809 683 statuenda,
834 651 983 678 immobilia

192 697 240 726 Dei
257 698 382 725 feruntur
406 697 515 724 oracula
532 704 564 723 ac
588 696 696 723 decreta
714 706 720 723 :
736 697 836 731 quibus
860 696 886 723 in
910 698 983 724 hunc

193 753 280 780 usque
295 744 366 771 diem
382 748 490 778 aptatus
513 743 642 774 mundus,
663 743 722 770 suis
738 743 841 770 sensim
858 743 982 778 partibus

1076 413 1186 445 Ὶκανῶς
1200 413 1254 449 γὰρ
1275 413 1388 440 κάκεῖνά
1402 421 1446 448 μοι
1460 412 1674 448 διεξεληλυθέναι
1689 413 1736 439 καὶ
1755 413 1840 448 λαμ-

1035 461 1112 496 πρῶς
1126 460 1223 492 δοκεῖς,
1242 459 1463 496 ἀκινδυνότερον,
1481 457 1503 486 ὧ
1522 459 1648 494 Θεοφίλα,
1660 459 1695 486 τὰ
1714 460 1841 495 ῥήματα

1034 507 1085 541 τῆς
1106 505 1228 541 Γραφῆς,
1249 505 1286 538 ὡς
1308 503 1390 541 εἶχεν,
1411 506 1662 541 ὲπεξεργασαμένη.
1686 506 1840 542 Σφαλερὸν

1035 553 1089 588 γὰρ
1106 554 1194 588 πάντη
1211 555 1390 588 καταφρονεῖν
1412 553 1465 579 τῶν
1486 553 1630 588 κειμένων,
1646 553 1684 584 ὡς
1703 554 1837 588 εἴρηται,

1037 599 1156 634 μάλιστα
1164 600 1213 634 τῆς
1224 599 1368 631 Γενέσεως,
1380 599 1444 626 ἔνθα
1458 599 1608 635 ἀποφάσεις
1619 599 1840 634 ἀπαράλλακτος

1034 645 1160 680 φέρονται
1176 644 1222 671 τοῦ
1237 644 1305 671 Θεοῦ
1319 645 1359 676 εἰς
1377 645 1427 680 τὴν
1448 644 1575 671 σύστασιν
1590 644 1636 670 τοῦ
1654 644 1765 675 παντὸς,
1783 640 1840 674 αἷς

1033 691 1215 727 ἠρμοσμένως
1233 691 1317 718 εἰσέτι
1340 692 1387 718 καὶ
1410 691 1457 718 νῦν
1481 691 1610 718 κάλλιστα
1627 691 1698 718 κατὰ
1724 691 1839 726 μέτρον

1033 737 1125 763 τέλεον
1138 737 1318 764 ἀπευθὺνεται
1337 737 1447 769 τελείως
1463 737 1478 763 ὁ
1493 737 1605 772 κόσμος,
1619 737 1672 763 ἐστ’
1689 736 1722 763 ἂν
1743 735 1839 763 αὑτὸν

194 791 314 826 perfecte
325 791 453 826 dirigitur
464 811 470 822 ,
490 790 577 818 donec
593 798 690 817 rursus
706 790 763 824 ipse
776 790 823 825 qui
837 791 984 818 concinna-

1051 782 1116 809 εάλιν
1127 782 1208 814 αὐτὸς
1218 784 1231 809 ὁ
1240 783 1425 818 διακοσμήσας
1434 783 1591 818 νομοθέτης,
1598 782 1840 818 ἀναστοιχειῶσαι

193 837 234 863 vi:
255 837 402 871 lcgislator,
427 844 496 870 opus
508 844 587 863 suum
598 835 747 863 reformare
760 836 863 868 volens,
880 837 982 871 primas

193 889 299 909 naturae
320 882 392 917 leges
417 882 469 908 alia
494 882 688 909 constitutione
712 883 904 918 antiquaverit.
930 881 983 909 Sed

193 928 322 963 quoniam
345 936 400 954 non
415 928 492 955 decet
510 928 707 962 inexploratum
723 936 754 956 ac
775 929 849 956 velut
870 928 983 956 dimidia

192 981 241 1002 sna
256 978 332 1008 parte
347 973 544 1001 claudicantem
565 974 775 1008 explicationem
793 975 925 1002 doctrinae
941 983 985 1003 re—

193 1019 332 1054 linquere;
349 1027 408 1054 age,
421 1019 598 1054 anagogicum
611 1027 719 1054 quoque
735 1020 845 1047 litterali
861 1028 983 1053 sensum,

192 1066 266 1093 velut
278 1065 392 1093 alterum
411 1065 480 1100 biga
506 1065 606 1092 animal
637 1065 794 1098 reddamus,
823 1066 986 1101 profundius

193 1112 264 1140 hanc
290 1112 460 1147 Scripturam
485 1111 662 1146 speculando.
683 1111 742 1139 Non
756 1112 829 1139 enim
847 1113 869 1139 is
884 1117 926 1140 est
939 1113 986 1148 qui

193 1157 330 1184 contemni
346 1157 433 1192 possit
443 1157 555 1189 Paulus,
575 1165 656 1192 quem
669 1157 749 1184 modo
763 1157 891 1190 vidimus,
911 1161 987 1184 tran-

193 1211 290 1231 scenso
307 1203 372 1231 dicti
393 1203 475 1237 hujus
499 1203 605 1237 vulgari
629 1210 724 1233 sensu,
752 1203 786 1230 ad
803 1203 904 1231 Christi
921 1203 987 1230 illud

192 1250 354 1285 mysterium
369 1248 554 1283 Ecclesiaeque
571 1248 737 1276 traduxisse.

1036 828 1186 864 βουληθεὶς,
1205 829 1289 864 ἑτέρῳ
1304 829 1468 864 διατάγματι
1482 830 1546 860 τοὺς
1563 828 1687 864 πρώτους
1704 828 1756 863 τῆς
1775 827 1839 862 φύ-

1037 883 1105 906 σεως
1132 875 1252 911 ἀναλύσῃ
1274 875 1402 911 θεσμοὺς.
1423 875 1492 902 Ἀλλ’
1518 876 1579 901 ἐπεὶ
1601 875 1631 902 οὑ
1654 875 1708 911 χρὴ
1733 874 1840 907 ἁνεξὲ-

1036 919 1160 954 λεγκτον,
1175 921 1222 948 καὶ
1236 921 1330 957 ὥσπερ
1342 921 1371 954 ἐξ
1385 922 1514 957 ἡμισείας
1528 921 1615 957 χωλὴν
1628 922 1676 957 τὴν
1689 920 1839 952 ἀπόδειξιν

1036 966 1083 993 τοῦ
1109 967 1188 1001 λόγου
1213 967 1389 1003 καταλεῐψαι·
1415 968 1481 1003 φέρε
1498 967 1530 1003 δὴ
1547 969 1592 994 καὶ
1608 967 1657 1003 τὴν
1679 968 1739 994 κατ’
1763 967 1840 993 ἀνα-

1037 1012 1130 1047 γωγὴν
1146 1013 1213 1047 αὐτῇ
1229 1011 1358 1047 συζυγίαν
1385 1013 1529 1048 ἀποδῶμεν
1551 1013 1648 1048 ἡμεῖς,
1678 1011 1840 1047 βαθύτερον

1037 1058 1255 1093 ὲπισκεψάμεναι
1281 1059 1331 1093 τὴν
1354 1059 1474 1094 Γραφήν.
1500 1058 1538 1085 Ut)
1566 1058 1619 1095 γὰρ
1647 1058 1693 1084 τοῦ
1720 1057 1838 1084 Παύλου

1037 1104 1265 1139 καταφρονητέον,
1280 1104 1328 1131 τοῦ
1345 1104 1608 1140 ὑπεραναὸαίνοντος
1623 1104 1653 1130 τὸ
1670 1104 1765 1139 ῥητὸν,
1784 1103 1838 1130 καὶ

1036 1151 1076 1181 είς
1089 1150 1134 1176 τὴν
1151 1150 1267 1185 Χριστὸν
1284 1151 1349 1177 αὐτὸ
1364 1151 1509 1177 συντείνειν
1530 1151 1577 1177 καὶ
1591 1151 1641 1186 τὴν
1662 1150 1837 1186 Ἐκκλησίαν

1041 1196 1263 1232 ἀποφηναμένου.

585 1307 651 1335 CAP.
670 1307 713 1334 lll.
734 1307 820 1335 Primi
833 1308 918 1336 Adam
931 1314 956 1336 et
966 1311 1075 1338 secundi
1091 1312 1255 1346 comparatio
1272 1312 1408 1340 instituta.

228 1367 316 1401 Atque
330 1367 374 1394 hic
391 1367 509 1402 primum
526 1366 732 1402 disquirendum
750 1375 784 1394 an
807 1367 891 1394 Adam
906 1376 984 1396 com—

1077 1372 1131 1400 Kal.
1153 1372 1261 1408 πρῶτον
1285 1372 1459 1404 ἐξεταστέον,
1482 1373 1506 1399 εί
1531 1372 1618 1408 Ἀδὰμ
1637 1372 1693 1408 (40)
1715 1371 1839 1399 ἀπεικά-

194 1414 284 1449 parari
300 1414 386 1448 possit
403 1413 471 1440 Filio
488 1413 551 1440 Dei:
569 1413 624 1445 ille,
639 1413 762 1448 inquam,
777 1413 864 1440 Adam
892 1414 920 1441 in
943 1415 984 1442 la-

1051 1416 1132 1446 Ῑεσοαι
1148 1417 1258 1444 δύναται
1282 1418 1320 1453 τῷ
1342 1418 1397 1453 Υἱῷ
1413 1417 1458 1444 τοῦ
1472 1418 1551 1451 Θεοῦ,
1568 1419 1597 1444 ὲν
1617 1417 1655 1453 τῷ
1677 1417 1837 1453 παραπτώ-

194 1467 244 1495 psu
270 1459 500 1494 praevaricationis
513 1459 700 1494 deprehensus
713 1479 719 1490 ι
736 1460 838 1495 quique
861 1460 964 1488 audivit
979 1471 986 1488 :

196 1507 279 1534 Terra
293 1515 330 1538 es,
344 1511 368 1533 et
387 1506 413 1533 in
431 1511 530 1532 terram
550 1507 687 1534 reverteris
705 1507 737 1534 ³⁸.
765 1506 907 1540 Quomodo
924 1515 989 1535 vero

194 1554 277 1582 etiam
306 1553 500 1588 Primogenilus
519 1554 604 1580 omnis
627 1558 756 1581 creatura:
776 1554 798 1569 ³³
821 1554 962 1589 putabitur
976 1574 984 1587 ,

194 1599 240 1634 qui
258 1603 319 1634 post
335 1604 434 1626 terram
456 1603 483 1626 et
501 1598 700 1626 ﬁrmamentum
726 1607 742 1627 e
768 1599 825 1626 luto
854 1599 988 1627 formatus

194 1645 256 1674 est?
272 1645 377 1672 Rursus
390 1653 443 1680 qua
458 1645 564 1672 ratione
590 1645 691 1681 lignum
707 1646 769 1673 vitae
790 1646 812 1661 ⁸ο
837 1653 899 1673 eum
927 1654 989 1674 esse

194 1692 369 1723 concedetur,
379 1694 424 1726 qui
445 1691 553 1726 ejicitur
564 1697 675 1728 propter
690 1693 938 1727 praevaricationem
948 1694 969 1709 δι
978 1713 986 1727 ,

195 1747 230 1766 ne
249 1747 346 1766 rursus
362 1739 491 1766 extendat
506 1746 616 1765 manum
638 1744 666 1766 et
687 1739 813 1766 comedat
827 1747 860 1766 ex
875 1739 944 1774 ipso,
961 1743 988 1767 et

195 1784 267 1812 vivat
282 1785 308 1811 in
323 1784 474 1811 αξιοι-[ιιιιηῖ
487 1783 565 1816 Quod
592 1783 665 1811 enim
689 1788 865 1819 comparatur
890 1784 986 1817 alteri,

196 1830 235 1858 illi
250 1831 374 1865 pluribus
386 1830 476 1857 simile
497 1830 612 1858 exsistat
628 1838 741 1858 necesse
763 1831 800 1858 sit
828 1838 861 1858 ac
889 1830 986 1863 aliine,

196 1882 251 1902 non
267 1875 404 1902 contrario
432 1874 511 1909 plane
533 1874 614 1901 modo
642 1882 675 1901 ac
697 1874 870 1902 dissentanea
886 1882 915 1902 se
938 1874 989 1902 ha-

196 1921 270 1951 beat.
287 1925 314 1948 ct
325 1921 402 1956 quasi
417 1929 450 1948 ex
463 1921 595 1956 oppositis
606 1921 749 1949 consistat.
765 1921 850 1949 Nemo
860 1921 932 1949 enim
941 1922 988 1957 qui

195 1968 282 2003 impar
298 1968 371 2002 pari,
395 1971 422 1995 et
436 1968 624 1996 harmonicum
637 1973 802 1996 concentum
814 1976 867 1996 non
881 1968 989 1995 harmo-

196 2015 258 2043 'tico
287 2014 518 2049 dissentaneoque
542 2022 702 2049 comparare
727 2015 836 2048 audeat,
855 2015 988 2050 sapientis

197 2061 304 2088 laudem
321 2061 507 2096 consequitur.
531 2061 584 2089 Sed
600 2069 649 2097 par
662 2066 760 2088 natura
775 2061 834 2096 pari
849 2061 922 2088 haud
936 2061 987 2088 im-

1041 1472 1105 1498 ματι
1119 1464 1169 1499 τῆς
1186 1464 1367 1500 παρασάσεως
1383 1465 1514 1501 εὑρεθεὶς,
1529 1465 1577 1490 καὶ
1593 1465 1713 1495 ἀκούσας
1728 1465 1770 1495 τὸ,
1786 1462 1836 1497 Γῆ

1037 1507 1075 1541 εἶ,
1091 1509 1139 1535 καὶ
1153 1511 1196 1542 εἰς
1209 1509 1267 1544 γῆν
1279 1509 1447 1544 dar-atcue”.
1461 1509 1523 1541 Πῶς
1536 1509 1564 1535 δὲ
1579 1510 1625 1536 καὶ
1639 1509 1838 1542 Πρωτότοκος

1038 1555 1140 1589 πάσης
1157 1555 1211 1590 τῆς
1228 1557 1355 1589 κτίσεως
1368 1556 1572 1592 νομισθήσεται,
1587 1556 1602 1581 ὁ
1618 1555 1687 1590 μετὰ
1709 1555 1759 1590 τὴν
1779 1554 1838 1589 γῆν

1039 1602 1086 1628 καὶ
1101 1602 1131 1628 τὸ
1150 1602 1292 1638 στερέωμα
1307 1601 1596 1637 πηλοπ).αστοὺμενος;
1610 1601 1671 1632 Πῶς
1686 1601 1715 1627 δὲ
1736 1601 1785 1627 καὶ
1802 1600 1838 1627 τὶ

1040 1646 1117 1678 ξύλον
1132 1648 1182 1682 τῆς
1204 1648 1276 1682 ζωῆς
1291 1647 1373 1678 αὐτὸς
1391 1645 1460 1673 εἶναι
1481 1645 1734 1682 συγχωρηθήσεται,
1755 1645 1769 1671 ὁ
1787 1645 1838 1670 ὲκ-

1040 1692 1202 1728 6αλλόμενος
1220 1693 1264 1719 διὰ
1282 1694 1330 1728 τὴν
1350 1692 1521 1728 παράϐασιν,
1544 1692 1586 1718 ἵνα
1609 1691 1661 1726 μὴ,
1681 1691 1762 1717 πάλιν
1783 1691 1838 1716 ὲκ-

1039 1738 1128 1770 τείνας
1143 1738 1193 1770 τὴν
1212 1740 1291 1774 χεῖρα
1307 1739 1355 1765 καὶ
1371 1738 1466 1773 φαγὼν
1483 1739 1530 1764 ἀπ’
1546 1737 1638 1768 αὑτοῦ,
1662 1737 1775 1772 ζήσεται
1793 1737 1837 1767 εἰς

1039 1783 1086 1810 τὸν
1107 1783 1209 1816 αίῶνα;
1227 1787 1235 1794 ·
1250 1784 1286 1810 Τὸ
1306 1784 1360 1819 γὰρ
1376 1783 1591 1819 ἁπεικαζόμενον
1609 1782 1704 1818 ἐκείνῳ
1714 1779 1744 1809 οὗ
1758 1784 1838 1809 ἐστιν

1038 1829 1218 1865 ἀπείκασμα,
1250 1830 1408 1865 ὁμοιοῦσθαι
1437 1831 1485 1857 καὶ
1511 1828 1733 1865 παραϐάλλεσθαι
1760 1827 1838 1855 κατὰ

1039 1876 1124 1902 πολλὰ
1133 1876 1197 1912 χρὴ,
1214 1876 1281 1902 ἀλλὰ
1298 1877 1336 1912 μὴ
1358 1878 1390 1903 ἐκ
1405 1876 1459 1903 τῶν
1480 1877 1609 1904 ἐναντίων
1626 1876 1674 1903 καὶ
1690 1876 1836 1902 ἀνοικείων

1039 1923 1089 1959 τὴν
1104 1923 1233 1949 σύστασιν
1249 1922 1330 1958 ἔχειν.
1348 1922 1385 1948 Οὐ
1405 1922 1459 1957 γὰρ
1475 1922 1508 1948 ἃν
1523 1922 1552 1948 τὸ
1566 1922 1657 1948 ἄνισον
1674 1920 1713 1955 τῷ
1733 1920 1834 1955 ἀρτίῳ,

1039 1969 1056 2004 ἥ
1068 1969 1117 2004 τὴν
1132 1968 1264 2004 ἁρμονίαν
1278 1969 1310 2003 τῇ
1327 1968 1499 2003 ἀναρμοστία
1514 1976 1555 2000 τις
1573 1966 1695 1999 ἐξισὰσαι
1713 1965 1834 2000 τολμῶν,

1039 2015 1077 2046 ὡς
1093 2014 1204 2051 ἔμφρων
1223 2014 1449 2049 ἀποδεχθήσεται·
1475 2013 1543 2040 ἀλλὰ
1561 2013 1592 2039 τὸ
1612 2013 1668 2039 ἴσον
1690 2011 1729 2047 τῷ
1751 2011 1835 2046 φύσει

1041 2060 1100 2095 ἴσῳ,
1117 2060 1167 2087 κᾶν
1184 2059 1214 2092 ἐξ
1236 2060 1326 2094 ὀλίγον
1349 2060 1405 2086 ἴσον
1421 2059 1448 2095 ᾖ,
1460 2060 1506 2086 καὶ
1528 2059 1558 2085 τὺ
1579 2058 1674 2085 λευκὸν
1691 2057 1730 2093 τῷ
1752 2058 1836 2092 φύσει

196 2106 295 2133 merito
311 2111 484 2141 comparetur
497 2127 504 2138 ,
534 2107 586 2134 etsi
607 2107 695 2134 solum
714 2106 821 2133 modico
848 2114 897 2142 par
911 2107 984 2134 exsi-

1051 2105 1137 2141 .ευκῴ,
1153 2106 1204 2132 κᾶν
1220 2106 1285 2133 αὐτὸ
1307 2105 1474 2141 βραχύτατον
1530 2105 1576 2131 καὶ
1595 2105 1713 2140 μετρίως
1731 2104 1835 2139 φαντά-

196 2155 267 2185 stat;
286 2152 432 2186 albumque
447 2152 509 2179 albo
524 2156 632 2184 natura,
643 2152 694 2179 etsi
707 2152 922 2180 minutissimum
939 2152 986 2183 sit,

195 2197 324 2232 illiusque
337 2197 472 2225 albedinis
492 2205 602 2225 sensum
631 2198 738 2225 modice
754 2198 871 2229 referat,
889 2201 986 2232 quate-

195 2251 249 2270 nus
262 2243 351 2277 ipsum
371 2251 480 2278 quoque
494 2243 585 2270 album
608 2243 711 2270 audiat.
739 2243 798 2270 .lam
816 2251 865 2278 par
879 2247 907 2270 ct
921 2243 986 2270 har-

195 2290 335 2318 tnonicum
350 2293 377 2317 et
393 2289 513 2317 Candore
531 2290 703 2325 splendidum
728 2291 835 2318 cunctis
850 2290 930 2326 plane
943 2290 986 2318 ci-

1041 2151 1114 2184 ζοιτο
1131 2151 1180 2187 τὴν
1205 2151 1355 2186 λευκότητα
1384 2151 1507 2182 ἐκείνου,
1524 2150 1558 2177 δι’
1586 2151 1619 2186 ἣν
1640 2151 1672 2186 δὴ
1696 2149 1742 2176 καὶ
1767 2149 1836 2177 αὐτὸ

1041 2199 1150 2232 λέγεται
1165 2197 1271 2224 λευκόν.
1291 2198 1362 2224 Ἴσον
1375 2197 1402 2224 δὲ
1420 2197 1467 2223 καὶ
1485 2197 1615 2232 ἁρμόνιον
1634 2197 1679 2223 καὶ
1695 2197 1832 2232 λαμπρὸν,

1040 2244 1071 2270 τὸ
1085 2243 1278 2278 ἀναμάρτητον
1302 2240 1371 2269 εἶναι
1390 2242 1438 2268 καὶ
1459 2242 1621 2278 ἀδιάφθορον
1638 2242 1834 2274 ἀνενδοιάστως

1041 2289 1122 2316 παντί
1138 2297 1189 2315 που
1210 2289 1306 2323 σαφὲς,
1320 2288 1368 2324 τὴν
1390 2287 1484 2322 σοφίαν
1496 2287 1568 2323 (41)’
1591 2287 1718 2323 ἀνάρτιον
1739 2287 1768 2314 δὲ
1787 2288 1832 2314 καὶ

231 2367 254 2382 ³⁸
274 2365 337 2394 Gen.
355 2374 394 2399 Ill,
408 2366 451 2394 1‘}.
488 2367 510 2383 ³⁹
522 2367 625 2395 Coloss.
644 2375 663 2400 I,
684 2361 744 2395 i5.'
761 2368 784 2384 ⁸⁸
801 2367 883 2402 Apoc.
906 2375 936 2400 ιι,
958 2367 983 2394 7.

1062 2366 1127 2395 Cen.
1150 2374 1190 2399 ιιι,
1211 2365 1256 2393 22.

233 2452 289 2488 (40)
305 2453 340 2479 Εὶ
367 2452 462 2487 Ἀδάμ.
488 2451 604 2481 Allatius
627 2453 811 2487 parenthesim
828 2452 988 2487 interponit.

197 2488 344 2524 Elxbgjhp
365 2488 588 2523 ἀντιπαραθεῖναί
608 2497 684 2520 τινας
702 2488 795 2516 ἄλλοτε
813 2488 913 2524 ἄλλως·
931 2487 990 2524 πῶς

195 2523 210 2548 ὁ
231 2523 326 2557 Ἀδάμ,
349 2532 409 2559 qum
425 2524 486 2550 aliis
505 2524 816 2559 desiderantibustnon
840 2523 990 2559 admodum

196 2559 351 2593 necessaria
360 2558 428 2585 mihi
442 2559 499 2586 visa
511 2563 553 2585 est
566 2568 571 2585 :
587 2563 613 2585 ct
628 2558 698 2586 forte
712 2558 836 2585 scholion
853 2559 899 2588 sit.
916 2558 990 2593 quod

196 2592 224 2618 in
243 2597 344 2619 textum
360 2594 500 2628 irrcpserit
516 2603 522 2620 :
541 2594 586 2620 ubi
603 2593 937 2628 ΑΙΙειὶιιε-ἀντιπροῦεἰναι
953 2593 990 2620 lc-

196 2628 245 2661 git.
266 2627 446 2662 reddiditqu'c.
463 2628 525 2656 Non
539 2629 609 2656 enim.
624 2628 728 2655 dedecet
745 2627 823 2655 alias'
837 2629 890 2655 alio
913 2627 990 2655 modo

195 2667 221 2698 e_t
236 2666 349 2696 [erupere
359 2664 583 2691 considerationes
598 2665 771 2698 interponere.
785 2663 874 2690 Malim
887 2667 988 2695 tamen,

196 2696 254 2724 Par
270 2698 340 2724 enim
354 2705 391 2725 est
407 2699 536 2734 quosdam
559 2700 627 2726 alias
650 2696 728 2726 aliter
752 2699 821 2726 inter
838 2707 865 2725 se
885 2706 992 2732 compo-

196 2741 267 2762 nere,
292 2741 340 2760 seu
365 2741 542 2768 comparare;
561 2735 587 2761 id
609 2739 660 2766 est,
688 2735 840 2762 secundum
865 2734 946 2760 aliam
964 2737 991 2761 et

199 2769 280 2794 aliain
297 2768 427 2804 rationein
445 2777 494 2803 pro
509 2771 568 2796 loco
583 2775 610 2796 ct
623 2775 752 2804 tempore,
769 2769 905 2804 quomodo
920 2768 990 2795 idem

201 2809 273 2837 sa-pe
295 2803 442 2830 contrariis
463 2809 646 2838 comparatur,
673 2803 701 2831 ut
723 2803 796 2840 quod
816 2809 843 2832 et
863 2803 992 2832 Christus

1043 2452 1086 2479 leo
1107 2451 1217 2482 dicitur,
1241 2453 1269 2478 et
1288 2450 1435 2478 diabolus:
1452 2449 1546 2485 sicque
1569 2449 1649 2476 fuerit
1672 2447 1744 2485 istud
1767 2456 1832 2485 προ-

1042 2487 1184 2522 διόρθωσις
1207 2486 1240 2513 ad
1266 2483 1678 2522 sequentem_cqniparationem
1703 2483 1783 2522 primi
1805 2486 1833 2510 ct

1044 2519 1157 2550 secundi
1175 2522 1270 2551 Adam,
1294 2519 1319 2547 in
1343 2528 1396 2555 qua
1418 2519 1570 2548 Methodius
1590 2527 1645 2546 non
1662 2519 1774 2545 omnino
1790 2525 1832 2544 rc-

1044 2563 1117 2584 ctum
1132 2557 1259 2584 servavit.
1275 2556 1420 2583 COIIBEFIS.

1081 2593 1135 2628 (Ill)
1154 2592 1213 2626 Τὴν
1236 2592 1356 2628 σοφίαν.
1384 2590 1505 2628 lliulcam
1530 2590 1580 2617 sibi
1612 2590 1736 2628 litteram
1759 2588 1832 2623 ﬁngit

1045 2625 1187 2654 Polssi'nius
1203 2627 1354 2661 redditque,
1369 2627 1395 2653 iu
1408 2626 1528 2660 confesso
1539 2630 1577 2652 est
1594 2628 1663 2659 apud
1678 2625 1805 2661 sapientes
1820 2631 1829 2650 :

1045 2671 1106 2690 cum
1121 2663 1184 2690 vclit
1202 2659 1365 2693 Methodius,
1383 2662 1469 2695 ipsam
1486 2661 1648 2695 sapientiam
1664 2660 1694 2686 τὸ
1709 2659 1829 2694 ἀναμάρ-

1043 2707 1125 2733 τητον
1137 2705 1208 2729 cssc,
1221 2697 1293 2732 quod
1311 2697 1342 2723 ab
1359 2697 1557 2733 omniimmune
1571 2700 1675 2733 peccato
1688 2695 1830 2733 est,_cujus_

1045 2730 1109 2761 sunt
1125 2737 1152 2759 et
1168 2730 1319 2760 alize'dotes
1336 2732 1370 2759 ibi
1384 2732 1538 2765 assignataa,
1554 2731 1699 2758 contraria:
1711 2730 1749 2757 illi
1762 2730 1827 2765 quod

1046 2768 1160 2795 mortale
1179 2773 1206 2794 el.
1228 2772 1339 2801 peccato
1360 2767 1506 2794 obnoxium
1529 2771 1580 2796 est.
1602 2766 1754 2800 cujusmodi
1770 2769 1829 2793 sunt

1046 2803 1151 2839 primus
1166 2807 1193 2830 ct
1205 2802 1343 2829 secundus
1358 2801 1454 2835 Adam,
1471 2802 1541 2829 inter
1552 2809 1620 2836 quos
1635 2801 1748 2836 proinda
1762 2802 1828 2828 nulic
