1908 3078
229 116 264 145 ετ

711 115 740 143 S.
761 113 925 144 METHODII
945 112 1099 141 EPISCOPI
1118 113 1161 140 ET
1182 111 1362 140 MAliTYRIS

1822 108 1862 136 68

229 174 302 202 enim
318 171 530 208 Primogenitum
554 170 613 203 Dei.
629 178 660 197 ac
687 171 855 206 unigenitum
878 177 986 206 germen
1000 190 1008 202 ,

1077 177 1151 204 τημα
1163 178 1210 197 και
1226 169 1377 205 μονογενὲς,
1395 169 1443 204 τὴν
1459 168 1565 203 σοφίαν,
1585 168 1624 204 τῷ
1647 167 1862 205 πρωτοπλὰπῳ

229 220 258 248 id
288 222 329 247 est
361 217 550 252 Sapientiam,
583 217 698 252 primum
726 217 843 244 formato
873 217 1013 251 primoque

229 273 262 292 ac
291 263 472 299 primogenilo
493 263 631 289 hominum
660 263 768 297 generis
795 262 898 289 homini
926 262 1014 288 admi-

229 315 320 342 stum,
349 309 485 336 hominem
516 308 583 335 fieri.
618 308 644 335 ld
669 308 741 335 enim
766 308 905 335 Christum
932 315 1011 340 esse,

227 355 363 383 hominem
377 362 444 389 pura
459 354 633 389 perfectaque
649 353 750 380 deitate
761 353 880 388 plenum,
892 358 918 380 et
928 352 1012 380 Deum

228 402 273 436 qui
291 401 318 427 in
334 401 443 427 homine
458 400 590 434 capiatur.
608 400 890 434 Congruentissimum
913 399 1013 434 quippe

227 451 285 475 erat
301 446 521 481 antiquissimum
548 453 655 473 aeonum
681 449 708 472 et
732 446 850 480 primum
867 445 1014 480 archange-

227 492 315 520 lorum
331 500 393 519 cum
409 492 563 519 hominibus
582 496 764 523 versaturum,
779 491 805 518 in
822 491 1013 526 antiquissimo

227 538 369 573 primoque
388 537 528 563 hominum
542 537 709 569 inhabitare,
729 537 755 564 id
772 541 814 564 est
828 537 941 564 Adamo.
967 536 1013 564 Sic

227 584 301 611 enim
320 583 439 618 eumqui
453 591 466 609 a
483 583 617 618 principio
643 587 718 615 erat,
746 591 899 616 renovans,
926 591 1014 617 exque

226 628 337 665 Virgine
351 637 383 656 ac
399 629 500 663 Spiritu
515 629 603 664 ipsum
630 637 726 656 rursus
744 628 914 661 reformans,
937 636 1013 655 eum-

227 677 287 704 dem
306 676 474 703 fabricatur:
496 675 716 710 quandoquidem
735 675 860 702 similiter
876 681 891 700 a
911 673 1014 708 princi-

226 722 288 757 pio,
308 726 377 748 terra
393 720 495 755 virgine
508 719 623 747 necdum
642 723 764 746 aratrum
787 726 884 753 passa,
903 722 1014 752 accepto

226 768 290 795 inde
307 768 373 799 luto,
388 774 421 793 ex
442 766 487 792 illo
514 765 585 792 Deus
612 765 717 792 ratione
742 765 884 800 pra-ditum
912 764 1013 791 animal

227 814 286 841 sine
298 817 417 842 semente
434 811 609 839 formaverat.

1061 216 1108 241 καὶ
1122 215 1222 251 πρώτῳ
1237 216 1285 242 καὶ
1299 214 1464 250 πρωτογόνῳ
1480 213 1533 240 τῶν
1548 213 1699 251 ἀνθρώπων
1714 214 1862 250 ἀνθρώπῳ

1062 261 1240 295 κερασθεῇςαν
1272 260 1518 295 ἐνηνθρωπηκέναι.
1539 260 1624 287 Τοῦτο
1644 260 1699 296 γὰρ
1714 258 1787 287 εἶναι
1809 260 1863 287 τὸν

1061 306 1342 342 Χριστὸν,ἄνθρωπον
1367 306 1479 341 ἀκράτῳ
1498 305 1604 341 θεότητι
1623 306 1670 332 καὶ
1688 305 1782 341 τελείᾳ
1807 314 1864 331 πε-

1063 352 1114 388 πλη
1120 352 1250 388 ρωμένον,
1262 353 1309 378 καὶ
1323 351 1388 378 Θεὸν
1401 353 1428 377 ὲν
1443 350 1579 386 ἀνθρώπῳ
1591 352 1787 387 κεχωρημένον
1799 360 1804 366 ·
1822 349 1861 386 ἦν

1061 398 1116 434 γὰρ
1147 397 1384 433 πρεπωδέστατον,
1410 396 1455 423 τὴν
1479 397 1665 431 πρκεύτατον
1695 396 1750 423 τῶν
1785 395 1860 423 αἰώ-

1059 452 1112 471 νων
1124 443 1231 479 (44)καὶ
1240 444 1348 478 πρῶτον
1355 442 1409 469 τῶν
1421 443 1608 478 ἀρχαγγέλων,
1620 442 1776 478 ἀνθρώποις
1790 442 1862 477 μὲλ-

1061 491 1139 517 λοντα
1153 490 1316 525 συνομιλεῖν,
1338 490 1377 520 εἰς
1395 489 1440 516 τὸν
1462 489 1647 525 πρεσϐύτατον
1671 489 1717 516 καὶ
1742 489 1863 525 πρῶτον

1061 537 1114 564 τῶν
1131 535 1281 571 ἀνθρώπων
1296 535 1489 570 εἰσοικισοῆναι
1510 535 1555 561 τὸν
1572 535 1666 570 Ἀδάμ.
1688 535 1784 572 Ταύτῃ
1799 535 1862 570 γὰρ

1062 582 1268 617 ἀναζωγραφῶν
1281 581 1315 608 τὰ
1328 581 1356 614 ἐξ
1371 582 1508 617 ὑπαρχῆς,
1520 582 1566 608 καὶ
1577 582 1762 609 ἀναπλάσσων
1775 580 1861 613 αὖθις

1063 631 1094 656 ὲκ
1114 629 1252 665 Παρθένου
1266 629 1312 655 καὶ
1326 628 1496 664 Πνεύματος,
1510 628 1680 656 τεκταίνεται
1694 629 1739 655 τὸν
1754 628 1844 655 αὐτόν
1853 637 1859 643 ·

1062 676 1156 710 ἐπειδὴ
1175 675 1221 701 καὶ
1234 675 1293 701 κατ’
1307 674 1404 710 ἀρχὰς,
1422 674 1504 708 οὖα-ης
1519 674 1653 710 παρθένου
1672 674 1724 710 γῆς
1747 674 1787 700 ἔτι
1809 674 1863 700 καὶ

1061 721 1191 757 ἀνηρότου
1205 741 1212 753 ,
1237 720 1326 747 λαϐὼν
1350 721 1434 756 χοῦν,
1459 720 1490 746 τὸ
1510 720 1692 754 λογικώτατον
1715 720 1863 748 ἐπλάσατο

1063 767 1131 798 ζῶον
1150 768 1196 794 ἀπ’
1208 767 1294 802 αὐτῆς
1307 767 1321 793 ὁ
1335 767 1402 798 Θεὸς
1416 767 1480 794 ἄνευ
1494 767 1609 802 σπορᾶς.

791 870 856 898 CAP.
873 870 904 898 V.
923 869 1046 897 Jeremiw
1064 869 1138 896 locus
1152 877 1290 903 eapensus.

262 931 340 959 Adsit
356 931 421 958 mihi
435 931 517 964 hujus
542 930 580 957 rei
605 929 682 956 testis
699 929 814 956 idoneus
830 933 856 956 et
871 929 991 956 disertus
1002 948 1008 959 ,

1096 927 1150 954 Καί
1166 935 1210 962 μοι
1225 926 1355 962 ἐχέγγυος
1374 926 1479 961 μάρτυς
1502 927 1548 953 καὶ
1571 926 1659 962 σαφὴς
1673 927 1687 953 ὁ
1709 927 1862 963 προφήτης

227 978 356 1014 propheta
368 976 499 1004 Jereiuias
512 986 518 1003 :
539 973 570 1003 Et
583 976 715 1007 descendi,
729 975 815 1011 inquit
824 975 890 1008 “,in
903 974 1009 1001 domum

226 1024 320 1059 ﬁguli;
347 1027 370 1049 el
387 1031 444 1049 ecce
458 1023 511 1056 ipse
530 1021 645 1056 faciebat
663 1029 726 1055 opus
743 1028 820 1054 super
836 1019 946 1053 lapides.
977 1019 1010 1045 Et

225 1068 317 1096 cecidit
334 1076 389 1099 ras,
403 1068 470 1102 quod
492 1067 547 1100 ipse
564 1066 678 1100 faciebat
702 1066 728 1092 in
745 1069 798 1092 suis
813 1065 944 1091 manibus.
977 1063 1012 1090 Et

226 1124 318 1143 rursus
332 1115 392 1149 fecit
414 1122 458 1140 vas
476 1112 542 1139 illud
567 1114 680 1140 alterum
695 1132 702 1143 ,
730 1113 798 1138 sicut
823 1111 959 1145 placuerat
984 1111 1010 1136 iu

226 1165 363 1194 conspectu
378 1167 426 1186 suo
447 1158 541 1192 facere.
570 1157 664 1184 Adhuc
681 1156 754 1183 enim
770 1155 834 1182 dum
852 1163 884 1182 ex
900 1156 967 1186 Iulo,
984 1159 1013 1181 ut

226 1207 267 1235 sic
289 1207 431 1235 dicamus,
462 1205 583 1231 Adamus
612 1203 775 1229 formaretur
792 1210 853 1229 cum
871 1202 959 1229 mollis
985 1205 1012 1229 et

226 1251 297 1278 udus
312 1255 393 1282 esset,
405 1256 437 1276 ac
454 1250 567 1277 necdum
579 1248 656 1283 quasi
669 1256 718 1282 pro
730 1251 806 1274 testae
819 1247 885 1280 ritu,
901 1247 1013 1274 immor—

224 1298 331 1324 talitate
355 1300 484 1324 excoctus
503 1298 530 1321 et
545 1294 660 1320 duratus
675 1293 780 1326 fuisset,
798 1297 909 1328 peccato
931 1297 1013 1327 gutta:

225 1341 314 1368 instar
326 1340 474 1367 distillante
487 1347 517 1365 ac
530 1338 664 1365 deﬂuente
674 1357 681 1369 ,
695 1338 846 1366 dissolutus
858 1342 910 1366 est.
923 1337 1014 1370 Quare

226 1395 288 1414 eum
305 1395 400 1414 rursus
418 1386 451 1412 ab
465 1386 569 1420 integro
582 1385 777 1417 madel'at-iens,
793 1393 880 1420 exque
894 1385 950 1411 luto
965 1392 1013 1412 vas

225 1435 253 1462 in
270 1435 400 1461 honorem
416 1433 449 1464 υ,
465 1432 590 1459 eumdem
607 1431 678 1459 Deus
696 1432 827 1464 formans,
848 1431 874 1458 in
887 1430 1013 1465 virginali

226 1480 344 1514 primum
371 1479 472 1506 durans
493 1483 521 1505 et
545 1477 721 1511 compingens
750 1481 846 1508 utero,
879 1477 1013 1511 simulque

225 1525 323 1554 aniens
337 1533 369 1552 ac
385 1525 502 1552 miscens
518 1523 618 1556 Verbo,
634 1522 750 1550 solidum
770 1523 972 1557 infractumque
985 1522 1012 1549 in

225 1574 308 1600 vitam
324 1572 427 1603 eduxit,
445 1579 477 1598 nc
493 1578 588 1598 rursus
611 1569 808 1597 inundantibus
823 1568 949 1603 corporis
963 1567 1013 1594 flu-

1067 973 1200 1008 Ἱερεμίας
1214 973 1340 1008 παρήτω,
1360 972 1412 999 Καὶ
1432 972 1560 1005 κατέϐην
1578 973 1621 1004 εἰς
1633 971 1686 998 τὸν
1699 970 1785 999 οἷκον
1803 973 1862 999 τοῦ

1062 1019 1227 1053 κεραμέως,
1252 1019 1353 1052 λέγων,
1372 1019 1420 1045 καὶ
1450 1018 1513 1044 ἰδοὺ
1538 1019 1629 1050 αὐτὸς
1646 1018 1741 1045 ἐποίει
1765 1018 1862 1052 ἔργον

1062 1065 1111 1091 ἐπὶ
1131 1063 1189 1091 τῶν
1208 1064 1309 1091 λίθων.
1322 1063 1376 1090 Καὶ
1397 1063 1518 1090 διέπεσε
1539 1063 1571 1089 τὸ
1587 1063 1717 1097 ἀγγεῖον,
1731 1063 1747 1089 ὃ
1763 1064 1861 1096 αὐτὸς

1062 1110 1154 1137 ἐποίει
1171 1109 1204 1135 ἐν
1222 1108 1286 1141 ταῖς
1299 1108 1405 1142 χερσὶν
1416 1107 1519 1134 αὐτοῦ.
1534 1108 1587 1134 Καὶ
1600 1107 1693 1134 πάλιν
1707 1108 1862 1140 ἐποίησεν

1062 1154 1134 1182 αὐτὸ
1164 1153 1283 1188 ἀγγεῖον
1312 1153 1415 1187 ἕτερον
1429 1172 1437 1184 ,
1472 1152 1567 1186 καθὼς
1593 1153 1705 1187 ἤρεσρν
1724 1153 1861 1180 ἐνώπιον

1063 1201 1155 1228 αὐτοῦ
1173 1201 1226 1228 τοῦ
1245 1200 1379 1234 ποιῆσαι.
1394 1200 1455 1226 Ἔτι
1475 1200 1528 1236 γὰρ
1550 1200 1788 1235 πηλουργούμενον
1810 1199 1861 1226 τὴν

1069 1246 1164 1281 Ἀδὰμ,
1178 1246 1215 1277 ὡς
1238 1245 1312 1272 ἐστιν
1327 1246 1424 1276 εἰπεῖν,
1440 1246 1486 1272 καὶ
1498 1245 1597 1281 τηκτδν
1611 1245 1675 1272 ὄντα
1693 1245 1741 1272 καὶ
1754 1245 1858 1280 ὑδαρῆ,

1063 1293 1110 1320 καὶ
1127 1293 1239 1328 μηδέπω
1252 1291 1405 1326 φθάσαντα,
1418 1292 1494 1326 δίκην
1508 1291 1652 1327 ὀστράκου,
1665 1293 1698 1327 τῇ
1715 1292 1861 1328 ἀῳῧαρςίᾳ

1064 1339 1276 1374 κραταιωθῆναι,
1291 1337 1363 1373 ὕδωρ
1376 1337 1469 1373 ὥσπερ
1481 1337 1695 1373 καταλειϐομένη
1707 1339 1752 1364 καὶ
1767 1347 1858 1364 κατα.-

1065 1384 1208 1416 στάζουσα,
1228 1385 1348 1411 διέλυσεν
1366 1384 1446 1410 αὐτὸν
1469 1384 1485 1418 ἡ
1503 1383 1633 1419 ἁμαρτία.
1654 1384 1700 1410 Διὸ
1721 1383 1754 1418 δὴ
1772 1382 1859 1410 πάλιν

1064 1431 1165 1458 ἄνωθεν
1183 1431 1319 1457 ἀναδεύων
1342 1430 1397 1466 (45)
1420 1430 1468 1456 καὶ
1490 1429 1685 1465 πηλοπλαςτῶν
1706 1430 1752 1456 τὸν
1773 1430 1859 1457 αὐτὸν

1064 1478 1104 1509 εἰς
1114 1477 1197 1513 τιμὴν
1208 1478 1221 1503 ὁ
1234 1477 1311 1508 Θεὸς,
1328 1478 1356 1503 ἐν
1372 1477 1405 1512 τῇ
1424 1476 1574 1512 παρθενικῇ
1593 1476 1767 1512 κραταιώσας
1778 1476 1859 1511 πρῶ-

1063 1532 1109 1550 τον
1122 1524 1168 1550 καὶ
1182 1523 1270 1558 πήξας
1283 1523 1385 1558 μήτρᾳ,
1400 1522 1447 1549 καὶ
1457 1522 1608 1553 συνενώσας
1621 1522 1667 1549 καὶ
1680 1523 1859 1558 συγκεράσας

1064 1569 1103 1604 τῷ
1115 1569 1203 1604 Λόγῳ,
1223 1569 1339 1604 ἇτηκτον
1360 1568 1407 1594 καὶ
1422 1567 1575 1603 ἄθραυστον
1593 1567 1727 1602 ἐξήγαγεν
1751 1568 1793 1599 εἰς
1809 1567 1859 1594 τὸν

224 1620 316 1649 sibus.
333 1621 472 1644 contracta
496 1617 559 1643 tabe
571 1616 718 1643 decideret.
739 1614 782 1642 Uti
799 1615 880 1642 etiam
895 1614 923 1640 in
937 1621 1013 1649 para-

1077 1616 1136 1642 llov'
1156 1616 1199 1642 ἵνα
1221 1615 1258 1651 μὴ
1274 1615 1353 1643 πάλιν
1370 1616 1425 1646 τοῖς
1440 1615 1490 1650 τῆς
1508 1614 1609 1650 φθορᾶς
1624 1614 1723 1647 ἔξωθεν
1743 1614 1860 1641 ἐπικλυ-

225 1665 286 1692 bola
301 1665 417 1691 inventae
430 1664 488 1690 uris
505 1663 624 1690 cernitur
640 1661 771 1690 Dominus
783 1662 892 1692 docere,
909 1660 954 1687 ubi
979 1661 1012 1687 ad

224 1713 346 1738 astantes
361 1710 398 1736 ait
411 1709 540 1736 Dominus
556 1717 634 1736 meus
657 1717 664 1735 :
683 1708 749 1741 Quis
772 1715 805 1735 er
829 1707 899 1734 vobis
924 1708 1012 1739 homo,

222 1756 460 1792 quiltabetcentum
480 1763 537 1782 oves
549 1763 557 1781 :
571 1759 595 1781 et
611 1755 635 1781 si
645 1754 787 1788 perdiderit
801 1761 881 1779 unam
891 1760 923 1779 ex
935 1753 990 1779 illis
1003 1772 1011 1784 ,

223 1810 309 1828 nonne
322 1801 443 1836 relinquit
462 1801 605 1835 nonaginta
622 1808 711 1826 norem
726 1800 752 1826 ἱιι
768 1800 880 1830 deserto,
895 1803 921 1825 et
941 1798 1012 1825 vadit

224 1847 259 1875 ad
274 1847 349 1874 illan:
363 1855 421 1882 qum
443 1847 568 1881 perierat,
585 1845 666 1872 donec
683 1846 796 1872 inveniat
811 1846 887 1872 eam?
905 1844 938 1870 Et
953 1853 1012 1871 cum

223 1894 349 1921 invenerit
373 1902 442 1925 eam,
457 1893 568 1927 imponit
584 1892 611 1919 in
636 1892 757 1918 humeros
774 1899 836 1918 suos
847 1911 853 1922 ,
877 1890 1012 1926 gaudens;

223 1946 248 1968 et
265 1941 367 1968 veniens
377 1940 495 1971 domum,
513 1943 636 1966 convocat
650 1938 748 1964 amicos
764 1941 788 1964 et
802 1937 913 1968 vicinos,
923 1935 1012 1963 dicens

223 1987 277 2015 illis
290 1995 298 2014 :
313 1986 541 2022 Congratulamiui
555 1984 618 2011 mihi
630 2005 638 2017 ,
658 1985 720 2020 quia
739 1984 823 2011 inveni
839 1991 910 2010 ovem
928 1990 1012 2010 meam

223 2042 282 2069 qua:
300 2034 413 2067 perierat
429 2031 462 2060 “.

223 2082 317 2108 λεῖται
329 2081 400 2114 τοὺς
415 2081 524 2115 φίλους
543 2080 591 2106 καὶ
605 2079 751 2114 γείτονας,
783 2077 880 2113 λέγων
900 2085 907 2092 ν

223 2130 286 2156 λωλ
290 2129 332 2161 ι’ς.

939 2075 1113 2111 Συγχάρητέ
1128 2085 1179 2111 μοι
1189 2097 1196 2108 ,

1064 1662 1138 1693 σθεὶς
1153 1661 1269 1697 ῥεύμασι
1293 1662 1424 1697 τηκεδόνα
1442 1661 1575 1696 γεννήσας
1601 1660 1733 1696 διαπέσῃ·
1755 1661 1793 1692 ὡς
1808 1662 1860 1688 καὶ

1063 1707 1092 1732 ὲν
1109 1708 1141 1742 τῇ
1161 1707 1224 1742 περὶ
1244 1707 1293 1742 τῆς
1308 1707 1477 1742 ἀνευρέσεως
1494 1706 1541 1732 τοῦ
1559 1705 1695 1742 προϐάτου
1715 1705 1859 1739 φαίνεται,

1062 1752 1195 1779 διδάσκων
1213 1753 1226 1779 ὁ
1251 1752 1351 1788 Κύριος
1367 1751 1507 1786 παραϐολῇ
1520 1760 1526 1766 ’
1544 1751 1608 1777 ἔνθα
1623 1751 1704 1786 φησὶν
1722 1752 1736 1776 ὁ
1753 1750 1860 1786 Κύριός

1065 1807 1115 1834 μου
1142 1799 1209 1834 πρὸς
1231 1799 1294 1829 τοὺς
1311 1797 1535 1833 παρεστηκόταςθ
1554 1798 1601 1830 Τίς
1616 1797 1701 1823 ἐστιν
1716 1797 1751 1828 ἐξ
1771 1796 1860 1831 ὑμῶν

1064 1843 1229 1878 ἅνθρωπος,
1244 1843 1278 1876 ὃς
1291 1843 1353 1877 ἔχει
1367 1843 1475 1869 ἑκατὸν
1489 1843 1629 1876 πρόϐατα,
1645 1841 1704 1868 κᾶν
1713 1842 1859 1877 ἀπολέσῃ

1064 1890 1098 1917 ἓν
1113 1890 1147 1922 ἐξ
1163 1889 1272 1921 αὐτῶν,
1287 1891 1342 1916 οὐκ
1366 1889 1472 1923 ἀφίησι
1490 1890 1525 1915 τὰ
1543 1887 1745 1921 ἐννενήκοντα
1764 1888 1860 1915 ἑννέιτ

1063 1936 1112 1962 ἐπὶ
1128 1936 1190 1969 τοῖς
1209 1936 1302 1969 ὄρεσι,
1322 1935 1373 1962 καὶ
1399 1936 1553 1969 πορευθεὶς
1564 1936 1613 1962 ἐπὶ
1631 1936 1664 1962 τὸ
1681 1936 1857 1970 ἀπολωλὸς,

1064 1982 1143 2015 ζητεῖ
1162 1982 1234 2008 αὑτό
1244 1981 1300 2014 ἕως
1320 1981 1409 2015 εῦρη;
1428 1982 1483 2008 Καὶ
1499 1981 1595 2015 εὑρὼν
1615 1982 1788 2016 ἐπιτίθησιν
1804 1982 1858 2008 ἐπὶ

1064 2028 1135 2061 τοὺς
1149 2027 1247 2062 ὤμους
1264 2027 1356 2054 αὐτοῦ
1367 2036 1373 2042 ·
1388 2027 1436 2054 καὶ
1453 2027 1549 2054 ἐλθὼν
1563 2029 1607 2059 εὶς
1629 2025 1714 2054 οἶκον
1738 2035 1859 2062 συγκαο

1233 2076 1278 2103 ὅτι
1302 2075 1407 2109 εὑρέθη
1428 2075 1460 2102 τὸ
1484 2076 1631 2110 πρόϐατόν
1643 2084 1703 2110 μου
1720 2076 1753 2102 τὸ
1779 2076 1859 2104 ἀπδ-

223 2183 289 2213 CAP.
302 2183 345 2210 Vl.
365 2183 531 2218 Spiritalium
545 2183 631 2208 ovium
648 2182 749 2216 integer
764 2188 899 2207 numerus.
918 2179 1016 2241 Horret.
1029 2180 1098 2205 alter
1113 2177 1145 2205 ab
1159 2178 1258 2213 angelis
1279 2178 1307 2205 in
1330 2178 1380 2205 Dei
1396 2178 1500 2205 laudem
1523 2179 1626 2206 chorus.
1653 2179 1715 2206 Ovis
1743 2180 1859 2214 perdiu:

896 2223 962 2241 vara
982 2224 996 2241 ο
1011 2223 1026 2240 a
1042 2219 1171 2241 exposita.

896 2222 1026 2249 ραγαοοιιι
1042 2222 1171 2248 ετροδιια.

258 2277 394 2311 Quoniam
410 2277 482 2304 enim
501 2277 560 2311 ipse
575 2276 715 2304 verissime
726 2280 785 2303 erat
801 2281 881 2310 atque
896 2279 948 2306 est,
962 2274 1008 2309 qui
1026 2278 1047 2304 ι)

222 2331 238 2352 a
255 2324 389 2359 principio
409 2328 467 2350 erat
486 2323 556 2358 apud
579 2322 663 2350 Deum
688 2328 715 2349 et
736 2322 807 2350 Deus
822 2326 881 2349 erat
893 2322 916 2338 ⁸⁸
928 2341 936 2354 ,
953 2322 1012 2355 ipse

223 2370 371 2405 imperator
383 2374 529 2404 pastorque
544 2368 696 2396 cmlestium
709 2388 717 2400 ,
747 2369 791 2395 cui
817 2375 912 2395 omnes
928 2367 1011 2394 animi

223 2416 410 2450 obtemperant
420 2423 452 2442 ac
467 2423 547 2450 quem
568 2419 732 2450 sequuntur,
745 2414 898 2449 composito
915 2421 1011 2448 regens

221 2461 318 2488 ordine
329 2465 410 2496 atque
427 2468 573 2488 numerans
581 2461 721 2488 beatorum
737 2466 824 2488 cmtus
840 2460 1008 2495 angelorum.

223 2505 273 2533 Hic
291 2506 363 2533 enim
390 2507 435 2533 ille
455 2514 504 2541 par
529 2510 570 2533 est
595 2509 622 2534 et
648 2505 786 2541 perfectus
812 2505 1006 2532 immortalium

277 2583 300 2599 "
319 2583 385 2618 Cap.
407 2591 485 2615 xviii,
501 2591 566 2610 vers.
582 2583 609 2614 5,
630 2583 656 2610 4.
693 2581 768 2619 ⁵³,11
787 2581 855 2609 Tim.
876 2590 907 2613 ll,
927 2581 972 2614 ‘20,
993 2581 1037 2607 2|.

223 2667 288 2687 caro
303 2668 334 2687 ex
347 2660 450 2688 Adamo
466 2664 623 2695 propagata,
634 2663 661 2686 et
673 2667 732 2694 quae
744 2663 819 2695 parte
830 2658 874 2695 sui
893 2658 1008 2692 quadam

223 2695 252 2722 in
265 2696 322 2729 ipso
337 2693 482 2724 exstiterit.
498 2693 637 2730 assmnpta
651 2693 731 2722 fuerit
745 2702 759 2720 a
769 2693 864 2730 iVerbo
878 2701 907 2730 se
919 2694 1008 2720 incar-

224 2728 317 2758 nante.
329 2731 418 2764 Atque
432 2731 491 2757 ideo
505 2728 625 2758 Adainus
637 2731 694 2764 ipse
705 2728 904 2765 quodaminodo
915 2737 1010 2756 secun-

224 2765 287 2792 dum
303 2766 403 2799 aliquid
420 2766 461 2791 sui
479 2766 605 2792 Christus
621 2766 709 2792 Γυμνὶι.
726 2764 830 2791 Possm.

259 2800 313 2836 (44)
331 2801 538 2834 "pacali-uror
556 2800 615 2827 τῶν
634 2799 756 2836 αἰώνων.
777 2800 870 2836 Allata
895 2799 1008 2827 δᾶνι-υἱο-

223 2833 282 2864 run:
296 2833 518 2871 aiitil/ztissinmm,
533 2836 606 2870 quod
622 2836 707 2870 magis
723 2835 820 2871 placet.
833 2833 916 2862 GALL.

1102 2273 1212 2309 Ἐπειδὴ
1225 2273 1279 2309 γὰρ
1292 2273 1373 2305 αὐτὸς
1388 2273 1425 2305 ὡς
1437 2273 1545 2309 ἀληθῶς
1559 2271 1593 2309 ἦν
1610 2282 1639 2300 τε
1662 2276 1709 2300 καὶ
1723 2274 1811 2306 ἔστιν,
1826 2276 1858 2301 ἐν

1063 2320 1134 2356 ἀρχῇ
1148 2320 1185 2346 ὢν
1205 2320 1273 2356 πρὸς
1294 2320 1339 2346 τὸν
1359 2320 1435 2351 Θεὸν,
1448 2320 1495 2346 καὶ
1515 2319 1580 2351 Θεὸς
1600 2319 1648 2351 ὢν,
1666 2321 1680 2346 ὁ
1701 2321 1858 2356 ἀρχιστρά-

1062 2374 1145 2401 τηγος
1159 2367 1206 2392 καὶ
1232 2365 1333 2401 ποιμὴν
1354 2366 1408 2392 τῶν
1421 2366 1481 2393 κατ’
1496 2366 1610 2401 οὐρανὸν
1620 2385 1627 2397 ,
1643 2363 1665 2400 ᾧ
1682 2367 1774 2393 πάντα
1796 2368 1857 2393 πεί-

1063 2411 1154 2438 θονται
1177 2413 1223 2438 καὶ
1249 2411 1398 2447 ὀμαρτοῦσι
1424 2413 1458 2438 τὰ.
1487 2412 1602 2446 λογικὰ,
1627 2412 1674 2438 καὶ
1699 2413 1857 2447 ποιμαίνων

1061 2459 1199 2490 εὐτάκτως
1224 2459 1271 2484 καὶ
1301 2457 1425 2494 ἀριθμῶν
1450 2458 1484 2485 τὰ
1513 2458 1602 2494 πλήθη
1629 2458 1684 2484 τῶν
1708 2460 1857 2494 μακαρίων

1061 2505 1194 2539 ἀγγέλων.
1207 2502 1290 2536 Οὗτος
1304 2504 1357 2540 γὰρ
1373 2505 1429 2536 ἴσος
1442 2505 1489 2531 καὶ
1502 2504 1604 2536 τέλειος
1621 2504 1738 2540 ἀριθμὸς
1753 2506 1857 2533 ἀθανάρ

1076 2583 1099 2597 ⁸⁵
1119 2581 1182 2607 Luc.
1205 2589 1250 2613 xv,
1270 2582 1296 2612 4,
1317 2581 1343 2608 ϐ.
1382 2582 1405 2598 ⁸⁵
1423 2581 1504 2609 Joan.
1526 2591 1545 2614 I,
1567 2583 1592 2610 1.

1099 2658 1155 2696 (45)
1178 2659 1349 2696 Ὰνιιὸείύων.
1370 2659 1529 2696 Infamiam.
1555 2660 1727 2696 subigensque
1748 2669 1758 2688 :
1779 2663 1855 2696 quod

1065 2693 1124 2720 Vat.
1139 2694 1314 2729 ὰναμορφῶν,
1333 2695 1479 2729 rcfurmans
1494 2700 1576 2729 atque
1597 2693 1762 2723 instaurans.
1783 2693 1854 2726 illud

1063 2729 1177 2763 propius
1198 2729 1308 2756 modum
1334 2730 1459 2764 attingit,
1481 2737 1535 2763 quo
1555 2738 1588 2757 ex
1606 2731 1662 2758 luto
1680 2732 1785 2765 aliquid
1810 2741 1855 2760 re-

1065 2764 1262 2800 lingiturzetsi
1290 2773 1343 2791 non
1371 2765 1488 2796 videtur,
1514 2766 1586 2799 quod
1608 2766 1663 2800 jam
1690 2764 1761 2793 testa
1790 2767 1852 2798 fuit.

1063 2799 1159 2837 quavis
1176 2799 1312 2837 inlusione
1326 2800 1351 2826 in
1368 2800 1416 2837 luti
1434 2801 1575 2827 materiam
1596 2801 1684 2837 subigi
1707 2810 1802 2837 posse,
1824 2811 1854 2832 ut

1061 2834 1123 2862 inde
1134 2842 1182 2862 vas
1195 2835 1373 2862 inslauretur.
1386 2834 1529 2862 COMBEFIS.
