1908 3078
213 118 245 146 71
702 118 731 146 S.
753 117 917 147 METIIODII
938 117 1091 146 EPlSCOPI
1111 118 1155 146 ΕΤ
1176 118 1357 148 MARTYRIS
1816 118 1852 146 72

211 177 268 205 alia
284 176 345 205 aliis
356 177 492 212 opposita.
509 177 563 205 vita
577 181 604 204 et
625 184 710 209 mors,
726 177 896 212 incorruptio
906 181 931 205 et
943 185 996 204 σοι-ι

1058 185 1107 213 μεν
1133 187 1187 214 γαρ
1211 187 1284 206 εστιν
1306 179 1410 216 ήζωὴ,
1433 178 1560 214 ἀνισότης
1575 178 1604 205 δὲ
1626 179 1643 214 ἡ
1665 177 1775 214 φθοράο
1803 179 1853 204 καὶ

212 223 314 258 ruptio.
328 222 432 250 Paritas
445 223 517 250 enim
535 227 577 250 est
593 223 646 249 vita
660 243 667 254 ,
695 223 834 257 impar-itas
862 231 925 250 vero
941 231 1003 251 cor-

213 268 305 302 ruptio
318 277 324 295 :
340 272 366 294 et
385 268 527 295 harmonia
543 268 664 303 quidem,
679 267 786 303 justitia
797 273 824 296 et
839 270 980 303 prudentia
993 278 1000 303 ;

212 313 274 348 ejus
286 321 350 340 vero
362 314 482 341 turbatio
494 318 521 341 et
534 315 716 345 dissonantia,
728 314 910 350 imprudentia
922 318 948 342 et
962 315 1003 342 in-

211 358 326 394 iustitia.
342 358 428 386 Homo
438 364 527 387 autem
543 360 613 387 inter
631 361 687 387 haec
709 361 825 391 merlius.
839 369 927 396 neque
942 361 1001 396 ipsa

208 403 326 439 justitia,
339 408 366 430 at
381 412 470 439 neque
487 405 620 440 injustitia
636 409 695 432 est:
714 405 761 432 sed
779 406 805 432 in
818 406 1002 441 incorruptio-

210 449 255 476 nis
274 457 306 476 ac
321 450 505 485 corruptionis
529 450 618 478 medio
642 451 824 483 constitutus,
844 452 878 479 ad
895 456 1001 479 utrum-

209 495 253 523 vis
267 495 364 522 horum
389 496 562 531 propendens
579 496 729 528 deﬂexerit,
744 497 771 524 in
787 497 847 532 ejus
861 497 933 532 quod
949 497 1000 524 oh-

211 541 324 569 tinuerit
338 542 440 568 dicitur
457 546 583 570 naturam
608 543 782 578 indolemque
795 543 946 571 transferri.
971 543 1000 571 Si

210 587 319 623 quidem
333 588 405 614 enim
418 588 444 614 in
457 589 661 624 corruptionem
680 589 877 622 declinaverit,
906 597 1000 617 corru—

209 633 297 669 ptioni
310 634 445 662 obnoxius
459 641 491 661 ac
506 635 629 662 mortalis
644 635 750 668 evadit;
769 635 811 662 sin
827 635 854 662 in
875 636 1000 663 incorru-

209 678 342 714 ptionem,
355 679 569 714 incorruptibilis
585 684 612 706 et
627 679 799 707 immortalis.
826 680 855 706 In
881 679 1000 707 eontinio

209 726 311 760 quippe
326 725 432 760 positus
447 725 554 753 arboris
565 725 626 752 vitae
636 730 662 752 et
676 725 798 753 scicntia:
809 725 873 752 boni
887 729 914 753 et
923 725 998 757 mali,

211 771 343 799 utriusvis
361 779 439 806 poma
455 771 603 806 gustaverit
624 771 656 804 ⁸⁸,
674 772 701 798 in
717 771 778 806 ejus
793 771 907 798 formam
923 779 996 799 eom-

211 821 344 849 mutatur,
359 825 422 844 cum
438 825 524 852 neque
536 817 592 853 ipse
616 818 718 853 lignum
732 818 811 849 vitae,
836 825 925 853 neque
938 825 999 845 cor-

1056 223 1173 258 ἁρμονία
1192 225 1242 260 μὲν
1256 225 1273 260 ἡ
1294 225 1450 260 δικαιοσύνη
1471 225 1518 252 καὶ
1541 225 1558 260 ἡ
1580 224 1711 260 φρόνησις
1725 243 1733 255 ,
1760 224 1853 258 ἀναρ-

1057 270 1153 305 μοστία
1172 270 1200 297 δὲ
1253 271 1391 307 ἀφροσύνη
1406 271 1453 298 καὶ
1477 272 1494 306 ἡ
1509 270 1609 297 ἀδικία.
1632 271 1661 296 Ὀ
1685 270 1712 296 δὲ
1741 269 1855 304 ἀνθρω-

1056 325 1115 348 πος,
1135 317 1235 344 τούτων
1253 317 1289 344 ὢν
1304 317 1416 352 μεταξὺ,
1428 316 1488 343 οὔτε
1501 316 1566 343 αὐτὸ
1579 316 1658 343 τοῦτο
1673 315 1851 349 δικαιοσύνη,

1054 362 1115 389 οὔτε
1132 364 1185 399 μὴν
1200 364 1273 390 ἐστιν
1291 363 1396 390 ἁδικία”
1410 363 1478 390 ἀλλὰ
1492 362 1541 397 τῆς
1560 362 1713 398 ἀφθαρσίας
1726 362 1756 387 ὲν
1771 360 1852 396 μέσῳ

1055 409 1180 446 βεϐηκὼς
1194 410 1240 436 καὶ
1254 409 1304 445 τῆς
1321 409 1434 444 φθορᾶς,
1447 409 1486 440 είς
1498 409 1625 444 ὁπότερον
1639 409 1730 435 αὐτῶν
1746 406 1851 437 νεύσας

1054 456 1203 492 προσκλιθῇ
1226 456 1299 491 (48),
1324 457 1363 488 εἰς
1388 457 1438 491 τὴν
1464 455 1511 482 τοῦ
1545 457 1731 491 κρατήσαντος
1762 461 1852 488 μετα-

1054 501 1198 528 ϐάλλεσθαι
1211 502 1319 536 λέγεται
1335 501 1423 536 φύσιν.
1448 501 1589 532 Ἐχκλίνας
1605 500 1654 535 μὲν
1667 499 1722 535 γὰρ
1740 500 1783 530 εἰς
1798 498 1851 533 τὴν

1054 547 1177 584 φθορὰν,
1206 547 1325 583 φθαρτὸς
1353 547 1457 582 γίνεται
1479 547 1525 573 καὶ
1546 545 1656 581 Θνητός·
1679 546 1718 576 εἰς
1742 544 1772 571 δὲ
1797 544 1850 579 τὴν

1053 594 1217 630 ἀψοαρσίαν,
1240 594 1377 630 ἄφθαρτος
1391 593 1446 630 (49)
1466 594 1512 620 καὶ
1544 592 1685 623 ἀθάνατος.
1708 590 1849 626 Μεθόριον

1053 639 1107 676 γὰρ
1119 640 1165 666 τοῦ
1183 641 1231 676 τῆς
1247 640 1319 675 ζωῆς
1339 640 1428 674 ξύλου,
1449 638 1551 666 καὶτοῦ
1573 637 1694 672 γνωστοῦ
1712 636 1801 663 καλοῦ
1816 644 1849 662 τε

1054 686 1101 712 καὶ
1114 686 1232 722 πονηροῦ
1251 685 1347 717 τιθεὶς,
1361 682 1446 721 οὗπερ
1460 684 1631 718 ἀπεγεύσατο
1645 682 1701 709 τῶν
1715 681 1847 717 καρπῶν,

1052 732 1092 762 εἰς
1104 731 1153 766 τὴν
1168 730 1264 758 τούτου
1286 732 1333 758 καὶ
1351 729 1501 766 μετεϐλήθη
1518 730 1639 765 μορφήνο
1664 728 1728 754 οὔτε
1749 727 1780 753 τὸ
1796 726 1849 759 τῆς

1053 776 1124 812 ζωῆς
1143 777 1220 810 ξύλον
1243 778 1322 809 αὐτὸς
1346 776 1393 808 ὢν,
1415 776 1476 803 οὔτε
1500 777 1530 802 τὸ
1556 775 1606 810 τῆς
1631 774 1751 809 φθορᾶςθ
1777 772 1848 799 ἀλλὰ

1054 826 1154 860 μετοχῇ
1185 825 1233 860 μὲν
1258 826 1304 851 καὶ
1327 825 1462 860 παρουσίᾳ
1484 824 1585 859 φθορᾶς
1607 823 1703 858 θνητὸς
1727 821 1846 856 φανείς·

210 863 347 898 ruptionis
363 863 494 890 exsistat:
512 863 558 890 sed
576 863 623 898 qui
635 863 820 898 corruptionis
834 864 996 892 conuuerciu

1051 870 1255 906 προσοικειώσει
1272 871 1300 898 δὲ
1324 872 1370 897 καὶ
1389 871 1485 906 ἀλοιιξῇ
1511 869 1583 904 ζωῆς
1602 869 1742 905 ἄφθαρτος
1763 867 1847 893 τάλιν

209 912 237 936 ct
253 910 415 944 praesentia,
439 909 562 937 mortalis
589 913 773 943 monstretur;
796 910 998 938 necessitudine

208 963 275 983 vero
286 959 313 983 et
330 956 472 990 complexu
490 955 566 986 vitm,
596 956 814 991 incorruptibilis
838 964 948 983 rursum
967 964 998 984 ac

209 1001 371 1028 immortalis
382 1001 575 1033 euiteat;sicut
587 1005 614 1028 et
628 1000 728 1028 Paulus
748 1001 853 1033 docuit,
871 1001 966 1029 dicens
989 1011 995 1029 :

209 1045 272 1074 Non
295 1048 365 1074 enim
381 1047 512 1081 corruptio
531 1047 673 1082 possidebit
701 1048 934 1082 incorruptionem,
951 1056 997 1075 ne-

206 1100 257 1128 que
270 1102 339 1120 mars
348 1093 429 1120 vitam
444 1094 466 1109 "'
477 1102 486 1120 :
501 1094 704 1128 corruptionem
719 1094 827 1129 quidem
842 1099 868 1122 et
881 1098 996 1122 mortem

207 1140 305 1167 merito
315 1143 440 1168 statuens
466 1139 489 1167 id
505 1140 576 1175 quod
593 1140 746 1175 corrumpit
776 1144 858 1175 atque
885 1140 996 1171 occidit,

208 1193 261 1213 non
278 1186 350 1221 quod
368 1187 554 1220 corrumpitur
565 1189 646 1213 autve
659 1185 773 1212 moritur
789 1195 795 1213 :
814 1187 851 1213 uti
862 1190 889 1213 et
904 1187 997 1213 incor-

207 1233 360 1266 ruptionem
377 1235 404 1259 et
426 1231 508 1258 vitam
522 1251 528 1262 ,
541 1231 630 1266 ipsum
646 1230 718 1266 quod
733 1231 887 1259 immortale
907 1237 934 1259 et
955 1231 996 1259 vi-

208 1284 272 1304 vum
284 1281 405 1312 prmstal,
421 1284 475 1304 non
491 1276 562 1311 quod
580 1276 785 1304 immortalitate
801 1281 828 1304 et
845 1278 898 1304 vita
911 1278 997 1305 dona-

207 1326 264 1351 tur.
296 1322 387 1356 Quare
425 1330 513 1357 neque
543 1322 746 1350 inconcinnitas
773 1330 822 1349 nec
854 1323 996 1359 iuiparitas

209 1369 289 1396 homo
299 1374 352 1400 est,
369 1377 456 1404 neque
472 1369 536 1396 item
565 1370 667 1404 paritas
689 1373 716 1396 et
729 1370 902 1398 concinnitas
916 1380 922 1397 :
947 1371 996 1398 s:-d

209 1415 254 1443 ubi
270 1415 512 1443 inconcinnitatem
537 1415 799 1450 (praevaricationem
817 1417 922 1444 scilicet
933 1425 997 1451 pec-

207 1461 364 1496 catumque)
373 1461 494 1492 admisit,
511 1461 693 1489 inconcinnus
704 1462 888 1498 deformisque
898 1463 995 1496 evasit;

208 1508 254 1535 ubi
271 1515 336 1535 vero
344 1507 514 1535 harmoniam
530 1515 562 1535 ac
571 1509 782 1536 concinnitatem
799 1508 996 1544 (nempejusti-

1054 918 1101 944 καὶ
1115 917 1261 950 ἀθάνατος·
1277 917 1371 954 ὥσπερ
1390 918 1436 944 καὶ
1453 919 1467 944 ὁ
1485 917 1589 949 Παῦλος
1609 916 1723 949 ἐδίδαξε,
1737 914 1845 949 λέγων·

1053 965 1094 991 Οὺ
1118 966 1173 1003 γὰρ
1193 965 1212 998 ἠ
1235 964 1329 998 μθορὰ
1343 963 1563 998 κληρονομήσει
1580 963 1636 997 τὴν
1651 962 1844 997 ἀφθαρσίαν,

1051 1009 1122 1037 οὐδὲ
1137 1012 1152 1036 ό
1169 1009 1296 1043 θάνατος
1310 1010 1367 1045 τὴν
1381 1010 1456 1044 ζωήν
1466 1019 1472 1026 ·
1490 1010 1591 1046 φθορὰν
1607 1010 1655 1044 μὲν
1669 1010 1716 1036 καὶ
1727 1009 1846 1035 θάνατον

1051 1055 1116 1082 αὐτὸ
1136 1054 1166 1082 τὸ
1183 1056 1292 1092 φθεῖρον
1304 1057 1464 1092 ὁρισάμενος
1481 1056 1565 1082 εἰκότι
1583 1055 1654 1090 λόγῳ
1672 1056 1720 1081 καὶ
1734 1056 1765 1081 τὸ
1776 1055 1847 1081 ἀπο-

1051 1103 1165 1135 κτεῖνον,
1178 1102 1234 1129 ἀλλ’
1244 1103 1274 1128 οὐ
1290 1103 1321 1129 τὸ
1335 1102 1511 1138 φθειρόμενον
1524 1103 1570 1129 καὶ
1586 1102 1702 1137 θνῆσκον
1713 1109 1720 1117 ⁸
1736 1101 1846 1137 ἀφθαρ-

1052 1149 1112 1175 σίαν
1127 1149 1155 1175 δὲ
1173 1149 1219 1175 κα)⁸
1233 1148 1305 1184 ζωὴν
1322 1149 1387 1176 αὐτὸ
1401 1149 1430 1175 τὸ
1442 1149 1604 1181 ἀθανατίζον
1619 1149 1666 1175 καὶ
1681 1147 1842 1181 ζωοποιοῦν,

1051 1193 1107 1220 ἀλλ’
1127 1194 1156 1220 οὐ
1176 1194 1206 1220 τὸ
1222 1194 1450 1230 ἀθανατιζὸμενον
1463 1194 1510 1220 καὶ
1523 1193 1746 1229 ξωοποιούμενον.
1761 1194 1844 1220 Ὥστε

1051 1239 1112 1266 οὔτε
1137 1241 1308 1276 ἀναρμοστία
1327 1241 1375 1267 καὶ
1401 1241 1527 1275 ἀνισότης
1552 1242 1566 1267 ὸ
1586 1240 1729 1276 ἄνθρωπός
1749 1241 1841 1271 ἐστιν,

1051 1287 1112 1314 οὒτε
1130 1288 1182 1324 μὴν
1199 1288 1291 1324 ἰσότης
1306 1287 1353 1315 καὶ
1369 1287 1537 1323 εὐαρμοστία
1549 1296 1555 1302 ·
1581 1287 1637 1314 ἀλλ’
1651 1288 1695 1314 ὅτε
1715 1287 1765 1322 μὲν
1780 1286 1841 1313 ἐδέ-

1051 1334 1114 1368 ξατο
1130 1335 1178 1370 τὴν
1189 1334 1384 1370 ἀναρμοστίαν,
1399 1334 1480 1369 (ὅπερ
1491 1333 1549 1360 ἐστὶ
1562 1333 1610 1369 τὴν
1626 1333 1780 1369 παράϐασιν
1794 1332 1842 1359 καὶ

1049 1381 1099 1416 τὴν
1115 1380 1281 1415 ἁμαρτίαν.)
1297 1379 1407 1414 γέγονεν
1431 1379 1600 1415 ἀνάρμοστος
1621 1379 1668 1406 καὶ
1694 1379 1839 1414 ἀπρεπήςθ

1049 1427 1094 1453 ὅτε
1115 1426 1142 1453 δὲ
1154 1427 1202 1462 τὴν
1224 1426 1366 1462 ἁρμονίαν,
1385 1426 1507 1453 τουτέστι
1523 1425 1571 1460 τὴν
1591 1424 1774 1461 δικαιοσύνην,
1796 1425 1842 1459 γέ-

1050 1480 1128 1506 γονεν
1150 1471 1318 1508 εὐάρμοστον
1344 1471 1458 1506 ὄργανον
1485 1471 1532 1497 καὶ
1555 1470 1708 1506 εὐπρεπές·
1725 1471 1800 1502 ὅπως
1825 1471 1841 1496 ὁ

1051 1517 1163 1553 Κύριος,
1179 1518 1195 1551 ἡ
1210 1517 1350 1553 ἁφθαρσία
1368 1516 1504 1552 νικήσασα
1521 1516 1566 1542 τὸν
1581 1515 1707 1547 θάνατον,
1724 1516 1840 1550 εὑήχως,

207 1553 462 1588 liam),concinnum
475 1560 608 1588 organum
632 1553 786 1588 decensque
800 1552 912 1581 clfectus
928 1557 970 1580 est
987 1563 994 1581 :

1050 1563 1095 1599 τὴν
1107 1564 1255 1590 ἀνάστασιν
1271 1563 1412 1598 μελῳδήσῃ
1437 1563 1469 1597 τῇ
1487 1563 1577 1599 σαρκὶ,
1596 1562 1633 1597 μὴ
1649 1562 1734 1594 ἐάσας
1756 1561 1841 1596 αὐτὴν

206 1607 262 1635 quo
286 1599 391 1626 scilicet
409 1598 540 1626 Dominus
563 1600 672 1633 (mortis
687 1600 732 1626 illa
749 1599 847 1626 victrix
870 1599 996 1626 incorru-

206 1647 274 1683 ptio)
291 1655 390 1674 sonore
404 1647 634 1675 resurrectionem
650 1647 726 1675 carni
743 1646 913 1678 moduletur,
941 1654 996 1674 non

207 1693 301 1721 sinens
317 1700 376 1720 eam
392 1701 488 1720 rursus
505 1692 638 1728 possideri
654 1701 668 1720 a
681 1693 866 1736 corruptione.
892 1693 930 1720 De
945 1693 998 1720 hoc

205 1747 315 1775 quoque
329 1739 418 1774 capite
432 1739 500 1766 satis
515 1739 648 1767 hactenus
669 1740 770 1767 dictum
784 1744 836 1767 est.

1050 1609 1285 1645 κληρονομηοῆναι
1305 1609 1386 1635 πάλιν
1400 1608 1452 1635 ὑπὸ
1466 1609 1516 1643 τῆς
1537 1609 1649 1644 φθορᾶς.
1662 1609 1718 1635 Καὶ
1735 1608 1786 1644 μὲν
1808 1607 1840 1643 δὴ

1051 1656 1097 1682 καὶ
1113 1656 1176 1691 περὶ
1194 1656 1294 1682 τούτων
1311 1655 1397 1682 ταῦτα
1410 1655 1460 1691 ἤδη
1477 1654 1607 1690 λελέχθω.

205 1799 270 1827 CAP.
285 1797 352 1826 Vill.
367 1798 510 1831 Sapientia:
521 1806 580 1826 ossa
597 1785 706 1826 etcaro.
722 1798 804 1826 Costa
818 1806 849 1825 τίς
863 1807 913 1833 qua
927 1798 1043 1832 formata
1058 1797 1190 1831 spiritalis
1206 1796 1270 1828 Eva,
1289 1796 1406 1832 Spiritus
1422 1802 1541 1824 sanctus.
1560 1796 1625 1823 Adw
1640 1797 1764 1832 adjutrix
1784 1806 1841 1825 mu-

757 1835 815 1866 lier,
836 1834 971 1867 de..ponsw
990 1833 1095 1860 Christo
1111 1834 1235 1864 rirqines.

243 1891 455 1920 Praestruximus
469 1892 541 1920 enim
558 1901 612 1920 non
629 1893 736 1920 levibus
752 1901 783 1920 ex
797 1892 938 1928 Scriptura
951 1900 997 1927 pc-

204 1937 264 1966 t'ttis
279 1939 446 1969 rationibus.
475 1939 593 1974 primum
624 1939 761 1966 hominem
781 1943 853 1966 recte
873 1939 901 1965 in
917 1938 998 1965 Chri-

206 1988 279 2012 stum
294 1985 388 2012 referri
401 1993 491 2020 posse,
503 1985 550 2020 qui
577 1993 630 2012 non
647 1986 703 2020 jam
723 1984 808 2020 figura
831 1989 857 2012 et
885 1985 998 2012 simula-

206 2038 283 2057 crum
296 2034 377 2064 atque
392 2031 481 2065 imago
497 2030 634 2066 Unigeniti
648 2031 693 2062 sit,
707 2031 753 2058 sed
765 2035 794 2058 et
813 2030 866 2057 hoc
888 2031 977 2066 ipsum
988 2050 995 2062 ,

207 2075 346 2110 Sapientia
363 2075 537 2111 Verbumque
552 2077 682 2103 evaserit.
704 2077 795 2104 lnstar
818 2077 891 2104 enim
919 2084 996 2111 aquae

205 2122 367 2149 commistus
390 2121 471 2149 homo
488 2123 628 2157 sapientia:
655 2130 687 2150 ac
711 2123 793 2155 vitae,
826 2122 877 2150 hoc
905 2122 996 2151 factus

203 2171 258 2200 est,
271 2167 341 2203 quod
357 2158 474 2195 eratilla
490 2169 548 2203 ipsa
564 2169 712 2204 purissima
734 2169 780 2196 lux
805 2177 865 2204 qua
885 2169 913 2196 in
931 2177 993 2197 eum

204 2215 290 2242 venit.
311 2213 388 2242 Unde
402 2215 550 2250 Apostolus
579 2220 652 2244 recte
674 2215 707 2243 ad
723 2215 861 2244 Christum
891 2215 992 2243 direxit
1009 2212 1032 2239 D

240 2293 264 2310 ⁸⁸
284 2293 350 2321 Gen.
381 2302 409 2326 It,
430 2294 457 2321 9.
495 2295 518 2310 δ’
542 2293 556 2321 1
572 2294 634 2322 Cor.
657 2303 701 2327 xv,
729 2294 774 2322 50.

240 2350 494 2387 (£8)[Ipoo'x.1t0ﬁ.
514 2352 553 2378 lla
568 2359 618 2387 ms.
631 2353 692 2380 cod.
711 2349 810 2380 Maiar.
828 2352 993 2381 etAllatius.

203 2388 239 2415 At
253 2386 353 2423 vatio"
368 2387 556 2423 περικαμφϐῇ.
572 2386 715 2415 Οοιιιει-ις,

240 2422 297 2457 (49)
315 2422 486 2457 Ἀφθαρτος.
499 2422 625 2453 Allatius.
643 2423 762 2458 ἄφθιτος.
779 2423 817 2450 In.

204 2492 214 2521 1
243 2458 301 2493 (50)
318 2460 448 2493 οἰκείως.
475 2458 526 2486 Ms.
552 2458 650 2485 Mazar.
677 2467 738 2486 eum
761 2459 855 2491 Allat.,
873 2458 994 2490 δικαίως.

217 2501 243 2521 ι).

217 2501 243 2522 D.

242 2528 297 2563 (5i)
311 2528 415 2556 οὐκέτι
432 2529 526 2561 τύπος
539 2528 591 2556 ὧν.
610 2528 648 2556 De
659 2528 771 2556 Christo
785 2529 853 2557 satis
868 2529 997 2563 intelligi-

205 2568 261 2593 tur.
277 2564 326 2590 etsi
344 2565 417 2590 nulla
432 2564 647 2591 substantiarum
657 2564 829 2595 confusione,
845 2564 892 2591 sed
907 2565 994 2591 solum

207 2598 246 2632 τῷ
262 2599 322 2634 καθ’
335 2598 494 2626 ὑπόστασιν.
517 2598 555 2626 De
571 2599 674 2626 Adamo
690 2607 764 2629 vero.
784 2599 865 2634 idque
879 2602 993 2626 necdum

208 2633 322 2667 gratiam
335 2641 382 2668 per
395 2634 535 2662 Christqu
554 2638 712 2665 consecuto,
729 2634 777 2662 sed
794 2633 840 2661 Dei
854 2635 911 2661 sola
927 2635 996 2661 libe-

207 2668 324 2700 ralitate,
339 2670 384 2703 qui
397 2677 468 2697 unus
479 2670 536 2704 ipse
552 2670 612 2704 ejus
622 2670 727 2697 ordinis
743 2675 836 2696 auctor
846 2670 992 2698 exstiterit.

207 2704 344 2740 quomodo
361 2712 413 2730 non
430 2705 531 2731 Christi
551 2705 636 2739 figura
661 2713 692 2732 ac
716 2706 930 2740 reprmsentatio,
945 2704 993 2731 sed

207 2737 260 2765 hnc
275 2737 362 2772 ipsum
378 2740 449 2773 quod
466 2740 551 2773 Λόγος
571 2737 598 2767 in
620 2741 709 2774 ipsum
727 2737 875 2767 adveniens
891 2748 922 2766 ac
938 2739 995 2774 ipse

208 2780 301 2810 revera
313 2773 443 2810 Christus
455 2775 602 2805 exstiterit,
617 2773 648 2802 ac
659 2776 732 2802 velut
744 2778 796 2802 hoc
807 2776 844 2802 illi
857 2775 994 2810 peculiare

207 2808 260 2839 sit;
277 2807 393 2845 hincque
413 2809 480 2836 adeo
503 2810 536 2835 ad
552 2810 691 2837 Christum
707 2811 785 2844 quasi
802 2807 993 2845 per—identita-

209 2847 262 2870 teni
278 2843 422 2875 referatur,
442 2844 484 2871 vel
501 2845 581 2872 aliter
593 2853 674 2878 quam
694 2843 781 2873 sancti
796 2843 903 2881 reliqui,
920 2845 992 2872 aeui-

1086 1892 1330 1928 Προγεγύμνασται
1356 1892 1411 1928 γὰρ
1431 1892 1498 1926 μετὰ
1516 1892 1670 1919 συστάσεων
1687 1892 1737 1919 οὐκ
1756 1891 1839 1919 εὐκα-

1047 1939 1224 1974 ταφρονήτων
1236 1940 1267 1964 ὲκ
1282 1939 1330 1973 τῆς
1349 1938 1472 1974 Γραφῆς,
1485 1937 1522 1969 ὡς
1534 1938 1587 1973 ἄρα
1598 1939 1612 1964 ὁ
1629 1937 1840 1973 πρωτόπλαστος

1047 1985 1155 2016 οἰκείως
1171 1984 1225 2020 (50)
1242 1985 1281 2016 εἰς
1296 1985 1377 2011 αὑτὸν
1392 1984 1574 2020 ἀναφέρεσθαι
1589 1984 1698 2010 δύναται
1713 1983 1760 2010 τὸν
1774 1984 1840 2018 Χρι-

1049 2032 1120 2063 στὸν,
1135 2031 1226 2058 οὐκέτι
1238 2031 1321 2063 τύπος
1332 2030 1369 2057 ὢν
1383 2030 1437 2065 (Si)
1455 2030 1502 2057 καὶ
1517 2030 1676 2065 ἁπείκασμσ.
1698 2030 1780 2065 μόνον
1793 2030 1838 2056 καὶ

1051 2078 1132 2105 εἰκὼν
1147 2077 1194 2104 τοῦ
1210 2077 1395 2111 Μονογενοῦς,
1417 2076 1484 2103 ἀλλὰ
1503 2077 1551 2102 καὶ¹
1571 2077 1636 2103 αὐτὸ
1651 2075 1733 2102 τοῦτο
1760 2076 1839 2110 σοφία

1049 2125 1168 2158 γεγονὼς
1183 2124 1230 2150 καὶ
1246 2123 1340 2156 Λόγος.
1353 2122 1437 2158 Δίκην
1455 2121 1510 2158 γὰρ
1530 2122 1624 2154 ὓδατος
1641 2122 1838 2158 σντκερασθεὶς

1047 2170 1062 2196 ὁ
1078 2169 1220 2204 ἄνθρωπος
1230 2171 1263 2205 τῇ
1277 2169 1358 2204 σοφίᾳ
1374 2170 1421 2195 καὶ
1436 2170 1469 2204 τῇ
1482 2169 1549 2204 ζωῇ,
1559 2168 1637 2195 τοῦτο
1647 2169 1760 2203 γέγονεν
1770 2169 1837 2204 ὅπερ

1046 2213 1079 2251 ἦν
1100 2215 1165 2242 αὐτὸ
1187 2215 1217 2241 τὸ
1237 2215 1276 2247 εἰς
1289 2215 1369 2242 αὑτὸν
1389 2215 1599 2250 ὲγκατασκῆψαν
1627 2215 1745 2248 ἄκρατον
1770 2215 1835 2249 φῶς.

1047 2350 1172 2378 dentario
1191 2349 1264 2378 dono
1283 2351 1385 2386 gratiae,
1408 2358 1461 2385 qua
1483 2350 1520 2377 dii
1535 2350 1738 2386 quodammodo
1755 2351 1836 2379 eﬂici-

1049 2394 1122 2418 mur,
1147 2386 1239 2413 divino
1266 2386 1292 2413 in
1319 2387 1399 2414 nobis
1426 2387 1529 2413 semine
1555 2387 1581 2413 in
1609 2386 1736 2414 deitatem
1763 2387 1835 2414 aucti

1049 2421 1199 2449 secundum
1223 2425 1331 2448 tenuem
1359 2421 1504 2456 quamdam
1533 2421 1726 2452 imitationem,
1755 2430 1835 2450 unam

1050 2457 1136 2491 ipsam
1152 2462 1247 2483 contra
1263 2456 1605 2492 unionenrhypostaticam
1622 2457 1741 2492 hominis
1753 2458 1837 2492 possi-

1050 2492 1143 2523 hilem,
1161 2499 1215 2518 non
1237 2491 1316 2518 video
1340 2495 1369 2518 ut
1393 2491 1545 2518 Mcthodius
1569 2500 1603 2518 ex
1626 2491 1768 2526 Scriptura
1789 2493 1835 2519 ha-

1049 2527 1148 2560 buerit,
1166 2531 1212 2554 aut
1229 2527 1344 2554 suadere
1360 2527 1456 2561 possit.
1479 2527 1689 2562 ’Avdpvnatgﬁd
1706 2532 1748 2555 est
1767 2536 1835 2554 cam-

1049 2561 1215 2596 memoratio)
1230 2562 1326 2589 mortis
1338 2562 1441 2590 Christi
1456 2562 1569 2597 ejusque
1583 2561 1720 2597 passionis
1738 2571 1795 2597 Ipsa
1808 2566 1834 2590 et

1048 2598 1075 2624 in
1091 2598 1236 2632 baptismo,
1252 2598 1279 2624 in
1297 2605 1350 2632 quo
1367 2598 1394 2624 in
1409 2598 1468 2630 ejus
1479 2603 1592 2624 mortem
1604 2598 1776 2632 intingimur,
1788 2606 1832 2625 seu

1048 2633 1121 2659 illam
1139 2633 1333 2660 adumbramus
1352 2642 1358 2660 :
1376 2633 1403 2660 in
1420 2633 1588 2660 Eueharistia
1602 2641 1666 2660 vero
1680 2634 1832 2668 augustius.

1049 2668 1076 2694 in
1095 2676 1149 2702 qua
1164 2669 1252 2694 nostri
1267 2668 1332 2695 Adae
1348 2668 1474 2700 ἔκστασις
1489 2672 1516 2694 et
1532 2675 1614 2702 sopor
1631 2672 1706 2696 totus
1723 2669 1833 2703 mystice

1044 2704 1196 2738 peragitur,
1214 2711 1245 2729 ac
1257 2711 1322 2730 num
1335 2712 1382 2738 per
1396 2703 1536 2730 κοινωνίαν
1552 2703 1717 2738 peculiarius
1733 2704 1831 2731 Methov

1048 2738 1109 2764 dius
1135 2738 1256 2766 indicare
1278 2739 1412 2766 voluerit?
1430 2741 1456 2765 in
1472 2746 1525 2773 qua
1541 2739 1634 2774 utique
1650 2745 1765 2766 mortem
1783 2738 1833 2766 Do-

1048 2774 1126 2805 mini,
1144 2773 1202 2809 ipsa
1222 2774 1282 2808 ejus
1307 2773 1462 2808 sumptioue
1486 2775 1557 2810 (qum
1576 2774 1679 2810 pridem
1700 2775 1832 2810 baptismo

1046 2816 1138 2836 comes
1154 2809 1222 2844 erat)
1241 2816 1498 2845 commemoramus,
1515 2809 1567 2842 vel,
1585 2813 1614 2836 ut
1627 2809 1729 2837 Paulus
1749 2810 1832 2845 loqui-

1045 2847 1101 2877 tur,
1115 2846 1320 2871 annuntiamus.
1336 2843 1374 2870 In.
