1908 3078
43 101 89 131 ιω

594 105 786 134 εοΝνινιωι
807 105 919 134 DECEM
940 106 1116 134 VlliGlNUM.

1611 108 1662 136 uo

41 160 113 195 μετὰ
128 158 163 186 τὸ
179 160 409 196 θυσιαστήριον
431 163 465 190 τὸ
486 165 780 203 περικεχαλκωμένον
797 166 831 198 εις

891 165 1027 193 balantem
1041 165 1154 193 Domino
1168 175 1174 193 :
1191 165 1285 194 Facies
1296 167 1378 198 enim.
1391 166 1477 202 inquit
1486 168 1518 201 ",
1530 168 1592 195 mihi
1605 174 1662 202 post

43 206 77 232 τὰ
91 205 340 241 ὁλοκαυτώματα,
354 204 380 241 ᾧ
395 209 602 244 ἀνεκομίζοντο
617 212 646 238 al
660 211 836 245 npooyopal,

45 252 119 279 (£1.10
129 253 355 287 θυσιαστήριον
368 255 404 287 ἐξ
419 255 563 289 ἁσήπτων
574 255 683 288 ξύλων,
696 256 744 282 καὶ
754 264 839 282 κατα-

47 296 215 330 χρυσώσεις
237 298 312 325 αὐτὸ
333 301 461 334 χρυσίῳ,
478 301 526 327 καὶ
547 300 652 334 δώσεις
670 301 742 328 αὐτὸ
763 300 836 328 ἀπέ-

46 351 128 369 rare:
143 344 200 370 τοῦ
216 346 496 381 καταπετάσματος,
514 347 566 373 τοῦ
577 347 625 374 ἐπὶ
641 346 695 380 τῆς
712 347 834 374 κιϐωτοῦ

46 389 96 416 τοῦ
112 391 284 424 μαρτιιρίου
301 392 377 418 κατὰ
400 393 559 426 πρόσωπον
578 392 631 420 τοῦ
652 393 836 427 ἱλαστηριου,

45 435 61 461 ὅ
74 436 162 462 ἐστιν
176 436 229 462 ἐπὶ
247 437 307 463 τῶν
320 439 499 472 μαρτυρίων,
516 438 550 465 ἐν
568 437 613 472 οἷς
628 438 838 474 γνωσθήσομαί

43 490 92 508 σοι
107 482 182 510 ἐκεῖ.
196 484 253 510 Καὶ
269 484 406 518 θυμιάσει
420 485 465 511 ἐπ’
478 485 570 512 αὑτοῦ
587 485 698 519 Ἀαρὼν
710 486 838 520 θυμίαμα

43 527 211 562 ἀρωμάτων
227 529 263 555 ὲν
278 529 361 563 πρωῒ,
381 529 430 557 ὅτε
442 530 573 566 ἀγαθύνῃ
591 531 661 565 τοὺς
683 532 817 566 λύχνους
828 539 836 547 ⁵

44 574 187 608 Grauios:
210 576 259 602 ἐπ’
281 576 373 603 αὑτοῦ
392 578 521 612 θυμίαμα
548 577 709 611 διαπαντὸς
736 578 836 605 ἔναντι

43 621 158 653 Kvpc’ov
172 622 218 655 εἷς
233 622 287 655 τὰς
301 623 404 657 γενεὰς
425 622 507 657 ὑμῶν
518 631 524 639 ·
547 625 602 651 οὐκ
617 624 768 651 ἀνοίσεται
788 624 835 650 ἐπ’

43 666 138 693 αὐτοῦ
154 667 289 702 multum
299 669 458 702 ἀλλότριον
480 669 528 696 καὶ
552 670 752 704 ὀλοκαύτωμα.
780 671 834 697 Θυ-

43 712 118 738 σίαν
131 711 185 739 καὶ
199 713 342 748 σπονδὴν
355 715 391 741 οὐ
404 715 558 741 σπεῐσεται
572 715 618 742 ἐπ’
633 715 736 743 αὑτοῦ.

891 212 974 239 altare
987 213 1182 240 circumtectum
1196 221 1257 244 αντε,
1271 213 1303 240 ad
1315 213 1468 241 holocausta
1478 222 1528 249 quo
1540 214 1664 249 deferun-

890 263 934 285 tur
953 259 1108 290 oblationes,
1121 259 1195 286 aliud
1209 260 1294 286 altare
1312 267 1344 286 ex
1358 260 1562 294 imputribilibus
1573 262 1662 296 lignis.

889 309 913 331 et
926 304 1067 332 deaurabis
1078 305 1144 332 illud
1160 313 1235 336 aura,
1251 309 1275 331 et
1291 305 1367 331 dabis
1382 305 1448 332 illud
1474 306 1501 332 in
1527 312 1664 341 conspectu.

889 349 947 382 veli,
963 350 1031 385 quod
1045 355 1083 378 est
1103 359 1180 386 super
1206 359 1296 378 arcam
1316 351 1466 383 testimonii,
1492 357 1552 379 ante
1569 353 1663 387 facient

887 397 1076 431 propitiatorii,
1095 397 1163 431 quod
1178 402 1214 424 est
1236 405 1315 431 supra
1335 398 1495 429 testimonia.
1519 398 1546 425 in
1568 399 1662 433 quibus

888 442 1076 476 manifestabor
1092 443 1136 468 tibi
1153 442 1218 470 illic.
1231 442 1265 469 Et
1277 443 1390 470 adolebit
1405 452 1483 478 super
1496 444 1562 470 illud
1573 445 1663 472 Aaron

887 488 1020 514 incensum
1038 485 1190 515 aromatum
1207 497 1291 520 mane,
1317 488 1420 529 quando
1443 489 1605 517 concinnabit
1621 490 1664 517 lu-

888 542 979 561 cernas
999 541 1008 560 :
1031 534 1145 561 adolebit
1171 543 1248 569 super
1268 535 1335 562 illud
1356 535 1490 562 incensum
1511 543 1608 570 semper
1634 537 1663 564 in

888 584 1024 614 conspectu
1036 579 1142 606 Domini
1157 581 1183 606 in
1193 581 1369 615 generationes
1387 586 1485 608 uestras
1506 589 1515 608 .'
1530 589 1581 608 non
1598 581 1662 615 infe-

888 631 927 653 ret
945 634 1021 660 super
1034 626 1099 653 illud
1110 626 1242 654 incensum
1255 627 1368 654 alienum
1379 632 1403 654 et
1416 628 1605 656 holocaustum.
1615 626 1664 656 Str

887 672 1016 707 criﬁcium
1028 677 1052 699 et
1063 672 1174 699 libamen
1189 681 1240 700 non
1257 672 1347 699 libabit
1363 680 1439 707 super
1450 674 1544 708 ipsum.

380 783 447 812 Car.
463 783 518 812 Vll.
536 784 665 818 Ecclesia,
681 785 767 813 media
780 786 848 813 inter
863 785 957 820 legales
972 785 1078 813 umbras
1091 790 1117 812 et
1131 785 1187 812 cali
1199 787 1329 814 veritates.

76 852 110 879 El
127 852 143 878 6
160 851 247 886 νόμος
263 852 333 884 ἐστὶ,
350 852 421 879 κατὰ
442 853 487 880 τὺν
505 853 674 886 Ἀπῆστολον,
686 862 830 891 πνευματι-

917 852 985 881 Cum
1014 853 1066 885 lex,
1084 853 1162 888 juxta
1191 853 1351 889 Apostolum
1377 855 1410 887 “,
1433 855 1582 890 spiritualis
1612 857 1659 888 sit,

43 897 102 930 ιδς,
119 898 178 930 τὰς
188 898 309 931 εἰκόνας
323 897 503 933 ἑμπεριέχων
515 897 574 925 τῶν
578 900 752 933 μελλόντων
765 900 835 935 ἀγαρ

49 943 114 975 θῶν,
139 943 209 979 φέρε
225 944 268 980 δὴ,
285 944 496 980 ἀπαμφιάσασαι
516 944 545 972 τδ
559 945 602 972 ἐπ’
616 945 689 981 αὺτῷ
705 945 835 981 κάλυμμα

50 989 91 1017 ἀὖ
120 990 300 1025 γράμματος,
325 991 522 1026 ἐφηπλωμένην
547 990 603 1027 (8‘2)
625 991 835 1027 ἐπισκεψώμεθα

49 1038 162 1072 τυμνῶς
191 1037 241 1072 τὴν
273 1037 425 1074 ἀκρίϐειαν,
455 1038 573 1074 Μῐμημα
600 1038 650 1073 τῆς
673 1038 835 1074 Ἑκκλησίας

50 1083 208 1110 ἐκελεύοντο
222 1083 355 1111 δαιδᾶλειν
378 1083 496 1120 Ἑϐραῖοι
508 1085 557 1120 τὴν
575 1084 686 1120 σκηνὴν,
700 1084 733 1111 ἵν’
749 1084 835 1120 ἔχοιεν

49 1129 88 1155 διὰ
103 1129 160 1155 τῶν
176 1128 315 1164 αἰσθητῶν
328 1129 419 1156 εἰκόνα
430 1129 483 1156 τῶν
494 1129 576 1157 θείων
592 1130 835 1166 προκαταγγέλλειν

52 1175 232 1210 πραγμάτων.
266 1175 366 1211 Τδγὰρ
384 1176 413 1202 ὲν
433 1176 471 1211 τῷ
487 1176 543 1211 ὄρει
560 1176 734 1212 παράδειγμα
749 1185 835 1212 παρε-

51 1220 154 1255 νεχθὲν,
180 1221 249 1254 πρὸς
270 1221 284 1247 ὃ
312 1221 418 1256 βλέπων
443 1223 604 1258 ἐτεκτήνατο
624 1223 674 1258 τὴν
699 1223 800 1258 σκηνὴν
820 1222 835 1249 ὁ

51 1267 179 1302 Mulio-71;,
193 1267 254 1293 ῐόἐα
267 1276 309 1299 τις
328 1266 362 1304 ἦν
374 1267 424 1303 τῆς
437 1268 505 1295 κατὰ
520 1267 565 1294 τὺν
578 1268 690 1303 οὐρανὸν
704 1268 835 1304 οἰκήσεως

51 1314 174 1349 ἀκριϐὴς,
189 1315 223 1350 ῆν
234 1315 316 1349 ἡμεῖς
331 1315 490 1351 τρανότερον
503 1315 551 1350 μὲν
563 1314 616 1341 τῶν
629 1314 732 1347 τύπων,
744 1315 834 1350 ἀμαυ-

52 1360 160 1395 ρότερον
178 1360 208 1387 δὲ
235 1360 285 1395 τῆς
301 1360 429 1396 ἀληθείας
454 1360 639 1396 θεραπεύομεν
668 1360 725 1387 νῦν.
749 1358 834 1387 *Ηλθε

50 1406 100 1442 γὰρ
127 1407 278 1442 ἀκραιφνὲς
305 1408 346 1438 εις
365 1406 537 1442 ἀνθρώπους,
559 1407 596 1439 ὡς
612 1407 742 1441 πέφυκεν,
760 1406 835 1433 οὔπω

50 1453 172 1487 τάληθὲς,
193 1454 218 1479 οἳ
237 1453 304 1488 μηδὲ
316 1453 447 1488 βαστάσαι
461 1453 577 1489 φέρομεν
591 1452 707 1489 ἄκρατον
719 1452 834 1480 ἐνταῦθα

51 1498 196 1525 θεάσατθαι
222 1498 272 1533 τὴν
287 1498 450 1533 ἀφθαρσίαν,
471 1498 551 1524 ὁπότε
573 1498 640 1533 μηδὲ
654 1498 701 1530 τὰς
718 1498 833 1533 ἡλιακὰς

50 1545 166 1580 φέρομεν
183 1545 248 1571 ἰδεῖν
256 1544 375 1575 ἀκτῖνας.
394 1544 474 1571 Ἀλλὰ
493 1544 611 1571 Ἰουδαῖοι
630 1544 677 1579 μὲν
691 1544 739 1579 τὴν
757 1544 832 1570 σκιὰν
846 1538 867 1566 C

49 1591 93 1626 τῆς
107 1591 215 1622 εἰκόνος
230 1590 326 1626 τρίτην
336 1589 391 1617 ἀπὸ
405 1590 452 1625 τῆς
458 1589 585 1625 ἀληθείας
600 1589 815 1625 κατηγγέλκασιν
824 1598 832 1605 ·

49 1637 126 1671 ἡμεῖς
149 1637 180 1663 δὲ
205 1637 256 1671 τὴν
283 1636 375 1662 εἰκόνα
400 1636 448 1671 τῆς
466 1636 656 1672 κατ’-οὐρανὸν
677 1635 834 1670 διοικήσεως

49 1682 169 1718 ἐναργῶς
199 1681 386 1716 ὲκθειάζομεν.
402 1681 438 1708 Τὸ
457 1681 510 1717 γὰρ
524 1681 622 1716 ἀληθὲς
637 1680 758 1716 ἀκριϐῶς
775 1682 833 1716 μετ’

48 1729 196 1756 ἀνάστασιν
224 1728 279 1763 (85)
300 1728 492 1764 δηλωθήσεται,
509 1728 590 1754 ὁπότε
607 1727 748 1763 πρόσωπον
763 1726 833 1753 κατὰ

47 1776 193 1810 πρὸςωπον
215 1775 265 1810 τὴν
289 1774 369 1808 ἁγίαν
393 1775 492 1810 σκηνὴν
518 1774 592 1810 (τὴν
616 1774 706 1801 πόλιν
730 1773 779 1809 τὴν
801 1775 829 1800 ἐν

46 1822 180 1857 caprini;
196 1819 249 1856 ’ἧς
279 1822 417 1856 τεχνίτης
447 1822 495 1848 καὶ
521 1820 696 1856 δημιουργὸς
722 1820 826 1855 Θεὸς),

79 1910 102 1926 ¹⁶
123 1909 213 1937 Exod.
230 1917 295 1942 xxx,
311 1909 369 1936 1-9.
406 1910 426 1926 “
448 1909 527 1937 Ilebr.
548 1918 574 1943 κ,
590 1910 616 1936 1.

78 1993 137 2027 (8'2)
158 1991 406 2027 Ἐφηπλωμένην.
421 1992 509 2019 Codex
531 1991 611 2024 Maz.,
627 1990 830 2026 ἔφηπὶωμένονν

52 2029 118 2062 ῑῖιοὰ
132 2029 222 2063 magis
237 2027 406 2063 probandum
419 2027 534 2059 videtur,
552 2032 581 2054 ut
593 2027 727 2055 referatur
740 2030 772 2054 ad
782 2027 831 2054 κά-

47 2063 141 2099 λυμμα
161 2071 167 2077 ·
183 2062 280 2099 ᾐιιέιο
294 2062 414 2099 tollenda
431 2068 472 2099 est
500 2063 604 2098 virgula
627 2063 792 2098 praecedens,
803 2067 831 2089 et

48 2097 239 2134 interpretatio
270 2098 365 2124 Latina
390 2098 429 2134 sic
444 2097 552 2127 Graecis}
566 2098 602 2125 ita
628 2099 769 2128 correctis,
785 2106 830 2125 ac-

48 2132 246 2161 commodanda
261 2143 268 2160 :
281 2134 343 2167 Age,
355 2132 502 2160 reducentes
514 2141 658 2167 oppansum
672 2133 721 2166 ipsi
737 2133 831 2160 litteris

885 899 1012 934 imagines
1029 899 1162 926 continens
1181 899 1330 933 futurorum
1358 899 1495 933 bonarum,
1511 908 1571 936 age,
1582 902 1663 930 redu-

884 949 928 972 cto
941 945 1012 980 quod
1025 945 1063 972 illi
1078 945 1206 979 injectum
1224 948 1266 972 est
1285 945 1345 973 volo
1368 945 1473 978 litterze,
1491 947 1661 976 enucleatum

884 991 1037 1018 intueamur
1070 991 1103 1017 ad
1130 990 1233 1018 nudum
1263 991 1411 1018 veritatem.
1447 991 1670 1021 Tabernaculum'

884 1037 957 1072 quod
967 1037 1041 1064 vario
1053 1037 1127 1064 cultu
1142 1036 1243 1064 all'abre
1258 1044 1357 1064 ornare
1382 1036 1488 1065 Hebraei
1503 1038 1574 1073 jussi
1587 1044 1661 1072 sunt,

884 1083 1012 1111 Ecclesiae
1027 1083 1148 1118 quaedam
1168 1083 1307 1118 expressio
1317 1083 1378 1115 fuit,
1395 1087 1424 1110 ut
1437 1085 1518 1112 rebus
1532 1085 1663 1113 informa~

883 1133 940 1158 tum
957 1131 1132 1158 seusibilibus
1148 1130 1277 1158 haberent
1290 1130 1477 1163 simulacrum,
1493 1138 1548 1165 quo
1570 1131 1662 1159 divina

884 1176 950 1204 olim
964 1180 1094 1204 eventura
1108 1176 1236 1211 mysteria
1249 1176 1470 1210 prmnuntiareut.
1482 1176 1549 1203 Nam
1560 1177 1581 1193 "
1589 1178 1662 1212 quod

884 1227 1024 1250 ostensum
1042 1223 1069 1250 in
1084 1223 1175 1249 monte
1188 1222 1327 1256 exemplar
1342 1226 1393 1254 est,
1407 1222 1441 1250 ad
1458 1222 1528 1257 quod
1553 1223 1662 1251 intuens

884 1268 989 1304 Moyses
1004 1268 1207 1296 tabernaculum
1233 1267 1382 1296 fabricatus
1410 1271 1461 1301 est,
1478 1273 1572 1296 exacta
1586 1277 1661 1304 quae-

884 1315 946 1343 dam
962 1315 1023 1342 idea
1047 1319 1106 1342 erat
1131 1314 1263 1342 domicilii
1279 1315 1408 1345 cmlestis.
1421 1315 1464 1342 cui
1479 1323 1529 1342 nos
1553 1323 1662 1350 quoque

885 1362 1024 1396 limpidius
1034 1361 1180 1394 servimus,
1208 1368 1288 1396 quam
1304 1361 1327 1388 si
1339 1361 1428 1388 adhuc
1444 1361 1472 1388 in
1491 1361 1584 1396 figuris
1598 1369 1661 1389 ver-

885 1415 1026 1439 sarentur;
1054 1407 1199 1434 obscurius
1215 1410 1316 1439 tamen,
1331 1414 1412 1442 quam
1430 1407 1452 1434 si
1466 1407 1523 1442 ipsa
1540 1407 1661 1436 veritatis

885 1454 945 1481 luce
958 1453 1116 1488 potiremur.
1129 1452 1251 1480 Necdum
1274 1453 1346 1480 enim
1361 1453 1418 1487 ipsa
1431 1460 1498 1487 pura
1509 1458 1535 1480 ct
1552 1454 1659 1481 sincera

884 1501 994 1533 veritas,
1009 1500 1048 1527 uti
1059 1500 1097 1527 illi
1113 1502 1298 1534 comparatum
1311 1503 1362 1530 est,
1380 1499 1412 1526 ad
1439 1499 1564 1527 homines
1576 1500 1660 1532 venit,

883 1546 929 1582 qui
943 1554 977 1574 ne
1001 1546 1071 1573 ferre
1086 1545 1194 1581 quidem
1219 1545 1358 1572 valeamus
1385 1545 1503 1579 quandiu
1534 1545 1588 1572 vita
1607 1545 1660 1572 hac

884 1592 993 1619 mortali
1007 1591 1122 1627 agimus,
1134 1595 1164 1618 ut
1173 1598 1268 1626 puram
1286 1591 1517 1625 incorruptionem
1531 1596 1661 1619 contuea-

884 1646 955 1670 mur,
971 1638 1011 1665 uti
1025 1645 1113 1672 neque
1124 1642 1154 1663 ut
1168 1636 1299 1663 micantes
1314 1636 1378 1664 solis
1390 1636 1481 1664 radios
1497 1637 1582 1664 oculis
1597 1645 1661 1672 por-

885 1688 983 1711 temus.
997 1682 1082 1711 Judaei
1110 1690 1192 1717 porro
1218 1682 1340 1709 umbram
1359 1682 1494 1717 imaginis,
1519 1683 1625 1710 tertiam
1643 1691 1659 1710 a

882 1727 1007 1760 veritate,
1024 1726 1251 1754 annuntiaverunt
1269 1736 1275 1754 :
1289 1734 1338 1754 nos
1355 1734 1420 1754 vero
1432 1727 1547 1755 caelestis
1562 1728 1660 1763 guber-

883 1774 1001 1802 nationis
1014 1773 1157 1808 imaginem
1173 1773 1247 1801 clare
1264 1773 1445 1802 celebramus.
1459 1773 1565 1802 Veritas
1583 1783 1660 1802 nam—

880 1827 933 1855 que
947 1819 1006 1856 ipsa
1017 1823 1110 1847 exacte
1123 1823 1183 1854 post
1193 1819 1418 1848 resurrectionem
1431 1819 1658 1855 manifestabitur.

656 1910 676 1926 "
696 1908 783 1937 Exod.
799 1917 862 1943 xxv,
876 1909 922 1938 ιο.

882 1993 1028 2020 rectionem
1057 1992 1146 2019 differt
1162 1992 1306 2027 perfectam
1331 1993 1473 2025 visionem.
1503 1997 1529 2021 et
1545 2001 1603 2028 quae
1616 1999 1659 2022 est

883 2028 951 2054 facie
966 2029 998 2054 ad
1012 2027 1105 2054 faciem
1118 2029 1176 2054 sine
1188 2028 1384 2062 amigmatilms,
1398 2033 1423 2054 ct
1437 2036 1530 2056 nonex
1541 2027 1615 2063 parte
1626 2039 1632 2056 :
1642 2039 1656 2056 ll

884 2071 936 2098 qua
951 2064 1111 2090 immensum
1129 2062 1239 2095 distant,
1252 2070 1311 2096 quae
1324 2063 1418 2089 trilutit
1431 2062 1573 2091 animabus
1585 2069 1656 2092 orat.

883 2106 911 2129 x,
927 2098 998 2132 quod
1013 2099 1110 2125 visura
1126 2097 1268 2132 θαυμαστά
1280 2106 1340 2124 τινα
1356 2099 1401 2124 καὶ
1420 2098 1592 2133 ὲκλάμποντα
1609 2101 1656 2126 καὶ

886 2133 1006 2169 μακάρια
1022 2132 1117 2168 κάλλη,
1134 2133 1179 2169 καὶ
1202 2134 1281 2159 ὁποῖα
1301 2133 1416 2166 ἐξειπεῖν
1435 2135 1474 2164 εἰς
1486 2132 1658 2169 ἀνθρώπους

49 2170 176 2204 velamen,
195 2169 293 2195 nudam
306 2166 396 2194 coram
409 2173 434 2195 et
446 2166 563 2195 cominus
577 2169 712 2204 veritatem
728 2169 830 2195 intuea-
845 2166 868 2196 Β
882 2166 1020 2204 δυσχερές,
1041 2166 1208 2194 admirabilia
1221 2169 1340 2204 qutt'dam
1360 2173 1384 2194 et
1400 2168 1535 2202 splendida
1545 2166 1568 2196 et
1581 2169 1657 2196 beata

50 2213 116 2231 mur.
125 2203 173 2230 En.
182 2204 283 2230 LUPAR.
295 2219 329 2223 —
344 2204 582 2238 Ἑφηπλωμένην,
592 2203 746 2230 Lectionem
760 2204 830 2230 lianc

50 2239 112 2266 Vat.
129 2239 224 2266 multis
239 2241 357 2274 exagitat
383 2239 471 2265 editor
482 2238 582 2274 Lupar.
606 2239 830 2274 amplectiturque

49 2276 160 2302 alteram
177 2274 246 2301 Max.
256 2278 283 2300 et
294 2273 388 2305 Allat.,
403 2273 605 2308 ὲφηπλωμὲνον,
623 2273 693 2308 quod
721 2273 829 2305 referat,

50 2309 79 2337 τὺ
95 2309 238 2344 κάλυμμα,
255 2309 326 2343 quod
346 2309 382 2335 ita
395 2310 437 2335 ἐπ’
451 2309 535 2344 αὐτῷ,
552 2317 630 2343 supra
651 2308 730 2343 legem
745 2309 831 2344 expli-

51 2350 141 2372 catum
162 2343 243 2378 atque
259 2352 406 2379 expansum
421 2344 585 2379 intelligatur
594 2352 626 2371 ac
634 2344 749 2371 dicatur.
768 2343 830 2370 Mihi

52 2385 138 2407 tamen
160 2379 220 2406 Vat.
236 2380 315 2406 lectio
332 2380 417 2413 mrgis
439 2379 578 2414 probatur.
594 2379 666 2413 quod
679 2387 710 2406 ea
725 2387 775 2405 vox
786 2386 830 2406 re-

52 2415 103 2441 lata
115 2414 148 2441 ad
161 2415 281 2441 velamen
299 2414 433 2448 superflua
452 2415 497 2444 sit,
514 2422 574 2440 cum
589 2414 620 2440 τὺ
635 2415 678 2440 ἐπ’
696 2414 778 2448 αὐτῷ,
789 2415 829 2440 vel

53 2450 189 2485 τιθέμενον
219 2450 261 2476 vel
278 2450 414 2484 κείμενον,
434 2453 464 2476 ut
494 2448 639 2484 Apostolus
671 2449 790 2484 loquitur
808 2448 829 2475 ll

54 2484 114 2512 Cor.
130 2492 172 2515 tu.
185 2492 242 2512 rem
255 2484 363 2511 aliunde
376 2485 492 2511 declaret
505 2493 511 2510 :
525 2491 574 2511 uec
589 2485 656 2511 alias
671 2492 751 2512 vei-es
765 2485 829 2511 sub~

55 2520 201 2547 intellectas
224 2521 315 2554 exigat
343 2519 452 2554 phrasis
472 2520 516 2546 illa
541 2519 678 2547 Methodii.
693 2518 830 2554 Ἐξηπλω-

56 2556 133 2591 μένην
153 2555 223 2582 forte
234 2555 387 2590 scripserit,
405 2562 464 2591 quae
482 2562 532 2581 vox
551 2554 636 2591 magis
653 2554 755 2591 Graeca,
766 2561 829 2591 nam

56 2589 159 2618 alterius
178 2590 221 2617 vix
239 2589 329 2617 exstat
354 2590 526 2624 exemplum;
553 2589 739 2624 ὲφαπλώματα
768 2589 830 2616 Ari-

57 2597 159 2618 altenus
178 2599 221 2617 Vix
239 2597 329 2617 (‘xstat
354 2598 429 2617 exem
453 2597 526 2622 tum;
553 2597 739 2624 scpamwpatca
768 2597 828 2616 Αγι-

57 2627 137 2661 stoplt.
152 2627 179 2652 in
193 2625 321 2658 Acltarn.,
337 2629 405 2652 teste
433 2597 526 2661 guitla,
540 2629 619 2651 vocat
633 2623 803 2661 πεπλώματα
819 2631 828 2640 ο

56 2659 215 2694 redduntque
232 2660 369 2690 culcitras,
397 2659 530 2694 stragulas
549 2664 650 2686 restes:
669 2660 828 2686 tenuissima

57 2696 112 2723 item
123 2697 291 2723 indumenta.
309 2695 346 2721 De
357 2695 416 2722 velo
424 2695 494 2728 quod
512 2694 677 2725 obtenditur,
687 2695 776 2729 palius
789 2695 829 2720 ἐκ·

55 2732 159 2758 uesica:
171 2731 284 2758 dicitur.
299 2729 405 2756 Veritas
419 2729 608 2761 ὲξαπλοῦσθαι,
624 2737 685 2755 cum
704 2730 760 2763 ipsa
782 2737 829 2755 ev-

56 2768 142 2801 plicata
156 2767 287 2801 nudaque
314 2765 445 2792 Cernitur.
462 2764 518 2791 Etsi
546 2769 610 2792 sunt
625 2764 682 2791 haec
700 2765 829 2791 minutio-

56 2810 88 2829 ιε.
99 2802 242 2829 COIBEFIS.

83 2838 132 2868 (83)
141 2837 222 2864 Μετὰ
228 2835 411 2864 ἀνάστασιν.
421 2834 453 2862 Et
461 2835 505 2863 hic
513 2832 663 2863 Methodius
671 2839 731 2870 post
739 2841 830 2862 resur-

881 2204 984 2234 decora,
1005 2208 1029 2231 et
1056 2211 1113 2238 qua:
1126 2203 1274 2230 hominibus
1292 2212 1358 2238 mgre
1374 2204 1455 2230 verbis
1472 2204 1548 2230 liceat
1575 2205 1659 2237 cap/i-

881 2247 950 2266 tare.
970 2238 1036 2266 Esse
1050 2246 1146 2272 nempe
1171 2238 1205 2265 ibi
1219 2239 1304 2273 ipsam
1316 2239 1461 2273 justitiam,
1473 2239 1559 2273 ipsam
1576 2240 1658 2266 casti-

882 2279 972 2305 tatem,
1003 2274 1172 2303 charitatem.
1198 2273 1339 2300 veritatem
1365 2278 1391 2301 et
1413 2274 1530 2308 reliquos
1556 2275 1659 2308 pariter

881 2309 1039 2336 manifestos
1052 2309 1191 2344 sapientiae
1207 2308 1287 2336 ﬂores
1315 2311 1342 2335 et
1357 2309 1466 2344 stirpes.
1483 2316 1596 2342 quarum
1615 2309 1658 2336 hic

880 2348 984 2371 tantum
999 2345 1110 2371 umbras
1122 2343 1264 2374 habemus.
1274 2348 1341 2374 etc.,
1357 2351 1417 2370 nam
1433 2348 1459 2370 et
1474 2343 1540 2373 hzec.
1559 2343 1597 2369 uti
1611 2351 1657 2369 eo-

881 2387 940 2405 rum
958 2379 1001 2406 hic
1026 2379 1132 2410 umbra,
1159 2382 1249 2405 creata
1274 2383 1348 2409 sunt,
1365 2378 1498 2413 primique
1527 2377 1572 2405 Dei
1594 2378 1657 2406 elle-

880 2421 950 2445 ctus.
964 2415 1059 2449 purius
1086 2414 1122 2440 ibi
1139 2414 1278 2444 intellecti,
1305 2417 1331 2440 et
1358 2417 1388 2439 ut
1405 2415 1533 2443 rationes.
1557 2413 1656 2449 quibus

881 2458 934 2476 non
953 2447 1010 2484 ipsa
1027 2450 1053 2476 iu
1068 2457 1097 2476 se
1118 2448 1162 2484 Dei
1176 2449 1292 2476 essentia
1307 2449 1423 2477 videtur.
1437 2455 1489 2484 nec
1496 2455 1559 2474 vero
1574 2447 1656 2484 Pala-

880 2481 1005 2511 mitarum
1020 2491 1122 2515 errore,
1139 2483 1183 2510 Dei
1198 2485 1283 2511 virtus
1293 2484 1418 2510 essentia!
1430 2481 1572 2516 conjuncta
1584 2487 1611 2509 et
1622 2483 1657 2509 ab

879 2520 924 2546 illa
940 2520 1079 2550 distincta,
1096 2527 1156 2553 qua:
1169 2520 1205 2545 sit
1227 2519 1375 2553 multiplex.
1404 2525 1465 2545 cum
1485 2518 1603 2553 eaSentia
1621 2517 1658 2544 sit

880 2562 943 2582 una.
972 2554 1072 2589 Nempe
1101 2552 1241 2588 inultiplex
1261 2552 1401 2580 ell'ectibtts
1416 2556 1468 2583 est.
1486 2552 1544 2586 ipsa
1556 2560 1612 2589 Anna
1628 2556 1657 2579 et

880 2587 1097 2624 simplicissima;
1106 2593 1135 2615 ut
1149 2587 1314 2619 etessentia,
1330 2595 1345 2615 a
1356 2596 1409 2623 qua
1425 2594 1508 2624 penes
1523 2587 1579 2614 sola
1590 2594 1657 2624 cou-

879 2622 972 2651 notata
984 2629 1012 2652 et
1036 2624 1187 2651 virtualiter
1206 2622 1565 2657 eminenter’distinguitur.
1589 2622 1657 2649 Aliis

879 2667 943 2694 ergo
959 2660 1026 2687 locis
1040 2667 1118 2694 opus.
1134 2664 1164 2686 ut
1179 2659 1330 2685 vindicetur
1347 2658 1508 2686 Methodius.
1519 2658 1657 2694 Vettraha-

879 2693 924 2721 tur
936 2696 962 2721 in
976 2693 1137 2722 sententiam
1148 2701 1227 2728 quam
1241 2694 1326 2728 longis
1339 2698 1398 2728 post
1412 2693 1579 2728 temporibus
1595 2700 1657 2728 pro-

881 2702 924 2721 tur
936 2703 962 2721 in
976 2702 1137 2722 sententiam
1168 2702 1227 2720 uam
1241 2702 1326 2728 [Ollng
1339 2702 1398 2728 post
1412 2702 1579 2728 temporinus
1595 2702 1657 2728 pro-

881 2730 953 2756 bavit
963 2729 1082 2756 Ecclesia
1097 2738 1104 2757 :
1121 2702 1212 2756 viilere
1226 2728 1282 2763 jam
1296 2733 1350 2755 tum
1363 2728 1468 2756 animas
1486 2728 1579 2756 Dcum.
1597 2727 1658 2762 qui-

879 2765 1013 2826 busdnihil
1025 2772 1061 2826 lex
1081 2764 1231 2800 superioris
1249 2763 1311 2791 vita:
1334 2763 1363 2791 in
1375 2770 1489 2798 corpore
1504 2768 1579 2791 reatu
1592 2770 1657 2798 ptth

879 2807 929 2826 ann
951 2808 1005 2826 um.
1036 2808 1062 2826 1).

879 2800 1005 2836 gandum.
1025 2800 1062 2827 In.
