1908 3078
45 126 88 154 “3
573 128 761 157 CONV'lVlUM
780 128 893 156 DECEM
912 127 1089 156 VIRGINUM.

1592 129 1643 158 ιιι

46 185 197 223 μαρτούσης,
221 187 393 223 πειράσομαι
422 190 455 224 δὴ
472 191 541 216 κατὰ
566 189 679 226 δύναμιν
692 189 768 225 κάγὼ
784 191 823 222 εἰς

875 188 1039 224 provinciam
1049 195 1130 223 quam
1146 187 1274 223 imponis,
1290 187 1313 214 si
1337 190 1365 214 tu
1378 186 1443 214 mihi
1460 189 1559 222 ιιι-πιειο
1572 186 1645 214 fave-

44 233 69 259 τὺ
82 232 258 268 προκείμενον
284 234 494 269 εξσενέγκασθαί
508 245 542 268 τι,
555 237 613 262 κατ’
629 236 749 272 ἐμαυτὴν
762 236 823 271 μέν·

36 287 85 310 est,
100 279 145 304 καὶ
159 279 192 305 οὐ
209 279 283 315 πρὸς
297 280 331 307 τὰ
349 281 492 317 εἰρημένα.
509 282 545 308 Ub
563 281 616 317 γὰρ
644 281 676 309 ἂν
691 282 822 317 δυναίμην

45 324 166 359 agema
178 326 290 358 τούτοις
304 326 376 354 οὓτω
388 328 514 359 ποικίλως
529 328 574 355 καὶ
586 327 717 364 λαμπρῶς
732 329 824 363 ἀπειρ-

45 369 178 403 γασμένοις
207 370 377 406 φιλοσοφεῖν.
398 372 470 404 Δόξω
482 373 535 408 γὰρ
551 372 732 407 ἀποφέρεσθαι
740 371 821 407 ψόγον

45 414 208 449 ἁϐελτηρίας,
235 417 261 442 εἰ
278 418 334 448 τοῖς
359 417 431 444 κατὰ
446 417 540 452 σοφίαν
556 416 725 450 ὲξισάζεσθαι
738 417 824 453 κρείτ-

44 468 94 486 τοσι
117 461 316 498 προσπηδῲην.
341 463 373 489 Εἰ
395 461 441 490 οὖν
462 462 587 496 ἀνέξεσθε
616 463 731 490 καὶτῶν
750 464 822 495 ὅπως

45 506 73 532 ἂν
86 505 153 543 τύχῃ
177 508 394 543 ρητορευόντων,
416 509 543 545 ἐπιχειρῶ
560 509 659 544 λέγειν,
670 509 745 537 οὐδὲν
756 518 822 545 προ-

43 552 135 587 θυμίας
151 553 356 591 καθυφειμένη.
378 556 502 592 Ἀρκτέον
514 557 542 583 δὲ
552 556 685 583 ἐντεῦθεν.

872 234 920 261 ris.
935 233 1036 269 Nempe
1049 232 1168 260 conabor
1179 235 1207 260 et
1217 239 1266 267 ego
1282 231 1315 259 ad
1331 232 1482 267 argumenti
1513 231 1644 266 propositi

873 279 1059 308 tractationem
1075 278 1198 306 conferre
1208 277 1324 313 aliquid;
1340 277 1569 305 accommodatum
1581 279 1643 313 qui-

873 325 934 353 dcm
951 325 1016 352 illud
1032 324 1122 360 potius
1136 323 1170 351 ad
1185 327 1294 358 captum
1320 323 1459 350 tenuitatis
1476 331 1550 355 meae,
1562 331 1643 358 quam

872 372 963 400 debita
978 371 1151 407 proportione
1169 370 1334 406 respondens
1347 369 1380 398 iis
1393 377 1452 405 quae
1465 370 1521 404 jam
1532 370 1566 396 ab
1581 370 1642 397 aliis

871 422 996 453 perorata
1011 421 1082 445 sunt.
1097 416 1156 444 Non
1166 417 1236 444 enim
1249 417 1350 452 possim
1367 416 1442 451 paria
1454 415 1496 443 his
1505 423 1565 451 quae
1575 416 1642 443 adeo

874 465 948 492 varie
974 468 1000 491 et
1027 463 1168 499 splendide
1194 463 1332 490 elaborata
1346 467 1420 494 sunt,
1446 461 1592 497 disputare.
1609 461 1643 489 Et

872 509 993 537 stultitiae
1009 508 1130 545 profecto
1148 512 1240 536 notam
1260 509 1287 536 in
1304 516 1346 536 me
1366 507 1516 536 transferre
1539 507 1641 540 videar,

872 555 896 583 si
913 555 947 582 ad
959 554 986 582 id
1001 554 1126 582 connitar
1141 561 1227 588 eoque
1240 553 1368 584 insiliam,
1378 556 1407 580 ut
1429 560 1521 580 earum
1536 551 1644 579 dicendi

43 598 116 626 laude
149 601 338 635 aequalitatem
368 603 435 629 mihi
450 603 507 638 ipsa
529 603 644 630 ambiam
670 610 730 638 quae
755 602 887 638 sapientia
913 604 1052 637 praestant.
1084 599 1113 626 Si
1128 601 1189 636 quis
1205 599 1287 635 igitur
1308 602 1350 626 est
1376 598 1446 633 apud
1465 605 1514 625 vos
1539 597 1646 624 dicendi

44 645 115 672 locus
127 645 163 672 iis
178 647 228 680 qui
244 647 377 675 mediocri
404 653 431 676 et
445 649 547 685 vulgari
570 649 677 677 dicendi
695 649 823 677 facultate
837 642 962 677 instructi
980 652 1056 680 sunt,
1070 647 1161 675 dicere
1180 645 1336 683 aggredior;
1359 644 1427 672 nihil
1443 643 1515 680 quod
1529 643 1563 671 ad
1583 650 1647 670 cau-

42 699 95 719 sam
107 692 180 721 hanc
192 693 278 722 faciat
289 695 371 723 studii
386 704 418 724 ac
431 697 576 733 diligentiae
605 698 824 733 praetermittens.
839 696 968 731 Incipiam
980 699 1070 723 autem
1085 695 1159 722 hinc.

79 741 245 776 Ἀμήχανον,
267 740 290 770 ὦ
312 744 452 780 παρθένοι,
466 745 572 777 κάλλος,
590 746 637 772 καὶ
648 746 776 780 συγγενὲς
788 746 821 780 τῇ

42 787 119 822 σοφίᾳ
133 789 181 814 καὶ
198 789 362 826 πρόσφορον,
376 791 492 823 ἅπαντες
506 792 545 823 είς
557 792 602 818 τὸν
616 792 717 827 κόσμον
729 800 823 827 κεκτη-

909 742 1128 777 lncomparabili,
1143 749 1160 769 ο
1174 741 1306 777 virgines,
1325 743 1494 775 cognataque
1515 741 1596 772 atque
1607 735 1647 763 af-

872 788 918 817 ﬁni
933 787 1071 823 sapientia:
1084 786 1218 822 insignitae
1230 786 1327 818 forma,
1340 785 1368 812 in
1384 784 1513 812 mundum
1525 783 1647 810 venimus

43 832 114 883 μένοι
138 833 237 883 τοῦτον
257 836 452 872 ἀφικνούμεθα.
482 838 699 874 Ἀπηκρίσωνται
722 838 775 873 γὰρ
793 839 821 865 αἱ

875 842 977 863 omnes.
994 833 1093 861 Exacte
1103 833 1186 864 enim,
1202 832 1262 867 ejus
1278 831 1326 867 qui
1340 831 1432 866 genuit
1446 834 1527 864 atque
1546 828 1647 856 forma-

40 878 120 912 ψυχαὶ
135 879 176 914 τῷ
190 882 352 916 γεννήσαντι
371 883 430 910 τότε
448 884 562 919 μάλιστα
577 884 624 911 καὶ
648 884 820 920 πλασαμένῳ,

40 923 118 950 ὁπότε
132 924 183 961 τὴν
194 926 255 953 καθ’
265 928 393 962 ὁμοίωσιν
405 929 473 956 ἰδέαν
485 930 615 966 ἄχραντον
625 930 821 966 ἐκλάμπουσαι;

42 971 87 996 καὶ
115 972 180 1004 τοὺς
199 974 376 1009 χαρακτῆρας
399 976 447 1011 τῆς
460 976 545 1011 ὅψεως
567 977 685 1013 ἐκείνης,
709 978 776 1014 πρὸς
790 978 822 1013 ἣν

42 1017 149 1052 ἀφορῶν
170 1019 185 1044 ὁ
208 1018 285 1051 Θεὸς,
315 1020 447 1048 ἀθάνατον
469 1023 574 1058 μορφὴν
596 1024 644 1050 καὶ
673 1024 822 1060 ἀνώλεθρον

42 1064 155 1098 ἑκούσας
165 1065 252 1097 αὐτὰς
266 1066 455 1102 ἀπειργάζετο,
469 1069 590 1096 τοιαῦται
605 1071 769 1106 διαμένουσι.
787 1072 823 1098 Τὺ

43 1109 97 1144 γὰρ
110 1110 259 1146 ἀγέννητον
274 1113 371 1145 κάλλος
390 1115 435 1140 καὶ
453 1114 605 1150 ἀσώματον,
621 1117 666 1144 καὶ
681 1118 749 1153 μήτε
771 1118 822 1154 ἀρ-

45 1155 156 1190 χόμενον
186 1158 256 1193 μήτε
283 1158 392 1193 φθίνον,
419 1160 475 1188 ἀλλ’
499 1162 632 1197 ἄτρεπτον
653 1163 700 1190 καὶ
728 1163 823 1199 ἀγήρω

46 1202 91 1228 καὶ
118 1203 277 1238 ἀπροσδεὲς,
302 1205 384 1238 αὐτὸς
404 1208 434 1233 ὲν
452 1207 539 1242 ἑαυτῷ
557 1209 603 1235 καὶ
625 1210 665 1241 εἰς
683 1209 750 1237 αὐτὸ
766 1210 824 1244 φῶς

45 1247 76 1273 ἓν
99 1249 249 1283 ἀφράστως
287 1249 344 1285 (85)
362 1251 408 1278 καὶ
430 1252 584 1288 ὰπροσίτοις
608 1254 822 1290 ἀναπαυόμενον.

47 1293 167 1326 ἐξουσίας
187 1296 332 1332 περιουσίᾳ
372 1298 460 1325 πάντα
491 1300 624 1334 περιέχων
651 1301 698 1327 καὶ
725 1301 823 1334 κτίζων

51 1339 96 1364 καὶ
122 1339 342 1373 μετασκευάζων,
365 1342 525 1377 ἐτεκτήνατο
546 1344 604 1371 κατ’
621 1346 710 1372 εἰκόνα
725 1346 774 1381 τῆς
786 1347 825 1372 εί-

46 1382 120 1414 κόνος
144 1384 243 1410 ἑαυτοῦ
267 1385 316 1420 τὴν
328 1385 426 1422 ψυχήν.
453 1388 498 1414 Διὸ
510 1389 558 1415 καὶ
574 1389 668 1426 λογικὴ
684 1391 730 1419 καὶ
758 1391 825 1418 ἀθά-

28 1467 33 1475 ‘I
144 1429 213 1475 ἐστι.
237 1432 245 1440 ·
262 1430 330 1475 Κατξ
344 1431 435 1459 εἰκόνα
452 1433 506 1469 γὰρ
526 1434 754 1471 δημιουργηθεῖσα
777 1435 823 1463 τοῦ

46 1473 222 1507 Μονογενοῦς,
237 1475 275 1507 ὡς
290 1472 366 1513 ἔφην,
384 1478 584 1514 ἀνυπέρϐλητον
601 1480 656 1516 ἔχει
673 1481 703 1511 τὸ
716 1481 823 1514 κάλλος.

872 881 920 915 vit,
936 881 1099 908 lineamenta
1113 879 1210 907 animae
1225 877 1357 910 referunt,
1370 881 1428 904 tum
1453 876 1569 903 maxime
1585 882 1647 902 cum

873 926 1060 955 similitudinis
1087 925 1248 952 intaminato
1274 923 1432 958 eﬁ‘ulgentes
1450 921 1565 957 ﬁdecore,
1588 920 1648 948 vul-

872 977 971 1008 tusque
985 973 1058 999 illius
1074 979 1106 999 ac
1121 970 1282 1005 exemplaris
1299 969 1470 997 characteres
1486 967 1590 996 lucidos
1604 975 1648 996 re-

872 1017 999 1050 ferentes,
1014 1016 1048 1043 ad
1065 1015 1137 1051 quod
1155 1015 1262 1042 intuens
1277 1014 1358 1047 Deus,
1372 1013 1517 1041 immortali
1529 1020 1576 1041 eas
1591 1012 1647 1040 for-

871 1072 916 1092 ma
930 1068 1012 1099 atque
1028 1063 1062 1090 ab
1077 1062 1231 1090 interitione
1242 1060 1354 1088 immuni
1369 1060 1464 1093 edidit,
1486 1060 1524 1087 ita
1542 1067 1647 1095 perma-

871 1114 946 1138 nent.
975 1109 1095 1145 lngenita
1115 1109 1187 1137 enim
1203 1111 1230 1136 et
1243 1108 1402 1142 incorporea
1418 1105 1602 1141 pulchritudo,
1615 1112 1647 1132 ac

872 1164 932 1192 qua:
944 1163 995 1183 nec
1009 1155 1133 1190 cmperit,
1147 1161 1198 1182 nec
1222 1154 1277 1181 ulla
1303 1160 1422 1188 unquam
1437 1152 1497 1179 labe
1522 1151 1646 1182 intereat,

873 1202 920 1230 sed
935 1201 1112 1230 immutabilis
1127 1201 1164 1229 sit
1181 1200 1303 1234 seniique
1319 1206 1416 1234 expers
1431 1205 1463 1226 ac
1477 1197 1551 1225 nullo
1571 1197 1647 1224 labo-

871 1256 936 1276 rans
947 1248 1068 1281 del‘ectu;
1081 1248 1140 1283 ipse
1155 1247 1183 1274 in
1197 1254 1226 1274 se
1236 1247 1294 1281 ipso
1304 1253 1337 1273 ac
1356 1252 1438 1280 penes
1449 1253 1479 1272 se
1490 1244 1603 1275 Lumen,
1618 1243 1647 1270 in

873 1293 1055 1322 ineﬂ'abilibus
1068 1301 1100 1320 ac
1112 1292 1346 1320 inaccessibilibus
1370 1291 1554 1327 requiescens,
1572 1293 1649 1326 pote--

873 1339 951 1367 statis
974 1338 1110 1366 allluentia
1131 1337 1222 1365 omnia
1246 1337 1408 1368 continens,
1439 1342 1588 1370 crcansque
1616 1341 1649 1361 ac

874 1389 992 1416 struens,
1011 1384 1044 1412 ad
1069 1383 1195 1419 imaginis
1221 1390 1277 1410 suae
1296 1382 1450 1417 imaginem,
1468 1381 1586 1408 animam
1608 1380 1649 1407 [ο-

873 1430 995 1458 bricatus
1008 1433 1060 1457 est.
1074 1429 1257 1463 Quamobrem
1268 1428 1348 1456 etiam
1364 1427 1470 1454 ratione
1487 1425 1597 1461 prazdita
1607 1430 1650 1454 est

874 1480 901 1503 et
916 1475 1088 1504 immortalis.
1103 1475 1142 1502 Ad
1155 1475 1298 1510 imaginem
1312 1474 1410 1509 quippe
1425 1472 1562 1508 Unigeniti
1583 1479 1649 1499 con-

47 1519 90 1545 Διὸ
109 1519 139 1555 δὴ
162 1521 210 1548 καὶ
233 1521 270 1548 τὰ
292 1525 475 1558 πνευματικὰ
496 1526 551 1560 τῆς
564 1527 708 1560 πονηρίας
725 1528 822 1563 ἐρῶσιν

875 1522 941 1555 dita,
971 1521 1188 1558 incomparabili,
1212 1521 1251 1548 uti
1268 1519 1401 1551 dicebam,
1428 1519 1510 1554 pollet
1540 1518 1647 1546 decore.

47 1564 136 1598 αὐτῆς.
151 1567 200 1592 καὶ
215 1567 391 1603 ἐφεδρεύουσι
401 1571 498 1605 χρᾶναι
513 1571 660 1607 βιαζόμενα
679 1573 727 1608 τὴν
744 1573 823 1600 θεοεί-

27 1634 30 1638 .
46 1611 117 1638 κελον
134 1613 223 1648 αὐτῆς
236 1614 343 1650 ἐκείνην
356 1615 402 1641 καὶ
417 1616 563 1652 ἐπέραστον
582 1618 665 1646 ἰδέαν·
683 1619 775 1655 ὥσπερ
791 1620 823 1656 δὴ

47 1658 88 1684 καὶ
113 1659 127 1684 ὁ
152 1659 298 1695 προφήτης
335 1661 468 1696 Ἱερεμίας
492 1664 662 1699 παρίστησιν,
687 1665 823 1698 ὀνειδίζων

52 1702 225 1738 Ἰερουσαλήμ
239 1711 245 1718 ·
270 1705 355 1739 ὀψις
368 1707 481 1740 πόρνης
492 1707 609 1743 ἐγένετό
628 1717 692 1737 σοι·
724 1711 823 1745 ἀπην-

46 1748 251 1782 αισχύντησας
274 1749 418 1778 ἀπέναντι
440 1752 498 1778 τῶν
524 1753 656 1787 ἐραστῶν
682 1763 757 1782 σου·
774 1756 822 1791 τὴν

47 1793 239 1828 παρασχοῦσαν
259 1794 359 1831 ἑαυτὴν
384 1798 442 1828 ταῖς
466 1798 663 1833 ἀντικειμέναις
680 1800 823 1835 δυνάμεσιν

24 1831 83 1868 ﬁt;
95 1838 249 1874 βεϐήλωσιν
261 1839 357 1874 λέγων.
385 1841 511 1877 Ἐρασταὶ
524 1831 577 1879 γάρ
591 1845 659 1871 εἰσιν
673 1845 686 1870 ὁ
701 1831 823 1877 διάοολος

47 1883 90 1909 καὶ
102 1883 204 1919 οἱπερὶ
226 1884 308 1911 αὑτὸν
334 1886 454 1920 ἄγγελοι,
480 1887 504 1914 οἱ
518 1889 548 1915 τὸ
565 1889 670 1923 λογικὸν
685 1890 761 1925 ἡμῶν
776 1890 822 1917 καὶ

34 1970 35 1973 Ἰ
47 1927 192 1962 διορατιχὺν
205 1930 256 1965 τῆς
275 1933 430 1967 φρονήσεως
443 1933 539 1966 κάλλος
556 1935 670 1970 μιαίνειν
682 1937 729 1963 καὶ
743 1936 823 1972 μολύ-

30 1976 97 2006 Κνειν
117 1978 152 2011 τῇ
178 1976 285 2003 ἑαυτῶν
308 1978 431 2014 ἐπιμιξίᾳ
449 1980 646 2016 τεχναξόμενοι,
667 1982 712 2008 καὶ
735 1983 824 2018 μοιχοὶ

47 2022 167 2055 γενέσθαι
191 2023 284 2059 πάσης
301 2024 352 2060 τῆς
366 2025 404 2061 τῷ
428 2026 521 2062 Κυρίῳ
537 2028 755 2064 νενυμφευμένης
766 2029 827 2056 ἐπι-

48 2067 191 2102 θυμοῦντες
202 2068 302 2104 ψυχῆς.

873 1568 963 1602 Quare
975 1569 1108 1604 spiritalia
1123 1568 1244 1604 nequitia:
1256 1567 1279 1583 ⁸⁸
1294 1574 1353 1594 eam
1364 1565 1468 1602 perdite
1482 1568 1584 1598 amant,
1600 1572 1648 1592 ne-

873 1618 1002 1650 ctuntque
1028 1614 1160 1646 insidias,
1186 1613 1304 1641 enlictim
1334 1612 1502 1640 connitentes
1536 1615 1566 1637 ut
1589 1610 1647 1644 ejus

873 1659 1031 1688 deiformem
1045 1660 1118 1687 illam
1134 1659 1410 1693 amabilissimamque
1425 1657 1541 1692 speciem
1557 1657 1649 1684 detur-

873 1710 938 1742 pent
952 1714 984 1733 ac
998 1706 1133 1741 polluant;
1149 1706 1188 1733 uti
1198 1709 1225 1734 et
1239 1705 1369 1741 propheta
1385 1703 1516 1732 Jeremias
1534 1703 1647 1734 indicat,

873 1753 1040 1789 exprobrans
1060 1752 1209 1780 Jerusalem
1228 1762 1234 1780 :
1260 1751 1346 1779 Frons
1363 1750 1504 1778 meretricis
1527 1749 1597 1784 facta
1611 1753 1649 1775 est

874 1799 922 1826 tibi
934 1806 943 1825 :
958 1798 1064 1825 noluisti
1075 1798 1222 1826 erubescere
1233 1799 1260 1825 in
1274 1801 1410 1832 conspectu
1428 1801 1574 1823 amatorum
1589 1799 1649 1821 tuo-

875 1853 934 1872 rum
945 1845 977 1877 "’,
993 1844 1027 1871 de
1040 1852 1071 1872 ea
1083 1845 1196 1880 loquens
1212 1851 1272 1879 qua!
1281 1851 1310 1871 se
1325 1842 1464 1878 prostituit
1485 1840 1648 1868 adversariis

874 1890 1055 1925 potestatibus
1072 1890 1100 1917 in
1123 1889 1390 1917 eontaminationem.
1417 1888 1558 1915 Amatores
1577 1886 1649 1913 enim

875 1941 938 1964 sunt
949 1937 1073 1965 diabolus
1084 1941 1111 1965 et
1126 1936 1215 1972 angeli
1231 1936 1301 1971 ejus,
1315 1935 1361 1971 qui
1388 1939 1512 1962 nostrum
1526 1940 1587 1960 cum
1603 1939 1648 1958 ra-

875 1983 949 2010 tione
962 1983 1115 2019 ingeniique
1130 1982 1336 2018 perspicacitate
1349 1980 1498 2016 prudentia:
1523 1979 1649 2006 decorem

878 2029 1032 2064 polluereet
1046 2029 1188 2064 inquinare
1210 2027 1253 2055 sui
1279 2026 1465 2055 commistione
1491 2024 1650 2052 machinan-

877 2079 928 2108 tes,
944 2082 1052 2102 omnem
1064 2074 1119 2102 Deo
1133 2074 1323 2110 desponsatam
1340 2072 1458 2099 animam
1473 2074 1651 2106 constuprare

874 2121 1043 2156 percupiunt.

610 2174 672 2203 CAP.
686 2176 717 2205 Il.
731 2177 863 2204 Parabola
875 2177 960 2204 decem
975 2178 1112 2213 virginum.

86 2216 148 2243 Ἐὰν
169 2214 218 2243 οὖν
236 2217 385 2252 ἁμὸλυντον
396 2218 475 2246 τοῦτο
490 2222 600 2257 τηρήσει
614 2230 655 2254 τις
677 2224 708 2250 τὸ
731 2224 823 2256 κάλλος

912 2224 940 2251 Si
950 2232 1015 2260 ergo
1029 2224 1183 2252 inviolatam
1200 2223 1334 2252 custodiat
1344 2222 1405 2258 quis
1418 2226 1445 2249 et
1456 2222 1565 2249 illaesam
1581 2221 1651 2248 hanc

50 2263 93 2288 nl.
117 2263 221 2294 ἀσινὲς,
247 2263 294 2290 καὶ
312 2264 441 2297 τοιοῦτον,
459 2267 548 2293 ὁποῖον
567 2267 646 2299 αὐτὸς
660 2269 674 2295 ὁ
692 2271 825 2307 συστησά-

82 2322 104 2338 ¹⁶
124 2320 270 2356 Ephes.vt,
290 2321 333 2349 12.
372 2323 393 2338 ’⁷
413 2323 560 2357 JerentJu,
574 2325 601 2352 5.

52 2379 84 2405 cti
97 2379 266 2420 sacerdotio,
293 2388 344 2408 nec
356 2381 447 2408 minus
462 2381 536 2420 cl_er_o
552 2382 657 2417 reliquo
676 2383 827 2420 ἱερατεύον-

51 2423 103 2446 τες,
119 2417 242 2454 potiores
252 2417 286 2454 Din
303 2423 335 2454 eo
351 2421 442 2454 partes
461 2417 601 2454 _obtinent,
617 2418 690 2454 quod
701 2417 728 2446 et
740 2419 826 2454 ἀσκή-

52 2457 88 2489 σει
98 2450 230 2484 cultuque
241 2449 359 2489 ornatas
371 2452 467 2485 majori
483 2449 634 2486 prmstant,’
643 2453 721 2489 ejus_
731 2449 827 2488 sponte

52 2485 86 2510 rei
103 2485 375 2522 votoquevlabiorum
392 2485 513 2517 suorum.
530 2495 583 2514 non
611 2485 684 2522 quod
702 2485 824 2516 Ecclesia

51 2521 241 2559 necessitatem
247 2521 463 2559 ordinationibus
464 2522 527 2559 _suis
537 2521 823 2559 indixerit.CoueEsIs.

83 2555 138 2589 (85)
146 2555 213 2588 φῶς
228 2555 264 2592 ἐν
275 2555 447 2592 ἀφράστως.
463 2556 570 2583 Praetuli
586 2565 665 2592 quam
684 2559 825 2586 lectionem

52 2595 222 2624 repraesentat
233 2589 288 2618 Leo
302 2591 427 2622 Allatius,
440 2592 490 2618 etsi
505 2592 530 2618 is
540 2592 567 2619 in
578 2589 702 2620 vcrsione
714 2593 826 2620 alteram

51 2629 213 2667 sec_utusest,
223 2633 306 2667 quam
316 2627 450 2667 expressit
458 2627 540 2654 editio
549 2627 646 2667 Lupar.
657 2632 782 2667 tanquam
794 2637 827 2655 ex

52 2658 118 2691 Vah,
135 2665 165 2687 ut
176 2658 308 2696 nimirum
318 2658 524 2695 τοάςρράστοις
532 2662 580 2688 καὶ
588 2658 767 2696 ἃπροσίτὶγις,
780 2664 829 2690 ab-

51 2695 131 2734 solute
138 2700 267 2734 poliatur:
276 2695 450 2734 l_’ala_m_eniin
461 2697 578 2734 respexit
587 2695 736 2734 litethodius
748 2698 829 2726 illudi

52 2728 111 2757 Tim.
129 2728 165 2762 vi,
183 2731 217 2758 16
232 2741 238 2758 :
252 2730 313 2762 Φῶς
323 2730 405 2757 οἰκῶν
419 2728 573 2766 ἀπρόσιτον,
586 2732 637 2765 Qui
646 2733 774 2760 inhabitat
789 2734 829 2760 lu-

50 2772 98 2803 ~tem
112 2766 342 2803 inaccessibilem;
361 2773 440 2803 qtlem
462 2767 486 2803 is
502 2771 582 2803 recte.
596 2767 723 2803 eamdem
742 2769 826 2803 ipsam

50 2800 129 2827 lucem
144 2802 354 2836 interpretatur,
370 2801 409 2827 sic
424 2801 449 2827 in
474 2802 654 2829 ineﬂ'abilibus
666 2807 693 2830 et
707 2800 827 2830 inacces-

49 2836 168 2864 sibllibus
180 2837 386 2872 quiescentem;
404 2843 456 2864 non
467 2837 656 2872 potestatibus,
669 2839 716 2866 sed
727 2839 825 2866 divinis

876 2272 1113 2307 pulchritudinem,
1136 2271 1247 2299 omnino
1277 2271 1359 2299 talem
1384 2270 1491 2305 qualem
1519 2269 1576 2304 ipse
1604 2268 1650 2304 qui

878 2385 935 2412 suis
946 2385 1024 2412 bonis
1036 2392 1067 2412 ac
1082 2385 1190 2412 dotibus
1201 2384 1262 2419 ;qui
1280 2384 1420 2419 potestatis
1436 2382 1650 2419 abundantia_sic

877 2419 981 2447 animas
996 2420 1029 2446 ad
1046 2420 1170 2455 imaginis
1193 2417 1248 2447 sua:
1265 2417 1406 2455 imaginem
1423 2418 1581 2455 condiderit.
1599 2417 1650 2450 Qui

877 2462 947 2481 unus
972 2463 1068 2482 sensus
1088 2453 1218 2490 angustus
1246 2459 1297 2486 est,
1323 2453 1354 2481 ac
1365 2453 1507 2490 _Methodio
1529 2453 1649 2490 dignus:

877 2490 945 2516 alter
959 2490 1036 2517 valde
1050 2487 1183 2524 insipidus
1197 2493 1224 2518 et
1238 2490 1352 2517 alienus.
1364 2488 1449 2515 Porro
1466 2487 1542 2524 quod
1555 2487 1651 2521 imagi-

876 2525 920 2552 nis
935 2525 1076 2559 imaginem
1092 2522 1157 2552 dicit
1182 2529 1287 2553 creatas
1298 2525 1412 2556 animas,
1443 2522 1651 2559 secundunLap-

879 2555 1086 2594 propriafionem
1100 2561 1179 2587 debet
1192 2560 1316 2594 intelligi,
1332 2563 1358 2586 et
1381 2555 1451 2593 quod
1467 2558 1553 2594 imago
1583 2555 1651 2594 Filio

878 2592 1013 2621 tribuatur
1026 2603 1058 2622 ex
1074 2595 1181 2629 speciali
1191 2592 1294 2622 ratione
1305 2601 1359 2622 sua:
1372 2592 1570 2629 processimus,
1580 2592 1652 2629 quod

881 2629 916 2656 sit
943 2629 1030 2658 Patris
1061 2626 1189 2660 Vérbum,
1207 2634 1233 2656 et
1249 2626 1380 2663 expressa
1392 2628 1465 2655 illius
1491 2626 1651 2663 similitudo.

883 2663 1014 2691 Caeterum
1045 2669 1074 2691 ut
1089 2672 1141 2692 non
1157 2668 1230 2691 creat
1253 2662 1332 2691 Pater
1351 2667 1380 2691 ut
1402 2663 1491 2693 Pater,
1519 2662 1566 2689 sed
1582 2669 1652 2688 unus

883 2699 939 2733 ipse
951 2699 1033 2729 Deus.
1047 2707 1108 2726 cum
1125 2699 1193 2726 Filio
1209 2706 1240 2725 ac
1257 2698 1357 2733 Spiritu
1375 2702 1468 2726 sancto
1480 2697 1517 2733 (id
1529 2696 1652 2733 estbeata

906 2735 1010 2769 rinitas)
1029 2742 1082 2761 una
1109 2735 1206 2769 virtus,
1240 2731 1291 2760 una
1308 2737 1447 2767 potestas;
1463 2731 1604 2769 si‘cineque
1619 2731 1653 2758 ad

881 2769 1021 2804 imaginem
1039 2769 1118 2796 Verbi
1131 2773 1159 2796 ut
1174 2768 1290 2796 Verbum
1306 2772 1356 2799 est,
1368 2773 1453 2796 creat.
1467 2768 1513 2804 s_ed
1529 2768 1561 2795 ad
1576 2773 1652 2804 suam

880 2802 982 2838 ipseﬁut
998 2804 1068 2831 Deus
1084 2812 1154 2831 unus
1181 2808 1232 2839 est.
1252 2811 1374 2839 unusque
1393 2811 1454 2830 cum
1470 2802 1537 2830 Filio
1549 2807 1574 2830 et
1587 2802 1654 2829 Ver-

879 2839 912 2867 bo
922 2847 953 2867 ac
970 2839 1070 2873 Spiritu
1083 2845 1196 2869 creator.
1212 2838 1249 2867 lo.
