1908 3078
50 126 94 153 “3

574 128 762 157 CONVIVIUM
783 128 895 156 DECEM
914 127 1091 156 VIRGINUM.

1594 129 1646 158 ιη

50 185 203 222 μαρςούσης,
225 187 396 223 πειράσομαι
424 190 457 224 δὴ
474 190 543 216 κατὰ
568 189 682 225 δύναμιν
694 189 770 224 κάγὼ
786 190 825 221 είς

877 187 1041 224 provinciam
1052 194 1133 223 quam
1147 187 1276 222 imponis,
1292 186 1315 213 si
1339 190 1368 213 tu
1380 185 1446 214 mihi
1463 189 1561 221 pmsto
1575 186 1648 214 fave-

48 232 75 258 τὺ
89 232 262 267 προκείμενον
287 234 497 268 είσενέγκασθαί
510 244 545 267 τι,
557 236 615 262 κατ’
631 235 751 271 ἐμαυτὴν
764 236 825 271 μέν·

40 286 92 309 ,ιι-οι,
108 278 151 304 καὶ
165 278 197 304 οὺ
213 279 286 314 πρὸς
301 279 335 306 τὰ
352 281 495 316 εἰρημένα.
511 281 548 307 Οὐ
565 281 618 316 γὰρ
646 281 678 308 ἂν
694 281 824 316 δυναίμην

49 324 173 358 ipsailla.
184 324 293 357 τούτοις
308 326 378 353 οὕτω
391 327 517 359 ποικίλως
531 328 576 354 καὶ
588 327 719 363 λαμπρῶς
735 328 826 362 ἀπειρ-

49 369 184 402 γαςμένοις
211 369 380 404 φιλοσοφεῖν.
401 371 472 403 Δόξω
485 372 537 407 γὰρ
553 371 734 406 ἀποφέρεσθαι
743 371 824 406 ψόγον

48 413 213 448 ἁὸελτηρίας,
238 416 264 441 εἰ
281 417 338 448 τοῖς
362 417 434 443 κατὰ
449 417 542 451 σοφίαν
559 416 727 449 ὲξισάζεσθαι
740 417 826 452 κρείτ-

47 467 99 485 τοσι
122 460 319 497 προσπηδῴην.
344 463 376 488 Et
397 460 444 489 οὖν
464 462 589 495 ἀνέξεσθε
618 462 733 489 καὶτῶν
752 463 824 494 ὅπως

48 505 76 532 ἂν
89 505 158 542 τύχῃ
182 508 396 543 ρητορευόντων,
417 508 545 544 ὲπιχειρῶ
562 508 661 543 λέγειν,
672 508 747 536 οὐδὲν
758 517 824 545 προ-

46 551 140 586 ὼμίας
156 552 358 589 καθυφειμένη.
380 555 505 591 Ἀρκτὲον
516 556 544 582 δὲ
555 555 687 582 ἐντεῦθεν.

874 234 922 260 ris.
937 232 1038 268 Nempe
1050 232 1170 260 conabor
1181 235 1209 260 et
1219 238 1268 267 ego
1284 231 1317 258 ad
1333 231 1484 266 argumenti
1516 231 1647 266 propositi

875 279 1061 308 tractationem
1077 278 1200 306 conferre
1210 277 1326 312 aliquid;
1342 277 1572 304 accommodatum
1584 278 1646 312 qui-

875 325 936 352 dem
953 325 1018 352 illud
1034 324 1125 359 potius
1138 323 1172 350 ad
1187 327 1296 358 captum
1322 322 1462 349 tenuitatis
1478 330 1553 354 meae,
1564 330 1646 358 quam

874 371 964 400 debita
980 371 1154 406 proportione
1171 369 1336 405 respondens
1349 369 1382 397 iis
1395 377 1455 404 quae
1468 370 1523 403 jam
1535 369 1568 396 ab
1584 370 1644 396 aliis

873 421 998 452 perorata
1013 421 1084 444 sunt.
1099 416 1158 444 Non
1168 417 1238 444 enim
1251 416 1351 452 possim
1369 415 1445 451 paria
1456 415 1498 442 his
1508 423 1567 450 quae
1577 415 1644 443 adeo

875 464 950 491 varie
976 467 1002 491 et
1029 463 1170 498 splendide
1196 463 1334 490 elaborata
1348 467 1422 494 sunt,
1448 461 1594 497 disputare.
1612 461 1645 489 Et

875 509 995 537 stultitiae
1010 508 1132 544 profecto
1150 513 1241 536 notam
1261 509 1289 535 in
1306 515 1348 536 me
1368 507 1518 542 transferre
1541 507 1643 538 videar,

875 555 898 582 si
915 554 949 582 ad
961 554 988 581 id
1003 554 1128 582 connitar
1142 561 1228 588 eoque
1242 553 1369 584 insiliam,
1379 555 1408 579 ut
1431 559 1522 579 earum
1538 551 1646 579 dicendi

46 597 121 625 laude
153 600 341 634 aequalitatem
370 602 437 628 mihi
452 602 510 637 ipsa
532 602 647 629 ambiam
672 609 732 637 quae
757 601 889 637 sapientia
915 604 1054 637 praestant.
1086 599 1115 626 Si
1130 601 1191 635 quis
1207 599 1288 634 igitur
1309 602 1351 626 est
1377 597 1449 632 apud
1466 605 1515 624 vos
1541 596 1648 624 dicendi

46 645 119 671 locus
130 644 167 671 iis
182 646 231 679 qui
247 647 379 674 mediocri
406 651 433 675 et
448 648 550 684 vulgari
572 648 679 676 dicendi
697 648 825 676 facultate
839 641 965 676 instructi
982 651 1058 679 sunt,
1072 647 1163 674 dicere
1182 645 1338 682 aggredior;
1361 644 1429 672 nihil
1445 643 1517 680 quod
1531 643 1565 670 ad
1585 650 1649 670 cau-

45 697 99 718 sam
111 691 184 720 hanc
195 693 280 721 faciat
292 694 374 722 studii
388 703 420 723 ac
434 695 578 732 diligentiae
607 696 826 732 praetermittens.
841 695 970 730 Incipiam
982 698 1072 722 autem
1087 694 1161 722 hinc.

81 740 249 775 Ἀμήχανον,
269 739 292 769 ὧ
315 743 454 779 παρθένοι,
468 744 574 776 κάλλος,
593 745 639 771 καὶ
650 744 779 779 συγγενὲς
790 745 823 779 τῇ

45 786 122 821 σοφία
136 787 184 813 καὶ
200 788 364 825 πρόσφορον,
377 789 494 822 ἅπαντες
508 791 547 822 εἰς
559 791 605 817 τὸν
619 791 719 826 κόσμον
731 799 825 826 κεκτη-

911 741 1130 777 lncomparabili,
1146 748 1161 769 o
1176 740 1307 776 virgines,
1326 742 1496 775 cognataque
1517 740 1598 772 atque
1609 735 1649 762 af-

874 787 921 816 ﬁni
935 787 1073 822 sapientiae
1086 786 1220 821 insignitae
1232 786 1329 818 {ot-ma,
1341 785 1370 812 in
1385 783 1515 811 mundum
1526 783 1649 810 venimus

45 831 117 882 μένοι
141 832 240 882 τοῦτον
260 835 454 871 ἀφικνούμεθα,
484 837 701 873 Ἀπηκρίσωνται
724 837 777 872 γὰρ
796 838 823 864 αἱ

877 841 979 862 omnes.
996 832 1096 860 Exacte
1105 831 1188 864 enim,
1204 832 1263 867 ejus
1280 831 1327 866 qui
1341 830 1434 865 genuit
1448 833 1529 864 atque
1548 828 1649 855 forma—

43 876 122 911 ψυχαὶ
138 878 179 912 τῷ
192 880 353 915 γεννήσαντι
372 882 432 909 τότε
450 883 564 918 μάλιστα
579 883 625 910 καὶ
650 883 822 918 πλασαμένῳ,

43 922 120 949 ὁπότε
135 923 185 959 τὴν
196 925 258 951 καθ’
267 927 395 961 ὁμοίωσιν
407 928 476 956 ἰδέαν
487 929 617 965 ᾶχραντον
627 929 824 965 ὲκλάμπουσαι;

44 970 89 995 καὶ
117 971 182 1002 τοὺς
201 973 378 1008 χαρακτῆρας
401 975 450 1010 τῆς
462 975 547 1010 ὅψεως
569 976 687 1012 ἐκείνης,
711 977 778 1013 πρὸς
792 977 825 1012 ἢν

44 1015 151 1051 ἀφορῶν
172 1018 187 1043 ό
210 1017 287 1050 Θεὸς,
317 1019 449 1047 ἀθάνατον
471 1022 576 1057 μορφὴν
599 1023 646 1049 καὶ
675 1023 825 1060 ἀνώλεθρον

45 1062 157 1097 ἑκούσας
167 1064 254 1096 αὐτὰς
268 1065 457 1102 ἀπειργάζετο,
471 1068 591 1095 τοιαῦται
607 1069 771 1105 διαμένουσι.
788 1071 824 1098 Τὸ

45 1108 98 1143 γὰρ
112 1109 261 1144 ἀγέννητον
277 1111 373 1144 καλλος
391 1113 437 1139 καὶ
455 1113 607 1149 ἀσώματον,
623 1116 668 1143 καὶ
683 1117 751 1152 μήτε
773 1117 824 1153 ἀρ-

46 1154 158 1189 χόμενον
187 1157 258 1191 μήτε
285 1157 393 1192 φθίνον,
421 1159 478 1186 ἀλλ’
501 1161 634 1196 ἄτρεπτον
655 1162 702 1189 καὶ
730 1162 825 1198 ἀγήοω

47 1201 93 1227 καί
119 1202 280 1237 ἀπροσδεὲς,
304 1204 386 1236 αὐτὸς
406 1206 436 1232 ὲν
455 1206 541 1241 ἑαυτῷ
558 1207 605 1234 καὶ
628 1208 667 1240 εἰς
686 1208 752 1237 αὐτὸ
768 1208 826 1243 φῶς

46 1246 76 1272 ἐν
100 1247 250 1282 ἀφρὰποις
289 1249 345 1284 (85)
365 1250 410 1277 καὶ
432 1251 586 1286 ἀπροσίτοις
610 1253 824 1289 ἀναπαυόμενον,

48 1292 168 1325 ἐξουσίας
189 1295 335 1331 περιουσίᾳ
374 1297 462 1323 πάντα
493 1299 626 1334 περιέχων
653 1300 701 1326 καὶ
727 1300 826 1333 κτίζων

51 1337 97 1363 καὶ
123 1338 344 1372 μετασκευάζων,
367 1341 527 1377 ἐτεκτήνατο
548 1343 606 1370 κατ’
622 1345 712 1372 εἰκόνα
727 1345 776 1380 τῆς
788 1346 827 1371 εἰ-

47 1381 121 1413 κόνος
145 1383 244 1409 ἑαυτοῦ
269 1384 318 1419 τὴν
331 1384 428 1420 ψυχήν.
455 1387 500 1413 Διὸ
513 1388 559 1414 καὶ
575 1388 670 1425 λογικὴ
686 1390 732 1418 καὶ
760 1390 828 1417 ἀθά-

29 1426 123 1475 [pc—aro;
145 1428 214 1475 ἐστι.
238 1430 332 1475 'rKat“
346 1431 437 1458 είκόνα
454 1432 507 1468 γὰρ
528 1433 757 1470 δημιουργηθεῖσα
779 1434 826 1463 τοῦ

46 1472 222 1506 Μονογενοῦς,
237 1474 276 1506 ὡς
291 1471 368 1511 ἔφην,
386 1477 586 1513 ἀνυπέρϐλητον
603 1479 658 1515 ἔχει
675 1480 705 1511 τὸ
718 1481 825 1513 κάλλος.

874 881 922 914 vit,
939 881 1101 907 lineamenta
1115 878 1211 906 animae
1227 877 1359 909 referunt,
1372 880 1430 903 tum
1454 875 1571 903 maxime
1586 882 1648 902 cum

875 925 1061 955 similitudinis
1089 924 1250 952 intaminato
1275 922 1434 957 etfulgentes
1452 921 1567 957 :decore,
1590 920 1650 948 vul-

873 977 973 1008 tusque
987 972 1060 999 illius
1076 978 1108 998 ac
1122 969 1283 1004 exemplaris
1302 968 1472 996 characteres
1488 968 1592 995 lucidos
1606 975 1650 996 re-

875 1017 1002 1049 ferentes,
1016 1015 1050 1042 ad
1066 1014 1139 1050 quod
1157 1015 1265 1042 intuens
1279 1013 1360 1047 Deus,
1374 1013 1519 1041 immortali
1531 1020 1578 1041 eas
1593 1012 1649 1039 for-

873 1071 919 1091 ma
933 1067 1014 1099 atque
1030 1062 1064 1089 ab
1079 1061 1233 1090 interitione
1244 1060 1356 1088 immuni
1371 1059 1465 1093 edidit,
1488 1060 1526 1086 ita
1544 1066 1649 1094 perma-

873 1113 949 1137 nent.
977 1109 1096 1144 lngenita
1117 1108 1188 1136 enim
1204 1110 1231 1136 et
1244 1107 1404 1141 incorporea
1420 1104 1604 1141 pulchritudo,
1617 1112 1649 1131 ac

874 1163 934 1191 quae
946 1162 997 1183 nec
1011 1154 1134 1189 cmperit,
1150 1161 1200 1181 nec
1224 1153 1279 1181 ulla
1305 1159 1424 1187 unquam
1439 1151 1498 1179 labe
1523 1151 1647 1182 intereat,

875 1201 923 1229 sed
937 1200 1114 1229 immutabilis
1129 1200 1165 1228 sit
1182 1199 1305 1234 seniique
1321 1206 1418 1234 expers
1433 1205 1465 1225 ac
1479 1197 1553 1225 nullo
1572 1196 1648 1223 labo-

874 1255 938 1275 rans
949 1247 1070 1281 defectu;
1083 1247 1141 1282 ipse
1157 1246 1185 1273 in
1198 1253 1228 1274 se
1238 1246 1297 1281 ipso
1307 1253 1339 1273 ac
1359 1252 1441 1280 penes
1451 1252 1481 1272 se
1492 1243 1604 1275 Lumen.
1620 1242 1648 1270 in

875 1293 1057 1321 ineﬂabilibus
1071 1300 1103 1320 ac
1114 1291 1348 1320 inaccessibilibus
1372 1291 1555 1326 requiescens,
1573 1293 1650 1325 pote-

875 1339 953 1367 statis
976 1338 1112 1365 aﬂluentia
1133 1336 1224 1365 omnia
1247 1336 1410 1368 continens,
1441 1342 1589 1370 creansque
1617 1340 1650 1361 ac

876 1389 995 1416 struens,
1013 1383 1047 1411 ad
1071 1383 1197 1418 imaginis
1223 1390 1279 1410 Sua:
1298 1381 1452 1417 imaginem,
1470 1380 1587 1407 animam
1609 1379 1650 1406 fa-

875 1429 997 1457 bricatus
1010 1433 1062 1457 est.
1077 1428 1259 1462 Quamobrem
1269 1427 1350 1455 etiam
1366 1427 1471 1454 ratione
1488 1425 1598 1461 praedita
1608 1429 1650 1453 est

876 1479 903 1502 et
919 1475 1089 1503 immortalis.
1106 1474 1144 1502 Ad
1157 1474 1300 1510 imaginem
1314 1473 1412 1508 quippe
1426 1471 1563 1508 Unigeniti
1584 1478 1650 1498 con-

47 1518 92 1544 Διὸ
111 1518 140 1554 δή
162 1520 212 1546 καὶ
233 1521 272 1548 τὰ
294 1524 477 1557 πνευματικὰ
498 1524 552 1559 τῆς
566 1527 710 1560 πονηρίας
727 1527 824 1562 ἐρῶσιν

877 1521 943 1554 dita,
974 1520 1190 1557 incomparabili,
1214 1520 1253 1547 uti
1270 1519 1402 1551 dicebam,
1430 1519 1511 1553 pollet
1541 1518 1648 1546 decore.

47 1563 137 1598 αὐτῆς,
152 1566 201 1592 καὶ
216 1566 393 1602 ἐφεδρεύουσι
403 1570 499 1604 χρᾶναι
515 1570 662 1606 βιαζόμενα
681 1572 729 1608 τὴν
746 1572 825 1599 θεοεί-

29 1628 33 1637 ι
47 1609 119 1636 κελον
135 1612 224 1647 αὐτῆς
237 1613 344 1649 ἐκείνην
358 1614 405 1640 καὶ
419 1615 565 1651 ἐπέραστον
583 1617 667 1645 ἰδέαν·
684 1617 777 1654 ὥσπερ
793 1619 824 1656 δὴ

48 1657 89 1682 καὶ
114 1658 128 1683 ὁ
153 1658 300 1694 προφήτης
337 1660 469 1696 Ἱερεμίας
493 1663 664 1698 παρίστησιν,
689 1665 825 1697 ὀνειδίζων

54 1700 226 1737 Ἰερουσαλήμ
239 1710 247 1717 ’
271 1704 357 1738 Ὅψις
370 1706 483 1740 πόρνης
494 1706 611 1742 ἐγένετό
630 1716 694 1736 σοι·
727 1710 824 1744 ἀπην-

48 1748 252 1781 αισχύγτησας
276 1749 420 1777 ἀπέναντι
442 1751 500 1777 τῶν·
526 1752 658 1786 ἐραστῶν
684 1763 759 1781 σου·
775 1755 824 1791 τὴν

49 1792 240 1827 παρασχοῦσαν
261 1793 360 1830 ἑαυτὴν
385 1797 444 1827 ταῖς
467 1797 665 1832 ἀντικειμέναις
682 1799 825 1834 δυνάμεσιν

28 1830 83 1867 ἀλείς
95 1837 250 1873 βεϐήλωσιν
262 1838 359 1872 λέγων.
387 1840 513 1876 Ἐρασταὶ
526 1830 579 1878 γάρ
593 1844 660 1870 εἰσιν
674 1844 688 1869 ό
703 1830 825 1876 statim;

48 1882 90 1908 καὶ
103 1882 205 1918 οἱπερὶ
226 1883 310 1910 αὐτὸν
336 1884 456 1919 ἄγγελοι,
481 1887 506 1913 οἱ
520 1888 550 1914 τὸ
567 1888 672 1922 λογικὸν
687 1889 763 1924 ήμῶν
778 1890 824 1916 καὶ

48 1926 193 1961 διορατικὸν
205 1929 257 1964 τῆς
277 1932 432 1966 φρονήσεως
445 1932 541 1965 κάλλος
558 1934 672 1968 μιαίνειν
684 1935 731 1962 καὶ
745 1935 824 1971 μολύ‹

32 1976 97 2005 Κνειν
117 1977 151 2010 τῇ
177 1975 286 2002 ἑαυτῶν
310 1976 433 2013 ἐπιμιξίᾳ
450 1979 648 2015 τεχναςόμενοι,
668 1981 714 2007 καὶ
737 1983 826 2017 μοιχοὶ

49 2021 167 2054 γενέσθαι
191 2022 285 2058 πάσης
303 2023 353 2058 τῆς
366 2023 406 2060 τῷ
430 2025 523 2061 Κυρίῳ
539 2027 757 2063 νενυμφευμένης
768 2028 828 2055 ἑπι-

50 2066 191 2102 θυμοῦντες
202 2067 303 2103 ψυχῆς.

875 1567 965 1601 Quare
978 1568 1110 1603 spiritalia
1125 1567 1246 1603 nequitia:
1258 1567 1280 1583 ¹⁶
1295 1573 1354 1594 eam
1366 1565 1470 1601 perdite
1484 1567 1585 1597 amant,
1602 1572 1650 1592 ne-

875 1617 1004 1649 ctuntque
1029 1613 1161 1646 insidias,
1188 1612 1306 1641 eﬂlictim
1335 1612 1504 1640 connitentes
1536 1615 1568 1637 ut
1591 1610 1649 1644 ejus

875 1659 1034 1687 deiformem
1047 1659 1120 1686 illam
1136 1658 1412 1692 amuhilissimamque
1426 1656 1542 1692 speciem
1559 1656 1650 1683 detur-

875 1709 940 1741 pent
954 1713 986 1732 ac
1000 1705 1135 1740 polluant;
1150 1705 1190 1732 uti
1200 1709 1226 1733 et.
1241 1704 1370 1740 propheta
1387 1703 1518 1732 Jeremias
1535 1703 1648 1734 indicat,

875 1752 1042 1788 exprobrans
1061 1751 1211 1779 Jerusalem
1230 1761 1236 1779 :
1261 1750 1348 1778 Frons
1364 1750 1505 1777 meretricis
1528 1749 1598 1783 facta
1612 1753 1650 1775 est

876 1798 924 1825 tibi
936 1805 945 1824 :
960 1797 1067 1824 noluisti
1077 1797 1224 1825 erubescere
1235 1799 1261 1824 in
1275 1800 1411 1831 conspectu
1429 1800 1576 1822 amatorum
1590 1798 1650 1820 tuo-

877 1852 935 1871 rum
947 1844 979 1875 ",
995 1843 1028 1871 de
1042 1851 1073 1871 ea
1085 1844 1198 1878 loquens
1213 1850 1273 1878 qua!
1283 1850 1312 1870 se
1326 1842 1466 1877 prostituit
1486 1839 1649 1868 adversariis

875 1889 1057 1924 potestatibus
1073 1889 1102 1916 in
1125 1889 1391 1916 contaminationem.
1418 1887 1560 1914 Amatores
1579 1886 1650 1913 enim

876 1940 940 1963 sunt
951 1936 1075 1964 diabolus
1086 1939 1112 1964 et
1127 1936 1216 1971 angeli
1232 1935 1302 1970 ejus,
1317 1935 1363 1970 qui
1390 1938 1513 1961 nostrum
1528 1940 1589 1960 cum
1604 1939 1650 1958 ra-

877 1983 950 2010 tione
963 1983 1117 2018 ingeniique
1132 1981 1337 2018 perspicacitate
1350 1979 1499 2015 prudentia
1524 1978 1650 2005 decorem

879 2028 1034 2063 polluereet
1048 2029 1190 2063 inquinare
1212 2026 1255 2054 sui
1281 2025 1467 2054 commistione
1493 2023 1651 2051 machinan-

878 2078 930 2106 tes,
946 2081 1054 2102 omnem
1065 2074 1120 2102 Deo
1134 2073 1324 2109 desponsatam
1341 2071 1459 2098 animam
1475 2073 1652 2105 constupraro

876 2120 1045 2155 percupiunt.

612 2173 674 2202 Car.
688 2175 718 2203 ll.
733 2176 865 2203 Parabola
877 2176 962 2204 decem
976 2177 1113 2212 virginum.

87 2215 148 2242 Ἐὰν
169 2213 218 2242 οὖν
236 2216 385 2251 ἁμόλυντον
398 2217 476 2245 τοῦτο
491 2221 601 2256 τηρήσει
616 2229 657 2253 τις
679 2223 709 2249 τὸ
733 2223 825 2255 κάλλος

914 2223 942 2250 Si
952 2231 1016 2259 ergo
1031 2223 1185 2251 inviolatam
1201 2222 1335 2251 custodiat
1345 2221 1406 2257 quis
1420 2225 1447 2248 et
1457 2221 1567 2248 illmsam
1582 2220 1652 2247 hanc

51 2262 94 2288 καὶ
117 2263 221 2294 ἀσινὲς,
248 2262 295 2289 καὶ
313 2263 442 2295 τοιοῦτον,
461 2265 550 2292 ὁποῖον
569 2267 648 2298 αὐτὸς
662 2269 676 2294 ό
694 2270 827 2305 συστησά-

83 2321 105 2336 ίι
124 2319 272 2355 Ephes.vr,
290 2320 334 2348 12.
373 2322 394 2337 ³⁷
414 2321 562 2356 Jcrcnmn,
576 2324 602 2351 5.

53 2378 84 2404 rti
99 2378 267 2419 sacerdotio,
294 2387 345 2406 nec
357 2380 448 2407 minus
463 2381 538 2419 clero
553 2382 659 2417 reliquo
677 2382 828 2419 {sparsum-

52 2421 104 2444 τες,
120 2416 244 2453 potiores
253 2416 288 2453 _in
304 2422 336 2453 eo
351 2420 443 2453 partes
462 2416 603 2453 Aobtinent,
614 2416 691 2452 quod
703 2416 729 2445 et
741 2418 828 2453 ἀσκή-

53 2456 89 2488 σει
99 2449 232 2483 cultuque
243 2449 357 2488 ﬁnale;
372 2450 469 2484 majori
484 2449 636 2485 prmstantf
645 2453 722 2488 ejusi
732 2449 828 2487 sponte

52 2484 87 2509 rei
103 2488 225 2521 votoque
243 2484 376 2521 labiorum
394 2484 515 2516 suorum,
532 2494 585 2513 non
613 2484 685 2521 quod
704 2484 826 2515 Ecclesia

52 2520 240 2546 necessitatem
248 2519 464 2547 ordinationibus
472 2521 529 2549 suis
539 2519 674 2550 indixerit.
681 2522 825 2551 COMBEFIS.

83 2553 139 2588 (85)
148 2554 215 2587 ψῶς
230 2554 266 2591 έν
276 2554 448 2591 ἀφράστως.
463 2554 572 2583 Praetuli
587 2564 666 2591 quam
686 2557 826 2585 lectionem

52 2594 224 2622 rupi-mantat
235 2588 289 2616 Leo
299 2588 428 2622 'Allatius,
441 2591 491 2618 etsi
507 2591 532 2618 is
542 2592 568 2618 in
579 2588 704 2619 vcrsione
715 2593 827 2620 alteram

52 2629 156 2662 secutus
162 2628 215 2662 est,
225 2632 306 2659 quam
316 2626 451 2662 capi-assit
459 2626 542 2653 editio
551 2626 647 2661 Lupar.
659 2631 784 2661 tanquam
796 2636 828 2655 ex

53 2657 120 2689 Vat.,
138 2664 167 2686 ut
179 2657 309 2695 nimirum
319 2657 526 2694 τόάρράστοις
533 2661 582 2687 καὶ
590 2657 768 2695 expects-atq,
782 2663 830 2690 ab-

52 2694 133 2732 s_o_lute
141 2699 268 2732 ponatur:
277 2694 451 2732 [falam‘eniin
462 2697 579 2732 respexit
588 2694 738 2724 Methodius
749 2694 830 2725 illudi

53 2727 114 2756 Tim.
131 2727 168 2761 vi,
185 2730 219 2756 16
233 2730 314 2766 ενΦῷς
324 2729 406 2756 οἰκῶν
421 2727 575 2766 ἀπρόσιτον,
588 2731 638 2764 Qui
648 2732 775 2759 inhabitat
791 2734 831 2760 lu—

51 2771 100 2802 cem
115 2765 342 2802 inaccessibilem,‘
362 2773 442 2802 quem
464 2767 487 2792 is
503 2770 583 2802 recte.
604 2766 724 2794 eamdem
744 2769 828 2802 ipsam

51 2798 132 2838 lucem
146 2800 355 2838 interpretatur,
372 2798 411 2826 sic
425 2800 451 2826 in
476 2801 656 2838 ineiTabilibus
668 2806 694 2829 et
709 2798 829 2830 inacces—

51 2834 169 2864 sibilibus
181 2834 387 2871 quiescentem;
405 2843 458 2863 non
468 2837 658 2872 potestatibus,
671 2838 718 2865 sed
729 2838 827 2866 divinis

877 2271 1114 2306 pulchritudinem,
1137 2270 1248 2298 omnino
1278 2270 1360 2298 talem
1385 2269 1493 2304 qualem
1520 2268 1578 2304 ipse
1606 2267 1651 2303 qui

879 2383 937 2411 suis
948 2384 1026 2411 bonis
1037 2391 1069 2411 ac
1083 2384 1191 2412 dotibus
1202 2383 1263 2418 ;qui
1282 2383 1422 2418 potestatis
1437 2381 1652 2418 abundantiasie

878 2419 982 2446 animas
997 2419 1030 2446 ad
1047 2419 1171 2454 imaginis
1194 2416 1249 2446 suie
1266 2416 1407 2454 imaginem
1424 2417 1582 2454 condiderit.
1600 2416 1651 2450 Qui

879 2462 949 2481 unus
974 2462 1069 2481 sensus
1090 2452 1219 2489 angustus
1247 2458 1298 2484 est,
1324 2452 1356 2480 ac
1367 2452 1508 2489 Methodio
1530 2452 1650 2489 dignus:

878 2489 946 2515 alter
961 2489 1037 2517 valde
1052 2486 1184 2524 insipidus
1198 2493 1225 2517 et
1239 2489 1353 2516 alienus.
1365 2488 1451 2514 Porro
1468 2487 1543 2524 quod
1556 2486 1653 2521 imagi-

877 2524 921 2551 nis
936 2524 1077 2559 imaginem
1093 2522 1159 2551 dicit
1183 2528 1288 2552 creatas
1299 2524 1413 2556 animas,
1445 2522 1653 2559 secundunLap-

880 2555 1088 2593 propriationem
1101 2559 1180 2586 debet
1194 2559 1316 2594 intelligi,
1333 2562 1359 2585 et
1382 2558 1452 2593 quod
1468 2557 1555 2594 imago
1585 2555 1653 2594 Filio

880 2591 1014 2621 tribuatur
1027 2602 1060 2622 ex
1075 2595 1182 2628 speciali
1193 2591 1295 2621 ratione
1306 2600 1360 2621 suae
1373 2591 1572 2628 processimus,
1581 2591 1653 2628 quod

882 2629 918 2656 sit
944 2628 1032 2657 Patris
1062 2626 1190 2660 Vérbum,
1208 2633 1234 2656 et
1250 2626 1381 2663 expressa
1394 2628 1466 2655 illius
1492 2626 1653 2663 similitudo.

884 2663 1015 2691 Ceterum
1046 2668 1076 2690 ut
1090 2671 1142 2692 non
1157 2667 1231 2691 creat
1254 2663 1333 2690 Pater
1352 2667 1381 2690 ut
1404 2663 1492 2693 Pater,
1520 2662 1567 2689 sed
1583 2669 1653 2688 unus

884 2698 940 2733 ipse
952 2698 1034 2729 Deus,
1049 2706 1110 2726 cum
1126 2698 1194 2725 Filio
1210 2706 1241 2725 ac
1258 2698 1358 2732 Spiritu
1376 2702 1469 2725 sancto
1481 2697 1518 2733 (id
1530 2696 1654 2733 estbeata

907 2734 1011 2768 rinitas)
1031 2741 1084 2760 una
1111 2735 1207 2765 virtus,
1242 2731 1292 2760 una
1309 2737 1427 2767 potestas
1441 2742 1448 2766 ;
1465 2731 1504 2760 sic
1520 2739 1605 2768 neque
1620 2731 1654 2758 ad

881 2767 1023 2804 imaginem
1040 2768 1119 2796 Verbi
1131 2773 1160 2795 ut
1176 2768 1290 2795 Verbum
1307 2772 1358 2799 est,
1369 2772 1454 2795 creat.
1469 2767 1517 2804 s_ed
1530 2767 1562 2794 ad
1577 2773 1653 2804 suam

881 2801 983 2837 ipse'ut
998 2803 1070 2831 Deus
1085 2812 1155 2831 unus
1183 2807 1234 2834 est,
1253 2810 1376 2838 unusque
1394 2811 1455 2830 cum
1471 2802 1538 2830 Filio
1551 2806 1575 2830 et
1588 2801 1655 2829 Ver-

880 2838 914 2866 bo
924 2846 955 2866 ac
971 2838 1072 2872 Spiritu
1084 2844 1197 2869 creator.
1213 2838 1250 2866 lo.
