  <div class='ocr_page' id='page_1' title='image "/cluster/home/n/w/nwhite01/storage/ocr_20150623/18/njp.32101077772455/081.png"; bbox 0 0 1908 3078; ppageno 0'>
   <div class='ocr_carea' id='block_1_1' title="bbox 254 138 308 166">
    <p class='ocr_par' dir='ltr' id='par_1_1' title="bbox 254 138 308 166">
     <span class='ocr_line' id='line_1_1' title="bbox 254 138 308 166; baseline 0 0"><span class='ocrx_word' id='word_1_1' title='bbox 254 138 308 166; x_wconf 82' lang='lat' dir='ltr'><strong>H5</strong></span> 
     </span>
    </p>
   </div>
   <div class='ocr_carea' id='block_1_2' title="bbox 740 134 1388 165">
    <p class='ocr_par' dir='ltr' id='par_1_2' title="bbox 740 134 1388 165">
     <span class='ocr_line' id='line_1_2' title="bbox 740 134 1388 165; baseline -0.005 -1"><span class='ocrx_word' id='word_1_2' title='bbox 740 135 770 164; x_wconf 85' lang='lat' dir='ltr'><strong>S.</strong></span> <span class='ocrx_word' id='word_1_3' title='bbox 790 135 953 165; x_wconf 80' lang='lat' dir='ltr'><strong>METHODII</strong></span> <span class='ocrx_word' id='word_1_4' title='bbox 973 134 1124 163; x_wconf 82' lang='lat' dir='ltr'><strong>EPISCOPI</strong></span> <span class='ocrx_word' id='word_1_5' title='bbox 1144 134 1191 163; x_wconf 80' lang='grc' dir='ltr'>ΕΤ</span> <span class='ocrx_word' id='word_1_6' title='bbox 1209 134 1388 162; x_wconf 70' lang='lat' dir='ltr'><strong>MARTYRIS</strong></span> 
     </span>
    </p>
   </div>
   <div class='ocr_carea' id='block_1_3' title="bbox 1811 133 1859 160">
    <p class='ocr_par' dir='ltr' id='par_1_3' title="bbox 1811 133 1859 160">
     <span class='ocr_line' id='line_1_3' title="bbox 1811 133 1859 160; baseline 0.021 -1"><span class='ocrx_word' id='word_1_7' title='bbox 1811 133 1859 160; x_wconf 73' lang='grc' dir='ltr'>Ηθ</span> 
     </span>
    </p>
   </div>
   <div class='ocr_carea' id='block_1_4' title="bbox 254 191 1021 233">
    <p class='ocr_par' dir='ltr' id='par_1_4' title="bbox 254 196 1021 233">
     <span class='ocr_line' id='line_1_4' title="bbox 254 196 1021 233; baseline -0.004 -7"><span class='ocrx_word' id='word_1_8' title='bbox 254 198 376 226; x_wconf 84' lang='lat' dir='ltr'><strong>condidit</strong></span> <span class='ocrx_word' id='word_1_9' title='bbox 385 197 534 233; x_wconf 83' lang='lat' dir='ltr'><strong>pinxitque,</strong></span> <span class='ocrx_word' id='word_1_10' title='bbox 543 204 602 225; x_wconf 87' lang='lat' dir='ltr'><strong>eam</strong></span> <span class='ocrx_word' id='word_1_11' title='bbox 618 196 720 225; x_wconf 76' lang='lat' dir='ltr'><strong>etiinxit</strong></span> <span class='ocrx_word' id='word_1_12' title='bbox 733 204 768 225; x_wconf 85' lang='lat' dir='ltr'><strong>ac</strong></span> <span class='ocrx_word' id='word_1_13' title='bbox 780 197 939 231; x_wconf 77' lang='lat' dir='ltr'><strong>elformavit,</strong></span> <span class='ocrx_word' id='word_1_14' title='bbox 949 202 1021 225; x_wconf 66' lang='lat' dir='ltr'><strong>teter-</strong></span> 
     </span>
    </p>
   </div>
   <div class='ocr_carea' id='block_1_5' title="bbox 1073 191 1858 233">
    <p class='ocr_par' dir='ltr' id='par_1_5' title="bbox 1080 191 1858 232">
     <span class='ocr_line' id='line_1_5' title="bbox 1080 191 1858 232; baseline -0.005 -9"><span class='ocrx_word' id='word_1_15' title='bbox 1080 205 1159 232; x_wconf 81' lang='grc' dir='ltr'>μενος</span> <span class='ocrx_word' id='word_1_16' title='bbox 1185 196 1250 223; x_wconf 76' lang='grc' dir='ltr'>αὐτὸ</span> <span class='ocrx_word' id='word_1_17' title='bbox 1276 196 1323 223; x_wconf 62' lang='grc' dir='ltr'><strong>καὶ⁵</strong></span> <span class='ocrx_word' id='word_1_18' title='bbox 1339 195 1522 231; x_wconf 79' lang='grc' dir='ltr'><strong>ζωγραφήσας</strong></span> <span class='ocrx_word' id='word_1_19' title='bbox 1542 194 1715 226; x_wconf 81' lang='grc' dir='ltr'>ἀπετύπωσε,</span> <span class='ocrx_word' id='word_1_20' title='bbox 1734 191 1787 228; x_wconf 78' lang='grc' dir='ltr'>τὴν</span> <span class='ocrx_word' id='word_1_21' title='bbox 1800 193 1858 219; x_wconf 75' lang='grc' dir='ltr'><strong>αἰώ-</strong></span> 
     </span>
    </p>
   </div>
   <div class='ocr_carea' id='block_1_6' title="bbox 255 243 1026 279">
    <p class='ocr_par' dir='ltr' id='par_1_6' title="bbox 255 243 1026 279">
     <span class='ocr_line' id='line_1_6' title="bbox 255 243 1026 279; baseline 0.001 -9"><span class='ocrx_word' id='word_1_22' title='bbox 255 251 316 271; x_wconf 89' lang='lat' dir='ltr'><strong>nam</strong></span> <span class='ocrx_word' id='word_1_23' title='bbox 346 244 468 270; x_wconf 73' lang='lat' dir='ltr'><strong>imitatus</strong></span> <span class='ocrx_word' id='word_1_24' title='bbox 487 247 611 270; x_wconf 90' lang='lat' dir='ltr'><strong>naturam</strong></span> <span class='ocrx_word' id='word_1_25' title='bbox 628 248 654 271; x_wconf 88' lang='lat' dir='ltr'><strong>et</strong></span> <span class='ocrx_word' id='word_1_26' title='bbox 671 243 865 279; x_wconf 82' lang='lat' dir='ltr'><strong>intelligibilem</strong></span> <span class='ocrx_word' id='word_1_27' title='bbox 881 264 889 276; x_wconf 85' lang='grc'><strong>,</strong></span> <span class='ocrx_word' id='word_1_28' title='bbox 905 243 984 278; x_wconf 81' lang='lat' dir='ltr'><strong>cujus</strong></span> <span class='ocrx_word' id='word_1_29' title='bbox 998 247 1026 271; x_wconf 90' lang='lat' dir='ltr'><strong>et.</strong></span> 
     </span>
    </p>
   </div>
   <div class='ocr_carea' id='block_1_7' title="bbox 253 287 1026 323">
    <p class='ocr_par' dir='ltr' id='par_1_7' title="bbox 253 287 1026 323">
     <span class='ocr_line' id='line_1_7' title="bbox 253 287 1026 323; baseline -0.003 -7"><span class='ocrx_word' id='word_1_30' title='bbox 253 290 333 316; x_wconf 90' lang='lat' dir='ltr'><strong>homo</strong></span> <span class='ocrx_word' id='word_1_31' title='bbox 344 288 485 315; x_wconf 77' lang='lat' dir='ltr'><strong>character</strong></span> <span class='ocrx_word' id='word_1_32' title='bbox 495 292 536 315; x_wconf 92' lang='lat' dir='ltr'><strong>est</strong></span> <span class='ocrx_word' id='word_1_33' title='bbox 546 295 727 323; x_wconf 83' lang='lat' dir='ltr'><strong>expressaque</strong></span> <span class='ocrx_word' id='word_1_34' title='bbox 737 287 846 322; x_wconf 81' lang='lat' dir='ltr'><strong>elIigies,</strong></span> <span class='ocrx_word' id='word_1_35' title='bbox 855 287 941 315; x_wconf 76' lang='lat' dir='ltr'><strong>factus</strong></span> <span class='ocrx_word' id='word_1_36' title='bbox 954 287 1026 315; x_wconf 91' lang='lat' dir='ltr'><strong>velut</strong></span> 
     </span>
    </p>
   </div>
   <div class='ocr_carea' id='block_1_8' title="bbox 252 334 1026 369">
    <p class='ocr_par' dir='ltr' id='par_1_8' title="bbox 252 334 1026 369">
     <span class='ocr_line' id='line_1_8' title="bbox 252 334 1026 369; baseline 0 -9"><span class='ocrx_word' id='word_1_37' title='bbox 252 334 426 360; x_wconf 83' lang='lat' dir='ltr'><strong>simulacrum</strong></span> <span class='ocrx_word' id='word_1_38' title='bbox 439 334 668 369; x_wconf 76' lang='lat' dir='ltr'><strong>elegantissimum</strong></span> <span class='ocrx_word' id='word_1_39' title='bbox 682 339 709 361; x_wconf 88' lang='lat' dir='ltr'><strong>et</strong></span> <span class='ocrx_word' id='word_1_40' title='bbox 720 341 827 362; x_wconf 87' lang='lat' dir='ltr'><strong>sacrum</strong></span> <span class='ocrx_word' id='word_1_41' title='bbox 839 343 846 361; x_wconf 92' lang='lat'>:</span> <span class='ocrx_word' id='word_1_42' title='bbox 860 335 923 361; x_wconf 88' lang='lat' dir='ltr'><strong>hinc</strong></span> <span class='ocrx_word' id='word_1_43' title='bbox 936 337 1026 361; x_wconf 89' lang='lat' dir='ltr'><strong>trans-</strong></span> 
     </span>
    </p>
   </div>
   <div class='ocr_carea' id='block_1_9' title="bbox 252 379 1026 412">
    <p class='ocr_par' dir='ltr' id='par_1_9' title="bbox 252 379 1026 412">
     <span class='ocr_line' id='line_1_9' title="bbox 252 379 1026 412; baseline 0.001 -7"><span class='ocrx_word' id='word_1_44' title='bbox 252 379 322 406; x_wconf 87' lang='lat' dir='ltr'><strong>latus</strong></span> <span class='ocrx_word' id='word_1_45' title='bbox 338 379 365 406; x_wconf 94' lang='lat' dir='ltr'><strong>in</strong></span> <span class='ocrx_word' id='word_1_46' title='bbox 382 380 522 407; x_wconf 82' lang='lat' dir='ltr'><strong>beatorum</strong></span> <span class='ocrx_word' id='word_1_47' title='bbox 535 380 683 412; x_wconf 90' lang='lat' dir='ltr'><strong>civitatem,</strong></span> <span class='ocrx_word' id='word_1_48' title='bbox 700 380 726 408; x_wconf 92' lang='lat' dir='ltr'><strong>in</strong></span> <span class='ocrx_word' id='word_1_49' title='bbox 735 380 816 407; x_wconf 75' lang='lat' dir='ltr'><strong>coelos</strong></span> <span class='ocrx_word' id='word_1_50' title='bbox 826 379 940 411; x_wconf 80' lang='lat' dir='ltr'><strong>scilicet,</strong></span> <span class='ocrx_word' id='word_1_51' title='bbox 953 379 1026 407; x_wconf 92' lang='lat' dir='ltr'><strong>velut</strong></span> 
     </span>
    </p>
   </div>
   <div class='ocr_carea' id='block_1_10' title="bbox 250 425 1025 461">
    <p class='ocr_par' dir='ltr' id='par_1_10' title="bbox 250 425 1025 461">
     <span class='ocr_line' id='line_1_10' title="bbox 250 425 1025 461; baseline 0.001 -10"><span class='ocrx_word' id='word_1_52' title='bbox 250 425 278 451; x_wconf 92' lang='lat' dir='ltr'><strong>in</strong></span> <span class='ocrx_word' id='word_1_53' title='bbox 292 426 393 460; x_wconf 88' lang='lat' dir='ltr'><strong>templo</strong></span> <span class='ocrx_word' id='word_1_54' title='bbox 409 425 596 453; x_wconf 86' lang='lat' dir='ltr'><strong>collocabitur.</strong></span> <span class='ocrx_word' id='word_1_55' title='bbox 609 425 826 453; x_wconf 82' lang='lat' dir='ltr'><strong>lncontaminata</strong></span> <span class='ocrx_word' id='word_1_56' title='bbox 839 433 920 461; x_wconf 91' lang='lat' dir='ltr'><strong>porro</strong></span> <span class='ocrx_word' id='word_1_57' title='bbox 931 429 1025 453; x_wconf 89' lang='lat' dir='ltr'><strong>nostra</strong></span> 
     </span>
    </p>
   </div>
   <div class='ocr_carea' id='block_1_11' title="bbox 249 473 1026 510">
    <p class='ocr_par' dir='ltr' id='par_1_11' title="bbox 249 473 1026 510">
     <span class='ocr_line' id='line_1_11' title="bbox 249 473 1026 510; baseline 0.001 -11"><span class='ocrx_word' id='word_1_58' title='bbox 249 473 424 507; x_wconf 84' lang='lat' dir='ltr'><strong>pulchritudo</strong></span> <span class='ocrx_word' id='word_1_59' title='bbox 436 476 501 500; x_wconf 91' lang='lat' dir='ltr'><strong>tunc</strong></span> <span class='ocrx_word' id='word_1_60' title='bbox 523 473 623 510; x_wconf 91' lang='lat' dir='ltr'><strong>optime</strong></span> <span class='ocrx_word' id='word_1_61' title='bbox 639 478 763 502; x_wconf 77' lang='lat' dir='ltr'><strong>servatur</strong></span> <span class='ocrx_word' id='word_1_62' title='bbox 776 478 802 502; x_wconf 91' lang='lat' dir='ltr'><strong>et</strong></span> <span class='ocrx_word' id='word_1_63' title='bbox 813 481 918 506; x_wconf 89' lang='lat' dir='ltr'><strong>secure,</strong></span> <span class='ocrx_word' id='word_1_64' title='bbox 933 481 994 500; x_wconf 92' lang='lat' dir='ltr'><strong>cum</strong></span> <span class='ocrx_word' id='word_1_65' title='bbox 1009 481 1026 500; x_wconf 83' lang='lat' dir='ltr'><strong>a</strong></span> 
     </span>
    </p>
   </div>
   <div class='ocr_carea' id='block_1_12' title="bbox 249 519 1026 554">
    <p class='ocr_par' dir='ltr' id='par_1_12' title="bbox 249 519 1026 554">
     <span class='ocr_line' id='line_1_12' title="bbox 249 519 1026 554; baseline 0.003 -10"><span class='ocrx_word' id='word_1_66' title='bbox 249 519 405 553; x_wconf 75' lang='lat' dir='ltr'><strong>virginitate</strong></span> <span class='ocrx_word' id='word_1_67' title='bbox 418 522 549 553; x_wconf 87' lang='lat' dir='ltr'><strong>protecta,</strong></span> <span class='ocrx_word' id='word_1_68' title='bbox 567 519 695 547; x_wconf 79' lang='lat' dir='ltr'><strong>exteriori</strong></span> <span class='ocrx_word' id='word_1_69' title='bbox 712 519 893 554; x_wconf 85' lang='lat' dir='ltr'><strong>corruptionis</strong></span> <span class='ocrx_word' id='word_1_70' title='bbox 908 519 1026 546; x_wconf 64' lang='lat' dir='ltr'><strong>aestuin-</strong></span> 
     </span>
    </p>
   </div>
   <div class='ocr_carea' id='block_1_13' title="bbox 250 563 1024 600">
    <p class='ocr_par' dir='ltr' id='par_1_13' title="bbox 250 563 1024 600">
     <span class='ocr_line' id='line_1_13' title="bbox 250 563 1024 600; baseline 0.004 -11"><span class='ocrx_word' id='word_1_71' title='bbox 250 563 355 590; x_wconf 84' lang='lat' dir='ltr'><strong>fuscata</strong></span> <span class='ocrx_word' id='word_1_72' title='bbox 369 571 423 591; x_wconf 93' lang='lat' dir='ltr'><strong>non</strong></span> <span class='ocrx_word' id='word_1_73' title='bbox 439 563 519 595; x_wconf 82' lang='lat' dir='ltr'><strong>fuerit</strong></span> <span class='ocrx_word' id='word_1_74' title='bbox 532 573 538 597; x_wconf 87' lang='lat'><strong>;</strong></span> <span class='ocrx_word' id='word_1_75' title='bbox 555 564 600 592; x_wconf 89' lang='lat' dir='ltr'><strong>sed</strong></span> <span class='ocrx_word' id='word_1_76' title='bbox 616 564 674 599; x_wconf 91' lang='lat' dir='ltr'><strong>ipsa</strong></span> <span class='ocrx_word' id='word_1_77' title='bbox 691 564 718 591; x_wconf 95' lang='lat' dir='ltr'><strong>in</strong></span> <span class='ocrx_word' id='word_1_78' title='bbox 735 572 763 592; x_wconf 87' lang='lat' dir='ltr'><strong>se</strong></span> <span class='ocrx_word' id='word_1_79' title='bbox 776 564 834 600; x_wconf 88' lang='lat' dir='ltr'><strong>ipsa</strong></span> <span class='ocrx_word' id='word_1_80' title='bbox 850 572 1024 600; x_wconf 83' lang='lat' dir='ltr'><strong>permanens,</strong></span> 
     </span>
    </p>
   </div>
   <div class='ocr_carea' id='block_1_14' title="bbox 250 609 1025 645">
    <p class='ocr_par' dir='ltr' id='par_1_14' title="bbox 250 609 1025 645">
     <span class='ocr_line' id='line_1_14' title="bbox 250 609 1025 645; baseline 0.003 -9"><span class='ocrx_word' id='word_1_81' title='bbox 250 613 346 636; x_wconf 91' lang='lat' dir='ltr'><strong>ornatu</strong></span> <span class='ocrx_word' id='word_1_82' title='bbox 356 610 468 644; x_wconf 69' lang='lat' dir='ltr'><strong>iustitiae</strong></span> <span class='ocrx_word' id='word_1_83' title='bbox 482 614 599 645; x_wconf 87' lang='lat' dir='ltr'><strong>compta,</strong></span> <span class='ocrx_word' id='word_1_84' title='bbox 614 610 642 637; x_wconf 94' lang='lat' dir='ltr'><strong>in</strong></span> <span class='ocrx_word' id='word_1_85' title='bbox 657 618 783 645; x_wconf 84' lang='lat' dir='ltr'><strong>sponsam</strong></span> <span class='ocrx_word' id='word_1_86' title='bbox 793 609 862 637; x_wconf 83' lang='lat' dir='ltr'><strong>Filio</strong></span> <span class='ocrx_word' id='word_1_87' title='bbox 872 609 918 637; x_wconf 87' lang='lat' dir='ltr'><strong>Dei</strong></span> <span class='ocrx_word' id='word_1_88' title='bbox 933 617 1025 638; x_wconf 89' lang='lat' dir='ltr'><strong>acces-</strong></span> 
     </span>
    </p>
   </div>
   <div class='ocr_carea' id='block_1_15' title="bbox 250 655 1025 692">
    <p class='ocr_par' dir='ltr' id='par_1_15' title="bbox 250 655 1025 692">
     <span class='ocr_line' id='line_1_15' title="bbox 250 655 1025 692; baseline 0.003 -10"><span class='ocrx_word' id='word_1_89' title='bbox 250 656 326 687; x_wconf 86' lang='lat' dir='ltr'><strong>serit,</strong></span> <span class='ocrx_word' id='word_1_90' title='bbox 338 655 564 691; x_wconf 84' lang='lat' dir='ltr'><strong>quemadmodum</strong></span> <span class='ocrx_word' id='word_1_91' title='bbox 574 657 631 692; x_wconf 83' lang='lat' dir='ltr'><strong>ipse</strong></span> <span class='ocrx_word' id='word_1_92' title='bbox 641 657 771 689; x_wconf 84' lang='lat' dir='ltr'><strong>insinuat,</strong></span> <span class='ocrx_word' id='word_1_93' title='bbox 784 656 932 684; x_wconf 89' lang='lat' dir='ltr'><strong>admonens</strong></span> <span class='ocrx_word' id='word_1_94' title='bbox 944 664 1025 691; x_wconf 88' lang='lat' dir='ltr'><strong>opor-</strong></span> 
     </span>
    </p>
   </div>
   <div class='ocr_carea' id='block_1_16' title="bbox 249 701 1024 737">
    <p class='ocr_par' dir='ltr' id='par_1_16' title="bbox 249 701 1024 737">
     <span class='ocr_line' id='line_1_16' title="bbox 249 701 1024 737; baseline 0.003 -9"><span class='ocrx_word' id='word_1_95' title='bbox 249 705 306 728; x_wconf 85' lang='lat' dir='ltr'><strong>tere</strong></span> <span class='ocrx_word' id='word_1_96' title='bbox 323 701 351 728; x_wconf 91' lang='lat' dir='ltr'><strong>in</strong></span> <span class='ocrx_word' id='word_1_97' title='bbox 367 703 466 730; x_wconf 78' lang='lat' dir='ltr'><strong>nostris</strong></span> <span class='ocrx_word' id='word_1_98' title='bbox 480 703 650 737; x_wconf 81' lang='lat' dir='ltr'><strong>corporibus,</strong></span> <span class='ocrx_word' id='word_1_99' title='bbox 663 703 735 730; x_wconf 91' lang='lat' dir='ltr'><strong>velut</strong></span> <span class='ocrx_word' id='word_1_100' title='bbox 748 703 775 730; x_wconf 92' lang='lat' dir='ltr'><strong>in</strong></span> <span class='ocrx_word' id='word_1_101' title='bbox 787 702 967 737; x_wconf 79' lang='lat' dir='ltr'><strong>lampadibus,</strong></span> <span class='ocrx_word' id='word_1_102' title='bbox 981 703 1024 730; x_wconf 91' lang='lat' dir='ltr'><strong>lu-</strong></span> 
     </span>
    </p>
   </div>
   <div class='ocr_carea' id='block_1_17' title="bbox 249 748 1024 784">
    <p class='ocr_par' dir='ltr' id='par_1_17' title="bbox 249 748 1024 784">
     <span class='ocr_line' id='line_1_17' title="bbox 249 748 1024 784; baseline 0.003 -11"><span class='ocrx_word' id='word_1_103' title='bbox 249 754 312 774; x_wconf 87' lang='lat' dir='ltr'><strong>men</strong></span> <span class='ocrx_word' id='word_1_104' title='bbox 320 748 455 775; x_wconf 84' lang='lat' dir='ltr'><strong>castitatis</strong></span> <span class='ocrx_word' id='word_1_105' title='bbox 470 748 591 776; x_wconf 87' lang='lat' dir='ltr'><strong>accendi.</strong></span> <span class='ocrx_word' id='word_1_106' title='bbox 608 748 746 784; x_wconf 86' lang='lat' dir='ltr'><strong>Siquidem</strong></span> <span class='ocrx_word' id='word_1_107' title='bbox 760 748 880 775; x_wconf 72' lang='lat' dir='ltr'><strong>“decem</strong></span> <span class='ocrx_word' id='word_1_108' title='bbox 889 749 1024 784; x_wconf 78' lang='lat' dir='ltr'><strong>virginum</strong></span> 
     </span>
    </p>
   </div>
   <div class='ocr_carea' id='block_1_18' title="bbox 249 793 1023 825">
    <p class='ocr_par' dir='ltr' id='par_1_18' title="bbox 249 793 1023 825">
     <span class='ocr_line' id='line_1_18' title="bbox 249 793 1023 825; baseline 0.004 -6"><span class='ocrx_word' id='word_1_109' title='bbox 249 800 388 825; x_wconf 83' lang='lat' dir='ltr'><strong>numerus,</strong></span> <span class='ocrx_word' id='word_1_110' title='bbox 406 794 512 822; x_wconf 90' lang='lat' dir='ltr'><strong>animas</strong></span> <span class='ocrx_word' id='word_1_111' title='bbox 528 794 611 822; x_wconf 79' lang='lat' dir='ltr'><strong>refert</strong></span> <span class='ocrx_word' id='word_1_112' title='bbox 627 794 767 822; x_wconf 87' lang='lat' dir='ltr'><strong>credentes</strong></span> <span class='ocrx_word' id='word_1_113' title='bbox 783 794 810 821; x_wconf 92' lang='lat' dir='ltr'><strong>in</strong></span> <span class='ocrx_word' id='word_1_114' title='bbox 824 793 962 822; x_wconf 86' lang='lat' dir='ltr'><strong>Christum</strong></span> <span class='ocrx_word' id='word_1_115' title='bbox 977 794 1023 822; x_wconf 86' lang='lat' dir='ltr'><strong>Je-</strong></span> 
     </span>
    </p>
   </div>
   <div class='ocr_carea' id='block_1_19' title="bbox 248 838 1024 875">
    <p class='ocr_par' dir='ltr' id='par_1_19' title="bbox 248 838 1024 875">
     <span class='ocr_line' id='line_1_19' title="bbox 248 838 1024 875; baseline 0.005 -12"><span class='ocrx_word' id='word_1_116' title='bbox 248 844 322 869; x_wconf 80' lang='lat' dir='ltr'><strong>sum;</strong></span> <span class='ocrx_word' id='word_1_117' title='bbox 343 838 446 866; x_wconf 80' lang='lat' dir='ltr'><strong>denarii</strong></span> <span class='ocrx_word' id='word_1_118' title='bbox 460 844 535 874; x_wconf 88' lang='lat' dir='ltr'><strong>nota,</strong></span> <span class='ocrx_word' id='word_1_119' title='bbox 552 844 652 868; x_wconf 82' lang='lat' dir='ltr'><strong>rectam</strong></span> <span class='ocrx_word' id='word_1_120' title='bbox 669 841 698 868; x_wconf 93' lang='lat' dir='ltr'><strong>in</strong></span> <span class='ocrx_word' id='word_1_121' title='bbox 722 839 800 868; x_wconf 64' lang='lat' dir='ltr'><strong>caelis</strong></span> <span class='ocrx_word' id='word_1_122' title='bbox 811 841 881 867; x_wconf 87' lang='lat' dir='ltr'><strong>viam</strong></span> <span class='ocrx_word' id='word_1_123' title='bbox 896 848 956 875; x_wconf 75' lang='lat' dir='ltr'><strong>quae</strong></span> <span class='ocrx_word' id='word_1_124' title='bbox 970 848 1024 868; x_wconf 88' lang='lat' dir='ltr'><strong>una</strong></span> 
     </span>
    </p>
   </div>
   <div class='ocr_carea' id='block_1_20' title="bbox 1075 237 1858 278">
    <p class='ocr_par' dir='ltr' id='par_1_20' title="bbox 1075 237 1858 278">
     <span class='ocr_line' id='line_1_20' title="bbox 1075 237 1858 278; baseline -0.005 -9"><span class='ocrx_word' id='word_1_125' title='bbox 1075 250 1130 269; x_wconf 83' lang='lat' dir='ltr'><strong>Vtov</strong></span> <span class='ocrx_word' id='word_1_126' title='bbox 1148 242 1391 278; x_wconf 80' lang='grc' dir='ltr'>ἀπομιμησάμενος</span> <span class='ocrx_word' id='word_1_127' title='bbox 1406 241 1484 276; x_wconf 82' lang='grc' dir='ltr'>φύσιν</span> <span class='ocrx_word' id='word_1_128' title='bbox 1503 240 1549 267; x_wconf 83' lang='grc' dir='ltr'><strong>καὶ</strong></span> <span class='ocrx_word' id='word_1_129' title='bbox 1566 239 1662 275; x_wconf 79' lang='grc' dir='ltr'>νοητὴν</span> <span class='ocrx_word' id='word_1_130' title='bbox 1677 239 1744 275; x_wconf 81' lang='grc'>(86),</span> <span class='ocrx_word' id='word_1_131' title='bbox 1764 237 1800 275; x_wconf 85' lang='grc' dir='ltr'>ἦς</span> <span class='ocrx_word' id='word_1_132' title='bbox 1815 240 1858 265; x_wconf 73' lang='grc' dir='ltr'><strong>καὶ</strong></span> 
     </span>
    </p>
   </div>
   <div class='ocr_carea' id='block_1_21' title="bbox 1075 286 1860 324">
    <p class='ocr_par' dir='ltr' id='par_1_21' title="bbox 1075 286 1860 324">
     <span class='ocr_line' id='line_1_21' title="bbox 1075 286 1860 324; baseline -0.004 -9"><span class='ocrx_word' id='word_1_133' title='bbox 1075 288 1216 324; x_wconf 78' lang='grc' dir='ltr'>χαρακτήρ</span> <span class='ocrx_word' id='word_1_134' title='bbox 1229 289 1301 314; x_wconf 87' lang='grc' dir='ltr'>ἐστιν</span> <span class='ocrx_word' id='word_1_135' title='bbox 1316 288 1331 314; x_wconf 80' lang='grc' dir='ltr'><strong><em>ὁ</em></strong></span> <span class='ocrx_word' id='word_1_136' title='bbox 1346 287 1486 322; x_wconf 77' lang='grc' dir='ltr'>ἄνθρωπος</span> <span class='ocrx_word' id='word_1_137' title='bbox 1505 287 1552 313; x_wconf 70' lang='grc' dir='ltr'><strong>καὶ</strong></span> <span class='ocrx_word' id='word_1_138' title='bbox 1570 286 1763 321; x_wconf 83' lang='grc' dir='ltr'>ἀπεικόνισμα,</span> <span class='ocrx_word' id='word_1_139' title='bbox 1782 293 1860 319; x_wconf 77' lang='grc' dir='ltr'>γεγο-</span> 
     </span>
    </p>
   </div>
   <div class='ocr_carea' id='block_1_22' title="bbox 1075 331 1859 369">
    <p class='ocr_par' dir='ltr' id='par_1_22' title="bbox 1075 331 1859 369">
     <span class='ocr_line' id='line_1_22' title="bbox 1075 331 1859 369; baseline -0.005 -8"><span class='ocrx_word' id='word_1_140' title='bbox 1075 334 1127 366; x_wconf 88' lang='grc' dir='ltr'>νὼς</span> <span class='ocrx_word' id='word_1_141' title='bbox 1146 332 1200 361; x_wconf 79' lang='grc' dir='ltr'>οἷον</span> <span class='ocrx_word' id='word_1_142' title='bbox 1222 334 1332 369; x_wconf 81' lang='grc' dir='ltr'>ἄγαλμά</span> <span class='ocrx_word' id='word_1_143' title='bbox 1345 343 1371 360; x_wconf 85' lang='grc' dir='ltr'><strong>τι</strong></span> <span class='ocrx_word' id='word_1_144' title='bbox 1390 332 1630 368; x_wconf 75' lang='grc' dir='ltr'><strong>περικαλλέστατον</strong></span> <span class='ocrx_word' id='word_1_145' title='bbox 1646 333 1692 359; x_wconf 79' lang='grc' dir='ltr'><strong>καὶ</strong></span> <span class='ocrx_word' id='word_1_146' title='bbox 1708 331 1781 367; x_wconf 79' lang='grc' dir='ltr'>ἱερόν</span> <span class='ocrx_word' id='word_1_147' title='bbox 1791 340 1799 346; x_wconf 89' lang='grc'>·</span> <span class='ocrx_word' id='word_1_148' title='bbox 1822 332 1859 357; x_wconf 78' lang='grc' dir='ltr'>ἐν·</span> 
     </span>
    </p>
   </div>
   <div class='ocr_carea' id='block_1_23' title="bbox 1076 378 1858 416">
    <p class='ocr_par' dir='ltr' id='par_1_23' title="bbox 1076 378 1858 416">
     <span class='ocr_line' id='line_1_23' title="bbox 1076 378 1858 416; baseline -0.004 -10"><span class='ocrx_word' id='word_1_149' title='bbox 1076 379 1170 406; x_wconf 81' lang='grc' dir='ltr'>τεῦθεν</span> <span class='ocrx_word' id='word_1_150' title='bbox 1196 380 1364 416; x_wconf 79' lang='grc' dir='ltr'>μετενεχθεὶς</span> <span class='ocrx_word' id='word_1_151' title='bbox 1385 380 1424 411; x_wconf 86' lang='grc' dir='ltr'><strong>είς</strong></span> <span class='ocrx_word' id='word_1_152' title='bbox 1438 379 1487 414; x_wconf 81' lang='grc' dir='ltr'>τὴν</span> <span class='ocrx_word' id='word_1_153' title='bbox 1506 379 1635 415; x_wconf 86' lang='grc' dir='ltr'>μακάρων</span> <span class='ocrx_word' id='word_1_154' title='bbox 1652 378 1730 404; x_wconf 82' lang='grc' dir='ltr'>πόλιν</span> <span class='ocrx_word' id='word_1_155' title='bbox 1743 378 1810 409; x_wconf 79' lang='grc' dir='ltr'>τοὺς</span> <span class='ocrx_word' id='word_1_156' title='bbox 1821 378 1858 404; x_wconf 80' lang='grc' dir='ltr'>ού-</span> 
     </span>
    </p>
   </div>
   <div class='ocr_carea' id='block_1_24' title="bbox 1075 424 1860 462">
    <p class='ocr_par' dir='ltr' id='par_1_24' title="bbox 1075 424 1860 462">
     <span class='ocr_line' id='line_1_24' title="bbox 1075 424 1860 462; baseline -0.004 -9"><span class='ocrx_word' id='word_1_157' title='bbox 1075 426 1183 461; x_wconf 77' lang='grc' dir='ltr'>ρανοὺς,</span> <span class='ocrx_word' id='word_1_158' title='bbox 1213 425 1306 462; x_wconf 83' lang='grc' dir='ltr'>ὥσπερ</span> <span class='ocrx_word' id='word_1_159' title='bbox 1321 427 1350 452; x_wconf 80' lang='grc' dir='ltr'>ὲν</span> <span class='ocrx_word' id='word_1_160' title='bbox 1369 425 1425 460; x_wconf 84' lang='grc' dir='ltr'>ναῷ</span> <span class='ocrx_word' id='word_1_161' title='bbox 1443 424 1686 460; x_wconf 86' lang='grc' dir='ltr'>κατοικισθήσεται.</span> <span class='ocrx_word' id='word_1_162' title='bbox 1708 425 1860 460; x_wconf 77' lang='grc' dir='ltr'>Ἀχραντον</span> 
     </span>
    </p>
   </div>
   <div class='ocr_carea' id='block_1_25' title="bbox 1074 471 1860 508">
    <p class='ocr_par' dir='ltr' id='par_1_25' title="bbox 1074 471 1860 508">
     <span class='ocr_line' id='line_1_25' title="bbox 1074 471 1860 508; baseline -0.004 -9"><span class='ocrx_word' id='word_1_163' title='bbox 1074 472 1129 508; x_wconf 83' lang='grc' dir='ltr'><strong>γὰρ</strong></span> <span class='ocrx_word' id='word_1_164' title='bbox 1142 473 1173 499; x_wconf 82' lang='grc' dir='ltr'><strong>τὺ</strong></span> <span class='ocrx_word' id='word_1_165' title='bbox 1181 472 1277 504; x_wconf 84' lang='grc' dir='ltr'>κάλλος</span> <span class='ocrx_word' id='word_1_166' title='bbox 1302 473 1379 508; x_wconf 83' lang='grc' dir='ltr'>ὴμῶν</span> <span class='ocrx_word' id='word_1_167' title='bbox 1389 472 1486 507; x_wconf 78' lang='grc' dir='ltr'>ἄριστα</span> <span class='ocrx_word' id='word_1_168' title='bbox 1502 472 1561 498; x_wconf 85' lang='grc' dir='ltr'>τότε</span> <span class='ocrx_word' id='word_1_169' title='bbox 1574 474 1693 507; x_wconf 78' lang='grc' dir='ltr'><strong>τηρεῖται</strong></span> <span class='ocrx_word' id='word_1_170' title='bbox 1708 471 1756 498; x_wconf 79' lang='grc' dir='ltr'><strong>καὶ</strong></span> <span class='ocrx_word' id='word_1_171' title='bbox 1774 471 1860 504; x_wconf 50' lang='lat' dir='ltr'><strong>tiro:-</strong></span> 
     </span>
    </p>
   </div>
   <div class='ocr_carea' id='block_1_26' title="bbox 1074 516 1860 554">
    <p class='ocr_par' dir='ltr' id='par_1_26' title="bbox 1074 516 1860 554">
     <span class='ocr_line' id='line_1_26' title="bbox 1074 516 1860 554; baseline -0.004 -10"><span class='ocrx_word' id='word_1_172' title='bbox 1074 517 1136 550; x_wconf 88' lang='grc' dir='ltr'>λῶς,</span> <span class='ocrx_word' id='word_1_173' title='bbox 1149 518 1248 545; x_wconf 75' lang='grc' dir='ltr'>ὁπόταν</span> <span class='ocrx_word' id='word_1_174' title='bbox 1263 518 1295 554; x_wconf 85' lang='grc' dir='ltr'>δὴ</span> <span class='ocrx_word' id='word_1_175' title='bbox 1311 518 1444 554; x_wconf 83' lang='grc' dir='ltr'>παρθενίᾳ</span> <span class='ocrx_word' id='word_1_176' title='bbox 1468 518 1642 553; x_wconf 69' lang='grc' dir='ltr'>σκεπόμενον,</span> <span class='ocrx_word' id='word_1_177' title='bbox 1664 517 1715 543; x_wconf 79' lang='grc' dir='ltr'><strong>ὑπὸ</strong></span> <span class='ocrx_word' id='word_1_178' title='bbox 1728 516 1778 543; x_wconf 80' lang='grc' dir='ltr'>τοῦ</span> <span class='ocrx_word' id='word_1_179' title='bbox 1794 516 1860 542; x_wconf 76' lang='grc' dir='ltr'><strong>καῦ-</strong></span> 
     </span>
    </p>
   </div>
   <div class='ocr_carea' id='block_1_27' title="bbox 1076 561 1861 600">
    <p class='ocr_par' dir='ltr' id='par_1_27' title="bbox 1076 561 1861 600">
     <span class='ocr_line' id='line_1_27' title="bbox 1076 561 1861 600; baseline -0.004 -9"><span class='ocrx_word' id='word_1_180' title='bbox 1076 573 1159 596; x_wconf 82' lang='grc' dir='ltr'>σωνος</span> <span class='ocrx_word' id='word_1_181' title='bbox 1175 564 1273 597; x_wconf 77' lang='grc' dir='ltr'>ἔξωθεν</span> <span class='ocrx_word' id='word_1_182' title='bbox 1289 564 1325 600; x_wconf 87' lang='grc' dir='ltr'>μὴ</span> <span class='ocrx_word' id='word_1_183' title='bbox 1349 563 1506 599; x_wconf 79' lang='grc' dir='ltr'>μελαίνηται</span> <span class='ocrx_word' id='word_1_184' title='bbox 1521 563 1570 599; x_wconf 82' lang='grc' dir='ltr'>τῆς</span> <span class='ocrx_word' id='word_1_185' title='bbox 1586 562 1704 598; x_wconf 80' lang='grc' dir='ltr'>φθορᾶς’</span> <span class='ocrx_word' id='word_1_186' title='bbox 1720 562 1782 589; x_wconf 78' lang='grc' dir='ltr'>ἀλλ’</span> <span class='ocrx_word' id='word_1_187' title='bbox 1797 561 1861 588; x_wconf 63' lang='grc' dir='ltr'>αὐτὰ</span> 
     </span>
    </p>
   </div>
   <div class='ocr_carea' id='block_1_28' title="bbox 1075 610 1862 647">
    <p class='ocr_par' dir='ltr' id='par_1_28' title="bbox 1075 610 1862 647">
     <span class='ocr_line' id='line_1_28' title="bbox 1075 610 1862 647; baseline -0.003 -10"><span class='ocrx_word' id='word_1_188' title='bbox 1075 611 1118 646; x_wconf 79' lang='grc' dir='ltr'>ἐφ’</span> <span class='ocrx_word' id='word_1_189' title='bbox 1140 610 1229 647; x_wconf 80' lang='grc' dir='ltr'>ἐαυτῷ</span> <span class='ocrx_word' id='word_1_190' title='bbox 1259 610 1337 646; x_wconf 75' lang='grc' dir='ltr'>μένον</span> <span class='ocrx_word' id='word_1_191' title='bbox 1359 610 1515 646; x_wconf 80' lang='grc' dir='ltr'><strong>δικαιοσύνῃ</strong></span> <span class='ocrx_word' id='word_1_192' title='bbox 1540 610 1684 645; x_wconf 79' lang='grc' dir='ltr'>κοσμῆται,</span> <span class='ocrx_word' id='word_1_193' title='bbox 1708 617 1862 645; x_wconf 81' lang='grc' dir='ltr'>νυμφαγω-</span> 
     </span>
    </p>
   </div>
   <div class='ocr_carea' id='block_1_29' title="bbox 1073 654 1860 693">
    <p class='ocr_par' dir='ltr' id='par_1_29' title="bbox 1073 654 1860 693">
     <span class='ocr_line' id='line_1_29' title="bbox 1073 654 1860 693; baseline -0.004 -9"><span class='ocrx_word' id='word_1_194' title='bbox 1073 657 1205 693; x_wconf 80' lang='grc' dir='ltr'>τοὺμενον</span> <span class='ocrx_word' id='word_1_195' title='bbox 1216 656 1256 692; x_wconf 87' lang='grc' dir='ltr'>τῷ</span> <span class='ocrx_word' id='word_1_196' title='bbox 1273 656 1330 692; x_wconf 87' lang='grc' dir='ltr'><strong>Υίῷ</strong></span> <span class='ocrx_word' id='word_1_197' title='bbox 1353 655 1401 682; x_wconf 81' lang='grc' dir='ltr'><strong>τοῦ</strong></span> <span class='ocrx_word' id='word_1_198' title='bbox 1420 655 1486 682; x_wconf 79' lang='grc' dir='ltr'>Θεοῦ</span> <span class='ocrx_word' id='word_1_199' title='bbox 1499 665 1504 670; x_wconf 95' lang='grc'>·</span> <span class='ocrx_word' id='word_1_200' title='bbox 1517 656 1547 682; x_wconf 80' lang='grc' dir='ltr'>ὃν</span> <span class='ocrx_word' id='word_1_201' title='bbox 1564 656 1663 690; x_wconf 84' lang='grc' dir='ltr'>τρόπον</span> <span class='ocrx_word' id='word_1_202' title='bbox 1672 655 1702 691; x_wconf 86' lang='grc' dir='ltr'>δὴ</span> <span class='ocrx_word' id='word_1_203' title='bbox 1715 655 1762 682; x_wconf 79' lang='grc' dir='ltr'>καὶ</span> <span class='ocrx_word' id='word_1_204' title='bbox 1780 654 1860 686; x_wconf 77' lang='grc' dir='ltr'>αὐτὸς</span> 
     </span>
    </p>
   </div>
   <div class='ocr_carea' id='block_1_30' title="bbox 1074 701 1860 740">
    <p class='ocr_par' dir='ltr' id='par_1_30' title="bbox 1074 701 1860 740">
     <span class='ocr_line' id='line_1_30' title="bbox 1074 701 1860 740; baseline -0.005 -9"><span class='ocrx_word' id='word_1_205' title='bbox 1074 705 1234 740; x_wconf 75' lang='grc' dir='ltr'><strong>εἰσηγεῖται,</strong></span> <span class='ocrx_word' id='word_1_206' title='bbox 1259 703 1356 740; x_wconf 82' lang='grc' dir='ltr'>χρῆναι</span> <span class='ocrx_word' id='word_1_207' title='bbox 1385 702 1534 739; x_wconf 84' lang='grc' dir='ltr'>παραινῶν,</span> <span class='ocrx_word' id='word_1_208' title='bbox 1558 702 1651 737; x_wconf 83' lang='grc' dir='ltr'>ὥσπερ</span> <span class='ocrx_word' id='word_1_209' title='bbox 1671 703 1698 728; x_wconf 85' lang='grc' dir='ltr'><strong>ἐν</strong></span> <span class='ocrx_word' id='word_1_210' title='bbox 1721 701 1860 737; x_wconf 79' lang='grc' dir='ltr'><strong>λαμπάσι,</strong></span> 
     </span>
    </p>
   </div>
   <div class='ocr_carea' id='block_1_31' title="bbox 1073 744 1859 784">
    <p class='ocr_par' dir='ltr' id='par_1_31' title="bbox 1073 744 1859 784">
     <span class='ocr_line' id='line_1_31' title="bbox 1073 744 1859 784; baseline -0.006 -9"><span class='ocrx_word' id='word_1_211' title='bbox 1073 750 1133 780; x_wconf 83' lang='grc' dir='ltr'>ταῖς</span> <span class='ocrx_word' id='word_1_212' title='bbox 1161 748 1304 784; x_wconf 84' lang='grc' dir='ltr'>σφετέραις</span> <span class='ocrx_word' id='word_1_213' title='bbox 1334 746 1429 782; x_wconf 75' lang='grc' dir='ltr'>σαρξὶ,</span> <span class='ocrx_word' id='word_1_214' title='bbox 1456 747 1486 773; x_wconf 87' lang='grc' dir='ltr'>τὸ</span> <span class='ocrx_word' id='word_1_215' title='bbox 1518 747 1578 781; x_wconf 85' lang='grc' dir='ltr'>φῶς·</span> <span class='ocrx_word' id='word_1_216' title='bbox 1608 744 1789 773; x_wconf 84' lang='grc' dir='ltr'>ἀνακαίεσθαι</span> <span class='ocrx_word' id='word_1_217' title='bbox 1812 744 1859 778; x_wconf 71' lang='grc' dir='ltr'>τῆς</span> 
     </span>
    </p>
   </div>
   <div class='ocr_carea' id='block_1_32' title="bbox 1073 789 1860 829">
    <p class='ocr_par' dir='ltr' id='par_1_32' title="bbox 1073 789 1860 829">
     <span class='ocr_line' id='line_1_32' title="bbox 1073 789 1860 829; baseline -0.008 -8"><span class='ocrx_word' id='word_1_218' title='bbox 1073 794 1194 829; x_wconf 83' lang='grc' dir='ltr'>ἁγνείας.</span> <span class='ocrx_word' id='word_1_219' title='bbox 1224 794 1387 829; x_wconf 79' lang='grc' dir='ltr'>Ἐπειδήπερ</span> <span class='ocrx_word' id='word_1_220' title='bbox 1403 793 1417 818; x_wconf 84' lang='grc' dir='ltr'><strong>ὁ</strong></span> <span class='ocrx_word' id='word_1_221' title='bbox 1435 792 1488 818; x_wconf 84' lang='grc' dir='ltr'>τῶν</span> <span class='ocrx_word' id='word_1_222' title='bbox 1501 791 1567 818; x_wconf 80' lang='grc' dir='ltr'>δέκα</span> <span class='ocrx_word' id='word_1_223' title='bbox 1584 790 1726 826; x_wconf 80' lang='grc' dir='ltr'>παρθένων</span> <span class='ocrx_word' id='word_1_224' title='bbox 1742 789 1860 825; x_wconf 74' lang='grc' dir='ltr'>ἀριθμὸς</span> 
     </span>
    </p>
   </div>
   <div class='ocr_carea' id='block_1_33' title="bbox 1073 833 1860 874">
    <p class='ocr_par' dir='ltr' id='par_1_33' title="bbox 1073 833 1860 874">
     <span class='ocr_line' id='line_1_33' title="bbox 1073 833 1860 874; baseline -0.008 -8"><span class='ocrx_word' id='word_1_225' title='bbox 1073 839 1123 871; x_wconf 82' lang='grc' dir='ltr'>τὰς</span> <span class='ocrx_word' id='word_1_226' title='bbox 1136 839 1175 871; x_wconf 81' lang='grc' dir='ltr'><strong>εἰς</strong></span> <span class='ocrx_word' id='word_1_227' title='bbox 1196 838 1313 874; x_wconf 83' lang='grc' dir='ltr'>Χριστὸν</span> <span class='ocrx_word' id='word_1_228' title='bbox 1335 836 1435 873; x_wconf 79' lang='grc' dir='ltr'><strong>Ἰησοῦν</strong></span> <span class='ocrx_word' id='word_1_229' title='bbox 1457 836 1668 867; x_wconf 75' lang='grc' dir='ltr'>πεπιστευκυίας</span> <span class='ocrx_word' id='word_1_230' title='bbox 1684 833 1860 871; x_wconf 79' lang='grc' dir='ltr'>ἀριθμεῖσθαι</span> 
     </span>
    </p>
   </div>
   <div class='ocr_carea' id='block_1_34' title="bbox 248 880 1021 921">
    <p class='ocr_par' dir='ltr' id='par_1_34' title="bbox 248 885 1021 921">
     <span class='ocr_line' id='line_1_34' title="bbox 248 885 1021 921; baseline 0.003 -9"><span class='ocrx_word' id='word_1_231' title='bbox 248 885 338 912; x_wconf 85' lang='lat' dir='ltr'><strong>solum</strong></span> <span class='ocrx_word' id='word_1_232' title='bbox 345 888 396 917; x_wconf 90' lang='lat' dir='ltr'><strong>est,</strong></span> <span class='ocrx_word' id='word_1_233' title='bbox 405 889 610 920; x_wconf 63' lang='lat' dir='ltr'><strong>reprmsentans.</strong></span> <span class='ocrx_word' id='word_1_234' title='bbox 624 885 723 913; x_wconf 83' lang='lat' dir='ltr'><strong>Verum</strong></span> <span class='ocrx_word' id='word_1_235' title='bbox 732 893 825 913; x_wconf 88' lang='lat' dir='ltr'><strong>earum</strong></span> <span class='ocrx_word' id='word_1_236' title='bbox 833 885 952 921; x_wconf 88' lang='lat' dir='ltr'><strong>quinque</strong></span> <span class='ocrx_word' id='word_1_237' title='bbox 961 894 1021 921; x_wconf 84' lang='lat' dir='ltr'><strong>pru-</strong></span> 
     </span>
    </p>
   </div>
   <div class='ocr_carea' id='block_1_35' title="bbox 1073 880 1858 921">
    <p class='ocr_par' dir='ltr' id='par_1_35' title="bbox 1076 880 1858 920">
     <span class='ocr_line' id='line_1_35' title="bbox 1076 880 1858 920; baseline -0.008 -8"><span class='ocrx_word' id='word_1_238' title='bbox 1076 885 1198 920; x_wconf 86' lang='grc' dir='ltr'>βούλεται</span> <span class='ocrx_word' id='word_1_239' title='bbox 1220 884 1324 920; x_wconf 53' lang='grc' dir='ltr'>ψυχάς</span> <span class='ocrx_word' id='word_1_240' title='bbox 1341 883 1380 920; x_wconf 84' lang='grc' dir='ltr'>τῷ</span> <span class='ocrx_word' id='word_1_241' title='bbox 1403 883 1468 910; x_wconf 82' lang='grc' dir='ltr'><strong>δέκα</strong></span> <span class='ocrx_word' id='word_1_242' title='bbox 1486 884 1534 918; x_wconf 86' lang='grc' dir='ltr'>τὴν</span> <span class='ocrx_word' id='word_1_243' title='bbox 1555 881 1757 909; x_wconf 83' lang='grc' dir='ltr'>ἀπευθύνουσαν</span> <span class='ocrx_word' id='word_1_244' title='bbox 1775 880 1858 916; x_wconf 75' lang='grc' dir='ltr'>μόνην</span> 
     </span>
    </p>
   </div>
   <div class='ocr_carea' id='block_1_36' title="bbox 247 931 1024 967">
    <p class='ocr_par' dir='ltr' id='par_1_36' title="bbox 247 931 1024 967">
     <span class='ocr_line' id='line_1_36' title="bbox 247 931 1024 967; baseline 0.003 -10"><span class='ocrx_word' id='word_1_245' title='bbox 247 931 342 958; x_wconf 81' lang='lat' dir='ltr'><strong>dentes</strong></span> <span class='ocrx_word' id='word_1_246' title='bbox 356 931 449 966; x_wconf 87' lang='lat' dir='ltr'><strong>utique</strong></span> <span class='ocrx_word' id='word_1_247' title='bbox 463 935 489 958; x_wconf 89' lang='lat' dir='ltr'><strong>et</strong></span> <span class='ocrx_word' id='word_1_248' title='bbox 503 931 639 966; x_wconf 86' lang='lat' dir='ltr'><strong>sapientes</strong></span> <span class='ocrx_word' id='word_1_249' title='bbox 663 936 756 964; x_wconf 86' lang='lat' dir='ltr'><strong>erant;</strong></span> <span class='ocrx_word' id='word_1_250' title='bbox 784 932 905 967; x_wconf 87' lang='lat' dir='ltr'><strong>quinque</strong></span> <span class='ocrx_word' id='word_1_251' title='bbox 933 936 1024 960; x_wconf 90' lang='lat' dir='ltr'><strong>autem</strong></span> 
     </span>
    </p>
   </div>
   <div class='ocr_carea' id='block_1_37' title="bbox 246 975 1010 1013">
    <p class='ocr_par' dir='ltr' id='par_1_37' title="bbox 246 975 1010 1013">
     <span class='ocr_line' id='line_1_37' title="bbox 246 975 1010 1013; baseline 0.004 -11"><span class='ocrx_word' id='word_1_252' title='bbox 246 975 327 1003; x_wconf 67' lang='lat' dir='ltr'><strong>fatuae</strong></span> <span class='ocrx_word' id='word_1_253' title='bbox 340 980 367 1004; x_wconf 88' lang='lat' dir='ltr'><strong>et</strong></span> <span class='ocrx_word' id='word_1_254' title='bbox 382 976 556 1012; x_wconf 85' lang='lat' dir='ltr'><strong>insipientes:</strong></span> <span class='ocrx_word' id='word_1_255' title='bbox 576 985 630 1004; x_wconf 91' lang='lat' dir='ltr'><strong>non</strong></span> <span class='ocrx_word' id='word_1_256' title='bbox 646 977 718 1005; x_wconf 92' lang='lat' dir='ltr'><strong>enim</strong></span> <span class='ocrx_word' id='word_1_257' title='bbox 734 977 900 1013; x_wconf 77' lang='lat' dir='ltr'><strong>diligentiam</strong></span> <span class='ocrx_word' id='word_1_258' title='bbox 915 985 1010 1006; x_wconf 88' lang='lat' dir='ltr'><strong>curam</strong></span> 
     </span>
    </p>
   </div>
   <div class='ocr_carea' id='block_1_38' title="bbox 245 1022 1021 1059">
    <p class='ocr_par' dir='ltr' id='par_1_38' title="bbox 245 1022 1021 1059">
     <span class='ocr_line' id='line_1_38' title="bbox 245 1022 1021 1059; baseline 0.003 -10"><span class='ocrx_word' id='word_1_259' title='bbox 245 1029 299 1056; x_wconf 88' lang='lat' dir='ltr'><strong>que</strong></span> <span class='ocrx_word' id='word_1_260' title='bbox 314 1022 474 1056; x_wconf 84' lang='lat' dir='ltr'><strong>habuerunt,</strong></span> <span class='ocrx_word' id='word_1_261' title='bbox 492 1027 521 1050; x_wconf 92' lang='lat' dir='ltr'><strong>ut</strong></span> <span class='ocrx_word' id='word_1_262' title='bbox 538 1031 600 1051; x_wconf 87' lang='lat' dir='ltr'><strong>vasa</strong></span> <span class='ocrx_word' id='word_1_263' title='bbox 615 1031 665 1051; x_wconf 88' lang='lat' dir='ltr'><strong>sua</strong></span> <span class='ocrx_word' id='word_1_264' title='bbox 676 1024 736 1052; x_wconf 91' lang='lat' dir='ltr'><strong>oleo</strong></span> <span class='ocrx_word' id='word_1_265' title='bbox 746 1024 825 1059; x_wconf 88' lang='lat' dir='ltr'><strong>plena</strong></span> <span class='ocrx_word' id='word_1_266' title='bbox 843 1024 1021 1057; x_wconf 85' lang='lat' dir='ltr'><strong>instruerent,</strong></span> 
     </span>
    </p>
   </div>
   <div class='ocr_carea' id='block_1_39' title="bbox 243 1068 1021 1103">
    <p class='ocr_par' dir='ltr' id='par_1_39' title="bbox 243 1068 1021 1103">
     <span class='ocr_line' id='line_1_39' title="bbox 243 1068 1021 1103; baseline 0.005 -9"><span class='ocrx_word' id='word_1_267' title='bbox 243 1068 347 1103; x_wconf 87' lang='lat' dir='ltr'><strong>justitia</strong></span> <span class='ocrx_word' id='word_1_268' title='bbox 360 1077 452 1097; x_wconf 71' lang='lat' dir='ltr'><strong>vacua:</strong></span> <span class='ocrx_word' id='word_1_269' title='bbox 462 1074 643 1098; x_wconf 86' lang='lat' dir='ltr'><strong>remanentes.</strong></span> <span class='ocrx_word' id='word_1_270' title='bbox 659 1069 711 1098; x_wconf 84' lang='lat' dir='ltr'><strong>Per</strong></span> <span class='ocrx_word' id='word_1_271' title='bbox 724 1070 774 1099; x_wconf 89' lang='lat' dir='ltr'><strong>has</strong></span> <span class='ocrx_word' id='word_1_272' title='bbox 788 1071 860 1098; x_wconf 91' lang='lat' dir='ltr'><strong>enim</strong></span> <span class='ocrx_word' id='word_1_273' title='bbox 878 1071 938 1098; x_wconf 89' lang='lat' dir='ltr'><strong>illas</strong></span> <span class='ocrx_word' id='word_1_274' title='bbox 946 1070 1021 1098; x_wconf 85' lang='lat' dir='ltr'><strong>desi-</strong></span> 
     </span>
    </p>
   </div>
   <div class='ocr_carea' id='block_1_40' title="bbox 244 1115 1020 1151">
    <p class='ocr_par' dir='ltr' id='par_1_40' title="bbox 244 1115 1020 1151">
     <span class='ocr_line' id='line_1_40' title="bbox 244 1115 1020 1151; baseline 0.003 -10"><span class='ocrx_word' id='word_1_275' title='bbox 244 1119 308 1150; x_wconf 83' lang='lat' dir='ltr'><strong>gnat</strong></span> <span class='ocrx_word' id='word_1_276' title='bbox 322 1123 381 1150; x_wconf 70' lang='lat' dir='ltr'><strong>quae</strong></span> <span class='ocrx_word' id='word_1_277' title='bbox 399 1116 432 1143; x_wconf 90' lang='lat' dir='ltr'><strong>ad</strong></span> <span class='ocrx_word' id='word_1_278' title='bbox 448 1115 613 1151; x_wconf 74' lang='lat' dir='ltr'><strong>virginitatis</strong></span> <span class='ocrx_word' id='word_1_279' title='bbox 626 1116 694 1143; x_wconf 83' lang='lat' dir='ltr'><strong>lines</strong></span> <span class='ocrx_word' id='word_1_280' title='bbox 708 1116 824 1144; x_wconf 81' lang='lat' dir='ltr'><strong>evadere</strong></span> <span class='ocrx_word' id='word_1_281' title='bbox 839 1117 1020 1148; x_wconf 88' lang='lat' dir='ltr'><strong>contendunt,</strong></span> 
     </span>
    </p>
   </div>
   <div class='ocr_carea' id='block_1_41' title="bbox 244 1162 1021 1198">
    <p class='ocr_par' dir='ltr' id='par_1_41' title="bbox 244 1162 1021 1198">
     <span class='ocr_line' id='line_1_41' title="bbox 244 1162 1021 1198; baseline 0.001 -10"><span class='ocrx_word' id='word_1_282' title='bbox 244 1166 396 1197; x_wconf 85' lang='lat' dir='ltr'><strong>cunctaque</strong></span> <span class='ocrx_word' id='word_1_283' title='bbox 407 1162 519 1190; x_wconf 89' lang='lat' dir='ltr'><strong>honeste</strong></span> <span class='ocrx_word' id='word_1_284' title='bbox 529 1167 611 1198; x_wconf 88' lang='lat' dir='ltr'><strong>atque</strong></span> <span class='ocrx_word' id='word_1_285' title='bbox 624 1162 714 1189; x_wconf 88' lang='lat' dir='ltr'><strong>sobrie</strong></span> <span class='ocrx_word' id='word_1_286' title='bbox 723 1166 862 1198; x_wconf 68' lang='lat' dir='ltr'><strong>praestant.</strong></span> <span class='ocrx_word' id='word_1_287' title='bbox 874 1170 906 1191; x_wconf 92' lang='lat' dir='ltr'><strong>eo</strong></span> <span class='ocrx_word' id='word_1_288' title='bbox 916 1162 1021 1190; x_wconf 89' lang='lat' dir='ltr'><strong>condu-</strong></span> 
     </span>
    </p>
   </div>
   <div class='ocr_carea' id='block_1_42' title="bbox 244 1208 1022 1244">
    <p class='ocr_par' dir='ltr' id='par_1_42' title="bbox 244 1208 1022 1244">
     <span class='ocr_line' id='line_1_42' title="bbox 244 1208 1022 1244; baseline 0.003 -9"><span class='ocrx_word' id='word_1_289' title='bbox 244 1209 331 1235; x_wconf 82' lang='lat' dir='ltr'><strong>centia</strong></span> <span class='ocrx_word' id='word_1_290' title='bbox 346 1213 375 1235; x_wconf 90' lang='lat' dir='ltr'><strong>ut</strong></span> <span class='ocrx_word' id='word_1_291' title='bbox 390 1215 508 1236; x_wconf 86' lang='lat' dir='ltr'><strong>amorem</strong></span> <span class='ocrx_word' id='word_1_292' title='bbox 527 1208 600 1235; x_wconf 91' lang='lat' dir='ltr'><strong>hunc</strong></span> <span class='ocrx_word' id='word_1_293' title='bbox 624 1209 750 1244; x_wconf 82' lang='lat' dir='ltr'><strong>expleant</strong></span> <span class='ocrx_word' id='word_1_294' title='bbox 767 1218 774 1236; x_wconf 88' lang='lat'>:</span> <span class='ocrx_word' id='word_1_295' title='bbox 789 1216 903 1244; x_wconf 67' lang='lat' dir='ltr'><strong>quaeque</strong></span> <span class='ocrx_word' id='word_1_296' title='bbox 916 1209 969 1236; x_wconf 94' lang='lat' dir='ltr'><strong>hoc</strong></span> <span class='ocrx_word' id='word_1_297' title='bbox 991 1217 1022 1238; x_wconf 88' lang='lat' dir='ltr'><strong>se</strong></span> 
     </span>
    </p>
   </div>
   <div class='ocr_carea' id='block_1_43' title="bbox 244 1254 1021 1290">
    <p class='ocr_par' dir='ltr' id='par_1_43' title="bbox 244 1254 1021 1290">
     <span class='ocr_line' id='line_1_43' title="bbox 244 1254 1021 1290; baseline 0.001 -9"><span class='ocrx_word' id='word_1_298' title='bbox 244 1258 366 1289; x_wconf 83' lang='lat' dir='ltr'><strong>spectare</strong></span> <span class='ocrx_word' id='word_1_299' title='bbox 380 1254 568 1289; x_wconf 80' lang='lat' dir='ltr'><strong>proﬁteantur,</strong></span> <span class='ocrx_word' id='word_1_300' title='bbox 587 1257 667 1289; x_wconf 84' lang='lat' dir='ltr'><strong>atque</strong></span> <span class='ocrx_word' id='word_1_301' title='bbox 676 1259 705 1282; x_wconf 91' lang='lat' dir='ltr'><strong>ut</strong></span> <span class='ocrx_word' id='word_1_302' title='bbox 719 1255 781 1282; x_wconf 92' lang='lat' dir='ltr'><strong>hinc</strong></span> <span class='ocrx_word' id='word_1_303' title='bbox 795 1255 955 1290; x_wconf 81' lang='lat' dir='ltr'><strong>glorientur,</strong></span> <span class='ocrx_word' id='word_1_304' title='bbox 973 1262 1021 1282; x_wconf 75' lang='lat' dir='ltr'><strong>ne-</strong></span> 
     </span>
    </p>
   </div>
   <div class='ocr_carea' id='block_1_44' title="bbox 244 1300 1021 1336">
    <p class='ocr_par' dir='ltr' id='par_1_44' title="bbox 244 1300 1021 1336">
     <span class='ocr_line' id='line_1_44' title="bbox 244 1300 1021 1336; baseline 0.003 -10"><span class='ocrx_word' id='word_1_305' title='bbox 244 1300 388 1336; x_wconf 79' lang='lat' dir='ltr'><strong>gligentius</strong></span> <span class='ocrx_word' id='word_1_306' title='bbox 401 1305 491 1327; x_wconf 86' lang='lat' dir='ltr'><strong>tamen</strong></span> <span class='ocrx_word' id='word_1_307' title='bbox 507 1303 598 1335; x_wconf 84' lang='lat' dir='ltr'><strong>agant,</strong></span> <span class='ocrx_word' id='word_1_308' title='bbox 623 1304 651 1328; x_wconf 89' lang='lat' dir='ltr'><strong>et</strong></span> <span class='ocrx_word' id='word_1_309' title='bbox 673 1300 767 1328; x_wconf 88' lang='lat' dir='ltr'><strong>mundi</strong></span> <span class='ocrx_word' id='word_1_310' title='bbox 786 1300 1021 1329; x_wconf 81' lang='lat' dir='ltr'><strong>vicissitudinibus</strong></span> 
     </span>
    </p>
   </div>
   <div class='ocr_carea' id='block_1_45' title="bbox 245 1345 1022 1381">
    <p class='ocr_par' dir='ltr' id='par_1_45' title="bbox 245 1345 1022 1381">
     <span class='ocr_line' id='line_1_45' title="bbox 245 1345 1022 1381; baseline 0.001 -8"><span class='ocrx_word' id='word_1_311' title='bbox 245 1347 388 1374; x_wconf 80' lang='lat' dir='ltr'><strong>vincantur</strong></span> <span class='ocrx_word' id='word_1_312' title='bbox 405 1357 410 1373; x_wconf 93' lang='lat'>:</span> <span class='ocrx_word' id='word_1_313' title='bbox 426 1354 485 1381; x_wconf 67' lang='lat' dir='ltr'><strong>quat</strong></span> <span class='ocrx_word' id='word_1_314' title='bbox 498 1345 613 1381; x_wconf 88' lang='lat' dir='ltr'><strong>denique</strong></span> <span class='ocrx_word' id='word_1_315' title='bbox 622 1346 696 1374; x_wconf 91' lang='lat' dir='ltr'><strong>velut</strong></span> <span class='ocrx_word' id='word_1_316' title='bbox 710 1348 802 1381; x_wconf 80' lang='lat' dir='ltr'><strong>potius</strong></span> <span class='ocrx_word' id='word_1_317' title='bbox 822 1346 901 1374; x_wconf 88' lang='lat' dir='ltr'><strong>inane</strong></span> <span class='ocrx_word' id='word_1_318' title='bbox 914 1347 1022 1374; x_wconf 84' lang='lat' dir='ltr'><strong>virtutis</strong></span> 
     </span>
    </p>
   </div>
   <div class='ocr_carea' id='block_1_46' title="bbox 244 1393 1021 1428">
    <p class='ocr_par' dir='ltr' id='par_1_46' title="bbox 244 1393 1021 1428">
     <span class='ocr_line' id='line_1_46' title="bbox 244 1393 1021 1428; baseline 0.001 -9"><span class='ocrx_word' id='word_1_319' title='bbox 244 1393 420 1420; x_wconf 78' lang='lat' dir='ltr'><strong>simulacrum</strong></span> <span class='ocrx_word' id='word_1_320' title='bbox 435 1393 494 1420; x_wconf 92' lang='lat' dir='ltr'><strong>rudi</strong></span> <span class='ocrx_word' id='word_1_321' title='bbox 510 1393 667 1420; x_wconf 88' lang='lat' dir='ltr'><strong>umbrarum</strong></span> <span class='ocrx_word' id='word_1_322' title='bbox 687 1393 770 1420; x_wconf 90' lang='lat' dir='ltr'><strong>ductu</strong></span> <span class='ocrx_word' id='word_1_323' title='bbox 788 1393 925 1420; x_wconf 87' lang='lat' dir='ltr'><strong>delineant</strong></span> <span class='ocrx_word' id='word_1_324' title='bbox 939 1400 1021 1428; x_wconf 86' lang='lat' dir='ltr'><strong>quam</strong></span> 
     </span>
    </p>
   </div>
   <div class='ocr_carea' id='block_1_47' title="bbox 244 1438 942 1473">
    <p class='ocr_par' dir='ltr' id='par_1_47' title="bbox 244 1438 942 1473">
     <span class='ocr_line' id='line_1_47' title="bbox 244 1438 942 1473; baseline 0.001 -9"><span class='ocrx_word' id='word_1_325' title='bbox 244 1438 331 1472; x_wconf 77' lang='lat' dir='ltr'><strong>ipsam</strong></span> <span class='ocrx_word' id='word_1_326' title='bbox 343 1438 431 1465; x_wconf 84' lang='lat' dir='ltr'><strong>vivam</strong></span> <span class='ocrx_word' id='word_1_327' title='bbox 448 1446 480 1466; x_wconf 84' lang='lat' dir='ltr'><strong>ac</strong></span> <span class='ocrx_word' id='word_1_328' title='bbox 498 1439 644 1473; x_wconf 84' lang='lat' dir='ltr'><strong>spirantem</strong></span> <span class='ocrx_word' id='word_1_329' title='bbox 661 1438 806 1466; x_wconf 23' lang='lat' dir='ltr'><strong>veritatem.</strong></span> <span class='ocrx_word' id='word_1_330' title='bbox 817 1438 942 1466; x_wconf 83' lang='lat' dir='ltr'><strong>elliciant.</strong></span> 
     </span>
    </p>
   </div>
   <div class='ocr_carea' id='block_1_48' title="bbox 1075 927 1857 967">
    <p class='ocr_par' dir='ltr' id='par_1_48' title="bbox 1075 927 1857 967">
     <span class='ocr_line' id='line_1_48' title="bbox 1075 927 1857 967; baseline -0.008 -9"><span class='ocrx_word' id='word_1_331' title='bbox 1075 931 1133 958; x_wconf 78' lang='grc' dir='ltr'>ὁδὸν</span> <span class='ocrx_word' id='word_1_332' title='bbox 1144 931 1184 962; x_wconf 75' lang='grc' dir='ltr'>εἰς</span> <span class='ocrx_word' id='word_1_333' title='bbox 1196 931 1258 963; x_wconf 82' lang='grc' dir='ltr'>τοὺς</span> <span class='ocrx_word' id='word_1_334' title='bbox 1271 931 1402 967; x_wconf 74' lang='grc' dir='ltr'>οὐρανοὺς</span> <span class='ocrx_word' id='word_1_335' title='bbox 1423 929 1654 964; x_wconf 84' lang='grc' dir='ltr'>ἀποτυπούμενος.</span> <span class='ocrx_word' id='word_1_336' title='bbox 1679 927 1749 954; x_wconf 73' lang='grc' dir='ltr'>Ἀλλ’</span> <span class='ocrx_word' id='word_1_337' title='bbox 1765 928 1793 954; x_wconf 84' lang='grc' dir='ltr'><strong>αί</strong></span> <span class='ocrx_word' id='word_1_338' title='bbox 1809 927 1857 962; x_wconf 80' lang='grc' dir='ltr'>μὲν</span> 
     </span>
    </p>
   </div>
   <div class='ocr_carea' id='block_1_49' title="bbox 1074 972 1856 1012">
    <p class='ocr_par' dir='ltr' id='par_1_49' title="bbox 1074 972 1856 1012">
     <span class='ocr_line' id='line_1_49' title="bbox 1074 972 1856 1012; baseline -0.006 -9"><span class='ocrx_word' id='word_1_339' title='bbox 1074 977 1154 1003; x_wconf 79' lang='grc' dir='ltr'>πέντε</span> <span class='ocrx_word' id='word_1_340' title='bbox 1185 975 1317 1012; x_wconf 76' lang='grc' dir='ltr'><strong>ἔμφρονες</strong></span> <span class='ocrx_word' id='word_1_341' title='bbox 1339 975 1485 1010; x_wconf 77' lang='grc' dir='ltr'>ἐτύγχανον</span> <span class='ocrx_word' id='word_1_342' title='bbox 1509 974 1564 1010; x_wconf 76' lang='grc' dir='ltr'>ἄρα</span> <span class='ocrx_word' id='word_1_343' title='bbox 1587 974 1634 1001; x_wconf 81' lang='grc' dir='ltr'>καὶ</span> <span class='ocrx_word' id='word_1_344' title='bbox 1664 972 1760 1007; x_wconf 69' lang='grc' dir='ltr'>σοφαί·</span> <span class='ocrx_word' id='word_1_345' title='bbox 1784 973 1812 999; x_wconf 74' lang='grc' dir='ltr'>αἱ</span> <span class='ocrx_word' id='word_1_346' title='bbox 1830 972 1856 999; x_wconf 75' lang='grc' dir='ltr'>δὲ</span> 
     </span>
    </p>
   </div>
   <div class='ocr_carea' id='block_1_50' title="bbox 1075 1019 1859 1058">
    <p class='ocr_par' dir='ltr' id='par_1_50' title="bbox 1075 1019 1859 1058">
     <span class='ocr_line' id='line_1_50' title="bbox 1075 1019 1859 1058; baseline -0.004 -10"><span class='ocrx_word' id='word_1_347' title='bbox 1075 1022 1156 1048; x_wconf 78' lang='grc' dir='ltr'>πέντε</span> <span class='ocrx_word' id='word_1_348' title='bbox 1172 1022 1263 1058; x_wconf 74' lang='grc' dir='ltr'>μωραὶ</span> <span class='ocrx_word' id='word_1_349' title='bbox 1285 1022 1332 1049; x_wconf 79' lang='grc' dir='ltr'>καὶ</span> <span class='ocrx_word' id='word_1_350' title='bbox 1355 1021 1450 1056; x_wconf 82' lang='grc' dir='ltr'>ἄσοφοί</span> <span class='ocrx_word' id='word_1_351' title='bbox 1461 1029 1549 1052; x_wconf 86' lang='grc' dir='ltr'>τινες·</span> <span class='ocrx_word' id='word_1_352' title='bbox 1573 1021 1603 1046; x_wconf 86' lang='grc' dir='ltr'>οὐ</span> <span class='ocrx_word' id='word_1_353' title='bbox 1618 1020 1672 1055; x_wconf 86' lang='grc' dir='ltr'><strong>γὰρ</strong></span> <span class='ocrx_word' id='word_1_354' title='bbox 1686 1019 1859 1056; x_wconf 76' lang='grc' dir='ltr'>ὲπρομηθεύ-</span> 
     </span>
    </p>
   </div>
   <div class='ocr_carea' id='block_1_51' title="bbox 1073 1066 1856 1103">
    <p class='ocr_par' dir='ltr' id='par_1_51' title="bbox 1073 1066 1856 1103">
     <span class='ocr_line' id='line_1_51' title="bbox 1073 1066 1856 1103; baseline -0.005 -8"><span class='ocrx_word' id='word_1_355' title='bbox 1073 1077 1153 1095; x_wconf 84' lang='grc' dir='ltr'>σαντο</span> <span class='ocrx_word' id='word_1_356' title='bbox 1163 1068 1253 1095; x_wconf 86' lang='grc' dir='ltr'>ἐλαίου</span> <span class='ocrx_word' id='word_1_357' title='bbox 1271 1067 1346 1103; x_wconf 85' lang='grc' dir='ltr'>σφῶν</span> <span class='ocrx_word' id='word_1_358' title='bbox 1358 1068 1393 1095; x_wconf 86' lang='grc' dir='ltr'><strong>τὰ</strong></span> <span class='ocrx_word' id='word_1_359' title='bbox 1412 1068 1509 1102; x_wconf 83' lang='grc' dir='ltr'>ἀγγεῖα</span> <span class='ocrx_word' id='word_1_360' title='bbox 1527 1067 1616 1102; x_wconf 83' lang='grc' dir='ltr'><strong>πλήρη</strong></span> <span class='ocrx_word' id='word_1_361' title='bbox 1636 1066 1856 1101; x_wconf 80' lang='grc' dir='ltr'>παρασκευάσαι,</span> 
     </span>
    </p>
   </div>
   <div class='ocr_carea' id='block_1_52' title="bbox 1073 1112 1859 1150">
    <p class='ocr_par' dir='ltr' id='par_1_52' title="bbox 1073 1112 1859 1150">
     <span class='ocr_line' id='line_1_52' title="bbox 1073 1112 1859 1150; baseline -0.006 -8"><span class='ocrx_word' id='word_1_362' title='bbox 1073 1114 1245 1150; x_wconf 82' lang='grc' dir='ltr'>δικαιοσύνης</span> <span class='ocrx_word' id='word_1_363' title='bbox 1264 1114 1443 1150; x_wconf 81' lang='grc' dir='ltr'>ἀπομείνασαι</span> <span class='ocrx_word' id='word_1_364' title='bbox 1465 1113 1552 1140; x_wconf 85' lang='grc' dir='ltr'>κεναί.</span> <span class='ocrx_word' id='word_1_365' title='bbox 1574 1113 1726 1139; x_wconf 71' lang='grc' dir='ltr'>Αἰνίσσεται</span> <span class='ocrx_word' id='word_1_366' title='bbox 1744 1112 1799 1148; x_wconf 80' lang='grc' dir='ltr'>γὰρ</span> <span class='ocrx_word' id='word_1_367' title='bbox 1815 1112 1859 1138; x_wconf 71' lang='grc' dir='ltr'>διὰ</span> 
     </span>
    </p>
   </div>
   <div class='ocr_carea' id='block_1_53' title="bbox 1073 1159 1857 1196">
    <p class='ocr_par' dir='ltr' id='par_1_53' title="bbox 1073 1159 1857 1196">
     <span class='ocr_line' id='line_1_53' title="bbox 1073 1159 1857 1196; baseline -0.005 -7"><span class='ocrx_word' id='word_1_368' title='bbox 1073 1162 1175 1189; x_wconf 85' lang='grc' dir='ltr'>τούτων</span> <span class='ocrx_word' id='word_1_369' title='bbox 1189 1161 1240 1193; x_wconf 78' lang='grc' dir='ltr'><strong>τὰς</strong></span> <span class='ocrx_word' id='word_1_370' title='bbox 1260 1161 1308 1188; x_wconf 75' lang='grc' dir='ltr'>ἐπὶ</span> <span class='ocrx_word' id='word_1_371' title='bbox 1330 1161 1435 1196; x_wconf 82' lang='grc' dir='ltr'>πέρατα</span> <span class='ocrx_word' id='word_1_372' title='bbox 1455 1160 1602 1196; x_wconf 76' lang='grc' dir='ltr'>παρθενίας</span> <span class='ocrx_word' id='word_1_373' title='bbox 1621 1159 1857 1195; x_wconf 83' lang='grc' dir='ltr'>ἐπισπερχομένας</span> 
     </span>
    </p>
   </div>
   <div class='ocr_carea' id='block_1_54' title="bbox 1074 1206 1857 1242">
    <p class='ocr_par' dir='ltr' id='par_1_54' title="bbox 1074 1206 1857 1242">
     <span class='ocr_line' id='line_1_54' title="bbox 1074 1206 1857 1242; baseline -0.005 -6"><span class='ocrx_word' id='word_1_374' title='bbox 1074 1209 1169 1242; x_wconf 77' lang='grc' dir='ltr'>ἐλθεῖν,</span> <span class='ocrx_word' id='word_1_375' title='bbox 1183 1208 1230 1236; x_wconf 78' lang='grc' dir='ltr'>καὶ</span> <span class='ocrx_word' id='word_1_376' title='bbox 1238 1208 1327 1236; x_wconf 83' lang='grc' dir='ltr'>πάντα</span> <span class='ocrx_word' id='word_1_377' title='bbox 1343 1209 1382 1239; x_wconf 85' lang='grc' dir='ltr'>εἰς</span> <span class='ocrx_word' id='word_1_378' title='bbox 1394 1207 1424 1234; x_wconf 74' lang='grc' dir='ltr'><strong>τὸ</strong></span> <span class='ocrx_word' id='word_1_379' title='bbox 1439 1206 1613 1242; x_wconf 84' lang='grc' dir='ltr'>πληρωθῆναι</span> <span class='ocrx_word' id='word_1_380' title='bbox 1626 1206 1796 1233; x_wconf 81' lang='grc' dir='ltr'>συντείνοντα</span> <span class='ocrx_word' id='word_1_381' title='bbox 1811 1206 1857 1232; x_wconf 76' lang='grc' dir='ltr'><strong>τὸν</strong></span> 
     </span>
    </p>
   </div>
   <div class='ocr_carea' id='block_1_55' title="bbox 1073 1252 1858 1290">
    <p class='ocr_par' dir='ltr' id='par_1_55' title="bbox 1073 1252 1858 1290">
     <span class='ocr_line' id='line_1_55' title="bbox 1073 1252 1858 1290; baseline -0.005 -8"><span class='ocrx_word' id='word_1_382' title='bbox 1073 1254 1161 1290; x_wconf 69' lang='grc' dir='ltr'>ἔρωτα</span> <span class='ocrx_word' id='word_1_383' title='bbox 1184 1254 1277 1282; x_wconf 83' lang='grc' dir='ltr'>τοῦτον</span> <span class='ocrx_word' id='word_1_384' title='bbox 1298 1253 1417 1288; x_wconf 82' lang='grc' dir='ltr'>κοσμίως</span> <span class='ocrx_word' id='word_1_385' title='bbox 1432 1252 1538 1288; x_wconf 85' lang='grc' dir='ltr'>δρώσας</span> <span class='ocrx_word' id='word_1_386' title='bbox 1564 1252 1610 1279; x_wconf 77' lang='grc' dir='ltr'>καὶ</span> <span class='ocrx_word' id='word_1_387' title='bbox 1630 1252 1792 1287; x_wconf 74' lang='grc' dir='ltr'>σωφρόνως·</span> <span class='ocrx_word' id='word_1_388' title='bbox 1810 1252 1858 1278; x_wconf 81' lang='grc' dir='ltr'><strong>καὶ</strong></span> 
     </span>
    </p>
   </div>
   <div class='ocr_carea' id='block_1_56' title="bbox 1072 1297 1858 1335">
    <p class='ocr_par' dir='ltr' id='par_1_56' title="bbox 1072 1297 1858 1335">
     <span class='ocr_line' id='line_1_56' title="bbox 1072 1297 1858 1335; baseline -0.003 -9"><span class='ocrx_word' id='word_1_389' title='bbox 1072 1300 1122 1332; x_wconf 80' lang='grc' dir='ltr'><strong>τὰς</strong></span> <span class='ocrx_word' id='word_1_390' title='bbox 1145 1299 1379 1335; x_wconf 82' lang='grc' dir='ltr'>ἐπαγγελλομένας</span> <span class='ocrx_word' id='word_1_391' title='bbox 1409 1299 1459 1334; x_wconf 81' lang='grc' dir='ltr'>μὲν</span> <span class='ocrx_word' id='word_1_392' title='bbox 1480 1299 1526 1326; x_wconf 78' lang='grc' dir='ltr'>καὶ</span> <span class='ocrx_word' id='word_1_393' title='bbox 1551 1297 1751 1334; x_wconf 82' lang='grc' dir='ltr'>σεμνυνομένας</span> <span class='ocrx_word' id='word_1_394' title='bbox 1778 1297 1858 1324; x_wconf 83' lang='grc' dir='ltr'>τοῦτο</span> 
     </span>
    </p>
   </div>
   <div class='ocr_carea' id='block_1_57' title="bbox 1075 1343 1856 1382">
    <p class='ocr_par' dir='ltr' id='par_1_57' title="bbox 1075 1343 1856 1382">
     <span class='ocr_line' id='line_1_57' title="bbox 1075 1343 1856 1382; baseline -0.004 -10"><span class='ocrx_word' id='word_1_395' title='bbox 1075 1347 1196 1378; x_wconf 76' lang='grc' dir='ltr'>σκοπεῖν,</span> <span class='ocrx_word' id='word_1_396' title='bbox 1219 1345 1400 1382; x_wconf 78' lang='grc' dir='ltr'>ὁλιγωρούσας</span> <span class='ocrx_word' id='word_1_397' title='bbox 1411 1344 1440 1371; x_wconf 84' lang='grc' dir='ltr'><strong>δέ</strong></span> <span class='ocrx_word' id='word_1_398' title='bbox 1460 1345 1507 1371; x_wconf 78' lang='grc' dir='ltr'>καὶ</span> <span class='ocrx_word' id='word_1_399' title='bbox 1520 1344 1677 1380; x_wconf 77' lang='grc' dir='ltr'>ἡττωμένας</span> <span class='ocrx_word' id='word_1_400' title='bbox 1691 1344 1739 1369; x_wconf 85' lang='grc' dir='ltr'>τοῦ</span> <span class='ocrx_word' id='word_1_401' title='bbox 1752 1343 1856 1378; x_wconf 77' lang='grc' dir='ltr'><strong>κόσμου</strong></span> 
     </span>
    </p>
   </div>
   <div class='ocr_carea' id='block_1_58' title="bbox 1073 1389 1856 1426">
    <p class='ocr_par' dir='ltr' id='par_1_58' title="bbox 1073 1389 1856 1426">
     <span class='ocr_line' id='line_1_58' title="bbox 1073 1389 1856 1426; baseline -0.004 -8"><span class='ocrx_word' id='word_1_402' title='bbox 1073 1393 1132 1424; x_wconf 85' lang='grc' dir='ltr'>ταῖς</span> <span class='ocrx_word' id='word_1_403' title='bbox 1150 1391 1317 1426; x_wconf 83' lang='grc' dir='ltr'>ἐξαλλαγαῖς,</span> <span class='ocrx_word' id='word_1_404' title='bbox 1335 1391 1383 1418; x_wconf 74' lang='grc' dir='ltr'>καὶ</span> <span class='ocrx_word' id='word_1_405' title='bbox 1400 1390 1494 1426; x_wconf 82' lang='grc' dir='ltr'>ὥσπερ</span> <span class='ocrx_word' id='word_1_406' title='bbox 1516 1389 1737 1425; x_wconf 75' lang='grc' dir='ltr'>σκιαγραφούσας</span> <span class='ocrx_word' id='word_1_407' title='bbox 1755 1389 1856 1425; x_wconf 79' lang='grc' dir='ltr'>μᾶλλον</span> 
     </span>
    </p>
   </div>
   <div class='ocr_carea' id='block_1_59' title="bbox 1073 1435 1856 1473">
    <p class='ocr_par' dir='ltr' id='par_1_59' title="bbox 1073 1435 1856 1473">
     <span class='ocr_line' id='line_1_59' title="bbox 1073 1435 1856 1473; baseline -0.003 -9"><span class='ocrx_word' id='word_1_408' title='bbox 1073 1437 1181 1464; x_wconf 81' lang='grc' dir='ltr'>εἴδωλον</span> <span class='ocrx_word' id='word_1_409' title='bbox 1208 1437 1308 1473; x_wconf 82' lang='grc' dir='ltr'>ἀρετῆς</span> <span class='ocrx_word' id='word_1_410' title='bbox 1330 1437 1347 1473; x_wconf 81' lang='grc' dir='ltr'><strong>ἢ</strong></span> <span class='ocrx_word' id='word_1_411' title='bbox 1370 1436 1453 1472; x_wconf 77' lang='grc' dir='ltr'>αὐτὴν</span> <span class='ocrx_word' id='word_1_412' title='bbox 1470 1435 1653 1472; x_wconf 76' lang='grc' dir='ltr'>ἑργαζομένας</span> <span class='ocrx_word' id='word_1_413' title='bbox 1671 1436 1791 1472; x_wconf 75' lang='grc' dir='ltr'>ἔμπνουν</span> <span class='ocrx_word' id='word_1_414' title='bbox 1807 1435 1856 1472; x_wconf 82' lang='grc' dir='ltr'>τὴν</span> 
     </span>
    </p>
   </div>
   <div class='ocr_carea' id='block_1_60' title="bbox 1073 1483 1212 1519">
    <p class='ocr_par' dir='ltr' id='par_1_60' title="bbox 1073 1483 1212 1519">
     <span class='ocr_line' id='line_1_60' title="bbox 1073 1483 1212 1519; baseline 0 -9"><span class='ocrx_word' id='word_1_415' title='bbox 1073 1483 1212 1519; x_wconf 79' lang='grc' dir='ltr'>ἀλήθειαν.</span> 
     </span>
    </p>
   </div>
   <div class='ocr_carea' id='block_1_61' title="bbox 577 1544 1504 1582">
    <p class='ocr_par' dir='ltr' id='par_1_61' title="bbox 577 1544 1504 1582">
     <span class='ocr_line' id='line_1_61' title="bbox 577 1544 1504 1582; baseline 0 -10"><span class='ocrx_word' id='word_1_416' title='bbox 577 1544 642 1573; x_wconf 65' lang='lat' dir='ltr'><strong>Cap.</strong></span> <span class='ocrx_word' id='word_1_417' title='bbox 653 1544 697 1573; x_wconf 86' lang='lat' dir='ltr'><strong>lll.</strong></span> <span class='ocrx_word' id='word_1_418' title='bbox 720 1544 886 1581; x_wconf 78' lang='lat' dir='ltr'><strong>Virginitatis</strong></span> <span class='ocrx_word' id='word_1_419' title='bbox 898 1545 966 1573; x_wconf 83' lang='lat' dir='ltr'><strong>idem</strong></span> <span class='ocrx_word' id='word_1_420' title='bbox 983 1549 1092 1573; x_wconf 76' lang='lat' dir='ltr'><strong>conatus</strong></span> <span class='ocrx_word' id='word_1_421' title='bbox 1110 1549 1136 1572; x_wconf 88' lang='lat' dir='ltr'><strong>et</strong></span> <span class='ocrx_word' id='word_1_422' title='bbox 1149 1545 1291 1582; x_wconf 79' lang='lat' dir='ltr'><strong>aggressio,</strong></span> <span class='ocrx_word' id='word_1_423' title='bbox 1305 1544 1407 1580; x_wconf 73' lang='lat' dir='ltr'><strong>dispari</strong></span> <span class='ocrx_word' id='word_1_424' title='bbox 1422 1545 1504 1573; x_wconf 71' lang='lat' dir='ltr'><strong>exitu.</strong></span> 
     </span>
    </p>
   </div>
   <div class='ocr_carea' id='block_1_62' title="bbox 278 1601 1021 1641">
    <p class='ocr_par' dir='ltr' id='par_1_62' title="bbox 278 1603 1015 1641">
     <span class='ocr_line' id='line_1_62' title="bbox 278 1603 1015 1641; baseline 0.004 -10"><span class='ocrx_word' id='word_1_425' title='bbox 278 1603 356 1638; x_wconf 77' lang='lat' dir='ltr'><strong>Quod</strong></span> <span class='ocrx_word' id='word_1_426' title='bbox 371 1604 443 1633; x_wconf 86' lang='lat' dir='ltr'><strong>enim</strong></span> <span class='ocrx_word' id='word_1_427' title='bbox 453 1604 554 1633; x_wconf 80' lang='lat' dir='ltr'><strong>dicitur</strong></span> <span class='ocrx_word' id='word_1_428' title='bbox 569 1605 602 1639; x_wconf 85' lang='lat'><strong>&quot;,</strong></span> <span class='ocrx_word' id='word_1_429' title='bbox 620 1604 712 1632; x_wconf 84' lang='lat' dir='ltr'><strong>Simile</strong></span> <span class='ocrx_word' id='word_1_430' title='bbox 725 1605 826 1640; x_wconf 83' lang='lat' dir='ltr'><strong>factum</strong></span> <span class='ocrx_word' id='word_1_431' title='bbox 840 1614 895 1633; x_wconf 73' lang='lat' dir='ltr'><strong>esse</strong></span> <span class='ocrx_word' id='word_1_432' title='bbox 907 1614 1015 1641; x_wconf 86' lang='lat' dir='ltr'><strong>regnum</strong></span> 
     </span>
    </p>
   </div>
   <div class='ocr_carea' id='block_1_63' title="bbox 1073 1601 1855 1641">
    <p class='ocr_par' dir='ltr' id='par_1_63' title="bbox 1101 1601 1855 1640">
     <span class='ocr_line' id='line_1_63' title="bbox 1101 1601 1855 1640; baseline -0.004 -9"><span class='ocrx_word' id='word_1_433' title='bbox 1101 1605 1139 1631; x_wconf 80' lang='grc' dir='ltr'><strong>Τὸ</strong></span> <span class='ocrx_word' id='word_1_434' title='bbox 1157 1604 1212 1640; x_wconf 85' lang='grc' dir='ltr'><strong>γὰρ</strong></span> <span class='ocrx_word' id='word_1_435' title='bbox 1234 1603 1388 1640; x_wconf 87' lang='grc' dir='ltr'>λεγόμενον,</span> <span class='ocrx_word' id='word_1_436' title='bbox 1413 1603 1586 1638; x_wconf 85' lang='grc' dir='ltr'>Ὠμοιῶσθαι</span> <span class='ocrx_word' id='word_1_437' title='bbox 1611 1602 1670 1636; x_wconf 88' lang='grc' dir='ltr'>τὴν</span> <span class='ocrx_word' id='word_1_438' title='bbox 1687 1601 1855 1634; x_wconf 72' lang='grc' dir='ltr'>,ϐασι-λείαν</span> 
     </span>
    </p>
   </div>
   <div class='ocr_carea' id='block_1_64' title="bbox 242 1649 1020 1688">
    <p class='ocr_par' dir='ltr' id='par_1_64' title="bbox 242 1649 1020 1688">
     <span class='ocr_line' id='line_1_64' title="bbox 242 1649 1020 1688; baseline 0.005 -11"><span class='ocrx_word' id='word_1_439' title='bbox 242 1650 366 1678; x_wconf 73' lang='lat' dir='ltr'><strong>caelorum</strong></span> <span class='ocrx_word' id='word_1_440' title='bbox 380 1649 630 1688; x_wconf 69' lang='lat' dir='ltr'><strong>decem&#39;virginibus,</strong></span> <span class='ocrx_word' id='word_1_441' title='bbox 644 1660 703 1687; x_wconf 65' lang='lat' dir='ltr'><strong>qua?</strong></span> <span class='ocrx_word' id='word_1_442' title='bbox 717 1652 871 1686; x_wconf 76' lang='lat' dir='ltr'><strong>accipientes</strong></span> <span class='ocrx_word' id='word_1_443' title='bbox 884 1653 1020 1688; x_wconf 72' lang='lat' dir='ltr'><strong>lampades</strong></span> 
     </span>
    </p>
   </div>
   <div class='ocr_carea' id='block_1_65' title="bbox 243 1697 1021 1732">
    <p class='ocr_par' dir='ltr' id='par_1_65' title="bbox 243 1697 1021 1732">
     <span class='ocr_line' id='line_1_65' title="bbox 243 1697 1021 1732; baseline 0.006 -9"><span class='ocrx_word' id='word_1_444' title='bbox 243 1705 306 1723; x_wconf 73' lang='lat' dir='ltr'><strong>suas</strong></span> <span class='ocrx_word' id='word_1_445' title='bbox 319 1697 437 1724; x_wconf 71' lang='lat' dir='ltr'><strong>exierunt</strong></span> <span class='ocrx_word' id='word_1_446' title='bbox 449 1697 550 1725; x_wconf 84' lang='lat' dir='ltr'><strong>obviam</strong></span> <span class='ocrx_word' id='word_1_447' title='bbox 565 1697 676 1732; x_wconf 75' lang='lat' dir='ltr'><strong>Sponsa,</strong></span> <span class='ocrx_word' id='word_1_448' title='bbox 691 1698 742 1725; x_wconf 83' lang='lat' dir='ltr'><strong>hoc</strong></span> <span class='ocrx_word' id='word_1_449' title='bbox 757 1698 809 1725; x_wconf 85' lang='lat' dir='ltr'><strong>sibi</strong></span> <span class='ocrx_word' id='word_1_450' title='bbox 820 1699 888 1731; x_wconf 90' lang='lat' dir='ltr'><strong>vult,</strong></span> <span class='ocrx_word' id='word_1_451' title='bbox 899 1699 1021 1728; x_wconf 89' lang='lat' dir='ltr'><strong>eamdem</strong></span> 
     </span>
    </p>
   </div>
   <div class='ocr_carea' id='block_1_66' title="bbox 243 1742 1020 1780">
    <p class='ocr_par' dir='ltr' id='par_1_66' title="bbox 243 1742 1020 1780">
     <span class='ocr_line' id='line_1_66' title="bbox 243 1742 1020 1780; baseline 0.005 -11"><span class='ocrx_word' id='word_1_452' title='bbox 243 1742 462 1777; x_wconf 79' lang='lat' dir='ltr'><strong>professionisac</strong></span> <span class='ocrx_word' id='word_1_453' title='bbox 472 1743 589 1771; x_wconf 85' lang='lat' dir='ltr'><strong>instituti</strong></span> <span class='ocrx_word' id='word_1_454' title='bbox 612 1743 683 1770; x_wconf 87' lang='lat' dir='ltr'><strong>viam</strong></span> <span class='ocrx_word' id='word_1_455' title='bbox 699 1751 793 1771; x_wconf 88' lang='lat' dir='ltr'><strong>omnes</strong></span> <span class='ocrx_word' id='word_1_456' title='bbox 807 1744 932 1779; x_wconf 78' lang='lat' dir='ltr'><strong>elegisse.</strong></span> <span class='ocrx_word' id='word_1_457' title='bbox 948 1745 1020 1780; x_wconf 89' lang='lat' dir='ltr'><strong>quod</strong></span> 
     </span>
    </p>
   </div>
   <div class='ocr_carea' id='block_1_67' title="bbox 242 1788 1021 1823">
    <p class='ocr_par' dir='ltr' id='par_1_67' title="bbox 242 1788 1021 1823">
     <span class='ocr_line' id='line_1_67' title="bbox 242 1788 1021 1823; baseline 0.004 -8"><span class='ocrx_word' id='word_1_458' title='bbox 242 1788 301 1822; x_wconf 76' lang='lat' dir='ltr'><strong>ipsa</strong></span> <span class='ocrx_word' id='word_1_459' title='bbox 313 1788 436 1823; x_wconf 73' lang='lat' dir='ltr'><strong>designat</strong></span> <span class='ocrx_word' id='word_1_460' title='bbox 450 1788 575 1816; x_wconf 86' lang='lat' dir='ltr'><strong>elementi</strong></span> <span class='ocrx_word' id='word_1_461' title='bbox 588 1788 649 1816; x_wconf 91' lang='lat' dir='ltr'><strong>lvis</strong></span> <span class='ocrx_word' id='word_1_462' title='bbox 663 1794 694 1815; x_wconf 86' lang='lat' dir='ltr'><strong>ac</strong></span> <span class='ocrx_word' id='word_1_463' title='bbox 711 1789 815 1816; x_wconf 83' lang='lat' dir='ltr'><strong>denarii</strong></span> <span class='ocrx_word' id='word_1_464' title='bbox 830 1793 905 1817; x_wconf 89' lang='lat' dir='ltr'><strong>nota.</strong></span> <span class='ocrx_word' id='word_1_465' title='bbox 923 1789 952 1817; x_wconf 92' lang='lat' dir='ltr'><strong>ln</strong></span> <span class='ocrx_word' id='word_1_466' title='bbox 961 1798 1021 1818; x_wconf 84' lang='lat' dir='ltr'><strong>eam</strong></span> 
     </span>
    </p>
   </div>
   <div class='ocr_carea' id='block_1_68' title="bbox 242 1834 1024 1872">
    <p class='ocr_par' dir='ltr' id='par_1_68' title="bbox 242 1834 1024 1872">
     <span class='ocr_line' id='line_1_68' title="bbox 242 1834 1024 1872; baseline 0.004 -12"><span class='ocrx_word' id='word_1_467' title='bbox 242 1834 316 1861; x_wconf 86' lang='lat' dir='ltr'><strong>enim</strong></span> <span class='ocrx_word' id='word_1_468' title='bbox 332 1842 362 1861; x_wconf 86' lang='lat' dir='ltr'><strong>se</strong></span> <span class='ocrx_word' id='word_1_469' title='bbox 381 1835 482 1869; x_wconf 81' lang='lat' dir='ltr'><strong>pariter</strong></span> <span class='ocrx_word' id='word_1_470' title='bbox 506 1842 565 1861; x_wconf 88' lang='lat' dir='ltr'><strong>rem</strong></span> <span class='ocrx_word' id='word_1_471' title='bbox 582 1836 768 1868; x_wconf 75' lang='lat' dir='ltr'><strong>accinxerunt,</strong></span> <span class='ocrx_word' id='word_1_472' title='bbox 792 1841 931 1872; x_wconf 88' lang='lat' dir='ltr'><strong>assumpta</strong></span> <span class='ocrx_word' id='word_1_473' title='bbox 956 1845 1024 1872; x_wconf 34' lang='lat' dir='ltr'><strong>pros</strong></span> 
     </span>
    </p>
   </div>
   <div class='ocr_carea' id='block_1_69' title="bbox 242 1878 1023 1916">
    <p class='ocr_par' dir='ltr' id='par_1_69' title="bbox 242 1878 1023 1916">
     <span class='ocr_line' id='line_1_69' title="bbox 242 1878 1023 1916; baseline 0.003 -10"><span class='ocrx_word' id='word_1_474' title='bbox 242 1878 362 1906; x_wconf 78' lang='lat' dir='ltr'><strong>fessione</strong></span> <span class='ocrx_word' id='word_1_475' title='bbox 373 1888 381 1913; x_wconf 86' lang='lat'>;</span> <span class='ocrx_word' id='word_1_476' title='bbox 393 1887 506 1915; x_wconf 87' lang='lat' dir='ltr'><strong>eamque</strong></span> <span class='ocrx_word' id='word_1_477' title='bbox 515 1880 550 1907; x_wconf 87' lang='lat' dir='ltr'><strong>ob</strong></span> <span class='ocrx_word' id='word_1_478' title='bbox 564 1888 622 1907; x_wconf 86' lang='lat' dir='ltr'><strong>rem</strong></span> <span class='ocrx_word' id='word_1_479' title='bbox 629 1885 762 1908; x_wconf 81' lang='lat' dir='ltr'><strong>vocantur</strong></span> <span class='ocrx_word' id='word_1_480' title='bbox 776 1881 881 1915; x_wconf 86' lang='lat' dir='ltr'><strong>decem,</strong></span> <span class='ocrx_word' id='word_1_481' title='bbox 892 1880 964 1916; x_wconf 87' lang='lat' dir='ltr'><strong>quod</strong></span> <span class='ocrx_word' id='word_1_482' title='bbox 983 1881 1023 1908; x_wconf 71' lang='lat' dir='ltr'><strong>ni~</strong></span> 
     </span>
    </p>
   </div>
   <div class='ocr_carea' id='block_1_70' title="bbox 242 1925 1021 1961">
    <p class='ocr_par' dir='ltr' id='par_1_70' title="bbox 242 1925 1021 1961">
     <span class='ocr_line' id='line_1_70' title="bbox 242 1925 1021 1961; baseline 0.003 -10"><span class='ocrx_word' id='word_1_483' title='bbox 242 1925 342 1951; x_wconf 85' lang='lat' dir='ltr'><strong>mirum</strong></span> <span class='ocrx_word' id='word_1_484' title='bbox 353 1925 424 1952; x_wconf 86' lang='lat' dir='ltr'><strong>idem</strong></span> <span class='ocrx_word' id='word_1_485' title='bbox 437 1925 605 1961; x_wconf 89' lang='lat' dir='ltr'><strong>propositum</strong></span> <span class='ocrx_word' id='word_1_486' title='bbox 616 1933 647 1953; x_wconf 89' lang='lat' dir='ltr'><strong>ac</strong></span> <span class='ocrx_word' id='word_1_487' title='bbox 662 1926 826 1959; x_wconf 82' lang='lat' dir='ltr'><strong>institutum,</strong></span> <span class='ocrx_word' id='word_1_488' title='bbox 839 1926 877 1953; x_wconf 81' lang='lat' dir='ltr'><strong>uti</strong></span> <span class='ocrx_word' id='word_1_489' title='bbox 885 1926 1021 1960; x_wconf 84' lang='lat' dir='ltr'><strong>dicebam,</strong></span> 
     </span>
    </p>
   </div>
   <div class='ocr_carea' id='block_1_71' title="bbox 242 1970 1021 2007">
    <p class='ocr_par' dir='ltr' id='par_1_71' title="bbox 242 1970 1021 2007">
     <span class='ocr_line' id='line_1_71' title="bbox 242 1970 1021 2007; baseline 0.003 -10"><span class='ocrx_word' id='word_1_490' title='bbox 242 1970 417 2006; x_wconf 73' lang='lat' dir='ltr'><strong>arripuerunt</strong></span> <span class='ocrx_word' id='word_1_491' title='bbox 434 1980 442 1998; x_wconf 90' lang='lat'><strong>:</strong></span> <span class='ocrx_word' id='word_1_492' title='bbox 459 1979 510 1999; x_wconf 87' lang='lat' dir='ltr'><strong>nec</strong></span> <span class='ocrx_word' id='word_1_493' title='bbox 531 1976 622 1999; x_wconf 84' lang='lat' dir='ltr'><strong>tamen</strong></span> <span class='ocrx_word' id='word_1_494' title='bbox 639 1972 740 2007; x_wconf 84' lang='lat' dir='ltr'><strong>pariter</strong></span> <span class='ocrx_word' id='word_1_495' title='bbox 765 1972 846 2000; x_wconf 85' lang='lat' dir='ltr'><strong>etiam</strong></span> <span class='ocrx_word' id='word_1_496' title='bbox 871 1979 967 2000; x_wconf 82' lang='lat' dir='ltr'><strong>omnes</strong></span> <span class='ocrx_word' id='word_1_497' title='bbox 991 1972 1021 1999; x_wconf 90' lang='lat' dir='ltr'><strong>in</strong></span> 
     </span>
    </p>
   </div>
   <div class='ocr_carea' id='block_1_72' title="bbox 241 2015 1019 2051">
    <p class='ocr_par' dir='ltr' id='par_1_72' title="bbox 241 2015 1019 2051">
     <span class='ocr_line' id='line_1_72' title="bbox 241 2015 1019 2051; baseline 0.003 -9"><span class='ocrx_word' id='word_1_498' title='bbox 241 2023 385 2043; x_wconf 79' lang='lat' dir='ltr'><strong>occursum</strong></span> <span class='ocrx_word' id='word_1_499' title='bbox 393 2015 632 2051; x_wconf 75' lang='lat' dir='ltr'><strong>Sponsiexierunt.</strong></span> <span class='ocrx_word' id='word_1_500' title='bbox 646 2016 714 2044; x_wconf 86' lang='lat' dir='ltr'><strong>Nam</strong></span> <span class='ocrx_word' id='word_1_501' title='bbox 727 2024 820 2044; x_wconf 88' lang='lat' dir='ltr'><strong>earum</strong></span> <span class='ocrx_word' id='word_1_502' title='bbox 828 2016 937 2051; x_wconf 83' lang='lat' dir='ltr'><strong>quidem</strong></span> <span class='ocrx_word' id='word_1_503' title='bbox 948 2017 1019 2050; x_wconf 58' lang='lat' dir='ltr'><strong>aliae,</strong></span> 
     </span>
    </p>
   </div>
   <div class='ocr_carea' id='block_1_73' title="bbox 240 2061 1020 2098">
    <p class='ocr_par' dir='ltr' id='par_1_73' title="bbox 240 2061 1020 2098">
     <span class='ocr_line' id='line_1_73' title="bbox 240 2061 1020 2098; baseline 0 -8"><span class='ocrx_word' id='word_1_504' title='bbox 240 2061 313 2097; x_wconf 66' lang='lat' dir='ltr'><strong>quod</strong></span> <span class='ocrx_word' id='word_1_505' title='bbox 330 2066 358 2090; x_wconf 90' lang='lat' dir='ltr'><strong>et</strong></span> <span class='ocrx_word' id='word_1_506' title='bbox 372 2062 400 2090; x_wconf 91' lang='lat' dir='ltr'><strong>in</strong></span> <span class='ocrx_word' id='word_1_507' title='bbox 415 2065 531 2094; x_wconf 80' lang='lat' dir='ltr'><strong>futurum</strong></span> <span class='ocrx_word' id='word_1_508' title='bbox 543 2062 677 2091; x_wconf 77' lang='lat' dir='ltr'><strong>suliiceret</strong></span> <span class='ocrx_word' id='word_1_509' title='bbox 691 2063 861 2098; x_wconf 86' lang='lat' dir='ltr'><strong>lampadibus</strong></span> <span class='ocrx_word' id='word_1_510' title='bbox 872 2063 932 2090; x_wconf 92' lang='lat' dir='ltr'><strong>oleo</strong></span> <span class='ocrx_word' id='word_1_511' title='bbox 943 2062 1020 2090; x_wconf 79' lang='lat' dir='ltr'><strong>llam-</strong></span> 
     </span>
    </p>
   </div>
   <div class='ocr_carea' id='block_1_74' title="bbox 241 2109 1020 2145">
    <p class='ocr_par' dir='ltr' id='par_1_74' title="bbox 241 2109 1020 2145">
     <span class='ocr_line' id='line_1_74' title="bbox 241 2109 1020 2145; baseline 0.001 -10"><span class='ocrx_word' id='word_1_512' title='bbox 241 2116 315 2136; x_wconf 87' lang='lat' dir='ltr'><strong>mam</strong></span> <span class='ocrx_word' id='word_1_513' title='bbox 329 2109 474 2142; x_wconf 87' lang='lat' dir='ltr'><strong>alentibus,</strong></span> <span class='ocrx_word' id='word_1_514' title='bbox 492 2109 688 2137; x_wconf 86' lang='lat' dir='ltr'><strong>nutrimentum</strong></span> <span class='ocrx_word' id='word_1_515' title='bbox 705 2110 815 2145; x_wconf 85' lang='lat' dir='ltr'><strong>copiose</strong></span> <span class='ocrx_word' id='word_1_516' title='bbox 834 2109 961 2145; x_wconf 84' lang='lat' dir='ltr'><strong>largeque</strong></span> <span class='ocrx_word' id='word_1_517' title='bbox 972 2117 1020 2144; x_wconf 88' lang='lat' dir='ltr'><strong>pa-</strong></span> 
     </span>
    </p>
   </div>
   <div class='ocr_carea' id='block_1_75' title="bbox 239 2155 1019 2190">
    <p class='ocr_par' dir='ltr' id='par_1_75' title="bbox 239 2155 1019 2190">
     <span class='ocr_line' id='line_1_75' title="bbox 239 2155 1019 2190; baseline 0 -8"><span class='ocrx_word' id='word_1_518' title='bbox 239 2159 386 2188; x_wconf 87' lang='lat' dir='ltr'><strong>raverant;</strong></span> <span class='ocrx_word' id='word_1_519' title='bbox 414 2155 474 2182; x_wconf 77' lang='lat' dir='ltr'><strong>alia:</strong></span> <span class='ocrx_word' id='word_1_520' title='bbox 485 2163 560 2188; x_wconf 88' lang='lat' dir='ltr'><strong>vero,</strong></span> <span class='ocrx_word' id='word_1_521' title='bbox 581 2155 707 2190; x_wconf 63' lang='lat' dir='ltr'><strong>praesenti</strong></span> <span class='ocrx_word' id='word_1_522' title='bbox 732 2156 862 2183; x_wconf 82' lang='lat' dir='ltr'><strong>duntaxat</strong></span> <span class='ocrx_word' id='word_1_523' title='bbox 885 2160 1019 2184; x_wconf 65' lang='lat' dir='ltr'><strong>contenta:</strong></span> 
     </span>
    </p>
   </div>
   <div class='ocr_carea' id='block_1_76' title="bbox 239 2201 1018 2238">
    <p class='ocr_par' dir='ltr' id='par_1_76' title="bbox 239 2201 1018 2238">
     <span class='ocr_line' id='line_1_76' title="bbox 239 2201 1018 2238; baseline 0.003 -10"><span class='ocrx_word' id='word_1_524' title='bbox 239 2209 321 2233; x_wconf 75' lang='lat' dir='ltr'><strong>cura,</strong></span> <span class='ocrx_word' id='word_1_525' title='bbox 331 2201 470 2237; x_wconf 80' lang='lat' dir='ltr'><strong>segniores</strong></span> <span class='ocrx_word' id='word_1_526' title='bbox 485 2203 653 2230; x_wconf 73' lang='lat' dir='ltr'><strong>exstiterant.</strong></span> <span class='ocrx_word' id='word_1_527' title='bbox 673 2201 762 2236; x_wconf 85' lang='lat' dir='ltr'><strong>Quare</strong></span> <span class='ocrx_word' id='word_1_528' title='bbox 785 2203 867 2230; x_wconf 89' lang='lat' dir='ltr'><strong>etiam</strong></span> <span class='ocrx_word' id='word_1_529' title='bbox 883 2203 942 2238; x_wconf 90' lang='lat' dir='ltr'><strong>pari</strong></span> <span class='ocrx_word' id='word_1_530' title='bbox 957 2203 1018 2238; x_wconf 91' lang='lat' dir='ltr'><strong>qui-</strong></span> 
     </span>
    </p>
   </div>
   <div class='ocr_carea' id='block_1_77' title="bbox 1070 1648 1856 1685">
    <p class='ocr_par' dir='ltr' id='par_1_77' title="bbox 1070 1648 1856 1685">
     <span class='ocr_line' id='line_1_77' title="bbox 1070 1648 1856 1685; baseline -0.005 -7"><span class='ocrx_word' id='word_1_531' title='bbox 1070 1650 1130 1678; x_wconf 82' lang='grc' dir='ltr'>τῶν</span> <span class='ocrx_word' id='word_1_532' title='bbox 1143 1650 1278 1685; x_wconf 83' lang='grc' dir='ltr'>οὐρανῶν</span> <span class='ocrx_word' id='word_1_533' title='bbox 1288 1650 1361 1677; x_wconf 81' lang='grc' dir='ltr'>δέκα</span> <span class='ocrx_word' id='word_1_534' title='bbox 1375 1650 1542 1684; x_wconf 81' lang='grc' dir='ltr'>παρθένοις,</span> <span class='ocrx_word' id='word_1_535' title='bbox 1559 1649 1668 1681; x_wconf 77' lang='grc' dir='ltr'>αἵτινες</span> <span class='ocrx_word' id='word_1_536' title='bbox 1679 1648 1791 1675; x_wconf 71' lang='grc' dir='ltr'>ἔλαϐον</span> <span class='ocrx_word' id='word_1_537' title='bbox 1803 1649 1856 1681; x_wconf 86' lang='grc' dir='ltr'>τὰς</span> 
     </span>
    </p>
   </div>
   <div class='ocr_carea' id='block_1_78' title="bbox 1070 1693 1856 1732">
    <p class='ocr_par' dir='ltr' id='par_1_78' title="bbox 1070 1693 1856 1732">
     <span class='ocr_line' id='line_1_78' title="bbox 1070 1693 1856 1732; baseline -0.005 -8"><span class='ocrx_word' id='word_1_538' title='bbox 1070 1696 1229 1732; x_wconf 79' lang='grc' dir='ltr'>λαμπάδας</span> <span class='ocrx_word' id='word_1_539' title='bbox 1237 1696 1345 1728; x_wconf 79' lang='grc' dir='ltr'>αὐτῶν,</span> <span class='ocrx_word' id='word_1_540' title='bbox 1362 1696 1410 1723; x_wconf 78' lang='grc' dir='ltr'><strong>καὶ</strong></span> <span class='ocrx_word' id='word_1_541' title='bbox 1429 1695 1561 1730; x_wconf 79' lang='grc' dir='ltr'><strong>ἐξῆλθον</strong></span> <span class='ocrx_word' id='word_1_542' title='bbox 1574 1694 1806 1728; x_wconf 83' lang='grc' dir='ltr'>ἀπαντήσουσαι</span> <span class='ocrx_word' id='word_1_543' title='bbox 1817 1693 1856 1726; x_wconf 84' lang='grc' dir='ltr'>τῷ</span> 
     </span>
    </p>
   </div>
   <div class='ocr_carea' id='block_1_79' title="bbox 1071 1740 1859 1778">
    <p class='ocr_par' dir='ltr' id='par_1_79' title="bbox 1071 1740 1859 1778">
     <span class='ocr_line' id='line_1_79' title="bbox 1071 1740 1859 1778; baseline -0.005 -8"><span class='ocrx_word' id='word_1_544' title='bbox 1071 1743 1209 1778; x_wconf 66' lang='grc' dir='ltr'>Νυμφίῳ,</span> <span class='ocrx_word' id='word_1_545' title='bbox 1233 1743 1374 1778; x_wconf 79' lang='grc' dir='ltr'>σημαίνειν</span> <span class='ocrx_word' id='word_1_546' title='bbox 1397 1742 1517 1778; x_wconf 84' lang='grc' dir='ltr'>βούλεται</span> <span class='ocrx_word' id='word_1_547' title='bbox 1543 1741 1610 1777; x_wconf 89' lang='grc'>(87),</span> <span class='ocrx_word' id='word_1_548' title='bbox 1625 1741 1673 1777; x_wconf 82' lang='grc' dir='ltr'><strong>τὴν</strong></span> <span class='ocrx_word' id='word_1_549' title='bbox 1695 1740 1781 1776; x_wconf 81' lang='grc' dir='ltr'>αὐτὴν</span> <span class='ocrx_word' id='word_1_550' title='bbox 1797 1740 1859 1767; x_wconf 72' lang='grc' dir='ltr'>ὁδὸν</span> 
     </span>
    </p>
   </div>
   <div class='ocr_carea' id='block_1_80' title="bbox 1072 1787 1857 1825">
    <p class='ocr_par' dir='ltr' id='par_1_80' title="bbox 1072 1787 1857 1825">
     <span class='ocr_line' id='line_1_80' title="bbox 1072 1787 1857 1825; baseline -0.003 -10"><span class='ocrx_word' id='word_1_551' title='bbox 1072 1789 1120 1816; x_wconf 80' lang='grc' dir='ltr'>τοῦ</span> <span class='ocrx_word' id='word_1_552' title='bbox 1148 1788 1360 1824; x_wconf 75' lang='grc' dir='ltr'>ἐπιτηδεύματος</span> <span class='ocrx_word' id='word_1_553' title='bbox 1382 1788 1592 1825; x_wconf 85' lang='grc' dir='ltr'>ἐπανῃρημένην</span> <span class='ocrx_word' id='word_1_554' title='bbox 1608 1788 1652 1814; x_wconf 84' lang='grc' dir='ltr'><strong>διὰ</strong></span> <span class='ocrx_word' id='word_1_555' title='bbox 1667 1787 1715 1823; x_wconf 85' lang='grc' dir='ltr'>τὴν</span> <span class='ocrx_word' id='word_1_556' title='bbox 1737 1787 1857 1822; x_wconf 76' lang='grc' dir='ltr'>ἔμφασιν</span> 
     </span>
    </p>
   </div>
   <div class='ocr_carea' id='block_1_81' title="bbox 1072 1833 1859 1870">
    <p class='ocr_par' dir='ltr' id='par_1_81' title="bbox 1072 1833 1859 1870">
     <span class='ocr_line' id='line_1_81' title="bbox 1072 1833 1859 1870; baseline -0.004 -9"><span class='ocrx_word' id='word_1_557' title='bbox 1072 1834 1118 1861; x_wconf 84' lang='grc' dir='ltr'>τοῦ</span> <span class='ocrx_word' id='word_1_558' title='bbox 1128 1835 1144 1862; x_wconf 89' lang='lat' dir='ltr'><strong>l’</strong></span> <span class='ocrx_word' id='word_1_559' title='bbox 1154 1835 1294 1870; x_wconf 75' lang='grc' dir='ltr'>στοιχείου.</span> <span class='ocrx_word' id='word_1_560' title='bbox 1314 1835 1480 1862; x_wconf 85' lang='grc' dir='ltr'>Ἐστειλαντο</span> <span class='ocrx_word' id='word_1_561' title='bbox 1493 1835 1542 1870; x_wconf 84' lang='grc' dir='ltr'>μὲν</span> <span class='ocrx_word' id='word_1_562' title='bbox 1549 1834 1602 1869; x_wconf 80' lang='grc' dir='ltr'><strong>γὰρ</strong></span> <span class='ocrx_word' id='word_1_563' title='bbox 1615 1834 1644 1860; x_wconf 91' lang='grc' dir='ltr'>αἱ</span> <span class='ocrx_word' id='word_1_564' title='bbox 1656 1833 1859 1868; x_wconf 81' lang='grc' dir='ltr'>παραπλησίως</span> 
     </span>
    </p>
   </div>
   <div class='ocr_carea' id='block_1_82' title="bbox 1073 1879 1861 1916">
    <p class='ocr_par' dir='ltr' id='par_1_82' title="bbox 1073 1879 1861 1916">
     <span class='ocr_line' id='line_1_82' title="bbox 1073 1879 1861 1916; baseline -0.001 -9"><span class='ocrx_word' id='word_1_565' title='bbox 1073 1880 1170 1912; x_wconf 81' lang='grc' dir='ltr'>ἐαυτὰς</span> <span class='ocrx_word' id='word_1_566' title='bbox 1181 1882 1220 1913; x_wconf 79' lang='grc' dir='ltr'>εἰς</span> <span class='ocrx_word' id='word_1_567' title='bbox 1234 1880 1313 1908; x_wconf 84' lang='grc' dir='ltr'>τοῦτο</span> <span class='ocrx_word' id='word_1_568' title='bbox 1328 1880 1589 1916; x_wconf 83' lang='grc' dir='ltr'>καθομολογήσασαι,</span> <span class='ocrx_word' id='word_1_569' title='bbox 1607 1880 1653 1907; x_wconf 76' lang='grc' dir='ltr'>καὶ</span> <span class='ocrx_word' id='word_1_570' title='bbox 1666 1879 1752 1915; x_wconf 78' lang='grc' dir='ltr'>ταύτῃ</span> <span class='ocrx_word' id='word_1_571' title='bbox 1765 1880 1861 1915; x_wconf 74' lang='grc' dir='ltr'>κικλή-</span> 
     </span>
    </p>
   </div>
   <div class='ocr_carea' id='block_1_83' title="bbox 1073 1925 1860 1962">
    <p class='ocr_par' dir='ltr' id='par_1_83' title="bbox 1073 1925 1860 1962">
     <span class='ocr_line' id='line_1_83' title="bbox 1073 1925 1860 1962; baseline -0.001 -9"><span class='ocrx_word' id='word_1_572' title='bbox 1073 1935 1182 1954; x_wconf 87' lang='grc' dir='ltr'>σκονται</span> <span class='ocrx_word' id='word_1_573' title='bbox 1204 1927 1270 1954; x_wconf 80' lang='grc' dir='ltr'>δέκα</span> <span class='ocrx_word' id='word_1_574' title='bbox 1280 1947 1287 1959; x_wconf 88' lang='grc'><strong>,</strong></span> <span class='ocrx_word' id='word_1_575' title='bbox 1315 1927 1406 1962; x_wconf 82' lang='grc' dir='ltr'>ἐπειδὴ</span> <span class='ocrx_word' id='word_1_576' title='bbox 1423 1927 1472 1962; x_wconf 86' lang='grc' dir='ltr'>τὴν</span> <span class='ocrx_word' id='word_1_577' title='bbox 1488 1926 1582 1962; x_wconf 81' lang='grc' dir='ltr'>αὐτὴν,</span> <span class='ocrx_word' id='word_1_578' title='bbox 1597 1925 1634 1958; x_wconf 82' lang='grc' dir='ltr'><strong>ὡς</strong></span> <span class='ocrx_word' id='word_1_579' title='bbox 1649 1925 1728 1961; x_wconf 72' lang='grc' dir='ltr'>ἔφην,</span> <span class='ocrx_word' id='word_1_580' title='bbox 1753 1925 1860 1952; x_wconf 79' lang='grc' dir='ltr'>εἴλοντο</span> 
     </span>
    </p>
   </div>
   <div class='ocr_carea' id='block_1_84' title="bbox 1073 1972 1859 2008">
    <p class='ocr_par' dir='ltr' id='par_1_84' title="bbox 1073 1972 1859 2008">
     <span class='ocr_line' id='line_1_84' title="bbox 1073 1972 1859 2008; baseline -0.003 -8"><span class='ocrx_word' id='word_1_581' title='bbox 1073 1973 1215 2008; x_wconf 61' lang='grc' dir='ltr'>πρόθεσιν</span> <span class='ocrx_word' id='word_1_582' title='bbox 1239 1973 1329 2000; x_wconf 80' lang='grc' dir='ltr'>οὐκέτι</span> <span class='ocrx_word' id='word_1_583' title='bbox 1355 1973 1384 2000; x_wconf 83' lang='grc' dir='ltr'><strong>δέ</strong></span> <span class='ocrx_word' id='word_1_584' title='bbox 1407 1973 1506 2008; x_wconf 82' lang='grc' dir='ltr'>ὁμοίως</span> <span class='ocrx_word' id='word_1_585' title='bbox 1527 1972 1636 2008; x_wconf 83' lang='grc' dir='ltr'>ἐξῆλθον</span> <span class='ocrx_word' id='word_1_586' title='bbox 1652 1972 1859 2007; x_wconf 78' lang='grc' dir='ltr'>ὑπαντήσουσαι</span> 
     </span>
    </p>
   </div>
   <div class='ocr_carea' id='block_1_85' title="bbox 1073 2017 1859 2055">
    <p class='ocr_par' dir='ltr' id='par_1_85' title="bbox 1073 2017 1859 2055">
     <span class='ocr_line' id='line_1_85' title="bbox 1073 2017 1859 2055; baseline -0.003 -9"><span class='ocrx_word' id='word_1_587' title='bbox 1073 2019 1111 2055; x_wconf 83' lang='grc' dir='ltr'>τῷ</span> <span class='ocrx_word' id='word_1_588' title='bbox 1123 2018 1250 2055; x_wconf 82' lang='grc' dir='ltr'>Νυμφίῳ.</span> <span class='ocrx_word' id='word_1_589' title='bbox 1269 2020 1302 2046; x_wconf 80' lang='grc' dir='ltr'><strong>Δί</strong></span> <span class='ocrx_word' id='word_1_590' title='bbox 1322 2019 1371 2054; x_wconf 83' lang='grc' dir='ltr'>μὲν</span> <span class='ocrx_word' id='word_1_591' title='bbox 1387 2019 1440 2055; x_wconf 87' lang='grc' dir='ltr'><strong>γὰρ</strong></span> <span class='ocrx_word' id='word_1_592' title='bbox 1453 2019 1555 2054; x_wconf 83' lang='grc' dir='ltr'>τροφὴν</span> <span class='ocrx_word' id='word_1_593' title='bbox 1567 2017 1680 2053; x_wconf 76' lang='grc' dir='ltr'>ἄφθονον</span> <span class='ocrx_word' id='word_1_594' title='bbox 1692 2018 1740 2044; x_wconf 79' lang='grc' dir='ltr'>καὶ</span> <span class='ocrx_word' id='word_1_595' title='bbox 1763 2018 1859 2044; x_wconf 81' lang='grc' dir='ltr'>εἰσαῦ-</span> 
     </span>
    </p>
   </div>
   <div class='ocr_carea' id='block_1_86' title="bbox 1073 2062 1860 2100">
    <p class='ocr_par' dir='ltr' id='par_1_86' title="bbox 1073 2062 1860 2100">
     <span class='ocr_line' id='line_1_86' title="bbox 1073 2062 1860 2100; baseline -0.003 -9"><span class='ocrx_word' id='word_1_596' title='bbox 1073 2064 1115 2096; x_wconf 88' lang='grc' dir='ltr'><strong>θις</strong></span> <span class='ocrx_word' id='word_1_597' title='bbox 1133 2063 1292 2100; x_wconf 81' lang='grc' dir='ltr'>ἐπορίσαντο</span> <span class='ocrx_word' id='word_1_598' title='bbox 1317 2065 1376 2096; x_wconf 89' lang='grc' dir='ltr'>ταῖς</span> <span class='ocrx_word' id='word_1_599' title='bbox 1396 2063 1595 2099; x_wconf 76' lang='grc' dir='ltr'>ἐλαιοθρέπτοις</span> <span class='ocrx_word' id='word_1_600' title='bbox 1615 2062 1755 2098; x_wconf 82' lang='grc' dir='ltr'>λαμπάσιν</span> <span class='ocrx_word' id='word_1_601' title='bbox 1766 2071 1773 2077; x_wconf 90' lang='grc'><strong>·</strong></span> <span class='ocrx_word' id='word_1_602' title='bbox 1787 2064 1860 2090; x_wconf 79' lang='grc' dir='ltr'>αἰδὲ</span> 
     </span>
    </p>
   </div>
   <div class='ocr_carea' id='block_1_87' title="bbox 1072 2109 1858 2146">
    <p class='ocr_par' dir='ltr' id='par_1_87' title="bbox 1072 2109 1858 2146">
     <span class='ocr_line' id='line_1_87' title="bbox 1072 2109 1858 2146; baseline -0.004 -8"><span class='ocrx_word' id='word_1_603' title='bbox 1072 2110 1328 2146; x_wconf 74' lang='grc' dir='ltr'>κατερρᾳθὺμησαν,</span> <span class='ocrx_word' id='word_1_604' title='bbox 1339 2110 1385 2137; x_wconf 87' lang='grc' dir='ltr'>τοῦ</span> <span class='ocrx_word' id='word_1_605' title='bbox 1396 2110 1526 2145; x_wconf 83' lang='grc' dir='ltr'>παρόντος</span> <span class='ocrx_word' id='word_1_606' title='bbox 1542 2110 1620 2145; x_wconf 82' lang='grc' dir='ltr'>μόνον</span> <span class='ocrx_word' id='word_1_607' title='bbox 1636 2109 1858 2144; x_wconf 80' lang='grc' dir='ltr'>ἐπιμεληθεῖσαι.</span> 
     </span>
    </p>
   </div>
   <div class='ocr_carea' id='block_1_88' title="bbox 1072 2156 1860 2193">
    <p class='ocr_par' dir='ltr' id='par_1_88' title="bbox 1072 2156 1860 2193">
     <span class='ocr_line' id='line_1_88' title="bbox 1072 2156 1860 2193; baseline -0.001 -10"><span class='ocrx_word' id='word_1_608' title='bbox 1072 2157 1117 2183; x_wconf 81' lang='grc' dir='ltr'>Διὸ</span> <span class='ocrx_word' id='word_1_609' title='bbox 1127 2157 1158 2193; x_wconf 76' lang='grc' dir='ltr'>δὴ</span> <span class='ocrx_word' id='word_1_610' title='bbox 1167 2157 1214 2184; x_wconf 76' lang='grc' dir='ltr'><strong>καὶ</strong></span> <span class='ocrx_word' id='word_1_611' title='bbox 1228 2156 1365 2192; x_wconf 76' lang='grc' dir='ltr'>ἰσάριθμοι</span> <span class='ocrx_word' id='word_1_612' title='bbox 1386 2158 1453 2192; x_wconf 84' lang='grc' dir='ltr'>πρὸς</span> <span class='ocrx_word' id='word_1_613' title='bbox 1464 2157 1543 2183; x_wconf 82' lang='grc' dir='ltr'>πέντε</span> <span class='ocrx_word' id='word_1_614' title='bbox 1556 2156 1732 2192; x_wconf 81' lang='grc' dir='ltr'>διαιροῦνται,</span> <span class='ocrx_word' id='word_1_615' title='bbox 1746 2156 1860 2192; x_wconf 79' lang='grc' dir='ltr'>ἐπειδή-</span> 
     </span>
    </p>
   </div>
   <div class='ocr_carea' id='block_1_89' title="bbox 1072 2203 1860 2239">
    <p class='ocr_par' dir='ltr' id='par_1_89' title="bbox 1072 2203 1860 2239">
     <span class='ocr_line' id='line_1_89' title="bbox 1072 2203 1860 2239; baseline 0 -10"><span class='ocrx_word' id='word_1_616' title='bbox 1072 2212 1124 2239; x_wconf 89' lang='grc' dir='ltr'><strong>περ</strong></span> <span class='ocrx_word' id='word_1_617' title='bbox 1136 2204 1184 2235; x_wconf 86' lang='grc' dir='ltr'><strong>τὰς</strong></span> <span class='ocrx_word' id='word_1_618' title='bbox 1196 2203 1277 2229; x_wconf 81' lang='grc' dir='ltr'>πέντε</span> <span class='ocrx_word' id='word_1_619' title='bbox 1293 2203 1443 2239; x_wconf 80' lang='grc' dir='ltr'>αἰσθήσεις,</span> <span class='ocrx_word' id='word_1_620' title='bbox 1464 2204 1491 2230; x_wconf 76' lang='grc' dir='ltr'>αἱ</span> <span class='ocrx_word' id='word_1_621' title='bbox 1518 2204 1567 2239; x_wconf 86' lang='grc' dir='ltr'>μὲν</span> <span class='ocrx_word' id='word_1_622' title='bbox 1587 2203 1675 2230; x_wconf 77' lang='grc' dir='ltr'>αὐτῶν</span> <span class='ocrx_word' id='word_1_623' title='bbox 1689 2203 1860 2238; x_wconf 78' lang='grc' dir='ltr'>ἐφυλάξαντο</span> 
     </span>
    </p>
   </div>
   <div class='ocr_carea' id='block_1_90' title="bbox 237 2248 1021 2285">
    <p class='ocr_par' dir='ltr' id='par_1_90' title="bbox 237 2248 1020 2285">
     <span class='ocr_line' id='line_1_90' title="bbox 237 2248 1020 2285; baseline 0.004 -10"><span class='ocrx_word' id='word_1_624' title='bbox 237 2249 316 2276; x_wconf 88' lang='lat' dir='ltr'><strong>nario</strong></span> <span class='ocrx_word' id='word_1_625' title='bbox 328 2248 421 2276; x_wconf 70' lang='lat' dir='ltr'><strong>divisae</strong></span> <span class='ocrx_word' id='word_1_626' title='bbox 438 2255 512 2282; x_wconf 90' lang='lat' dir='ltr'><strong>sunt,</strong></span> <span class='ocrx_word' id='word_1_627' title='bbox 526 2257 586 2285; x_wconf 70' lang='lat' dir='ltr'><strong>qua:</strong></span> <span class='ocrx_word' id='word_1_628' title='bbox 597 2250 688 2278; x_wconf 89' lang='lat' dir='ltr'><strong>decem</strong></span> <span class='ocrx_word' id='word_1_629' title='bbox 700 2254 793 2278; x_wconf 88' lang='lat' dir='ltr'><strong>erant:</strong></span> <span class='ocrx_word' id='word_1_630' title='bbox 807 2249 880 2285; x_wconf 83' lang='lat' dir='ltr'><strong>quod</strong></span> <span class='ocrx_word' id='word_1_631' title='bbox 894 2250 1020 2278; x_wconf 88' lang='lat' dir='ltr'><strong>videlicet</strong></span> 
     </span>
    </p>
   </div>
   <div class='ocr_carea' id='block_1_91' title="bbox 1073 2248 1858 2285">
    <p class='ocr_par' dir='ltr' id='par_1_91' title="bbox 1074 2249 1858 2285">
     <span class='ocr_line' id='line_1_91' title="bbox 1074 2249 1858 2285; baseline -0.003 -8"><span class='ocrx_word' id='word_1_632' title='bbox 1074 2250 1194 2285; x_wconf 77' lang='grc' dir='ltr'>καθαρὰς</span> <span class='ocrx_word' id='word_1_633' title='bbox 1209 2249 1256 2276; x_wconf 75' lang='grc' dir='ltr'><strong>καὶ</strong></span> <span class='ocrx_word' id='word_1_634' title='bbox 1281 2249 1430 2285; x_wconf 76' lang='grc' dir='ltr'>παρθένους</span> <span class='ocrx_word' id='word_1_635' title='bbox 1456 2250 1670 2285; x_wconf 82' lang='grc' dir='ltr'>ἁμαρτημάτων,</span> <span class='ocrx_word' id='word_1_636' title='bbox 1684 2249 1717 2281; x_wconf 81' lang='grc' dir='ltr'>ἃς</span> <span class='ocrx_word' id='word_1_637' title='bbox 1733 2249 1758 2276; x_wconf 83' lang='grc' dir='ltr'>οἱ</span> <span class='ocrx_word' id='word_1_638' title='bbox 1780 2249 1858 2276; x_wconf 83' lang='grc' dir='ltr'>πλεῖ-ι</span> 
     </span>
    </p>
   </div>
   <div class='ocr_carea' id='block_1_92' title="bbox 237 2296 1019 2333">
    <p class='ocr_par' dir='ltr' id='par_1_92' title="bbox 237 2296 1019 2333">
     <span class='ocr_line' id='line_1_92' title="bbox 237 2296 1019 2333; baseline 0.001 -11"><span class='ocrx_word' id='word_1_639' title='bbox 237 2296 357 2331; x_wconf 83' lang='lat' dir='ltr'><strong>quinque</strong></span> <span class='ocrx_word' id='word_1_640' title='bbox 371 2303 479 2328; x_wconf 88' lang='lat' dir='ltr'><strong>sensus,</strong></span> <span class='ocrx_word' id='word_1_641' title='bbox 495 2304 563 2331; x_wconf 91' lang='lat' dir='ltr'><strong>quos</strong></span> <span class='ocrx_word' id='word_1_642' title='bbox 577 2296 700 2332; x_wconf 82' lang='lat' dir='ltr'><strong>plerique</strong></span> <span class='ocrx_word' id='word_1_643' title='bbox 712 2296 851 2332; x_wconf 67' lang='lat' dir='ltr'><strong>sapientiae</strong></span> <span class='ocrx_word' id='word_1_644' title='bbox 865 2300 958 2333; x_wconf 89' lang='lat' dir='ltr'><strong>portas</strong></span> <span class='ocrx_word' id='word_1_645' title='bbox 971 2304 1019 2332; x_wconf 86' lang='lat' dir='ltr'><strong>ap-</strong></span> 
     </span>
    </p>
   </div>
   <div class='ocr_carea' id='block_1_93' title="bbox 272 2372 670 2404">
    <p class='ocr_par' dir='ltr' id='par_1_93' title="bbox 272 2372 670 2404">
     <span class='ocr_line' id='line_1_93' title="bbox 272 2372 670 2404; baseline 0.01 -5"><span class='ocrx_word' id='word_1_646' title='bbox 272 2373 294 2390; x_wconf 79' lang='lat'>“</span> <span class='ocrx_word' id='word_1_647' title='bbox 314 2372 484 2402; x_wconf 78' lang='lat' dir='ltr'><strong>Matth.xxv.</strong></span> <span class='ocrx_word' id='word_1_648' title='bbox 521 2375 543 2392; x_wconf 83' lang='grc'><strong>¹⁹</strong></span> <span class='ocrx_word' id='word_1_649' title='bbox 563 2375 626 2402; x_wconf 84' lang='lat' dir='ltr'><strong>ibid.</strong></span> <span class='ocrx_word' id='word_1_650' title='bbox 644 2376 670 2404; x_wconf 79' lang='grc'><strong>1.</strong></span> 
     </span>
    </p>
   </div>
   <div class='ocr_carea' id='block_1_94' title="bbox 271 2454 1018 2491">
    <p class='ocr_par' dir='ltr' id='par_1_94' title="bbox 271 2454 1018 2491">
     <span class='ocr_line' id='line_1_94' title="bbox 271 2454 1018 2491; baseline 0.001 -10"><span class='ocrx_word' id='word_1_651' title='bbox 271 2455 328 2490; x_wconf 86' lang='grc'><strong>(86)</strong></span> <span class='ocrx_word' id='word_1_652' title='bbox 338 2454 398 2491; x_wconf 9' lang='grc' dir='ltr'>,Καὶ</span> <span class='ocrx_word' id='word_1_653' title='bbox 411 2455 533 2489; x_wconf 81' lang='grc' dir='ltr'>νοητήν.</span> <span class='ocrx_word' id='word_1_654' title='bbox 550 2455 740 2491; x_wconf 82' lang='lat' dir='ltr'><strong>Proprii-ssima</strong></span> <span class='ocrx_word' id='word_1_655' title='bbox 757 2463 807 2482; x_wconf 87' lang='lat' dir='ltr'><strong>vox</strong></span> <span class='ocrx_word' id='word_1_656' title='bbox 823 2455 851 2482; x_wconf 89' lang='lat' dir='ltr'><strong>in</strong></span> <span class='ocrx_word' id='word_1_657' title='bbox 866 2454 924 2482; x_wconf 88' lang='lat' dir='ltr'><strong>Deo</strong></span> <span class='ocrx_word' id='word_1_658' title='bbox 936 2454 1018 2491; x_wconf 17' lang='lat' dir='ltr'><strong>:ripse</strong></span> 
     </span>
    </p>
   </div>
   <div class='ocr_carea' id='block_1_95' title="bbox 235 2490 1016 2526">
    <p class='ocr_par' dir='ltr' id='par_1_95' title="bbox 235 2490 1016 2526">
     <span class='ocr_line' id='line_1_95' title="bbox 235 2490 1016 2526; baseline -0.003 -8"><span class='ocrx_word' id='word_1_659' title='bbox 235 2491 308 2518; x_wconf 85' lang='lat' dir='ltr'><strong>enim</strong></span> <span class='ocrx_word' id='word_1_660' title='bbox 321 2490 444 2518; x_wconf 82' lang='lat' dir='ltr'><strong>absolute</strong></span> <span class='ocrx_word' id='word_1_661' title='bbox 456 2491 486 2517; x_wconf 81' lang='grc' dir='ltr'>τὸ</span> <span class='ocrx_word' id='word_1_662' title='bbox 501 2490 613 2526; x_wconf 70' lang='grc' dir='ltr'>νοητόν,ῖ</span> <span class='ocrx_word' id='word_1_663' title='bbox 621 2492 720 2526; x_wconf 86' lang='lat' dir='ltr'><strong>quippe</strong></span> <span class='ocrx_word' id='word_1_664' title='bbox 738 2491 862 2525; x_wconf 88' lang='lat' dir='ltr'><strong>superior</strong></span> <span class='ocrx_word' id='word_1_665' title='bbox 875 2490 1016 2526; x_wconf 17' lang='lat' dir='ltr'><strong>renonibus,</strong></span> 
     </span>
    </p>
   </div>
   <div class='ocr_carea' id='block_1_96' title="bbox 236 2525 1018 2561">
    <p class='ocr_par' dir='ltr' id='par_1_96' title="bbox 236 2525 1018 2561">
     <span class='ocr_line' id='line_1_96' title="bbox 236 2525 1018 2561; baseline 0 -9"><span class='ocrx_word' id='word_1_666' title='bbox 236 2533 370 2560; x_wconf 83' lang='lat' dir='ltr'><strong>suumque</strong></span> <span class='ocrx_word' id='word_1_667' title='bbox 385 2525 435 2552; x_wconf 86' lang='lat' dir='ltr'><strong>sibi</strong></span> <span class='ocrx_word' id='word_1_668' title='bbox 456 2530 482 2552; x_wconf 87' lang='lat' dir='ltr'><strong>et</strong></span> <span class='ocrx_word' id='word_1_669' title='bbox 502 2527 608 2554; x_wconf 86' lang='lat' dir='ltr'><strong>cunctis</strong></span> <span class='ocrx_word' id='word_1_670' title='bbox 624 2525 736 2561; x_wconf 79' lang='lat' dir='ltr'><strong>reliquis</strong></span> <span class='ocrx_word' id='word_1_671' title='bbox 759 2525 936 2560; x_wconf 74' lang='lat' dir='ltr'><strong>intelligibile.</strong></span> <span class='ocrx_word' id='word_1_672' title='bbox 963 2533 1018 2552; x_wconf 90' lang='lat' dir='ltr'><strong>non</strong></span> 
     </span>
    </p>
   </div>
   <div class='ocr_carea' id='block_1_97' title="bbox 237 2561 1020 2601">
    <p class='ocr_par' dir='ltr' id='par_1_97' title="bbox 237 2561 1020 2601">
     <span class='ocr_line' id='line_1_97' title="bbox 237 2561 1020 2601; baseline 0 -14"><span class='ocrx_word' id='word_1_673' title='bbox 237 2561 283 2594; x_wconf 86' lang='lat' dir='ltr'><strong>qui</strong></span> <span class='ocrx_word' id='word_1_674' title='bbox 298 2561 439 2601; x_wconf 67' lang='lat' dir='ltr'><strong>ordinetur</strong></span> <span class='ocrx_word' id='word_1_675' title='bbox 452 2562 484 2587; x_wconf 70' lang='lat' dir='ltr'><strong>atl</strong></span> <span class='ocrx_word' id='word_1_676' title='bbox 501 2561 753 2601; x_wconf 48' lang='lat' dir='ltr'><strong>aliauintelligenda.</strong></span> <span class='ocrx_word' id='word_1_677' title='bbox 769 2568 855 2601; x_wconf 69' lang='lat' dir='ltr'><strong>eaque</strong></span> <span class='ocrx_word' id='word_1_678' title='bbox 871 2561 1020 2601; x_wconf 77' lang='lat' dir='ltr'><strong>rationein</strong></span> 
     </span>
    </p>
   </div>
   <div class='ocr_carea' id='block_1_98' title="bbox 239 2595 1021 2632">
    <p class='ocr_par' dir='ltr' id='par_1_98' title="bbox 239 2595 1021 2632">
     <span class='ocr_line' id='line_1_98' title="bbox 239 2595 1021 2632; baseline 0 -10"><span class='ocrx_word' id='word_1_679' title='bbox 239 2595 422 2632; x_wconf 51' lang='lat' dir='ltr'><strong>secunda}:th</strong></span> <span class='ocrx_word' id='word_1_680' title='bbox 438 2597 538 2632; x_wconf 85' lang='grc' dir='ltr'>νοερῶν</span> <span class='ocrx_word' id='word_1_681' title='bbox 552 2596 590 2629; x_wconf 87' lang='lat' dir='ltr'><strong>(id</strong></span> <span class='ocrx_word' id='word_1_682' title='bbox 605 2601 646 2624; x_wconf 91' lang='lat' dir='ltr'><strong>est</strong></span> <span class='ocrx_word' id='word_1_683' title='bbox 664 2595 898 2632; x_wconf 61' lang='lat' dir='ltr'><strong>intellectualium,</strong></span> <span class='ocrx_word' id='word_1_684' title='bbox 914 2603 960 2622; x_wconf 82' lang='lat' dir='ltr'><strong>seu</strong></span> <span class='ocrx_word' id='word_1_685' title='bbox 977 2595 1021 2622; x_wconf 90' lang='lat' dir='ltr'><strong>in-</strong></span> 
     </span>
    </p>
   </div>
   <div class='ocr_carea' id='block_1_99' title="bbox 237 2630 1023 2666">
    <p class='ocr_par' dir='ltr' id='par_1_99' title="bbox 237 2630 1023 2666">
     <span class='ocr_line' id='line_1_99' title="bbox 237 2630 1023 2666; baseline 0.001 -10"><span class='ocrx_word' id='word_1_686' title='bbox 237 2630 425 2665; x_wconf 83' lang='lat' dir='ltr'><strong>telligentium)</strong></span> <span class='ocrx_word' id='word_1_687' title='bbox 441 2630 529 2658; x_wconf 79' lang='lat' dir='ltr'><strong>classe</strong></span> <span class='ocrx_word' id='word_1_688' title='bbox 542 2635 687 2658; x_wconf 83' lang='lat' dir='ltr'><strong>statuatur.</strong></span> <span class='ocrx_word' id='word_1_689' title='bbox 702 2630 739 2658; x_wconf 85' lang='lat' dir='ltr'><strong>De</strong></span> <span class='ocrx_word' id='word_1_690' title='bbox 752 2639 804 2665; x_wconf 84' lang='lat' dir='ltr'><strong>qua</strong></span> <span class='ocrx_word' id='word_1_691' title='bbox 816 2631 1023 2666; x_wconf 21' lang='lat' dir='ltr'><strong>vocerprzeclare</strong></span> 
     </span>
    </p>
   </div>
   <div class='ocr_carea' id='block_1_100' title="bbox 237 2665 1018 2701">
    <p class='ocr_par' dir='ltr' id='par_1_100' title="bbox 237 2665 1018 2701">
     <span class='ocr_line' id='line_1_100' title="bbox 237 2665 1018 2701; baseline 0.003 -10"><span class='ocrx_word' id='word_1_692' title='bbox 237 2665 382 2700; x_wconf 84' lang='lat' dir='ltr'><strong>Dionysius</strong></span> <span class='ocrx_word' id='word_1_693' title='bbox 394 2666 508 2701; x_wconf 86' lang='lat' dir='ltr'><strong>ejusque</strong></span> <span class='ocrx_word' id='word_1_694' title='bbox 524 2667 686 2694; x_wconf 84' lang='lat' dir='ltr'><strong>scholiastes</strong></span> <span class='ocrx_word' id='word_1_695' title='bbox 704 2666 849 2693; x_wconf 81' lang='lat' dir='ltr'><strong>Maximus.</strong></span> <span class='ocrx_word' id='word_1_696' title='bbox 869 2665 953 2693; x_wconf 85' lang='lat' dir='ltr'><strong>Valde</strong></span> <span class='ocrx_word' id='word_1_697' title='bbox 968 2667 1018 2693; x_wconf 93' lang='lat' dir='ltr'><strong>im-</strong></span> 
     </span>
    </p>
   </div>
   <div class='ocr_carea' id='block_1_101' title="bbox 237 2701 1019 2737">
    <p class='ocr_par' dir='ltr' id='par_1_101' title="bbox 237 2701 1019 2737">
     <span class='ocr_line' id='line_1_101' title="bbox 237 2701 1019 2737; baseline 0 -10"><span class='ocrx_word' id='word_1_698' title='bbox 237 2701 388 2737; x_wconf 65' lang='lat' dir='ltr'><strong>Vroprium,</strong></span> <span class='ocrx_word' id='word_1_699' title='bbox 408 2701 484 2737; x_wconf 67' lang='lat' dir='ltr'><strong>quod</strong></span> <span class='ocrx_word' id='word_1_700' title='bbox 506 2702 569 2729; x_wconf 85' lang='lat' dir='ltr'><strong>boni</strong></span> <span class='ocrx_word' id='word_1_701' title='bbox 588 2703 670 2729; x_wconf 86' lang='lat' dir='ltr'><strong>etiam</strong></span> <span class='ocrx_word' id='word_1_702' title='bbox 689 2706 813 2728; x_wconf 78' lang='lat' dir='ltr'><strong>auctOres</strong></span> <span class='ocrx_word' id='word_1_703' title='bbox 832 2701 862 2727; x_wconf 77' lang='grc' dir='ltr'>τὸ</span> <span class='ocrx_word' id='word_1_704' title='bbox 881 2701 976 2737; x_wconf 80' lang='grc' dir='ltr'>νοητόν</span> <span class='ocrx_word' id='word_1_705' title='bbox 992 2704 1019 2728; x_wconf 88' lang='lat' dir='ltr'><strong>et</strong></span> 
     </span>
    </p>
   </div>
   <div class='ocr_carea' id='block_1_102' title="bbox 255 2735 1017 2772">
    <p class='ocr_par' dir='ltr' id='par_1_102' title="bbox 255 2735 1017 2772">
     <span class='ocr_line' id='line_1_102' title="bbox 255 2735 1017 2772; baseline 0.001 -11"><span class='ocrx_word' id='word_1_706' title='bbox 255 2735 325 2772; x_wconf 52' lang='grc' dir='ltr'>ἱερόν</span> <span class='ocrx_word' id='word_1_707' title='bbox 349 2735 530 2772; x_wconf 71' lang='lat' dir='ltr'><strong>confundunt,</strong></span> <span class='ocrx_word' id='word_1_708' title='bbox 551 2744 614 2763; x_wconf 89' lang='lat' dir='ltr'><strong>cum</strong></span> <span class='ocrx_word' id='word_1_709' title='bbox 635 2737 748 2764; x_wconf 88' lang='lat' dir='ltr'><strong>alterum</strong></span> <span class='ocrx_word' id='word_1_710' title='bbox 772 2737 859 2772; x_wconf 89' lang='lat' dir='ltr'><strong>ipsum</strong></span> <span class='ocrx_word' id='word_1_711' title='bbox 883 2735 1017 2771; x_wconf 67' lang='lat' dir='ltr'><strong>obiectum</strong></span> 
     </span>
    </p>
   </div>
   <div class='ocr_carea' id='block_1_103' title="bbox 235 2770 1018 2807">
    <p class='ocr_par' dir='ltr' id='par_1_103' title="bbox 235 2770 1018 2807">
     <span class='ocr_line' id='line_1_103' title="bbox 235 2770 1018 2807; baseline 0.003 -11"><span class='ocrx_word' id='word_1_712' title='bbox 235 2770 317 2807; x_wconf 69' lang='grc' dir='ltr'><strong>Αἰαίη,</strong></span> <span class='ocrx_word' id='word_1_713' title='bbox 342 2770 457 2807; x_wconf 79' lang='lat' dir='ltr'><strong>alterum</strong></span> <span class='ocrx_word' id='word_1_714' title='bbox 479 2773 627 2807; x_wconf 82' lang='lat' dir='ltr'><strong>potentiam</strong></span> <span class='ocrx_word' id='word_1_715' title='bbox 648 2775 675 2799; x_wconf 88' lang='lat' dir='ltr'><strong>et</strong></span> <span class='ocrx_word' id='word_1_716' title='bbox 700 2770 863 2805; x_wconf 75' lang='lat' dir='ltr'><strong>facultatem,</strong></span> <span class='ocrx_word' id='word_1_717' title='bbox 888 2770 948 2807; x_wconf 63' lang='lat' dir='ltr'><strong>qua:</strong></span> <span class='ocrx_word' id='word_1_718' title='bbox 972 2771 1018 2798; x_wconf 93' lang='lat' dir='ltr'><strong>illo</strong></span> 
     </span>
    </p>
   </div>
   <div class='ocr_carea' id='block_1_104' title="bbox 235 2805 1019 2843">
    <p class='ocr_par' dir='ltr' id='par_1_104' title="bbox 235 2805 1019 2843">
     <span class='ocr_line' id='line_1_104' title="bbox 235 2805 1019 2843; baseline 0.008 -14"><span class='ocrx_word' id='word_1_719' title='bbox 235 2805 312 2843; x_wconf 81' lang='lat' dir='ltr'><strong>quasi</strong></span> <span class='ocrx_word' id='word_1_720' title='bbox 334 2805 454 2843; x_wconf 69' lang='lat' dir='ltr'><strong>pascitur</strong></span> <span class='ocrx_word' id='word_1_721' title='bbox 469 2813 507 2843; x_wconf 67' lang='lat' dir='ltr'><strong>ac</strong></span> <span class='ocrx_word' id='word_1_722' title='bbox 519 2806 615 2843; x_wconf 80' lang='lat' dir='ltr'><strong>beatur</strong></span> <span class='ocrx_word' id='word_1_723' title='bbox 628 2815 635 2833; x_wconf 84' lang='lat'><strong>:</strong></span> <span class='ocrx_word' id='word_1_724' title='bbox 647 2815 707 2843; x_wconf 76' lang='lat' dir='ltr'><strong>quae</strong></span> <span class='ocrx_word' id='word_1_725' title='bbox 729 2807 756 2834; x_wconf 92' lang='lat' dir='ltr'><strong>in</strong></span> <span class='ocrx_word' id='word_1_726' title='bbox 775 2807 829 2834; x_wconf 84' lang='lat' dir='ltr'><strong>Deo</strong></span> <span class='ocrx_word' id='word_1_727' title='bbox 849 2805 1019 2843; x_wconf 81' lang='lat' dir='ltr'><strong>simplicissi-</strong></span> 
     </span>
    </p>
   </div>
   <div class='ocr_carea' id='block_1_105' title="bbox 236 2840 815 2876">
    <p class='ocr_par' dir='ltr' id='par_1_105' title="bbox 236 2840 815 2876">
     <span class='ocr_line' id='line_1_105' title="bbox 236 2840 815 2876; baseline 0.007 -10"><span class='ocrx_word' id='word_1_728' title='bbox 236 2847 290 2873; x_wconf 84' lang='lat' dir='ltr'><strong>ma,</strong></span> <span class='ocrx_word' id='word_1_729' title='bbox 307 2840 334 2867; x_wconf 89' lang='lat' dir='ltr'><strong>in</strong></span> <span class='ocrx_word' id='word_1_730' title='bbox 353 2840 465 2876; x_wconf 77' lang='lat' dir='ltr'><strong>reliquis</strong></span> <span class='ocrx_word' id='word_1_731' title='bbox 484 2840 569 2869; x_wconf 85' lang='lat' dir='ltr'><strong>divisa</strong></span> <span class='ocrx_word' id='word_1_732' title='bbox 585 2840 663 2869; x_wconf 53' lang='lat' dir='ltr'><strong>sunt:</strong></span> <span class='ocrx_word' id='word_1_733' title='bbox 671 2842 815 2870; x_wconf 73' lang='lat' dir='ltr'><strong>Canens.</strong></span> 
     </span>
    </p>
   </div>
   <div class='ocr_carea' id='block_1_106' title="bbox 1073 2295 1859 2333">
    <p class='ocr_par' dir='ltr' id='par_1_106' title="bbox 1073 2295 1859 2333">
     <span class='ocr_line' id='line_1_106' title="bbox 1073 2295 1859 2333; baseline -0.003 -10"><span class='ocrx_word' id='word_1_734' title='bbox 1073 2305 1129 2323; x_wconf 89' lang='grc' dir='ltr'>στοι</span> <span class='ocrx_word' id='word_1_735' title='bbox 1146 2296 1240 2330; x_wconf 80' lang='grc' dir='ltr'>σοφίας</span> <span class='ocrx_word' id='word_1_736' title='bbox 1255 2296 1476 2333; x_wconf 77' lang='grc' dir='ltr'>προσηγόρευσαν</span> <span class='ocrx_word' id='word_1_737' title='bbox 1494 2296 1580 2328; x_wconf 86' lang='grc' dir='ltr'>πύλας</span> <span class='ocrx_word' id='word_1_738' title='bbox 1591 2305 1597 2311; x_wconf 93' lang='grc'><strong>·</strong></span> <span class='ocrx_word' id='word_1_739' title='bbox 1613 2296 1640 2322; x_wconf 83' lang='grc' dir='ltr'>αἱ</span> <span class='ocrx_word' id='word_1_740' title='bbox 1656 2295 1685 2322; x_wconf 85' lang='grc' dir='ltr'><strong>δέ</strong></span> <span class='ocrx_word' id='word_1_741' title='bbox 1701 2296 1859 2326; x_wconf 73' lang='grc' dir='ltr'>τούναντίον</span> 
     </span>
    </p>
   </div>
   <div class='ocr_carea' id='block_1_107' title="bbox 1101 2452 1859 2489">
    <p class='ocr_par' dir='ltr' id='par_1_107' title="bbox 1101 2452 1859 2489">
     <span class='ocr_line' id='line_1_107' title="bbox 1101 2452 1859 2489; baseline -0.001 -8"><span class='ocrx_word' id='word_1_742' title='bbox 1101 2454 1154 2489; x_wconf 87' lang='grc'><strong>(87)</strong></span> <span class='ocrx_word' id='word_1_743' title='bbox 1166 2454 1482 2488; x_wconf 74' lang='grc' dir='ltr'>Σημαίνεινβούλεται.</span> <span class='ocrx_word' id='word_1_744' title='bbox 1495 2453 1553 2480; x_wconf 82' lang='lat' dir='ltr'><strong>Alia</strong></span> <span class='ocrx_word' id='word_1_745' title='bbox 1564 2453 1645 2489; x_wconf 86' lang='lat' dir='ltr'><strong>lectio</strong></span> <span class='ocrx_word' id='word_1_746' title='bbox 1651 2452 1788 2489; x_wconf 80' lang='lat' dir='ltr'><strong>Allatiana</strong></span> <span class='ocrx_word' id='word_1_747' title='bbox 1798 2453 1859 2488; x_wconf 88' lang='lat' dir='ltr'><strong>ipsa</strong></span> 
     </span>
    </p>
   </div>
   <div class='ocr_carea' id='block_1_108' title="bbox 1065 2487 1859 2525">
    <p class='ocr_par' dir='ltr' id='par_1_108' title="bbox 1065 2487 1859 2525">
     <span class='ocr_line' id='line_1_108' title="bbox 1065 2487 1859 2525; baseline -0.001 -9"><span class='ocrx_word' id='word_1_748' title='bbox 1065 2487 1119 2516; x_wconf 83' lang='lat' dir='ltr'><strong>non</strong></span> <span class='ocrx_word' id='word_1_749' title='bbox 1131 2487 1316 2525; x_wconf 81' lang='lat' dir='ltr'><strong>improbanda,</strong></span> <span class='ocrx_word' id='word_1_750' title='bbox 1336 2489 1471 2524; x_wconf 83' lang='grc' dir='ltr'>σημαίνει,</span> <span class='ocrx_word' id='word_1_751' title='bbox 1487 2487 1704 2525; x_wconf 18' lang='grc' dir='ltr'>βουληθῆναιγτῂν</span> <span class='ocrx_word' id='word_1_752' title='bbox 1714 2487 1800 2525; x_wconf 70' lang='grc' dir='ltr'>αύτὴν</span> <span class='ocrx_word' id='word_1_753' title='bbox 1810 2487 1859 2515; x_wconf 71' lang='grc' dir='ltr'><strong>ἆν-</strong></span> 
     </span>
    </p>
   </div>
   <div class='ocr_carea' id='block_1_109' title="bbox 1065 2522 1858 2584">
    <p class='ocr_par' dir='ltr' id='par_1_109' title="bbox 1065 2522 1858 2584">
     <span class='ocr_line' id='line_1_109' title="bbox 1065 2522 1858 2584; baseline -0.003 -33"><span class='ocrx_word' id='word_1_754' title='bbox 1065 2525 1141 2560; x_wconf 83' lang='grc' dir='ltr'>δρίαν</span> <span class='ocrx_word' id='word_1_755' title='bbox 1154 2522 1310 2551; x_wconf 77' lang='grc' dir='ltr'>ἐνδύσασθαι</span> <span class='ocrx_word' id='word_1_756' title='bbox 1327 2522 1425 2556; x_wconf 64' lang='grc' dir='ltr'>πάσας,</span> <span class='ocrx_word' id='word_1_757' title='bbox 1448 2522 1492 2584; x_wconf 35' lang='lat' dir='ltr'><strong>pii</strong></span> <span class='ocrx_word' id='word_1_758' title='bbox 1511 2522 1634 2559; x_wconf 72' lang='grc' dir='ltr'>μέντοιγε</span> <span class='ocrx_word' id='word_1_759' title='bbox 1650 2522 1789 2558; x_wconf 81' lang='grc' dir='ltr'>ἐξισχύσαι</span> <span class='ocrx_word' id='word_1_760' title='bbox 1806 2525 1858 2555; x_wconf 76' lang='grc' dir='ltr'><strong>τὰς</strong></span> 
     </span>
     <span class='ocr_line' id='line_1_110' title="bbox 1067 2557 1854 2584; baseline 0 0"><span class='ocrx_word' id='word_1_761' title='bbox 1067 2560 1157 2584; x_wconf 79' lang='grc' dir='ltr'>πέντε.</span> <span class='ocrx_word' id='word_1_762' title='bbox 1176 2560 1288 2584; x_wconf 69' lang='lat' dir='ltr'><strong>voluisse</strong></span> <span class='ocrx_word' id='word_1_763' title='bbox 1302 2568 1389 2584; x_wconf 71' lang='lat' dir='ltr'><strong>omnes</strong></span> <span class='ocrx_word' id='word_1_764' title='bbox 1404 2568 1461 2584; x_wconf 81' lang='lat' dir='ltr'><strong>eam</strong></span> <span class='ocrx_word' id='word_1_765' title='bbox 1482 2568 1521 2584; x_wconf 83' lang='lat' dir='ltr'><strong>em</strong></span> <span class='ocrx_word' id='word_1_766' title='bbox 1534 2559 1641 2584; x_wconf 77' lang='lat' dir='ltr'><strong>induere</strong></span> <span class='ocrx_word' id='word_1_767' title='bbox 1658 2557 1854 2584; x_wconf 75' lang='lat' dir='ltr'><strong>fortitudinem.</strong></span> 
     </span>
    </p>
   </div>
   <div class='ocr_carea' id='block_1_110' title="bbox 1067 2557 1854 2595">
    <p class='ocr_par' dir='ltr' id='par_1_110' title="bbox 1067 2557 1854 2595">
     <span class='ocr_line' id='line_1_111' title="bbox 1067 2557 1854 2595; baseline -0.003 -9"><span class='ocrx_word' id='word_1_768' title='bbox 1067 2557 1157 2592; x_wconf 77' lang='grc' dir='ltr'>πέντε,</span> <span class='ocrx_word' id='word_1_769' title='bbox 1176 2560 1288 2587; x_wconf 73' lang='lat' dir='ltr'><strong>voluisse</strong></span> <span class='ocrx_word' id='word_1_770' title='bbox 1302 2568 1389 2587; x_wconf 68' lang='lat' dir='ltr'><strong>omnes</strong></span> <span class='ocrx_word' id='word_1_771' title='bbox 1404 2557 1521 2595; x_wconf 57' lang='lat' dir='ltr'><strong>eaiiideni</strong></span> <span class='ocrx_word' id='word_1_772' title='bbox 1534 2559 1641 2586; x_wconf 78' lang='lat' dir='ltr'><strong>induere</strong></span> <span class='ocrx_word' id='word_1_773' title='bbox 1657 2557 1854 2593; x_wconf 76' lang='lat' dir='ltr'><strong>fortitudinem,</strong></span> 
     </span>
    </p>
   </div>
   <div class='ocr_carea' id='block_1_111' title="bbox 1068 2595 1857 2630">
    <p class='ocr_par' dir='ltr' id='par_1_111' title="bbox 1068 2595 1857 2630">
     <span class='ocr_line' id='line_1_112' title="bbox 1068 2595 1857 2630; baseline -0.004 -8"><span class='ocrx_word' id='word_1_774' title='bbox 1068 2595 1112 2622; x_wconf 72' lang='lat' dir='ltr'><strong>sed</strong></span> <span class='ocrx_word' id='word_1_775' title='bbox 1127 2596 1239 2630; x_wconf 81' lang='lat' dir='ltr'><strong>quinque</strong></span> <span class='ocrx_word' id='word_1_776' title='bbox 1262 2600 1348 2622; x_wconf 83' lang='lat' dir='ltr'><strong>tamen</strong></span> <span class='ocrx_word' id='word_1_777' title='bbox 1372 2596 1438 2622; x_wconf 70' lang='lat' dir='ltr'><strong>vires</strong></span> <span class='ocrx_word' id='word_1_778' title='bbox 1459 2595 1601 2628; x_wconf 74' lang='lat' dir='ltr'><strong>defecisse;</strong></span> <span class='ocrx_word' id='word_1_779' title='bbox 1625 2601 1722 2628; x_wconf 84' lang='lat' dir='ltr'><strong>nempe</strong></span> <span class='ocrx_word' id='word_1_780' title='bbox 1737 2598 1857 2630; x_wconf 73' lang='lat' dir='ltr'><strong>arrepto</strong></span> 
     </span>
    </p>
   </div>
   <div class='ocr_carea' id='block_1_112' title="bbox 1069 2629 1858 2664">
    <p class='ocr_par' dir='ltr' id='par_1_112' title="bbox 1069 2629 1858 2664">
     <span class='ocr_line' id='line_1_113' title="bbox 1069 2629 1858 2664; baseline 0 -8"><span class='ocrx_word' id='word_1_781' title='bbox 1069 2631 1214 2658; x_wconf 79' lang='lat' dir='ltr'><strong>sanctioris</strong></span> <span class='ocrx_word' id='word_1_782' title='bbox 1230 2631 1290 2657; x_wconf 61' lang='lat' dir='ltr'><strong>vitm</strong></span> <span class='ocrx_word' id='word_1_783' title='bbox 1309 2631 1448 2661; x_wconf 89' lang='lat' dir='ltr'><strong>instituto,</strong></span> <span class='ocrx_word' id='word_1_784' title='bbox 1466 2635 1606 2664; x_wconf 73' lang='lat' dir='ltr'><strong>coeptaque</strong></span> <span class='ocrx_word' id='word_1_785' title='bbox 1626 2629 1760 2664; x_wconf 78' lang='lat' dir='ltr'><strong>castitatis</strong></span> <span class='ocrx_word' id='word_1_786' title='bbox 1775 2630 1858 2663; x_wconf 61' lang='lat' dir='ltr'><strong>palae—</strong></span> 
     </span>
    </p>
   </div>
   <div class='ocr_carea' id='block_1_113' title="bbox 1070 2663 1857 2700">
    <p class='ocr_par' dir='ltr' id='par_1_113' title="bbox 1070 2663 1857 2700">
     <span class='ocr_line' id='line_1_114' title="bbox 1070 2663 1857 2700; baseline -0.003 -8"><span class='ocrx_word' id='word_1_787' title='bbox 1070 2670 1137 2696; x_wconf 71' lang='lat' dir='ltr'><strong>st&#39;ra,</strong></span> <span class='ocrx_word' id='word_1_788' title='bbox 1151 2666 1210 2700; x_wconf 86' lang='lat' dir='ltr'><strong>ejus</strong></span> <span class='ocrx_word' id='word_1_789' title='bbox 1224 2666 1332 2693; x_wconf 87' lang='lat' dir='ltr'><strong>virtutis</strong></span> <span class='ocrx_word' id='word_1_790' title='bbox 1349 2666 1422 2692; x_wconf 89' lang='lat' dir='ltr'><strong>cultu</strong></span> <span class='ocrx_word' id='word_1_791' title='bbox 1443 2663 1625 2698; x_wconf 77' lang='lat' dir='ltr'><strong>obtorpuisse.</strong></span> <span class='ocrx_word' id='word_1_792' title='bbox 1647 2663 1782 2700; x_wconf 85' lang='lat' dir='ltr'><strong>Videntur</strong></span> <span class='ocrx_word' id='word_1_793' title='bbox 1799 2664 1857 2700; x_wconf 67' lang='lat' dir='ltr'><strong>hate</strong></span> 
     </span>
    </p>
   </div>
   <div class='ocr_carea' id='block_1_114' title="bbox 1070 2699 1855 2735">
    <p class='ocr_par' dir='ltr' id='par_1_114' title="bbox 1070 2699 1855 2735">
     <span class='ocr_line' id='line_1_115' title="bbox 1070 2699 1855 2735; baseline -0.004 -8"><span class='ocrx_word' id='word_1_794' title='bbox 1070 2699 1206 2735; x_wconf 86' lang='lat' dir='ltr'><strong>respicere</strong></span> <span class='ocrx_word' id='word_1_795' title='bbox 1226 2701 1292 2727; x_wconf 95' lang='lat' dir='ltr'><strong>illud</strong></span> <span class='ocrx_word' id='word_1_796' title='bbox 1314 2700 1365 2728; x_wconf 87' lang='lat' dir='ltr'><strong>lsa.</strong></span> <span class='ocrx_word' id='word_1_797' title='bbox 1381 2709 1417 2731; x_wconf 83' lang='lat' dir='ltr'><strong>LI.</strong></span> <span class='ocrx_word' id='word_1_798' title='bbox 1439 2700 1476 2727; x_wconf 88' lang='lat'><strong>9:</strong></span> <span class='ocrx_word' id='word_1_799' title='bbox 1496 2700 1622 2726; x_wconf 85' lang='grc' dir='ltr'>Ἔνδυσαι</span> <span class='ocrx_word' id='word_1_800' title='bbox 1642 2701 1690 2734; x_wconf 81' lang='grc' dir='ltr'>τὴν</span> <span class='ocrx_word' id='word_1_801' title='bbox 1708 2699 1787 2734; x_wconf 79' lang='grc' dir='ltr'>ίο-χὺν</span> <span class='ocrx_word' id='word_1_802' title='bbox 1806 2699 1855 2735; x_wconf 51' lang='grc' dir='ltr'>τοῦ</span> 
     </span>
    </p>
   </div>
   <div class='ocr_carea' id='block_1_115' title="bbox 1072 2734 1857 2771">
    <p class='ocr_par' dir='ltr' id='par_1_115' title="bbox 1072 2734 1857 2771">
     <span class='ocr_line' id='line_1_116' title="bbox 1072 2734 1857 2771; baseline -0.001 -9"><span class='ocrx_word' id='word_1_803' title='bbox 1072 2734 1211 2771; x_wconf 77' lang='grc' dir='ltr'>βραχίονός</span> <span class='ocrx_word' id='word_1_804' title='bbox 1230 2744 1287 2767; x_wconf 86' lang='grc' dir='ltr'>σου,</span> <span class='ocrx_word' id='word_1_805' title='bbox 1308 2735 1421 2763; x_wconf 80' lang='lat' dir='ltr'><strong>Induere</strong></span> <span class='ocrx_word' id='word_1_806' title='bbox 1442 2735 1623 2770; x_wconf 76' lang='lat' dir='ltr'><strong>fortitudinem</strong></span> <span class='ocrx_word' id='word_1_807' title='bbox 1639 2734 1739 2761; x_wconf 75' lang='lat' dir='ltr'><strong>brachii</strong></span> <span class='ocrx_word' id='word_1_808' title='bbox 1756 2735 1805 2761; x_wconf 81' lang='lat' dir='ltr'><strong>tui.</strong></span> <span class='ocrx_word' id='word_1_809' title='bbox 1825 2734 1857 2761; x_wconf 86' lang='lat' dir='ltr'><strong>Et</strong></span> 
     </span>
    </p>
   </div>
   <div class='ocr_carea' id='block_1_116' title="bbox 1069 2770 1858 2804">
    <p class='ocr_par' dir='ltr' id='par_1_116' title="bbox 1069 2770 1858 2804">
     <span class='ocr_line' id='line_1_117' title="bbox 1069 2770 1858 2804; baseline -0.003 -7"><span class='ocrx_word' id='word_1_810' title='bbox 1069 2776 1144 2798; x_wconf 79' lang='lat' dir='ltr'><strong>certe</strong></span> <span class='ocrx_word' id='word_1_811' title='bbox 1159 2771 1228 2798; x_wconf 80' lang='lat' dir='ltr'><strong>forte</strong></span> <span class='ocrx_word' id='word_1_812' title='bbox 1241 2775 1390 2804; x_wconf 79' lang='lat' dir='ltr'><strong>certamen,</strong></span> <span class='ocrx_word' id='word_1_813' title='bbox 1406 2775 1542 2799; x_wconf 87' lang='lat' dir='ltr'><strong>certamen</strong></span> <span class='ocrx_word' id='word_1_814' title='bbox 1558 2771 1693 2797; x_wconf 88' lang='lat' dir='ltr'><strong>castitatis</strong></span> <span class='ocrx_word' id='word_1_815' title='bbox 1710 2774 1793 2804; x_wconf 85' lang='lat' dir='ltr'><strong>atque</strong></span> <span class='ocrx_word' id='word_1_816' title='bbox 1806 2770 1858 2796; x_wconf 78' lang='grc' dir='ltr'><strong>ἀν-</strong></span> 
     </span>
    </p>
   </div>
   <div class='ocr_carea' id='block_1_117' title="bbox 1069 2805 1856 2842">
    <p class='ocr_par' dir='ltr' id='par_1_117' title="bbox 1069 2805 1856 2842">
     <span class='ocr_line' id='line_1_118' title="bbox 1069 2805 1856 2842; baseline 0.003 -10"><span class='ocrx_word' id='word_1_817' title='bbox 1069 2805 1155 2842; x_wconf 81' lang='grc' dir='ltr'>δρίας,</span> <span class='ocrx_word' id='word_1_818' title='bbox 1165 2811 1193 2833; x_wconf 90' lang='lat' dir='ltr'><strong>ut</strong></span> <span class='ocrx_word' id='word_1_819' title='bbox 1205 2806 1232 2833; x_wconf 91' lang='lat' dir='ltr'><strong>in</strong></span> <span class='ocrx_word' id='word_1_820' title='bbox 1245 2813 1351 2842; x_wconf 86' lang='lat' dir='ltr'><strong>omnem</strong></span> <span class='ocrx_word' id='word_1_821' title='bbox 1366 2807 1448 2832; x_wconf 83' lang='lat' dir='ltr'><strong>vitam</strong></span> <span class='ocrx_word' id='word_1_822' title='bbox 1466 2806 1587 2834; x_wconf 83' lang='lat' dir='ltr'><strong>accensis</strong></span> <span class='ocrx_word' id='word_1_823' title='bbox 1605 2805 1777 2842; x_wconf 72' lang='lat' dir='ltr'><strong>lampadibus</strong></span> <span class='ocrx_word' id='word_1_824' title='bbox 1791 2812 1856 2834; x_wconf 82' lang='lat' dir='ltr'><strong>sus-</strong></span> 
     </span>
    </p>
   </div>
   <div class='ocr_carea' id='block_1_118' title="bbox 1069 2840 1802 2878">
    <p class='ocr_par' dir='ltr' id='par_1_118' title="bbox 1069 2840 1802 2878">
     <span class='ocr_line' id='line_1_119' title="bbox 1069 2840 1802 2878; baseline 0 -9"><span class='ocrx_word' id='word_1_825' title='bbox 1069 2840 1161 2877; x_wconf 58' lang='lat' dir='ltr'><strong>pensae</strong></span> <span class='ocrx_word' id='word_1_826' title='bbox 1173 2841 1292 2878; x_wconf 80' lang='lat' dir='ltr'><strong>virgines</strong></span> <span class='ocrx_word' id='word_1_827' title='bbox 1307 2841 1361 2870; x_wconf 86' lang='lat' dir='ltr'><strong>sint</strong></span> <span class='ocrx_word' id='word_1_828' title='bbox 1376 2841 1403 2869; x_wconf 88' lang='lat' dir='ltr'><strong>in</strong></span> <span class='ocrx_word' id='word_1_829' title='bbox 1416 2843 1618 2877; x_wconf 80' lang='lat' dir='ltr'><strong>exspectatione</strong></span> <span class='ocrx_word' id='word_1_830' title='bbox 1634 2840 1743 2876; x_wconf 79' lang='lat' dir='ltr'><strong>Sponsi.</strong></span> <span class='ocrx_word' id='word_1_831' title='bbox 1760 2840 1802 2869; x_wconf 77' lang='lat' dir='ltr'><strong>lo.</strong></span> 
     </span>
    </p>
   </div>
  </div>
