1908 3078
61 65 108 95 ll‘i

615 66 806 98 CONVlVlUM
826 68 939 98 DECEM
963 66 1141 98 VlRGlNUM.

1637 71 1688 99 ΗΒ

63 126 187 161 πλήθεσιν
194 125 378 162 ἀδικημάτων
391 126 570 164 ἐλωϐήσαντο,
587 129 742 164 φυράσασαι
755 128 848 164 κακίᾳ.

903 128 1044 164 pellarunt,
1066 135 1150 163 puros
1165 130 1247 162 atque
1266 127 1385 162 virgines
1400 135 1416 155 a
1435 128 1555 164 peccatis
1567 128 1608 156 lite
1622 131 1685 165 qui-

68 172 305 208 ‘E-ptparsﬁsaaat
332 174 388 210 γάρ
406 174 454 201 καὶ
477 174 642 207 ἀγνεύσασαι
670 174 852 210 δικαιοσύνης,

62 219 218 254 εὐφόρησαν
228 219 330 254 μᾶλλον
340 220 559 256 παραπτώμασιν
569 229 576 236 ·
591 220 621 253 ἐξ
633 216 663 247 οὗ
685 220 717 256 δὴ
730 221 776 247 καὶ
792 229 854 247 συν-

63 264 111 300 έϐη
127 264 183 290 τῶν
212 264 292 291 Θείων
306 265 360 298 ἔξω
377 266 526 302 περιϐόλων
542 265 766 298 ἀποκλεισθείσας
780 266 852 292 ἀπα-

63 310 236 346 γορευθῖψαι.
253 312 316 338 Εἴτε
327 312 382 348 γὰρ
395 312 589 348 κατορθοῦμεν,
608 312 662 339 εἶτε
679 311 853 348 πλημμελοῦσ-

66 365 125 392 μεν,
138 357 183 383 διὰ
191 357 295 384 τούτων
308 358 436 394 ἑκάτερα,
444 359 490 386 καὶ
498 358 532 385 τὰ
542 357 769 394 ἀνδραγαθήματα
783 366 852 393 κρα-

63 403 185 435 τύνεται,
201 404 249 430 καὶ
265 403 300 430 τὰ
314 404 560 440 κακοπραγήματα.
581 404 636 430 Καὶ
648 403 769 439 ὥσπερὴ
784 403 853 430 Θάλ-

62 449 157 481 λουσα,
169 449 227 476 Καὶ
247 449 405 484 ὀφθαλμῶν,
422 449 483 485 ἔφη,
501 449 546 476 καὶ
556 448 632 476 ὤτων
648 449 757 483 ἁγνείαν
771 447 850 481 εἶναι,

62 495 108 521 καὶ
124 495 266 530 γλώσσης,
283 495 390 522 καὶτῶν
405 495 504 522 λοιπῶν
517 495 633 530 καθεξῆς
649 494 848 531 αἰσθητηρίων·

59 538 133 565 οὕτω
147 538 182 574 δὴ
196 540 244 565 καὶ
255 539 370 566 ἐνταῦθα
385 540 433 576 τὴν
447 540 537 567 πίστιν
549 540 668 576 ἀσυλονή
677 540 850 576 φυλαξαμένη

58 584 113 610 τῶν
136 585 221 611 πέντε
248 585 339 612 διόδων
362 586 413 621 τῆς
436 586 544 621 ἀρετῆς,
566 586 697 622 ὁράσεως,
714 585 848 620 γεύσεως,

58 630 235 665 ὀσφρήσεως,
245 631 317 666 ἁφῆς
326 640 355 658 τε
364 632 410 659 καὶ
422 632 516 667 ἀκοῆς,
525 632 605 659 πέντε
619 632 849 668 προσαγορεύεται

59 676 206 712 παρθένοι,
233 677 278 704 διὰ
303 679 333 705 τὸ
363 678 413 710 τὰς
435 679 514 706 πέντε
534 679 582 714 τῆς
597 679 749 714 αἰσθήσεως
765 679 849 713 ἁγνὰς

58 724 291 761 ἀποκαταστῆσαι
304 726 343 761 τῷ
363 727 471 762 Χριστῷ
497 727 656 762 φαντασίας,
671 727 717 762 ἀφ’
731 727 848 763 ἑκάστης

58 770 150 796 αὐτῶν
163 769 209 798 οἷα
224 771 353 808 λαμπτὴρ
366 773 415 809 τὴν
430 774 555 809 ὁσιότητα
565 773 710 809 λάμπουσα
731 773 846 809 τρανῶς.

65 817 97 844 Ἦ
113 817 170 854 γὰρ
185 819 359 853 πεντάφωτος
374 820 451 856 ἡμῶν
461 820 498 852 ὡς
510 820 616 856 ἀληθῶς
631 819 740 856 λαμπὰς
755 821 771 855 ἡ
784 818 852 855 σάρξ

60 866 145 897 ἐστιν,
164 866 199 902 ἢν
213 868 230 902 ἡ
241 867 313 902 ψυχὴ
327 867 494 902 βαστάζουσα
516 867 593 904 δᾳδὸς
612 867 701 903 δίκην,
720 867 758 903 τῷ
775 868 852 903 Νυμ-

60 913 115 948 φίῳ
129 913 300 949 παρίσταται
313 913 424 950 Χριστῷ
443 916 475 950 τῇ
491 914 583 950 ἡμέρᾳ
605 914 654 949 τῆς
667 914 850 946 ἀναστάσεως,

60 959 274 994 παραφαίνουσα
282 960 325 988 διὰ
336 961 430 988 πασῶν
439 961 491 988 τῶν
501 961 652 997 αἰσθήσεων
660 960 852 996 διεκθρώσκου-

62 1014 111 1032 σαν
126 1005 263 1043 λαμπρὰν
277 1007 325 1043 τὴν
341 1007 442 1039 πίστιν,
465 1006 556 1039 καθὼς
571 1007 652 1038 αὐτὸς
666 1006 794 1039 ἐδίδαξεν.
811 1008 850 1033 εἰ-

61 1050 137 1077 πών·
162 1052 228 1085 Πῦρ
254 1050 350 1087 ἦλθον
370 1053 479 1084 ,βαλεῖν
502 1054 545 1086 εις
573 1052 631 1086 τὴν
649 1052 725 1088 γῆν,
756 1053 805 1079 καὶ
823 1053 851 1079 τι

61 1096 175 1130 ἤθελον
193 1099 220 1124 ει
239 1097 298 1132 ἤδη
318 1097 454 1133 divisam“
473 1099 525 1134 γῆν
547 1099 624 1135 ἡμῶν
640 1099 674 1126 τὰ
685 1098 851 1134 σκηνώματα

63 1143 181 1178 φράσας,
201 1144 243 1175 εἰς
259 1144 277 1171 ἀ
298 1145 423 1172 ἐϐούλετο
438 1146 543 1180 ταχέως
565 1145 717 1181 ἀναφθῆναι
728 1145 776 1181 τὴν
790 1145 851 1178 ὀξυ-

63 1187 173 1223 κίνητον
187 1188 238 1223 τῆς
254 1188 428 1222 διδασκαλίας
444 1190 527 1217 αὑτοῦ
536 1190 583 1217 καὶ
595 1190 725 1226 διάπυρον
740 1189 848 1226 πρᾶξιν.

65 1233 100 1260 Τὸ
112 1234 168 1270 γὰρ
179 1234 270 1261 ἔλαιον
279 1237 313 1270 τῇ
335 1236 415 1272 σοφίᾳ
431 1236 478 1263 καὶ
493 1238 525 1272 τῇ
541 1236 697 1272 δικαιοσύνῃ
711 1235 851 1271 παραϐλη-

63 1280 132 1308 τέον.
163 1281 365 1318 ’Δνομϐρούσης
383 1283 437 1319 γὰρ
455 1283 540 1310 ταῦτα
554 1283 603 1317 τῆς
625 1283 714 1318 ψυχῆς
728 1282 850 1316 ἀφθόνως

65 1326 110 1351 καὶ
126 1325 291 1361 ἐπιχεούσής
319 1327 359 1362 τῷ
385 1327 501 1362 σώματι,
524 1329 564 1359 εις
581 1327 647 1362 ὕψος
668 1326 849 1363 ἀναφλέγεται

64 1370 112 1405 τῆς
126 1371 228 1406 ἀρετῆς
241 1372 374 1399 ἄσϐεστον
386 1372 416 1399 τὸ
428 1372 494 1407 φῶς,
511 1373 664 1409 ἔμπροσθεν
675 1372 729 1399 τῶν
743 1371 849 1407 ἀνθρώ-

64 1424 122 1442 πων
135 1417 276 1453 ἐκλάμπον
285 1418 335 1451 τὰς
355 1419 468 1456 πράξεις
491 1419 540 1452 τὰς
558 1419 655 1452 καλὰς,
672 1419 710 1452 ὡς
721 1418 851 1455 δοξασθῆ-

65 1470 108 1489 ναι
119 1463 166 1490 τὸν
179 1464 288 1501 Πατέρα
307 1465 353 1493 τὸν
373 1467 403 1493 ὲν
412 1467 467 1499 τοῖς
479 1467 613 1502 οὐρανοῖς.

905 173 966 200 dem
979 177 1173 206 servaverunt;
1192 172 1244 199 illae
1255 180 1319 200 vero
1331 177 1428 200 contra
1441 173 1492 201 hos
1507 174 1608 201 malitia
1621 175 1687 202 sub-

904 219 1018 254 igentes,
1040 226 1139 254 magno
1162 226 1276 246 numero
1304 219 1467 253 iujustorum
1485 228 1598 255 operum
1626 229 1687 248 cor-

904 270 1045 300 ruperunt.
1062 265 1240 294 Contineutes
1251 266 1323 293 enim
1335 266 1504 294 castimoniae
1515 267 1657 302 dispendia
1669 276 1684 295 a

900 311 1006 346 justitia
1026 312 1077 339 sibi
1099 311 1260 344 indicentes,
1287 312 1388 347 ingenti
1414 313 1505 347 potius
1522 313 1685 340 delictorum

902 362 994 393 segete
1011 357 1113 386 fertiles
1136 358 1299 385 exstiterunt
1319 368 1325 385 :
1353 358 1425 386 unde
1436 363 1463 385 et
1474 359 1588 395 contigit
1604 365 1632 387 ut
1643 359 1687 386 di-

902 404 973 432 vinis
992 404 1091 432 merito
1113 405 1198 439 septis
1213 408 1385 432 arcerentur.
1403 404 1472 431 Nam
1498 413 1628 433 sensuum
1653 412 1687 434 ea

901 449 943 477 vis
956 452 1008 482 est,
1020 453 1050 476 ut
1063 450 1120 477 sive
1133 452 1206 476 recte
1218 449 1335 484 agimus,
1345 450 1402 477 sive
1418 457 1573 485 peccamus,
1584 458 1686 486 pereos

901 499 959 523 tum
973 496 1044 523 bona
1054 503 1135 532 opera
1152 501 1207 523 tum
1222 496 1293 523 mala
1305 497 1388 523 robur
1402 497 1606 524 nanciscantur.
1617 497 1648 524 Et
1657 501 1687 524 ut

901 541 1030 571 Thallusa
1048 543 1126 575 dixit,
1144 543 1176 570 Et
1194 543 1334 570 oculorum
1351 547 1378 570 et
1394 543 1501 570 aurium
1521 548 1549 570 et
1575 543 1684 579 linguae,

900 593 927 617 et
942 590 1110 625 reliquorum
1123 590 1251 626 deinceps
1264 597 1395 618 sensuum
1407 590 1591 626 virginitatem
1609 598 1682 622 esse.

900 635 937 662 ita
951 639 977 662 et
989 635 1044 668 hic,
1065 643 1126 671 qua:
1151 635 1335 663 inviolabilem
1346 635 1467 670 quinque
1482 635 1592 662 virtutis
1609 642 1688 662 mea-

898 686 976 709 tuum
992 681 1072 709 ﬁdem
1095 682 1211 709 servarit
1225 681 1322 717 (visus,
1343 686 1451 716 gustus,
1477 680 1618 713 odoratus,
1645 685 1688 707 ta-

899 733 1012 762 ctusque
1021 735 1052 754 ac
1060 727 1190 762 auditus),
1202 735 1255 754 una
1268 727 1339 758 licet,
1348 727 1470 763 quinque
1485 727 1603 762 virgines
1617 735 1689 754 nunv

899 777 1016 809 cupatur
1033 783 1039 800 :
1059 773 1130 808 quod
1145 781 1242 808 nempe
1252 774 1374 809 quinque
1391 781 1489 801 sensus
1506 773 1687 809 cogitationes

903 823 993 847 castas
1008 819 1161 847 exhibendo
1178 819 1299 851 Christo,
1324 827 1357 846 ex
1373 827 1468 847 earum
1483 819 1599 854 singulis
1615 819 1688 846 velut

903 866 1008 901 lampas
1024 865 1178 893 sanctitatis
1202 865 1287 892 radiis
1301 865 1375 893 clare
1397 865 1534 901 eﬁ‘ulgeat.
1560 865 1688 900 Quinque

903 911 975 940 enim
991 911 1167 939 lucernarum
1183 911 1288 946 lampas
1301 919 1364 939 vere
1377 919 1441 939 caro
1452 916 1505 944 est,
1522 919 1603 946 quam
1614 911 1689 938 velut

903 957 990 985 facem
1001 961 1111 993 gestans
1126 957 1228 990 anima,
1245 957 1360 985 Christo
1370 957 1477 992 Sponso
1494 957 1594 985 astabit
1605 957 1633 984 in
1644 957 1689 984 die

903 1005 1114 1032 resurrectionis
1130 1024 1137 1037 ,
1163 1004 1346 1040 fulgurantem
1369 1012 1401 1031 ex
1428 1005 1536 1031 cunctis
1561 1003 1688 1032 sensibus

904 1049 1072 1083 splendidam
1086 1049 1166 1077 ﬁdem
1180 1050 1324 1086 magniﬁce
1352 1049 1513 1081 ostendens,
1535 1050 1608 1077 sicut
1630 1049 1689 1084 ipse

904 1095 1008 1129 docuit,
1018 1096 1113 1124 dicens
1122 1096 1145 1112 “
1161 1106 1166 1123 :
1186 1095 1277 1132 Ignem
1292 1097 1349 1124 veni
1369 1097 1472 1123 mittere
1488 1096 1515 1122 in
1532 1100 1641 1128 terram,
1662 1099 1688 1122 et

903 1141 965 1176 quid
980 1141 1037 1168 volo
1052 1142 1103 1168 nisi
1117 1145 1146 1168 ut
1158 1142 1341 1169 accendatur?
1356 1145 1456 1169 terram
1477 1141 1581 1169 scilicet
1593 1144 1688 1167 nostra

903 1194 1019 1222 corpora
1034 1188 1186 1222 appellans,
1202 1187 1230 1215 in
1247 1187 1347 1222 quibus
1364 1188 1421 1215 vult
1436 1187 1561 1214 celeriter
1574 1185 1688 1214 accendi

903 1232 958 1259 cito
965 1233 1091 1260 mobilem
1104 1232 1272 1268 ignitamque
1283 1233 1413 1260 doetrinze
1425 1240 1481 1260 suae
1490 1232 1686 1267 operationem.

904 1277 962 1306 Olei
976 1282 1066 1305 autem
1090 1278 1213 1314 symbolo
1230 1279 1393 1313 sapientiam
1414 1283 1442 1306 et
1464 1279 1600 1314 justitiam
1615 1277 1688 1305 desi-

903 1324 981 1360 gnari
993 1324 1197 1360 intelligendum
1204 1329 1256 1353 est.
1265 1324 1320 1353 Has
1333 1325 1405 1352 enim
1417 1324 1502 1352 veluti
1512 1324 1615 1352 imbres
1623 1323 1687 1351 dum

904 1370 994 1397 anima
1012 1370 1087 1406 large
1109 1369 1264 1405 suppeditat
1289 1378 1320 1398 ac
1337 1371 1446 1406 corpori
1473 1369 1608 1403 aﬁ‘undit,
1636 1369 1689 1396 alte

903 1416 1011 1444 sublata
1025 1416 1143 1450 ﬂamma,
1160 1416 1380 1452 inexstinguihile
1391 1416 1511 1452 assurgit
1526 1415 1633 1442 virtutis
1647 1415 1675 1441 lu

903 1469 976 1495 men,
991 1469 1045 1497 quo
1060 1462 1169 1489 luceant
1185 1469 1277 1490 coram
1289 1462 1447 1490 hominibus
1468 1469 1551 1497 opera
1564 1461 1646 1495 bona,
1659 1463 1689 1487 ut

862 1505 884 1535 C
899 1508 1066 1545 gloriﬁcatur
1080 1508 1162 1536 Pater
1177 1509 1224 1544 qui
1235 1509 1262 1537 in
1278 1510 1355 1538 caelis
1372 1513 1415 1537 est
1427 1509 1462 1537 ἰ.

594 1566 660 1595 CAP.
675 1566 720 1595 IV.
737 1565 808 1600 Quid
826 1566 912 1593 oleum
928 1565 956 1592 in
971 1565 1159 1600 lampadibus?

98 1623 227 1651 Τοιοῦτον
251 1624 341 1652 ἔλαιον
367 1626 422 1662 ἄρα
437 1626 556 1653 κάκεῖνοι
582 1625 750 1663 προσέφερον
767 1627 795 1653 ὲν
813 1624 851 1662 τῷ

64 1671 217 1704 Λευττικῷ,
237 1672 384 1707 ’Δτρυτον
393 1673 506 1705 ἔλαιον,
515 1673 654 1707 καθαρὸν,
668 1672 853 1707 κεκομμένον

64 1716 176 1743 καῦσαι
206 1716 321 1750 λύχνον
334 1716 391 1748 ἔξω
406 1717 459 1744 τοῦ
475 1716 740 1752 καταπετάσματος
752 1718 853 1745 ἔναντι

63 1763 185 1796 Κυρίου.
202 1762 271 1788 Ἀλλ’
284 1762 397 1795 ἐκείνοις
412 1763 460 1799 μὲν
473 1763 638 1799 βραχύτατον
654 1763 712 1799 φῶς
728 1763 854 1799 προσετέ-

64 1815 147 1833 τακτο
175 1806 340 1843 θεραπεύειν
365 1809 411 1843 ἀφ’
435 1809 554 1844 ἑσπέρας
565 1810 606 1841 είς
623 1809 670 1836 ἒω.
692 1809 722 1835 '0
738 1810 793 1844 γάρ
811 1818 852 1836 τοι

65 1853 160 1888 λύχνος
176 1854 266 1880 αὐτῶν
276 1854 363 1881 ἔοικεν
374 1855 528 1887 εἰκάζεσθαι
537 1855 577 1891 τῷ
597 1855 667 1891 λόγῳ
681 1855 851 1892 προφητικῷ,

64 1899 112 1934 τὴν
125 1900 173 1926 ἐπὶ
188 1900 349 1938 σωφροσύνῃ
372 1901 491 1936 φαίνοντι
509 1902 673 1938 παρρησίαν,
687 1903 853 1938 τρεφόμενος

65 1946 120 1972 ἀπὸ
143 1946 199 1973 τῶν
227 1947 353 1983 πράξεων
379 1948 426 1974 καὶ
453 1947 503 1983 τῆς
522 1948 640 1980 πίστεως
661 1949 707 1975 τοῦ
734 1949 815 1976 λαοῦ·
837 1950 851 1976 ὁ

65 1992 93 2018 δὲ
107 1992 170 2024 ναὸς
195 1991 235 2025 τῷ
250 1993 442 2027 σχοινίσματι
464 1994 519 2028 τῆς
539 1995 753 2030 κληρονομίας-⁸
777 1995 852 2021 ὲπει-

65 2038 152 2074 δήπερ
163 2037 259 2073 λύχνος
270 2039 334 2074 περὶ
349 2036 423 2066 οἷκον
447 2039 495 2067 ἕνα
511 2040 589 2075 μόνον
607 2040 717 2068 δύναται
735 2041 850 2075 φαίνειν.

66 2083 122 2119 Πρὸ
137 2083 188 2118 τῆς
212 2084 319 2120 ἡμέρας
332 2082 379 2111 οὖν
394 2085 475 2121 ἐχρῆν
488 2085 582 2113 τοῦτον
595 2085 719 2112 καίεσθαι
738 2086 783 2113 τὸν
805 2086 848 2112 λύ-

934 1623 1001 1652 Tale
1018 1624 1144 1652 videlicet
1167 1624 1255 1653 oleum
1279 1629 1307 1653 et
1322 1625 1361 1652 illi
1375 1624 1526 1653 oﬁ‘erebaut
1543 1624 1570 1652 in
1585 1625 1671 1653 Leviti

899 1677 932 1698 co
947 1671 979 1703 ²²,
1003 1670 1094 1698 Oleum
1119 1671 1286 1706 deftzcatum,
1306 1671 1443 1704 mundum,
1473 1680 1625 1706 expressum
1654 1672 1689 1699 at!

900 1717 997 1749 lumen,
1009 1722 1038 1744 ut
1054 1717 1147 1744 ardeat
1159 1717 1266 1745 lucerna
1281 1723 1356 1745 extra
1366 1718 1450 1745 velum
1463 1723 1523 1746 ante
1535 1719 1687 1746 Dominum.

903 1763 956 1791 Sed
976 1763 1031 1791 illis
1048 1763 1158 1798 quidem
1186 1763 1354 1798 mandatum.
1371 1768 1431 1791 erat
1448 1769 1477 1791 ut
1494 1764 1689 1792 brevissimum

902 1809 996 1837 lumen
1015 1817 1031 1836 a
1046 1817 1160 1844 vespera
1174 1817 1262 1845 usque
1281 1817 1359 1837 mane
1370 1814 1510 1838 curarent.
1525 1810 1616 1844 Quare
1630 1811 1690 1838 illo-

901 1863 962 1883 rum
992 1855 1103 1883 lucerna
1127 1855 1315 1891 propheticum
1339 1864 1492 1884 sermonem
1512 1857 1690 1884 similitudine

901 1901 1018 1938 quadam
1034 1902 1142 1930 videtur
1157 1902 1270 1935 referre,
1291 1902 1450 1937 proﬁtendae
1462 1903 1597 1930 castitatis
1620 1903 1690 1931 ﬁdu-

901 1948 970 1975 ciam
994 1950 1190 1979 ostentantem,
1205 1955 1238 1974 ex
1253 1947 1346 1982 populi
1361 1947 1513 1974 actionibus
1530 1950 1556 1974 et
1569 1946 1621 1974 ﬁde
1642 1947 1691 1973 ali-

900 1995 1022 2020 mentum
1042 1992 1198 2020 habentem.
1216 1991 1358 2026 Templum
1373 1999 1437 2019 vero
1451 1991 1489 2027 [in
1505 1999 1559 2027 quo
1576 1991 1689 2020 lucerna

904 2039 1026 2076 ardebat]
1041 2039 1092 2067 rite
1100 2032 1138 2067 ad
1151 2039 1297 2074 {articulant
1311 2039 1473 2066 hereditatis
1486 2040 1509 2055 "
1521 2039 1564 2074 (ad
1577 2040 1688 2067 domum

903 2086 998 2122 Israel)
1014 2086 1139 2114 refertur.
1155 2086 1278 2115 Lucerna
1294 2087 1403 2122 quippe,
1428 2087 1457 2114 in
1475 2094 1530 2113 una
1556 2086 1690 2114 duntaxat

66 2139 136 2165 χνον.
152 2131 311 2159 Καύσουσι
323 2131 378 2169 γὰρ
389 2132 491 2164 αὑτὸν,
505 2133 596 2167 φησὶν,
610 2132 665 2166 ἕως
679 2133 761 2167 πρωΐ·
776 2142 850 2160 τουτ-

905 2131 996 2159 lucere
1007 2131 1088 2159 domo
1103 2135 1203 2167 potest.
1220 2132 1290 2160 Ante
1301 2131 1372 2159 diem
1390 2132 1474 2166 igitur
1490 2132 1561 2159 hanc
1577 2132 1690 2160 accendi

68 2177 155 2210 ἐστιν,
181 2177 234 2208 ἕως
259 2179 409 2214 παρουσίας
422 2178 467 2205 τοῦ
478 2179 605 2215 Χριστοῦ·
622 2180 673 2210 ὅτι,
688 2178 734 2206 τοῦ
761 2180 850 2206 Ἠλίου

67 2222 115 2257 τῆς
129 2223 243 2257 ἁγνείας
272 2224 460 2256 ἀνατείλαντος
485 2225 532 2252 καὶ
552 2224 602 2260 τῆς
626 2224 808 2261 δικαιοσύνης,
819 2225 849 2252 οὐ

68 2268 143 2303 χρεία
163 2268 273 2303 λύχνου.

101 2347 183 2374 Ὅσον
198 2346 250 2381 μὲν
262 2344 309 2373 οὖν
320 2348 334 2374 ὁ
346 2347 408 2378 λαὸς
423 2349 525 2380 ἐκεῖνος
542 2349 636 2384 χρόνον
647 2349 850 2385 ἀπεθησαύρισε

65 2392 97 2419 τὰ
108 2393 245 2428 τρέφοντα
270 2393 316 2419 τὸν
341 2392 445 2429 λύχνον,
467 2394 640 2430 ἐπιχορηγῶν
661 2395 692 2422 τὸ
708 2395 794 2422 ἔλαιον
807 2395 850 2422 διὰ

67 2437 117 2464 τῶν
129 2438 231 2474 ἔργων,
243 2438 257 2464 ὁ
276 2437 372 2474 λύχνος
385 2439 475 2472 αὐτοῖς
486 2440 535 2466 ούκ
549 2440 660 2467 ἐσϐεστο
679 2441 729 2476 τῆς
743 2450 850 2477 σωφρο-

67 2484 158 2520 σύνης,
183 2484 241 2511 ἀλλ’
259 2483 294 2521 ἦν
319 2486 477 2521 φαινόμενος
504 2487 548 2514 ἀεὶ
571 2488 618 2514 καὶ
632 2488 747 2524 λάμπων
767 2489 796 2514 ὲν
812 2487 851 2524 τῷ

67 2532 258 2566 σχοινίσματι
270 2532 326 2567 τῆς
340 2534 549 2569 κληρονομίας.
568 2535 633 2561 Ὅτε
648 2535 676 2561 δὲ
693 2535 804 2562 ἐπέλιπε
822 2535 852 2562 τὸ

66 2576 163 2608 ιλαιον,
179 2577 233 2604 ἀπὸ
255 2578 306 2613 τῆς
318 2579 434 2610 πίστεως
447 2580 486 2611 εἰς
503 2579 650 2606 ἀκολασίαν
662 2579 751 2607 αὐτῶν
763 2581 854 2616 ἐκτρο-

66 2623 265 2659 παλιζομένων,
290 2625 306 2651 ὁ
339 2625 434 2660 λύχνος
455 2626 539 2662 ἄρδην
561 2626 715 2662 ἀπεσϐέσθη
728 2635 735 2642 ί
754 2627 797 2654 ἵνα
821 2627 852 2662 δὴ

67 2670 145 2696 πάλιν
164 2670 358 2707 ὲξαστράψωσι
381 2672 429 2704 τὰς
453 2673 594 2708 λαμπάδας
617 2673 777 2709 ἐπαλλήλοις
793 2674 852 2700 δια-

67 2716 166 2752 δοχαῖς,
190 2717 297 2744 ἀνωθεν
311 2717 339 2745 αἱ
361 2718 488 2754 παρθένοι
507 2718 545 2754 τῷ
561 2719 656 2755 κόσμῳ
668 2719 852 2755 πυρσεύουσαι

905 2178 1056 2213 oportebat.
1072 2178 1303 2205 Accenduntenim
1317 2177 1395 2211 hanc,
1409 2178 1457 2210 ait,
1474 2186 1554 2213 usque
1568 2186 1645 2204 mane
1654 2178 1688 2210 ",

903 2225 956 2252 hoc
981 2229 1023 2253 est
1048 2232 1136 2260 usque
1160 2226 1193 2252 ad
1217 2225 1362 2253 adventum
1388 2225 1498 2253 Christi.
1517 2225 1690 2260 Virginitatis

903 2271 1004 2298 etenim
1019 2275 1046 2298 et
1056 2271 1170 2306 justitia:
1181 2276 1277 2299 exorto
1294 2271 1357 2299 Sole
1370 2272 1404 2303 “,
1417 2271 1484 2298 nihil
1496 2271 1552 2306 jam
1571 2271 1690 2298 lucerna

907 2319 1050 2384 θνὸἶεῧῖἶέ)
1075 2351 1158 2386 igitur
1168 2355 1290 2387 tempore
1318 2352 1436 2387 populus
1457 2351 1502 2379 ille
1528 2359 1589 2386 quae
1610 2355 1690 2378 erant

904 2396 1007 2424 alendae
1020 2396 1138 2424 lucernae
1147 2397 1282 2432 suggessit
1293 2396 1402 2432 (nempe
1411 2396 1589 2431 suppeditans
1598 2395 1689 2422 oleum

905 2451 952 2478 per
967 2443 1190 2478 opera),lucerna
1204 2444 1338 2471 castitatis
1350 2443 1563 2472 eisinexstincta
1571 2442 1688 2475 mansit;

903 2492 1015 2523 eratque
1029 2496 1135 2523 semper
1152 2489 1246 2517 lucens
1259 2493 1286 2516 ct
1303 2488 1448 2524 splendens
1464 2489 1492 2515 in
1510 2488 1626 2523 funiculo
1638 2487 1690 2514 lue-

905 2533 1036 2562 reditatis.
1053 2534 1118 2563 Oleo
1136 2539 1227 2562 autem
1242 2535 1395 2567 deﬁciente,
1411 2535 1465 2563 illis
1483 2544 1498 2561 a
1512 2534 1564 2562 ﬁde
1583 2533 1616 2561 ad
1639 2540 1688 2568 pe-

905 2580 1048 2608 tulantiam
1063 2581 1160 2613 versis,
1174 2581 1285 2607 lucerna
1300 2580 1409 2614 penitus
1425 2580 1570 2611 exstincta,
1597 2579 1690 2606 lucere

905 2626 945 2653 eis
964 2625 1066 2653 desiit:
1088 2633 1143 2660 quo
1159 2625 1286 2652 nimirum
1307 2626 1420 2653 alternis
1443 2633 1552 2653 rursum
1570 2625 1690 2660 virgines
1709 2648 1712 2650 .

906 2671 1138 2704 successiouibus,
1154 2671 1228 2699 velut
1241 2671 1349 2698 coalitus
1366 2671 1476 2706 praelata
1493 2671 1551 2699 face
1569 2671 1690 2698 incorru-

905 2719 1024 2755 ptionem
1036 2717 1137 2745 mundo
1149 2718 1175 2745 in
1180 2717 1306 2751 ferentes,
1317 2719 1377 2746 laete
1387 2718 1511 2746 accensis
1519 2718 1699 2753 lampadibus.

103 2809 124 2825 ²⁸
135 2809 199 2838 Luc.
213 2819 262 2844 ιιι,
280 2811 325 2839 ιο.
364 2812 384 2828 ¹¹
397 2811 490 2839 Matth.
505 2820 531 2846 ν,
543 2813 568 2841 6.
608 2811 719 2840 "Lct-il.
737 2811 846 2846 XXI\‘,2.

903 2811 1114 2847 ‘Psal.crv,il.
1154 2811 1268 2839 “Lavit.
1284 2819 1349 2839 xxiv
1378 2812 1404 2839 5.
1444 2810 1597 2838 “Halat-It.
1613 2809 1688 2844 ηιξ.
