1908 3078
225 42 276 70 H9

712 43 740 70 S.
762 43 927 71 METllODll
949 44 1103 73 EPISCOPI
1123 45 1167 72 ET
1187 44 1365 72 MARTYRIS

1792 46 1852 72 1‘20

222 102 453 138 splendescerent.
467 101 737 130 Subministrandum
752 103 835 139 igitur
849 112 923 132 nunc
940 112 1000 140 quo-

1059 106 1107 141 τὴν
1123 106 1285 141 ἀφθαρσίαν.
1298 105 1471 141 Χορηγητέον
1484 103 1530 132 οὖν
1541 105 1573 141 δὴ
1580 104 1610 132 τὸ
1622 105 1741 142 ἄτρυγον
1755 105 1850 132 ἔλαιον

223 153 277 183 quo
293 148 432 175 atlluenter
447 147 608 175 defaecatum
621 149 756 176 bonorum
772 157 886 186 operum
902 155 930 178 et
944 159 1008 185 pru-

223 193 325 221 dentia':
339 194 438 226 Oleum,
461 194 496 221 ab
519 194 593 221 omni
618 194 746 222 deorsum
768 200 898 231 gravante
909 204 1006 224 corru-

223 240 314 274 ptione
323 239 513 274 depurgatum,
529 249 564 268 ne
576 248 680 268 moram
693 241 810 270 faciente
821 242 938 277 Sponso,
956 251 1008 270 no-

220 290 283 313 stra:
292 285 374 312 etiam
390 286 492 320 pariter
500 286 638 322 lampades
653 287 871 323 exstinguantur.
883 288 957 316 Mora
967 290 1007 316 vi-

219 330 317 358 delicet
332 329 431 366 Sponsi
447 337 553 367 tempus
569 337 611 360 est
623 333 696 368 quod
711 333 774 361 hinc
784 334 818 361 ad
827 333 928 362 Christi
940 335 1005 362 ulti-

218 385 293 404 mum
308 378 453 405 adventum
467 378 612 406 intercedit
623 388 630 413 ;
643 379 801 408 dormitatio
812 388 878 408 vero
894 384 922 408 et
936 389 1007 409 sont-

218 431 272 450 nus
291 423 437 458 virginum,
453 431 581 452 excessus
598 433 613 452 e
629 426 705 459 vita;
722 434 776 454 nox
791 430 880 453 autem
906 427 1005 460 media,

218 476 331 504 regnum
347 469 518 502 Antichristi,
547 471 658 506 quando
673 472 872 500 exterminatur
892 473 1006 507 angelus

218 514 347 542 transibit
362 522 410 550 per
427 515 522 543 domos
538 516 570 542 ’³.
586 516 695 544 Clamor
704 524 780 549 vero,
799 517 865 544 Ecce
887 517 1005 552 Sponsus

217 561 296 592 teuit,
308 561 376 588 exite
398 560 500 588 obviam
514 561 540 588 ei
561 562 602 588 ιτς
616 570 667 589 vox
682 567 724 590 est
743 563 777 591 de
790 563 868 591 ccelis
884 567 912 591 et
929 563 1005 595 tuba,

217 606 328 641 quando
347 606 447 639 sancti,
460 607 570 635 cunctis
584 615 680 635 eorum
696 608 867 636 resuscitatis
880 609 1003 644 corpori-

217 653 278 685 bus,
295 653 321 680 in
334 652 454 681 nubibus
470 653 538 689 rapti
553 653 704 689 precedent
731 655 759 682 in
780 662 927 683 occursum
952 654 1005 682 Do-

217 700 286 727 mini
301 700 324 715 ¹¹¹

1059 151 1106 178 καὶ
1119 151 1165 178 νῦν
1179 151 1232 179 τῶν
1248 151 1338 178 καλῶν
1356 151 1444 186 ἔργων
1460 151 1546 183 ἀδεῶς
1565 152 1612 177 καὶ
1627 151 1678 186 τῆς
1696 151 1845 183 συνέσεως,

1057 196 1148 231 πάσης
1162 196 1236 222 κάτω
1256 195 1400 231 βριθούσης
1415 195 1595 231 ἁφυλισμένον
1609 196 1712 232 φθορᾶς
1725 205 1731 211 ·
1748 196 1792 222 ἵνα
1807 197 1848 232 μὴ

1057 242 1228 277 χρονίσαντος
1252 241 1299 268 τοῦ
1325 242 1468 277 Νυμφίου,
1497 242 1646 269 σϐεσθῶσιν
1663 242 1768 278 ὁμοίως
1796 244 1849 269 καὶ

1057 287 1134 322 ἡμῶν
1146 288 1173 314 αἱ
1187 287 1335 323 λαμπάδες,
1351 288 1380 314 '0
1395 288 1450 324 γάρ
1461 296 1502 314 τοι
1513 288 1657 323 χρονισμός
1676 289 1735 314 ἐστι
1751 288 1782 314 τὸ
1791 289 1848 324 πρὸ

1056 332 1104 367 τῆς
1119 332 1271 368 παρουσίας
1285 332 1421 368 διάστημα
1446 332 1493 359 τοῦ
1507 333 1635 368 Χριστοῦ.
1660 333 1689 359 '0
1707 333 1735 359 δὲ
1748 341 1850 359 νυστα-

1056 376 1126 412 γμὺς
1142 377 1189 404 καὶ
1199 378 1216 412 ἡ
1226 378 1352 413 κοίμησις
1367 377 1421 404 τῶν
1433 377 1584 413 παρθένων,
1597 379 1613 414 ή
1626 377 1714 411 ἔξοδος
1726 378 1782 405 ἀπὸ
1795 378 1846 404 τοῦ

1057 421 1124 457 βίου.
1140 422 1176 448 Τὸ
1189 423 1218 448 δὲ
1241 422 1413 457 μεσονύκτιον
1427 423 1444 457 ἡ
1462 421 1584 456 βασιλεία
1596 422 1642 448 τοῦ
1656 422 1846 458 ἀντιχρίστου,

1056 467 1116 494 καθ’
1124 469 1156 504 ἣν
1167 469 1181 494 ὁ
1191 468 1250 494 ὀλοθ
1255 469 1352 504 ρευτὴς
1362 468 1475 502 ἄγγελος
1485 468 1676 504 ἐπιπορεύεται
1682 468 1732 500 τὰς
1741 469 1847 500 οἰκίας.

1062 518 1094 544 'll
1122 517 1150 544 δὲ
1177 517 1284 553 κραυγὴ
1303 518 1320 552 ἡ
1344 517 1476 552 γενομένη
1505 517 1553 543 καὶ
1582 517 1709 551 λέγουσα,
1729 517 1805 544 Ἰδοὺ
1829 519 1848 544 ὁ

1054 563 1189 596 Νυμφίος
1208 562 1334 596 ἔρχεται,
1361 561 1518 596 ἐξέρχεσθε
1537 563 1581 594 εὶς
1597 562 1772 596 ἀπάντησιν
1787 563 1846 588 αὐ-

1057 609 1120 640 τοῦ,
1137 609 1210 635 ἔστιν
1231 609 1247 644 ἠ
1272 608 1346 644 φωνὴ
1369 610 1385 644 ἡ
1403 609 1456 635 ἀπὸ
1468 608 1522 636 τῶν
1542 608 1664 644 οὐρανῶν
1677 609 1724 635 καὶ
1740 609 1758 644 ὴ
1780 609 1847 635 σάλ-

1055 655 1130 689 πιγξ.
1151 655 1231 682 ὁπότε
1255 655 1363 682 πάντων
1379 655 1583 689 ἐξαναστάντων
1609 657 1702 688 αὐτοῖς
1723 657 1748 682 οἱ
1770 656 1846 690 ἅγιοι

1054 700 1107 727 τῶν
1124 700 1257 736 σωμάτων
1273 700 1319 726 ἐπὶ
1343 700 1461 735 νεφελῶν
1476 701 1631 736 οἰχήσονται
1642 702 1683 733 είς
1694 701 1744 736 τὴν
1757 701 1850 728 ἀπάν-

1057 754 1133 782 τησιν
1147 745 1332 782 ἁρπασθέντες
1346 745 1393 772 τοῦ
1410 746 1525 782 Κυρίου.

252 791 457 820 Observanuum
473 793 545 820 enim
559 797 601 821 est
617 793 718 821 dixisse
735 793 905 828 Scripturam
917 814 924 826 ,
941 798 1000 828 post

1091 792 1257 828 Προσεκτέον
1272 792 1337 828 γὰρ,
1355 792 1396 819 ὅτι
1411 792 1480 828 μετὰ
1491 792 1540 828 τὴν
1555 792 1677 828 κραυγὴν
1693 792 1848 827 ὲγηγέρθαι

216 839 364 866 clamorem
371 840 560 867 exsurrexisse
569 847 666 867 omnes
684 840 803 875 virgines
811 849 818 873 ;
826 843 888 874 post
898 840 1004 867 scilicet

216 885 356 920 delapsum
372 892 387 912 e
402 886 478 913 uelis
503 886 652 914 clamorem
663 906 670 918 ,
698 889 823 913 mortuos
839 893 900 913 esse
915 885 1005 913 susci-

217 931 325 965 tandas,
342 932 569 968 quemadmodum
585 937 611 960 et
627 932 730 960 Paulus
758 933 877 968 quodam
903 933 964 960 loco
979 932 1001 948 "

218 978 355 1009 admonet,
371 978 431 1013 Ipse
456 978 597 1012 Dominus,
624 979 762 1014 inquiens,
780 979 807 1005 in
825 978 904 1012 jussu
929 983 953 1005 et
975 978 1002 1005 in

217 1031 277 1050 voce
298 1024 457 1060 archangeli,
478 1028 503 1051 et
520 1024 548 1051 in
571 1024 635 1051 tuba
656 1024 705 1052 Dei
724 1024 860 1052 descendet
874 1024 906 1051 de
920 1024 1001 1056 calo,

214 1075 239 1096 rt
255 1071 352 1097 mortui
364 1071 409 1105 qui
430 1071 459 1098 in
480 1071 586 1098 Christo
597 1076 675 1104 sunt,
690 1075 826 1106 resurgant
843 1071 933 1105 primi,
950 1070 1002 1098 hoc

213 1121 256 1144 est.
272 1124 406 1151 corpora;
422 1116 468 1143 illa
479 1116 553 1144 enim
566 1120 673 1144 mortua
687 1120 763 1151 sunt,
778 1116 888 1144 amissis
902 1115 1003 1143 anima-

215 1163 276 1190 bus.
291 1162 391 1190 Deinde
406 1171 453 1190 nos
471 1163 516 1198 qui
543 1163 665 1195 vivimus,
684 1162 764 1190 simul
791 1163 924 1197 rapiemur
943 1169 1003 1188 cum

213 1209 278 1241 illis,
295 1209 402 1236 animas
416 1208 584 1244 signiﬁcans.
601 1208 656 1236 Nos
667 1209 740 1237 enim
760 1209 807 1244 qui
819 1215 884 1236 vere
900 1215 932 1235 ac
941 1215 1003 1242 pro-

215 1255 272 1290 prie
288 1255 416 1286 vivimus,
427 1255 524 1281 anima:
538 1262 651 1288 sumus;
669 1262 730 1290 qua:
749 1262 811 1282 cum
828 1254 1001 1289 corporibus,

214 1301 249 1328 iis
277 1301 435 1334 resumptis,
459 1300 486 1326 in
504 1300 622 1328 nubibus
647 1307 836 1334 occurremus,
862 1299 1001 1335 lampades

215 1346 333 1373 terentes
349 1351 471 1378 ornatas,
498 1353 554 1374 non
576 1347 666 1374 alieno
688 1351 714 1374 et
729 1347 869 1374 mundano
890 1349 1001 1377 ornatu,

215 1392 262 1419 sed
281 1400 340 1427 quae
355 1391 505 1427 prudentia
515 1395 543 1420 et
568 1393 714 1426 castitatis,
735 1396 871 1421 astrorum
885 1393 939 1420 ritu
949 1392 1003 1419 late

213 1437 294 1473 jubar
311 1439 427 1470 vibrent,
442 1437 559 1466 athereo
570 1438 715 1473 splendore
730 1439 932 1474 plenissimum.

1057 842 1147 872 πάσας
1174 841 1224 876 ἔφη
1248 841 1299 873 τὰς
1322 840 1472 876 παρθένους
1496 840 1615 874 ὁλόγος”
1632 839 1757 867 τουτέστι
1777 839 1849 875 μετὰ

1056 888 1105 923 τὴν
1128 889 1160 914 ὲκ
1180 888 1233 914 τῶν
1256 887 1377 923 οὐρανῶν
1393 887 1546 922 ἐνεχθεῖσαν
1563 886 1625 922 βοὴν
1641 885 1847 921 ἀναστήσεσθαι

1055 933 1118 964 τοὺς
1141 932 1268 968 νεκροὺς,
1291 933 1328 965 ὥς
1349 941 1400 959 που
1426 932 1472 959 καὶ
1493 931 1598 964 Παῦλος
1621 932 1780 966 παρεγγυᾷ,
1802 931 1847 958 ὅτι

1052 978 1146 1008 Αὐτὸς
1160 980 1177 1007 ό
1190 979 1307 1013 Κύριος,
1324 978 1419 1014 λέγων,
1433 979 1468 1005 ὲν
1486 978 1677 1012 κελεύσματι,
1701 978 1738 1004 ἐν
1759 977 1847 1012 φωνῇ

1055 1025 1254 1061 ἀρχαγγέλου,
1272 1025 1322 1052 καὶ
1337 1024 1372 1052 ἐν
1387 1024 1529 1059 σάλπιγγι
1548 1023 1621 1051 Θεοῦ
1642 1023 1846 1056 καταϐήσεται

1055 1071 1105 1098 ἀπ’
1121 1071 1260 1105 οὐρανοῦ,
1276 1070 1325 1097 καὶ
1349 1072 1376 1097 οὶ
1401 1070 1499 1104 νεκροί
1520 1070 1556 1096 ὲν
1567 1069 1684 1104 Χριστῷ
1708 1068 1847 1101 ἀναστή-

1055 1126 1160 1145 σονται
1173 1116 1290 1151 πρῶτον
1300 1126 1307 1132 ·
1323 1117 1445 1143 τουτέστι
1465 1116 1500 1143 τὰ
1518 1116 1684 1151 σκηνώματα
1700 1115 1771 1150 (88)-
1787 1116 1848 1141 ἐνε-

1055 1162 1200 1198 κρώθησαν
1221 1162 1275 1198 γὰρ
1298 1162 1525 1197 ἀπαμφιασθέντα
1540 1162 1592 1189 τῶν
1611 1161 1848 1197 ψυχῶν.’Ἑπειτα

1055 1208 1140 1243 ἡμεῖς
1154 1210 1181 1235 οι
1197 1207 1300 1241 ζῶντες
1315 1208 1375 1243 ἅμα
1395 1208 1455 1235 σὺν
1475 1208 1577 1241 αὐτοῖς
1596 1208 1846 1243 ἁρπαγησόμεθα,

1055 1255 1103 1287 τὰς
1110 1254 1196 1289 ψυχὰς
1206 1254 1301 1288 λέγων.
1310 1254 1404 1290 Ἡμεῖς
1415 1254 1468 1290 γὰρ
1480 1255 1581 1291 κυρίως
1591 1256 1615 1281 οἰ
1631 1254 1744 1286 ζῶντες,
1757 1253 1847 1288 ἐσμὲν

1055 1301 1083 1326 αἱ
1103 1300 1197 1334 ψυχαὶ,
1213 1300 1312 1331 αἵτινες
1335 1298 1405 1334 μετὰ
1426 1299 1479 1326 τῶν
1496 1300 1640 1334 σωμάτων,
1665 1297 1847 1333 ἀπειληφυὶαι

1054 1345 1151 1378 ταῦτα,
1175 1346 1203 1372 ὲν
1227 1344 1350 1379 νεφέλαις
1377 1344 1601 1380 ἀπαντησόμεθα,
1623 1344 1672 1375 τὰς
1698 1343 1847 1379 λαμπάδας

1055 1391 1185 1427 φέρουσαι
1203 1390 1409 1426 κεκοσμημένας
1430 1390 1479 1417 οὐκ
1495 1390 1626 1426 ἀλλοτρίῳ
1647 1389 1693 1416 καὶ
1717 1387 1850 1423 κοσμικῴ

1053 1445 1118 1468 τινι,
1136 1435 1205 1462 ἀλλὰ
1226 1435 1258 1461 τὺ
1278 1435 1433 1470 φρονήσεως
1460 1435 1507 1462 καὶ
1530 1433 1717 1471 σωφροσύνης,
1735 1433 1846 1468 ἄστρων

214 1486 292 1523 δίκην
314 1487 539 1519 ἀποστιλϐόντων,
555 1487 634 1519 σέλας
657 1487 743 1523 αὐγῆς
760 1487 878 1522 αἰθερίου
896 1485 1118 1523 πεπληρωμένον.

788 1569 854 1597 CAP.
870 1569 903 1597 ν.
921 1567 1088 1604 Virginitatis
1102 1566 1252 1601 praemium.

251 1636 313 1664 Haec
330 1642 506 1672 nostrorum,
523 1646 539 1666 ο
563 1640 683 1674 pulchrae
694 1640 823 1675 virgines,
846 1640 920 1675 orgia
937 1647 997 1675 my-

1085 1635 1178 1663 Ταῦτα
1197 1635 1250 1662 τῶν
1267 1633 1422 1670 ἡμετέρων,
1437 1630 1460 1660 ὦ
1471 1632 1691 1668 καλλιπάρθενοι,
1709 1631 1745 1658 τὰ
1763 1632 1845 1669 ὄργια

215 1680 378 1708 steriOrum:
395 1681 436 1709 ha‘.
447 1690 541 1710 earum
559 1691 619 1718 qua:
633 1684 798 1720 virginitatis
811 1685 867 1712 ritu
885 1685 998 1712 initian-

217 1730 272 1757 tur,
289 1726 452 1755 caerimoniat
463 1735 621 1757 sacrorum:
640 1729 691 1757 ista
707 1731 818 1765 praemia
831 1731 854 1746 ¹⁰
869 1731 1001 1758 ὶωηιθειιο

215 1772 331 1799 latorum
339 1774 472 1802 castitatis
479 1776 669 1803 certaminum.
680 1775 768 1804 Verbo
776 1776 921 1812 desponsa,
927 1780 1003 1803 teter-

215 1825 277 1845 nam
296 1818 509 1854 incorruptionis
535 1821 625 1848 dotem
639 1841 647 1855 ,
664 1829 793 1849 coronam
811 1830 844 1850 ac
858 1822 967 1850 divitias
985 1830 1001 1849 ει

214 1861 296 1890 Patre
312 1864 434 1898 accipio;
452 1870 478 1893 et
492 1866 519 1893 in
541 1867 640 1894 szecula
669 1867 817 1902 triumpho,
849 1867 1001 1903 splendidis

215 1910 525 1940 etimmarcescibilibus
556 1913 695 1948 sapientize
713 1914 825 1941 ﬂoribus
853 1918 1000 1941 coronata:

215 1963 278 1982 cum
293 1955 402 1984 Christo
418 1958 528 1992 praemia
536 1958 667 1994 largiente
680 1959 708 1986 in
722 1959 794 1986 caelo
807 1959 908 1987 choros
918 1958 999 1990 duco,

215 1999 287 2026 circa
304 2001 438 2036 principio
447 2006 584 2030 carentem
593 2006 620 2030 et
631 2003 665 2030 ab
679 2004 754 2031 omni
765 2006 913 2032 immunem
930 2004 1001 2031 inte-

215 2047 270 2072 ritu
289 2045 400 2082 Regem.
418 2048 562 2084 Nunquam
576 2050 759 2078 occidentium
783 2055 864 2078 nacta
886 2058 947 2079 sum
960 2049 1001 2077 fa-

1053 1682 1223 1719 μυστηρίων·
1247 1676 1327 1708 αὗται
1349 1679 1402 1706 τῶν
1417 1680 1446 1705 ὲν
1461 1678 1592 1714 παρθενίᾳ
1610 1677 1843 1713 μυσταγωγηθέν-

1051 1738 1105 1756 των
1122 1729 1150 1755 αἱ
1165 1727 1287 1754 τελεταί·
1307 1726 1392 1754 ταῦτα
1416 1725 1450 1751 τὰ
1476 1725 1602 1760 ἐπίχειρα
1621 1724 1675 1751 τῶν
1699 1724 1844 1758 ἀμιάντων

1055 1775 1142 1802 ἄθλων
1157 1774 1207 1809 τῆς
1224 1772 1408 1808 σωφροσύνης.
1427 1770 1608 1806 Νυμφεὺομαι
1628 1778 1666 1804 τῳ
1688 1770 1778 1804 Λόγῳ,
1795 1769 1844 1795 καὶ

1054 1821 1099 1848 τὸν
1118 1820 1201 1847 ἀΐδιον
1216 1819 1264 1854 τῆς
1280 1817 1433 1853 ἀῳθαρσίας
1447 1818 1546 1852 προῖκα
1564 1815 1693 1851 λαμϐάνω
1708 1815 1844 1850 στέφανον

1054 1867 1101 1894 καὶ
1118 1865 1231 1893 πλοῦτον
1251 1864 1325 1900 παρὰ
1338 1863 1384 1890 τοῦ
1404 1863 1526 1898 Πατρός·
1550 1863 1597 1888 καὶ
1624 1862 1652 1887 ὲν
1676 1862 1733 1891 τοῖς
1761 1860 1842 1887 αἰῶσι

1054 1910 1294 1947 στεφανηφοροῦσα
1309 1908 1442 1944 πομπεύω
1456 1908 1491 1934 τὰ
1503 1907 1616 1943 λαμπρὰ
1631 1906 1678 1933 καὶ
1695 1907 1843 1942 ἀμάραντα

1051 1959 1100 1993 τῆς
1116 1957 1211 1992 σοφίας
1226 1955 1307 1991 ἄνθη·
1324 1953 1479 1990 συγχορεύω
1491 1953 1647 1990 βραϐεύοντι
1669 1951 1708 1987 τῷ
1730 1951 1843 1987 Χριστῷ

1053 2004 1112 2030 κατ’
1128 2002 1252 2038 οὐρανὸν,
1269 2001 1340 2036 ἀμφὶ
1351 2000 1395 2026 τὸν
1409 2000 1524 2035 ἄναρχον
1539 1999 1586 2025 καὶ
1595 1997 1746 2033 ἀνώλεθρον
1758 1998 1842 2024 Βασι-

1052 2049 1109 2076 λέα.
1120 2048 1234 2075 ’Δδύτων
1251 2047 1349 2081 γέγονα
1368 2045 1579 2082 λαμπαδηφόρος
1595 2044 1690 2078 φώτων
1708 2044 1778 2078 (89),
1795 2043 1845 2070 καὶ.

268 2134 291 2150 ²⁶
311 2134 396 2161 Exod.
414 2144 452 2168 xi,
466 2137 492 2163 4.
531 2137 553 2153 ¹⁷
573 2137 669 2165 Matth.
685 2146 748 2171 xxv,
762 2136 789 2166 6.
827 2138 850 2154 "
871 2137 885 2165 1
903 2138 994 2166 Thess.

1064 2137 1107 2165 16.
1145 2138 1167 2153 ¹⁹
1187 2136 1250 2164 ibid.
1267 2145 1303 2168 tv,
1322 2136 1374 2168 l5,
1396 2135 1437 2162 16.
1479 2135 1500 2150 ¹⁰
1521 2134 1583 2168 Sep.
1600 2141 1643 2167 tv,
1667 2134 1695 2160 2.

251 2226 307 2264 (88)
325 2228 461 2264 Τουτέστι
473 2228 509 2254 τὰ
518 2228 707 2264 σκηνώματα.
720 2229 791 2257 Dura
803 2230 861 2257 haec
874 2229 1002 2257 Methodii

214 2263 360 2297 expositio.
381 2262 479 2290 Verum
504 2262 800 2298 quidemrsuscitnnda
825 2265 1001 2292 tabernacula

214 2306 275 2332 qua:
287 2299 453 2329 ceciderant,
473 2299 498 2325 id
512 2304 554 2326 est
569 2307 701 2334 corpora;
722 2301 769 2328 sed
791 2300 898 2327 illorum
914 2300 999 2327 susci-

1055 2228 1174 2256 nobilior
1189 2235 1261 2262 pars,
1277 2230 1307 2264 et_
1322 2226 1382 2261 ejus
1396 2230 1451 2253 tota
1465 2226 1543 2264 quasi
1564 2224 1729 2264 hypostasis.
1748 2225 1811 2264 ipsa
1824 2231 1841 2250 a

1055 2272 1085 2291 se
1109 2259 1273 2294 subsistens,
1299 2259 1405 2296 hocque
1425 2259 1504 2288 nacta
1518 2261 1543 2288 vi
1557 2259 1619 2296 suae
1639 2259 1842 2296 productionis,

1055 2299 1110 2326 Deo
1122 2299 1181 2332 ejus
1197 2302 1317 2329 auctore,
1333 2294 1382 2324 nec
1392 2297 1508 2332 materia
1530 2295 1563 2332 ad
1583 2295 1644 2329 ejus
1659 2294 1840 2322 substantiam

214 2333 317 2360 latione
336 2337 459 2369 resurget
480 2334 572 2366 homo,
588 2331 657 2362 et'in
673 2331 818 2362 occursum
833 2335 942 2362 Christo
959 2342 1002 2361 ra—
1018 2338 1040 2365 D
1054 2331 1156 2368 aliquid
1176 2332 1343 2369 conferente)
1361 2332 1441 2369 nimis
1452 2331 1688 2369 Platonicum‘est.
1714 2337 1767 2369 nec
1789 2337 1839 2356 ne-

214 2369 380 2405 pietur,rncc
397 2369 487 2405 quivis
503 2370 592 2400 homo,
612 2370 658 2397 sed
674 2378 744 2405 quos
761 2371 866 2405 signate
880 2370 1002 2397 viventes

215 2407 293 2440 vocat
313 2402 472 2440 Apostolus,
496 2413 527 2431 ac
547 2413 662 2440 quorum
680 2402 708 2432 se
724 2402 821 2432 classis
841 2405 925 2436 facit;
945 2405 1003 2432 sive

214 2438 340 2472 loquatur
354 2440 381 2466 in
396 2439 499 2467 Christi
513 2438 630 2467 ﬁdelium
648 2445 859 2475 sanctorumque
874 2447 1001 2474 persona,

213 2481 329 2507 quorum
348 2475 468 2509 potiores
479 2479 559 2502 erunt
575 2479 665 2509 partes
677 2476 703 2501 in
718 2476 934 2507 resurrectione;
948 2475 1004 2502 sive

216 2509 242 2534 in
257 2516 350 2536 eorum
363 2517 432 2545 quos
444 2511 489 2537 illa
506 2511 565 2538 dies
576 2511 665 2537 adhuc
680 2511 800 2538 viventes
814 2509 940 2539 oll‘endet.
956 2510 1003 2544 qui

214 2547 241 2568 et
265 2551 402 2580 momento
425 2546 641 2572 imtnutabuntur
657 2555 662 2571 :
681 2553 796 2580 quorum
824 2546 882 2580 ipsa
910 2553 988 2572 resur

216 2579 300 2615 rectio
316 2583 344 2605 et
364 2587 508 2612 occursus,
531 2581 606 2607 nulla
624 2579 754 2615 temporis
769 2588 845 2607 mora
860 2580 1001 2607 antecedet

216 2612 323 2652 illorum
350 2615 589 2652 resurrectionem,
612 2612 726 2650 quorum
750 2616 813 2642 olim
838 2616 956 2652 resoluta
973 2615 1000 2641 in

216 2651 322 2684 cineres
338 2657 452 2684 corpora
476 2651 582 2678 fuerant
596 2661 602 2678 :
618 2651 658 2678 sic
684 2652 711 2678 in
732 2654 879 2681 momento,
900 2652 926 2677 in
945 2651 1000 2676 ictu

216 2683 306 2723 fictili,
323 2683 437 2723 canente
461 2687 525 2712 tuba
551 2693 692 2723 resurgent
709 2694 831 2723 omnes,
859 2694 890 2712 ac
915 2685 999 2723 judici

216 2717 327 2744 Christo
344 2719 488 2751 sistentur;
507 2721 561 2747 veri
586 2717 689 2749 scilicet
709 2721 842 2751 homines.
867 2717 924 2748 noti
942 2721 1001 2747 ani-

220 2759 287 2786 mar;
304 2761 372 2788 quas
387 2754 522 2782 hominem
542 2756 631 2784 dicere
649 2760 695 2783 aut
709 2757 775 2784 velle
787 2756 869 2790 (quod
884 2756 1000 2783 hominis

1053 2364 1202 2396 cessarium
1220 2368 1253 2395 ad
1270 2364 1345 2394 Pauli
1359 2366 1562 2400 intelligentiam
1577 2372 1610 2393 eo
1624 2364 1702 2398 loco;
1715 2364 1750 2391 ad
1760 2371 1839 2399 quem

1052 2404 1161 2431 videndi
1174 2404 1345 2438 interpretes.
1359 2402 1502 2438 CQIBEFIS.

1089 2439 1144 2473 (89)
1166 2434 1322 2465 Ἆδύτὶυν...
1351 2436 1463 2471 φώτων.
1491 2436 1574 2469 Quasi
1599 2435 1750 2462 ἀσϐέστων.
1775 2434 1840 2466 Quae

1053 2481 1192 2508 nunquam
1216 2473 1344 2500 occidant
1366 2475 1413 2498 aut
1429 2473 1658 2508 exstinguantur;
1676 2477 1730 2504 qua
1753 2474 1836 2508 meta:

1055 2503 1141 2544 phor'a
1153 2509 1219 2536 solis
1232 2513 1258 2536 et
1272 2508 1412 2544 stellarum
1426 2506 1501 2544 δύσις
1513 2503 1614 2544 dicitur
1625 2503 1753 2544 accusas;
1769 2510 1793 2531 et
1804 2503 1839 2530 τὰ

1055 2540 1149 2571 ὂυτικὰ
1164 2544 1245 2579 μέρη,
1259 2542 1429 2579 occidentales
1443 2541 1537 2579 plagae.
1553 2540 1705 2579 Lampades
1716 2547 1781 2579 ergo
1794 2547 1838 2566 ca-

1055 2575 1170 2611 stitatis,
1184 2575 1299 2614 quarum
1311 2578 1392 2612 jubar
1407 2575 1547 2614 stellarum
1564 2576 1653 2604 simile
1677 2575 1757 2614 paulo
1777 2579 1838 2601 ante

1053 2615 1170 2644 dicebat,
1185 2611 1323 2648 lampades
1333 2615 1396 2639 sunt.
1407 2612 1537 2648 luminum
1553 2619 1612 2648 qua:
1626 2611 1749 2648 nesciant
1761 2617 1838 2648 occa-

1054 2657 1124 2676 sum.
1143 2645 1248 2676 lludius
1261 2648 1401 2675 l’ossinius
1420 2646 1491 2673 κατὰ
1507 2646 1662 2680 πρόχειρον,
1673 2645 1838 2672 inacressibi—

1055 2684 1118 2711 lium
1131 2685 1275 2715 luminum;
1290 2691 1349 2718 qua:
1360 2686 1402 2710 est
1413 2682 1495 2708 altera
1508 2679 1655 2719 ej'us'vocis
1667 2679 1835 2719 signiﬁcatio,

1055 2719 1188 2754 llesychio
1199 2723 1225 2746 ct
1237 2715 1326 2746 Suid'a:
1336 2726 1388 2745 una
1401 2720 1499 2754 notttta‘
1510 2717 1599 2754 :_quod
1617 2724 1646 2754 re
1661 2716 1701 2742 sic
1717 2715 1836 2753 proclivi,

1055 2751 1145 2782 virum
1162 2755 1270 2782 doctum
1289 2754 1381 2781 fallere
1405 2759 1461 2779 non
1485 2751 1588 2779 debuit.
1616 2751 1738 2778 Alterum
1763 2751 1838 2784 quasi
