  <div class='ocr_page' id='page_1' title='image "/cluster/home/n/w/nwhite01/storage/ocr_20150623/18/njp.32101077772455/084.png"; bbox 0 0 1908 3078; ppageno 0'>
   <div class='ocr_carea' id='block_1_1' title="bbox 133 56 181 84">
    <p class='ocr_par' dir='ltr' id='par_1_1' title="bbox 133 56 181 84">
     <span class='ocr_line' id='line_1_1' title="bbox 133 56 181 84; baseline 0.042 -2"><span class='ocrx_word' id='word_1_1' title='bbox 133 56 181 84; x_wconf 72' lang='grc' dir='ltr'><strong>ιει</strong></span> 
     </span>
    </p>
   </div>
   <div class='ocr_carea' id='block_1_2' title="bbox 690 54 1204 86">
    <p class='ocr_par' dir='ltr' id='par_1_2' title="bbox 690 54 1204 86">
     <span class='ocr_line' id='line_1_2' title="bbox 690 54 1204 86; baseline 0.006 -4"><span class='ocrx_word' id='word_1_2' title='bbox 690 54 878 83; x_wconf 78' lang='lat' dir='ltr'><strong>CONVlVlUM</strong></span> <span class='ocrx_word' id='word_1_3' title='bbox 896 55 1008 84; x_wconf 79' lang='lat' dir='ltr'><strong>DECEM</strong></span> <span class='ocrx_word' id='word_1_4' title='bbox 1028 57 1204 86; x_wconf 73' lang='lat' dir='ltr'><strong>VIBGINUM.</strong></span> 
     </span>
    </p>
   </div>
   <div class='ocr_carea' id='block_1_3' title="bbox 130 111 913 154">
    <p class='ocr_par' dir='ltr' id='par_1_3' title="bbox 130 111 913 149">
     <span class='ocr_line' id='line_1_3' title="bbox 130 111 913 149; baseline 0.003 -11"><span class='ocrx_word' id='word_1_5' title='bbox 130 112 247 148; x_wconf 72' lang='grc' dir='ltr'><strong>ἐφυμνεῖ)</strong></span> <span class='ocrx_word' id='word_1_6' title='bbox 269 112 299 138; x_wconf 72' lang='grc' dir='ltr'>τὸ</span> <span class='ocrx_word' id='word_1_7' title='bbox 325 112 420 139; x_wconf 77' lang='grc' dir='ltr'>καινὸν</span> <span class='ocrx_word' id='word_1_8' title='bbox 440 112 509 148; x_wconf 79' lang='grc' dir='ltr'>μετὰ</span> <span class='ocrx_word' id='word_1_9' title='bbox 522 113 572 148; x_wconf 82' lang='grc' dir='ltr'><strong>τῆς</strong></span> <span class='ocrx_word' id='word_1_10' title='bbox 590 112 751 149; x_wconf 82' lang='grc' dir='ltr'>ὀμηγύρεως</span> <span class='ocrx_word' id='word_1_11' title='bbox 770 111 845 149; x_wconf 78' lang='grc' dir='ltr'>ᾆσμα</span> <span class='ocrx_word' id='word_1_12' title='bbox 866 114 913 141; x_wconf 73' lang='grc' dir='ltr'><strong>τῶι</strong></span> 
     </span>
    </p>
   </div>
   <div class='ocr_carea' id='block_1_4' title="bbox 968 111 1743 154">
    <p class='ocr_par' dir='ltr' id='par_1_4' title="bbox 969 117 1743 154">
     <span class='ocr_line' id='line_1_4' title="bbox 969 117 1743 154; baseline 0.005 -12"><span class='ocrx_word' id='word_1_13' title='bbox 969 123 1026 142; x_wconf 86' lang='lat' dir='ltr'><strong>cem</strong></span> <span class='ocrx_word' id='word_1_14' title='bbox 1039 117 1109 144; x_wconf 90' lang='lat' dir='ltr'><strong>l&#39;erre</strong></span> <span class='ocrx_word' id='word_1_15' title='bbox 1120 117 1252 144; x_wconf 91' lang='lat' dir='ltr'><strong>luminum</strong></span> <span class='ocrx_word' id='word_1_16' title='bbox 1265 126 1271 151; x_wconf 88' lang='lat'>;</span> <span class='ocrx_word' id='word_1_17' title='bbox 1285 125 1438 154; x_wconf 83' lang='lat' dir='ltr'><strong>novumque</strong></span> <span class='ocrx_word' id='word_1_18' title='bbox 1450 125 1512 146; x_wconf 90' lang='lat' dir='ltr'><strong>cum</strong></span> <span class='ocrx_word' id='word_1_19' title='bbox 1524 118 1657 146; x_wconf 81' lang='lat' dir='ltr'><strong>so‘da&#39;uum</strong></span> <span class='ocrx_word' id='word_1_20' title='bbox 1671 125 1743 146; x_wconf 65' lang='lat' dir='ltr'><strong>casta</strong></span> 
     </span>
    </p>
   </div>
   <div class='ocr_carea' id='block_1_5' title="bbox 131 158 921 195">
    <p class='ocr_par' dir='ltr' id='par_1_5' title="bbox 131 158 921 195">
     <span class='ocr_line' id='line_1_5' title="bbox 131 158 921 195; baseline 0.001 -10"><span class='ocrx_word' id='word_1_21' title='bbox 131 158 324 193; x_wconf 82' lang='grc' dir='ltr'>ἀρχαγγέλων,</span> <span class='ocrx_word' id='word_1_22' title='bbox 352 158 402 194; x_wconf 82' lang='grc' dir='ltr'>τὴν</span> <span class='ocrx_word' id='word_1_23' title='bbox 426 159 523 194; x_wconf 85' lang='grc' dir='ltr'>καινὴν</span> <span class='ocrx_word' id='word_1_24' title='bbox 552 158 630 194; x_wconf 84' lang='grc' dir='ltr'><strong>χάριν</strong></span> <span class='ocrx_word' id='word_1_25' title='bbox 654 159 849 193; x_wconf 73' lang='grc' dir='ltr'><strong>ἐξαγγέλλουσα</strong></span> <span class='ocrx_word' id='word_1_26' title='bbox 872 160 921 195; x_wconf 80' lang='grc' dir='ltr'><strong>τῆς</strong></span> 
     </span>
    </p>
   </div>
   <div class='ocr_carea' id='block_1_6' title="bbox 138 203 921 240">
    <p class='ocr_par' dir='ltr' id='par_1_6' title="bbox 138 203 921 240">
     <span class='ocr_line' id='line_1_6' title="bbox 138 203 921 240; baseline 0.001 -10"><span class='ocrx_word' id='word_1_27' title='bbox 138 203 322 238; x_wconf 80' lang='grc' dir='ltr'><strong>Ἑκκλησίας·</strong></span> <span class='ocrx_word' id='word_1_28' title='bbox 358 203 520 236; x_wconf 82' lang='grc' dir='ltr'>ξυνέπεσθαι</span> <span class='ocrx_word' id='word_1_29' title='bbox 543 203 596 240; x_wconf 80' lang='grc' dir='ltr'><strong>γὰρ</strong></span> <span class='ocrx_word' id='word_1_30' title='bbox 619 204 661 230; x_wconf 81' lang='grc' dir='ltr'><strong>ἀεὶ</strong></span> <span class='ocrx_word' id='word_1_31' title='bbox 684 204 728 231; x_wconf 77' lang='grc' dir='ltr'><strong>τὸν</strong></span> <span class='ocrx_word' id='word_1_32' title='bbox 750 205 842 240; x_wconf 83' lang='grc' dir='ltr'><strong>ὅμιλον</strong></span> <span class='ocrx_word' id='word_1_33' title='bbox 867 204 921 231; x_wconf 85' lang='grc' dir='ltr'>τῶν</span> 
     </span>
    </p>
   </div>
   <div class='ocr_carea' id='block_1_7' title="bbox 131 249 919 286">
    <p class='ocr_par' dir='ltr' id='par_1_7' title="bbox 131 249 919 286">
     <span class='ocr_line' id='line_1_7' title="bbox 131 249 919 286; baseline 0.003 -11"><span class='ocrx_word' id='word_1_34' title='bbox 131 249 279 285; x_wconf 77' lang='grc' dir='ltr'>παρθένων</span> <span class='ocrx_word' id='word_1_35' title='bbox 305 249 345 284; x_wconf 83' lang='grc' dir='ltr'>τῷ</span> <span class='ocrx_word' id='word_1_36' title='bbox 361 249 456 285; x_wconf 77' lang='grc' dir='ltr'>Κυρίῳ</span> <span class='ocrx_word' id='word_1_37' title='bbox 471 250 518 276; x_wconf 79' lang='grc' dir='ltr'><strong>καὶ</strong></span> <span class='ocrx_word' id='word_1_38' title='bbox 541 249 761 276; x_wconf 79' lang='grc' dir='ltr'>συνθιασωτεύειν</span> <span class='ocrx_word' id='word_1_39' title='bbox 780 250 843 277; x_wconf 78' lang='grc' dir='ltr'>ἔνθα</span> <span class='ocrx_word' id='word_1_40' title='bbox 867 251 919 286; x_wconf 77' lang='grc' dir='ltr'>εἴη,</span> 
     </span>
    </p>
   </div>
   <div class='ocr_carea' id='block_1_8' title="bbox 131 294 921 331">
    <p class='ocr_par' dir='ltr' id='par_1_8' title="bbox 131 294 921 331">
     <span class='ocr_line' id='line_1_8' title="bbox 131 294 921 331; baseline 0.001 -10"><span class='ocrx_word' id='word_1_41' title='bbox 131 295 214 328; x_wconf 70' lang='grc' dir='ltr'>λόγος</span> <span class='ocrx_word' id='word_1_42' title='bbox 227 296 299 331; x_wconf 70' lang='grc' dir='ltr'>ἠχεῖ.</span> <span class='ocrx_word' id='word_1_43' title='bbox 316 295 400 322; x_wconf 88' lang='grc' dir='ltr'>Τοῦτο</span> <span class='ocrx_word' id='word_1_44' title='bbox 425 295 472 322; x_wconf 79' lang='grc' dir='ltr'>καὶ</span> <span class='ocrx_word' id='word_1_45' title='bbox 492 294 615 330; x_wconf 74' lang='grc' dir='ltr'><strong>Ἰωάννης</strong></span> <span class='ocrx_word' id='word_1_46' title='bbox 640 296 669 322; x_wconf 82' lang='grc' dir='ltr'><strong>ὲν</strong></span> <span class='ocrx_word' id='word_1_47' title='bbox 694 297 727 331; x_wconf 85' lang='grc' dir='ltr'>τῇ</span> <span class='ocrx_word' id='word_1_48' title='bbox 750 296 804 322; x_wconf 79' lang='grc' dir='ltr'>τῶν</span> <span class='ocrx_word' id='word_1_49' title='bbox 826 297 921 323; x_wconf 79' lang='grc' dir='ltr'>ἑκατὸν</span> 
     </span>
    </p>
   </div>
   <div class='ocr_carea' id='block_1_9' title="bbox 131 339 920 376">
    <p class='ocr_par' dir='ltr' id='par_1_9' title="bbox 131 339 920 376">
     <span class='ocr_line' id='line_1_9' title="bbox 131 339 920 376; baseline 0.001 -11"><span class='ocrx_word' id='word_1_50' title='bbox 131 339 265 374; x_wconf 73' lang='grc' dir='ltr'><strong>χιλιάδων</strong></span> <span class='ocrx_word' id='word_1_51' title='bbox 282 340 330 366; x_wconf 83' lang='grc' dir='ltr'>καὶ</span> <span class='ocrx_word' id='word_1_52' title='bbox 345 339 545 374; x_wconf 82' lang='grc' dir='ltr'>τεσσαράκοντα</span> <span class='ocrx_word' id='word_1_53' title='bbox 560 340 606 366; x_wconf 78' lang='grc' dir='ltr'>καὶ</span> <span class='ocrx_word' id='word_1_54' title='bbox 618 340 756 376; x_wconf 72' lang='grc' dir='ltr'>τεσσάρων</span> <span class='ocrx_word' id='word_1_55' title='bbox 773 340 920 367; x_wconf 79' lang='grc' dir='ltr'><strong>αἰνίσσεται</strong></span> 
     </span>
    </p>
   </div>
   <div class='ocr_carea' id='block_1_10' title="bbox 132 386 244 421">
    <p class='ocr_par' dir='ltr' id='par_1_10' title="bbox 132 386 244 421">
     <span class='ocr_line' id='line_1_10' title="bbox 132 386 244 421; baseline 0 0"><span class='ocrx_word' id='word_1_56' title='bbox 132 386 191 421; x_wconf 73' lang='grc' dir='ltr'>ιινὴ</span> <span class='ocrx_word' id='word_1_57' title='bbox 196 395 244 421; x_wconf 68' lang='grc' dir='ltr'><strong>μη-</strong></span> 
     </span>
    </p>
   </div>
   <div class='ocr_carea' id='block_1_11' title="bbox 174 428 919 462">
    <p class='ocr_par' dir='ltr' id='par_1_11' title="bbox 174 428 919 462">
     <span class='ocr_line' id='line_1_11' title="bbox 174 428 919 462; baseline -0.001 -5"><span class='ocrx_word' id='word_1_58' title='bbox 174 431 229 457; x_wconf 83' lang='grc' dir='ltr'>Ἰτε</span> <span class='ocrx_word' id='word_1_59' title='bbox 253 429 311 462; x_wconf 76' lang='grc' dir='ltr'>οὖν,</span> <span class='ocrx_word' id='word_1_60' title='bbox 327 428 349 457; x_wconf 81' lang='grc' dir='ltr'>ὧ</span> <span class='ocrx_word' id='word_1_61' title='bbox 372 431 477 458; x_wconf 78' lang='grc' dir='ltr'><strong>νεολαία</strong></span> <span class='ocrx_word' id='word_1_62' title='bbox 496 430 549 457; x_wconf 80' lang='grc' dir='ltr'>τῶν</span> <span class='ocrx_word' id='word_1_63' title='bbox 574 430 673 457; x_wconf 82' lang='grc' dir='ltr'>καινῶν</span> <span class='ocrx_word' id='word_1_64' title='bbox 690 429 870 462; x_wconf 73' lang='grc' dir='ltr'>αἱώνων.”1τε,</span> <span class='ocrx_word' id='word_1_65' title='bbox 887 429 919 456; x_wconf 77' lang='grc' dir='ltr'>τὰ</span> 
     </span>
    </p>
   </div>
   <div class='ocr_carea' id='block_1_12' title="bbox 131 476 920 512">
    <p class='ocr_par' dir='ltr' id='par_1_12' title="bbox 131 476 920 512">
     <span class='ocr_line' id='line_1_12' title="bbox 131 476 920 512; baseline -0.003 -9"><span class='ocrx_word' id='word_1_66' title='bbox 131 478 237 511; x_wconf 78' lang='grc' dir='ltr'>ἀγγεῖα</span> <span class='ocrx_word' id='word_1_67' title='bbox 258 476 420 512; x_wconf 75' lang='grc' dir='ltr'>πληρώσατε</span> <span class='ocrx_word' id='word_1_68' title='bbox 436 476 510 510; x_wconf 77' lang='grc' dir='ltr'>σφῶν</span> <span class='ocrx_word' id='word_1_69' title='bbox 527 476 713 511; x_wconf 77' lang='grc' dir='ltr'><strong>δικαιοσύνης·</strong></span> <span class='ocrx_word' id='word_1_70' title='bbox 729 476 788 511; x_wconf 81' lang='grc' dir='ltr'>ὥρα</span> <span class='ocrx_word' id='word_1_71' title='bbox 800 476 852 511; x_wconf 87' lang='grc' dir='ltr'>γὰρ</span> <span class='ocrx_word' id='word_1_72' title='bbox 867 476 920 502; x_wconf 91' lang='grc' dir='ltr'>λοι-</span> 
     </span>
    </p>
   </div>
   <div class='ocr_carea' id='block_1_13' title="bbox 132 522 918 558">
    <p class='ocr_par' dir='ltr' id='par_1_13' title="bbox 132 522 918 558">
     <span class='ocr_line' id='line_1_13' title="bbox 132 522 918 558; baseline -0.003 -9"><span class='ocrx_word' id='word_1_73' title='bbox 132 523 188 549; x_wconf 79' lang='grc' dir='ltr'><strong>πὸν</strong></span> <span class='ocrx_word' id='word_1_74' title='bbox 204 522 397 558; x_wconf 76' lang='grc' dir='ltr'><strong>ἐξεγείρεσθαι,</strong></span> <span class='ocrx_word' id='word_1_75' title='bbox 414 523 461 549; x_wconf 71' lang='grc' dir='ltr'><strong>καὶ</strong></span> <span class='ocrx_word' id='word_1_76' title='bbox 477 522 649 554; x_wconf 71' lang='grc' dir='ltr'><strong>ὑπαντιάζειν</strong></span> <span class='ocrx_word' id='word_1_77' title='bbox 668 522 706 557; x_wconf 83' lang='grc' dir='ltr'><strong>τῷ</strong></span> <span class='ocrx_word' id='word_1_78' title='bbox 722 522 918 557; x_wconf 84' lang='grc' dir='ltr'>Νυμφίῳ.Ἴτε,</span> 
     </span>
    </p>
   </div>
   <div class='ocr_carea' id='block_1_14' title="bbox 130 567 920 603">
    <p class='ocr_par' dir='ltr' id='par_1_14' title="bbox 130 567 920 603">
     <span class='ocr_line' id='line_1_14' title="bbox 130 567 920 603; baseline -0.003 -8"><span class='ocrx_word' id='word_1_79' title='bbox 130 569 186 600; x_wconf 70' lang='grc' dir='ltr'><strong>τὰς</strong></span> <span class='ocrx_word' id='word_1_80' title='bbox 203 570 300 602; x_wconf 82' lang='grc' dir='ltr'>ῑῦγγας</span> <span class='ocrx_word' id='word_1_81' title='bbox 317 568 362 594; x_wconf 86' lang='grc' dir='ltr'><strong>καὶ</strong></span> <span class='ocrx_word' id='word_1_82' title='bbox 386 567 421 594; x_wconf 87' lang='grc' dir='ltr'>τὰ</span> <span class='ocrx_word' id='word_1_83' title='bbox 445 567 577 603; x_wconf 81' lang='grc' dir='ltr'><strong>θέλγητρα</strong></span> <span class='ocrx_word' id='word_1_84' title='bbox 591 567 698 601; x_wconf 78' lang='grc' dir='ltr'><strong>κούφως</strong></span> <span class='ocrx_word' id='word_1_85' title='bbox 711 567 766 601; x_wconf 81' lang='lat'><strong>(90)</strong></span> <span class='ocrx_word' id='word_1_86' title='bbox 784 567 920 602; x_wconf 81' lang='grc' dir='ltr'>παραμεί-</span> 
     </span>
    </p>
   </div>
   <div class='ocr_carea' id='block_1_15' title="bbox 131 612 919 648">
    <p class='ocr_par' dir='ltr' id='par_1_15' title="bbox 131 612 919 648">
     <span class='ocr_line' id='line_1_15' title="bbox 131 612 919 648; baseline 0.001 -9"><span class='ocrx_word' id='word_1_87' title='bbox 131 614 222 648; x_wconf 71' lang='grc' dir='ltr'>ψασαι</span> <span class='ocrx_word' id='word_1_88' title='bbox 236 613 283 639; x_wconf 88' lang='grc' dir='ltr'><strong>τοῦ</strong></span> <span class='ocrx_word' id='word_1_89' title='bbox 303 613 370 647; x_wconf 71' lang='grc' dir='ltr'>βίον,</span> <span class='ocrx_word' id='word_1_90' title='bbox 387 613 421 639; x_wconf 76' lang='grc' dir='ltr'>τὰ</span> <span class='ocrx_word' id='word_1_91' title='bbox 439 613 621 648; x_wconf 81' lang='grc' dir='ltr'>περιδινοῦντα</span> <span class='ocrx_word' id='word_1_92' title='bbox 632 613 680 639; x_wconf 80' lang='grc' dir='ltr'><strong>καὶ</strong></span> <span class='ocrx_word' id='word_1_93' title='bbox 693 612 855 647; x_wconf 83' lang='grc' dir='ltr'><strong>γοητεύοντα</strong></span> <span class='ocrx_word' id='word_1_94' title='bbox 870 612 919 648; x_wconf 82' lang='grc' dir='ltr'><strong>τὴν</strong></span> 
     </span>
    </p>
   </div>
   <div class='ocr_carea' id='block_1_16' title="bbox 131 657 760 694">
    <p class='ocr_par' dir='ltr' id='par_1_16' title="bbox 131 657 760 694">
     <span class='ocr_line' id='line_1_16' title="bbox 131 657 760 694; baseline 0 -10"><span class='ocrx_word' id='word_1_95' title='bbox 131 658 225 694; x_wconf 66' lang='grc' dir='ltr'>ψυχήν</span> <span class='ocrx_word' id='word_1_96' title='bbox 237 667 244 673; x_wconf 86' lang='grc'><strong>·</strong></span> <span class='ocrx_word' id='word_1_97' title='bbox 258 657 385 689; x_wconf 75' lang='grc' dir='ltr'><strong>τεύξεσθε</strong></span> <span class='ocrx_word' id='word_1_98' title='bbox 398 658 452 693; x_wconf 83' lang='grc' dir='ltr'>γὰρ</span> <span class='ocrx_word' id='word_1_99' title='bbox 467 657 520 684; x_wconf 83' lang='grc' dir='ltr'>τῶν</span> <span class='ocrx_word' id='word_1_100' title='bbox 537 657 760 692; x_wconf 81' lang='grc' dir='ltr'>ὲπαγγελμάτων.</span> 
     </span>
    </p>
   </div>
   <div class='ocr_carea' id='block_1_17' title="bbox 170 755 899 791">
    <p class='ocr_par' dir='ltr' id='par_1_17' title="bbox 170 755 899 791">
     <span class='ocr_line' id='line_1_17' title="bbox 170 755 899 791; baseline -0.001 -8"><span class='ocrx_word' id='word_1_101' title='bbox 170 757 227 783; x_wconf 78' lang='grc' dir='ltr'><strong>Ναὶ</strong></span> <span class='ocrx_word' id='word_1_102' title='bbox 237 757 281 791; x_wconf 85' lang='grc' dir='ltr'>μὰ</span> <span class='ocrx_word' id='word_1_103' title='bbox 296 756 348 784; x_wconf 82' lang='grc' dir='ltr'><strong>τὸν</strong></span> <span class='ocrx_word' id='word_1_104' title='bbox 360 756 501 791; x_wconf 81' lang='grc' dir='ltr'><strong>ἁμετέρας</strong></span> <span class='ocrx_word' id='word_1_105' title='bbox 512 755 584 789; x_wconf 78' lang='grc' dir='ltr'><em>ζωᾶς</em></span> <span class='ocrx_word' id='word_1_106' title='bbox 595 755 734 787; x_wconf 79' lang='grc' dir='ltr'>δείξαντα</span> <span class='ocrx_word' id='word_1_107' title='bbox 746 755 899 782; x_wconf 76' lang='grc' dir='ltr'>κέλευθον.</span> 
     </span>
    </p>
   </div>
   <div class='ocr_carea' id='block_1_18' title="bbox 970 161 1745 198">
    <p class='ocr_par' dir='ltr' id='par_1_18' title="bbox 970 161 1745 198">
     <span class='ocr_line' id='line_1_18' title="bbox 970 161 1745 198; baseline 0.005 -11"><span class='ocrx_word' id='word_1_108' title='bbox 970 161 1094 189; x_wconf 86' lang='lat' dir='ltr'><strong>collaudo</strong></span> <span class='ocrx_word' id='word_1_109' title='bbox 1108 162 1330 198; x_wconf 79' lang='lat' dir='ltr'><strong>archangelorum</strong></span> <span class='ocrx_word' id='word_1_110' title='bbox 1347 163 1493 195; x_wconf 73' lang='lat' dir='ltr'><strong>canticum,</strong></span> <span class='ocrx_word' id='word_1_111' title='bbox 1506 171 1602 191; x_wconf 80' lang='lat' dir='ltr'><strong>novam</strong></span> <span class='ocrx_word' id='word_1_112' title='bbox 1620 163 1745 192; x_wconf 67' lang='lat' dir='ltr'><strong>Ecclesiae</strong></span> 
     </span>
    </p>
   </div>
   <div class='ocr_carea' id='block_1_19' title="bbox 969 209 1745 246">
    <p class='ocr_par' dir='ltr' id='par_1_19' title="bbox 969 209 1745 246">
     <span class='ocr_line' id='line_1_19' title="bbox 969 209 1745 246; baseline 0.005 -12"><span class='ocrx_word' id='word_1_113' title='bbox 969 209 1082 243; x_wconf 86' lang='lat' dir='ltr'><strong>gratiam</strong></span> <span class='ocrx_word' id='word_1_114' title='bbox 1099 209 1261 236; x_wconf 83' lang='lat' dir='ltr'><strong>enuntians:</strong></span> <span class='ocrx_word' id='word_1_115' title='bbox 1286 209 1362 244; x_wconf 83' lang='lat' dir='ltr'><strong>sequi</strong></span> <span class='ocrx_word' id='word_1_116' title='bbox 1378 210 1451 237; x_wconf 90' lang='lat' dir='ltr'><strong>enim</strong></span> <span class='ocrx_word' id='word_1_117' title='bbox 1475 209 1618 238; x_wconf 86' lang='lat' dir='ltr'><strong>Dominum</strong></span> <span class='ocrx_word' id='word_1_118' title='bbox 1639 219 1745 246; x_wconf 78' lang='lat' dir='ltr'><strong>semper</strong></span> 
     </span>
    </p>
   </div>
   <div class='ocr_carea' id='block_1_20' title="bbox 970 253 1744 290">
    <p class='ocr_par' dir='ltr' id='par_1_20' title="bbox 970 253 1744 290">
     <span class='ocr_line' id='line_1_20' title="bbox 970 253 1744 290; baseline 0.005 -11"><span class='ocrx_word' id='word_1_119' title='bbox 970 253 1167 280; x_wconf 93' lang='lat' dir='ltr'><strong>multitudinem</strong></span> <span class='ocrx_word' id='word_1_120' title='bbox 1182 254 1326 288; x_wconf 73' lang='lat' dir='ltr'><strong>virginum,</strong></span> <span class='ocrx_word' id='word_1_121' title='bbox 1336 257 1364 281; x_wconf 90' lang='lat' dir='ltr'><strong>et</strong></span> <span class='ocrx_word' id='word_1_122' title='bbox 1381 255 1533 290; x_wconf 87' lang='lat' dir='ltr'><strong>ubicunque</strong></span> <span class='ocrx_word' id='word_1_123' title='bbox 1549 256 1639 287; x_wconf 78' lang='lat' dir='ltr'><strong>fuerit,</strong></span> <span class='ocrx_word' id='word_1_124' title='bbox 1651 256 1744 284; x_wconf 80' lang='lat' dir='ltr'><strong>beatos</strong></span> 
     </span>
    </p>
   </div>
   <div class='ocr_carea' id='block_1_21' title="bbox 970 298 1742 336">
    <p class='ocr_par' dir='ltr' id='par_1_21' title="bbox 970 298 1742 336">
     <span class='ocr_line' id='line_1_21' title="bbox 970 298 1742 336; baseline 0.005 -11"><span class='ocrx_word' id='word_1_125' title='bbox 970 306 1033 326; x_wconf 85' lang='lat' dir='ltr'><strong>suos</strong></span> <span class='ocrx_word' id='word_1_126' title='bbox 1045 299 1078 325; x_wconf 91' lang='lat' dir='ltr'><strong>ab</strong></span> <span class='ocrx_word' id='word_1_127' title='bbox 1093 299 1146 326; x_wconf 93' lang='lat' dir='ltr'><strong>illis</strong></span> <span class='ocrx_word' id='word_1_128' title='bbox 1161 298 1325 334; x_wconf 72' lang='lat' dir='ltr'><strong>frequentari</strong></span> <span class='ocrx_word' id='word_1_129' title='bbox 1337 304 1434 333; x_wconf 65' lang='lat' dir='ltr'><strong>castus,</strong></span> <span class='ocrx_word' id='word_1_130' title='bbox 1450 300 1587 336; x_wconf 88' lang='lat' dir='ltr'><strong>Scriptura</strong></span> <span class='ocrx_word' id='word_1_131' title='bbox 1611 301 1742 336; x_wconf 84' lang='lat' dir='ltr'><strong>loquitur.</strong></span> 
     </span>
    </p>
   </div>
   <div class='ocr_carea' id='block_1_22' title="bbox 970 344 1743 383">
    <p class='ocr_par' dir='ltr' id='par_1_22' title="bbox 970 344 1743 383">
     <span class='ocr_line' id='line_1_22' title="bbox 970 344 1743 383; baseline 0.004 -12"><span class='ocrx_word' id='word_1_132' title='bbox 970 344 1026 371; x_wconf 84' lang='lat' dir='ltr'><strong>Hoc</strong></span> <span class='ocrx_word' id='word_1_133' title='bbox 1040 348 1066 372; x_wconf 88' lang='lat' dir='ltr'><strong>et</strong></span> <span class='ocrx_word' id='word_1_134' title='bbox 1079 344 1196 373; x_wconf 85' lang='lat' dir='ltr'><strong>Joannes</strong></span> <span class='ocrx_word' id='word_1_135' title='bbox 1213 346 1301 373; x_wconf 91' lang='lat' dir='ltr'><strong>innuit</strong></span> <span class='ocrx_word' id='word_1_136' title='bbox 1318 346 1350 378; x_wconf 84' lang='lat'><strong>“,</strong></span> <span class='ocrx_word' id='word_1_137' title='bbox 1373 347 1419 374; x_wconf 90' lang='lat' dir='ltr'><strong>ubi</strong></span> <span class='ocrx_word' id='word_1_138' title='bbox 1443 351 1549 374; x_wconf 88' lang='lat' dir='ltr'><strong>centum</strong></span> <span class='ocrx_word' id='word_1_139' title='bbox 1565 347 1743 383; x_wconf 76' lang='lat' dir='ltr'><strong>quadraginta</strong></span> 
     </span>
    </p>
   </div>
   <div class='ocr_carea' id='block_1_23' title="bbox 969 391 1356 426">
    <p class='ocr_par' dir='ltr' id='par_1_23' title="bbox 969 391 1356 426">
     <span class='ocr_line' id='line_1_23' title="bbox 969 391 1356 426; baseline 0.005 -9"><span class='ocrx_word' id='word_1_140' title='bbox 969 396 1084 426; x_wconf 82' lang='lat' dir='ltr'><strong>quatuor</strong></span> <span class='ocrx_word' id='word_1_141' title='bbox 1099 391 1211 418; x_wconf 91' lang='lat' dir='ltr'><strong>millium</strong></span> <span class='ocrx_word' id='word_1_142' title='bbox 1225 391 1356 419; x_wconf 85' lang='lat' dir='ltr'><strong>meminit.</strong></span> 
     </span>
    </p>
   </div>
   <div class='ocr_carea' id='block_1_24' title="bbox 1004 437 1743 472">
    <p class='ocr_par' dir='ltr' id='par_1_24' title="bbox 1004 437 1743 472">
     <span class='ocr_line' id='line_1_24' title="bbox 1004 437 1743 472; baseline 0.003 -8"><span class='ocrx_word' id='word_1_143' title='bbox 1004 438 1043 464; x_wconf 88' lang='lat' dir='ltr'><strong>Ite</strong></span> <span class='ocrx_word' id='word_1_144' title='bbox 1059 437 1151 472; x_wconf 80' lang='lat' dir='ltr'><strong>igitur,</strong></span> <span class='ocrx_word' id='word_1_145' title='bbox 1165 445 1181 464; x_wconf 93' lang='grc' dir='ltr'>ο</span> <span class='ocrx_word' id='word_1_146' title='bbox 1197 445 1329 465; x_wconf 92' lang='lat' dir='ltr'><strong>novorum</strong></span> <span class='ocrx_word' id='word_1_147' title='bbox 1344 438 1505 466; x_wconf 62' lang='lat' dir='ltr'><strong>saeculorum</strong></span> <span class='ocrx_word' id='word_1_148' title='bbox 1516 446 1584 465; x_wconf 89' lang='lat' dir='ltr'><strong>nova</strong></span> <span class='ocrx_word' id='word_1_149' title='bbox 1598 445 1629 465; x_wconf 89' lang='lat' dir='ltr'><strong>ac</strong></span> <span class='ocrx_word' id='word_1_150' title='bbox 1645 438 1743 466; x_wconf 83' lang='lat' dir='ltr'><strong>ﬂorens</strong></span> 
     </span>
    </p>
   </div>
   <div class='ocr_carea' id='block_1_25' title="bbox 969 482 1740 520">
    <p class='ocr_par' dir='ltr' id='par_1_25' title="bbox 969 482 1740 520">
     <span class='ocr_line' id='line_1_25' title="bbox 969 482 1740 520; baseline 0 -9"><span class='ocrx_word' id='word_1_151' title='bbox 969 484 1101 520; x_wconf 79' lang='lat' dir='ltr'><strong>virginum</strong></span> <span class='ocrx_word' id='word_1_152' title='bbox 1114 484 1208 519; x_wconf 84' lang='lat' dir='ltr'><strong>pubes.</strong></span> <span class='ocrx_word' id='word_1_153' title='bbox 1235 482 1282 515; x_wconf 83' lang='lat' dir='ltr'><strong>Ite.</strong></span> <span class='ocrx_word' id='word_1_154' title='bbox 1298 491 1362 512; x_wconf 88' lang='lat' dir='ltr'><strong>vasa</strong></span> <span class='ocrx_word' id='word_1_155' title='bbox 1378 488 1468 511; x_wconf 87' lang='lat' dir='ltr'><strong>vestra</strong></span> <span class='ocrx_word' id='word_1_156' title='bbox 1489 483 1600 518; x_wconf 82' lang='lat' dir='ltr'><strong>implete</strong></span> <span class='ocrx_word' id='word_1_157' title='bbox 1617 483 1740 518; x_wconf 79' lang='lat' dir='ltr'><strong>justitia:</strong></span> 
     </span>
    </p>
   </div>
   <div class='ocr_carea' id='block_1_26' title="bbox 965 528 1743 564">
    <p class='ocr_par' dir='ltr' id='par_1_26' title="bbox 965 528 1743 564">
     <span class='ocr_line' id='line_1_26' title="bbox 965 528 1743 564; baseline 0 -10"><span class='ocrx_word' id='word_1_158' title='bbox 965 529 1021 564; x_wconf 85' lang='lat' dir='ltr'><strong>jam</strong></span> <span class='ocrx_word' id='word_1_159' title='bbox 1036 529 1107 556; x_wconf 82' lang='lat' dir='ltr'><strong>enim</strong></span> <span class='ocrx_word' id='word_1_160' title='bbox 1118 529 1182 555; x_wconf 87' lang='lat' dir='ltr'><strong>bora</strong></span> <span class='ocrx_word' id='word_1_161' title='bbox 1195 532 1237 555; x_wconf 87' lang='lat' dir='ltr'><strong>est</strong></span> <span class='ocrx_word' id='word_1_162' title='bbox 1247 528 1419 563; x_wconf 81' lang='lat' dir='ltr'><strong>exsurgendi,</strong></span> <span class='ocrx_word' id='word_1_163' title='bbox 1431 532 1458 556; x_wconf 84' lang='lat' dir='ltr'><strong>et</strong></span> <span class='ocrx_word' id='word_1_164' title='bbox 1473 528 1500 555; x_wconf 92' lang='lat' dir='ltr'><strong>in</strong></span> <span class='ocrx_word' id='word_1_165' title='bbox 1522 528 1622 562; x_wconf 68' lang='lat' dir='ltr'><strong>Sponsr</strong></span> <span class='ocrx_word' id='word_1_166' title='bbox 1646 535 1743 554; x_wconf 87' lang='lat' dir='ltr'><strong>occur-</strong></span> 
     </span>
    </p>
   </div>
   <div class='ocr_carea' id='block_1_27' title="bbox 968 573 1742 608">
    <p class='ocr_par' dir='ltr' id='par_1_27' title="bbox 968 573 1742 608">
     <span class='ocr_line' id='line_1_27' title="bbox 968 573 1742 608; baseline -0.003 -7"><span class='ocrx_word' id='word_1_167' title='bbox 968 582 1028 601; x_wconf 87' lang='lat' dir='ltr'><strong>sum</strong></span> <span class='ocrx_word' id='word_1_168' title='bbox 1044 575 1134 602; x_wconf 83' lang='lat' dir='ltr'><strong>eundi.</strong></span> <span class='ocrx_word' id='word_1_169' title='bbox 1153 575 1201 608; x_wconf 87' lang='lat' dir='ltr'><strong>lte,</strong></span> <span class='ocrx_word' id='word_1_170' title='bbox 1219 575 1278 602; x_wconf 70' lang='lat' dir='ltr'><strong>vita:</strong></span> <span class='ocrx_word' id='word_1_171' title='bbox 1294 575 1439 602; x_wconf 85' lang='lat' dir='ltr'><strong>blanditias</strong></span> <span class='ocrx_word' id='word_1_172' title='bbox 1458 577 1484 601; x_wconf 87' lang='lat' dir='ltr'><strong>et</strong></span> <span class='ocrx_word' id='word_1_173' title='bbox 1507 573 1647 601; x_wconf 83' lang='lat' dir='ltr'><strong>illecebras</strong></span> <span class='ocrx_word' id='word_1_174' title='bbox 1661 580 1742 607; x_wconf 85' lang='lat' dir='ltr'><strong>expe-</strong></span> 
     </span>
    </p>
   </div>
   <div class='ocr_carea' id='block_1_28' title="bbox 967 619 1745 656">
    <p class='ocr_par' dir='ltr' id='par_1_28' title="bbox 967 619 1745 656">
     <span class='ocr_line' id='line_1_28' title="bbox 967 619 1745 656; baseline -0.003 -9"><span class='ocrx_word' id='word_1_175' title='bbox 967 619 1023 647; x_wconf 91' lang='lat' dir='ltr'><strong>dito</strong></span> <span class='ocrx_word' id='word_1_176' title='bbox 1043 621 1110 648; x_wconf 87' lang='lat' dir='ltr'><strong>calle</strong></span> <span class='ocrx_word' id='word_1_177' title='bbox 1129 625 1327 656; x_wconf 60' lang='lat' dir='ltr'><strong>prmtcrgressaa</strong></span> <span class='ocrx_word' id='word_1_178' title='bbox 1341 640 1348 652; x_wconf 91' lang='lat'><strong>,</strong></span> <span class='ocrx_word' id='word_1_179' title='bbox 1379 627 1438 655; x_wconf 64' lang='lat' dir='ltr'><strong>qua:</strong></span> <span class='ocrx_word' id='word_1_180' title='bbox 1463 619 1695 654; x_wconf 88' lang='lat' dir='ltr'><strong>circumtorquent</strong></span> <span class='ocrx_word' id='word_1_181' title='bbox 1717 622 1745 645; x_wconf 90' lang='lat' dir='ltr'><strong>et</strong></span> 
     </span>
    </p>
   </div>
   <div class='ocr_carea' id='block_1_29' title="bbox 967 667 1744 702">
    <p class='ocr_par' dir='ltr' id='par_1_29' title="bbox 967 667 1744 702">
     <span class='ocr_line' id='line_1_29' title="bbox 967 667 1744 702; baseline -0.001 -8"><span class='ocrx_word' id='word_1_182' title='bbox 967 667 1046 702; x_wconf 87' lang='lat' dir='ltr'><strong>quasi</strong></span> <span class='ocrx_word' id='word_1_183' title='bbox 1070 667 1208 694; x_wconf 89' lang='lat' dir='ltr'><strong>maleﬁciis</strong></span> <span class='ocrx_word' id='word_1_184' title='bbox 1224 667 1412 694; x_wconf 85' lang='lat' dir='ltr'><strong>contaminant</strong></span> <span class='ocrx_word' id='word_1_185' title='bbox 1437 667 1574 699; x_wconf 86' lang='lat' dir='ltr'><strong>animam;</strong></span> <span class='ocrx_word' id='word_1_186' title='bbox 1597 673 1744 701; x_wconf 87' lang='lat' dir='ltr'><strong>conseque-</strong></span> 
     </span>
    </p>
   </div>
   <div class='ocr_carea' id='block_1_30' title="bbox 967 712 1515 747">
    <p class='ocr_par' dir='ltr' id='par_1_30' title="bbox 967 712 1515 747">
     <span class='ocr_line' id='line_1_30' title="bbox 967 712 1515 747; baseline 0.002 -9"><span class='ocrx_word' id='word_1_187' title='bbox 967 712 1032 738; x_wconf 90' lang='lat' dir='ltr'><strong>mini</strong></span> <span class='ocrx_word' id='word_1_188' title='bbox 1044 712 1116 738; x_wconf 89' lang='lat' dir='ltr'><strong>enim</strong></span> <span class='ocrx_word' id='word_1_189' title='bbox 1129 720 1189 747; x_wconf 66' lang='lat' dir='ltr'><strong>qua:</strong></span> <span class='ocrx_word' id='word_1_190' title='bbox 1205 712 1282 740; x_wconf 87' lang='lat' dir='ltr'><strong>vobis</strong></span> <span class='ocrx_word' id='word_1_191' title='bbox 1292 713 1425 747; x_wconf 88' lang='lat' dir='ltr'><strong>promissa</strong></span> <span class='ocrx_word' id='word_1_192' title='bbox 1441 716 1515 740; x_wconf 88' lang='lat' dir='ltr'><strong>sunt.</strong></span> 
     </span>
    </p>
   </div>
   <div class='ocr_carea' id='block_1_31' title="bbox 997 767 1722 804">
    <p class='ocr_par' dir='ltr' id='par_1_31' title="bbox 997 767 1722 804">
     <span class='ocr_line' id='line_1_31' title="bbox 997 767 1722 804; baseline 0.003 -10"><span class='ocrx_word' id='word_1_193' title='bbox 997 767 1059 795; x_wconf 77' lang='lat' dir='ltr'><strong>Hazc</strong></span> <span class='ocrx_word' id='word_1_194' title='bbox 1068 776 1112 801; x_wconf 78' lang='lat' dir='ltr'><strong>per</strong></span> <span class='ocrx_word' id='word_1_195' title='bbox 1124 776 1181 795; x_wconf 82' lang='lat' dir='ltr'><strong>eum</strong></span> <span class='ocrx_word' id='word_1_196' title='bbox 1194 769 1237 804; x_wconf 88' lang='lat' dir='ltr'><strong>qui</strong></span> <span class='ocrx_word' id='word_1_197' title='bbox 1247 773 1373 796; x_wconf 70' lang='lat' dir='ltr'><strong>monstrat</strong></span> <span class='ocrx_word' id='word_1_198' title='bbox 1387 769 1437 795; x_wconf 80' lang='lat' dir='ltr'><strong>iter</strong></span> <span class='ocrx_word' id='word_1_199' title='bbox 1449 769 1521 800; x_wconf 84' lang='lat' dir='ltr'><strong>mihi,</strong></span> <span class='ocrx_word' id='word_1_200' title='bbox 1533 769 1607 803; x_wconf 86' lang='lat' dir='ltr'><strong>jura,</strong></span> <span class='ocrx_word' id='word_1_201' title='bbox 1618 768 1722 796; x_wconf 74' lang='lat' dir='ltr'><strong>salutis.</strong></span> 
     </span>
    </p>
   </div>
   <div class='ocr_carea' id='block_1_32' title="bbox 132 812 913 850">
    <p class='ocr_par' dir='ltr' id='par_1_32' title="bbox 132 812 913 849">
     <span class='ocr_line' id='line_1_32' title="bbox 132 812 913 849; baseline -0.001 -10"><span class='ocrx_word' id='word_1_202' title='bbox 132 814 180 839; x_wconf 77' lang='grc' dir='ltr'>Σοὶ</span> <span class='ocrx_word' id='word_1_203' title='bbox 192 813 268 840; x_wconf 80' lang='grc' dir='ltr'>τόνδε</span> <span class='ocrx_word' id='word_1_204' title='bbox 285 814 462 849; x_wconf 74' lang='grc' dir='ltr'>προφητείαις</span> <span class='ocrx_word' id='word_1_205' title='bbox 474 813 585 840; x_wconf 75' lang='grc' dir='ltr'>πλεκτὸν</span> <span class='ocrx_word' id='word_1_206' title='bbox 603 813 733 847; x_wconf 78' lang='grc' dir='ltr'>στέφανον</span> <span class='ocrx_word' id='word_1_207' title='bbox 744 813 776 838; x_wconf 84' lang='grc' dir='ltr'><strong>ὲκ</strong></span> <span class='ocrx_word' id='word_1_208' title='bbox 785 812 838 838; x_wconf 84' lang='grc' dir='ltr'>τῶν</span> <span class='ocrx_word' id='word_1_209' title='bbox 849 820 913 848; x_wconf 64' lang='lat' dir='ltr'><strong>atpo-</strong></span> 
     </span>
    </p>
   </div>
   <div class='ocr_carea' id='block_1_33' title="bbox 968 812 1742 850">
    <p class='ocr_par' dir='ltr' id='par_1_33' title="bbox 968 813 1742 850">
     <span class='ocr_line' id='line_1_33' title="bbox 968 813 1742 850; baseline 0.001 -9"><span class='ocrx_word' id='word_1_210' title='bbox 968 813 1041 841; x_wconf 84' lang='lat' dir='ltr'><strong>Hanc</strong></span> <span class='ocrx_word' id='word_1_211' title='bbox 1057 815 1105 842; x_wconf 89' lang='lat' dir='ltr'><strong>tibi</strong></span> <span class='ocrx_word' id='word_1_212' title='bbox 1120 814 1267 850; x_wconf 88' lang='lat' dir='ltr'><strong>prophetiis</strong></span> <span class='ocrx_word' id='word_1_213' title='bbox 1286 818 1386 842; x_wconf 80' lang='lat' dir='ltr'><strong>textam</strong></span> <span class='ocrx_word' id='word_1_214' title='bbox 1412 822 1541 842; x_wconf 86' lang='lat' dir='ltr'><strong>coronam</strong></span> <span class='ocrx_word' id='word_1_215' title='bbox 1553 835 1560 847; x_wconf 93' lang='grc'><strong>,</strong></span> <span class='ocrx_word' id='word_1_216' title='bbox 1576 822 1609 842; x_wconf 85' lang='lat' dir='ltr'><strong>ex</strong></span> <span class='ocrx_word' id='word_1_217' title='bbox 1625 815 1742 849; x_wconf 88' lang='lat' dir='ltr'><strong>prophe-</strong></span> 
     </span>
    </p>
   </div>
   <div class='ocr_carea' id='block_1_34' title="bbox 132 855 919 893">
    <p class='ocr_par' dir='ltr' id='par_1_34' title="bbox 132 855 919 893">
     <span class='ocr_line' id='line_1_34' title="bbox 132 855 919 893; baseline 0 -10"><span class='ocrx_word' id='word_1_218' title='bbox 132 857 258 892; x_wconf 70' lang='grc' dir='ltr'>ῳητικῶν</span> <span class='ocrx_word' id='word_1_219' title='bbox 273 855 454 893; x_wconf 80' lang='grc' dir='ltr'>λειμώνων,ὦ</span> <span class='ocrx_word' id='word_1_220' title='bbox 476 858 581 893; x_wconf 83' lang='grc' dir='ltr'>’Δρετὴ,</span> <span class='ocrx_word' id='word_1_221' title='bbox 593 857 670 892; x_wconf 81' lang='grc' dir='ltr'><strong>κάγὼ</strong></span> <span class='ocrx_word' id='word_1_222' title='bbox 684 857 820 892; x_wconf 86' lang='grc' dir='ltr'>κομίσασα</span> <span class='ocrx_word' id='word_1_223' title='bbox 835 865 919 892; x_wconf 87' lang='grc' dir='ltr'>προσ-</span> 
     </span>
    </p>
   </div>
   <div class='ocr_carea' id='block_1_35' title="bbox 157 903 222 929">
    <p class='ocr_par' dir='ltr' id='par_1_35' title="bbox 157 903 222 929">
     <span class='ocr_line' id='line_1_35' title="bbox 157 903 222 929; baseline 0.015 -1"><span class='ocrx_word' id='word_1_224' title='bbox 157 903 222 929; x_wconf 67' lang='lat' dir='ltr'><strong>eam.</strong></span> 
     </span>
    </p>
   </div>
   <div class='ocr_carea' id='block_1_36' title="bbox 133 911 915 984">
    <p class='ocr_par' dir='ltr' id='par_1_36' title="bbox 133 911 915 984">
     <span class='ocr_line' id='line_1_36' title="bbox 157 911 222 929; baseline 0 -1"><span class='ocrx_word' id='word_1_225' title='bbox 157 911 222 929; x_wconf 70' lang='grc' dir='ltr'>ειω.</span> 
     </span>
     <span class='ocr_line' id='line_1_37' title="bbox 133 911 915 984; baseline 0.001 -10"><span class='ocrx_word' id='word_1_226' title='bbox 133 911 154 936; x_wconf 62' lang='grc' dir='ltr'>φ</span> <span class='ocrx_word' id='word_1_227' title='bbox 169 912 415 984; x_wconf 50' lang='grc' dir='ltr'>ἓιαπεραναμένης</span> <span class='ocrx_word' id='word_1_228' title='bbox 435 945 482 975; x_wconf 74' lang='grc' dir='ltr'>οὖν</span> <span class='ocrx_word' id='word_1_229' title='bbox 507 949 605 984; x_wconf 79' lang='grc' dir='ltr'>ἄριστα</span> <span class='ocrx_word' id='word_1_230' title='bbox 630 949 676 976; x_wconf 81' lang='grc' dir='ltr'>καὶ</span> <span class='ocrx_word' id='word_1_231' title='bbox 701 948 826 984; x_wconf 80' lang='grc' dir='ltr'>Ἀγάθης,</span> <span class='ocrx_word' id='word_1_232' title='bbox 853 949 915 984; x_wconf 76' lang='grc' dir='ltr'><strong>ἔφη.</strong></span> 
     </span>
    </p>
   </div>
   <div class='ocr_carea' id='block_1_37' title="bbox 133 991 916 1030">
    <p class='ocr_par' dir='ltr' id='par_1_37' title="bbox 133 991 916 1030">
     <span class='ocr_line' id='line_1_38' title="bbox 133 991 916 1030; baseline 0.001 -11"><span class='ocrx_word' id='word_1_233' title='bbox 133 993 179 1019; x_wconf 78' lang='grc' dir='ltr'>τὸν</span> <span class='ocrx_word' id='word_1_234' title='bbox 198 993 287 1027; x_wconf 86' lang='grc' dir='ltr'>λόγον,</span> <span class='ocrx_word' id='word_1_235' title='bbox 300 994 348 1020; x_wconf 80' lang='grc' dir='ltr'><strong>καὶ</strong></span> <span class='ocrx_word' id='word_1_236' title='bbox 363 994 579 1029; x_wconf 80' lang='grc' dir='ltr'>εὐδοκιμησάσης</span> <span class='ocrx_word' id='word_1_237' title='bbox 590 995 631 1029; x_wconf 74' lang='grc' dir='ltr'><strong>ἐφ’</strong></span> <span class='ocrx_word' id='word_1_238' title='bbox 644 991 683 1026; x_wconf 67' lang='grc' dir='ltr'><strong>οἷς</strong></span> <span class='ocrx_word' id='word_1_239' title='bbox 695 995 837 1030; x_wconf 77' lang='grc' dir='ltr'>ἰσηγορησε</span> <span class='ocrx_word' id='word_1_240' title='bbox 850 995 916 1028; x_wconf 82' lang='lat' dir='ltr'><strong>(9i),</strong></span> 
     </span>
    </p>
   </div>
   <div class='ocr_carea' id='block_1_38' title="bbox 968 860 1740 895">
    <p class='ocr_par' dir='ltr' id='par_1_38' title="bbox 968 860 1740 895">
     <span class='ocr_line' id='line_1_39' title="bbox 968 860 1740 895; baseline 0 -8"><span class='ocrx_word' id='word_1_241' title='bbox 968 860 1029 888; x_wconf 89' lang='lat' dir='ltr'><strong>ticis</strong></span> <span class='ocrx_word' id='word_1_242' title='bbox 1053 860 1195 888; x_wconf 82' lang='lat' dir='ltr'><strong>collectam</strong></span> <span class='ocrx_word' id='word_1_243' title='bbox 1221 861 1321 895; x_wconf 87' lang='lat' dir='ltr'><strong>pratis,</strong></span> <span class='ocrx_word' id='word_1_244' title='bbox 1337 868 1354 888; x_wconf 91' lang='grc' dir='ltr'>ο</span> <span class='ocrx_word' id='word_1_245' title='bbox 1369 860 1458 893; x_wconf 76' lang='lat' dir='ltr'><strong>Aiete,</strong></span> <span class='ocrx_word' id='word_1_246' title='bbox 1475 863 1502 888; x_wconf 88' lang='lat' dir='ltr'><strong>et</strong></span> <span class='ocrx_word' id='word_1_247' title='bbox 1516 867 1566 895; x_wconf 89' lang='lat' dir='ltr'><strong>ego</strong></span> <span class='ocrx_word' id='word_1_248' title='bbox 1580 867 1595 887; x_wconf 87' lang='lat' dir='ltr'><strong>a</strong></span> <span class='ocrx_word' id='word_1_249' title='bbox 1611 867 1654 888; x_wconf 89' lang='lat' dir='ltr'><strong>me</strong></span> <span class='ocrx_word' id='word_1_250' title='bbox 1674 867 1740 887; x_wconf 86' lang='lat' dir='ltr'><strong>con-</strong></span> 
     </span>
    </p>
   </div>
   <div class='ocr_carea' id='block_1_39' title="bbox 966 905 1211 934">
    <p class='ocr_par' dir='ltr' id='par_1_39' title="bbox 966 905 1211 934">
     <span class='ocr_line' id='line_1_40' title="bbox 966 905 1211 934; baseline 0 0"><span class='ocrx_word' id='word_1_251' title='bbox 966 906 1102 934; x_wconf 85' lang='lat' dir='ltr'><strong>cinnatam</strong></span> <span class='ocrx_word' id='word_1_252' title='bbox 1117 905 1211 934; x_wconf 73' lang='lat' dir='ltr'><strong>oﬂ‘ero.</strong></span> 
     </span>
    </p>
   </div>
   <div class='ocr_carea' id='block_1_40' title="bbox 1002 951 1743 987">
    <p class='ocr_par' dir='ltr' id='par_1_40' title="bbox 1002 951 1743 987">
     <span class='ocr_line' id='line_1_41' title="bbox 1002 951 1743 987; baseline -0.001 -8"><span class='ocrx_word' id='word_1_253' title='bbox 1002 951 1051 980; x_wconf 90' lang='lat' dir='ltr'><strong>Ubi</strong></span> <span class='ocrx_word' id='word_1_254' title='bbox 1067 952 1106 979; x_wconf 87' lang='lat' dir='ltr'><strong>sic</strong></span> <span class='ocrx_word' id='word_1_255' title='bbox 1121 952 1221 987; x_wconf 88' lang='lat' dir='ltr'><strong>optime</strong></span> <span class='ocrx_word' id='word_1_256' title='bbox 1236 951 1339 987; x_wconf 83' lang='lat' dir='ltr'><strong>Agatha</strong></span> <span class='ocrx_word' id='word_1_257' title='bbox 1363 956 1538 987; x_wconf 84' lang='lat' dir='ltr'><strong>perorasset,</strong></span> <span class='ocrx_word' id='word_1_258' title='bbox 1567 956 1594 979; x_wconf 88' lang='lat' dir='ltr'><strong>et</strong></span> <span class='ocrx_word' id='word_1_259' title='bbox 1616 959 1743 986; x_wconf 88' lang='lat' dir='ltr'><strong>magnam</strong></span> 
     </span>
    </p>
   </div>
   <div class='ocr_carea' id='block_1_41' title="bbox 964 997 1745 1026">
    <p class='ocr_par' dir='ltr' id='par_1_41' title="bbox 964 997 1745 1026">
     <span class='ocr_line' id='line_1_42' title="bbox 964 997 1745 1026; baseline -0.003 0"><span class='ocrx_word' id='word_1_260' title='bbox 964 998 1082 1026; x_wconf 89' lang='lat' dir='ltr'><strong>universi</strong></span> <span class='ocrx_word' id='word_1_261' title='bbox 1107 1006 1253 1026; x_wconf 75' lang='lat' dir='ltr'><strong>censessus</strong></span> <span class='ocrx_word' id='word_1_262' title='bbox 1276 997 1381 1025; x_wconf 87' lang='lat' dir='ltr'><strong>laudem</strong></span> <span class='ocrx_word' id='word_1_263' title='bbox 1399 998 1515 1025; x_wconf 84' lang='lat' dir='ltr'><strong>tulisset.</strong></span> <span class='ocrx_word' id='word_1_264' title='bbox 1540 998 1619 1025; x_wconf 83' lang='lat' dir='ltr'><strong>Arele</strong></span> <span class='ocrx_word' id='word_1_265' title='bbox 1644 997 1745 1024; x_wconf 77' lang='lat' dir='ltr'><strong>Procil-</strong></span> 
     </span>
    </p>
   </div>
   <div class='ocr_carea' id='block_1_42' title="bbox 133 1039 913 1077">
    <p class='ocr_par' dir='ltr' id='par_1_42' title="bbox 133 1039 913 1075">
     <span class='ocr_line' id='line_1_43' title="bbox 133 1039 913 1075; baseline 0.001 -10"><span class='ocrx_word' id='word_1_266' title='bbox 133 1039 215 1066; x_wconf 70' lang='grc' dir='ltr'>πάλιν</span> <span class='ocrx_word' id='word_1_267' title='bbox 233 1040 250 1074; x_wconf 85' lang='grc' dir='ltr'><strong>ή</strong></span> <span class='ocrx_word' id='word_1_268' title='bbox 270 1039 366 1074; x_wconf 79' lang='grc' dir='ltr'>’Δρετὴ</span> <span class='ocrx_word' id='word_1_269' title='bbox 393 1039 442 1074; x_wconf 89' lang='grc' dir='ltr'>τὴν</span> <span class='ocrx_word' id='word_1_270' title='bbox 464 1039 613 1075; x_wconf 80' lang='grc' dir='ltr'>Προκιλλαν</span> <span class='ocrx_word' id='word_1_271' title='bbox 636 1039 761 1066; x_wconf 82' lang='grc' dir='ltr'>ὲκέλευσε</span> <span class='ocrx_word' id='word_1_272' title='bbox 780 1039 913 1073; x_wconf 83' lang='grc' dir='ltr'>λέγειν.Ἠ</span> 
     </span>
    </p>
   </div>
   <div class='ocr_carea' id='block_1_43' title="bbox 968 1039 1742 1077">
    <p class='ocr_par' dir='ltr' id='par_1_43' title="bbox 968 1042 1742 1077">
     <span class='ocr_line' id='line_1_44' title="bbox 968 1042 1742 1077; baseline -0.003 -7"><span class='ocrx_word' id='word_1_273' title='bbox 968 1044 1016 1070; x_wconf 88' lang='lat' dir='ltr'><strong>lam</strong></span> <span class='ocrx_word' id='word_1_274' title='bbox 1030 1044 1113 1077; x_wconf 87' lang='lat' dir='ltr'><strong>jussit</strong></span> <span class='ocrx_word' id='word_1_275' title='bbox 1124 1044 1222 1071; x_wconf 87' lang='lat' dir='ltr'><strong>dicere.</strong></span> <span class='ocrx_word' id='word_1_276' title='bbox 1238 1042 1285 1070; x_wconf 82' lang='lat' dir='ltr'><strong>illa</strong></span> <span class='ocrx_word' id='word_1_277' title='bbox 1299 1049 1363 1070; x_wconf 87' lang='lat' dir='ltr'><strong>vero</strong></span> <span class='ocrx_word' id='word_1_278' title='bbox 1378 1051 1508 1077; x_wconf 77' lang='lat' dir='ltr'><strong>surgens,</strong></span> <span class='ocrx_word' id='word_1_279' title='bbox 1525 1047 1551 1070; x_wconf 90' lang='lat' dir='ltr'><strong>et</strong></span> <span class='ocrx_word' id='word_1_280' title='bbox 1566 1046 1628 1070; x_wconf 86' lang='lat' dir='ltr'><strong>ante</strong></span> <span class='ocrx_word' id='word_1_281' title='bbox 1641 1042 1742 1069; x_wconf 86' lang='lat' dir='ltr'><strong>ostium</strong></span> 
     </span>
    </p>
   </div>
   <div class='ocr_carea' id='block_1_44' title="bbox 133 1083 913 1124">
    <p class='ocr_par' dir='ltr' id='par_1_44' title="bbox 133 1083 913 1122">
     <span class='ocr_line' id='line_1_45' title="bbox 133 1083 913 1122; baseline 0.001 -11"><span class='ocrx_word' id='word_1_282' title='bbox 133 1085 172 1116; x_wconf 83' lang='grc' dir='ltr'><strong>δὲ,</strong></span> <span class='ocrx_word' id='word_1_283' title='bbox 190 1085 339 1115; x_wconf 74' lang='grc' dir='ltr'>ἀναστᾶσα,</span> <span class='ocrx_word' id='word_1_284' title='bbox 354 1086 401 1112; x_wconf 80' lang='grc' dir='ltr'><strong>καὶ</strong></span> <span class='ocrx_word' id='word_1_285' title='bbox 428 1085 579 1121; x_wconf 75' lang='grc' dir='ltr'>ἔμπροσθεν</span> <span class='ocrx_word' id='word_1_286' title='bbox 606 1085 777 1122; x_wconf 84' lang='grc' dir='ltr'>παρελθοῦσα</span> <span class='ocrx_word' id='word_1_287' title='bbox 796 1086 844 1121; x_wconf 83' lang='grc' dir='ltr'><strong>τῆς</strong></span> <span class='ocrx_word' id='word_1_288' title='bbox 861 1083 913 1113; x_wconf 78' lang='grc' dir='ltr'>κλί-</span> 
     </span>
    </p>
   </div>
   <div class='ocr_carea' id='block_1_45' title="bbox 968 1083 1724 1124">
    <p class='ocr_par' dir='ltr' id='par_1_45' title="bbox 968 1087 1724 1124">
     <span class='ocr_line' id='line_1_46' title="bbox 968 1087 1724 1124; baseline -0.001 -9"><span class='ocrx_word' id='word_1_289' title='bbox 968 1088 1131 1117; x_wconf 82' lang='lat' dir='ltr'><strong>tabernaculi</strong></span> <span class='ocrx_word' id='word_1_290' title='bbox 1148 1095 1301 1124; x_wconf 81' lang='lat' dir='ltr'><strong>progressa,</strong></span> <span class='ocrx_word' id='word_1_291' title='bbox 1318 1088 1346 1115; x_wconf 90' lang='lat' dir='ltr'><strong>in</strong></span> <span class='ocrx_word' id='word_1_292' title='bbox 1361 1088 1433 1115; x_wconf 83' lang='lat' dir='ltr'><strong>hunc</strong></span> <span class='ocrx_word' id='word_1_293' title='bbox 1447 1087 1557 1115; x_wconf 88' lang='lat' dir='ltr'><strong>modum</strong></span> <span class='ocrx_word' id='word_1_294' title='bbox 1568 1087 1658 1114; x_wconf 85' lang='lat' dir='ltr'><strong>locuta</strong></span> <span class='ocrx_word' id='word_1_295' title='bbox 1671 1090 1724 1114; x_wconf 86' lang='lat' dir='ltr'><strong>est.</strong></span> 
     </span>
    </p>
   </div>
   <div class='ocr_carea' id='block_1_46' title="bbox 134 1130 440 1162">
    <p class='ocr_par' dir='ltr' id='par_1_46' title="bbox 134 1130 440 1162">
     <span class='ocr_line' id='line_1_47' title="bbox 134 1130 440 1162; baseline 0.003 -6"><span class='ocrx_word' id='word_1_296' title='bbox 134 1130 233 1162; x_wconf 71' lang='grc' dir='ltr'>σιὰδος,</span> <span class='ocrx_word' id='word_1_297' title='bbox 249 1130 322 1162; x_wconf 76' lang='grc' dir='ltr'>ἔλεξε</span> <span class='ocrx_word' id='word_1_298' title='bbox 339 1130 440 1157; x_wconf 83' lang='grc' dir='ltr'><strong>τοιάδε.</strong></span> 
     </span>
    </p>
   </div>
   <div class='ocr_carea' id='block_1_47' title="bbox 411 1251 660 1298">
    <p class='ocr_par' dir='ltr' id='par_1_47' title="bbox 411 1251 660 1298">
     <span class='ocr_line' id='line_1_48' title="bbox 411 1251 660 1298; baseline -0.008 -1"><span class='ocrx_word' id='word_1_299' title='bbox 411 1253 589 1298; x_wconf 89' lang='grc' dir='ltr'><strong>ΛΟΓΟΣ</strong></span> <span class='ocrx_word' id='word_1_300' title='bbox 608 1251 660 1297; x_wconf 88' lang='grc' dir='ltr'><strong>Ζ’.</strong></span> 
     </span>
    </p>
   </div>
   <div class='ocr_carea' id='block_1_48' title="bbox 430 1328 618 1355">
    <p class='ocr_par' dir='ltr' id='par_1_48' title="bbox 430 1328 618 1355">
     <span class='ocr_line' id='line_1_49' title="bbox 430 1328 618 1355; baseline 0.005 -1"><span class='ocrx_word' id='word_1_301' title='bbox 430 1328 618 1355; x_wconf 78' lang='grc' dir='ltr'><strong>ΠΡΟΚΙΛΛΑ.</strong></span> 
     </span>
    </p>
   </div>
   <div class='ocr_carea' id='block_1_49' title="bbox 1161 1249 1543 1298">
    <p class='ocr_par' dir='ltr' id='par_1_49' title="bbox 1161 1249 1543 1298">
     <span class='ocr_line' id='line_1_50' title="bbox 1161 1249 1543 1298; baseline -0.01 0"><span class='ocrx_word' id='word_1_302' title='bbox 1161 1249 1387 1298; x_wconf 81' lang='lat' dir='ltr'><strong>ORATIO</strong></span> <span class='ocrx_word' id='word_1_303' title='bbox 1433 1250 1543 1297; x_wconf 87' lang='lat' dir='ltr'><strong>VII.</strong></span> 
     </span>
    </p>
   </div>
   <div class='ocr_carea' id='block_1_50' title="bbox 1261 1324 1439 1353">
    <p class='ocr_par' dir='ltr' id='par_1_50' title="bbox 1261 1324 1439 1353">
     <span class='ocr_line' id='line_1_51' title="bbox 1261 1324 1439 1353; baseline -0.011 0"><span class='ocrx_word' id='word_1_304' title='bbox 1261 1324 1439 1353; x_wconf 75' lang='lat' dir='ltr'><strong>PROCILLA.</strong></span> 
     </span>
    </p>
   </div>
   <div class='ocr_carea' id='block_1_51' title="bbox 134 1383 1738 1422">
    <p class='ocr_par' dir='ltr' id='par_1_51' title="bbox 134 1383 1738 1422">
     <span class='ocr_line' id='line_1_52' title="bbox 134 1383 1738 1422; baseline -0.001 -10"><span class='ocrx_word' id='word_1_305' title='bbox 134 1384 196 1412; x_wconf 71' lang='lat' dir='ltr'><strong>CAP.</strong></span> <span class='ocrx_word' id='word_1_306' title='bbox 211 1383 230 1412; x_wconf 94' lang='lat' dir='ltr'><strong>I.</strong></span> <span class='ocrx_word' id='word_1_307' title='bbox 248 1385 366 1419; x_wconf 82' lang='lat' dir='ltr'><strong>Quinam</strong></span> <span class='ocrx_word' id='word_1_308' title='bbox 381 1394 456 1422; x_wconf 62' lang='lat' dir='ltr'><strong>verus</strong></span> <span class='ocrx_word' id='word_1_309' title='bbox 469 1395 499 1413; x_wconf 76' lang='lat' dir='ltr'><strong>ac</strong></span> <span class='ocrx_word' id='word_1_310' title='bbox 513 1388 598 1421; x_wconf 75' lang='lat' dir='ltr'><strong>gravis</strong></span> <span class='ocrx_word' id='word_1_311' title='bbox 619 1387 747 1414; x_wconf 80' lang='lat' dir='ltr'><strong>laudandi</strong></span> <span class='ocrx_word' id='word_1_312' title='bbox 765 1387 867 1415; x_wconf 76' lang='lat' dir='ltr'><strong>modus.</strong></span> <span class='ocrx_word' id='word_1_313' title='bbox 885 1388 967 1416; x_wconf 81' lang='lat' dir='ltr'><strong>Pater</strong></span> <span class='ocrx_word' id='word_1_314' title='bbox 985 1387 1071 1422; x_wconf 84' lang='lat' dir='ltr'><strong>major</strong></span> <span class='ocrx_word' id='word_1_315' title='bbox 1086 1385 1157 1413; x_wconf 85' lang='lat' dir='ltr'><strong>Filio</strong></span> <span class='ocrx_word' id='word_1_316' title='bbox 1178 1385 1347 1422; x_wconf 66' lang='lat' dir='ltr'><strong>auctoritate</strong></span> <span class='ocrx_word' id='word_1_317' title='bbox 1359 1385 1490 1419; x_wconf 75' lang='lat' dir='ltr'><strong>principii,</strong></span> <span class='ocrx_word' id='word_1_318' title='bbox 1502 1392 1553 1412; x_wconf 83' lang='lat' dir='ltr'><strong>non</strong></span> <span class='ocrx_word' id='word_1_319' title='bbox 1577 1383 1738 1411; x_wconf 53' lang='lat' dir='ltr'><strong>substantia</strong></span> 
     </span>
    </p>
   </div>
   <div class='ocr_carea' id='block_1_52' title="bbox 401 1419 1465 1459">
    <p class='ocr_par' dir='ltr' id='par_1_52' title="bbox 401 1419 1465 1459">
     <span class='ocr_line' id='line_1_53' title="bbox 401 1419 1465 1459; baseline -0.002 -11"><span class='ocrx_word' id='word_1_320' title='bbox 401 1419 554 1456; x_wconf 69' lang='lat' dir='ltr'><strong>Virginitas,</strong></span> <span class='ocrx_word' id='word_1_321' title='bbox 568 1422 666 1450; x_wconf 71' lang='lat' dir='ltr'><strong>hlium.</strong></span> <span class='ocrx_word' id='word_1_322' title='bbox 682 1422 786 1450; x_wconf 71' lang='lat' dir='ltr'><strong>Fideles</strong></span> <span class='ocrx_word' id='word_1_323' title='bbox 799 1424 895 1450; x_wconf 65' lang='lat' dir='ltr'><strong>animi:</strong></span> <span class='ocrx_word' id='word_1_324' title='bbox 909 1432 940 1450; x_wconf 80' lang='lat' dir='ltr'><strong>ac</strong></span> <span class='ocrx_word' id='word_1_325' title='bbox 952 1419 1072 1459; x_wconf 73' lang='lat' dir='ltr'><strong>virgines,</strong></span> <span class='ocrx_word' id='word_1_326' title='bbox 1089 1430 1142 1448; x_wconf 83' lang='lat' dir='ltr'><strong>una</strong></span> <span class='ocrx_word' id='word_1_327' title='bbox 1155 1422 1232 1448; x_wconf 73' lang='lat' dir='ltr'><strong>unius</strong></span> <span class='ocrx_word' id='word_1_328' title='bbox 1249 1419 1347 1448; x_wconf 70' lang='lat' dir='ltr'><strong>Christi</strong></span> <span class='ocrx_word' id='word_1_329' title='bbox 1360 1428 1465 1454; x_wconf 76' lang='lat' dir='ltr'><strong>sponsa.</strong></span> 
     </span>
    </p>
   </div>
   <div class='ocr_carea' id='block_1_53' title="bbox 173 1473 913 1513">
    <p class='ocr_par' dir='ltr' id='par_1_53' title="bbox 173 1474 908 1513">
     <span class='ocr_line' id='line_1_54' title="bbox 173 1474 908 1513; baseline 0.005 -13"><span class='ocrx_word' id='word_1_330' title='bbox 173 1474 463 1511; x_wconf 57' lang='lat' dir='ltr'><strong>’Ampéqﬁupsiv,_xat</strong></span> <span class='ocrx_word' id='word_1_331' title='bbox 481 1477 548 1512; x_wconf 81' lang='grc' dir='ltr'>μετὰ</span> <span class='ocrx_word' id='word_1_332' title='bbox 562 1477 702 1510; x_wconf 81' lang='grc' dir='ltr'><strong>τοσούτους</strong></span> <span class='ocrx_word' id='word_1_333' title='bbox 717 1478 747 1504; x_wconf 87' lang='grc' dir='ltr'><strong>οὺ</strong></span> <span class='ocrx_word' id='word_1_334' title='bbox 764 1477 841 1513; x_wconf 83' lang='grc' dir='ltr'>θέμις</span> <span class='ocrx_word' id='word_1_335' title='bbox 866 1487 908 1513; x_wconf 91' lang='grc' dir='ltr'><strong>μοι</strong></span> 
     </span>
    </p>
   </div>
   <div class='ocr_carea' id='block_1_54' title="bbox 968 1473 1741 1513">
    <p class='ocr_par' dir='ltr' id='par_1_54' title="bbox 993 1473 1741 1509">
     <span class='ocr_line' id='line_1_55' title="bbox 993 1473 1741 1509; baseline -0.005 -5"><span class='ocrx_word' id='word_1_336' title='bbox 993 1476 1124 1505; x_wconf 86' lang='lat' dir='ltr'><strong>Cunctari</strong></span> <span class='ocrx_word' id='word_1_337' title='bbox 1141 1483 1184 1503; x_wconf 92' lang='lat' dir='ltr'><strong>me</strong></span> <span class='ocrx_word' id='word_1_338' title='bbox 1197 1479 1224 1503; x_wconf 87' lang='lat' dir='ltr'><strong>et</strong></span> <span class='ocrx_word' id='word_1_339' title='bbox 1239 1475 1273 1502; x_wconf 90' lang='lat' dir='ltr'><strong>ad</strong></span> <span class='ocrx_word' id='word_1_340' title='bbox 1288 1474 1433 1502; x_wconf 90' lang='lat' dir='ltr'><strong>dicendum</strong></span> <span class='ocrx_word' id='word_1_341' title='bbox 1458 1473 1561 1509; x_wconf 81' lang='lat' dir='ltr'><strong>pigram</strong></span> <span class='ocrx_word' id='word_1_342' title='bbox 1587 1480 1662 1505; x_wconf 84' lang='lat' dir='ltr'><strong>esse,</strong></span> <span class='ocrx_word' id='word_1_343' title='bbox 1678 1475 1741 1508; x_wconf 89' lang='lat' dir='ltr'><strong>post</strong></span> 
     </span>
    </p>
   </div>
   <div class='ocr_carea' id='block_1_55' title="bbox 133 1518 911 1559">
    <p class='ocr_par' dir='ltr' id='par_1_55' title="bbox 133 1518 911 1559">
     <span class='ocr_line' id='line_1_56' title="bbox 133 1518 911 1559; baseline 0.005 -14"><span class='ocrx_word' id='word_1_344' title='bbox 133 1519 237 1554; x_wconf 75' lang='grc' dir='ltr'>λόγους,</span> <span class='ocrx_word' id='word_1_345' title='bbox 254 1518 278 1547; x_wconf 84' lang='grc' dir='ltr'><strong>ὦ</strong></span> <span class='ocrx_word' id='word_1_346' title='bbox 299 1521 405 1557; x_wconf 72' lang='grc' dir='ltr'>Ἀρετὴ,</span> <span class='ocrx_word' id='word_1_347' title='bbox 422 1522 632 1558; x_wconf 77' lang='grc' dir='ltr'>ἀναμφισϐήτως</span> <span class='ocrx_word' id='word_1_348' title='bbox 655 1524 863 1550; x_wconf 80' lang='grc' dir='ltr'>πεπιστευκυταν</span> <span class='ocrx_word' id='word_1_349' title='bbox 878 1525 911 1559; x_wconf 83' lang='grc' dir='ltr'>τῇ</span> 
     </span>
    </p>
   </div>
   <div class='ocr_carea' id='block_1_56' title="bbox 132 1565 913 1604">
    <p class='ocr_par' dir='ltr' id='par_1_56' title="bbox 132 1565 913 1604">
     <span class='ocr_line' id='line_1_57' title="bbox 132 1565 913 1604; baseline 0.004 -12"><span class='ocrx_word' id='word_1_350' title='bbox 132 1565 315 1601; x_wconf 82' lang='grc' dir='ltr'>πολυποικιλῳ</span> <span class='ocrx_word' id='word_1_351' title='bbox 339 1567 420 1602; x_wconf 78' lang='grc' dir='ltr'>σοφίᾳ</span> <span class='ocrx_word' id='word_1_352' title='bbox 434 1566 479 1593; x_wconf 86' lang='grc' dir='ltr'><strong>τοῦ</strong></span> <span class='ocrx_word' id='word_1_353' title='bbox 495 1567 573 1600; x_wconf 78' lang='grc' dir='ltr'>Θεοῦ,</span> <span class='ocrx_word' id='word_1_354' title='bbox 589 1568 722 1600; x_wconf 77' lang='grc' dir='ltr'>πλουσίως</span> <span class='ocrx_word' id='word_1_355' title='bbox 733 1568 832 1604; x_wconf 71' lang='grc' dir='ltr'><strong>ἐχούσῃ</strong></span> <span class='ocrx_word' id='word_1_356' title='bbox 845 1568 913 1595; x_wconf 80' lang='grc' dir='ltr'><strong>διδό-</strong></span> 
     </span>
    </p>
   </div>
   <div class='ocr_carea' id='block_1_57' title="bbox 133 1611 914 1649">
    <p class='ocr_par' dir='ltr' id='par_1_57' title="bbox 133 1611 914 1649">
     <span class='ocr_line' id='line_1_58' title="bbox 133 1611 914 1649; baseline 0.005 -13"><span class='ocrx_word' id='word_1_357' title='bbox 133 1619 175 1636; x_wconf 83' lang='grc' dir='ltr'><strong>ναι</strong></span> <span class='ocrx_word' id='word_1_358' title='bbox 191 1611 238 1637; x_wconf 71' lang='grc' dir='ltr'><strong>καὶ</strong></span> <span class='ocrx_word' id='word_1_359' title='bbox 250 1611 396 1648; x_wconf 79' lang='grc' dir='ltr'>διαφόρως,</span> <span class='ocrx_word' id='word_1_360' title='bbox 412 1612 465 1647; x_wconf 81' lang='grc' dir='ltr'>ὅτῳ</span> <span class='ocrx_word' id='word_1_361' title='bbox 482 1612 613 1647; x_wconf 80' lang='grc' dir='ltr'>βούλεται.</span> <span class='ocrx_word' id='word_1_362' title='bbox 632 1614 639 1624; x_wconf 84' lang='lat'><strong>‘</strong></span> <span class='ocrx_word' id='word_1_363' title='bbox 657 1614 711 1640; x_wconf 71' lang='grc' dir='ltr'><strong>Καὶ</strong></span> <span class='ocrx_word' id='word_1_364' title='bbox 724 1613 776 1649; x_wconf 79' lang='grc' dir='ltr'>γὰρ</span> <span class='ocrx_word' id='word_1_365' title='bbox 792 1613 914 1648; x_wconf 83' lang='grc' dir='ltr'>πελάγιοι</span> 
     </span>
    </p>
   </div>
   <div class='ocr_carea' id='block_1_58' title="bbox 133 1657 914 1696">
    <p class='ocr_par' dir='ltr' id='par_1_58' title="bbox 133 1657 914 1696">
     <span class='ocr_line' id='line_1_59' title="bbox 133 1657 914 1696; baseline 0.006 -14"><span class='ocrx_word' id='word_1_366' title='bbox 133 1657 274 1693; x_wconf 83' lang='grc' dir='ltr'>πλωτῆρές</span> <span class='ocrx_word' id='word_1_367' title='bbox 289 1666 364 1692; x_wconf 83' lang='grc' dir='ltr'>φασι,</span> <span class='ocrx_word' id='word_1_368' title='bbox 378 1658 507 1694; x_wconf 76' lang='grc' dir='ltr'>φέρεσθαι</span> <span class='ocrx_word' id='word_1_369' title='bbox 524 1659 574 1694; x_wconf 84' lang='grc' dir='ltr'>μὲν</span> <span class='ocrx_word' id='word_1_370' title='bbox 585 1661 640 1692; x_wconf 69' lang='grc' dir='ltr'>τοῖς</span> <span class='ocrx_word' id='word_1_371' title='bbox 656 1660 869 1696; x_wconf 81' lang='grc' dir='ltr'>ναυτιλλομένοις</span> <span class='ocrx_word' id='word_1_372' title='bbox 883 1661 914 1687; x_wconf 81' lang='grc' dir='ltr'>τὸ</span> 
     </span>
    </p>
   </div>
   <div class='ocr_carea' id='block_1_59' title="bbox 132 1702 914 1739">
    <p class='ocr_par' dir='ltr' id='par_1_59' title="bbox 132 1702 914 1739">
     <span class='ocr_line' id='line_1_60' title="bbox 132 1702 914 1739; baseline 0.006 -12"><span class='ocrx_word' id='word_1_373' title='bbox 132 1702 197 1728; x_wconf 71' lang='grc' dir='ltr'>αὐτὸ</span> <span class='ocrx_word' id='word_1_374' title='bbox 213 1702 322 1738; x_wconf 82' lang='grc' dir='ltr'>πνεῦμα</span> <span class='ocrx_word' id='word_1_375' title='bbox 334 1712 341 1718; x_wconf 94' lang='grc'><strong>·</strong></span> <span class='ocrx_word' id='word_1_376' title='bbox 359 1703 454 1736; x_wconf 74' lang='grc' dir='ltr'>ἄλλους</span> <span class='ocrx_word' id='word_1_377' title='bbox 474 1704 503 1731; x_wconf 76' lang='grc' dir='ltr'><strong>δὲ</strong></span> <span class='ocrx_word' id='word_1_378' title='bbox 516 1705 551 1732; x_wconf 82' lang='grc' dir='ltr'>τὰ</span> <span class='ocrx_word' id='word_1_379' title='bbox 567 1705 630 1739; x_wconf 77' lang='grc' dir='ltr'>περὶ</span> <span class='ocrx_word' id='word_1_380' title='bbox 644 1705 690 1731; x_wconf 86' lang='grc' dir='ltr'><strong>τὸν</strong></span> <span class='ocrx_word' id='word_1_381' title='bbox 705 1705 787 1732; x_wconf 77' lang='grc' dir='ltr'>πλοῦν</span> <span class='ocrx_word' id='word_1_382' title='bbox 803 1705 914 1737; x_wconf 80' lang='grc' dir='ltr'>ἀλλοίως</span> 
     </span>
    </p>
   </div>
   <div class='ocr_carea' id='block_1_60' title="bbox 133 1747 914 1787">
    <p class='ocr_par' dir='ltr' id='par_1_60' title="bbox 133 1747 914 1787">
     <span class='ocr_line' id='line_1_61' title="bbox 133 1747 914 1787; baseline 0.005 -14"><span class='ocrx_word' id='word_1_383' title='bbox 133 1747 222 1774; x_wconf 81' lang='grc' dir='ltr'>αὐτῶν</span> <span class='ocrx_word' id='word_1_384' title='bbox 237 1748 516 1785; x_wconf 77' lang='grc' dir='ltr'>μεταχειριζομένους,</span> <span class='ocrx_word' id='word_1_385' title='bbox 534 1750 584 1777; x_wconf 81' lang='grc' dir='ltr'>οὐκ</span> <span class='ocrx_word' id='word_1_386' title='bbox 605 1751 644 1782; x_wconf 74' lang='grc' dir='ltr'><strong>εἰς</strong></span> <span class='ocrx_word' id='word_1_387' title='bbox 664 1751 713 1785; x_wconf 81' lang='grc' dir='ltr'><strong>τὴν</strong></span> <span class='ocrx_word' id='word_1_388' title='bbox 729 1751 811 1786; x_wconf 83' lang='grc' dir='ltr'>αὐτὴν</span> <span class='ocrx_word' id='word_1_389' title='bbox 827 1752 914 1787; x_wconf 78' lang='grc' dir='ltr'>εἰσορ-</span> 
     </span>
    </p>
   </div>
   <div class='ocr_carea' id='block_1_61' title="bbox 133 1792 914 1832">
    <p class='ocr_par' dir='ltr' id='par_1_61' title="bbox 133 1792 914 1832">
     <span class='ocr_line' id='line_1_62' title="bbox 133 1792 914 1832; baseline 0.004 -13"><span class='ocrx_word' id='word_1_390' title='bbox 133 1793 264 1828; x_wconf 81' lang='grc' dir='ltr'>μίσασθαι</span> <span class='ocrx_word' id='word_1_391' title='bbox 280 1795 412 1822; x_wconf 82' lang='grc' dir='ltr'>σπεύδειν.</span> <span class='ocrx_word' id='word_1_392' title='bbox 425 1792 471 1827; x_wconf 73' lang='grc' dir='ltr'><strong>Οἷς</strong></span> <span class='ocrx_word' id='word_1_393' title='bbox 486 1796 535 1831; x_wconf 83' lang='grc' dir='ltr'><strong>μὲν</strong></span> <span class='ocrx_word' id='word_1_394' title='bbox 543 1795 596 1830; x_wconf 88' lang='grc' dir='ltr'>γὰρ</span> <span class='ocrx_word' id='word_1_395' title='bbox 607 1795 636 1822; x_wconf 77' lang='grc' dir='ltr'>τὸ</span> <span class='ocrx_word' id='word_1_396' title='bbox 649 1795 754 1831; x_wconf 77' lang='grc' dir='ltr'>πνεῦμα</span> <span class='ocrx_word' id='word_1_397' title='bbox 764 1796 834 1823; x_wconf 84' lang='grc' dir='ltr'>κατὰ</span> <span class='ocrx_word' id='word_1_398' title='bbox 845 1796 914 1832; x_wconf 82' lang='grc' dir='ltr'>πρύ-</span> 
     </span>
    </p>
   </div>
   <div class='ocr_carea' id='block_1_62' title="bbox 133 1837 914 1875">
    <p class='ocr_par' dir='ltr' id='par_1_62' title="bbox 133 1837 914 1875">
     <span class='ocr_line' id='line_1_63' title="bbox 133 1837 914 1875; baseline 0.005 -12"><span class='ocrx_word' id='word_1_399' title='bbox 133 1846 201 1872; x_wconf 87' lang='grc' dir='ltr'>μναν</span> <span class='ocrx_word' id='word_1_400' title='bbox 228 1837 318 1873; x_wconf 84' lang='grc' dir='ltr'>οὔριον</span> <span class='ocrx_word' id='word_1_401' title='bbox 337 1839 458 1866; x_wconf 81' lang='grc' dir='ltr'>ἵσταται·</span> <span class='ocrx_word' id='word_1_402' title='bbox 474 1841 536 1872; x_wconf 83' lang='grc' dir='ltr'>τοὺς</span> <span class='ocrx_word' id='word_1_403' title='bbox 553 1840 581 1866; x_wconf 78' lang='grc' dir='ltr'><strong>δὲ</strong></span> <span class='ocrx_word' id='word_1_404' title='bbox 596 1841 642 1867; x_wconf 76' lang='grc' dir='ltr'><strong>καὶ</strong></span> <span class='ocrx_word' id='word_1_405' title='bbox 658 1841 686 1874; x_wconf 79' lang='grc' dir='ltr'><strong>ἐξ</strong></span> <span class='ocrx_word' id='word_1_406' title='bbox 701 1841 852 1875; x_wconf 73' lang='grc' dir='ltr'>ἐγκαρσίων</span> <span class='ocrx_word' id='word_1_407' title='bbox 866 1841 914 1875; x_wconf 87' lang='grc' dir='ltr'><strong>φέ-</strong></span> 
     </span>
    </p>
   </div>
   <div class='ocr_carea' id='block_1_63' title="bbox 133 1885 914 1922">
    <p class='ocr_par' dir='ltr' id='par_1_63' title="bbox 133 1885 914 1922">
     <span class='ocr_line' id='line_1_64' title="bbox 133 1885 914 1922; baseline 0.003 -12"><span class='ocrx_word' id='word_1_408' title='bbox 133 1892 183 1919; x_wconf 81' lang='grc' dir='ltr'>ρει,</span> <span class='ocrx_word' id='word_1_409' title='bbox 196 1885 242 1910; x_wconf 74' lang='grc' dir='ltr'><strong>καὶ</strong></span> <span class='ocrx_word' id='word_1_410' title='bbox 254 1885 327 1920; x_wconf 81' lang='grc' dir='ltr'>ὅμως</span> <span class='ocrx_word' id='word_1_411' title='bbox 341 1886 497 1921; x_wconf 77' lang='grc' dir='ltr'>ἑκατέροιςό</span> <span class='ocrx_word' id='word_1_412' title='bbox 507 1886 588 1918; x_wconf 83' lang='grc' dir='ltr'>πλοῦς</span> <span class='ocrx_word' id='word_1_413' title='bbox 599 1886 707 1913; x_wconf 80' lang='grc' dir='ltr'>ἀνύεται</span> <span class='ocrx_word' id='word_1_414' title='bbox 719 1887 826 1922; x_wconf 78' lang='grc' dir='ltr'>ῥᾷστα.¹</span> <span class='ocrx_word' id='word_1_415' title='bbox 834 1886 914 1922; x_wconf 84' lang='grc' dir='ltr'>Ἀτὰρ</span> 
     </span>
    </p>
   </div>
   <div class='ocr_carea' id='block_1_64' title="bbox 131 1929 914 1968">
    <p class='ocr_par' dir='ltr' id='par_1_64' title="bbox 131 1929 914 1968">
     <span class='ocr_line' id='line_1_65' title="bbox 131 1929 914 1968; baseline 0.004 -13"><span class='ocrx_word' id='word_1_416' title='bbox 131 1929 162 1964; x_wconf 78' lang='grc' dir='ltr'><strong>δὴ</strong></span> <span class='ocrx_word' id='word_1_417' title='bbox 186 1930 235 1956; x_wconf 77' lang='grc' dir='ltr'>καὶ</span> <span class='ocrx_word' id='word_1_418' title='bbox 258 1930 288 1956; x_wconf 89' lang='grc' dir='ltr'>τὸ</span> <span class='ocrx_word' id='word_1_419' title='bbox 311 1931 360 1966; x_wconf 82' lang='grc' dir='ltr'><strong>τῆς</strong></span> <span class='ocrx_word' id='word_1_420' title='bbox 375 1932 469 1966; x_wconf 76' lang='grc' dir='ltr'>σοφίας</span> <span class='ocrx_word' id='word_1_421' title='bbox 484 1931 575 1968; x_wconf 79' lang='grc' dir='ltr'>νοερὸν</span> <span class='ocrx_word' id='word_1_422' title='bbox 590 1931 702 1967; x_wconf 84' lang='grc' dir='ltr'>Πνεῦμα</span> <span class='ocrx_word' id='word_1_423' title='bbox 718 1932 764 1959; x_wconf 77' lang='grc' dir='ltr'>καὶ</span> <span class='ocrx_word' id='word_1_424' title='bbox 777 1932 853 1966; x_wconf 80' lang='grc' dir='ltr'>ἆγιον</span> <span class='ocrx_word' id='word_1_425' title='bbox 867 1932 914 1958; x_wconf 75' lang='grc' dir='ltr'>καὶ</span> 
     </span>
    </p>
   </div>
   <div class='ocr_carea' id='block_1_65' title="bbox 133 1976 917 2013">
    <p class='ocr_par' dir='ltr' id='par_1_65' title="bbox 133 1976 917 2013">
     <span class='ocr_line' id='line_1_66' title="bbox 133 1976 917 2013; baseline 0.008 -12"><span class='ocrx_word' id='word_1_426' title='bbox 133 1976 276 2010; x_wconf 79' lang='grc' dir='ltr'>μονογενὲς</span> <span class='ocrx_word' id='word_1_427' title='bbox 291 1976 344 2012; x_wconf 70' lang='grc'><strong>(92)</strong></span> <span class='ocrx_word' id='word_1_428' title='bbox 361 1976 413 2003; x_wconf 80' lang='grc' dir='ltr'>ἀπὸ</span> <span class='ocrx_word' id='word_1_429' title='bbox 427 1977 480 2003; x_wconf 85' lang='grc' dir='ltr'>τῶν</span> <span class='ocrx_word' id='word_1_430' title='bbox 495 1977 628 2013; x_wconf 77' lang='grc' dir='ltr'>πατρῴων</span> <span class='ocrx_word' id='word_1_431' title='bbox 642 1977 744 2005; x_wconf 74' lang='grc' dir='ltr'>ἀνωθεν</span> <span class='ocrx_word' id='word_1_432' title='bbox 758 1977 852 2013; x_wconf 87' lang='grc' dir='ltr'>πράως</span> <span class='ocrx_word' id='word_1_433' title='bbox 867 1986 917 2004; x_wconf 72' lang='grc' dir='ltr'><strong>κα-</strong></span> 
     </span>
    </p>
   </div>
   <div class='ocr_carea' id='block_1_66' title="bbox 168 2055 400 2091">
    <p class='ocr_par' dir='ltr' id='par_1_66' title="bbox 168 2055 400 2091">
     <span class='ocr_line' id='line_1_67' title="bbox 168 2055 400 2091; baseline 0 -8"><span class='ocrx_word' id='word_1_434' title='bbox 168 2055 191 2071; x_wconf 89' lang='grc'><strong>³¹</strong></span> <span class='ocrx_word' id='word_1_435' title='bbox 211 2056 293 2091; x_wconf 79' lang='grc' dir='ltr'>Αροε.</span> <span class='ocrx_word' id='word_1_436' title='bbox 309 2065 356 2090; x_wconf 89' lang='lat' dir='ltr'><strong>vn,</strong></span> <span class='ocrx_word' id='word_1_437' title='bbox 372 2057 400 2085; x_wconf 80' lang='grc'><strong>4.</strong></span> 
     </span>
    </p>
   </div>
   <div class='ocr_carea' id='block_1_67' title="bbox 965 1518 1743 1556">
    <p class='ocr_par' dir='ltr' id='par_1_67' title="bbox 965 1518 1743 1556">
     <span class='ocr_line' id='line_1_68' title="bbox 965 1518 1743 1556; baseline -0.006 -6"><span class='ocrx_word' id='word_1_438' title='bbox 965 1527 1005 1551; x_wconf 87' lang='lat' dir='ltr'><strong>tot</strong></span> <span class='ocrx_word' id='word_1_439' title='bbox 1018 1523 1098 1550; x_wconf 86' lang='lat' dir='ltr'><strong>etiam</strong></span> <span class='ocrx_word' id='word_1_440' title='bbox 1118 1525 1262 1556; x_wconf 87' lang='lat' dir='ltr'><strong>tantosque</strong></span> <span class='ocrx_word' id='word_1_441' title='bbox 1278 1528 1429 1553; x_wconf 87' lang='lat' dir='ltr'><strong>sermones,</strong></span> <span class='ocrx_word' id='word_1_442' title='bbox 1443 1519 1531 1549; x_wconf 81' lang='lat' dir='ltr'><strong>nefas.</strong></span> <span class='ocrx_word' id='word_1_443' title='bbox 1548 1527 1565 1546; x_wconf 94' lang='grc' dir='ltr'>ο</span> <span class='ocrx_word' id='word_1_444' title='bbox 1577 1518 1668 1550; x_wconf 81' lang='lat' dir='ltr'><strong>Arete,</strong></span> <span class='ocrx_word' id='word_1_445' title='bbox 1688 1520 1743 1553; x_wconf 85' lang='lat' dir='ltr'><strong>sit;</strong></span> 
     </span>
    </p>
   </div>
   <div class='ocr_carea' id='block_1_68' title="bbox 965 1564 1745 1605">
    <p class='ocr_par' dir='ltr' id='par_1_68' title="bbox 965 1564 1745 1605">
     <span class='ocr_line' id='line_1_69' title="bbox 965 1564 1745 1605; baseline -0.008 -9"><span class='ocrx_word' id='word_1_446' title='bbox 965 1577 1025 1605; x_wconf 60' lang='lat' dir='ltr'><strong>qum</strong></span> <span class='ocrx_word' id='word_1_447' title='bbox 1041 1568 1166 1596; x_wconf 87' lang='lat' dir='ltr'><strong>videlicet</strong></span> <span class='ocrx_word' id='word_1_448' title='bbox 1181 1566 1342 1594; x_wconf 81' lang='lat' dir='ltr'><strong>multiformi</strong></span> <span class='ocrx_word' id='word_1_449' title='bbox 1363 1565 1410 1593; x_wconf 89' lang='lat' dir='ltr'><strong>Dei</strong></span> <span class='ocrx_word' id='word_1_450' title='bbox 1425 1565 1557 1599; x_wconf 84' lang='lat' dir='ltr'><strong>sapientia</strong></span> <span class='ocrx_word' id='word_1_451' title='bbox 1587 1564 1745 1591; x_wconf 88' lang='lat' dir='ltr'><strong>indubitan-</strong></span> 
     </span>
    </p>
   </div>
   <div class='ocr_carea' id='block_1_69' title="bbox 967 1609 1744 1647">
    <p class='ocr_par' dir='ltr' id='par_1_69' title="bbox 967 1609 1744 1647">
     <span class='ocr_line' id='line_1_70' title="bbox 967 1609 1744 1647; baseline -0.008 -6"><span class='ocrx_word' id='word_1_452' title='bbox 967 1618 1007 1641; x_wconf 91' lang='lat' dir='ltr'><strong>ter</strong></span> <span class='ocrx_word' id='word_1_453' title='bbox 1018 1613 1077 1645; x_wconf 87' lang='lat' dir='ltr'><strong>ﬁsa,</strong></span> <span class='ocrx_word' id='word_1_454' title='bbox 1092 1612 1153 1647; x_wconf 87' lang='lat' dir='ltr'><strong>ejus</strong></span> <span class='ocrx_word' id='word_1_455' title='bbox 1172 1612 1291 1639; x_wconf 88' lang='lat' dir='ltr'><strong>noverim</strong></span> <span class='ocrx_word' id='word_1_456' title='bbox 1308 1614 1401 1641; x_wconf 89' lang='lat' dir='ltr'><strong>nutus,</strong></span> <span class='ocrx_word' id='word_1_457' title='bbox 1415 1613 1444 1636; x_wconf 93' lang='lat' dir='ltr'><strong>ut</strong></span> <span class='ocrx_word' id='word_1_458' title='bbox 1459 1609 1597 1636; x_wconf 86' lang='lat' dir='ltr'><strong>allluenter</strong></span> <span class='ocrx_word' id='word_1_459' title='bbox 1614 1610 1744 1644; x_wconf 84' lang='lat' dir='ltr'><strong>varieque</strong></span> 
     </span>
    </p>
   </div>
   <div class='ocr_carea' id='block_1_70' title="bbox 966 1655 1743 1694">
    <p class='ocr_par' dir='ltr' id='par_1_70' title="bbox 966 1655 1743 1694">
     <span class='ocr_line' id='line_1_71' title="bbox 966 1655 1743 1694; baseline -0.008 -7"><span class='ocrx_word' id='word_1_460' title='bbox 966 1659 1045 1687; x_wconf 87' lang='lat' dir='ltr'><strong>donis</strong></span> <span class='ocrx_word' id='word_1_461' title='bbox 1057 1658 1182 1686; x_wconf 87' lang='lat' dir='ltr'><strong>muniﬁca</strong></span> <span class='ocrx_word' id='word_1_462' title='bbox 1196 1657 1308 1688; x_wconf 82' lang='lat' dir='ltr'><strong>tribuat,</strong></span> <span class='ocrx_word' id='word_1_463' title='bbox 1322 1656 1365 1684; x_wconf 92' lang='lat' dir='ltr'><strong>cui</strong></span> <span class='ocrx_word' id='word_1_464' title='bbox 1382 1656 1502 1694; x_wconf 87' lang='lat' dir='ltr'><strong>libuerit.</strong></span> <span class='ocrx_word' id='word_1_465' title='bbox 1516 1655 1598 1682; x_wconf 85' lang='lat' dir='ltr'><strong>Aiunt</strong></span> <span class='ocrx_word' id='word_1_466' title='bbox 1611 1655 1682 1682; x_wconf 89' lang='lat' dir='ltr'><strong>enim</strong></span> <span class='ocrx_word' id='word_1_467' title='bbox 1702 1655 1743 1682; x_wconf 85' lang='lat' dir='ltr'><strong>rei</strong></span> 
     </span>
    </p>
   </div>
   <div class='ocr_carea' id='block_1_71' title="bbox 967 1700 1744 1738">
    <p class='ocr_par' dir='ltr' id='par_1_71' title="bbox 967 1700 1744 1738">
     <span class='ocr_line' id='line_1_72' title="bbox 967 1700 1744 1738; baseline -0.006 -7"><span class='ocrx_word' id='word_1_468' title='bbox 967 1704 1082 1732; x_wconf 64' lang='lat' dir='ltr'><strong>naulicze</strong></span> <span class='ocrx_word' id='word_1_469' title='bbox 1106 1702 1300 1738; x_wconf 79' lang='lat' dir='ltr'><strong>experientiam</strong></span> <span class='ocrx_word' id='word_1_470' title='bbox 1328 1701 1468 1732; x_wconf 85' lang='lat' dir='ltr'><strong>habentes,</strong></span> <span class='ocrx_word' id='word_1_471' title='bbox 1487 1700 1609 1735; x_wconf 83' lang='lat' dir='ltr'><strong>aspirare</strong></span> <span class='ocrx_word' id='word_1_472' title='bbox 1634 1700 1744 1734; x_wconf 90' lang='lat' dir='ltr'><strong>quidem</strong></span> 
     </span>
    </p>
   </div>
   <div class='ocr_carea' id='block_1_72' title="bbox 965 1746 1744 1784">
    <p class='ocr_par' dir='ltr' id='par_1_72' title="bbox 965 1746 1744 1784">
     <span class='ocr_line' id='line_1_73' title="bbox 965 1746 1744 1784; baseline -0.005 -8"><span class='ocrx_word' id='word_1_473' title='bbox 965 1749 1155 1784; x_wconf 85' lang='lat' dir='ltr'><strong>navigantibus</strong></span> <span class='ocrx_word' id='word_1_474' title='bbox 1177 1756 1260 1775; x_wconf 89' lang='lat' dir='ltr'><strong>unum</strong></span> <span class='ocrx_word' id='word_1_475' title='bbox 1285 1747 1464 1782; x_wconf 87' lang='lat' dir='ltr'><strong>eumdemque</strong></span> <span class='ocrx_word' id='word_1_476' title='bbox 1486 1751 1616 1774; x_wconf 87' lang='lat' dir='ltr'><strong>ventum:</strong></span> <span class='ocrx_word' id='word_1_477' title='bbox 1646 1746 1744 1773; x_wconf 85' lang='lat' dir='ltr'><strong>horum</strong></span> 
     </span>
    </p>
   </div>
   <div class='ocr_carea' id='block_1_73' title="bbox 965 1791 1743 1829">
    <p class='ocr_par' dir='ltr' id='par_1_73' title="bbox 965 1791 1743 1829">
     <span class='ocr_line' id='line_1_74' title="bbox 965 1791 1743 1829; baseline -0.005 -7"><span class='ocrx_word' id='word_1_478' title='bbox 965 1799 1055 1822; x_wconf 88' lang='lat' dir='ltr'><strong>tamen</strong></span> <span class='ocrx_word' id='word_1_479' title='bbox 1068 1795 1135 1822; x_wconf 88' lang='lat' dir='ltr'><strong>alios</strong></span> <span class='ocrx_word' id='word_1_480' title='bbox 1148 1794 1226 1821; x_wconf 90' lang='lat' dir='ltr'><strong>aliter</strong></span> <span class='ocrx_word' id='word_1_481' title='bbox 1238 1793 1435 1829; x_wconf 78' lang='lat' dir='ltr'><strong>navigationem</strong></span> <span class='ocrx_word' id='word_1_482' title='bbox 1448 1800 1524 1820; x_wconf 91' lang='lat' dir='ltr'><strong>suam</strong></span> <span class='ocrx_word' id='word_1_483' title='bbox 1538 1791 1743 1829; x_wconf 83' lang='lat' dir='ltr'><strong>regentes,alios</strong></span> 
     </span>
    </p>
   </div>
   <div class='ocr_carea' id='block_1_74' title="bbox 965 1837 1744 1875">
    <p class='ocr_par' dir='ltr' id='par_1_74' title="bbox 965 1837 1744 1875">
     <span class='ocr_line' id='line_1_75' title="bbox 965 1837 1744 1875; baseline -0.004 -8"><span class='ocrx_word' id='word_1_484' title='bbox 965 1840 997 1867; x_wconf 88' lang='lat' dir='ltr'><strong>ad</strong></span> <span class='ocrx_word' id='word_1_485' title='bbox 1011 1844 1106 1875; x_wconf 89' lang='lat' dir='ltr'><strong>portus</strong></span> <span class='ocrx_word' id='word_1_486' title='bbox 1117 1847 1235 1874; x_wconf 85' lang='lat' dir='ltr'><strong>orasque</strong></span> <span class='ocrx_word' id='word_1_487' title='bbox 1251 1839 1303 1866; x_wconf 90' lang='lat' dir='ltr'><strong>iter</strong></span> <span class='ocrx_word' id='word_1_488' title='bbox 1322 1838 1496 1866; x_wconf 86' lang='lat' dir='ltr'><strong>contendere.</strong></span> <span class='ocrx_word' id='word_1_489' title='bbox 1520 1837 1623 1873; x_wconf 87' lang='lat' dir='ltr'><strong>Nempe</strong></span> <span class='ocrx_word' id='word_1_490' title='bbox 1652 1837 1712 1864; x_wconf 82' lang='lat' dir='ltr'><strong>aliis</strong></span> <span class='ocrx_word' id='word_1_491' title='bbox 1728 1844 1744 1864; x_wconf 87' lang='lat' dir='ltr'><strong>a</strong></span> 
     </span>
    </p>
   </div>
   <div class='ocr_carea' id='block_1_75' title="bbox 964 1884 1743 1921">
    <p class='ocr_par' dir='ltr' id='par_1_75' title="bbox 964 1884 1743 1921">
     <span class='ocr_line' id='line_1_76' title="bbox 964 1884 1743 1921; baseline -0.004 -8"><span class='ocrx_word' id='word_1_492' title='bbox 964 1886 1047 1921; x_wconf 88' lang='lat' dir='ltr'><strong>puppi</strong></span> <span class='ocrx_word' id='word_1_493' title='bbox 1065 1885 1154 1913; x_wconf 79' lang='lat' dir='ltr'><strong>ferens</strong></span> <span class='ocrx_word' id='word_1_494' title='bbox 1162 1885 1190 1912; x_wconf 92' lang='lat' dir='ltr'><strong>in</strong></span> <span class='ocrx_word' id='word_1_495' title='bbox 1196 1885 1328 1912; x_wconf 88' lang='lat' dir='ltr'><strong>directum</strong></span> <span class='ocrx_word' id='word_1_496' title='bbox 1339 1884 1408 1911; x_wconf 84' lang='lat' dir='ltr'><strong>aﬁlat</strong></span> <span class='ocrx_word' id='word_1_497' title='bbox 1420 1892 1504 1917; x_wconf 86' lang='lat' dir='ltr'><strong>aura;</strong></span> <span class='ocrx_word' id='word_1_498' title='bbox 1518 1885 1578 1911; x_wconf 88' lang='lat' dir='ltr'><strong>aliis</strong></span> <span class='ocrx_word' id='word_1_499' title='bbox 1588 1891 1650 1911; x_wconf 83' lang='lat' dir='ltr'><strong>vero</strong></span> <span class='ocrx_word' id='word_1_500' title='bbox 1661 1884 1743 1911; x_wconf 88' lang='lat' dir='ltr'><strong>etiam</strong></span> 
     </span>
    </p>
   </div>
   <div class='ocr_carea' id='block_1_76' title="bbox 964 1928 1743 1966">
    <p class='ocr_par' dir='ltr' id='par_1_76' title="bbox 964 1928 1743 1966">
     <span class='ocr_line' id='line_1_77' title="bbox 964 1928 1743 1966; baseline -0.004 -8"><span class='ocrx_word' id='word_1_501' title='bbox 964 1931 1102 1966; x_wconf 86' lang='lat' dir='ltr'><strong>obliquata</strong></span> <span class='ocrx_word' id='word_1_502' title='bbox 1127 1931 1247 1966; x_wconf 89' lang='lat' dir='ltr'><strong>implevit</strong></span> <span class='ocrx_word' id='word_1_503' title='bbox 1262 1930 1322 1958; x_wconf 88' lang='lat' dir='ltr'><strong>vela</strong></span> <span class='ocrx_word' id='word_1_504' title='bbox 1334 1949 1341 1962; x_wconf 95' lang='lat'><strong>,</strong></span> <span class='ocrx_word' id='word_1_505' title='bbox 1361 1937 1392 1957; x_wconf 89' lang='lat' dir='ltr'><strong>ac</strong></span> <span class='ocrx_word' id='word_1_506' title='bbox 1411 1934 1502 1957; x_wconf 84' lang='lat' dir='ltr'><strong>tamen</strong></span> <span class='ocrx_word' id='word_1_507' title='bbox 1516 1929 1655 1964; x_wconf 89' lang='lat' dir='ltr'><strong>utrisque,</strong></span> <span class='ocrx_word' id='word_1_508' title='bbox 1683 1928 1743 1963; x_wconf 87' lang='lat' dir='ltr'><strong>ejus</strong></span> 
     </span>
    </p>
   </div>
   <div class='ocr_carea' id='block_1_77' title="bbox 968 1975 1742 2011">
    <p class='ocr_par' dir='ltr' id='par_1_77' title="bbox 968 1975 1742 2011">
     <span class='ocr_line' id='line_1_78' title="bbox 968 1975 1742 2011; baseline -0.003 -7"><span class='ocrx_word' id='word_1_509' title='bbox 968 1984 1090 2010; x_wconf 89' lang='lat' dir='ltr'><strong>munere,</strong></span> <span class='ocrx_word' id='word_1_510' title='bbox 1107 1975 1185 2004; x_wconf 76' lang='lat' dir='ltr'><strong>facile</strong></span> <span class='ocrx_word' id='word_1_511' title='bbox 1195 1976 1331 2011; x_wconf 78' lang='lat' dir='ltr'><strong>navigatio</strong></span> <span class='ocrx_word' id='word_1_512' title='bbox 1348 1975 1478 2003; x_wconf 87' lang='lat' dir='ltr'><strong>succedit.</strong></span> <span class='ocrx_word' id='word_1_513' title='bbox 1489 1975 1549 2008; x_wconf 84' lang='lat' dir='ltr'><strong>Quo</strong></span> <span class='ocrx_word' id='word_1_514' title='bbox 1559 1976 1682 2011; x_wconf 78' lang='lat' dir='ltr'><strong>exemplo</strong></span> <span class='ocrx_word' id='word_1_515' title='bbox 1691 1981 1742 2002; x_wconf 89' lang='lat' dir='ltr'><strong>no-</strong></span> 
     </span>
    </p>
   </div>
   <div class='ocr_carea' id='block_1_78' title="bbox 133 2125 1741 2163">
    <p class='ocr_par' dir='ltr' id='par_1_78' title="bbox 133 2125 1741 2163">
     <span class='ocr_line' id='line_1_79' title="bbox 133 2125 1741 2163; baseline 0.001 -10"><span class='ocrx_word' id='word_1_516' title='bbox 133 2125 219 2153; x_wconf 83' lang='lat' dir='ltr'><strong>active</strong></span> <span class='ocrx_word' id='word_1_517' title='bbox 233 2126 335 2154; x_wconf 84' lang='lat' dir='ltr'><strong>dicitur</strong></span> <span class='ocrx_word' id='word_1_518' title='bbox 349 2126 383 2163; x_wconf 81' lang='lat' dir='ltr'><strong>de</strong></span> <span class='ocrx_word' id='word_1_519' title='bbox 406 2126 449 2163; x_wconf 73' lang='lat' dir='ltr'><strong>his</strong></span> <span class='ocrx_word' id='word_1_520' title='bbox 472 2133 532 2163; x_wconf 62' lang='lat' dir='ltr'><strong>qua;</strong></span> <span class='ocrx_word' id='word_1_521' title='bbox 558 2125 604 2163; x_wconf 23' lang='lat' dir='ltr'><strong>ita»</strong></span> <span class='ocrx_word' id='word_1_522' title='bbox 618 2125 695 2160; x_wconf 89' lang='lat' dir='ltr'><strong>quasi</strong></span> <span class='ocrx_word' id='word_1_523' title='bbox 717 2125 859 2153; x_wconf 83' lang='lat' dir='ltr'><strong>subeundo</strong></span> <span class='ocrx_word' id='word_1_524' title='bbox 871 2125 914 2163; x_wconf 79' lang='lat' dir='ltr'><strong>vel</strong></span> <span class='ocrx_word' id='word_1_525' title='bbox 929 2129 952 2158; x_wconf 79' lang='grc' dir='ltr'><strong>Ι)</strong></span> <span class='ocrx_word' id='word_1_526' title='bbox 965 2125 1011 2152; x_wconf 88' lang='lat' dir='ltr'><strong>tha</strong></span> <span class='ocrx_word' id='word_1_527' title='bbox 1026 2125 1122 2163; x_wconf 76' lang='lat' dir='ltr'><strong>oll‘erre</strong></span> <span class='ocrx_word' id='word_1_528' title='bbox 1133 2134 1162 2154; x_wconf 89' lang='lat' dir='ltr'><strong>se</strong></span> <span class='ocrx_word' id='word_1_529' title='bbox 1171 2126 1216 2160; x_wconf 89' lang='lat' dir='ltr'><strong>_hic</strong></span> <span class='ocrx_word' id='word_1_530' title='bbox 1225 2127 1380 2163; x_wconf 87' lang='lat' dir='ltr'><strong>prophetica</strong></span> <span class='ocrx_word' id='word_1_531' title='bbox 1393 2127 1469 2160; x_wconf 81' lang='lat' dir='ltr'><strong>dicit,</strong></span> <span class='ocrx_word' id='word_1_532' title='bbox 1482 2134 1530 2155; x_wconf 87' lang='lat' dir='ltr'><strong>sua</strong></span> <span class='ocrx_word' id='word_1_533' title='bbox 1543 2127 1675 2159; x_wconf 82' lang='lat' dir='ltr'><strong>oratione.</strong></span> <span class='ocrx_word' id='word_1_534' title='bbox 1688 2136 1741 2156; x_wconf 92' lang='lat' dir='ltr'><strong>non</strong></span> 
     </span>
    </p>
   </div>
   <div class='ocr_carea' id='block_1_79' title="bbox 133 2161 912 2196">
    <p class='ocr_par' dir='ltr' id='par_1_79' title="bbox 133 2161 912 2196">
     <span class='ocr_line' id='line_1_80' title="bbox 133 2161 912 2196; baseline -0.001 -8"><span class='ocrx_word' id='word_1_535' title='bbox 133 2167 232 2188; x_wconf 71' lang='lat' dir='ltr'><strong>terram</strong></span> <span class='ocrx_word' id='word_1_536' title='bbox 249 2162 290 2188; x_wconf 89' lang='lat' dir='ltr'><strong>vel</strong></span> <span class='ocrx_word' id='word_1_537' title='bbox 310 2162 373 2196; x_wconf 91' lang='lat' dir='ltr'><strong>quid</strong></span> <span class='ocrx_word' id='word_1_538' title='bbox 398 2161 540 2196; x_wconf 83' lang='lat' dir='ltr'><strong>ejusmodi,</strong></span> <span class='ocrx_word' id='word_1_539' title='bbox 565 2161 636 2187; x_wconf 78' lang='lat' dir='ltr'><strong>velut</strong></span> <span class='ocrx_word' id='word_1_540' title='bbox 653 2168 813 2188; x_wconf 87' lang='lat' dir='ltr'><strong>evanescere</strong></span> <span class='ocrx_word' id='word_1_541' title='bbox 827 2164 854 2188; x_wconf 90' lang='lat' dir='ltr'><strong>et</strong></span> <span class='ocrx_word' id='word_1_542' title='bbox 871 2161 912 2187; x_wconf 91' lang='lat' dir='ltr'><strong>in-</strong></span> 
     </span>
    </p>
   </div>
   <div class='ocr_carea' id='block_1_80' title="bbox 133 2195 913 2230">
    <p class='ocr_par' dir='ltr' id='par_1_80' title="bbox 133 2195 913 2230">
     <span class='ocr_line' id='line_1_81' title="bbox 133 2195 913 2230; baseline 0 -7"><span class='ocrx_word' id='word_1_543' title='bbox 133 2197 222 2227; x_wconf 80' lang='lat' dir='ltr'><strong>terire,</strong></span> <span class='ocrx_word' id='word_1_544' title='bbox 239 2196 280 2223; x_wconf 83' lang='lat' dir='ltr'><strong>vel</strong></span> <span class='ocrx_word' id='word_1_545' title='bbox 295 2195 367 2223; x_wconf 79' lang='lat' dir='ltr'><strong>certe</strong></span> <span class='ocrx_word' id='word_1_546' title='bbox 378 2196 464 2223; x_wconf 89' lang='lat' dir='ltr'><strong>oculis</strong></span> <span class='ocrx_word' id='word_1_547' title='bbox 478 2195 594 2223; x_wconf 91' lang='lat' dir='ltr'><strong>subduci</strong></span> <span class='ocrx_word' id='word_1_548' title='bbox 611 2203 665 2223; x_wconf 89' lang='lat' dir='ltr'><strong>non</strong></span> <span class='ocrx_word' id='word_1_549' title='bbox 675 2199 801 2230; x_wconf 88' lang='lat' dir='ltr'><strong>possunt;</strong></span> <span class='ocrx_word' id='word_1_550' title='bbox 818 2196 859 2223; x_wconf 90' lang='lat' dir='ltr'><strong>vel</strong></span> <span class='ocrx_word' id='word_1_551' title='bbox 871 2196 913 2223; x_wconf 88' lang='lat' dir='ltr'><strong>iu-</strong></span> 
     </span>
    </p>
   </div>
   <div class='ocr_carea' id='block_1_81' title="bbox 132 2230 914 2266">
    <p class='ocr_par' dir='ltr' id='par_1_81' title="bbox 132 2230 914 2266">
     <span class='ocr_line' id='line_1_82' title="bbox 132 2230 914 2266; baseline 0 -8"><span class='ocrx_word' id='word_1_552' title='bbox 132 2232 214 2262; x_wconf 77' lang='lat' dir='ltr'><strong>Inina,</strong></span> <span class='ocrx_word' id='word_1_553' title='bbox 232 2231 274 2258; x_wconf 76' lang='lat' dir='ltr'><strong>vel</strong></span> <span class='ocrx_word' id='word_1_554' title='bbox 291 2231 438 2265; x_wconf 85' lang='lat' dir='ltr'><strong>sidera,vel</strong></span> <span class='ocrx_word' id='word_1_555' title='bbox 454 2231 576 2258; x_wconf 89' lang='lat' dir='ltr'><strong>homines</strong></span> <span class='ocrx_word' id='word_1_556' title='bbox 594 2240 600 2257; x_wconf 91' lang='lat'><strong>:</strong></span> <span class='ocrx_word' id='word_1_557' title='bbox 617 2230 729 2258; x_wconf 88' lang='lat' dir='ltr'><strong>alterum</strong></span> <span class='ocrx_word' id='word_1_558' title='bbox 748 2231 863 2266; x_wconf 87' lang='lat' dir='ltr'><strong>passive,</strong></span> <span class='ocrx_word' id='word_1_559' title='bbox 880 2231 914 2258; x_wconf 88' lang='lat' dir='ltr'><strong>de</strong></span> 
     </span>
    </p>
   </div>
   <div class='ocr_carea' id='block_1_82' title="bbox 132 2266 913 2300">
    <p class='ocr_par' dir='ltr' id='par_1_82' title="bbox 132 2266 913 2300">
     <span class='ocr_line' id='line_1_83' title="bbox 132 2266 913 2300; baseline -0.001 -7"><span class='ocrx_word' id='word_1_560' title='bbox 132 2266 173 2293; x_wconf 84' lang='lat' dir='ltr'><strong>bis</strong></span> <span class='ocrx_word' id='word_1_561' title='bbox 188 2274 248 2300; x_wconf 72' lang='lat' dir='ltr'><strong>qua:</strong></span> <span class='ocrx_word' id='word_1_562' title='bbox 264 2266 372 2300; x_wconf 87' lang='lat' dir='ltr'><strong>pervadi</strong></span> <span class='ocrx_word' id='word_1_563' title='bbox 390 2270 436 2292; x_wconf 86' lang='lat' dir='ltr'><strong>aut</strong></span> <span class='ocrx_word' id='word_1_564' title='bbox 450 2266 586 2300; x_wconf 84' lang='lat' dir='ltr'><strong>penetrari</strong></span> <span class='ocrx_word' id='word_1_565' title='bbox 608 2273 662 2292; x_wconf 90' lang='lat' dir='ltr'><strong>non</strong></span> <span class='ocrx_word' id='word_1_566' title='bbox 686 2269 811 2300; x_wconf 88' lang='lat' dir='ltr'><strong>possunt,</strong></span> <span class='ocrx_word' id='word_1_567' title='bbox 829 2269 855 2292; x_wconf 88' lang='lat' dir='ltr'><strong>et</strong></span> <span class='ocrx_word' id='word_1_568' title='bbox 876 2267 913 2292; x_wconf 85' lang='lat' dir='ltr'><strong>ita</strong></span> 
     </span>
    </p>
   </div>
   <div class='ocr_carea' id='block_1_83' title="bbox 132 2300 913 2336">
    <p class='ocr_par' dir='ltr' id='par_1_83' title="bbox 132 2300 913 2336">
     <span class='ocr_line' id='line_1_84' title="bbox 132 2300 913 2336; baseline 0.001 -9"><span class='ocrx_word' id='word_1_569' title='bbox 132 2302 268 2329; x_wconf 83' lang='lat' dir='ltr'><strong>inaccessa</strong></span> <span class='ocrx_word' id='word_1_570' title='bbox 293 2306 364 2333; x_wconf 86' lang='lat' dir='ltr'><strong>suntI</strong></span> <span class='ocrx_word' id='word_1_571' title='bbox 394 2305 423 2328; x_wconf 94' lang='lat' dir='ltr'><strong>ut</strong></span> <span class='ocrx_word' id='word_1_572' title='bbox 443 2301 591 2335; x_wconf 87' lang='lat' dir='ltr'><strong>penetralia</strong></span> <span class='ocrx_word' id='word_1_573' title='bbox 613 2308 644 2328; x_wconf 91' lang='lat' dir='ltr'><strong>ac</strong></span> <span class='ocrx_word' id='word_1_574' title='bbox 666 2302 757 2336; x_wconf 89' lang='lat' dir='ltr'><strong>templi</strong></span> <span class='ocrx_word' id='word_1_575' title='bbox 781 2300 913 2329; x_wconf 85' lang='lat' dir='ltr'><strong>sacratior</strong></span> 
     </span>
    </p>
   </div>
   <div class='ocr_carea' id='block_1_84' title="bbox 132 2336 375 2364">
    <p class='ocr_par' dir='ltr' id='par_1_84' title="bbox 132 2336 375 2364">
     <span class='ocr_line' id='line_1_85' title="bbox 132 2336 375 2364; baseline -0.004 -1"><span class='ocrx_word' id='word_1_576' title='bbox 132 2337 216 2364; x_wconf 89' lang='lat' dir='ltr'><strong>locus.</strong></span> <span class='ocrx_word' id='word_1_577' title='bbox 233 2336 375 2364; x_wconf 70' lang='grc' dir='ltr'>(Σοιιιιει-ιε,</span> 
     </span>
    </p>
   </div>
   <div class='ocr_carea' id='block_1_85' title="bbox 165 2370 908 2406">
    <p class='ocr_par' dir='ltr' id='par_1_85' title="bbox 165 2370 908 2406">
     <span class='ocr_line' id='line_1_86' title="bbox 165 2370 908 2406; baseline 0 -9"><span class='ocrx_word' id='word_1_578' title='bbox 165 2372 220 2405; x_wconf 83' lang='grc'><strong>(90)</strong></span> <span class='ocrx_word' id='word_1_579' title='bbox 235 2372 367 2405; x_wconf 62' lang='grc' dir='ltr'><strong>Κούρως.</strong></span> <span class='ocrx_word' id='word_1_580' title='bbox 382 2370 474 2398; x_wconf 89' lang='lat' dir='ltr'><strong>Editor</strong></span> <span class='ocrx_word' id='word_1_581' title='bbox 484 2371 596 2406; x_wconf 89' lang='lat' dir='ltr'><strong>Lupar.,</strong></span> <span class='ocrx_word' id='word_1_582' title='bbox 611 2370 684 2397; x_wconf 91' lang='lat' dir='ltr'><strong>nulla</strong></span> <span class='ocrx_word' id='word_1_583' title='bbox 703 2371 826 2398; x_wconf 88' lang='lat' dir='ltr'><strong>codicum</strong></span> <span class='ocrx_word' id='word_1_584' title='bbox 847 2371 908 2402; x_wconf 91' lang='lat' dir='ltr'><strong>ﬁde,</strong></span> 
     </span>
    </p>
   </div>
   <div class='ocr_carea' id='block_1_86' title="bbox 132 2405 910 2441">
    <p class='ocr_par' dir='ltr' id='par_1_86' title="bbox 132 2405 910 2441">
     <span class='ocr_line' id='line_1_87' title="bbox 132 2405 910 2441; baseline 0 -9"><span class='ocrx_word' id='word_1_585' title='bbox 132 2406 254 2440; x_wconf 64' lang='grc' dir='ltr'><strong>Κούφως,</strong></span> <span class='ocrx_word' id='word_1_586' title='bbox 278 2410 324 2438; x_wconf 81' lang='lat' dir='ltr'><strong>ait,</strong></span> <span class='ocrx_word' id='word_1_587' title='bbox 349 2405 417 2441; x_wconf 83' lang='lat' dir='ltr'><strong>quod</strong></span> <span class='ocrx_word' id='word_1_588' title='bbox 432 2405 585 2441; x_wconf 55' lang='lat' dir='ltr'><strong>tegebatur,</strong></span> <span class='ocrx_word' id='word_1_589' title='bbox 612 2406 713 2433; x_wconf 71' lang='lat' dir='ltr'><strong>videtur</strong></span> <span class='ocrx_word' id='word_1_590' title='bbox 733 2414 780 2440; x_wconf 86' lang='lat' dir='ltr'><strong>per</strong></span> <span class='ocrx_word' id='word_1_591' title='bbox 796 2414 910 2433; x_wconf 85' lang='lat' dir='ltr'><strong>errarem</strong></span> 
     </span>
    </p>
   </div>
   <div class='ocr_carea' id='block_1_87' title="bbox 132 2440 909 2476">
    <p class='ocr_par' dir='ltr' id='par_1_87' title="bbox 132 2440 909 2476">
     <span class='ocr_line' id='line_1_88' title="bbox 132 2440 909 2476; baseline 0.001 -9"><span class='ocrx_word' id='word_1_592' title='bbox 132 2442 227 2475; x_wconf 76' lang='lat' dir='ltr'><strong>factum</strong></span> <span class='ocrx_word' id='word_1_593' title='bbox 251 2449 284 2467; x_wconf 69' lang='lat' dir='ltr'><strong>ea:</strong></span> <span class='ocrx_word' id='word_1_594' title='bbox 299 2441 408 2475; x_wconf 59' lang='lat' dir='ltr'><strong>xwtpi-Bg.</strong></span> <span class='ocrx_word' id='word_1_595' title='bbox 427 2440 655 2476; x_wconf 58' lang='lat' dir='ltr'><strong>Sicque‘intrusit</strong></span> <span class='ocrx_word' id='word_1_596' title='bbox 670 2441 696 2476; x_wconf 85' lang='lat' dir='ltr'><strong>in</strong></span> <span class='ocrx_word' id='word_1_597' title='bbox 716 2445 829 2473; x_wconf 86' lang='lat' dir='ltr'><strong>textum,</strong></span> <span class='ocrx_word' id='word_1_598' title='bbox 846 2442 909 2469; x_wconf 86' lang='lat' dir='ltr'><strong>red-</strong></span> 
     </span>
    </p>
   </div>
   <div class='ocr_carea' id='block_1_88' title="bbox 132 2475 910 2511">
    <p class='ocr_par' dir='ltr' id='par_1_88' title="bbox 132 2475 910 2511">
     <span class='ocr_line' id='line_1_89' title="bbox 132 2475 910 2511; baseline 0.001 -9"><span class='ocrx_word' id='word_1_599' title='bbox 132 2477 230 2511; x_wconf 84' lang='lat' dir='ltr'><strong>ditque,</strong></span> <span class='ocrx_word' id='word_1_600' title='bbox 244 2477 326 2503; x_wconf 75' lang='lat' dir='ltr'><strong>surda</strong></span> <span class='ocrx_word' id='word_1_601' title='bbox 341 2485 415 2506; x_wconf 81' lang='lat' dir='ltr'><strong>aure,</strong></span> <span class='ocrx_word' id='word_1_602' title='bbox 433 2476 511 2510; x_wconf 89' lang='lat' dir='ltr'><strong>quasi</strong></span> <span class='ocrx_word' id='word_1_603' title='bbox 527 2476 652 2511; x_wconf 85' lang='lat' dir='ltr'><strong>respiciat</strong></span> <span class='ocrx_word' id='word_1_604' title='bbox 668 2475 819 2511; x_wconf 72' lang='lat' dir='ltr'><strong>Melliodius</strong></span> <span class='ocrx_word' id='word_1_605' title='bbox 835 2475 910 2503; x_wconf 86' lang='lat' dir='ltr'><strong>Sire-</strong></span> 
     </span>
    </p>
   </div>
   <div class='ocr_carea' id='block_1_89' title="bbox 131 2510 909 2546">
    <p class='ocr_par' dir='ltr' id='par_1_89' title="bbox 131 2510 909 2546">
     <span class='ocr_line' id='line_1_90' title="bbox 131 2510 909 2546; baseline 0.001 -9"><span class='ocrx_word' id='word_1_606' title='bbox 131 2510 190 2537; x_wconf 86' lang='lat' dir='ltr'><strong>num</strong></span> <span class='ocrx_word' id='word_1_607' title='bbox 206 2511 368 2544; x_wconf 84' lang='lat' dir='ltr'><strong>cantilenas,</strong></span> <span class='ocrx_word' id='word_1_608' title='bbox 383 2519 498 2545; x_wconf 86' lang='lat' dir='ltr'><strong>quarum</strong></span> <span class='ocrx_word' id='word_1_609' title='bbox 514 2518 543 2538; x_wconf 88' lang='lat' dir='ltr'><strong>se</strong></span> <span class='ocrx_word' id='word_1_610' title='bbox 554 2510 674 2546; x_wconf 79' lang='lat' dir='ltr'><strong>periculo</strong></span> <span class='ocrx_word' id='word_1_611' title='bbox 690 2510 809 2546; x_wconf 83' lang='lat' dir='ltr'><strong>Ulysses,</strong></span> <span class='ocrx_word' id='word_1_612' title='bbox 825 2511 909 2538; x_wconf 80' lang='lat' dir='ltr'><strong>surda</strong></span> 
     </span>
    </p>
   </div>
   <div class='ocr_carea' id='block_1_90' title="bbox 133 2546 908 2580">
    <p class='ocr_par' dir='ltr' id='par_1_90' title="bbox 133 2546 908 2580">
     <span class='ocr_line' id='line_1_91' title="bbox 133 2546 908 2580; baseline 0.001 -8"><span class='ocrx_word' id='word_1_613' title='bbox 133 2547 263 2574; x_wconf 86' lang='lat' dir='ltr'><strong>transiens</strong></span> <span class='ocrx_word' id='word_1_614' title='bbox 285 2555 362 2576; x_wconf 85' lang='lat' dir='ltr'><strong>aure,</strong></span> <span class='ocrx_word' id='word_1_615' title='bbox 387 2546 562 2573; x_wconf 84' lang='lat' dir='ltr'><strong>liberaverit:</strong></span> <span class='ocrx_word' id='word_1_616' title='bbox 579 2554 633 2573; x_wconf 88' lang='lat' dir='ltr'><strong>non</strong></span> <span class='ocrx_word' id='word_1_617' title='bbox 659 2546 720 2573; x_wconf 59' lang='lat' dir='ltr'><strong>vitae</strong></span> <span class='ocrx_word' id='word_1_618' title='bbox 745 2546 908 2580; x_wconf 84' lang='lat' dir='ltr'><strong>voluptates,</strong></span> 
     </span>
    </p>
   </div>
   <div class='ocr_carea' id='block_1_91' title="bbox 131 2580 911 2615">
    <p class='ocr_par' dir='ltr' id='par_1_91' title="bbox 131 2580 911 2615">
     <span class='ocr_line' id='line_1_92' title="bbox 131 2580 911 2615; baseline 0.001 -9"><span class='ocrx_word' id='word_1_619' title='bbox 131 2589 192 2615; x_wconf 81' lang='lat' dir='ltr'><strong>quas</strong></span> <span class='ocrx_word' id='word_1_620' title='bbox 206 2582 279 2609; x_wconf 78' lang='lat' dir='ltr'><strong>velut</strong></span> <span class='ocrx_word' id='word_1_621' title='bbox 296 2582 419 2615; x_wconf 85' lang='lat' dir='ltr'><strong>laqueos.</strong></span> <span class='ocrx_word' id='word_1_622' title='bbox 439 2585 486 2608; x_wconf 90' lang='lat' dir='ltr'><strong>aut</strong></span> <span class='ocrx_word' id='word_1_623' title='bbox 502 2581 602 2614; x_wconf 73' lang='lat' dir='ltr'><strong>gluten,</strong></span> <span class='ocrx_word' id='word_1_624' title='bbox 625 2588 672 2608; x_wconf 91' lang='lat' dir='ltr'><strong>seu</strong></span> <span class='ocrx_word' id='word_1_625' title='bbox 694 2580 774 2607; x_wconf 85' lang='lat' dir='ltr'><strong>etiam</strong></span> <span class='ocrx_word' id='word_1_626' title='bbox 791 2589 911 2614; x_wconf 70' lang='lat' dir='ltr'><strong>cmnum,</strong></span> 
     </span>
    </p>
   </div>
   <div class='ocr_carea' id='block_1_92' title="bbox 131 2615 911 2651">
    <p class='ocr_par' dir='ltr' id='par_1_92' title="bbox 131 2615 911 2651">
     <span class='ocr_line' id='line_1_93' title="bbox 131 2615 911 2651; baseline -0.001 -8"><span class='ocrx_word' id='word_1_627' title='bbox 131 2617 165 2643; x_wconf 85' lang='lat' dir='ltr'><strong>vel</strong></span> <span class='ocrx_word' id='word_1_628' title='bbox 179 2617 276 2651; x_wconf 82' lang='lat' dir='ltr'><strong>quavis</strong></span> <span class='ocrx_word' id='word_1_629' title='bbox 292 2617 345 2643; x_wconf 84' lang='lat' dir='ltr'><strong>alia</strong></span> <span class='ocrx_word' id='word_1_630' title='bbox 364 2616 447 2642; x_wconf 79' lang='lat' dir='ltr'><strong>simili</strong></span> <span class='ocrx_word' id='word_1_631' title='bbox 460 2616 627 2651; x_wconf 84' lang='lat' dir='ltr'><strong>metaphora,</strong></span> <span class='ocrx_word' id='word_1_632' title='bbox 645 2616 706 2650; x_wconf 85' lang='lat' dir='ltr'><strong>quis</strong></span> <span class='ocrx_word' id='word_1_633' title='bbox 723 2616 830 2650; x_wconf 74' lang='grc' dir='ltr'>κούφως</span> <span class='ocrx_word' id='word_1_634' title='bbox 844 2615 911 2643; x_wconf 82' lang='lat' dir='ltr'><strong>eﬁ‘u-</strong></span> 
     </span>
    </p>
   </div>
   <div class='ocr_carea' id='block_1_93' title="bbox 131 2650 909 2686">
    <p class='ocr_par' dir='ltr' id='par_1_93' title="bbox 131 2650 909 2686">
     <span class='ocr_line' id='line_1_94' title="bbox 131 2650 909 2686; baseline 0.001 -9"><span class='ocrx_word' id='word_1_635' title='bbox 131 2650 251 2686; x_wconf 21' lang='lat' dir='ltr'><strong>giat.rlevi</strong></span> <span class='ocrx_word' id='word_1_636' title='bbox 270 2657 296 2678; x_wconf 81' lang='lat' dir='ltr'><strong>et</strong></span> <span class='ocrx_word' id='word_1_637' title='bbox 318 2651 438 2684; x_wconf 65' lang='lat' dir='ltr'><strong>expedito</strong></span> <span class='ocrx_word' id='word_1_638' title='bbox 453 2650 530 2681; x_wconf 83' lang='lat' dir='ltr'><strong>calle,</strong></span> <span class='ocrx_word' id='word_1_639' title='bbox 545 2651 643 2683; x_wconf 80' lang='lat' dir='ltr'><strong>volatu,</strong></span> <span class='ocrx_word' id='word_1_640' title='bbox 658 2659 748 2682; x_wconf 75' lang='lat' dir='ltr'><strong>cursu,</strong></span> <span class='ocrx_word' id='word_1_641' title='bbox 764 2659 796 2678; x_wconf 86' lang='lat' dir='ltr'><strong>ac</strong></span> <span class='ocrx_word' id='word_1_642' title='bbox 811 2651 832 2678; x_wconf 80' lang='lat' dir='ltr'><strong>si</strong></span> <span class='ocrx_word' id='word_1_643' title='bbox 846 2651 909 2686; x_wconf 84' lang='lat' dir='ltr'><strong>quid</strong></span> 
     </span>
    </p>
   </div>
   <div class='ocr_carea' id='block_1_94' title="bbox 131 2685 911 2721">
    <p class='ocr_par' dir='ltr' id='par_1_94' title="bbox 131 2685 911 2721">
     <span class='ocr_line' id='line_1_95' title="bbox 131 2685 911 2721; baseline 0.003 -10"><span class='ocrx_word' id='word_1_644' title='bbox 131 2685 255 2719; x_wconf 68' lang='lat' dir='ltr'><strong>ejusmodi</strong></span> <span class='ocrx_word' id='word_1_645' title='bbox 274 2695 325 2713; x_wconf 77' lang='lat' dir='ltr'><strong>vox</strong></span> <span class='ocrx_word' id='word_1_646' title='bbox 351 2687 397 2712; x_wconf 87' lang='lat' dir='ltr'><strong>illa</strong></span> <span class='ocrx_word' id='word_1_647' title='bbox 414 2686 486 2712; x_wconf 88' lang='lat' dir='ltr'><strong>nulla</strong></span> <span class='ocrx_word' id='word_1_648' title='bbox 504 2685 528 2721; x_wconf 77' lang='lat' dir='ltr'><strong>vi</strong></span> <span class='ocrx_word' id='word_1_649' title='bbox 550 2690 639 2721; x_wconf 81' lang='lat' dir='ltr'><strong>potest</strong></span> <span class='ocrx_word' id='word_1_650' title='bbox 661 2686 755 2719; x_wconf 88' lang='lat' dir='ltr'><strong>reddi;</strong></span> <span class='ocrx_word' id='word_1_651' title='bbox 778 2693 828 2713; x_wconf 84' lang='lat' dir='ltr'><strong>nec</strong></span> <span class='ocrx_word' id='word_1_652' title='bbox 852 2685 911 2713; x_wconf 71' lang='lat' dir='ltr'><strong>Sine</strong></span> 
     </span>
    </p>
   </div>
   <div class='ocr_carea' id='block_1_95' title="bbox 129 2720 910 2757">
    <p class='ocr_par' dir='ltr' id='par_1_95' title="bbox 129 2720 910 2757">
     <span class='ocr_line' id='line_1_96' title="bbox 129 2720 910 2757; baseline -0.003 -8"><span class='ocrx_word' id='word_1_653' title='bbox 129 2723 243 2757; x_wconf 55' lang='lat' dir='ltr'><strong>exemplo</strong></span> <span class='ocrx_word' id='word_1_654' title='bbox 259 2722 286 2748; x_wconf 92' lang='lat' dir='ltr'><strong>in</strong></span> <span class='ocrx_word' id='word_1_655' title='bbox 301 2721 456 2755; x_wconf 80' lang='lat' dir='ltr'><strong>Scriptura,</strong></span> <span class='ocrx_word' id='word_1_656' title='bbox 472 2720 558 2755; x_wconf 16' lang='lat' dir='ltr'><strong>cujus,</strong></span> <span class='ocrx_word' id='word_1_657' title='bbox 571 2721 658 2756; x_wconf 78' lang='lat' dir='ltr'><strong>magis</strong></span> <span class='ocrx_word' id='word_1_658' title='bbox 672 2721 910 2757; x_wconf 19' lang='lat' dir='ltr'><strong>vocesrattendunt</strong></span> 
     </span>
    </p>
   </div>
   <div class='ocr_carea' id='block_1_96' title="bbox 129 2756 910 2792">
    <p class='ocr_par' dir='ltr' id='par_1_96' title="bbox 129 2756 910 2792">
     <span class='ocr_line' id='line_1_97' title="bbox 129 2756 910 2792; baseline -0.001 -9"><span class='ocrx_word' id='word_1_659' title='bbox 129 2756 213 2785; x_wconf 84' lang='lat' dir='ltr'><strong>Patres</strong></span> <span class='ocrx_word' id='word_1_660' title='bbox 231 2761 258 2785; x_wconf 91' lang='lat' dir='ltr'><strong>ct</strong></span> <span class='ocrx_word' id='word_1_661' title='bbox 273 2758 421 2785; x_wconf 84' lang='lat' dir='ltr'><strong>imitantur</strong></span> <span class='ocrx_word' id='word_1_662' title='bbox 440 2763 520 2792; x_wconf 88' lang='lat' dir='ltr'><strong>quam</strong></span> <span class='ocrx_word' id='word_1_663' title='bbox 536 2760 675 2791; x_wconf 70' lang='lat' dir='ltr'><strong>poetarum</strong></span> <span class='ocrx_word' id='word_1_664' title='bbox 692 2765 698 2783; x_wconf 92' lang='lat'><strong><em>:</em></strong></span> <span class='ocrx_word' id='word_1_665' title='bbox 714 2756 785 2784; x_wconf 72' lang='lat' dir='ltr'><strong>unde</strong></span> <span class='ocrx_word' id='word_1_666' title='bbox 798 2760 824 2784; x_wconf 91' lang='lat' dir='ltr'><strong>et</strong></span> <span class='ocrx_word' id='word_1_667' title='bbox 839 2756 910 2791; x_wconf 81' lang='lat' dir='ltr'><strong>Aga-</strong></span> 
     </span>
    </p>
   </div>
   <div class='ocr_carea' id='block_1_97' title="bbox 964 2160 1742 2197">
    <p class='ocr_par' dir='ltr' id='par_1_97' title="bbox 964 2160 1742 2197">
     <span class='ocr_line' id='line_1_98' title="bbox 964 2160 1742 2197; baseline 0.004 -10"><span class='ocrx_word' id='word_1_668' title='bbox 964 2161 1079 2195; x_wconf 84' lang='lat' dir='ltr'><strong>poetica.</strong></span> <span class='ocrx_word' id='word_1_669' title='bbox 1095 2160 1263 2189; x_wconf 58' lang='lat' dir='ltr'><strong>Continen&#39;da</strong></span> <span class='ocrx_word' id='word_1_670' title='bbox 1274 2160 1343 2197; x_wconf 58' lang='lat' dir='ltr'><strong>&#39;ergo</strong></span> <span class='ocrx_word' id='word_1_671' title='bbox 1358 2170 1464 2194; x_wconf 80' lang='lat' dir='ltr'><strong>manus,</strong></span> <span class='ocrx_word' id='word_1_672' title='bbox 1484 2170 1534 2190; x_wconf 79' lang='lat' dir='ltr'><strong>nec</strong></span> <span class='ocrx_word' id='word_1_673' title='bbox 1550 2163 1590 2190; x_wconf 84' lang='lat' dir='ltr'><strong>sic</strong></span> <span class='ocrx_word' id='word_1_674' title='bbox 1605 2163 1682 2190; x_wconf 80' lang='lat' dir='ltr'><strong>facile</strong></span> <span class='ocrx_word' id='word_1_675' title='bbox 1694 2171 1742 2190; x_wconf 86' lang='lat' dir='ltr'><strong>ve—</strong></span> 
     </span>
    </p>
   </div>
   <div class='ocr_carea' id='block_1_98' title="bbox 964 2197 1741 2232">
    <p class='ocr_par' dir='ltr' id='par_1_98' title="bbox 964 2197 1741 2232">
     <span class='ocr_line' id='line_1_99' title="bbox 964 2197 1741 2232; baseline 0.004 -10"><span class='ocrx_word' id='word_1_676' title='bbox 964 2200 1050 2232; x_wconf 80' lang='lat' dir='ltr'><strong>terum</strong></span> <span class='ocrx_word' id='word_1_677' title='bbox 1066 2197 1248 2225; x_wconf 88' lang='lat' dir='ltr'><strong>monumentis</strong></span> <span class='ocrx_word' id='word_1_678' title='bbox 1265 2198 1379 2232; x_wconf 87' lang='lat' dir='ltr'><strong>quodam</strong></span> <span class='ocrx_word' id='word_1_679' title='bbox 1395 2198 1483 2232; x_wconf 83' lang='lat' dir='ltr'><strong>plagio</strong></span> <span class='ocrx_word' id='word_1_680' title='bbox 1502 2197 1680 2226; x_wconf 86' lang='lat' dir='ltr'><strong>immittenda.</strong></span> <span class='ocrx_word' id='word_1_681' title='bbox 1695 2199 1741 2225; x_wconf 90' lang='lat' dir='ltr'><strong>ubi</strong></span> 
     </span>
    </p>
   </div>
   <div class='ocr_carea' id='block_1_99' title="bbox 965 2231 1741 2262">
    <p class='ocr_par' dir='ltr' id='par_1_99' title="bbox 965 2231 1741 2262">
     <span class='ocr_line' id='line_1_100' title="bbox 965 2231 1741 2262; baseline 0.004 -5"><span class='ocrx_word' id='word_1_682' title='bbox 965 2231 1066 2258; x_wconf 92' lang='lat' dir='ltr'><strong>nullum</strong></span> <span class='ocrx_word' id='word_1_683' title='bbox 1078 2237 1253 2262; x_wconf 86' lang='lat' dir='ltr'><strong>momentum.</strong></span> <span class='ocrx_word' id='word_1_684' title='bbox 1271 2231 1318 2260; x_wconf 82' lang='lat' dir='ltr'><strong>sed</strong></span> <span class='ocrx_word' id='word_1_685' title='bbox 1341 2231 1406 2260; x_wconf 81' lang='lat' dir='ltr'><strong>levis</strong></span> <span class='ocrx_word' id='word_1_686' title='bbox 1419 2231 1509 2260; x_wconf 81' lang='lat' dir='ltr'><strong>minus</strong></span> <span class='ocrx_word' id='word_1_687' title='bbox 1522 2233 1633 2259; x_wconf 62' lang='lat' dir='ltr'><strong>eruditas</strong></span> <span class='ocrx_word' id='word_1_688' title='bbox 1645 2234 1741 2260; x_wconf 90' lang='lat' dir='ltr'><strong>mentis</strong></span> 
     </span>
    </p>
   </div>
   <div class='ocr_carea' id='block_1_100' title="bbox 965 2265 1742 2302">
    <p class='ocr_par' dir='ltr' id='par_1_100' title="bbox 965 2265 1742 2302">
     <span class='ocr_line' id='line_1_101' title="bbox 965 2265 1742 2302; baseline 0.003 -10"><span class='ocrx_word' id='word_1_689' title='bbox 965 2265 1033 2293; x_wconf 93' lang='lat' dir='ltr'><strong>ludit</strong></span> <span class='ocrx_word' id='word_1_690' title='bbox 1052 2267 1217 2300; x_wconf 84' lang='lat' dir='ltr'><strong>conjectura.</strong></span> <span class='ocrx_word' id='word_1_691' title='bbox 1239 2267 1295 2294; x_wconf 78' lang='lat' dir='ltr'><strong>illeo</strong></span> <span class='ocrx_word' id='word_1_692' title='bbox 1313 2271 1403 2295; x_wconf 81' lang='lat' dir='ltr'><strong>tamen</strong></span> <span class='ocrx_word' id='word_1_693' title='bbox 1427 2267 1557 2302; x_wconf 83' lang='lat' dir='ltr'><strong>periculo,</strong></span> <span class='ocrx_word' id='word_1_694' title='bbox 1580 2267 1651 2302; x_wconf 80' lang='lat' dir='ltr'><strong>quod</strong></span> <span class='ocrx_word' id='word_1_695' title='bbox 1673 2268 1742 2295; x_wconf 80' lang='lat' dir='ltr'><strong>scri-</strong></span> 
     </span>
    </p>
   </div>
   <div class='ocr_carea' id='block_1_101' title="bbox 965 2300 1739 2337">
    <p class='ocr_par' dir='ltr' id='par_1_101' title="bbox 965 2300 1739 2337">
     <span class='ocr_line' id='line_1_102' title="bbox 965 2300 1739 2337; baseline 0.001 -10"><span class='ocrx_word' id='word_1_696' title='bbox 965 2305 1050 2335; x_wconf 83' lang='lat' dir='ltr'><strong>ptum,</strong></span> <span class='ocrx_word' id='word_1_697' title='bbox 1064 2302 1217 2337; x_wconf 82' lang='grc' dir='ltr'>ιαηγόρησε,</span> <span class='ocrx_word' id='word_1_698' title='bbox 1231 2302 1309 2337; x_wconf 88' lang='lat' dir='ltr'><strong>plane</strong></span> <span class='ocrx_word' id='word_1_699' title='bbox 1319 2300 1435 2329; x_wconf 75' lang='lat' dir='ltr'><strong>barbara</strong></span> <span class='ocrx_word' id='word_1_700' title='bbox 1443 2310 1507 2329; x_wconf 92' lang='lat' dir='ltr'><strong>voce</strong></span> <span class='ocrx_word' id='word_1_701' title='bbox 1520 2310 1551 2329; x_wconf 89' lang='lat' dir='ltr'><strong>ac</strong></span> <span class='ocrx_word' id='word_1_702' title='bbox 1563 2300 1628 2329; x_wconf 85' lang='lat' dir='ltr'><strong>niliil</strong></span> <span class='ocrx_word' id='word_1_703' title='bbox 1637 2301 1739 2334; x_wconf 61' lang='lat' dir='ltr'><strong>Graeca,</strong></span> 
     </span>
    </p>
   </div>
   <div class='ocr_carea' id='block_1_102' title="bbox 965 2336 1741 2372">
    <p class='ocr_par' dir='ltr' id='par_1_102' title="bbox 965 2336 1741 2372">
     <span class='ocr_line' id='line_1_103' title="bbox 965 2336 1741 2372; baseline 0.003 -10"><span class='ocrx_word' id='word_1_704' title='bbox 965 2337 1133 2368; x_wconf 86' lang='lat' dir='ltr'><strong>mutandum,</strong></span> <span class='ocrx_word' id='word_1_705' title='bbox 1143 2336 1344 2372; x_wconf 74' lang='grc' dir='ltr'>ἐδημηγόρησε.</span> <span class='ocrx_word' id='word_1_706' title='bbox 1359 2336 1459 2372; x_wconf 79' lang='lat' dir='ltr'><strong>Nempe</strong></span> <span class='ocrx_word' id='word_1_707' title='bbox 1470 2337 1575 2364; x_wconf 85' lang='lat' dir='ltr'><strong>laudata</strong></span> <span class='ocrx_word' id='word_1_708' title='bbox 1587 2338 1688 2372; x_wconf 82' lang='lat' dir='ltr'><strong>Agatha</strong></span> <span class='ocrx_word' id='word_1_709' title='bbox 1700 2345 1741 2365; x_wconf 78' lang='lat' dir='ltr'><strong>est</strong></span> 
     </span>
    </p>
   </div>
   <div class='ocr_carea' id='block_1_103' title="bbox 963 2372 1738 2407">
    <p class='ocr_par' dir='ltr' id='par_1_103' title="bbox 963 2372 1738 2407">
     <span class='ocr_line' id='line_1_104' title="bbox 963 2372 1738 2407; baseline 0.003 -10"><span class='ocrx_word' id='word_1_710' title='bbox 963 2378 978 2397; x_wconf 90' lang='lat' dir='ltr'><strong>a</strong></span> <span class='ocrx_word' id='word_1_711' title='bbox 995 2375 1051 2407; x_wconf 82' lang='lat' dir='ltr'><strong>toto</strong></span> <span class='ocrx_word' id='word_1_712' title='bbox 1065 2379 1205 2407; x_wconf 82' lang='lat' dir='ltr'><strong>consessu,</strong></span> <span class='ocrx_word' id='word_1_713' title='bbox 1230 2380 1278 2406; x_wconf 88' lang='lat' dir='ltr'><strong>pro</strong></span> <span class='ocrx_word' id='word_1_714' title='bbox 1297 2373 1427 2399; x_wconf 86' lang='lat' dir='ltr'><strong>concione</strong></span> <span class='ocrx_word' id='word_1_715' title='bbox 1441 2373 1481 2399; x_wconf 91' lang='lat' dir='ltr'><strong>sic</strong></span> <span class='ocrx_word' id='word_1_716' title='bbox 1500 2372 1616 2407; x_wconf 84' lang='lat' dir='ltr'><strong>graviter</strong></span> <span class='ocrx_word' id='word_1_717' title='bbox 1631 2379 1738 2406; x_wconf 58' lang='lat' dir='ltr'><strong>presse»</strong></span> 
     </span>
    </p>
   </div>
   <div class='ocr_carea' id='block_1_104' title="bbox 961 2406 1739 2442">
    <p class='ocr_par' dir='ltr' id='par_1_104' title="bbox 961 2406 1739 2442">
     <span class='ocr_line' id='line_1_105' title="bbox 961 2406 1739 2442; baseline 0.003 -10"><span class='ocrx_word' id='word_1_718' title='bbox 961 2414 1014 2442; x_wconf 86' lang='lat' dir='ltr'><strong>que</strong></span> <span class='ocrx_word' id='word_1_719' title='bbox 1027 2406 1135 2442; x_wconf 86' lang='lat' dir='ltr'><strong>habita;</strong></span> <span class='ocrx_word' id='word_1_720' title='bbox 1150 2407 1223 2434; x_wconf 87' lang='lat' dir='ltr'><strong>nulla</strong></span> <span class='ocrx_word' id='word_1_721' title='bbox 1239 2415 1301 2433; x_wconf 92' lang='lat' dir='ltr'><strong>cum</strong></span> <span class='ocrx_word' id='word_1_722' title='bbox 1324 2406 1509 2441; x_wconf 75' lang='lat' dir='ltr'><strong>superioribus</strong></span> <span class='ocrx_word' id='word_1_723' title='bbox 1519 2409 1739 2442; x_wconf 74' lang='lat' dir='ltr'><strong>comparatione,</strong></span> 
     </span>
    </p>
   </div>
   <div class='ocr_carea' id='block_1_105' title="bbox 962 2441 1740 2478">
    <p class='ocr_par' dir='ltr' id='par_1_105' title="bbox 962 2441 1740 2478">
     <span class='ocr_line' id='line_1_106' title="bbox 962 2441 1740 2478; baseline 0.001 -10"><span class='ocrx_word' id='word_1_724' title='bbox 962 2441 1008 2468; x_wconf 87' lang='lat' dir='ltr'><strong>sed</strong></span> <span class='ocrx_word' id='word_1_725' title='bbox 1027 2441 1129 2478; x_wconf 76' lang='lat' dir='ltr'><strong>judicio</strong></span> <span class='ocrx_word' id='word_1_726' title='bbox 1153 2442 1179 2469; x_wconf 91' lang='lat' dir='ltr'><strong>in</strong></span> <span class='ocrx_word' id='word_1_727' title='bbox 1203 2442 1281 2469; x_wconf 89' lang='lat' dir='ltr'><strong>ﬁnem</strong></span> <span class='ocrx_word' id='word_1_728' title='bbox 1305 2449 1396 2478; x_wconf 73' lang='lat' dir='ltr'><strong>usque</strong></span> <span class='ocrx_word' id='word_1_729' title='bbox 1411 2443 1499 2469; x_wconf 78' lang='lat' dir='ltr'><strong>Aretae</strong></span> <span class='ocrx_word' id='word_1_730' title='bbox 1514 2441 1690 2478; x_wconf 77' lang='grc' dir='ltr'>βραὸἐυούσῃ,</span> <span class='ocrx_word' id='word_1_731' title='bbox 1707 2449 1740 2469; x_wconf 79' lang='lat' dir='ltr'><strong>ac</strong></span> 
     </span>
    </p>
   </div>
   <div class='ocr_carea' id='block_1_106' title="bbox 960 2476 1425 2509">
    <p class='ocr_par' dir='ltr' id='par_1_106' title="bbox 960 2476 1425 2509">
     <span class='ocr_line' id='line_1_107' title="bbox 960 2476 1425 2509; baseline 0 -6"><span class='ocrx_word' id='word_1_732' title='bbox 960 2476 1116 2504; x_wconf 87' lang='lat' dir='ltr'><strong>certaminis</strong></span> <span class='ocrx_word' id='word_1_733' title='bbox 1130 2477 1247 2509; x_wconf 64' lang='lat' dir='ltr'><strong>arbitrae,</strong></span> <span class='ocrx_word' id='word_1_734' title='bbox 1261 2483 1375 2504; x_wconf 86' lang='lat' dir='ltr'><strong>servato.</strong></span> <span class='ocrx_word' id='word_1_735' title='bbox 1388 2477 1425 2503; x_wconf 82' lang='lat' dir='ltr'><strong>In.</strong></span> 
     </span>
    </p>
   </div>
   <div class='ocr_carea' id='block_1_107' title="bbox 995 2510 1547 2577">
    <p class='ocr_par' dir='ltr' id='par_1_107' title="bbox 995 2510 1547 2577">
     <span class='ocr_line' id='line_1_108' title="bbox 995 2510 1547 2577; baseline 0.004 -41"><span class='ocrx_word' id='word_1_736' title='bbox 995 2510 1050 2577; x_wconf 47' lang='lat'><strong>$91;</strong></span> <span class='ocrx_word' id='word_1_737' title='bbox 1073 2511 1256 2546; x_wconf 80' lang='grc' dir='ltr'>Ἰσηγόρησε.</span> <span class='ocrx_word' id='word_1_738' title='bbox 1282 2511 1493 2547; x_wconf 85' lang='grc' dir='ltr'>Ἐδημηγόρησε.</span> <span class='ocrx_word' id='word_1_739' title='bbox 1509 2512 1547 2553; x_wconf 59' lang='lat' dir='ltr'><strong>In,</strong></span> 
     </span>
     <span class='ocr_line' id='line_1_109' title="bbox 1007 2546 1546 2577; baseline 0.004 -5"><span class='ocrx_word' id='word_1_740' title='bbox 1007 2546 1040 2573; x_wconf 69' lang='grc'><strong>92</strong></span> <span class='ocrx_word' id='word_1_741' title='bbox 1065 2547 1117 2572; x_wconf 81' lang='grc' dir='ltr'><strong>Καὶ</strong></span> <span class='ocrx_word' id='word_1_742' title='bbox 1131 2547 1300 2577; x_wconf 73' lang='grc' dir='ltr'>μονοτενές.</span> <span class='ocrx_word' id='word_1_743' title='bbox 1319 2547 1447 2577; x_wconf 84' lang='lat' dir='ltr'><strong>Suspecta</strong></span> <span class='ocrx_word' id='word_1_744' title='bbox 1465 2546 1546 2574; x_wconf 81' lang='lat' dir='ltr'><strong>Leoni</strong></span> 
     </span>
    </p>
   </div>
   <div class='ocr_carea' id='block_1_108' title="bbox 1007 2546 1738 2582">
    <p class='ocr_par' dir='ltr' id='par_1_108' title="bbox 1007 2546 1738 2582">
     <span class='ocr_line' id='line_1_110' title="bbox 1007 2546 1738 2582; baseline 0.003 -9"><span class='ocrx_word' id='word_1_745' title='bbox 1007 2546 1049 2582; x_wconf 71' lang='lat'><strong>92)</strong></span> <span class='ocrx_word' id='word_1_746' title='bbox 1065 2547 1117 2582; x_wconf 70' lang='lat' dir='ltr'><strong>Kal</strong></span> <span class='ocrx_word' id='word_1_747' title='bbox 1131 2547 1300 2582; x_wconf 73' lang='grc' dir='ltr'>μονογενές.</span> <span class='ocrx_word' id='word_1_748' title='bbox 1319 2546 1447 2582; x_wconf 83' lang='lat' dir='ltr'><strong>Suspecta</strong></span> <span class='ocrx_word' id='word_1_749' title='bbox 1465 2546 1546 2574; x_wconf 87' lang='lat' dir='ltr'><strong>Leoni</strong></span> <span class='ocrx_word' id='word_1_750' title='bbox 1560 2547 1659 2575; x_wconf 84' lang='lat' dir='ltr'><strong>Allatio</strong></span> <span class='ocrx_word' id='word_1_751' title='bbox 1673 2555 1738 2581; x_wconf 88' lang='lat' dir='ltr'><strong>vox,</strong></span> 
     </span>
    </p>
   </div>
   <div class='ocr_carea' id='block_1_109' title="bbox 960 2581 1737 2616">
    <p class='ocr_par' dir='ltr' id='par_1_109' title="bbox 960 2581 1737 2616">
     <span class='ocr_line' id='line_1_111' title="bbox 960 2581 1737 2616; baseline 0.005 -9"><span class='ocrx_word' id='word_1_752' title='bbox 960 2581 1039 2616; x_wconf 86' lang='lat' dir='ltr'><strong>quasi</strong></span> <span class='ocrx_word' id='word_1_753' title='bbox 1053 2581 1087 2607; x_wconf 88' lang='lat' dir='ltr'><strong>ab</strong></span> <span class='ocrx_word' id='word_1_754' title='bbox 1097 2581 1205 2609; x_wconf 80' lang='lat' dir='ltr'><strong>Arianis</strong></span> <span class='ocrx_word' id='word_1_755' title='bbox 1214 2582 1341 2609; x_wconf 84' lang='lat' dir='ltr'><strong>Methodii</strong></span> <span class='ocrx_word' id='word_1_756' title='bbox 1354 2582 1416 2609; x_wconf 86' lang='lat' dir='ltr'><strong>huic</strong></span> <span class='ocrx_word' id='word_1_757' title='bbox 1424 2582 1605 2610; x_wconf 88' lang='lat' dir='ltr'><strong>lucubrationi</strong></span> <span class='ocrx_word' id='word_1_758' title='bbox 1617 2584 1737 2611; x_wconf 88' lang='lat' dir='ltr'><strong>inserta:</strong></span> 
     </span>
    </p>
   </div>
   <div class='ocr_carea' id='block_1_110' title="bbox 960 2615 1739 2653">
    <p class='ocr_par' dir='ltr' id='par_1_110' title="bbox 960 2615 1739 2653">
     <span class='ocr_line' id='line_1_112' title="bbox 960 2615 1739 2653; baseline 0.005 -11"><span class='ocrx_word' id='word_1_759' title='bbox 960 2615 1025 2653; x_wconf 76' lang='lat' dir='ltr'><strong>mihi</strong></span> <span class='ocrx_word' id='word_1_760' title='bbox 1038 2616 1072 2653; x_wconf 80' lang='lat' dir='ltr'><strong>ab</strong></span> <span class='ocrx_word' id='word_1_761' title='bbox 1085 2618 1143 2650; x_wconf 91' lang='lat' dir='ltr'><strong>ipso</strong></span> <span class='ocrx_word' id='word_1_762' title='bbox 1159 2617 1295 2653; x_wconf 81' lang='lat' dir='ltr'><strong>Methodio</strong></span> <span class='ocrx_word' id='word_1_763' title='bbox 1306 2625 1338 2644; x_wconf 63' lang='lat' dir='ltr'><strong>ex</strong></span> <span class='ocrx_word' id='word_1_764' title='bbox 1350 2617 1413 2652; x_wconf 86' lang='lat' dir='ltr'><strong>Sap.</strong></span> <span class='ocrx_word' id='word_1_765' title='bbox 1425 2625 1472 2649; x_wconf 88' lang='lat' dir='ltr'><strong>vn,</strong></span> <span class='ocrx_word' id='word_1_766' title='bbox 1488 2617 1532 2649; x_wconf 71' lang='lat'><strong>22,</strong></span> <span class='ocrx_word' id='word_1_767' title='bbox 1545 2623 1671 2653; x_wconf 86' lang='lat' dir='ltr'><strong>accepta;</strong></span> <span class='ocrx_word' id='word_1_768' title='bbox 1688 2626 1739 2646; x_wconf 87' lang='lat' dir='ltr'><strong>nec</strong></span> 
     </span>
    </p>
   </div>
   <div class='ocr_carea' id='block_1_111' title="bbox 960 2651 1737 2686">
    <p class='ocr_par' dir='ltr' id='par_1_111' title="bbox 960 2651 1737 2686">
     <span class='ocr_line' id='line_1_113' title="bbox 960 2651 1737 2686; baseline 0.005 -10"><span class='ocrx_word' id='word_1_769' title='bbox 960 2651 1049 2686; x_wconf 80' lang='lat' dir='ltr'><strong>minus</strong></span> <span class='ocrx_word' id='word_1_770' title='bbox 1059 2651 1088 2686; x_wconf 77' lang='lat' dir='ltr'><strong>in</strong></span> <span class='ocrx_word' id='word_1_771' title='bbox 1101 2659 1133 2677; x_wconf 90' lang='lat' dir='ltr'><strong>eo</strong></span> <span class='ocrx_word' id='word_1_772' title='bbox 1143 2659 1223 2686; x_wconf 89' lang='lat' dir='ltr'><strong>quam</strong></span> <span class='ocrx_word' id='word_1_773' title='bbox 1236 2652 1262 2678; x_wconf 92' lang='lat' dir='ltr'><strong>in</strong></span> <span class='ocrx_word' id='word_1_774' title='bbox 1276 2653 1334 2686; x_wconf 88' lang='lat' dir='ltr'><strong>ipso</strong></span> <span class='ocrx_word' id='word_1_775' title='bbox 1347 2651 1425 2680; x_wconf 84' lang='lat' dir='ltr'><strong>sacro</strong></span> <span class='ocrx_word' id='word_1_776' title='bbox 1438 2657 1512 2680; x_wconf 80' lang='lat' dir='ltr'><strong>textu</strong></span> <span class='ocrx_word' id='word_1_777' title='bbox 1527 2661 1592 2686; x_wconf 87' lang='lat' dir='ltr'><strong>sana</strong></span> <span class='ocrx_word' id='word_1_778' title='bbox 1604 2651 1631 2681; x_wconf 83' lang='lat' dir='ltr'><strong>et</strong></span> <span class='ocrx_word' id='word_1_779' title='bbox 1646 2651 1737 2680; x_wconf 79' lang='lat' dir='ltr'><strong>ortho-</strong></span> 
     </span>
    </p>
   </div>
   <div class='ocr_carea' id='block_1_112' title="bbox 959 2685 1737 2724">
    <p class='ocr_par' dir='ltr' id='par_1_112' title="bbox 959 2685 1737 2724">
     <span class='ocr_line' id='line_1_114' title="bbox 959 2685 1737 2724; baseline 0.005 -12"><span class='ocrx_word' id='word_1_780' title='bbox 959 2685 1041 2724; x_wconf 55' lang='lat' dir='ltr'><strong>doxa.</strong></span> <span class='ocrx_word' id='word_1_781' title='bbox 1058 2685 1155 2713; x_wconf 81' lang='lat' dir='ltr'><strong>Verba</strong></span> <span class='ocrx_word' id='word_1_782' title='bbox 1167 2685 1319 2724; x_wconf 79' lang='lat' dir='ltr'><strong>Salomonis</strong></span> <span class='ocrx_word' id='word_1_783' title='bbox 1335 2691 1399 2714; x_wconf 86' lang='lat' dir='ltr'><strong>sunt</strong></span> <span class='ocrx_word' id='word_1_784' title='bbox 1417 2705 1422 2710; x_wconf 90' lang='lat'><strong>.</strong></span> <span class='ocrx_word' id='word_1_785' title='bbox 1437 2685 1565 2724; x_wconf 7' lang='lat' dir='ltr'><strong>VEAstgenriim</strong></span> <span class='ocrx_word' id='word_1_786' title='bbox 1578 2689 1603 2714; x_wconf 84' lang='lat' dir='ltr'><strong>in</strong></span> <span class='ocrx_word' id='word_1_787' title='bbox 1616 2689 1663 2716; x_wconf 81' lang='lat' dir='ltr'><strong>illa</strong></span> <span class='ocrx_word' id='word_1_788' title='bbox 1674 2688 1737 2724; x_wconf 53' lang='lat' dir='ltr'><strong>isa-</strong></span> 
     </span>
    </p>
   </div>
   <div class='ocr_carea' id='block_1_113' title="bbox 959 2721 1738 2759">
    <p class='ocr_par' dir='ltr' id='par_1_113' title="bbox 959 2721 1738 2759">
     <span class='ocr_line' id='line_1_115' title="bbox 959 2721 1738 2759; baseline 0.004 -12"><span class='ocrx_word' id='word_1_789' title='bbox 959 2721 1070 2759; x_wconf 66' lang='lat' dir='ltr'><strong>pientia,</strong></span> <span class='ocrx_word' id='word_1_790' title='bbox 1099 2729 1159 2756; x_wconf 63' lang='lat' dir='ltr'><strong>qua:</strong></span> <span class='ocrx_word' id='word_1_791' title='bbox 1182 2725 1223 2759; x_wconf 75' lang='lat' dir='ltr'><strong>est</strong></span> <span class='ocrx_word' id='word_1_792' title='bbox 1237 2722 1368 2759; x_wconf 33' lang='lat' dir='ltr'><strong>&quot;omnium</strong></span> <span class='ocrx_word' id='word_1_793' title='bbox 1393 2722 1631 2759; x_wconf 56' lang='grc' dir='ltr'>οτιιῐοχγιῖνεῦμα</span> <span class='ocrx_word' id='word_1_794' title='bbox 1647 2721 1738 2759; x_wconf 72' lang='grc' dir='ltr'>νοερὸν</span> 
     </span>
    </p>
   </div>
   <div class='ocr_carea' id='block_1_114' title="bbox 958 2755 1742 2793">
    <p class='ocr_par' dir='ltr' id='par_1_114' title="bbox 958 2755 1742 2793">
     <span class='ocr_line' id='line_1_116' title="bbox 958 2755 1742 2793; baseline 0.005 -12"><span class='ocrx_word' id='word_1_795' title='bbox 958 2755 1044 2790; x_wconf 73' lang='grc' dir='ltr'>ἅγιον,</span> <span class='ocrx_word' id='word_1_796' title='bbox 1063 2756 1214 2791; x_wconf 72' lang='grc' dir='ltr'>μονογενὲς,</span> <span class='ocrx_word' id='word_1_797' title='bbox 1233 2756 1345 2791; x_wconf 72' lang='lat' dir='ltr'><strong>Spiritus</strong></span> <span class='ocrx_word' id='word_1_798' title='bbox 1359 2757 1537 2793; x_wconf 77' lang='lat' dir='ltr'><strong>intelligentia:</strong></span> <span class='ocrx_word' id='word_1_799' title='bbox 1548 2755 1665 2792; x_wconf 56' lang='lat' dir='ltr'><strong>sanctus,</strong></span> <span class='ocrx_word' id='word_1_800' title='bbox 1679 2755 1742 2785; x_wconf 62' lang='lat' dir='ltr'><strong>u&#39;ni-</strong></span> 
     </span>
    </p>
   </div>
  </div>
