1908 3078
161 57 211 84 ΙΞό

648 35 677 85 εἶ
700 56 864 87 METIIODII
885 58 1038 88 EPISCOPI
1060 57 1103 85 ET
1124 55 1304 84 MARTYRIS

1714 55 1764 84 ιξι

157 117 199 144 bis
211 124 319 151 quoque
343 117 499 151 intelligens,
517 121 675 153 sanctusque
691 123 715 145 et
728 119 820 146 unicus
836 120 925 154 sapiet:

987 119 1167 153 ταπνεὸμενον
1184 115 1337 152 θησαυρῶν,
1351 115 1451 147 πάσαις
1473 115 1539 150 ἡμῖν
1565 113 1675 150 λιγυρὸν
1689 111 1766 150 οὖρον

157 163 202 189 the
216 162 331 196 Spiritus
347 163 380 194 ",
397 169 412 189 a
428 163 548 196 paternis
563 171 681 198 superne
700 164 797 191 leniter
811 165 934 199 aspirans

157 208 293 236 thesauris
318 208 395 235 nobis
408 208 534 236 omnibus
561 217 644 236 suave
659 209 812 237 sibilantem
841 218 936 238 secun-

988 164 1103 192 πνεῦσαν
1126 162 1270 198 γνώσεως,
1299 161 1445 198 ἐπαρκέσει
1469 161 1514 187 τὸν
1535 161 1633 196 δρόμον
1658 160 1768 192 ἀλύπως

987 210 1136 237 ἀπευθῦναι
1148 209 1202 236 τῶν
1217 207 1396 243 λόγων.Ἐμοὶ
1410 207 1463 243 γὰρ
1479 207 1573 242 καιρὸς
1584 207 1634 242 ήδη
1649 206 1748 241 λέγειν.

155 255 218 281 dam
241 255 341 282 amabit
367 255 487 282 scientiae
513 263 618 288 auram,
634 264 694 291 quat
711 257 852 291 dirigenda
871 258 930 284 sine
954 257 1057 284 oll'ensa
1083 263 1115 283 ac
1138 256 1264 283 molestia
1286 255 1438 282 orationum
1463 260 1561 280 cursus
1577 272 1585 285 ,
1613 251 1766 279 dicentibus

156 301 262 328 abunde
283 300 408 328 sufficiat.
433 302 498 329 Mihi
521 311 602 338 porro
623 303 679 338 jam
706 304 799 332 incidit
823 304 930 332 dicendi
946 309 1062 340 tempus.

192 348 266 376 Unus
279 349 302 376 is
315 349 424 376 demum
439 358 519 378 verus
533 358 566 377 ac
580 351 669 386 gravis
683 351 810 379 laudandi
825 352 931 384 modus,

154 394 310 428 ovirgines,
323 398 376 428 est,
391 395 498 430 quando
512 396 625 424 laudans
635 401 662 424 et
676 405 705 425 re
718 405 777 432 qua
798 397 932 432 laudatur,

153 443 183 466 et
197 441 303 467 caeteris
319 448 379 475 quae
398 441 550 474 laudantur,
567 442 691 470 omnibus
708 443 786 478 longe
802 447 934 478 praestau-

153 486 250 514 tiorem
265 493 320 514 suae
334 487 497 515 laudationis
511 492 606 516 testem
620 487 738 516 adhibet.
764 488 827 516 Inde
848 489 934 524 siqui-

154 532 215 560 dem
230 533 303 560 clare
318 533 468 568 intelligere
483 533 555 565 licet,
571 533 697 568 nequead
706 534 831 569 gratiam,
846 542 934 569 neque

152 585 187 605 ex
205 578 376 609 necessitate.
390 587 477 614 neque
489 579 566 614 juxta
583 580 713 607 incertam
729 580 802 614 vulgi
827 580 934 615 opinio-

153 632 227 656 nem,
246 625 427 654 laudationem
443 626 620 661 compositam
639 634 716 654 esse:
744 626 791 655 sed
807 631 932 654 exactum

153 672 189 698 ad
205 672 344 699 veritatem
361 672 509 704 continere,
526 681 576 700 nec
590 673 642 699 ulla
655 673 819 701 adulationis
844 673 935 708 suspi-

153 717 233 745 cione
248 718 374 746 laborans
392 718 535 753 judicium.
553 718 659 746 Etenim
672 719 718 754 qui
732 719 766 746 de
780 718 849 746 Filio
873 718 931 751 Dei,

151 762 207 796 jam
221 767 276 790 tum
289 767 351 791 ante
367 764 465 790 saecula
479 765 634 796 exsistente,
644 765 748 799 plenius
757 772 787 791 ac
801 764 929 792 disertius

154 809 291 843 propheta:
314 810 482 844 apostolique
496 810 680 845 disputarunt,
696 818 728 838 ac
740 819 794 846 prae
819 811 931 845 reliquis

154 855 315 883 mortalibus
334 855 392 890 ejus
414 860 562 884 assertores
580 861 660 892 atque
669 865 808 892 pracones
821 857 931 886 deitatis

154 900 274 933 fuerunt,
289 910 342 928 non
358 902 451 936 utique
475 903 584 935 angelos
599 907 734 936 auctores,
757 911 851 930 earum
863 911 931 938 quas

153 945 367 983 iiii'trihuebant,
384 947 493 975 laudum
505 948 667 984 allegarunt,
683 949 732 977 sed
748 948 825 977 illum
842 949 931 985 ipsum

204 1024 226 1041 ³³
245 1024 309 1059 Sap.
328 1033 374 1058 vn,
391 1025 426 1053 22
442 1035 449 1043 ν

150 1102 206 1126 ctu,
219 1100 273 1132 etc:
287 1095 332 1122 Sic
343 1095 434 1131 Vulg.,
450 1097 495 1132 qui
512 1096 580 1124 forte
594 1096 721 1124 Allatium
739 1096 843 1127 fefellit.
865 1104 927 1123 eum

150 1138 232 1167 voces
254 1131 353 1158 Graecae
374 1133 427 1159 sint
449 1131 513 1167 ipsa:
534 1132 677 1164 Methodii;
703 1132 843 1166 redditque
858 1132 927 1166 ipse,

150 1164 265 1199 Spiritus
287 1167 421 1200 sapientia
438 1164 623 1195 intellectualis
639 1173 664 1194 et
680 1172 786 1194 sanctus
800 1164 826 1194 ct
839 1164 929 1201 unige-

149 1201 230 1237 nitus,
243 1206 307 1232 etc.,
318 1209 349 1228 ac
363 1202 396 1229 de
411 1202 527 1237 Spiritus
541 1203 598 1236 ipsa
617 1210 731 1237 persona
748 1202 860 1235 accepit,
878 1202 930 1229 etsi

149 1236 215 1272 nihil
231 1237 313 1271 cogit,
326 1241 355 1264 ut
367 1236 453 1272 magis
466 1237 498 1264 de
513 1236 624 1272 Spiritu,
639 1245 719 1271 quam
733 1237 766 1264 de
777 1237 847 1263 Filio
857 1237 930 1264 acci-

148 1271 266 1304 piamus.
283 1272 323 1299 vel
338 1271 423 1299 etiam
435 1273 467 1299 de
482 1271 564 1299 Dono.
579 1272 655 1305 Quod
668 1272 738 1300 enim
755 1272 856 1299 dit-itur
868 1280 930 1300 esse

150 1305 267 1342 Spiritus
292 1307 318 1333 in
344 1306 479 1341 Sapientia
505 1307 674 1342 redditlitque
695 1307 856 1338 Methodius.
879 1315 928 1335 seu

148 1341 302 1380 eaplicavit,
322 1342 352 1368 τὸ
366 1342 414 1377 τῆς
427 1342 525 1380 Σοφίᾳς
541 1341 744 1380 ΠνεῦμδιᾸᾳιιιε
760 1351 812 1380 una
829 1342 928 1380 illLva-

150 1377 353 1412 rietasasacro
369 1380 453 1412 textu,
473 1377 625 1412 mirumque
641 1377 662 1404 si
680 1386 760 1412 quem
778 1377 823 1405 illa
840 1377 926 1405 oil‘en-

147 1410 206 1447 dat)
227 1408 521 1447 SpiritumrSapientiw,
537 1408 589 1439 rite
612 1408 764 1447 exponatur
784 1414 817 1441 de
839 1413 924 1445 Dono,

148 1445 226 1490 Sijus
241 1450 337 1490 auctor:
353 1446 501 1490 Sapientia,
516 1452 542 1490 et
562 1456 621 1489 qua;
642 1445 709 1490 ipsa.
735 1449 823 1490 ipsum
846 1457 924 1490 suum
940 1459 962 1490 ο

149 1479 253 1518 Donum
264 1479 397 1518 ilicetur,‘
410 1487 439 1518 ut
462 1479 594 1518 contingit
612 1483 638 1509 in
653 1479 716 1511 aliis
733 1479 881 1515 a'ttributis,
899 1484 926 1511 in

147 1515 247 1549 quibus
262 1515 331 1544 Deus
346 1525 378 1544 ex
392 1517 486 1544 ell'ectu
505 1515 627 1545 noscitur
643 1522 669 1546 et
690 1519 855 1546 nominatur.
882 1518 927 1546 Di-

147 1553 224 1588 citur?
243 1559 307 1588 vero
329 1553 353 1579 is
375 1552 491 1587 Spiritus
517 1553 668 1588 μονογενὲς,
693 1554 718 1581 id
738 1558 781 1581 est
801 1555 925 1588 unigena,

147 1587 225 1625 quaSi
239 1587 318 1615 unius
333 1588 456 1625 rationis.
471 1587 576 1625 sibique
589 1589 646 1623 ipse
661 1589 797 1625 simiiiset
811 1587 928 1616 consen-

147 1623 228 1659 tiens.
247 1630 298 1649 non
315 1623 402 1657 qualis
418 1624 509 1650 mundi
527 1625 702 1659 spiritusﬁaut
717 1624 828 1655 diaboli,
843 1624 926 1659 spiri-

147 1659 197 1699 tus.
204 1656 382 1699 dissensionis
393 1656 616 1699 .:_proiu_de‘bene
633 1658 731 1699 Unicus
744 1659 834 1699 dictas
849 1656 865 1686 εἰ
880 1667 927 1687 ve-

147 1692 202 1730 teri
219 1692 374 1730 interprete.
387 1692 471 1730 Aliter
485 1694 575 1730 dictus
588 1694 686 1722 Joanui
705 1702 724 1726 i,
741 1694 784 1727 18,
804 1695 833 1722 ’0
849 1703 928 1730 μονο-

146 1729 228 1764 γενὴς
252 1726 323 1759 Υξός,
347 1729 458 1762 unigena
483 1729 580 1761 Filius,
607 1730 652 1757 tibi
669 1738 721 1758 vox
740 1726 797 1764 ipsa
817 1726 881 1763 Υἱὸς
897 1730 927 1757 τὸ

146 1773 269 1801 geram
279 1764 313 1798 ri;
327 1764 452 1798 appellat.
466 1769 496 1790 ut
520 1765 668 1801 loquuntur
681 1765 826 1798 dialectici,
842 1766 868 1801 id
883 1770 926 1792 est

147 1799 308 1827 determinat
323 1811 328 1827 :
343 1806 371 1828 ut
385 1807 434 1835 pro
444 1808 508 1828 vera
518 1799 690 1836 generatione
701 1805 763 1831 stet,
775 1808 828 1834 qua
842 1799 925 1828 Filius

147 1835 223 1862 solus
239 1843 254 1861 a
269 1836 328 1863 solo
342 1839 384 1863 est
402 1836 490 1867 Patre,
507 1835 569 1863 rere
581 1844 612 1863 ex
625 1836 672 1863 illo
682 1840 772 1866 natus,
786 1844 839 1862 non
854 1837 927 1863 arbi-

146 1870 229 1905 traria
243 1870 295 1897 ulla
311 1870 451 1898 eil'cctione
472 1871 573 1902 editus,
593 1871 663 1898 sicut
677 1876 718 1898 est
733 1870 850 1902 Donum,
867 1871 926 1905 ipsa

147 1902 283 1941 Sapientia
295 1913 374 1940 quam
387 1906 480 1933 ell‘udit
493 1914 574 1941 super
584 1914 665 1940 opera
678 1906 766 1941 omnia
779 1913 838 1937 sua,
853 1902 927 1940 ejus-

145 1947 199 1974 que
212 1940 298 1977 ipsius
319 1941 448 1977 Spiritus,
470 1940 533 1977 ipsa’
544 1941 719 1977 nihilominus
733 1940 927 1977 Sapientiam-

146 1975 297 2011 transitive,
313 1984 328 2002 a
344 1975 488 2011 Sapientia
496 1985 619 2005 manans.
633 1976 722 2006 Patre,
738 1975 806 2002 Filio
823 1982 849 2002 et
864 1975 926 2011 Spi-

145 2010 200 2046 ritu
223 2016 333 2046 sancto,
357 2010 402 2046 qui
427 2020 480 2038 una
505 2012 657 2046 Sapientia.
682 2011 731 2038 etsi
755 2010 928 2046 appropriate

146 2043 231 2080 Filius
247 2043 384 2080 Sapientia
396 2051 423 2074 et
434 2043 575 2074 dicatur-et
589 2047 726 2077 credatur,
738 2043 860 2080 aecuju's
873 2055 926 2073 πα-

144 2079 228 2117 τρῷοι
253 2079 393 2117 Θηίσαυροί.
418 2083 521 2116 paterni
540 2082 665 2112 thesauri,
682 2081 754 2108 unde
770 2079 927 2117 Virginibus

145 2122 177 2142 ac
186 2115 299 2158 Sane-tis
307 2115 432 2158 euntibus
445 2118 555 2158 aspiret.
565 2117 619 2158 N_ec
629 2117 712 2158 aliter
728 2117 792 2144 velit
807 2115 925 2158 Janeqbus
942 2131 962 2158 ο

145 2158 165 2193 t_,
183 2151 217 2193 i7
232 2152 314 2193 ηιξ-ἄν
328 2151 441 2193 δῴρημα
455 2152 555 2193 τέῇιειον
571 2152 671 2193 ξνωθέν
684 2153 746 2193 ,ἐστι
761 2151 921 2193 καταξαζνον

91 2185 94 2187 λ
144 2185 198 2222 ἀπὸ
211 2186 257 2212 τοῦ
268 2185 373 2222 Πατρός
387 2185 440 2213 ἑῶν
457 2187 562 2221 φώτωνθ
576 2186 657 2214 Omne
672 2187 768 2214 donum
782 2187 922 2221 perfectum

144 2220 282 2258 detiirsnm
299 2220 346 2253 est,
364 2220 520 2258 descendens
527 2231 550 2258 μ
577 2221 656 2249 Patre
679 2220 924 2258 luntinuntal’laiie

143 2256 215 2282 enim
237 2256 344 2284 Patrem
372 2257 503 2284 luminum
526 2257 607 2284 Deum
624 2258 710 2292 ipsum
727 2258 857 2288 nominat.
872 2256 923 2284 ati—

144 2296 246 2319 ctorem
264 2292 481 2326 intelligentium,
495 2293 651 2327 angelorum
666 2297 693 2319 et
704 2293 854 2322 hominum,
867 2293 924 2320 sive

143 2327 223 2362 etiam
241 2327 371 2357 siderum.
387 2329 409 2354 si
424 2327 486 2362 quis
504 2329 536 2353 ad
551 2328 688 2355 setisibilia
708 2328 814 2354 trahere
832 2328 923 2358 malit;

144 2369 199 2388 non
213 2361 272 2389 Filii
291 2367 318 2390 et
340 2361 469 2397 Spiritus,
492 2362 623 2397 quidquid
644 2363 727 2397 aliqui
747 2363 773 2388 in
790 2370 848 2389 eam
868 2369 924 2389 rem

143 2398 287 2427 traxerint,
304 2405 366 2425 nam
386 2397 466 2425 Pater
484 2398 543 2432 ipse
562 2397 622 2424 Filii
639 2405 733 2424 auctor
750 2403 776 2423 et
794 2397 923 2431 Spiritus,

144 2438 197 2465 qtta
212 2433 250 2460 sic
262 2432 342 2460 Pater
358 2438 385 2460 et
400 2434 494 2466 relate,
512 2432 572 2459 Filii
588 2433 697 2468 proprie
709 2432 798 2463 Pater,
808 2432 925 2466 Spir-itus

143 2469 329 2502 conuiuiniore
351 2469 482 2496 vocabulo
503 2468 541 2502 (id
561 2467 613 2500 est,
634 2471 728 2494 auctor
748 2471 774 2494 et
796 2467 924 2502 spirator)

142 2500 197 2538 τῶν
212 2501 378 2538 δωρημάτων
391 2509 485 2531 auctor
498 2500 550 2538 est.
566 2510 649 2530 causa
661 2503 766 2529 scilicet
780 2500 923 2538 donorum,

144 2537 191 2571 geli
214 2537 266 2571 qua
289 2537 361 2566 Deus
382 2539 506 2567 absoluta
527 2537 638 2569 deitate,
657 2537 689 2564 ad
709 2545 787 2571 quant
808 2537 926 2564 Jat-obus

143 2569 233 2599 Patris
247 2574 354 2600 nomine
364 2574 477 2601 allectus
494 2579 603 2600 nostros
615 2577 702 2604 vocat,
714 2569 738 2599 et
755 2577 784 2598 tit
799 2574 867 2607 grati
881 2573 926 2599 bo-

143 2612 240 2641 norum
268 2607 333 2634 fonti
361 2616 392 2635 ac
417 2609 522 2636 auctori
551 2609 653 2641 simus;
677 2607 803 2634 nimirum
825 2613 926 2635 sancta:

144 2639 282 2680 Irinitati,
296 2651 356 2680 quae
365 2643 431 2680 ipsa
447 2644 526 2680 Pater
541 2649 634 2680 noster
647 2639 700 2676 est,
714 2643 760 2680 qui
776 2647 818 2680 est
830 2644 927 2680 incae-

145 2675 190 2715 μετ
208 2677 287 2715 Quid
299 2675 322 2704 si
340 2675 427 2712 φώὲα,
448 2679 507 2713 ipsa
524 2678 682 2715 χαρίσματα
692 2675 780 2715 voluit
793 2677 924 2715 Iacobus;

145 2710 208 2748 inde
221 2712 335 2748 lumina.
346 2710 418 2747 quod
430 2721 445 2740 a
460 2710 516 2740 Deo
525 2710 645 2741 'Ltimi'ne
660 2713 856 2747 emanationes,
869 2710 928 2748 qui-

144 2745 302 2783 biis_divjn_a
315 2745 480 2783 alluridimur
494 2749 571 2781 lucc;
584 2748 677 2783 sicque
691 2753 806 2783 augusto
816 2745 927 2776 nomine

143 2780 263 2815 perlecta
278 2781 324 2809 Dei
338 2789 407 2810 uona
427 2781 543 2816 (ordinis
557 2780 661 2812 scilicet
678 2780 763 2812 divini
780 2791 811 2812 ac
827 2784 926 2819 quibus

1017 350 1065 384 Εἷς
1077 351 1176 388 τρόπος
1191 351 1291 387 ἀληθὴς
1308 350 1424 377 ἐπαίνων
1438 345 1514 381 οὗτός
1526 350 1608 380 ἐστιν,
1629 344 1653 374 ὧ
1664 345 1764 382 παρθέ-

983 407 1033 429 νοι,
1051 398 1097 425 καὶ
1112 398 1218 433 σεμνὸς,
1231 397 1330 423 ὁπόταν
1349 398 1363 423 ό
1377 395 1495 422 ἐπαινῶν
1508 394 1554 421 τοῦ
1571 392 1764 428 ἐπαινουμένου

984 442 1101 469 καὶτῶν
1117 442 1321 477 ἐπαινουμένων
1346 440 1471 467 ἁπάντων
1495 439 1635 474 κρείττονα
1658 437 1766 473 παρέχῃ

985 489 1120 525 μάρτυρα.
1137 489 1254 524 Πάρεστι
1269 487 1322 523 γὰρ
1337 486 1460 513 ἐντεῦθεν
1477 485 1571 521 μαθεῖν
1584 484 1715 520 ἀκριϐῶς,
1725 483 1765 509 ὅτι

985 536 1021 571 μὴ
1039 535 1105 571 πρὸς
1120 535 1207 571 χάριν,
1226 533 1292 570 μηδὲ
1305 533 1333 567 ἐξ
1348 533 1479 568 ἀνάγκης,
1495 531 1561 567 μηδὲ
1581 530 1651 557 κατὰ
1675 529 1764 562 δόξαν,

983 583 999 617 ἡ
1012 581 1132 617 εὐφημία
1150 581 1253 615 γίνεται
1275 580 1328 606 τῶν
1350 579 1435 614 λόγων
1448 598 1454 610 ,
1474 577 1540 604 ἀλλὰ
1554 577 1623 603 κατά
1638 575 1764 610 ἀλήθειαν

983 628 1028 654 καὶ
1044 627 1198 655 ἀθώπευτον
1212 626 1311 662 κρίσιν,
1326 625 1380 652 Καὶ
1393 625 1447 661 γὰρ
1460 626 1483 651 oi.
1496 623 1679 659 πληρέστερον
1691 623 1766 657 εἰση-

983 675 1131 709 γησάμενοι
1157 674 1221 709 περὶ
1243 672 1289 699 τοῦ
1316 672 1380 699 Υἱοῦ
1405 671 1450 698 τοῦ
1475 670 1541 697 Θεοῦ
1559 670 1696 706 προφῆται
1718 669 1764 695 καὶ

982 720 1135 751 ἀπόστολοι,
1149 719 1196 746 καὶ
1211 718 1309 754 μᾶλλον
1327 718 1407 745 αὐτὸν
1419 717 1472 744 τῶν
1487 716 1573 744 ἄλλων
1587 715 1765 750 θεολογήσαν-

981 775 1027 798 τες
1051 764 1210 801 ἀνθρώπων,
1227 765 1276 791 οὐκ
1299 765 1339 796 εἰς
1363 763 1511 798 ἀγγελικὴν
1534 762 1669 797 ἀνήγαγον
1692 760 1765 795 αὐτῷ

947 798 967 825 Β
983 812 1060 847 ῥῆσιν
1074 798 1137 842 rei);
1150 810 1288 842 ἐπαίνους,
1309 809 1365 836 ἀλλ’
1381 810 1421 841 εἰς
1436 809 1516 836 αὑτὸν
1539 808 1585 835 τὸν
1607 807 1764 843 ἀνημμένον

979 857 1087 883 πάντων
1101 856 1131 882 τὸ
1147 855 1230 892 κῦρος
1245 856 1292 882 καὶ
1302 855 1332 882 τὸ
1343 852 1525 890 χράτος.“Ήν
1543 853 1597 889 γὰρ
1611 852 1764 888 ὲμπρεπὲς,

978 902 1032 929 τῶν
1052 902 1177 928 ἁπάντων
1197 901 1307 936 μείζονα
1324 900 1378 927 τῶν
1394 900 1480 927 ἄλλων
1498 898 1567 935 μετὰ
1582 899 1627 925 τὸν
1643 897 1763 933 Πατέρα,

981 949 1052 985 μόνῳ
1065 948 1102 984 τῷ
1117 949 1213 976 ἑαυτοῦ
1229 947 1331 984 μείζονι
1348 947 1402 984 (95)
1419 947 1506 982 Πατρὶ
1523 945 1676 982 χρήσασθαι
1694 944 1765 980 μάρ-

976 1097 1003 1124 in
1021 1096 1066 1124 Dei
1085 1096 1154 1124 filios
1167 1096 1369 1132 promovemur)
1384 1104 1444 1131 quae
1459 1098 1547 1127 vocat,
1563 1094 1669 1132 putavit
1681 1102 1762 1132 etor-

978 1132 1086 1159 nanda?
1100 1133 1144 1159 Sic
1159 1130 1232 1159 certe
1250 1132 1337 1160 solent
1352 1130 1500 1166 scriptores
1515 1131 1597 1163 sacri,
1609 1130 1671 1157 aliis
1686 1130 1763 1157 aliis-

979 1175 1031 1202 que
1043 1167 1155 1195 vocibus
1164 1168 1258 1194 eodem
1270 1171 1399 1195 contextu
1409 1167 1531 1194 eamdem
1541 1173 1596 1193 rem
1606 1167 1761 1202 illustrare:

979 1200 1030 1230 nec
1047 1202 1124 1230 facile
1138 1202 1171 1229 ad
1187 1203 1237 1229 alia
1253 1202 1392 1230 trahenda:
1411 1210 1501 1233 voces,
1526 1201 1633 1236 quando
1655 1200 1702 1227 uni
1723 1201 1764 1228 ei-

978 1238 1095 1272 demque
1116 1238 1154 1265 rei
1176 1238 1250 1264 uullo
1271 1237 1443 1265 incommodo
1464 1240 1578 1272 possunt
1596 1236 1762 1272 convenire;

978 1281 1013 1300 ne
1029 1271 1107 1308 quasi
1124 1280 1254 1308 parergon
1273 1273 1337 1308 quid
1360 1273 1433 1307 loqui
1456 1271 1573 1308 Spiritus
1595 1275 1708 1308 sanctus
1733 1271 1761 1297 iu

978 1308 1018 1335 eis
1034 1306 1168 1335 videatur.
1186 1306 1342 1341 Quid-enim
1357 1306 1459 1335 adhoc
1475 1306 1547 1342 quod
1563 1314 1643 1334 omne
1660 1306 1762 1342 donum

997 1343 1127 1371 eriectuiu
1146 1343 1179 1370 de
1193 1343 1263 1370 coelo
1283 1347 1334 1374 est.
1353 1343 1379 1370 id
1403 1348 1445 1371 ρει
1467 1341 1491 1369 τί
1506 1342 1569 1373 Deo,
1592 1349 1653 1369 esse
1678 1341 1762 1367 Deum

1001 1382 1086 1416 atrem
1116 1378 1259 1416 luminum;
1287 1379 1314 1405 id
1333 1382 1376 1416 est
1395 1378 1455 1416 Filii
1472 1383 1498 1406 et
1519 1375 1764 1416 Spirit_us_sancti_;

979 1414 1021 1442 vel
1040 1414 1123 1441 etiam
1137 1414 1293 1447 angelorum
1309 1421 1340 1440 ac
1357 1414 1506 1445 hominum,
1527 1417 1572 1439 aut
1592 1412 1709 1446 denique
1725 1412 1764 1438 si-

979 1449 1089 1481 derum;
1107 1453 1134 1475 et
1149 1456 1202 1475 non
1223 1449 1310 1483 potius
1330 1448 1487 1476 eorumdem
1510 1448 1641 1474 donorum
1655 1451 1685 1483 et
1701 1454 1764 1483 gra-

977 1485 1088 1513 tiarum.
1109 1481 1245 1518 quomodo
1271 1483 1351 1511 Pater
1374 1483 1615 1518 niisericordiarnin
1638 1481 1682 1518 (II
1697 1481 1762 1510 Cor.

977 1528 996 1551 ι,
1012 1520 1050 1554 5).
1067 1517 1143 1550 Ειζὸ
1157 1519 1185 1545 δὲ
1200 1518 1267 1550 Θεὸς
1286 1519 1376 1554 πάσης
1396 1518 1505 1554 χάριτος
1521 1518 1548 1552 (Ι
1564 1517 1638 1544 Peti'.
1655 1526 1681 1550 v,
1703 1518 1762 1552 40).

976 1559 1003 1582 et
1017 1555 1114 1582 similia
1126 1562 1185 1588 qua:
1200 1558 1273 1581 certe
1281 1553 1374 1582 eodem
1387 1553 1550 1589 respiciunt;
1566 1561 1616 1581 nec
1633 1553 1764 1580 substan-

977 1590 1085 1619 tiaruni.
1102 1589 1148 1617 sed
1163 1589 1295 1616 donorum
1319 1598 1351 1616 ac
1366 1589 1572 1619 charismatum,
1592 1596 1640 1616 seu
1660 1589 1763 1622 gratia-

976 1633 1036 1652 rum
1053 1625 1135 1652 Deum
1150 1628 1288 1652 auctorem
1298 1625 1424 1655 innuunt,
1436 1628 1599 1658 monentque
1610 1623 1687 1650 oilicii
1698 1631 1763 1658 erga

976 1660 1064 1695 ipsum
1073 1667 1106 1686 eo
1114 1660 1223 1695 nomine
1232 1664 1258 1687 et
1265 1660 1339 1694 Quod
1349 1661 1382 1687 ah
1392 1660 1610 1695 illoaccepiinus.
1617 1659 1762 1695 C(llBEt-‘ls.

1013 1695 1068 1729 (95)
1083 1696 1170 1727 Mdqu
1188 1694 1228 1727 τῷ
1246 1695 1355 1722 ἑαυτοῦ
1372 1694 1492 1730 μείζονι.
1509 1694 1635 1727 Maiorem
1650 1694 1762 1730 quidem

977 1738 1006 1758 se
1032 1730 1139 1757 Patrem
1162 1731 1219 1765 ipse
1242 1729 1527 1764 Cliristus'prolitetur
1546 1730 1625 1757 Joan.
1640 1737 1697 1762 xtv,
1714 1729 1761 1761 528,

977 1765 1047 1800 quod
1064 1766 1109 1792 alii
1129 1765 1306 1792 humanitatis
1328 1766 1434 1792 ratione
1456 1769 1605 1799 exponunt,
1629 1769 1764 1800 quaierat

977 1799 1066 1827 iturus
1082 1801 1114 1827 ad
1131 1801 1255 1830 Patrem:
1270 1801 1315 1827 alii
1326 1801 1407 1828 etiam
1424 1801 1542 1829 deitatis.
1561 1808 1607 1827 seti
1623 1807 1675 1833 qua
1691 1799 1763 1826 Dens

976 1841 1018 1864 est
1032 1844 1063 1863 ex
1079 1835 1158 1862 Patre
1180 1843 1211 1862 ac
1233 1835 1328 1867 Filius,
1346 1843 1398 1870 qua
1415 1836 1474 1870 ipsa
1490 1836 1594 1862 ratione
1610 1833 1717 1860 Patri-in
1735 1839 1764 1861 ut

977 1876 1116 1898 auctorem
1135 1871 1255 1905 respicit,
1274 1879 1306 1898 ac
1322 1871 1435 1906 proinde
1450 1871 1611 1897 auctoritate
1624 1870 1763 1906 principii,

977 1911 1007 1933 ut
1034 1910 1131 1932 vovant
1153 1906 1281 1939 majorem
1295 1916 1301 1933 :
1314 1904 1374 1941 qua:
1398 1906 1551 1938 Athanasii,
1568 1905 1660 1932 Basilii
1671 1925 1678 1935 ,
1693 1904 1762 1932 Gre-

977 1941 1046 1976 gorii
1075 1940 1204 1976 Theologi
1228 1940 1404 1976 veterumque
1429 1941 1544 1968 aliorum
1572 1941 1762 1975 theologorum

978 1984 1093 2004 concors
1111 1977 1315 2011 sententiaiest,
1333 1984 1441 2011 unaque
1465 1977 1505 2003 eis
1519 1976 1598 2011 digna
1613 1976 1670 2002 visa
1686 1982 1763 2002 ('om-

978 2013 1084 2046 paratio
1097 2011 1156 2038 Filii
1169 2019 1230 2038 cum
1250 2010 1338 2043 Patre,
1353 2017 1379 2039 ut
1390 2010 1461 2046 quod
1478 2011 1560 2038 unius
1574 2019 1634 2038 cum
1650 2011 1695 2037 illo
1712 2018 1763 2037 na-

978 2050 1045 2074 tura;
1060 2055 1091 2074 ac
1109 2047 1269 2074 substantia:
1294 2048 1348 2080 sit;
1369 2055 1419 2073 nec
1447 2050 1508 2082 apta
1531 2047 1566 2074 sit
1593 2048 1763 2082 comparatio

978 2082 1030 2109 nisi
1047 2082 1117 2109 inter
1132 2090 1163 2109 ea
1190 2090 1250 2116 qua:
1279 2087 1343 2109 sunt
1359 2082 1419 2116 ejus
1446 2081 1563 2116 generis.
1582 2081 1665 2116 idque
1694 2081 1762 2108 mihi

978 2118 1096 2144 maximo
1110 2115 1278 2151 argumento,
1298 2115 1457 2152 abrogando
1467 2117 1617 2143 Athanasio
1632 2115 1762 2152 Symbolo

977 2152 1014 2179 illi
1028 2153 1157 2186 ascripto,
1183 2153 1254 2187 quod
1285 2152 1323 2178 ita
1346 2151 1448 2180 asserta
1466 2152 1663 2187 etdogmatice.
1689 2151 1763 2179 ineo

976 2188 1065 2215 omnis
1087 2188 1133 2213 illa
1152 2188 1320 2222 comparatio
1347 2188 1381 2214 ad
1400 2187 1594 2214 humanitatem
1613 2186 1759 2222 referatur,

975 2227 1069 2250 contra
1085 2230 1116 2249 ac
1127 2221 1222 2249 verus’
1239 2222 1405 2249 Athanasius
1420 2222 1452 2249 ad
1466 2222 1551 2256 ipsam
1571 2221 1663 2248 retulit
1673 2221 1760 2248 deita-

976 2262 1028 2284 tein
1048 2266 1054 2284 :
1072 2265 1121 2284 nec
1135 2258 1199 2291 quin
1214 2257 1272 2292 ipse
1287 2258 1385 2291 aliique
1399 2257 1444 2283 τοῦ
1455 2257 1596 2292 ὁμοουσιου
1610 2261 1761 2284 assertores

978 2293 1120 2323 referrent,
1133 2293 1240 2320 obstitit
1266 2292 1392 2320 Ariauica
1421 2293 1556 2326 impietas,
1572 2293 1618 2326 qui
1642 2292 1705 2318 inde
1718 2292 1759 2318 vel

977 2328 1093 2355 maxime
1104 2327 1142 2362 τῷ
1155 2327 1283 2363 ἀνομοίῳ,
1298 2333 1324 2355 et
1337 2333 1366 2354 ut
1384 2325 1468 2354 ununi
1479 2335 1540 2354 vere
1556 2325 1638 2354 Deum
1651 2325 1761 2363 Patrem

978 2361 1166 2397 agnoscerent,
1185 2361 1281 2389 Filium
1309 2371 1374 2390 vero
1401 2363 1480 2396 quasi
1507 2362 1762 2397 nuncupationeiet

979 2396 1057 2424 titulo
1074 2406 1121 2425 seu
1146 2398 1313 2432 dignatione,
1344 2397 1497 2432 praesidium
1529 2397 1696 2432 quaerebant.
1717 2396 1762 2423 Sic

978 2441 1049 2467 smpe
1060 2433 1159 2460 Euseb.
1180 2431 1197 2460 l.
1219 2441 1245 2465 v,
1275 2431 1365 2467 capﬁi
1383 2433 1422 2460 De
1452 2431 1630 2459 Demonstrat.
1648 2431 1762 2466 Evang.,

978 2472 1004 2494 ct
1018 2468 1097 2502 epist.
1110 2469 1144 2495 ad
1159 2467 1372 2502 Euphrasionem
1388 2468 1555 2502 episcopum,
1568 2469 1651 2494 relata
1669 2467 1695 2493 in
1726 2474 1762 2492 vn

979 2503 1087 2538 synod.,
1105 2508 1156 2530 act.
1172 2504 1198 2530 6.
1217 2503 1368 2530 llicthodius
1379 2511 1413 2530 an
1426 2508 1453 2530 et
1474 2504 1531 2537 ipse
1549 2503 1618 2529 male
1633 2502 1762 2538 senserit,

979 2536 1181 2573 iicgatAllatius
1198 2547 1204 2564 :
1223 2539 1301 2565 velim
1314 2542 1339 2565 et
1353 2546 1414 2573 ego,
1424 2538 1450 2565 ni
1463 2536 1588 2573 superius
1605 2542 1698 2565 notata
1714 2536 1760 2563 ob‘

979 2578 1094 2606 starent,
1110 2574 1155 2600 tibi
1166 2574 1315 2601 secundum
1333 2581 1423 2601 rerum
1434 2572 1585 2604 auctorem,
1598 2577 1625 2600 et
1644 2572 1761 2599 archan-

979 2609 1099 2646 gelorum
1111 2610 1273 2646 principem,
1283 2612 1309 2635 et
1322 2613 1403 2643 caput
1416 2608 1460 2635 τὸν
1469 2608 1552 2642 Λόγον
1568 2608 1674 2646 staiuit,
1689 2607 1763 2646 velut

979 2644 1100 2671 Adamus
1125 2649 1167 2672 est
1191 2644 1424 2678 hominum:qu:e
1446 2651 1558 2677 prorsus
1575 2644 1762 2678 Arianicarvi-

979 2679 1088 2706 dentur.
1103 2678 1153 2706 Hic
1164 2678 1233 2706 forte
1248 2677 1379 2705 excusari
1391 2682 1492 2713 posset,
1512 2682 1539 2705 et
1553 2679 1623 2705 trahi
1645 2679 1678 2705 ad
1694 2677 1762 2713 alio-

980 2722 1040 2741 rum
1052 2713 1161 2740 Patrum
1187 2713 1368 2740 orthodoxum
1392 2712 1515 2744 sensum,
1532 2713 1604 2748 qtiod
1620 2713 1674 2740 Leo
1688 2712 1764 2739 Alla-

980 2749 1034 2776 tius
1051 2750 1094 2784 pie
1119 2753 1250 2776 conatur:
1265 2748 1313 2776 sed
1329 2757 1362 2775 an
1382 2748 1499 2780 evincat,
1512 2747 1626 2775 aliorum
1641 2752 1700 2784 esto
1717 2747 1764 2782 ju-

980 2784 1080 2812 dicium
1094 2793 1102 2818 ;
1117 2789 1190 2813 certe
1213 2784 1380 2819 comparatio
1391 2784 1462 2811 aliud
1485 2784 1623 2819 postulare
1643 2783 1762 2815 videtur,
