1908 3078
137 70 189 99 127

627 71 655 98 S.
678 71 841 99 METHODII
858 71 1012 100 EPISCOPI
1034 73 1077 100 ET
1098 72 1275 101 MARTYRIS

1697 74 1750 102 ηε

623 140 687 168 CAP.
705 141 735 167 ll.
754 140 817 167 Loci
828 140 905 168 Cant.
926 149 962 174 Iv,
975 142 1050 172 9-12,
1070 142 1258 177 interpretatio.

171 200 291 236 Cogitate
307 201 389 232 enim,
404 208 420 227 ο
432 200 567 236 virgines;
587 201 659 236 quod
671 203 707 229 ita
729 209 856 237 sponsam
876 203 915 228 al-
930 208 951 236 Α

138 247 266 282 loquitur,
278 247 417 275 Abstuliin
429 247 502 275 nobis
522 256 567 275 cor
584 256 635 275 uno
651 249 786 276 oculorum
799 254 914 281 tuorum,

137 294 321 329 perspicacem
355 294 409 320 vim
440 294 537 321 mentis
565 295 747 330 intelligentiae
772 294 914 327 ostendit;

138 344 280 374 postquam
293 339 397 366 scilicet
413 339 493 367 homo
506 340 617 367 interior
630 347 689 367 eam
707 339 849 368 deterserit
862 341 917 376 pla-

138 393 224 420 neque
240 385 420 417 mundaverit,
434 390 463 412 ut
475 385 603 421 liquidius
618 386 757 413 veritatem
768 387 914 414 intueatur.

137 430 275 466 Duplicem
292 432 364 458 enim
381 439 442 459 esse
456 432 574 464 oculum,
593 432 707 459 alterum
723 432 816 465 animi,
835 437 916 467 atque

137 478 251 504 alterum
279 478 411 512 corporis,
444 478 530 506 cuivis
560 478 733 506 manifestum
760 482 812 506 est.
839 477 916 506 Haud

136 524 276 551 enimvero
290 532 352 551 eum
369 525 415 559 qui
430 528 471 552 est
489 525 620 559 corporis,
643 532 672 552 se
690 532 780 552 amare
797 524 915 552 Verbum

136 569 288 604 proﬁtetur,
307 570 353 597 sed
371 570 502 597 duntaxat
523 578 584 598 eum
609 571 654 606 qui
668 575 709 598 est
723 571 832 603 mentis,
852 571 915 598 dum

137 616 194 646 ait,
215 615 357 643 Abstulisti
378 617 451 644 nobis
474 626 519 644 cor
538 618 565 644 iu
582 626 632 644 uno
649 618 784 645 oculorum
799 623 914 650 tuorum,

136 666 161 688 et
177 662 204 688 in
219 670 269 689 uno
284 667 435 690 ornamento
452 663 513 690 colli
525 663 573 690 tui.
589 663 670 696 Quasi
684 663 786 692 diceret
803 673 809 691 :
825 663 864 691 Tu
878 664 918 691 ni-

137 709 256 741 mirum,
283 709 479 737 amabilissimo
504 710 653 745 prudentia:
681 714 734 737 tua:
763 710 859 737 obtutu
889 710 917 737 in

138 762 256 782 amorem
269 762 317 782 cor
331 760 455 784 nostrum
470 756 600 789 incitasti,
618 764 649 784 ac
663 757 741 791 quasi
762 757 794 783 ad
814 760 840 784 te
854 764 918 784 avo-

138 800 195 828 iare
215 800 313 834 fecisti,
339 802 469 829 mundum
492 802 526 830 ab
547 803 620 830 intus
637 803 770 831 castitatis
790 803 917 831 evibrans

138 847 396 882 splendidissimum.
405 847 463 875 Jam
472 849 542 876 enim
550 849 610 876 colli
618 855 775 876 ornamenta
788 855 918 877 vocantur

1006 203 1202 237 Ἐπισκέψασθε
1223 203 1287 238 γὰρ,
1302 203 1342 229 ὃτι
1356 201 1602 237 τὺ,ῈκαρδΙωσας
1621 203 1710 236 ἡμας,
1726 199 1750 228 ὦ

966 249 1104 285 παρθένοι,
1119 249 1261 285 λεγόμενον
1276 250 1343 285 πρὸς
1364 248 1445 276 αὑτοῦ
1459 250 1491 284 τῇ
1508 249 1611 284 νύμφῃ,
1627 248 1672 275 ἑνὶ
1688 248 1750 276 ἀπὺ

965 295 1125 330 ὀφθαλμῶν
1160 304 1236 328 σου,
1261 296 1306 322 τὸν
1334 294 1484 331 διορατικὸν
1511 295 1746 330 τῆςφρονήσεωί

965 340 1102 376 ὀφθαλμὸν
1123 341 1255 368 δείκνυσιν
1265 349 1272 356 ·
1294 341 1374 368 ὁπότε
1390 340 1421 376 δὴ
1435 340 1528 367 τοῦτον
1542 341 1556 366 ό
1570 340 1624 367 ἔσω
1641 340 1746 376 σμήξαε

966 387 1107 423 ἄνθρωπος
1127 387 1254 423 καθαρῶς
1269 387 1430 425 τρανότερον
1455 387 1504 423 τὴν
1529 387 1658 422 ἀλήθειαν
1682 388 1747 413 ἑπο-

967 433 1068 460 πτεύει.
1083 433 1180 469 Δισσὴν
1201 433 1254 469 γὰρ
1276 433 1362 468 ὂψεως
1377 431 1444 459 εἶναι
1459 433 1571 468 δύναμιν
1594 433 1674 459 παντί
1695 439 1747 460 που

966 480 1133 514 καταφανές
1159 479 1222 515 μίαν
1247 479 1296 515 μὲν
1318 479 1416 515 ψυχῆς,
1439 479 1553 515 θατέραν
1567 479 1595 505 δὲ
1612 479 1747 514 σώματος.

973 525 1041 552 Ἀλλ’
1058 526 1118 560 οὐχὶ
1132 525 1181 561 τῆς
1194 524 1239 551 τοῦ
1258 524 1381 560 σώματος
1395 526 1459 560 ἐρᾷν
1479 525 1493 551 ό
1512 524 1597 559 Λόγος
1613 524 1748 560 ὁμολογεῖ,

967 571 1032 600 an;
1056 572 1104 607 τῆς
1129 571 1197 602 κατὰ
1218 571 1335 598 διάνοιαν
1364 571 1453 607 μόνον,
1473 572 1521 598 Ἐν
1541 571 1597 603 ἐνὶ,
1624 571 1748 606 φάσκων,

966 619 1148 653 ἐκαρδίωσας
1160 618 1238 653 ἡμᾶς
1250 618 1308 645 ἀπὸ
1323 617 1483 652 ὀφθαλμῶν
1494 626 1563 650 σου,
1577 617 1627 644 καὶ
1648 618 1684 644 ἐν
1694 617 1752 653 μιᾷ

966 664 1102 699 ἐνθέματι
1118 664 1269 699 τραχήλου
1290 671 1358 691 σου.
1369 664 1455 699 Ὅπερ
1471 664 1554 691 ἐστίν
1566 661 1601 689 Ὦ
1615 662 1696 698 αὕτη,
1710 662 1752 698 τῷ

968 711 1109 747 ἐπεράστῳ
1124 720 1170 737 σου
1193 710 1326 746 βλέμματι
1343 709 1392 744 τῆς
1409 708 1542 740 συνέσεως
1558 709 1751 744 ἀνεπτέρωσας

968 756 1045 793 ἡμῶν
1067 757 1116 793 τὴν
1138 756 1249 792 καρδίαν
1273 757 1312 787 εῑς
1333 755 1424 787 πόθον,
1443 755 1541 782 ἔσωθεν
1557 755 1602 781 τὸν
1624 753 1751 790 ἀρίδηλον

968 804 1068 839 κόσμον
1092 803 1313 839 ὲξαστράπτουσα
1333 802 1382 837 τῆς
1406 800 1753 836 σωφροσύνης.Ἐνθέματα

968 851 1022 886 γὰρ
1037 850 1171 886 τραχήλου
1186 849 1307 876 καλεῖται
1321 847 1355 874 τὰ
1369 848 1537 885 περιδέραια,
1553 846 1587 872 τὰ
1605 846 1638 872 ὲκ
1660 845 1752 872 ποικί-

138 897 249 928 torques
263 899 309 921 aut
327 894 448 927 monilia,
468 903 501 922 ex
516 894 600 922 variis
615 899 641 922 et
657 895 783 930 pretiosis
805 897 918 931 gemmis

972 897 1023 924 λων
1044 897 1091 924 καὶ
1106 897 1203 932 τιμίων
1220 895 1395 930 συντιθέμενα
1409 894 1500 921 λίθων.
1508 893 1576 920 Ἀλλ’
1592 893 1620 918 αἱ
1635 893 1685 928 μὲν
1699 900 1753 917 σω-

138 943 275 967 rontexta.
297 939 430 968 C:eterum
454 949 513 976 quae
541 941 664 976 corporis
690 942 775 968 cultui
808 941 918 970 student

135 986 243 1018 animae,
265 987 419 1015 sensibilem
435 987 506 1014 hunc
527 984 668 1018 mundum.
684 988 811 1015 exteriori
826 988 918 1016 carnis

136 1032 236 1059 cervici
252 1033 284 1059 ad
301 1032 420 1060 fraudem
435 1034 630 1061 contuentibus
647 1033 811 1066 faciendam,
835 1042 919 1070 appo-

136 1083 220 1111 nunt;
237 1083 332 1106 contra
348 1087 413 1107 vero
430 1087 490 1115 quae
506 1079 587 1107 vitam
603 1084 678 1109 caste
697 1081 853 1112 instituunt,
876 1082 919 1108 in-

137 1125 262 1152 teriorem
282 1125 333 1152 sibi
349 1125 479 1153 mundum
495 1126 635 1158 adhibent,
652 1135 684 1154 ex
704 1127 831 1162 pretiosis
842 1135 919 1154 vere-

136 1177 188 1205 que
204 1170 287 1197 variis
305 1171 403 1206 lapillis
427 1172 594 1206 gemmisque
610 1172 757 1204 (libertate,
777 1172 920 1207 magnani-

137 1216 239 1249 mitate,
260 1217 403 1251 sapientia,
417 1218 561 1254 charitate)
576 1218 738 1252 conﬂatum;
759 1226 853 1254 parum
872 1226 919 1245 cu-

136 1266 238 1294 rantes,
265 1262 331 1290 istos
350 1272 398 1299 pro
420 1265 512 1291 szeculi
529 1272 581 1291 usu
593 1265 646 1292 cito
668 1265 820 1293 dililuentes
838 1272 920 1292 orna-

137 1311 191 1340 tus,
209 1308 255 1343 qui
276 1308 401 1335 foliorum
414 1309 468 1336 ritu
484 1310 516 1337 ad
531 1314 638 1346 tempus
651 1309 777 1338 ﬂorentes
792 1311 919 1337 mutatio-

137 1353 216 1381 nibus
229 1355 351 1388 corporis
364 1363 413 1390 per
427 1360 511 1383 statas
528 1357 601 1384 vices
622 1357 840 1392 contingentibus
857 1364 920 1384 eva-

137 1403 261 1427 nescunt.
275 1400 376 1435 Duplex
395 1401 466 1428 enim
482 1403 507 1428 in
525 1402 633 1431 homine
644 1403 761 1430 mundus
776 1403 896 1430 cernitur
911 1412 919 1431 :

136 1451 252 1478 quorum
267 1444 380 1471 alterum
393 1446 439 1480 qui
457 1446 568 1474 interior
582 1451 623 1475 est
637 1455 669 1474 ac
682 1447 854 1480 immortalis,
868 1448 920 1475 Do-

138 1488 228 1516 minus
247 1489 356 1524 accipit,
374 1498 419 1517 car
433 1491 483 1518 sibi
498 1492 626 1523 ablatum,
642 1492 746 1525 dicens,
766 1493 792 1520 in
807 1501 859 1520 uno
876 1501 920 1520 or-

139 1539 261 1561 namenta
278 1536 340 1562 colli
352 1544 472 1571 sponsae;
486 1537 564 1572 quasi
583 1539 728 1573 pellectum
748 1547 778 1567 se
794 1543 875 1574 atque
886 1538 919 1566 ad

139 1587 256 1608 antorem
269 1589 414 1610 accensum
428 1583 594 1618 signiﬁcans,
607 1584 751 1619 splendore
764 1585 796 1611 ab
809 1585 920 1612 interio-
934 1577 954 1605 C

138 1625 177 1653 ris
193 1626 310 1654 hominis
333 1629 433 1655 vestitu
453 1629 596 1661 emicante,
618 1629 656 1656 uti
677 1633 704 1656 et
718 1628 862 1657 Psalmista
877 1633 920 1656 te-

139 1674 237 1704 statur,
250 1673 315 1700 dum
327 1681 428 1700 omnem
438 1674 550 1709 gloriam
562 1674 626 1709 ﬁlia:
641 1674 708 1710 regis
726 1673 758 1701 ab
773 1675 844 1701 intus
854 1682 909 1701 esse

139 1717 177 1743 ait
188 1717 222 1745 ".

973 943 1124 979 μασκοῦσαι
1139 942 1223 977 ψυχαὶ
1236 941 1280 968 τὸν
1296 940 1422 976 αἰσθητὸν
1443 939 1546 966 τουτονὶ
1567 938 1668 973 κόσμον
1681 937 1755 973 ἀμφὶ

971 989 1015 1016 τὸν
1028 987 1161 1025 τράχηλον
1184 987 1229 1014 τὸν
1253 986 1304 1019 ἔξω
1324 987 1372 1022 τῆς
1388 986 1487 1020 σαρκὸς
1504 983 1669 1020 περιτιθέασι
1684 983 1756 1018 πρὸς

971 1035 1078 1070 ἀπάτην
1102 1033 1156 1060 τῶν
1176 1032 1334 1068 θεωμένων·
1360 1033 1386 1058 αἱ
1412 1031 1439 1058 δὲ
1462 1030 1624 1065 ἀγνεύουσαι
1648 1028 1755 1056 ἔνδοθεν

972 1081 1087 1117 ἔμπαλιν
1100 1080 1146 1107 τὸν
1162 1080 1261 1115 κόσμον
1275 1079 1442 1112 ἑξάπτονται,
1457 1077 1501 1104 τὸν
1516 1076 1569 1104 ἀπὸ
1585 1076 1639 1102 τῶν
1654 1075 1756 1111 τιμίων

972 1127 1019 1154 καὶ
1040 1126 1168 1153 ποικίλων
1192 1125 1229 1158 ὡς
1244 1124 1359 1160 ἀληθῶς
1381 1124 1557 1159 συγκείμενον
1581 1121 1679 1154 λίθων,
1704 1120 1755 1156 τῆς

972 1173 1136 1209 ἐλευθερίας,
1151 1172 1199 1207 τῆς
1227 1170 1474 1207 μεγαλοφροσύνης,
1500 1169 1550 1204 τῆς
1576 1168 1681 1203 σοφίας,
1702 1167 1755 1201 τῆς

972 1218 1080 1254 ἀγάπης
1097 1218 1162 1253 (95)'
1178 1217 1254 1251 όλίγα
1274 1216 1449 1252 φροντίσασαι
1472 1215 1526 1241 τῶν
1542 1215 1604 1250 τῇδε
1621 1212 1754 1249 προσκαί-

973 1273 1026 1301 ρων
1043 1263 1237 1299 ποικιλμάτων,
1252 1262 1270 1289 ἃ
1289 1262 1393 1297 φύλλων
1409 1262 1486 1296 δίκην
1507 1261 1574 1297 πρὸς
1595 1260 1669 1295 ὥραν
1687 1258 1753 1285 θάλ-

971 1311 1050 1338 λοντα
1074 1309 1313 1344 συναφαυαίνονται
1334 1308 1380 1335 τοῦ
1406 1307 1528 1342 σώματος
1550 1307 1609 1338 ταῖς
1629 1305 1754 1341 τροπαῖς.

972 1356 1085 1388 Διπλοῦς
1099 1355 1152 1392 γὰρ
1176 1356 1190 1381 ὁ
1213 1355 1276 1390 περὶ
1289 1355 1333 1381 τὸν
1345 1354 1486 1389 ἄνθρωπον
1499 1353 1621 1388 φαίνεται
1642 1351 1754 1386 κόσμος,

972 1400 1009 1430 ὧν
1025 1403 1069 1430 τὸν
1092 1402 1165 1428 ἔνδον
1185 1403 1199 1428 ὁ
1219 1400 1319 1436 Κύριος
1341 1400 1521 1435 ὰποδὲχεται,-
1535 1399 1581 1426 τὸν
1606 1398 1754 1433 ἀκήρατον,

978 1449 1020 1475 ‘Es
1045 1448 1109 1483 μιᾷ,
1126 1448 1221 1482 λέγων,
1238 1446 1396 1482 τραχήλων
1412 1445 1546 1480 ἐνθέματι
1562 1443 1617 1478 τῆς
1635 1444 1756 1478 νύμφης

972 1494 1186 1529 κεκαρδιῶσθαι
1195 1502 1201 1509 ·
1217 1494 1308 1525 οἱονεὶ,
1323 1492 1369 1520 τοῦ
1383 1492 1483 1519 ἔσωθεν
1494 1490 1636 1527 ἀνθρώπου
1645 1490 1694 1525 τῆς
1707 1496 1755 1516 κα-

972 1540 1102 1576 ταστολῆς
1118 1540 1213 1576 αἴγλην
1234 1539 1448 1568 ἀποπίλῦοντος.
1464 1537 1583 1574 ὠρέχθαι
1599 1535 1753 1572 σημαίνων·

972 1586 1009 1617 ὥς
1025 1594 1075 1612 που
1095 1586 1140 1612 καὶ
1162 1586 1176 1611 ό
1190 1584 1332 1620 ψαλμῳδὸς
1347 1585 1488 1620 μαρτυρεῖ,
1505 1581 1602 1615 Πᾶσα,
1619 1581 1717 1616 λέγων,
1734 1580 1756 1616 ἠ

971 1631 1046 1664 δόξα
1057 1630 1112 1666 τῆς
1126 1631 1271 1666 θυγατρὸς
1283 1630 1336 1657 τοῦ
1343 1629 1630 1664 ,βασιλέως-ἐσωθεν.

470 1775 533 1803 Cu.
549 1775 594 1803 Ill.
614 1776 743 1812 Virgines,
757 1777 822 1812 ipsae
832 1781 973 1812 martyres,
992 1776 1061 1803 inter
1071 1775 1171 1803 Christi
1188 1774 1304 1806 sodales,
1320 1774 1426 1809 primae.

175 1827 262 1856 Nolim
273 1837 337 1856 vero
347 1830 481 1866 quispiam
491 1832 628 1860 existimet
640 1833 788 1868 improbari
801 1841 833 1861 ac
844 1833 921 1868 rejici

139 1874 218 1901 aliam
242 1876 441 1903 multitudinem
464 1877 641 1910 credentium,
658 1883 756 1913 putans
779 1887 829 1907 nos
849 1880 921 1907 solas

139 1920 256 1955 virgines
268 1921 450 1949 introductum
467 1923 509 1955 iri,
529 1924 663 1958 petituras
674 1924 753 1952 bonis
767 1925 920 1959 promissis,

139 1974 194 1993 non
216 1967 379 2002 intelligens,
395 1968 482 1996 tribus
502 1977 612 2004 quoque
628 1975 655 1997 et
671 1971 858 2005 cognationes,
876 1979 921 1998 or-

139 2013 270 2047 dinesque
289 2017 317 2041 et
339 2014 440 2042 classes
464 2014 581 2047 futuras,
598 2023 647 2050 pro
662 2016 795 2051 cujusque
812 2016 920 2043 illorum

140 2057 202 2086 ﬁdei
215 2059 326 2086 ratione.
338 2059 366 2086 ld
379 2060 449 2094 quod
459 2064 485 2087 et
497 2060 594 2088 Paulus
606 2060 739 2095 signiﬁcat
750 2062 813 2088 dum
826 2061 867 2088 ait
877 2061 898 2076 ³⁷
912 2070 919 2089 :

140 2105 203 2132 Alia
217 2105 327 2132 claritas
349 2106 423 2138 solis,
439 2106 494 2133 alia
513 2107 622 2134 claritas
643 2107 722 2139 lunw,
739 2107 795 2134 alia
809 2108 920 2135 claritas

140 2150 289 2177 stellarum.
304 2150 388 2178 Stella
402 2151 490 2186 differt
508 2160 524 2178 a
539 2152 617 2179 stella
631 2153 658 2178 in
673 2152 796 2179 claritate
812 2161 821 2179 :
841 2153 879 2180 ita
897 2159 921 2180 et

1007 1833 1052 1869 Μὴ
1067 1831 1280 1867 ὑπολαμϐανέτω
1294 1830 1323 1856 δέ.
1343 1839 1395 1862 τις,
1419 1829 1611 1865 ἀποκρίνεσθαι
1630 1828 1684 1865 (96)
1710 1829 1758 1856 τὸν

973 1879 1064 1915 ἕτερον
1079 1878 1171 1914 ὅμιλον
1190 1877 1244 1904 τῶν
1268 1876 1497 1907 πεπιστευκότων,
1516 1875 1593 1908 δόξας
1612 1876 1685 1911 ἡμᾶς
1708 1876 1758 1908 τὰς

974 1924 1123 1961 παρθένους
1146 1923 1228 1960 μόνας
1248 1921 1414 1957 εἰσηγεῖσθαι
1431 1921 1593 1956 τευξομένας
1607 1930 1655 1957 της
1669 1923 1758 1956 ἐπαγ-

974 1971 1064 2006 γελίας
1074 1979 1080 1985 ·
1098 1970 1128 1996 οὐ
1144 1970 1301 2005 συννοήσας,
1318 1970 1359 1995 ὃτι
1373 1968 1420 1995 καὶ
1435 1968 1514 2002 φυλαὶ
1526 1968 1572 1994 καὶ
1587 1967 1698 2002 πατριαὶ
1710 1967 1757 1994 καὶ

973 2016 1101 2051 τάγματα
1129 2017 1187 2042 κατ’
1202 2014 1346 2049 ἀναλογίαν
1372 2014 1484 2041 ἑκάστου
1512 2013 1616 2040 ἔσονται
1634 2013 1685 2048 τῆς
1711 2014 1757 2041 πί-

975 2071 1067 2094 στεως.
1081 2062 1136 2089 Καὶ
1148 2061 1225 2088 τοῦτο
1237 2061 1283 2088 καὶ
1300 2060 1403 2092 Παῦλος
1416 2060 1668 2096 διαγράφει,¹Λλλη
1681 2059 1757 2092 δόξα

973 2107 1073 2141 ἡλίου,
1091 2107 1139 2133 καὶ
1156 2106 1235 2139 ἄλλη
1250 2106 1324 2138 δόξα
1337 2105 1480 2139 σελήνης,
1504 2105 1599 2140 λέγων,
1614 2105 1661 2132 καὶ
1676 2105 1756 2140 ἄλλη

974 2153 1049 2185 δόξα
1070 2153 1212 2186 ἀστέρων.
1222 2151 1326 2186 Ἀστὴρ
1345 2152 1398 2186 γὰρ
1421 2151 1546 2185 ἀστέρος
1565 2151 1694 2186 διαφέρει
1722 2151 1758 2178 ὲ)-

141 2197 296 2224 resurrectio
321 2203 495 2224 mortuorum.
522 2198 555 2225 Et
580 2198 710 2225 Dominus
734 2206 788 2226 non
812 2199 919 2226 eosdem

975 2199 1047 2234 δόξῃ
1058 2208 1064 2214 ·
1081 2199 1157 2226 οὕτω
1180 2198 1229 2225 καὶ
1243 2199 1262 2233 ἠ
1276 2198 1443 2230 ἀνάστασις
1462 2197 1521 2224 τῶν
1533 2196 1655 2231 νεκρῶν.
1672 2197 1727 2223 Καὶ
1741 2197 1757 2224 ό

140 2244 267 2272 omnibus
280 2252 310 2271 se
330 2244 446 2272 honores
470 2244 596 2272 daturum
617 2246 770 2280 prolitetur,
791 2245 838 2272 sed
853 2245 922 2272 alios

140 2290 269 2318 caelorum
280 2299 361 2327 regno
376 2295 546 2325 aunumerat,
562 2293 621 2320 aliis
630 2297 708 2320 terrae
722 2292 921 2328 possessionem

140 2337 292 2371 pollicetur,
308 2337 376 2365 alios
391 2338 523 2372 promittit
534 2338 642 2365 visuros
662 2338 768 2366 Patrem
783 2338 816 2364 ³⁸.
832 2338 922 2370 Quare

140 2386 167 2409 et
184 2382 227 2409 hic
243 2383 360 2417 primum
375 2383 499 2411 ordinem
517 2387 544 2411 et
566 2384 679 2411 chorum
701 2387 921 2412 consecratarum

141 2428 193 2463 ipsi
218 2430 352 2465 virginum
378 2430 405 2456 in
433 2430 555 2465 requiem
589 2438 720 2457 novorum
749 2430 921 2461 saeculorum,

140 2479 267 2510 tauquam
283 2476 310 2503 in
327 2477 485 2507 thalamum.
503 2477 530 2504 in
547 2485 597 2504 suo
613 2478 742 2504 comitatu
761 2483 853 2503 secum
878 2476 922 2503 in-

140 2522 336 2550 troducendum
347 2531 380 2551 ex
395 2523 507 2550 oraculo
521 2523 629 2558 promit.
645 2523 755 2550 Puncta:
767 2522 839 2549 enim
853 2529 923 2549 mar-

140 2567 212 2604 tyrio
225 2572 299 2601 sunt,
316 2577 370 2596 non
386 2570 419 2597 ad
439 2570 520 2597 breve
531 2570 661 2605 temporis
677 2572 843 2596 momentum
859 2575 922 2595 sus-

193 2616 216 2632 ³⁸
233 2615 310 2643 Paal.
332 2625 405 2650 xuv,
419 2618 460 2645 M.
498 2617 520 2634 ³⁷
541 2617 556 2645 1
573 2617 634 2645 Cor.
651 2626 695 2651 xv,
711 2617 754 2644 41.

175 2662 231 2697 (95)
248 2662 383 2697 Ἀγίίπης.
403 2663 440 2690 Ita
454 2665 539 2692 codex
547 2664 608 2691 Vat.
626 2668 653 2691 et
669 2663 822 2691 Possinius.
844 2662 918 2688 Alla-

140 2698 198 2734 tius
210 2705 273 2734 vero
285 2707 347 2724 cum
364 2706 414 2726 ms.
436 2699 535 2727 Mazar.
548 2719 556 2731 ,
575 2699 759 2734 σωφροσύνης.
773 2698 918 2734 QouBEI-‘is.

176 2733 230 2767 (96)
246 2733 480 2766 ’Λποκρίνεσθαι.
498 2734 542 2761 Sic
559 2732 688 2768 All-alius;
709 2732 758 2762 uis.
773 2732 847 2765 Vat.,
859 2739 920 2759 cum

141 2768 273 2798 l’ossinio.
290 2768 497 2802 ἀποκρούεσθαι.
514 2769 550 2797 lo.

176 2803 231 2835 (U7)
253 2803 303 2830 Ἐν
322 2801 464 2835 ,ϐασιλείῃ
492 2806 714 2838 καταριθμεῖται.
748 2803 861 2832 Allatius
878 2801 922 2830 ἐπὶ

795 2616 817 2632 ⁸⁸
836 2615 932 2643 Matth.

975 2245 1076 2281 Κύριος
1095 2245 1122 2271 δὲ
1137 2245 1166 2271 οὐ
1184 2246 1249 2271 πᾶσι
1259 2243 1307 2275 τὰς
1321 2243 1404 2275 αὑτὰς
1417 2243 1542 2279 ὁμολογεῖ
1550 2243 1648 2269 διδόναι
1661 2242 1756 2277 τιμὰς,

975 2292 1031 2319 ἀλλ’
1041 2292 1143 2327 ἑτέροις
1154 2291 1202 2327 μὲν
1211 2292 1239 2317 ὲν
1248 2290 1369 2326 βασιλεία
1376 2289 1430 2325 (97)
1439 2288 1645 2324 καταριθμεῖται
1653 2287 1707 2314 τῶν
1715 2289 1759 2314 οὺ-

976 2336 1073 2372 ρανῶν,
1082 2336 1171 2368 ἄλλοις
1182 2336 1360 2371 κληρονομίαν
1370 2333 1562 2368 ἐπαγγέλλεται
1574 2334 1624 2369 γῆς
1653 2333 1758 2368 ἑτέροις

972 2383 1083 2418 ὄψεσθαι
1097 2383 1142 2408 τὸν
1157 2382 1276 2418 Πατέρα.
1295 2382 1349 2408 Καὶ
1362 2381 1393 2416 δὴ
1407 2380 1453 2407 καὶ
1466 2379 1581 2407 ἐνταῦθα
1597 2379 1703 2415 πρῶτον
1727 2379 1758 2406 τὸ

971 2429 1065 2463 τάγμα
1081 2428 1127 2454 καὶ
1141 2427 1186 2454 τὸν
1198 2427 1277 2463 χορὸν
1294 2427 1339 2454 τὸν
1355 2425 1431 2460 ἅγιον
1445 2425 1518 2461 αὐτῷ
1535 2425 1589 2452 τῶν
1602 2424 1756 2460 παρθένων,

973 2473 1065 2510 ὥσπερ
1083 2475 1123 2505 εἰς
1136 2473 1277 2509 νυμφῶνα,
1291 2473 1338 2508 τὴν
1351 2472 1502 2499 ἀνάπαυσιν
1516 2471 1569 2498 τῶν
1583 2470 1683 2497 καινῶν
1695 2469 1759 2496 αἱώ-

973 2529 1025 2547 νων
1064 2518 1267 2554 ὲφομαρτοῠντα
1307 2516 1554 2544 συνεισελεύσεσθαι
1590 2514 1756 2551 χρησμῳδεῖ.

979 2565 1187 2601 Ἐμαρτύρησαν
1202 2563 1256 2599 (98)
1271 2563 1335 2599 γὰρ,
1349 2564 1379 2590 οὐ
1391 2563 1460 2590 κατά
1470 2571 1496 2589 τι
1512 2561 1605 2598 μόριον
1617 2561 1714 2597 χρόνου
1727 2561 1758 2586 ὲν

952 2623 977 2642 ν.

971 2660 1005 2686 τὰ
1031 2659 1162 2694 βασίλεια.
1191 2657 1345 2694 Lectionem
1365 2660 1489 2694 Bostram
1517 2664 1550 2684 ex
1595 2654 1756 2694 vat._cod.

972 2690 1265 2737 expressitPossiuius.
1276 2693 1312 2719 In.
1321 2709 1354 2713 ——
1364 2692 1442 2719 Forte
1452 2693 1502 2727 leg.
1520 2690 1756 2726 καταριθμεῖσθαι,

975 2732 1317 2801 ΠΙ(θιθλῃεὲλῗίρτύρησαν.
1347 2763 1429 2795 Quasi
1460 2763 1614 2798 martyrium
1630 2761 1756 2796 fetarum.
