1908 3078
105 91 151 119 ης

627 91 818 119 CONVIVIUM
837 91 952 120 DECEM
975 92 1153 122 VlRGlNUM.

1658 99 1712 126 l$0

104 149 193 184 βραχεῖ
205 148 414 184 καρτερήσασαι
434 149 566 185 σωμάτων
582 149 737 185 ἀχθηδόνας,
755 148 821 176 ἀλλὰ
843 149 884 176 διὰ

936 150 1053 179 tinentes
1073 159 1217 187 corporum
1236 153 1402 188 gravamiua,
1428 152 1475 181 sed
1489 153 1577 188 quoad
1597 154 1651 181 vita
1665 163 1711 182 su-

103 194 197 225 παντὸς
214 193 349 228 τλήσασαι
373 194 424 220 τοῦ
451 195 520 229 βίου,
537 195 573 230 μὴ
588 195 823 222 ἀποδειλιάσασθαι
838 195 884 222 τὸν

103 238 192 280 ἀγῶνα
226 238 271 265 τὸν
293 239 481 280 Ὀλυμπιακὸν
519 239 626 275 ἀληθῶς
659 239 800 275 διαθλῆσαι
835 241 885 276 τῆς

102 276 221 318 ἁγνείας·
239 284 368 319 βασάνοις
383 276 416 312 τὲ
428 286 482 321 γὰρ
498 287 602 322 ἀγρίοις
617 286 717 322 ἡδονῶν
733 287 779 313 καὶ
794 286 885 321 φόῦοις

102 331 144 356 καὶ
167 330 265 362 λύπαις
288 331 475 366 ἀντισχοῦσαι,
489 333 606 364 καὶτοῖς
621 333 709 364 ἄλλοις
730 332 780 367 τῆς
801 341 882 368 πονη-

102 375 157 411 ρίας
182 375 237 402 τῶν
262 376 414 411 ἀνθρώπων
431 379 534 410 κακοῖς,
551 378 732 413 ἀποφέρονται
756 377 791 404 τὰ
816 377 885 413 γέρα

100 422 205 456 πρῶται
230 422 287 449 τῶν
310 423 406 456 ἄλλων,
422 425 460 456 εἰς
475 425 518 451 τὸν
537 425 638 460 ἀμείνω
653 424 703 459 τῆς
722 415 885 459 ἐπαγγελίας

100 468 298 502 ὲκτασσόμεναι
314 468 412 504 χῶρον.
424 469 528 504 Ἀμέλει
545 469 644 502 ταύτας
664 470 740 505 μόνον
756 469 885 504 ὲκλεχτὴν

100 512 208 549 νύμφην
226 514 276 545 τὰς
296 514 395 549 ψυχὰς,
412 515 459 541 καὶ
474 515 587 551 γνησίαν
600 517 614 543 ὁ
627 516 711 550 Λόγος
726 515 821 542 ἑαυτοῦ
836 524 886 542 κα-

100 559 139 584 λεῖ
148 568 155 573 ·
170 559 220 590 τὰς
233 559 261 585 δὲ
275 560 382 592 λοιπὰς,
398 561 535 593 παλλακὰς
550 562 595 588 καὶ
610 562 732 594 νεανιδας
746 562 792 588 καὶ
805 561 885 596 θυγα-

99 604 191 640 τέρας,
207 605 296 640 λέγων
307 603 358 632 ὦδε
367 614 374 621 ·
396 606 441 638 Ἐξ
445 605 554 639 ήκοντά
565 608 623 634 εισι
634 607 827 639 βασίλισσαι,
837 606 885 634 καί

101 650 286 686 ὁγδσὴκοντιι
317 653 485 679 παλλακαὶ·
511 653 560 679 καί
586 653 738 686 νεανιδες,
762 650 805 680 ὧν
831 656 884 681 οἰκ

100 696 184 724 ἐστιν
205 697 340 732 ἀριθμός.
355 698 414 725 Μία
435 698 498 724 ἐστὶ
513 699 669 733 περιστερά
694 707 764 733 μου,
787 698 886 727 τελεία

100 753 174 779 μουο
183 746 240 780 μία
252 745 318 772 ἐστι
337 745 374 779 τῇ
394 745 482 780 μητρί
505 744 609 778 αὐτῆς,
626 743 753 778 ἐκλεκτὴ
780 743 816 778 τῇ
841 752 886 770 τε-

101 792 195 826 κούσῃ
220 791 331 825 αὐτήν·
352 792 508 818 ὲνείδοσσν
532 791 628 824 αὐτὴν
654 789 820 824 θυγατέρες,
836 789 884 816 καὶ

935 202 1040 230 perstes
1061 196 1121 228 fuit,
1139 197 1284 224 tolerantes
1299 197 1430 231 laborum,
1448 198 1632 234 Olympiacum
1648 207 1712 227 vere

934 243 1100 270 castimoniae
1118 250 1230 278 agonem
1245 243 1350 270 fortiter
1363 244 1439 271 obire
1453 252 1505 272 non
1520 245 1710 278 formidarunt,

935 287 1066 322 saevisque
1077 288 1244 323 voluptatum
1262 290 1404 317 tormentis
1419 293 1446 316 et
1461 292 1605 325 pavoribus
1622 299 1653 319 ac
1667 293 1713 320 do-

935 333 1050 364 loribus.
1063 334 1177 369 aliisque
1190 335 1328 362 hominum
1346 336 1470 370 nequitiae
1491 337 1569 365 malis
1584 338 1713 365 resiSIen-

934 382 987 411 tes,
1004 381 1096 415 prima:
1106 386 1167 408 ante
1184 381 1252 408 alios
1267 388 1379 408 munera
1392 381 1419 408 in
1431 382 1586 411 melioribus
1600 385 1713 418 promis.

935 426 1020 454 sionis
1036 427 1101 454 locis
1111 427 1249 455 collocatae
1261 432 1409 462 reportant.
1423 428 1542 464 Denique
1557 430 1607 458 has
1625 432 1712 458 solum

935 472 1050 503 animas,
1065 471 1182 500 Verbum
1198 474 1310 501 electam
1333 483 1459 510 sponsam
1484 481 1563 510 atque
1579 477 1712 504 sinceram

935 523 1011 545 vocat
1027 527 1035 546 :
1053 519 1170 553 reliquas
1185 524 1286 552 autem,
1303 521 1468 549 concubinas
1484 525 1510 548 et
1527 522 1715 549 adolesoentu-

936 564 976 591 las
992 568 1072 598 atque
1095 564 1172 597 tilias,
1190 566 1230 592 sic
1244 565 1338 593 dicens
1350 566 1372 582 "
1388 577 1394 593 :
1411 566 1553 601 Sexaginta
1569 572 1629 594 sunt
1647 568 1715 603 regi-

935 616 985 640 me,
1009 613 1033 636 et
1053 610 1183 644 octoginta
1200 610 1368 642 concubium;
1387 615 1411 638 et
1428 611 1628 639 adulescentula:
1649 621 1714 647 qua-

934 661 994 680 rum
1011 662 1061 681 non
1083 658 1122 680 est
1145 663 1276 682 numerus.
1297 654 1355 682 Una
1371 661 1408 682 est
1431 656 1550 683 columba
1570 665 1637 689 mea,
1654 665 1713 691 per-

935 698 1003 732 fecta
1021 707 1094 731 mea;
1111 707 1163 726 una
1174 704 1212 726 est
1229 701 1308 726 matri
1324 708 1395 732 sum;
1416 702 1496 728 electa
1514 703 1632 737 genitrici
1648 711 1712 730 sum.

941 744 1066 771 Viderunt
1084 753 1141 771 eam
1165 746 1243 780 ﬁliae,
1265 751 1289 772 et
1311 746 1412 773 beatam
1428 748 1609 781 prmdicubunt
1630 757 1686 775 eam
1703 757 1713 777 :

936 791 1031 825 regina?
1046 795 1072 818 el
1087 791 1236 818 concubina:
1252 792 1395 819 laudabunt
1408 801 1476 820 eum.
1493 793 1560 820 Cum
1576 795 1646 821 enim
1663 795 1715 821 uti-

99 836 298 869 μακαριοῦσιγ
310 834 421 869 αὐτήν·
438 835 621 867 βασίλισσαι
656 835 705 861 καί
721 843 753 870 γε
769 836 884 862 παλλα-

935 845 988 871 que
1000 837 1090 864 multa:
1105 837 1160 864 sint
1172 837 1298 865 Ecclesia:
1312 838 1382 870 ﬁliae,
1399 847 1450 865 una
1463 840 1519 866 sola
1536 840 1620 867 electa
1634 844 1675 868 est
1689 843 1716 867 et

100 881 147 907 καὶ
171 881 313 908 αἰνοῦσιν
338 881 441 915 αὐτήν.
469 881 575 908 Πολλῶν
590 880 645 917 γὰρ
662 880 753 907 οὐσῶν·
767 880 885 915 δηλονότι

100 927 148 962 τῆς
169 927 335 964 Ἐκκλησίας
350 928 403 954 τῶν
418 927 582 963 θυγατέρων,
598 927 647 962 μία
660 927 718 953 ἐστὶ
733 927 800 962 μόνη
814 927 886 953 ὲκλε-

101 971 149 1007 κτὴ
162 972 211 999 καὶ
226 973 378 1008 τιμιωτάτη
397 974 425 999 εν
441 972 589 1008 ὀφθαλμοῖς
603 972 686 1007 αὐτῆς
702 972 771 1008 ὑπὲρ
785 972 884 1004 πάσας,

100 1018 129 1044 τὺ
141 1017 235 1054 τάγμα
249 1018 304 1045 τῶν
322 1018 472 1054 παρθένων.

937 883 1096 910 charissima
1111 883 1138 910 in
1150 883 1236 911 oculis
1247 883 1305 918 ejus
1321 891 1403 919 supra
1418 885 1545 920 reliquas,
1560 886 1628 914 ordo
1642 886 1716 914 scili-

936 933 979 956 cet
990 929 1136 964 virginum.

100 1076 161 1104 CAP.
176 1076 224 1104 IV.
239 1076 326 1103 Lotus
339 1076 418 1103 Cant.
434 1084 471 1108 vt,
492 1076 517 1108 7,
528 1076 555 1107 8,
572 1085 710 1111 expensus.
727 1076 840 1112 Regium,
856 1080 954 1104 sancti:
971 1079 1031 1103 ante
1046 1074 1175 1112 diluvium
1192 1075 1297 1102 animm.
1313 1075 1481 1105 Concubinw.
1493 1075 1587 1103 anima
1604 1077 1715 1110 prop/te-

153 1118 252 1139 tarum.
268 1112 390 1139 Divinum
407 1120 491 1139 semen
504 1111 538 1138 ad
553 1112 683 1146 spiritales
705 1111 784 1146 fetus,
801 1113 828 1174 ἰῖΙι
853 1112 1035 1174 (gap/letarum
1051 1111 1136 1138 libris.
1155 1111 1239 1143 Quasi
1253 1111 1422 1138 clandestina:
1440 1119 1497 1137 cum
1519 1111 1659 1146 prophetis,

828 1156 856 1175 er
874 1156 883 1174 I
902 1152 1008 1181 nupttat‘.

138 1204 202 1231 Ἐὰν
211 1204 239 1231 δέ
257 1213 296 1240 τῳ
311 1204 374 1240 περὶ
386 1204 488 1230 τούτων
503 1204 715 1241 ἀμφισῦήτησις,
732 1205 769 1237 ὼς
779 1205 884 1232 οὐδέπω

100 1250 153 1276 τῶν
183 1251 341 1285 κεφαλαίων
365 1250 463 1282 ἱκανῶς
486 1251 753 1287 ἐπεξειργασμένων,
774 1251 820 1277 καὶ
845 1251 884 1277 ἔτι
906 1272 910 1277 .

101 1297 220 1332 βούλοιτο
242 1297 302 1323 κατ’
324 1296 468 1332 ἀναγωγὴν
492 1296 581 1322 αὐτῶν
603 1296 787 1332 πνευματικὴν
808 1297 884 1333 διαρ-

101 1343 237 1380 θρωθῆναι
270 1343 471 1380 πληρέστερον,
494 1344 565 1376 τίνες
588 1344 655 1371 εἰσὶν
680 1344 708 1370 αἱ
733 1343 884 1378 βασίλισσαι

101 1390 145 1416 καὶ
159 1391 188 1416 αἱ
203 1389 322 1422 νεάνιδες
332 1398 339 1405 ο
354 1389 476 1425 λέξομεν,
487 1389 614 1417 δύνασθαι
628 1390 713 1416 ταῦτα
725 1389 885 1425 λελαλῆσθαι

101 1436 146 1462 καὶ
161 1435 209 1462 ἐπὶ
230 1435 284 1461 τῶν
305 1435 333 1468 ἐξ
351 1435 436 1471 ἀρχῆς
446 1436 516 1462 κατὰ
535 1435 666 1472 πρόϐασιν
682 1435 784 1471 χρόνων
801 1437 829 1462 ὲν
849 1435 886 1461 δι-

100 1480 231 1517 καιοσύνῃ
254 1480 476 1516 διαπρεψὰντων·
499 1479 553 1507 οἷον
578 1480 631 1507 τῶν
657 1480 709 1516 πρὸ
731 1479 777 1507 τοῦ
802 1488 886 1506 κατα-

101 1526 220 1562 κλυσμοῦ
231 1546 239 1558 ,
261 1526 308 1553 καὶ
327 1526 381 1553 τῶν
398 1526 465 1562 μετὰ
482 1526 526 1553 τὸν
544 1526 749 1561 κατακλυσμὸν,
764 1526 810 1553 καὶ
831 1525 884 1552 τῶν

101 1574 154 1601 ἀπὸ
176 1574 223 1600 τοῦ
240 1574 358 1609 Χριστοῦ
382 1574 506 1610 καθεξῆς.
529 1573 605 1602 Εἶναι
627 1574 680 1610 γὰρ
700 1574 808 1610 νύμφην
837 1573 886 1609 μὲν

100 1621 148 1656 τὴν
164 1619 339 1656 Ἐκκλησίαν,
357 1619 512 1655 βασιλίσσας
526 1619 554 1646 δὲ
567 1620 615 1651 τὰς
630 1619 769 1655 βασιλικὰς
782 1619 886 1651 ὲκείνας

101 1667 149 1698 τὰς
175 1666 230 1702 πρὸ
251 1665 299 1692 τοῦ
325 1665 516 1701 κατακλυσμοῦ
533 1666 638 1701 ψυχὰς,
667 1666 829 1701 εὐαρέστους
847 1665 886 1700 τῷ

102 1713 159 1748 Θεῷ
172 1712 361 1748 γεγενημένας
370 1721 376 1726 ·
391 1712 512 1738 τουτέστι
529 1712 578 1744 τὰς
594 1712 665 1748 ἀμφὶ
677 1712 722 1738 τὸν
736 1711 827 1744 Ἀδελ,
840 1711 886 1738 καὶ

102 1760 145 1786 τὸν
160 1759 215 1794 Σὴθ
234 1760 281 1785 καὶ
294 1758 339 1785 τὸν
368 1758 453 1793 Ἑνώχ
464 1767 470 1773 ·
489 1757 628 1790 παλλακὰς
644 1758 672 1785 δὲ
693 1758 741 1790 τὰς
759 1758 827 1793 μετὰ
840 1758 886 1785 τὸν

102 1805 310 1840 κατακλυσμὸν,
328 1804 382 1831 τῶν
408 1804 569 1840 προφητῶν·
601 1801 662 1837 αἷς,
691 1805 743 1841 πρὸ
765 1805 810 1831 τοῦ
837 1805 886 1840 τὴν

107 1850 270 1886 Ἐκκλησίαν
293 1850 461 1886 ἁρμοσθῆναι
479 1849 518 1885 τῷ
530 1851 641 1886 Κυρίῳ,
658 1850 827 1878 παλλακίδων
847 1851 886 1877 δί-

102 1906 150 1934 κην
178 1897 393 1932 συγγινόμενος,
424 1896 531 1932 ἀληθεῖς
563 1897 709 1933 ὑπέσπειρε
734 1897 828 1932 λόγους
857 1899 886 1924 ἐν

102 1945 210 1981 ἁφθόρῳ
235 1945 284 1971 καὶ
297 1943 405 1979 καθαρᾷ
422 1943 581 1979 φιλοσοφίᾳ,
603 1943 645 1970 ίνα
664 1942 792 1977 γεννῶσιν
812 1942 886 1978 αὑτῷ

103 1991 282 2019 συλλαϐοῦσαι
297 1992 400 2023 πίστιν,
415 1990 523 2026 πνεῦμα
536 1991 681 2026 σωτηρίας.
698 1990 816 2017 Τοιαῦτα
832 1990 885 2026 γὰρ

101 2039 335 2073 ὰποὸλαστήματα
361 2037 472 2072 φύουσιν
494 2038 520 2063 αἱ
541 2037 641 2072 ψυχαὶ,
662 2037 823 2072 ἀείμνηστον
839 2036 885 2071 φέ-

101 2094 179 2122 ροντα
191 2085 222 2111 τὸ
238 2084 327 2116 κλέος,
347 2084 459 2115 ὁπόσαις
478 2083 510 2110 ἂν
524 2083 537 2108 ὁ
552 2083 668 2118 Χριστὸς
685 2082 882 2119 συνανακραθῇ.

101 2133 131 2159 El
146 2132 202 2167 γὰρ
221 2129 348 2166 βούλεσθε
363 2131 402 2161 εἰς
416 2130 555 2161 Μωῦσέως
569 2129 718 2164 ἀποϐλέψαι
734 2129 849 2164 βίὸλους,
866 2129 882 2164 ἦ

971 1203 1019 1231 Sin
1034 1203 1079 1231 cui
1097 1210 1161 1231 vero
1173 1202 1237 1230 hinc
1260 1202 1342 1229 haeret
1369 1203 1531 1237 scrupulus,
1556 1203 1633 1238 quasi
1656 1203 1715 1230 haec

936 1251 1024 1279 adhuc
1054 1250 1087 1278 ad
1107 1258 1204 1285 purum
1229 1249 1369 1284 Scriptura
1388 1257 1558 1284 nequaquam
1577 1250 1715 1277 declarata

937 1298 982 1330 sit,
1005 1305 1036 1325 ac
1048 1302 1177 1332 praeterea
1189 1296 1222 1323 atl
1238 1296 1405 1331 spiritualem
1417 1303 1476 1323 eam
1490 1302 1599 1323 sensum
1614 1296 1716 1323 referre

937 1344 1017 1376 velit,
1040 1344 1172 1378 juxtaque
1197 1343 1273 1369 illum
1302 1342 1458 1369 distinctius
1472 1342 1568 1376 exponi
1593 1349 1716 1377 quaenam

939 1390 992 1416 sint
1002 1390 1112 1425 reginae,
1123 1397 1184 1424 quae
1195 1397 1259 1416 vero
1270 1389 1429 1416 concubinae
1443 1396 1475 1415 ac
1489 1396 1548 1423 quae
1562 1388 1717 1416 adolescen-

938 1437 1001 1463 tulze
1014 1457 1022 1469 ,
1039 1436 1161 1469 dicemus
1178 1435 1234 1463 ﬁeri
1258 1442 1339 1470 posse
1364 1439 1392 1462 ut
1412 1435 1464 1462 ista
1479 1435 1551 1462 dicta
1567 1435 1621 1462 sint
1636 1434 1669 1462 de
1683 1434 1718 1462 iis

898 1495 919 1524 ρ
938 1483 984 1518 qui
1001 1491 1015 1508 a
1032 1482 1166 1517 principio
1181 1489 1229 1517 per
1241 1480 1430 1509 successiones
1444 1485 1594 1515 temporum
1621 1481 1646 1508 in
1669 1488 1716 1515 ju-

938 1530 1012 1557 stitia
1029 1530 1185 1557 claruerunt
1201 1536 1207 1555 :
1227 1532 1302 1563 puta,
1320 1528 1365 1562 qui
1382 1531 1443 1554 ante
1459 1527 1600 1558 diluvium,
1615 1527 1716 1562 quique

937 1580 998 1611 post
1012 1575 1154 1607 diluvium,
1171 1579 1197 1602 et
1213 1575 1259 1610 qui
1280 1575 1408 1608 deinceps
1425 1578 1486 1608 post
1502 1573 1649 1600 Christum.
1665 1572 1717 1600 Ec-

937 1622 1020 1649 clesia
1032 1621 1155 1649 videlicet
1170 1628 1269 1655 sponsa
1283 1624 1335 1648 est.
1352 1619 1462 1655 Reginae
1473 1626 1537 1646 vero
1549 1639 1556 1650 ,
1570 1619 1649 1653 regia:
1664 1619 1716 1646 illa:

937 1667 1034 1694 animae
1050 1674 1109 1701 quae
1132 1669 1195 1692 ante
1207 1664 1336 1692 diluvium
1360 1664 1413 1691 Deo
1426 1665 1601 1699 placuerunt,
1620 1670 1716 1697 nempe

936 1713 1013 1745 Abel,
1032 1711 1108 1744 Seth,
1126 1711 1229 1739 Enoch.
1240 1711 1415 1742 Concubinze,
1434 1717 1493 1745 quae
1507 1712 1568 1744 post
1584 1708 1716 1735 diluvium

936 1759 1032 1786 anima:
1049 1759 1167 1792 fuerunt,
1183 1765 1280 1792 nempe
1294 1756 1506 1792 prophetarum;
1522 1755 1620 1790 quibus
1640 1759 1717 1781 ante-

936 1812 1016 1839 quam
1032 1803 1154 1831 Ecclesia
1177 1803 1292 1830 Domiuo
1320 1804 1477 1838 optaretur,
1504 1800 1715 1827 concubinarum

935 1857 1011 1877 more
1026 1857 1200 1884 congressus,
1216 1849 1243 1876 in
1261 1849 1416 1883 incorrupta
1428 1846 1583 1882 mundaque
1599 1846 1716 1881 philoso-

936 1896 998 1931 phia
1013 1903 1092 1923 veros
1111 1895 1308 1922 subseminavit
1323 1901 1462 1922 sermones
1474 1914 1481 1926 ,
1496 1897 1525 1921 ut
1540 1893 1601 1920 inde
1616 1900 1715 1920 conce-

936 1947 980 1978 pta
995 1942 1045 1969 [ide
1058 1962 1065 1974 ,
1085 1942 1212 1976 spiritum
1233 1941 1330 1968 salutis
1344 1941 1367 1967 ei
1387 1945 1523 1975 parerent.
1545 1938 1624 1966 Tales
1641 1938 1714 1968 enim

935 1989 1006 2016 fetus
1025 1988 1109 2016 edunt
1125 1987 1259 2022 ejusmodi
1275 1986 1381 2017 animae,
1394 1983 1569 2012 monumenta
1587 1985 1627 2012 sui
1639 1989 1716 2012 teter-

935 2042 1000 2062 num
1016 2040 1144 2060 mansura
1170 2032 1371 2066 relinquentes,
1403 2030 1565 2066 quibuscum
1589 2029 1715 2057 Christus

935 2087 1099 2114 congressus
1115 2077 1206 2105 fuerit.
1223 2077 1251 2103 Si
1269 2077 1341 2104 enim
1355 2076 1381 2103 in
1404 2075 1505 2111 Moysis
1522 2079 1569 2102 aut
1587 2074 1714 2108 Davidis,

935 2131 982 2154 aut
996 2125 1166 2156 Salomonis,
1181 2127 1227 2151 aut
1241 2123 1317 2151 Isaia:
1327 2143 1333 2154 ,
1348 2126 1394 2149 aut
1411 2122 1524 2149 aliorum
1545 2121 1714 2156 subsequen-

101 2166 212 2212 Δαυΐδγῆ
230 2176 386 2212 Σολομῶνος
401 2176 418 2211 ἢ
436 2176 557 2208 Ἡσαΐου,
577 2175 594 2209 ἢ
607 2175 660 2201 τῶν
679 2174 796 2209 καθεξῆς
817 2183 883 2209 προ-

936 2173 1002 2198 tium
1017 2170 1208 2205 prophetarum
1226 2169 1310 2195 libros
1321 2168 1440 2195 animum
1459 2166 1610 2200 advertere,
1626 2174 1643 2193 0
1659 2167 1714 2194 viro

101 2223 210 2258 φητῶν,
234 2219 259 2249 ὦ
287 2221 434 2258 παρθένοι,
455 2220 576 2251 εἴσεσθε,
593 2218 637 2246 οἶα
661 2219 884 2246 καταλελοίπασιν

101 2269 204 2295 ἑαυτῶν
226 2267 326 2302 ἔκγονα
347 2266 386 2294 τῶ
402 2267 451 2302 βίῳ
473 2266 592 2302 σωτήρια
614 2266 657 2292 διὰ
678 2266 727 2300 τὴν
752 2265 819 2301 πρὸς
839 2265 884 2291 τὸν

101 2315 162 2342 Υἱὸν
178 2314 226 2341 τοῦ
244 2313 312 2340 Θεοῦ
327 2313 476 2340 κοινωνίαν.
493 2312 572 2340 Ὅθεν
589 2311 800 2347 τεθεωρημένως
816 2311 884 2338 παλ-

100 2359 184 2391 λακὰς
209 2358 413 2395 προσηγόρευσε
434 2357 483 2389 τὰς
507 2357 595 2392 ψυχὰς
615 2356 664 2388 τὰς
686 2356 855 2392 προφητικὰς
870 2357 884 2383 ὁ

101 2405 195 2439 Λόγος,
211 2405 253 2430 ὅτι
271 2404 307 2439 μὴ
320 2403 443 2438 φανερῶς
459 2403 542 2433 αὐτὰς
556 2402 636 2433 οὕτω,
653 2401 776 2437 καθάπερ
791 2401 821 2436 δὴ
837 2402 883 2428 καὶ

101 2451 148 2486 τὴν
175 2450 338 2485 Ἐκκλησίαν
371 2449 542 2484 ἐπηγάγετο,
568 2448 652 2480 θύσας
676 2448 709 2474 δι’
730 2449 814 2484 αὐτὴν
837 2448 882 2474 τὸν

104 2499 199 2533 μόσχον
216 2496 263 2523 τὸν
278 2495 409 2523 σιτευτόν.

133 2575 156 2591 ³⁹
174 2574 256 2602 Cant.
272 2582 310 2607 vt,
328 2574 353 2607 7,
368 2574 395 2601 8.
433 2573 457 2590 ⁸ο
476 2572 542 2601 Luc.
554 2581 600 2605 xv,
615 2572 661 2600 23.

103 2652 205 2680 Possin.
225 2652 413 2688 Ἐμαρτύρησε
424 2651 487 2688 γὰρ.
503 2651 540 2682 ὡς
557 2651 597 2688 οὐ,
609 2649 760 2688 redditque,
773 2651 881 2688 attesta-

103 2693 138 2714 lut
156 2689 224 2716 enim
235 2684 467 2721 etisfetclfcujvus'
479 2689 569 2712 tamen
591 2685 724 2721 lectionis,
745 2684 879 2721 nec_A_lla-_

103 2726 152 2751 tius
166 2719 300 2755 meminit,
319 2731 369 2750 nec
382 2719 428 2756 qui
450 2721 617 2748 Possinianaa
641 2720 749 2756 Lupara
766 2719 879 2756 editioni

103 2759 212 2793 praefuit.
231 2759 263 2786 Et
281 2763 357 2786 certe
372 2754 438 2793 nihil
453 2756 586 2793 congruit,
597 2759 623 2782 et
638 2754 768 2793 particula
784 2754 821 2785 ὡς
832 2761 879 2787 pa~

103 2790 149 2822 iam
164 2795 304 2830 adjectitia
323 2796 367 2830 est
392 2792 425 2818 ad
441 2791 600 2830 servandam
626 2790 877 2830 sytitaxint,“ql‘tam

102 2835 183 2859 tamen
197 2822 346 2859 inmeritus
361 2827 538 2861 interpolator
550 2822 657 2854 servare
672 2822 878 2860 nequivit.'Vult

933 2217 1020 2252 gines,
1038 2215 1189 2248 volueritis,
1201 2213 1330 2242 videbitis
1349 2213 1443 2249 quales
1458 2220 1592 2248 quamque
1605 2213 1666 2239 vita:
1679 2219 1711 2240 ac

932 2262 1032 2290 mundo
1048 2262 1181 2289 salutares
1197 2264 1258 2295 past
1269 2267 1298 2287 se
1312 2259 1382 2286 fetus
1394 2259 1563 2294 reliquerint,
1579 2265 1713 2285 commer-

932 2310 967 2336 cii
981 2309 1054 2336 illius
1070 2309 1175 2335 ratione
1185 2307 1257 2343 quod
1276 2307 1399 2334 illiscum
1413 2306 1481 2333 Filio
1491 2305 1536 2333 Dei
1548 2306 1712 2332 intercessit.

932 2354 1021 2388 Quare
1035 2353 1205 2382 considerate
1221 2353 1365 2380 admodum
1382 2351 1552 2378 concubinas
1569 2350 1713 2384 appellavit

933 2401 1051 2428 Verbum
1077 2400 1269 2435 prophetarum
1292 2398 1416 2429 animas,
1444 2396 1516 2431 quod
1540 2403 1594 2423 non
1612 2396 1651 2423 sic
1665 2404 1713 2423 eas

932 2447 1038 2483 palam,
1068 2447 1105 2473 uti
1133 2446 1261 2473 nimirum
1276 2443 1445 2476 Ecclesium,
1467 2442 1599 2475 duxerat,
1620 2442 1712 2470 occiso

931 2493 1005 2521 illius
1022 2493 1108 2529 gratia
1123 2492 1208 2521 vitulo
1226 2491 1348 2527 saginato
1364 2489 1398 2516 δ’.

931 2654 997 2682 ergo
1007 2645 1121 2673 arduum
1134 2645 1253 2672 tenenda
1267 2646 1393 2673 castitate
1402 2645 1551 2681 virginibus
1561 2649 1710 2677 certamen,

933 2682 1098 2716 martyribus
1115 2689 1181 2716 pene
1199 2688 1319 2715 compar,
1347 2681 1417 2715 quod
1435 2682 1527 2709 multis
1542 2687 1634 2716 postea
1662 2689 1711 2708 ste-

932 2717 1011 2747 culis.
1027 2717 1061 2744 de
1078 2717 1120 2743 his
1134 2716 1180 2750 qui
1197 2716 1321 2750 religiosa
1339 2717 1462 2750 palmstra
1489 2719 1514 2743 in
1533 2718 1610 2744 tinem
1626 2723 1712 2750 usque

931 2752 1058 2782 militant,
1077 2752 1194 2786 graviter
1211 2751 1355 2777 edissct'uit
1372 2751 1525 2779 Bernartlus
1540 2761 1546 2779 :
1562 2752 1661 2787 quibus
1676 2751 1710 2778 ad

930 2787 1113 2821 virginitatem
1144 2793 1191 2813 seu
1218 2787 1381 2814 castitatem.
1400 2787 1504 2814 accedit
1518 2787 1598 2814 etiam
1613 2787 1710 2813 volun~

930 2823 1006 2849 tarize
1019 2821 1185 2857 paupertatis
1201 2825 1228 2849 et
1243 2821 1401 2849 obedientia:
1417 2821 1543 2849 stadium.
1560 2822 1677 2849 Couazr.
