1908 3078
197 114 246 143 151

234 243 411 278 Quaerendum
437 251 518 279 porro
547 249 674 279 praeterea
705 243 832 276 videtur,
861 251 894 271 ne
912 243 977 278 quid
991 247 1015 275 Α

199 297 249 317 nos
264 289 336 316 dictu
353 290 538 317 necessarium
561 289 643 324 fugiat
655 309 662 321 ,
677 289 742 324 quid
762 297 852 317 causae
874 289 910 316 sil
928 297 977 316 cur

199 337 296 371 reginae
311 336 419 370 quidem
443 336 582 370 sexaginta
607 340 798 367 numerentur,
819 335 978 363 concubinae

196 387 261 407 vero
287 380 444 415 octoginta.
471 380 681 408 adolescentula:
710 384 801 407 autem
818 385 871 407 tam
887 380 978 407 multa:

196 427 371 459 inducantur,
388 432 417 454 ut
432 435 524 455 earum
547 435 678 455 numerus
698 431 806 462 propter
827 426 979 454 multitudi-

195 481 257 501 nem
273 474 337 500 iniri
361 478 495 508 nequeat;
521 481 620 508 sponsa
642 473 758 508 denique
779 477 893 508 ponatur
912 480 975 500 una.

197 518 363 554 Incipiamus
380 527 395 546 a
407 519 559 554 sexaginta.
579 518 736 554 Senginta,
749 519 856 554 opinor,
871 519 977 554 reginas

197 564 260 591 hinc
277 565 382 591 vocavit
392 573 439 592 eos
453 565 499 599 qui
522 565 557 592 ab
575 565 678 592 Adamo
693 572 779 599 usque
796 565 829 592 ad
844 563 900 592 Noe
912 571 978 592 con-

196 609 272 636 tinua
287 610 461 637 successione
475 613 626 644 temporum
648 609 702 637 Deo
720 610 893 644 placuerunt,
909 617 978 645 quo-

196 655 268 681 niam
283 654 344 683 aliis
358 655 385 682 hi
402 655 541 690 praeceptis
558 663 591 682 ac
608 655 713 690 legibus
729 655 762 682 ad
781 656 895 683 salutem
912 663 978 683 con-

196 699 362 734 sequendam
377 707 446 735 opus
459 708 513 727 non
526 700 690 731 habuerunt.
706 701 854 728 etiamnum
868 705 977 728 recente

197 745 268 781 apud
287 753 333 773 eos
349 746 477 773 memoria
500 746 646 774 creationis
669 746 781 780 mundi,
804 754 851 774 sex
879 746 976 774 diebus

197 793 309 820 conditi.
326 791 562 823 Recordabantur,
581 792 701 826 inquam,
714 799 760 819 sex
776 791 879 819 dierum
890 792 977 826 spatio

196 846 287 866 rerum
306 839 377 865 hanc
393 837 595 865 universitatem
611 844 626 864 a
639 837 694 864 Deo
706 837 791 865 fuisse
803 837 975 869 fabricatam,

196 892 344 919 eorumque
354 891 414 919 qua:
426 884 453 911 in
467 883 595 918 paradiso
609 884 780 918 contigerant
797 883 906 910 inﬁxam
918 891 977 911 sen-

196 931 272 958 sibus
298 930 438 957 historiam
464 929 599 956 habebant
626 938 633 956 :

197 977 278 1003 homo
292 980 403 1011 accepto
419 975 546 1003 mandato
559 982 611 1002 non
621 975 761 1010 tangendae
774 975 879 1002 arboris
890 974 977 1002 scien-

196 1021 250 1052 tiae,
265 1020 430 1055 impegisset,
440 1019 536 1047 fraude
546 1019 675 1047 inductus
686 1019 807 1046 auctoris
822 1019 932 1046 malitiae
941 1019 974 1045 ιι.

195 1065 264 1094 Hinc
278 1074 323 1094 eas
334 1066 439 1094 animas
452 1074 512 1101 quae
531 1066 622 1093 statim
639 1073 655 1092 a
671 1065 771 1092 mundo
784 1065 893 1093 condito
909 1073 976 1092 con-

194 1113 270 1140 tinua
285 1113 460 1141 successione
472 1112 556 1139 Deum
573 1112 624 1139 sibi
639 1111 783 1138 amandum
799 1111 974 1146 delegerunt,

195 1158 326 1192 ferme,ut
337 1159 376 1186 sic
388 1159 488 1192 dicant,
507 1159 585 1194 primi
602 1157 694 1185 saeculi
706 1158 823 1190 soboles,
835 1162 862 1185 et
872 1157 976 1185 vicinas

195 1205 285 1240 magni
301 1205 402 1233 senarii
413 1205 529 1236 dierum,
544 1204 685 1239 sexaginta
704 1203 814 1238 reginas
827 1203 976 1239 symbolice

193 1255 283 1282 vocat,
296 1251 371 1286 quia,
387 1255 416 1278 ut
431 1251 565 1282 dicebam,
582 1258 598 1278 a
610 1258 705 1279 senum
719 1250 825 1277 dierum
837 1251 975 1278 creatione

194 1297 286 1324 statim
302 1297 477 1324 exstiterunt.
499 1295 596 1331 Magno
619 1296 718 1331 quippe
744 1295 846 1323 honore
864 1296 975 1330 praecel-

195 1343 314 1375 luerunt,
335 1341 461 1368 familiari
472 1341 627 1376 angelorum
645 1342 761 1376 dignate
771 1341 906 1376 colloquio
918 1362 926 1374 ,
943 1349 975 1369 ac

193 1394 255 1422 qua:
271 1386 352 1413 Deum
368 1387 467 1422 palam,
491 1394 545 1413 non
563 1394 611 1421 per
639 1387 793 1419 somnium,
821 1395 892 1422 saepe
920 1388 976 1415 sint

194 1433 334 1460 contritae.
348 1431 526 1460 Considerate
538 1433 609 1459 cnim
618 1438 720 1467 quanta
737 1433 820 1461 Setho
835 1434 975 1461 familiari-

195 1484 237 1506 tas
255 1486 316 1506 cum
332 1477 386 1505 Deo
402 1478 552 1510 exstiterit,
571 1482 671 1513 quanta
687 1486 748 1506 cum
762 1479 856 1511 Abele,
874 1483 974 1514 quanta

193 1532 255 1552 eum
272 1524 371 1556 Enoso,
384 1528 485 1559 quanta
501 1532 564 1551 cum
580 1524 690 1552 Enocho
702 1545 709 1557 ,
724 1529 824 1560 quanta
845 1533 907 1552 eum
918 1525 975 1553 Ma-

654 112 683 140 S.
705 110 872 140 METHODII
892 109 1044 138 EPISCOPI
1063 108 1106 136 ΕΤ
1125 107 1304 136 MARTYRIS

1758 107 1814 137 152

337 185 402 214 Cn.
417 184 450 213 ν.
464 185 607 221 Sexaginta
621 185 729 220 regium,
745 194 792 212 cur
813 185 960 220 sexaginta,
973 188 998 211 et
1012 192 1059 211 cur
1075 184 1181 218 regina.
1197 182 1283 209 Primi
1297 181 1344 209 a'ui
1356 185 1504 208 sanctorum
1522 182 1685 216 pra-stantia.

1068 241 1270 276 Ἐπαπορητέον
1279 240 1307 266 δὲ
1319 239 1450 266 καὶτοῦτο
1464 239 1531 276 πρὸς
1542 239 1654 272 τούτοις,
1667 240 1710 267 ἴνα
1726 240 1814 276 μηδὲν

1026 289 1100 324 ἡμᾶς
1123 287 1176 314 τῶν
1201 287 1354 321 ἀναγκαίων
1378 286 1523 322 ἀποδράναι
1538 286 1652 322 δυνηθῇ,
1669 287 1695 313 τι
1710 287 1813 322 δήποτε

1026 335 1075 366 τὰς
1092 334 1140 369 μὲν
1164 332 1320 368 βασιλίσσας
1336 331 1464 367 ἐξήκοντα
1477 331 1538 367 ἔφη,
1557 332 1605 364 τὰς
1620 331 1648 358 δὲ
1670 332 1813 364 παλλακὰς

1026 381 1204 416 ὀγδοήκοντα·
1226 379 1274 411 τὰς
1297 378 1325 404 δὲ
1348 378 1468 410 νεάνιδας
1489 378 1639 410 τοσαύτας,
1657 379 1717 405 ὅσον
1742 378 1812 414 μηδὲ

1026 422 1199 462 ἀριθμεῖσθαι
1213 424 1257 451 διὰ
1280 425 1328 460 τὴν
1349 423 1468 460 πληθύν·
1486 423 1534 459 τὴν
1552 423 1580 449 δὲ
1601 423 1709 459 νύμφην
1733 424 1811 459 μίαν.

1026 472 1082 499 Καὶ
1095 471 1200 507 πρῶτον
1222 470 1270 507 μὲν
1287 470 1350 506 περὶ
1370 470 1423 497 τῶν
1440 469 1570 505 ἐξήκοντα
1589 469 1706 497 λεκτέον.
1733 469 1813 504 Ἐξὴο

1026 526 1109 545 κοντα
1121 516 1278 552 βασιλίσσας
1299 515 1423 542 ἐντεῦθεν
1434 536 1441 547 ,
1457 515 1493 547 ὡς
1511 513 1587 550 οἶμαι
1608 515 1654 551 δὴ,
1668 515 1731 547 τοὺς
1755 515 1811 542 ἀπὸ

1026 562 1072 590 τοῦ
1085 562 1296 597 πρωτοπλάστου
1311 562 1390 597 μέχρι
1404 560 1464 586 Νῶε
1485 561 1554 587 κατὰ
1575 560 1697 596 διαδοχὴν
1713 561 1811 597 εὐαρε-

1028 610 1178 645 στὴσαντας
1191 609 1303 636 ἐκάλεσε
1319 608 1358 644 τῷ
1369 607 1427 642 Θεῷ
1436 616 1442 622 ”
1456 607 1602 643 ἐπειδήπερ
1615 604 1685 634 οὗτοι
1702 615 1811 643 παραγ-

1026 656 1167 692 γελμάτων
1185 656 1233 682 καὶ
1256 655 1363 691 θεσμῶν
1385 654 1425 686 είς
1445 653 1476 680 τὸ
1502 654 1620 689 σωθῆναι
1641 654 1736 690 χρείαν
1759 655 1810 681 οὐκ

1026 703 1182 739 ἐσχήκασιν,
1201 701 1239 728 ἔτι
1263 701 1418 737 προσφάτου
1437 701 1486 736 τῆς
1505 699 1574 726 κατὰ
1591 700 1638 734 τὴν
1659 699 1811 735 ἑξαήμερον

1026 747 1108 783 οὔσης
1124 747 1214 778 αὐτοῖς
1227 746 1272 773 τοῦ
1287 746 1388 781 κόσμου
1401 746 1563 776 συστάσεως.
1579 744 1746 779 Ἐμέμνηντο
1756 744 1810 778 γὰρ

1026 790 1106 825 οὗτοι,
1118 793 1156 825 ὡς
1166 793 1193 819 ὲν
1205 792 1234 826 ἐξ
1248 792 1364 828 ἡμέραις
1375 793 1389 818 ὁ
1401 791 1467 823 Θεὸς
1477 792 1637 826 ἐτεκτήνατο
1648 791 1698 827 τὴν
1710 790 1808 822 κτίσιν,

1025 840 1060 866 τά
1074 848 1103 866 τε
1116 841 1146 865 ὲν
1159 838 1197 874 τῷ
1214 838 1368 874 παραδείσῳ
1378 838 1508 872 γεγονότα
1517 846 1523 852 ·
1537 837 1583 864 καὶ
1599 836 1657 868 πῶς
1673 838 1687 863 ὁ
1703 836 1810 872 ἄνθρω-

1027 894 1087 918 πος,
1104 885 1212 920 ἐντολὴν
1229 884 1297 919 ἔχων
1314 884 1350 919 μὴ
1369 883 1487 918 ἅψασθαι
1505 883 1552 910 τοῦ
1570 882 1653 917 φυτοῦ
1675 883 1724 918 τῆς
1744 891 1810 917 φρο-

671 936 725 964 qua
749 936 845 963 nempe
872 930 974 956 ratione

1027 932 1129 967 νήσεως
1140 931 1203 966 (99),
1219 930 1369 963 ἐξώκειλεν,
1390 929 1657 964 ἁποὸουκολήσαντος
1669 929 1750 955 αὑτὸν
1761 926 1808 955 τοῦ

1026 978 1074 1013 τῆς
1096 977 1195 1008 κακίας
1225 976 1361 1011 σοφιστοῦ.
1390 974 1528 1002 Ἐντεῦθεν
1551 974 1582 1010 δὴ
1602 974 1652 1006 τὰς
1681 974 1735 1001 ἀπὸ
1759 974 1809 1009 τῆς

1027 1024 1180 1054 συστάσεως
1204 1022 1304 1053 εὐθέως
1326 1021 1372 1048 τοῦ
1398 1021 1499 1056 κόσμου
1521 1021 1590 1047 κατὰ
1616 1021 1740 1056 διαδοχὴν
1763 1020 1809 1047 τὸν

1025 1069 1090 1096 Θεὸν
1108 1069 1198 1096 ποθεῖν
1222 1068 1350 1104 ὲλομένας
1376 1067 1484 1103 ψυχὰς,
1507 1067 1552 1094 καὶ
1582 1067 1683 1102 σχεδὸν,
1707 1068 1731 1094 εί
1755 1067 1808 1103 χρὴ

1026 1116 1118 1151 φάναι,
1129 1115 1173 1142 τοῦ
1187 1115 1294 1150 πρώτου
1307 1114 1402 1145 αἰῶνος
1412 1113 1494 1145 οὔσας
1506 1113 1614 1148 ἔκγονα,
1626 1113 1673 1140 καὶ
1685 1112 1809 1147 γείτονας

1024 1162 1074 1196 τῆς
1099 1161 1217 1196 μεγάλης
1237 1159 1403 1196 ἑξαημέρου,
1428 1159 1557 1195 ἑξήκοντα
1578 1158 1734 1194 βασιλίσσας
1757 1158 1808 1194 ἔφη

1026 1205 1204 1241 συμϐολικῶς,
1220 1205 1263 1232 διὰ.
1278 1205 1307 1231 τὸ
1323 1205 1392 1239 μετὰ
1409 1206 1457 1240 τὴν
1473 1204 1623 1240 ὲξαήμερον
1639 1204 1751 1235 εὐθέως,
1767 1204 1808 1236 ὡς

1025 1252 1102 1288 ἔφην,
1119 1251 1269 1286 γεγονέναι.
1289 1251 1417 1286 Μεγάλην
1440 1250 1494 1286 γὰρ
1509 1251 1655 1285 ἐσχήκασιν
1673 1245 1747 1275 οὗτοι
1768 1257 1809 1275 τι-

1026 1298 1089 1334 μὴν,
1113 1297 1237 1332 ἀγγέλοις
1258 1297 1493 1333 συνομιλήσαντες,
1512 1296 1617 1322 καὶτὸν
1634 1295 1700 1322 Θεὸν
1723 1295 1807 1330 ῦπαρ,

1025 1345 1074 1370 οὐκ
1091 1344 1174 1380 δναρ,
1200 1344 1327 1375 πολλάκις
1346 1343 1515 1378 Θεασάμενοι.
1542 1341 1737 1376 Ἐπισκέψασθε
1755 1341 1809 1377 γὰρ

1024 1390 1089 1425 ὅσην
1101 1389 1163 1424 ἔσχε
1180 1390 1334 1425 παρρησίαν
1350 1390 1364 1415 ὀ
1388 1388 1440 1424 Σὴθ
1459 1388 1526 1424 προς
1548 1388 1592 1414 τὸν
1616 1388 1692 1419 Θεὸν,
1709 1387 1775 1422 ὅσην
1795 1387 1810 1413 ὁ

1026 1435 1108 1462 Ἀϐελ
1118 1435 1166 1470 (Ι),
1186 1436 1251 1471 ὅσην
1268 1436 1282 1461 ὁ
1302 1434 1394 1466 Ἐνὼς,
1412 1435 1477 1469 ὅσην
1492 1434 1505 1460 ὁ
1529 1433 1622 1469 Ἑνὼχ,
1639 1434 1705 1469 ὅσην
1720 1434 1734 1459 ὸ
1750 1433 1810 1460 Μα-

1024 1481 1150 1513 θουσάλα,
1167 1482 1233 1516 ὅσην
1247 1481 1261 1507 ὁ
1278 1481 1350 1512 Νῶε,
1366 1479 1468 1516 πρῶτοι
1481 1479 1651 1514 δικαιοσύνης
1666 1480 1810 1514 γεγονότες

1024 1529 1146 1564 ἐρασταὶ,
1159 1528 1206 1554 καὶ
1219 1528 1320 1563 πρῶτοι
1332 1527 1385 1553 τῶν
1401 1526 1579 1562 ’πρωτοτόκων
1591 1526 1693 1552 τέκνων
1707 1526 1811 1560 ἀπογεο

193 1571 311 1603 thusala,
327 1574 429 1606 quanta
444 1578 506 1597 cum
524 1570 625 1598 Noemo
639 1571 823 1599 necessitudo.
845 1570 927 1598 Primi
946 1571 973 1598 hi

1027 1575 1191 1611 γραμμένων
1209 1575 1237 1601 έν
1257 1575 1390 1610 οὐρανοῖς,
1408 1575 1456 1610 τῆς
1472 1573 1610 1609 βασιλείας
1624 1572 1810 1606 καταξιωθέν-

193 1620 327 1645 amatores
341 1617 470 1652 iustitiae,
492 1617 625 1652 primique
641 1617 712 1644 inter
726 1618 919 1652 primogenitos
940 1617 971 1644 ii-

1027 1608 1178 1655 rs;,i'Iiorrsp
1186 1608 1296 1655 ἀπαρχη
1309 1629 1351 1652 τις
1363 1620 1417 1646 τῶν
1429 1608 1605 1655 ῲυτευμάτων
1619 1619 1657 1650 είς
1671 1619 1810 1654 σωτηρίαν

192 1664 272 1691 heros
291 1663 336 1698 qui
351 1663 499 1698 conscripti
517 1668 578 1691 sunt
600 1663 626 1690 in
642 1664 721 1691 caelis
740 1663 779 1695 ",
797 1671 908 1698 regnum
929 1671 973 1691 as-

193 1709 297 1740 secuti,
313 1716 362 1735 ceu
384 1708 510 1743 primitiae
529 1709 651 1742 quaedam
666 1708 862 1743 plantationum
887 1708 915 1734 in
928 1715 974 1735 sa-

193 1754 287 1786 lutem.
306 1760 339 1780 ac
350 1753 397 1788 qui
412 1753 464 1780 Deo
477 1760 581 1788 praecox
604 1753 709 1780 fructus
730 1752 913 1788 provenerint.
934 1752 973 1780 Ac

193 1797 227 1826 de
244 1799 286 1827 his
303 1798 411 1834 quidem
427 1799 504 1826 satis.

1026 1665 1148 1701 πρώῖμος
1171 1665 1210 1700 τῷ
1231 1665 1290 1700 Θεῷ
1307 1666 1503 1702 βλαστήσαντες
1528 1665 1642 1702 καρπός.
1663 1664 1719 1691 Καὶ
1743 1665 1809 1700 περὶ

1026 1711 1076 1747 μὲν
1090 1711 1190 1738 τούτων
1202 1711 1356 1747 αὐτάρκως.

414 1857 479 1885 Car.
500 1857 544 1886 VI.
561 1857 701 1894 Octoginta
713 1858 949 1894 concubinw,'qu¢e
961 1859 973 1886 .’
988 1856 1082 1884 Facta:
1093 1855 1226 1890 prophetis
1244 1854 1440 1882 Incarnatianis
1451 1855 1580 1882 notiones.

227 1916 266 1944 De
277 1915 439 1944 concubinis
453 1920 538 1944 restat
561 1917 661 1944 dicere.
680 1917 758 1952 Apud
782 1925 829 1945 eos
844 1918 889 1953 qui
910 1919 972 1952 post

192 1963 327 1991 diluvium
351 1963 478 1996 fuerunt,
494 1963 539 1991 illa
552 1964 609 1998 jam
633 1963 680 1991 Dei
702 1964 820 1999 cognitio
843 1963 972 1991 remotior

193 2010 275 2042 facta,
289 2018 356 2044 pene
373 2010 542 2043 exoleverat;
561 2009 669 2046 aliaque
692 2009 731 2037 eis
754 2017 823 2044 opus
845 2009 970 2036 doctrina

191 2058 250 2081 erat
265 2062 325 2088 qua:
339 2054 468 2081 adversus
482 2057 654 2081 enascentem
672 2061 703 2081 ac
713 2053 768 2088 jam
781 2061 891 2089 serpere
903 2054 973 2080 inci-

193 2100 310 2135 pientem
326 2099 505 2126 idololatriam
527 2099 686 2127 mortalibus
701 2099 827 2134 praesidio
848 2107 880 2127 ac
896 2099 972 2126 auxi-

210 2176 233 2192 "
253 2176 317 2204 Gen.
334 2183 376 2208 ιιι,
391 2176 417 2203 5.
455 2175 477 2192 δ’
498 2175 579 2203 Hebr.
593 2177 700 2210 xu,25.

1059 1915 1127 1950 Περὶ
1149 1914 1178 1941 δὲ
1199 1913 1253 1940 τῶν
1276 1913 1420 1941 παλλακῶν
1442 1913 1522 1940 πάλιν
1544 1913 1663 1940 λεκτέον.
1679 1913 1742 1945 Τοῖς
1762 1923 1810 1949 με-

1023 1961 1059 1989 τὰ
1073 1961 1117 1988 τὸν
1134 1961 1323 1996 κατακλυσμὸν
1348 1959 1479 1996 ἀπωτέρω
1501 1959 1537 1995 (‘2)
1561 1959 1652 1986 λοιπὸν
1671 1960 1687 1995 ὴ
1708 1960 1810 1994 γνῶσις

1022 2006 1057 2043 ἦν
1073 2006 1118 2033 τοῦ
1134 2006 1199 2033 Θεοῦ
1210 2015 1217 2022 ·
1237 2007 1284 2033 καὶ¹
1295 2006 1408 2042 ἔχρῃζον
1419 2006 1515 2041 ἑτέρας
1532 2005 1651 2040 διδαχῆς,
1669 2006 1810 2042 ἑρπούσης

1024 2054 1074 2089 ἤδη
1090 2053 1139 2088 τῆς
1155 2052 1383 2088 εἰδωλολατρείας,
1405 2053 1465 2087 ἣτις
1481 2051 1572 2083 αὐτοῖς
1588 2049 1665 2083 αὖθις
1679 2051 1809 2085 ἀλεξίκα-

1024 2108 1071 2132 κος
1086 2099 1173 2126 ἔσοιτο
1192 2100 1238 2126 καὶ
1255 2098 1359 2134 βοηθός.
1386 2097 1415 2124 '0
1427 2095 1473 2124 οὖν
1494 2097 1570 2130 Θεὸς,
1590 2097 1634 2124 ῐνα
1657 2097 1695 2133 μὴ
1718 2098 1809 2133 πάντη

231 2235 287 2276 (9_9)
359 2235 503 2276 λᾱψᾳσραι
517 2236 570 2276 τοῦ
597 2236 691 2276 φυτοὶξ
700 2236 771 2276 ηιξῆς
791 2235 973 2276 φρονςήσεως.

1027 2235 1194 2276 insipientig)
1213 2243 1298 2276 quam.
1311 2236 1475 2276 φρονήσεως,
1492 2237 1645 2276 prudentie
1661 2236 1718 2276 Leo
1734 2237 1811 2276 Alia-

192 2270 232 2298 Ita
251 2271 341 2305 junxit
358 2271 498 2299 Possit-ius
512 2279 543 2298 ac
563 2270 630 2299 bene
643 2272 768 2301 reddidit.
785 2270 909 2298 vitandam
928 2279 973 2297 ac-

193 2311 264 2340 cepto
287 2314 338 2333 non
354 2305 489 2341 tangenda:
509 2307 611 2334 arboris
631 2308 761 2338 scientiw,‘
778 2308 856 2340 cujus
873 2314 972 2341 praeva-

193 2341 325 2368 ricatione
344 2342 384 2369 sic
403 2341 539 2374 ἐξώκειλε,
562 2343 682 2375 impegit;
702 2350 751 2370 nec
765 2349 834 2376 opus
848 2349 910 2369 cum
926 2341 972 2368 illo

194 2377 331 2411 supplere,
344 2377 370 2403 in
386 2377 494 2403 exitium
516 2377 603 2404 miser.
621 2377 666 2404 Sic
676 2378 747 2405 enim
761 2377 848 2404 Latini
864 2384 895 2404 ea
907 2384 973 2404 voce

194 2412 318 2438 absolute
335 2413 499 2447 signiﬁcant,
520 2412 592 2446 quod
610 2412 696 2439 Graeci
713 2413 758 2439 illa
778 2413 873 2442 altera,
888 2417 973 2438 meta-

194 2448 279 2481 phora
294 2447 375 2473 ducta
408 2454 422 2473 a
440 2447 566 2478 navibus,
581 2455 640 2482 quia:
656 2448 695 2474 sic
718 2448 744 2474 in
760 2451 853 2474 cautes
869 2450 896 2474 et
911 2447 973 2482 bre-

193 2482 236 2507 via
248 2489 279 2507 ac
292 2483 348 2508 loca
364 2489 459 2516 aspera
475 2483 623 2517 impingi-re
634 2483 762 2510 dicuntur
773 2487 800 2509 et
810 2482 895 2517 aliidi.
907 2481 972 2508 dum

195 2520 303 2553 portum
336 2521 476 2553 tutamque
504 2516 648 2553 stationem
684 2519 814 2553 cogitant.
852 2516 968 2553 llesych.

194 2551 305 2591 ἐξέπεσε
323 2552 432 2587 exp0nit
456 2562 463 2579 :
482 2552 529 2579 sed
541 2553 598 2591 ipsa
618 2551 756 2591 exponens
779 2560 844 2591 vox_,
870 2551 971 2578 obscu-

194 2588 250 2612 rior
262 2594 295 2623 eo
309 2594 389 2623 senisu
404 2595 469 2623 voce
479 2589 613 2623 exposita,
627 2595 659 2615 ac
675 2588 881 2622 inl'requentior,
900 2592 927 2613 ut
942 2590 969 2614 et

194 2627 269 2658 quas
279 2621 376 2649 Suidas
391 2622 500 2649 adhibet
511 2621 522 2652 ,⁷
533 2624 578 2657 qui
594 2627 620 2650 et
636 2624 693 2658 ipse
703 2621 841 2658 ἀπονηός,
859 2622 890 2648 de
906 2630 970 2649 nave

194 2656 248 2693 dici
264 2655 332 2693 hanc
342 2665 441 2693 _vocem
456 2655 566 2685 adnotat
581 2667 587 2685 :
606 2655 656 2685 nec
667 2667 735 2693 opus
752 2655 836 2685 altera
849 2657 966 2692 explica-

194 2691 267 2717 tione
283 2690 327 2728 Fr.
341 2690 436 2728 Portus.
452 2693 582 2728 Φρόνησις
597 2701 661 2728 ergo
674 2690 734 2720 ἆντὶ
751 2693 799 2727 τῆς
815 2690 969 2727 ἐπιστήμης

193 2729 247 2754 est.
271 2726 327 2764 sive
349 2726 484 2764 γνώσεως,
507 2726 555 2764 pro
578 2726 755 2764 inteiligentia
779 2726 815 2754 ac
840 2726 965 2758 scientia,

194 2760 329 2799 quomodo
340 2763 420 2787 vertit
430 2760 524 2799 Cicero
536 2760 796 2799 docetque'Budaeus
807 2770 877 2797 saepe
889 2770 970 2799 usur-

197 2803 270 2833 pari;
288 2803 341 2833 non
358 2803 407 2833 pro
423 2798 574 2830 prudentia.
592 2806 652 2833 quae
664 2800 750 2826 virtus
765 2803 817 2829 est,
833 2798 970 2832 quomodo

195 2830 285 2864 potius
300 2830 454 2866 ἀφροσύνης
471 2832 551 2860 arbor
571 2830 685 2861 dicenda
698 2833 833 2862 videretur
843 2830 971 2868 '(summc

1028 2272 1081 2298 tius
1097 2272 1125 2298 τὸ
1141 2272 1195 2304 τῆς
1206 2272 1475 2307 φρονήσεωςῇιιιιςίι
1491 2274 1572 2300 verbo
1587 2272 1725 2306 ἐξώκειλε,
1745 2273 1810 2300 red-

1024 2307 1127 2342 ditque,
1150 2314 1225 2333 extra
1243 2313 1351 2342 memem
1373 2307 1417 2333 ille
1437 2308 1578 2342 delapsus;
1594 2311 1737 2335 attendens
1753 2308 1810 2335 sci-

1023 2341 1087 2369 licet
1095 2342 1290 2376 expositionem
1302 2341 1348 2368 τοῦ
1355 2342 1491 2374 ἐξέπεσε,
1502 2342 1674 2377 eamagema.
1688 2343 1740 2370 Sed
1754 2351 1809 2370 non

1024 2377 1131 2413 videtur
1145 2378 1200 2413 haec
1215 2377 1254 2404 vis
1269 2377 1442 2412 metaphora,
1460 2380 1537 2412 quasi
1553 2379 1657 2405 scilicet
1676 2387 1709 2405 ex
1727 2384 1809 2413 portu

1024 2412 1112 2439 delabi
1138 2412 1214 2439 navis
1237 2413 1359 2444 dicatur,
1386 2418 1413 2439 et
1440 2413 1490 2440 hoc
1515 2414 1550 2441 sit
1572 2412 1733 2446 ἐξοκέλλειν,
1753 2421 1808 2440 non

1024 2448 1083 2481 ejus
1100 2447 1281 2479 aberrationo.
1309 2449 1344 2483 ita
1377 2451 1405 2473 ut
1434 2447 1534 2475 dictum
1568 2453 1628 2480 est,
1656 2449 1810 2483 impingere

1023 2482 1165 2518 frangique
1177 2487 1257 2517 atque
1271 2482 1346 2509 allidi
1359 2483 1391 2518 ad
1404 2483 1493 2510 brevia
1505 2487 1530 2510 et
1541 2489 1645 2510 cautes.
1657 2482 1810 2513 COtlBEi-‘IS.

1057 2517 1094 2551 (1)
1113 2518 1209 2551 Ὄσην
1220 2519 1235 2544 ό
1250 2518 1343 2544 Ἅϐελ.
1359 2517 1420 2544 Haec
1433 2519 1592 2546 exciderunt
1603 2526 1635 2545 ex
1647 2519 1720 2545 edito
1729 2519 1811 2545 Com-

1020 2552 1162 2582 bclisiano.
1174 2560 1233 2587 quae
1245 2558 1334 2580 tamen
1348 2554 1476 2580 exhibent
1491 2554 1606 2581 Allatius
1618 2558 1644 2580 et
1653 2553 1809 2583 Possinius.

1020 2587 1098 2624 Apud
1119 2588 1247 2615 Allatium
1273 2588 1394 2615 vicissim
1422 2589 1473 2615 ista
1490 2592 1673 2624 omittuntur.
1701 2589 1810 2624 ὅσην-6

1027 2622 1118 2654 Ἐνώς,
1135 2631 1194 2658 qua:
1215 2623 1341 2658 leguntur
1363 2631 1396 2649 ex
1411 2624 1473 2650 cod.
1490 2622 1549 2651 Vat.
1570 2625 1597 2651 in
1618 2624 1698 2651 editis
1715 2622 1809 2652 Possi-

1022 2658 1059 2684 nii
1075 2664 1100 2684 et
1117 2658 1284 2685 Comlielisii.
1299 2658 1383 2685 GALL.

1056 2693 1092 2727 (2)
1119 2693 1278 2727 Ἀπωτέρω.
1307 2693 1353 2720 Sic
1375 2692 1501 2721 Allatius.
1523 2693 1664 2721 Possinius
1688 2701 1753 2721 vero
1774 2702 1808 2722 ex

1019 2729 1081 2755 cod.
1103 2728 1161 2755 Vat.
1183 2729 1366 2764 ἁνωτέρω.....
1393 2729 1481 2762 Atque
1503 2731 1572 2756 hanc
1588 2729 1646 2756 Vat.
1662 2730 1807 2756 lectionem

1024 2765 1141 2798 retinere
1177 2763 1276 2791 maluit
1302 2764 1390 2791 editor
1423 2763 1579 2798 Lupareus.
1615 2765 1723 2791 etiamsi
1752 2772 1807 2792 ms.

1023 2797 1122 2860 gazam
1140 2803 1167 2825 et
1186 2804 1311 2834 excerpta
1332 2797 1471 2826 Pholiana
1482 2800 1613 2835 ἀπωτέρω
1634 2800 1806 2837 praeferrent.

1046 2841 1166 2860 omnem.

1046 2841 1166 2861 OIBEFIS.
