1908 3078
237 81 288 108 ΠΟ

727 82 756 110 S.
777 83 942 113 ΜΕΤΠΟΒΙΙ
960 85 1113 114 EPISCOPI
1134 86 1177 113 ΕΤ
1198 87 1376 115 MARTYRIS

1795 90 1850 117 ηο

237 142 340 177 luptate
354 149 430 176 aeque
444 149 491 169 seu
515 141 626 170 libidine
648 148 731 178 atque
755 144 848 173 dolore
872 151 1005 174 semotum

1068 147 1115 174 καὶ
1126 147 1282 181 κουφίζεται
1306 148 1436 183 τπέρωμα
1446 167 1453 179 ,
1474 147 1528 174 τῶν
1544 147 1719 183 ἀνθρωπίνων
1737 147 1850 179 ἐξίπτα-

236 189 322 223 Cujus
338 189 439 222 irriguo
455 188 553 216 anima:
570 197 660 224 penna
685 191 759 218 ebria
774 199 836 219 vere
849 194 964 225 crescit,
979 193 1018 220 le—

236 234 348 268 viorque
362 233 468 266 eﬂ'ecta,
479 234 513 261 ab
527 233 654 263 humanis
665 236 763 264 studiis
778 238 886 266 evolare
897 239 1018 273 quotidie

237 278 379 305 assuescit.

269 323 402 356 Quoniam
426 325 498 352 enim
530 326 686 361 panegyrim
707 334 768 355 esse
791 328 873 355 vitam
895 334 1016 357 nostram

234 369 370 404 sapientes
387 370 527 404 dixerunt;
544 379 594 399 nos
609 376 698 400 autem
714 373 791 408 quasi
805 381 935 408 personas
949 375 1019 402 veri-

234 416 298 443 tatis
313 423 423 443 scenam
440 417 478 450 (id
493 422 535 444 est
546 417 692 452 justitiam)
708 419 734 446 in
747 420 881 447 theatrum
898 420 993 449 dantes
1006 443 1014 455 ,

234 461 483 488 contranitentibus
495 466 522 489 et
535 462 568 489 ad
586 470 615 490 se
628 463 814 498 spectaculum
830 464 939 492 trahere
955 472 1015 492 cer-

235 508 356 534 tantibus
373 507 482 535 diabolo
503 515 535 535 ac
550 508 718 537 daemonibus
730 529 738 540 ,
752 509 780 536 in
797 510 897 537 caelum
920 511 1014 539 oculos

235 554 362 581 tollamus
375 561 488 582 necesse
504 558 566 587 est,
584 555 787 591 assumptisque
811 556 862 583 alis
877 556 904 583 in
929 556 1013 583 altum

235 600 372 632 feramur,
388 605 469 636 atque
491 608 584 629 earum
612 601 704 628 suavis
721 601 798 629 vocis
820 602 908 629 illices
931 610 1013 630 sonos

233 651 380 682 gestusque
396 647 546 682 impudicos
557 667 564 678 ,
579 647 713 675 castitatis
727 648 846 676 exterius
869 649 1014 683 probatque

233 693 384 723 honestatis
399 693 532 720 obductos
547 693 654 728 specie,
670 701 725 728 prm
742 693 892 722 Homericis
908 693 1012 722 Sirenis

234 739 380 774 fugiamus.
399 739 476 766 Multi
499 740 570 767 enim
583 760 590 771 ,
619 740 720 767 erroris
739 740 873 768 illecebris
887 740 1010 773 deiinili,

233 785 415 813 deﬂuentibus
430 785 526 820 pennis
538 786 724 821 'degravantur
740 787 767 813 in
784 786 854 812 hanc
872 786 1011 814 venientes

1069 192 1128 219 σθαι
1140 193 1201 219 καθ’
1214 193 1319 229 ἡμέραν
1334 193 1487 230 ἐθιζόμενον
1502 193 1726 227 σπουδασμάτων.

1107 333 1212 368 Ἐπειδὴ
1235 334 1289 368 γὰρ
1315 333 1466 369 πανήγυριν
1490 333 1535 360 τὺν
1560 333 1617 368 βίον
1646 332 1724 368 ἡμῶν
1755 332 1850 367 σοφῶν

1065 379 1158 410 παῖδες
1172 379 1314 415 εἰρήκασιν
1323 376 1410 412 εἶναι,
1427 379 1500 414 ἡμᾶς
1516 379 1544 406 δὲ
1557 379 1588 406 τὸ
1605 379 1696 414 δρᾶμα
1711 379 1762 414 τῆς
1778 379 1850 414 ἀλη-

1065 424 1148 456 θείας,
1163 424 1212 459 τὴν
1231 424 1411 460 δικαιοσύνην,
1425 425 1502 460 ἣκειν
1515 424 1552 456 ὡς
1566 425 1606 456 είς
1617 424 1728 460 θέατρον
1743 424 1849 451 ἐπιδει-

1065 470 1201 506 ξομένους,
1217 471 1439 506 ἀντιτεχνούντων
1450 471 1514 506 ἡμῖν
1527 470 1573 496 καὶ
1587 469 1849 505 ἀνταγωνιζομένων

1063 517 1110 543 τοῦ
1134 516 1254 544 διαϐόλου
1273 517 1320 544 καὶ
1340 517 1394 543 τῶν
1418 517 1567 552 δαιμόνων,
1591 516 1768 548 ἀνανεύοντας
1787 517 1850 543 ἀνω

1063 563 1102 589 δεῖ
1115 563 1162 589 καὶ
1176 563 1374 598 ἀνιπταμένους
1389 562 1609 598 μετεωρίζεσθαι,
1622 562 1669 589 καὶ
1684 562 1795 597 φεύγειν
1810 562 1850 588 τὰ

1063 608 1198 644 θέλγητρα
1214 609 1264 643 τῆς
1283 608 1463 642 καλλιφωνίας
1475 607 1573 640 αὐτῶν,
1589 608 1635 634 καὶ
1655 608 1690 635 τὰ
1714 608 1848 643 σχήματα

1062 654 1160 687 ἔξωθεν
1180 654 1313 689 φαντασίᾳ
1329 653 1504 690 σωφροσύνης
1517 653 1749 689 ὲπικεχρωσμένα,
1763 653 1780 688 ἢ
1792 654 1850 685 τὰς

1062 700 1192 735 Σειρῆνας
1217 699 1315 734 μᾶλλον
1340 698 1390 730 τὰς
1411 698 1568 734 Ὁμηρικὰς.
1593 697 1761 733 Κηλούμενοι
1786 698 1847 734 γὰρ

1061 747 1120 776 ταῖς
1139 745 1245 780 ἡδοναῖς
1260 744 1308 779 τῆς
1326 743 1439 779 πλάνης,
1459 742 1654 779 πτερορῤυοῦσι
1675 743 1777 775 πολλοὶ,
1795 744 1849 770 καὶ

1063 790 1221 826 βαρύνονται
1235 791 1275 822 είς
1291 790 1336 816 τὸν
1356 790 1415 817 καθ’
1435 790 1508 825 ἡμᾶς
1525 789 1579 824 βίον
1594 790 1715 824 ἥκοντες,
1736 798 1849 824 χαυνω-

233 832 327 863 vitam,
342 831 468 858 relaxatis
478 835 503 858 et
513 831 639 866 languida
652 831 763 859 mollitie
774 831 900 859 resolutis
909 831 1005 864 nervis,

1061 836 1159 862 Θέντων
1178 835 1269 867 αὐτοῖς
1286 835 1333 862 καὶ
1346 835 1530 870 χαλασθέντων
1546 834 1599 860 τῶν
1614 834 1708 866 τόνων,
1719 833 1781 861 καθ’
1795 833 1847 866 οὓς

232 878 331 912 quibus
348 878 451 905 alarum
466 878 599 906 castitatis
614 878 719 905 indoles
734 878 888 911 roboratur,
904 885 936 905 ea
950 886 1013 906 sur-

231 932 291 951 sum
317 924 409 952 levans
437 932 496 959 qum
523 923 690 958 corruptioni
723 931 867 958 corporum
899 924 1011 952 libidine

231 969 357 996 deorsum
370 972 493 1003 vergunt.
510 968 589 999 Hinc,
606 975 623 995 ο
638 967 736 1000 Arete,
761 969 809 995 tibi
828 976 925 996 nomen
953 974 1010 1002 est,

230 1016 269 1042 sic
284 1015 362 1042 dicta:
379 1015 435 1042 sive
448 1015 520 1050 quod
538 1022 586 1049 per
601 1018 627 1041 te
644 1014 731 1049 ipsam
750 1015 864 1050 αἱρετή,
888 1015 1010 1050 eligibilis

228 1069 255 1088 es
266 1080 273 1092 ,
291 1060 427 1096 dignaque
440 1068 501 1095 qua:
523 1060 693 1095 praaopteris,
708 1060 780 1095 quod
797 1059 900 1096 αἴρεις,
915 1061 942 1088 id
955 1064 1007 1093 est,

229 1106 330 1133 attollis
346 1110 372 1133 et
385 1105 412 1132 in
427 1105 511 1133 crclos
528 1105 618 1137 levas,
636 1105 664 1131 in
682 1104 885 1132 candidissimis
902 1111 1009 1140 semper

228 1152 363 1179 mentibus
377 1151 506 1178 incedens
524 1160 530 1177 :
549 1154 578 1177 tu
595 1151 661 1178 mihi
673 1157 775 1185 auspex
790 1150 922 1178 orationis
938 1154 1007 1183 esto,

227 1204 307 1231 quam
322 1197 382 1230 ipsa
398 1196 497 1223 habere
509 1196 676 1231 praecepisti.

1059 882 1140 918 ήτῶν
1152 882 1258 917 πτερῶν
1275 882 1325 916 τῆς
1347 881 1520 916 σωφροσύνης
1543 881 1733 915 συγκρατεῖται
1749 879 1846 914 φύσις,

1059 929 1223 964 κουφίζουσα
1248 927 1282 955 τὰ
1298 927 1373 954 κάτω
1389 927 1501 954 νεύοντα
1519 926 1582 962 περὶ
1605 925 1770 962 τὴν,φθορὰν
1787 926 1847 951 τῶν

1059 975 1200 1010 σωμάτων.
1228 974 1324 1005 Ὅθεν,
1348 970 1371 1000 ὢ
1394 973 1506 1009 Ἀρετὴ,
1533 972 1588 1000 εἴτε
1617 973 1657 999 ὅτι
1678 972 1712 999 δι’
1741 972 1848 1007 ἑαυτὴν

1057 1020 1167 1055 αἶρετὴ,
1185 1020 1239 1046 εἴτε
1265 1019 1309 1046 διὰ
1328 1019 1358 1046 τὸ
1383 1019 1477 1053 αἴρειν
1500 1019 1547 1046 καὶ
1573 1017 1747 1053 μετεωρίζειν
1773 1018 1847 1052 πρδς

1050 1065 1184 1100 οὐρανὸν,
1199 1064 1300 1098 ταύτην
1318 1063 1436 1098 ἔσχηκας
1455 1062 1503 1098 τὴν
1524 1062 1695 1098 ἐπωνυμίαν,
1717 1062 1764 1088 ἐπὶ⁵
1778 1061 1846 1087 λευ-

1059 1108 1179 1134 κοαάτων
1205 1107 1248 1134 ἀεὶ
1268 1107 1398 1142 βαίνουσα
1422 1105 1542 1142 φρενῶν·
1566 1105 1602 1132 ῐθι
1621 1115 1665 1141 μοι
1683 1105 1848 1140 συναντιλη-

1057 1153 1162 1188 ψομένη
1182 1151 1229 1179 τοῦ
1244 1151 1334 1187 λόγου,
1347 1150 1376 1178 δν
1390 1150 1460 1186 αὐτὴ
1473 1150 1642 1186 προσέταξας
1655 1151 1754 1177 εἰπεῖν.

261 1255 326 1283 Cn.
341 1255 375 1283 ll.
390 1255 453 1282 Alta
464 1263 601 1282 sacrarum
612 1255 742 1290 virginum
755 1263 826 1282 mens
841 1259 866 1281 et
877 1254 1037 1282 constantia.
1054 1253 1192 1289 Virginum
1207 1253 1234 1280 in
1246 1251 1335 1280 beatas
1347 1251 1419 1280 aedes
1435 1257 1494 1279 ante
1506 1252 1620 1288 reliquos
1631 1252 1806 1280 introductto.

261 1311 313 1345 Qui
327 1312 399 1339 enim
416 1311 561 1342 deﬂuxum.
576 1319 657 1347 quem
674 1311 741 1344 dixi,
757 1318 906 1347 pennarum
917 1311 1003 1346 passi,

227 1358 256 1384 in
271 1357 423 1392 voluptates
435 1358 555 1393 prolapsi
567 1362 641 1390 sunt,
655 1365 710 1385 non
725 1358 802 1393 prius
818 1358 909 1385 dolere
924 1358 1004 1385 acla-

227 1403 339 1430 boribus
348 1402 497 1430 conﬂictari
509 1403 638 1431 desinunt
651 1411 732 1438 quam
745 1404 865 1432 libidinis
875 1405 1006 1439 concupi-

226 1448 329 1475 scentia
346 1449 559 1483 intemperantia:
588 1449 750 1476 necessitate
765 1449 882 1484 expleta,
897 1449 1005 1484 profani

226 1495 366 1530 sacrisque
376 1494 489 1526 exclusi,
504 1502 519 1521 a
529 1495 651 1522 veritatis
666 1502 747 1522 scena
756 1499 878 1522 extorres
894 1495 1006 1523 exstite—

1091 1310 1122 1337 Οἱ
1136 1310 1189 1345 γὰρ
1204 1309 1455 1346 πτεροῤῥυήσαντες
1470 1309 1517 1335 καὶ
1532 1309 1658 1340 πεσόντες
1668 1310 1708 1340 είς
1718 1309 1768 1340 τὰς
1780 1309 1846 1345 ἠδο-

1056 1356 1104 1388 νὰς
1115 1357 1145 1383 οὐ
1163 1356 1293 1392 πρότερον
1309 1356 1421 1392 λήγουσι
1435 1356 1522 1391 λύπης
1538 1356 1586 1382 καὶ
1601 1356 1700 1388 πόνων,
1719 1355 1777 1382 ἐστ’
1794 1355 1843 1388 ἂν,

1057 1404 1089 1438 τῇ
1106 1403 1152 1429 τοῦ
1170 1403 1271 1435 πάθους
1287 1402 1418 1438 ἐπιθυμίᾳ
1432 1403 1481 1438 τὴν
1497 1402 1617 1436 ἀνάγκην
1637 1401 1845 1437 ἐκπληροῦντες

1057 1449 1105 1484 τῆς
1118 1449 1262 1484 ἀκρασίας,
1275 1448 1391 1484 ἀμύητοι
1405 1449 1452 1475 καὶ
1464 1448 1566 1480 ἀτελεῖς
1582 1448 1629 1474 τοῦ
1643 1448 1693 1483 τῆς
1709 1448 1845 1483 ἀληθείας

1056 1494 1221 1530 ἀπομείνωσι
1247 1494 1399 1530 δράματος-
1425 1495 1486 1521 ἀντὶ
1510 1494 1560 1529 τῆς
1583 1494 1652 1529 μετά
1674 1493 1765 1526 αίδοῦς
1791 1495 1844 1521 καὶ

225 1542 292 1574 rint,
309 1546 339 1568 ut
362 1549 417 1569 non
437 1541 539 1576 pudore
561 1541 700 1576 castisque
714 1541 818 1577 nuptiis
833 1541 927 1569 liberis
945 1549 1005 1576 pro-

1058 1540 1231 1576 σωφροσύνης
1247 1541 1461 1575 παιδοποιήσεως
1476 1540 1585 1575 ἀγρίαις
1606 1539 1714 1575 ἐρώτων
1736 1539 1842 1575 λυττή-

223 1588 349 1616 creandis
359 1591 464 1624 ponant
472 1594 592 1622 operam,
603 1587 651 1615 sed
665 1587 744 1615 saevis
751 1595 874 1614 amorum
885 1587 1005 1622 volupta-

1058 1594 1151 1618 σαντες
1174 1586 1290 1622 ἡδοναῖς.
1309 1587 1341 1612 Αἱ
1357 1586 1385 1613 δὲ
1409 1585 1536 1621 εὕπτεροι
1557 1585 1604 1611 καὶ
1620 1584 1719 1619 κοῦφαι
1735 1585 1777 1616 είς
1793 1584 1844 1612 τὸν

225 1633 298 1660 tibus
311 1632 402 1660 furore
414 1632 559 1660 insaniant.
574 1631 640 1665 Quae
647 1639 712 1660 vero
724 1632 787 1660 forti
797 1632 904 1667 levique
915 1639 1005 1667 penna

1058 1632 1237 1668 ὕπερκόσμιον
1251 1633 1333 1659 τόπον
1348 1632 1537 1668 ὕπερκύψασαι
1552 1631 1599 1658 τοῦ
1617 1631 1685 1666 βίου,
1702 1632 1750 1658 καὶ
1768 1631 1844 1659 ίδοῢ-

224 1679 316 1706 εωουιὶ
332 1682 500 1714 emergentes
514 1685 604 1711 emno,
621 1678 650 1706 in
671 1679 762 1706 locum
773 1678 904 1705 mundum
921 1685 1004 1713 supe-

1058 1686 1099 1704 σαι
1115 1677 1255 1714 πόρρωθεν
1267 1678 1285 1705 ἀ
1300 1679 1336 1713 μὴ
1351 1678 1443 1713 ἕτερος
1453 1677 1603 1713 ἀνθρώπων
1618 1677 1759 1709 ἐθεάσατο,
1773 1677 1842 1709 τοὺς

223 1726 323 1752 riorem
340 1724 435 1752 oculos
449 1727 622 1759 mentemque
634 1724 789 1752 extulerunt
799 1744 806 1757 ,
821 1724 917 1759 procul
931 1724 1005 1759 aspi-

1058 1724 1188 1759 λειμῶνας
1211 1725 1308 1756 αὐτοὺς
1331 1724 1381 1760 τῆς
1407 1724 1570 1760 ἀφθαρσίας,
1596 1724 1725 1759 ἀμήχανα
1746 1723 1839 1760 κάλλη

223 1771 325 1798 cientes
335 1778 395 1806 qua:
409 1778 488 1798 nemo
494 1771 564 1798 alius
574 1771 683 1803 viderit,
701 1771 759 1806 ipsa
770 1771 900 1798 nimirum
913 1771 1005 1798 incor-

1058 1769 1101 1796 καὶ
1121 1769 1186 1805 ἄνθη
1211 1770 1357 1806 φέροντας,
1374 1769 1422 1796 καὶ
1438 1769 1679 1805 πεπληρωμένους,
1700 1770 1743 1796 ἀεὶ
1766 1770 1842 1805 πρὸς

223 1815 358 1851 ruptionis
365 1819 453 1851 prata,
464 1815 662 1843 inaestimabilia
673 1815 770 1844 decora
782 1816 914 1852 ﬂoresque
924 1817 1004 1852 pleno

1058 1815 1147 1847 ιὺταῖς
1163 1816 1231 1842 εἰσιν
1253 1815 1434 1842 ἀναπολοῦσαι
1449 1816 1483 1842 τὰ
1497 1817 1554 1842 ἐκεῖ
1574 1815 1714 1851 θεάματα·
1728 1815 1776 1842 καὶ
1790 1815 1841 1843 διὰ

222 1862 276 1889 illis
289 1869 374 1888 comu
386 1860 535 1894 fundentia,
549 1860 582 1887 ad
593 1861 650 1895 ipsa
660 1869 720 1896 quae
730 1861 785 1888 illic
799 1865 862 1889 sunt
875 1862 1004 1889 continue

1058 1861 1131 1888 τοῦτο
1155 1862 1240 1898 μικρὰ
1264 1861 1390 1897 ήγοῦνται
1405 1861 1439 1888 τὰ
1464 1861 1581 1889 ἐνταῦθα
1605 1861 1643 1897 (9)
1666 1861 1841 1897 νομιζόμενα

222 1904 313 1933 animo
328 1906 410 1934 erecti
423 1910 487 1933 sunt
503 1910 667 1942 versantque
678 1907 833 1941 spectacula
847 1915 854 1939 ;
868 1915 923 1942 quo
936 1907 964 1934 ﬁt
973 1911 1002 1934 ut

1058 1906 1132 1938 καλὰ,
1144 1907 1266 1939 πλοῦτον,
1279 1907 1325 1934 καὶ
1341 1907 1429 1940 δόξας,
1442 1907 1489 1934 καὶ
1501 1908 1578 1942 γένη,
1591 1907 1638 1934 καὶ¹
1653 1908 1769 1942 γάμους,
1786 1908 1841 1934 καὶ

190 1967 193 1970 ι
222 1955 350 1987 tanquam
373 1959 456 1987 parva
469 1951 619 1986 despiciant
632 1959 692 1986 quae
710 1952 754 1979 hic
772 1953 884 1988 pulchra
908 1953 1003 1981 existi—

1058 1953 1127 1979 οὐδέν
1141 1961 1166 1979 τι
1181 1953 1291 1980 ἐκείνων
1308 1953 1372 1988 περὶ
1384 1953 1506 1985 πλείονος
1520 1953 1668 1980 ποιοῦνται.
1690 1953 1770 1979 Ἀλλά
1786 1955 1840 1981 καὶ

220 2002 340 2031 utantur,
356 2006 431 2033 opes,
451 1998 580 2030 honores,
604 1998 784 2032 nobilitatem,
809 2000 929 2034 nuptias,
951 2007 1002 2028 nec

1058 1998 1080 2024 εἰ
1092 2007 1134 2030 τις
1156 1998 1245 2024 αὐτῶν
1271 1998 1375 2034 θηρίοις
1398 1999 1414 2034 ἢ
1438 1999 1503 2034 πυρὶ
1521 1999 1640 2034 βούλοιτο
1659 1998 1693 2025 τὰ
1718 1998 1840 2033 σώματα

220 2043 317 2070 horum
332 2043 479 2078 quidquam
493 2043 606 2078 majoris
621 2043 811 2079 aliquidpretii
822 2045 1000 2073 arbitrentur.

1058 2044 1225 2079 παραδιδόναι
1248 2045 1295 2071 ’καὶ
1316 2044 1506 2080 τιμωρεῖσθαι,
1529 2044 1644 2080 ἑτοίμως
1667 2043 1760 2079 ἔχουσι
1779 2044 1840 2071 τῶν

220 2088 291 2122 Quin
303 2093 330 2116 et
341 2089 364 2116 si
379 2090 440 2124 quis
452 2097 545 2116 earum
562 2097 676 2124 corpora
693 2090 758 2118 feris
768 2090 918 2120 ﬂammisve
932 2092 1002 2127 obji-

1058 2089 1204 2125 ὶλγηδόνων
1227 2090 1414 2126 ἀφροντιστεῖν
1435 2090 1479 2117 διὰ
1500 2090 1545 2117 τὸν
1562 2089 1673 2116 ἐκείνων
1689 2089 1772 2116 πόθον
1785 2089 1841 2116 καὶ

218 2143 281 2163 cere
288 2135 413 2167 voluerit,
420 2134 542 2170 dirisque
551 2135 744 2164 excarniﬁcare
755 2137 907 2172 suppliciis,
916 2145 1001 2173 quan-

1058 2136 1099 2171 τὴν
1115 2136 1225 2163 ἐκείνων
1239 2136 1382 2172 ἔκπληξιν·
1398 2136 1467 2163 ὥστε
1481 2137 1567 2163 δοκεῖν
1582 2135 1676 2168 αὐτὰς,
1692 2137 1721 2162 ἐν
1737 2135 1839 2171 κόσμῳ

217 2183 315 2210 tamvis
347 2186 542 2210 tormentorum
570 2182 746 2210 acerbitatem
770 2186 942 2210 contemnere
969 2183 997 2210 in

1058 2182 1142 2214 λῦσας,
1169 2183 1205 2218 μὴ
1222 2180 1291 2209 εἶναι
1308 2183 1337 2209 ἐν
1354 2183 1458 2218 κόσμῳ,
1478 2182 1545 2209 ἀλλά
1561 2182 1600 2217 τῷ
1614 2182 1770 2218 φρονήματι
1785 2182 1838 2208 καὶ

216 2232 344 2263 promptu
355 2228 464 2261 habent,
474 2227 547 2264 quod
555 2227 662 2255 illorum
669 2233 763 2255 amore
771 2235 804 2255 ac
813 2222 904 2264 specie
913 2236 995 2264 quam

1058 2230 1081 2264 τῇ
1101 2230 1172 2264 ὁρμῇ
1192 2229 1242 2263 τῆς
1257 2229 1404 2265 ἐπιθυμίας
1422 2230 1461 2261 είς
1476 2228 1526 2264 τὴν
1549 2228 1646 2263 ἀγυριν
1660 2228 1712 2264 ήδη
1727 2228 1784 2255 τῶν
1803 2229 1837 2256 ἐν

215 2274 282 2307 dixi,
300 2274 393 2302 deﬁxae
412 2278 484 2306 sunt,
498 2278 527 2301 ut
540 2274 665 2309 quamvis
675 2274 703 2301 in
719 2274 822 2301 mundo
840 2279 994 2306 versentur,

1058 2276 1105 2306 τοῖς
1120 2275 1244 2311 οὐρανοῖς
1262 2275 1316 2311 (l0)
1330 2275 1480 2310 τυγχάνειν.

215 2330 270 2350 non
286 2322 313 2349 in
331 2322 432 2350 mundo
440 2329 502 2350 esse
516 2321 669 2354 videantur,
686 2321 735 2350 sed
762 2322 862 2350 mentis
883 2329 967 2350 sensu
995 2329 1028 2350 ac
1050 2322 1177 2351 desiderii
1196 2323 1244 2358 vi,
1270 2323 1297 2351 in
1317 2324 1406 2359 ipsum
1428 2322 1484 2359 jam
1509 2323 1630 2351 ctelitum
1654 2326 1758 2351 emtum
1788 2329 1838 2350 as-

213 2373 339 2404 sumptae.

1047 2447 1133 2475 sinius
1145 2446 1279 2481 habuerit,
1289 2454 1370 2481 quam
1379 2452 1470 2474 tamen
1482 2446 1539 2481 ipse
1552 2446 1579 2473 in
1594 2453 1644 2474 suo
1657 2453 1710 2473 non
1725 2445 1837 2476 habuit.

1047 2482 1106 2510 Meo
1122 2482 1240 2517 periculo
1255 2480 1364 2517 quidvis
1382 2482 1455 2509 aliud
1480 2480 1573 2517 potius
1591 2481 1702 2516 scripsit
1724 2480 1834 2508 Metho-

1041 2516 1215 2545 dius.'Forte
1225 2516 1318 2550 ἁγίων,
1335 2517 1377 2544 vel
1391 2516 1486 2552 potius
1499 2516 1632 2551 ἀγγέλων,
1646 2520 1677 2552 ut
1696 2516 1835 2551 exprimat

1046 2552 1113 2580 illud
1127 2551 1206 2579 Hebr.
1223 2559 1271 2584 xn,
1287 2552 1331 2583 25,
1345 2551 1400 2579 υὺῖ
1411 2552 1445 2579 de
1466 2552 1512 2578 illo
1533 2552 1592 2587 ipso
1611 2551 1733 2587 ccelitum
1745 2557 1833 2583 coetu,

1045 2588 1073 2615 in
1091 2595 1145 2623 quo
1159 2587 1215 2621 jam
1229 2587 1332 2614 versari
1359 2587 1478 2622 virgines
1501 2586 1582 2623 sensu
1599 2586 1699 2614 mentis
1719 2586 1835 2623 videan-

1046 2621 1107 2654 tur,
1119 2623 1166 2649 καὶ
1187 2621 1449 2663 μυριάσιν-ἀγγέλων
1463 2622 1623 2663 πανηγύρει,
1635 2628 1721 2663 quam
1742 2621 1832 2663 ipsam

1043 2665 1136 2684 vocem
1151 2656 1290 2692 scripserit
1310 2657 1460 2685 Methodius
1485 2656 1537 2684 nisi
1563 2656 1688 2692 simplici
1703 2657 1833 2683 maluerit

1043 2693 1156 2720 reddere
1170 2691 1276 2728 ἄγυριν.
1305 2692 1427 2728 Perinch
1440 2693 1512 2720 enim
1537 2694 1589 2724 est,
1616 2691 1721 2728 concio,
1737 2696 1831 2728 cetus,

1045 2727 1184 2755 multitudo
1198 2726 1316 2759 collecta,
1337 2735 1391 2754 non
1407 2727 1524 2755 siderum
1543 2726 1659 2761 (nugas),
1674 2726 1722 2753 sed
1748 2727 1832 2754 (ταξιο-

1045 2763 1127 2790 stium
1141 2763 1282 2797 spirituum
1294 2767 1321 2790 et
1334 2763 1500 2797 angelorum.
1513 2763 1675 2796 quibuscum
1689 2763 1768 2788 beata
1783 2769 1832 2787 no-

1046 2798 1087 2825 bis
1102 2798 1218 2826 societas
1238 2798 1265 2826 in
1284 2797 1360 2826 cwlis
1383 2802 1573 2833 exspectatur;
1589 2797 1700 2832 jamque
1719 2797 1832 2836 virgini-

250 2446 288 2481 (9)
303 2447 354 2474 Διὰ
370 2447 458 2474 τοῦτο
474 2446 564 2481 μικρὰ
576 2446 717 2480 ’ἡγοῦνται
737 2447 772 2474 τὰ
790 2447 850 2474 ἐντ.
869 2446 992 2479 Allatius,

211 2481 261 2518 [διά
269 2482 347 2518 τοῦτο
364 2483 400 2517 μὴ
415 2482 543 2518 pet-tonant
556 2482 623 2518 πρὸς
634 2481 667 2507 τὰ
681 2482 769 2509 ὲντ....
786 2482 814 2508 ln
830 2482 903 2509 edito
914 2482 995 2518 Com-

211 2516 344 2543 beﬂsiano
362 2516 503 2551 perperam
530 2516 686 2551 adnotatum
709 2518 738 2543 in
764 2518 901 2551 margine,
924 2517 994 2544 hanc

211 2558 273 2578 esse
291 2550 432 2578 lectionem
449 2559 499 2579 ms.
514 2551 613 2578 Mazar.
633 2550 716 2578 GALL.

249 2586 304 2620 (10)
324 2586 384 2613 Τῶν
395 2587 430 2612 ἐν
443 2586 505 2618 τοῖς
515 2586 662 2619 οὐραγοῖς.
675 2587 828 2621 Importune
847 2587 927 2615 nimis
939 2587 994 2614 edi-

210 2624 270 2657 tum
288 2622 314 2647 in
334 2621 445 2657 μυρίη..
458 2621 511 2648 τῶν
525 2621 641 2657 ἄστρων,
659 2622 692 2648 de
707 2630 760 2656 qua
779 2627 867 2649 tamen
888 2630 953 2649 voce
969 2623 992 2650 is

210 2656 258 2716 (vii
274 2656 380 2690 praefuit
395 2656 517 2697 editioni,
533 2663 565 2683 ac
580 2656 716 2697 variantes
733 2658 861 2698 lectiones
881 2657 988 2698 adjecit2

239 2698 273 2716 0x
294 2691 410 2716 ἀστοων.
436 2695 532 2716 manu.
549 2691 637 2716 deerat
653 2700 680 2716 ιιι
699 2692 758 2716 Vat.
784 2692 879 2716 codice.
905 2693 947 2716 At.
967 2700 988 2716 SI

239 2698 273 2716 oo:
294 2691 411 2726 ἄστρων,
436 2692 532 2725 inquit,
549 2691 637 2718 deerat
653 2695 680 2718 tu
699 2692 758 2718 Vat.
784 2692 879 2719 codice.
904 2693 948 2723 At,
967 2693 990 2719 si

211 2725 313 2761 deerat,
331 2725 402 2761 unde
422 2726 544 2753 l‘ossinio
563 2728 657 2756 ascita,
683 2735 735 2761 qua
754 2727 887 2754 reddenda
908 2728 991 2754 tantis

212 2759 317 2786 laborat
333 2760 475 2787 verborum
489 2761 622 2794 phaleris?
641 2759 718 2789 Ponit
733 2762 845 2790 Allatius
864 2765 933 2790 inter
947 2770 992 2789 va-

212 2794 268 2822 rias
283 2794 411 2823 lectiones
427 2803 459 2823 ex
473 2795 532 2823 Vat.
548 2800 574 2824 et
595 2796 675 2824 Barb.
693 2797 784 2830 codd.,
800 2798 913 2833 indeque
927 2797 992 2826 Pos-
