  <div class='ocr_page' id='page_1' title='image "/cluster/home/n/w/nwhite01/storage/ocr_20150623/18/njp.32101077772455/094.png"; bbox 0 0 1908 3078; ppageno 0'>
   <div class='ocr_carea' id='block_1_1' title="bbox 40 123 823 153">
    <p class='ocr_par' dir='ltr' id='par_1_1' title="bbox 40 123 823 153">
     <span class='ocr_line' id='line_1_1' title="bbox 40 123 823 153; baseline 0.003 -2"><span class='ocrx_word' id='word_1_1' title='bbox 40 123 75 151; x_wconf 80' lang='grc' dir='ltr'><strong>ιιι</strong></span> <span class='ocrx_word' id='word_1_2' title='bbox 581 125 773 153; x_wconf 69' lang='grc' dir='ltr'>εοΝνινιιιιι</span> <span class='ocrx_word' id='word_1_3' title='bbox 793 125 823 152; x_wconf 84' lang='grc'><strong>1)]</strong></span> 
     </span>
    </p>
   </div>
   <div class='ocr_carea' id='block_1_2' title="bbox 874 123 1109 153">
    <p class='ocr_par' dir='ltr' id='par_1_2' title="bbox 874 125 1109 153">
     <span class='ocr_line' id='line_1_2' title="bbox 874 125 1109 153; baseline -0.004 0"><span class='ocrx_word' id='word_1_4' title='bbox 874 125 907 153; x_wconf 74' lang='grc' dir='ltr'><strong>ΞΜ</strong></span> <span class='ocrx_word' id='word_1_5' title='bbox 930 125 1109 153; x_wconf 76' lang='lat' dir='ltr'><strong>VIRGINUM.</strong></span> 
     </span>
    </p>
   </div>
   <div class='ocr_carea' id='block_1_3' title="bbox 1604 126 1654 153">
    <p class='ocr_par' dir='ltr' id='par_1_3' title="bbox 1604 126 1654 153">
     <span class='ocr_line' id='line_1_3' title="bbox 1604 126 1654 153; baseline 0.02 -1"><span class='ocrx_word' id='word_1_6' title='bbox 1604 126 1654 153; x_wconf 68' lang='grc' dir='ltr'>ΗΞ</span> 
     </span>
    </p>
   </div>
   <div class='ocr_carea' id='block_1_4' title="bbox 65 177 823 216">
    <p class='ocr_par' dir='ltr' id='par_1_4' title="bbox 65 177 818 216">
     <span class='ocr_line' id='line_1_4' title="bbox 65 177 818 216; baseline 0.005 -13"><span class='ocrx_word' id='word_1_7' title='bbox 65 177 96 203; x_wconf 78' lang='grc' dir='ltr'><strong>υὺ</strong></span> <span class='ocrx_word' id='word_1_8' title='bbox 109 177 162 212; x_wconf 78' lang='grc' dir='ltr'><strong>γὰρ</strong></span> <span class='ocrx_word' id='word_1_9' title='bbox 187 177 270 213; x_wconf 82' lang='grc' dir='ltr'><strong>θέμις</strong></span> <span class='ocrx_word' id='word_1_10' title='bbox 288 179 339 205; x_wconf 74' lang='grc' dir='ltr'><strong>ἐπὶ</strong></span> <span class='ocrx_word' id='word_1_11' title='bbox 360 180 414 215; x_wconf 84' lang='grc' dir='ltr'>γῆς</span> <span class='ocrx_word' id='word_1_12' title='bbox 437 180 538 215; x_wconf 80' lang='grc' dir='ltr'><strong>βρίθειν</strong></span> <span class='ocrx_word' id='word_1_13' title='bbox 561 181 631 207; x_wconf 82' lang='grc' dir='ltr'>κατὰ</span> <span class='ocrx_word' id='word_1_14' title='bbox 653 180 702 216; x_wconf 82' lang='grc' dir='ltr'><strong>τὴν</strong></span> <span class='ocrx_word' id='word_1_15' title='bbox 724 180 818 208; x_wconf 77' lang='grc' dir='ltr'>ἑαυτοῦ</span> 
     </span>
    </p>
   </div>
   <div class='ocr_carea' id='block_1_5' title="bbox 874 177 1654 216">
    <p class='ocr_par' dir='ltr' id='par_1_5' title="bbox 907 179 1654 216">
     <span class='ocr_line' id='line_1_5' title="bbox 907 179 1654 216; baseline 0.001 -9"><span class='ocrx_word' id='word_1_16' title='bbox 907 180 965 207; x_wconf 84' lang='lat' dir='ltr'><strong>Non</strong></span> <span class='ocrx_word' id='word_1_17' title='bbox 981 181 1053 207; x_wconf 90' lang='lat' dir='ltr'><strong>enim</strong></span> <span class='ocrx_word' id='word_1_18' title='bbox 1067 179 1108 207; x_wconf 80' lang='lat' dir='ltr'><strong>fas</strong></span> <span class='ocrx_word' id='word_1_19' title='bbox 1119 184 1161 207; x_wconf 90' lang='lat' dir='ltr'><strong>est</strong></span> <span class='ocrx_word' id='word_1_20' title='bbox 1185 180 1349 215; x_wconf 72' lang='lat' dir='ltr'><strong>virginitatis</strong></span> <span class='ocrx_word' id='word_1_21' title='bbox 1364 181 1433 208; x_wconf 89' lang='lat' dir='ltr'><strong>alam</strong></span> <span class='ocrx_word' id='word_1_22' title='bbox 1455 185 1549 216; x_wconf 86' lang='lat' dir='ltr'><strong>suapte</strong></span> <span class='ocrx_word' id='word_1_23' title='bbox 1565 181 1654 208; x_wconf 86' lang='lat' dir='ltr'><strong>indole</strong></span> 
     </span>
    </p>
   </div>
   <div class='ocr_carea' id='block_1_6' title="bbox 37 223 820 263">
    <p class='ocr_par' dir='ltr' id='par_1_6' title="bbox 37 223 820 263">
     <span class='ocr_line' id='line_1_6' title="bbox 37 223 820 263; baseline 0.006 -14"><span class='ocrx_word' id='word_1_24' title='bbox 37 223 103 259; x_wconf 75' lang='grc' dir='ltr'>φύσιν</span> <span class='ocrx_word' id='word_1_25' title='bbox 116 224 144 250; x_wconf 73' lang='grc' dir='ltr'><strong>τὸ</strong></span> <span class='ocrx_word' id='word_1_26' title='bbox 159 224 214 259; x_wconf 79' lang='grc' dir='ltr'><strong>τῆς</strong></span> <span class='ocrx_word' id='word_1_27' title='bbox 229 225 387 261; x_wconf 76' lang='grc' dir='ltr'><strong>παρθενίας</strong></span> <span class='ocrx_word' id='word_1_28' title='bbox 404 227 514 263; x_wconf 85' lang='grc' dir='ltr'>πτερὸν,</span> <span class='ocrx_word' id='word_1_29' title='bbox 527 227 583 253; x_wconf 83' lang='grc' dir='ltr'>ἀλλ’</span> <span class='ocrx_word' id='word_1_30' title='bbox 599 227 655 253; x_wconf 80' lang='grc' dir='ltr'>ἄνω</span> <span class='ocrx_word' id='word_1_31' title='bbox 670 227 763 262; x_wconf 75' lang='grc' dir='ltr'>φέρειν</span> <span class='ocrx_word' id='word_1_32' title='bbox 781 229 820 259; x_wconf 88' lang='grc' dir='ltr'><strong>εἰς</strong></span> 
     </span>
    </p>
   </div>
   <div class='ocr_carea' id='block_1_7' title="bbox 36 271 820 309">
    <p class='ocr_par' dir='ltr' id='par_1_7' title="bbox 36 271 820 309">
     <span class='ocr_line' id='line_1_7' title="bbox 36 271 820 309; baseline 0.005 -11"><span class='ocrx_word' id='word_1_33' title='bbox 36 271 142 307; x_wconf 75' lang='grc' dir='ltr'>οὐρανὸν,</span> <span class='ocrx_word' id='word_1_34' title='bbox 158 272 201 303; x_wconf 77' lang='grc' dir='ltr'><strong>είς</strong></span> <span class='ocrx_word' id='word_1_35' title='bbox 217 271 345 307; x_wconf 78' lang='grc' dir='ltr'>καθαρὸν</span> <span class='ocrx_word' id='word_1_36' title='bbox 368 271 476 307; x_wconf 75' lang='grc' dir='ltr'>αἰθέρα,</span> <span class='ocrx_word' id='word_1_37' title='bbox 500 273 545 299; x_wconf 72' lang='grc' dir='ltr'>καὶ</span> <span class='ocrx_word' id='word_1_38' title='bbox 564 273 609 299; x_wconf 82' lang='grc' dir='ltr'><strong>τὸν</strong></span> <span class='ocrx_word' id='word_1_39' title='bbox 628 273 820 309; x_wconf 79' lang='grc' dir='ltr'>τῶν’ἀγγέλων</span> 
     </span>
    </p>
   </div>
   <div class='ocr_carea' id='block_1_8' title="bbox 37 317 821 356">
    <p class='ocr_par' dir='ltr' id='par_1_8' title="bbox 37 317 821 356">
     <span class='ocr_line' id='line_1_8' title="bbox 37 317 821 356; baseline 0.005 -12"><span class='ocrx_word' id='word_1_40' title='bbox 37 318 128 351; x_wconf 80' lang='grc' dir='ltr'>γείτονα</span> <span class='ocrx_word' id='word_1_41' title='bbox 146 317 219 352; x_wconf 83' lang='grc' dir='ltr'>βίον.</span> <span class='ocrx_word' id='word_1_42' title='bbox 239 317 325 356; x_wconf 67' lang='grc' dir='ltr'>’ᾮθεν</span> <span class='ocrx_word' id='word_1_43' title='bbox 340 319 388 344; x_wconf 67' lang='grc' dir='ltr'>καὶ</span> <span class='ocrx_word' id='word_1_44' title='bbox 401 318 507 353; x_wconf 81' lang='grc' dir='ltr'>πρῶται</span> <span class='ocrx_word' id='word_1_45' title='bbox 520 318 574 345; x_wconf 81' lang='grc' dir='ltr'><strong>τῶν</strong></span> <span class='ocrx_word' id='word_1_46' title='bbox 587 319 673 346; x_wconf 81' lang='grc' dir='ltr'>ἄλλων</span> <span class='ocrx_word' id='word_1_47' title='bbox 691 321 758 355; x_wconf 76' lang='grc' dir='ltr'>μετὰ</span> <span class='ocrx_word' id='word_1_48' title='bbox 772 321 821 356; x_wconf 81' lang='grc' dir='ltr'><strong>τὴν</strong></span> 
     </span>
    </p>
   </div>
   <div class='ocr_carea' id='block_1_9' title="bbox 37 362 821 401">
    <p class='ocr_par' dir='ltr' id='par_1_9' title="bbox 37 362 821 401">
     <span class='ocr_line' id='line_1_9' title="bbox 37 362 821 401; baseline 0.005 -12"><span class='ocrx_word' id='word_1_49' title='bbox 37 363 173 397; x_wconf 75' lang='grc' dir='ltr'><strong>ἀνάκλησιν</strong></span> <span class='ocrx_word' id='word_1_50' title='bbox 196 362 246 389; x_wconf 76' lang='grc' dir='ltr'><strong>καὶ</strong></span> <span class='ocrx_word' id='word_1_51' title='bbox 259 363 312 398; x_wconf 83' lang='grc' dir='ltr'><strong>τὴν</strong></span> <span class='ocrx_word' id='word_1_52' title='bbox 328 363 454 390; x_wconf 73' lang='grc' dir='ltr'>ἐντεῦθεν</span> <span class='ocrx_word' id='word_1_53' title='bbox 473 364 605 399; x_wconf 74' lang='grc' dir='ltr'><strong>ἐκδημίαν</strong></span> <span class='ocrx_word' id='word_1_54' title='bbox 624 366 652 391; x_wconf 84' lang='grc' dir='ltr'><strong>αἰ</strong></span> <span class='ocrx_word' id='word_1_55' title='bbox 671 365 758 401; x_wconf 80' lang='grc' dir='ltr'>ὀρθῶς</span> <span class='ocrx_word' id='word_1_56' title='bbox 775 367 821 393; x_wconf 76' lang='grc' dir='ltr'>καὶ</span> 
     </span>
    </p>
   </div>
   <div class='ocr_carea' id='block_1_10' title="bbox 37 409 818 449">
    <p class='ocr_par' dir='ltr' id='par_1_10' title="bbox 37 409 818 449">
     <span class='ocr_line' id='line_1_10' title="bbox 37 409 818 449; baseline 0.006 -14"><span class='ocrx_word' id='word_1_57' title='bbox 37 409 126 441; x_wconf 77' lang='grc' dir='ltr'><strong>πιστῶς</strong></span> <span class='ocrx_word' id='word_1_58' title='bbox 141 409 370 444; x_wconf 76' lang='grc' dir='ltr'>παρθενεύσασαι</span> <span class='ocrx_word' id='word_1_59' title='bbox 383 410 422 445; x_wconf 79' lang='grc' dir='ltr'><strong>τῷ</strong></span> <span class='ocrx_word' id='word_1_60' title='bbox 438 410 545 446; x_wconf 82' lang='grc' dir='ltr'><strong>Χριστῷ</strong></span> <span class='ocrx_word' id='word_1_61' title='bbox 560 412 593 437; x_wconf 78' lang='grc' dir='ltr'><strong>τὰ</strong></span> <span class='ocrx_word' id='word_1_62' title='bbox 610 414 753 449; x_wconf 70' lang='grc' dir='ltr'><strong>νικητήρια</strong></span> <span class='ocrx_word' id='word_1_63' title='bbox 771 414 818 448; x_wconf 72' lang='grc' dir='ltr'><strong>φέ-</strong></span> 
     </span>
    </p>
   </div>
   <div class='ocr_carea' id='block_1_11' title="bbox 38 455 821 494">
    <p class='ocr_par' dir='ltr' id='par_1_11' title="bbox 38 455 821 494">
     <span class='ocr_line' id='line_1_11' title="bbox 38 455 821 494; baseline 0.005 -13"><span class='ocrx_word' id='word_1_64' title='bbox 38 465 117 492; x_wconf 78' lang='grc' dir='ltr'>ρονται</span> <span class='ocrx_word' id='word_1_65' title='bbox 139 455 196 481; x_wconf 78' lang='grc' dir='ltr'><strong>τῶν</strong></span> <span class='ocrx_word' id='word_1_66' title='bbox 217 455 327 494; x_wconf 66' lang='grc' dir='ltr'>ἄθλων,</span> <span class='ocrx_word' id='word_1_67' title='bbox 353 457 410 488; x_wconf 85' lang='grc' dir='ltr'>τοῖς</span> <span class='ocrx_word' id='word_1_68' title='bbox 425 456 475 490; x_wconf 83' lang='grc' dir='ltr'><strong>τῆς</strong></span> <span class='ocrx_word' id='word_1_69' title='bbox 488 456 641 493; x_wconf 65' lang='grc' dir='ltr'>ἀφθαρσίας</span> <span class='ocrx_word' id='word_1_70' title='bbox 656 458 746 485; x_wconf 80' lang='grc' dir='ltr'>ἄνθεσι</span> <span class='ocrx_word' id='word_1_71' title='bbox 762 468 821 485; x_wconf 85' lang='grc' dir='ltr'>στε-</span> 
     </span>
    </p>
   </div>
   <div class='ocr_carea' id='block_1_12' title="bbox 37 493 820 539">
    <p class='ocr_par' dir='ltr' id='par_1_12' title="bbox 37 501 820 539">
     <span class='ocr_line' id='line_1_12' title="bbox 37 501 820 539; baseline 0.006 -12"><span class='ocrx_word' id='word_1_72' title='bbox 37 502 135 536; x_wconf 57' lang='lat' dir='ltr'><strong>gazam</strong></span> <span class='ocrx_word' id='word_1_73' title='bbox 153 501 226 537; x_wconf 77' lang='grc' dir='ltr'>πρὸς</span> <span class='ocrx_word' id='word_1_74' title='bbox 250 501 346 529; x_wconf 71' lang='grc' dir='ltr'><strong>αὑτοῦ.</strong></span> <span class='ocrx_word' id='word_1_75' title='bbox 366 502 442 537; x_wconf 70' lang='grc' dir='ltr'>Ἅμα</span> <span class='ocrx_word' id='word_1_76' title='bbox 466 502 520 537; x_wconf 76' lang='grc' dir='ltr'><strong>γὰρ</strong></span> <span class='ocrx_word' id='word_1_77' title='bbox 540 503 578 538; x_wconf 79' lang='grc' dir='ltr'><strong>τῷ</strong></span> <span class='ocrx_word' id='word_1_78' title='bbox 600 504 759 539; x_wconf 69' lang='grc' dir='ltr'>καταλείψαι</span> <span class='ocrx_word' id='word_1_79' title='bbox 775 505 820 532; x_wconf 73' lang='grc' dir='ltr'><strong>τὸν</strong></span> 
     </span>
    </p>
   </div>
   <div class='ocr_carea' id='block_1_13' title="bbox 37 549 820 585">
    <p class='ocr_par' dir='ltr' id='par_1_13' title="bbox 37 549 820 585">
     <span class='ocr_line' id='line_1_13' title="bbox 37 549 820 585; baseline 0.003 -10"><span class='ocrx_word' id='word_1_80' title='bbox 37 549 128 584; x_wconf 74' lang='grc' dir='ltr'>κόσμον</span> <span class='ocrx_word' id='word_1_81' title='bbox 144 549 199 581; x_wconf 73' lang='grc' dir='ltr'><strong>τὰς</strong></span> <span class='ocrx_word' id='word_1_82' title='bbox 225 549 326 584; x_wconf 73' lang='grc' dir='ltr'>ψυχὰς,</span> <span class='ocrx_word' id='word_1_83' title='bbox 345 549 422 583; x_wconf 82' lang='grc' dir='ltr'>λόγος</span> <span class='ocrx_word' id='word_1_84' title='bbox 434 550 494 580; x_wconf 85' lang='grc' dir='ltr'>ταῖς</span> <span class='ocrx_word' id='word_1_85' title='bbox 515 549 658 585; x_wconf 79' lang='grc' dir='ltr'><strong>παρθένοις</strong></span> <span class='ocrx_word' id='word_1_86' title='bbox 683 551 820 577; x_wconf 80' lang='grc' dir='ltr'><strong>ὑπαντῶν-</strong></span> 
     </span>
    </p>
   </div>
   <div class='ocr_carea' id='block_1_14' title="bbox 35 594 821 632">
    <p class='ocr_par' dir='ltr' id='par_1_14' title="bbox 35 594 821 632">
     <span class='ocr_line' id='line_1_14' title="bbox 35 594 821 632; baseline 0.003 -11"><span class='ocrx_word' id='word_1_87' title='bbox 35 604 79 627; x_wconf 77' lang='grc' dir='ltr'>τας</span> <span class='ocrx_word' id='word_1_88' title='bbox 93 595 229 629; x_wconf 75' lang='grc' dir='ltr'><strong>ἀγγέλους</strong></span> <span class='ocrx_word' id='word_1_89' title='bbox 247 594 321 630; x_wconf 79' lang='grc' dir='ltr'><strong>μετὰ</strong></span> <span class='ocrx_word' id='word_1_90' title='bbox 336 594 436 630; x_wconf 84' lang='grc' dir='ltr'>πολλῆς</span> <span class='ocrx_word' id='word_1_91' title='bbox 452 595 586 629; x_wconf 77' lang='grc' dir='ltr'><strong>εὐφημίας</strong></span> <span class='ocrx_word' id='word_1_92' title='bbox 600 597 639 627; x_wconf 77' lang='grc' dir='ltr'><strong>εἰς</strong></span> <span class='ocrx_word' id='word_1_93' title='bbox 655 597 718 627; x_wconf 82' lang='grc' dir='ltr'>τοὺς</span> <span class='ocrx_word' id='word_1_94' title='bbox 729 606 821 632; x_wconf 75' lang='grc' dir='ltr'>προει-</span> 
     </span>
    </p>
   </div>
   <div class='ocr_carea' id='block_1_15' title="bbox 38 640 820 677">
    <p class='ocr_par' dir='ltr' id='par_1_15' title="bbox 38 640 820 677">
     <span class='ocr_line' id='line_1_15' title="bbox 38 640 820 677; baseline 0.003 -10"><span class='ocrx_word' id='word_1_95' title='bbox 38 642 164 677; x_wconf 63' lang='grc' dir='ltr'>ρημέναις</span> <span class='ocrx_word' id='word_1_96' title='bbox 179 641 382 677; x_wconf 77' lang='grc' dir='ltr'><strong>παραπέμπειν</strong></span> <span class='ocrx_word' id='word_1_97' title='bbox 396 640 530 675; x_wconf 76' lang='grc' dir='ltr'><strong>λειμῶνας</strong></span> <span class='ocrx_word' id='word_1_98' title='bbox 548 641 643 673; x_wconf 78' lang='grc' dir='ltr'>αὐτὰς,</span> <span class='ocrx_word' id='word_1_99' title='bbox 659 642 697 673; x_wconf 79' lang='grc' dir='ltr'><strong>εἰς</strong></span> <span class='ocrx_word' id='word_1_100' title='bbox 709 642 755 674; x_wconf 82' lang='grc' dir='ltr'>οὓς</span> <span class='ocrx_word' id='word_1_101' title='bbox 773 643 820 669; x_wconf 78' lang='grc' dir='ltr'><strong>καὶ</strong></span> 
     </span>
    </p>
   </div>
   <div class='ocr_carea' id='block_1_16' title="bbox 43 687 820 723">
    <p class='ocr_par' dir='ltr' id='par_1_16' title="bbox 43 687 820 723">
     <span class='ocr_line' id='line_1_16' title="bbox 43 687 820 723; baseline 0.001 -9"><span class='ocrx_word' id='word_1_102' title='bbox 43 688 147 723; x_wconf 71' lang='grc' dir='ltr'>πρόσθεν</span> <span class='ocrx_word' id='word_1_103' title='bbox 163 687 255 714; x_wconf 80' lang='grc' dir='ltr'><strong>ἐλθεῖν</strong></span> <span class='ocrx_word' id='word_1_104' title='bbox 277 687 431 722; x_wconf 81' lang='grc' dir='ltr'>ὲγλίχοντο,</span> <span class='ocrx_word' id='word_1_105' title='bbox 451 687 586 722; x_wconf 82' lang='grc' dir='ltr'><strong>μακρόθεν</strong></span> <span class='ocrx_word' id='word_1_106' title='bbox 602 688 699 719; x_wconf 78' lang='grc' dir='ltr'>αὐτοὺς</span> <span class='ocrx_word' id='word_1_107' title='bbox 719 697 820 723; x_wconf 81' lang='grc' dir='ltr'>φαντα-</span> 
     </span>
    </p>
   </div>
   <div class='ocr_carea' id='block_1_17' title="bbox 44 733 821 770">
    <p class='ocr_par' dir='ltr' id='par_1_17' title="bbox 44 733 821 770">
     <span class='ocr_line' id='line_1_17' title="bbox 44 733 821 770; baseline 0.003 -11"><span class='ocrx_word' id='word_1_108' title='bbox 44 733 170 760; x_wconf 79' lang='grc' dir='ltr'>σιωοεῖσαι</span> <span class='ocrx_word' id='word_1_109' title='bbox 189 733 263 765; x_wconf 76' lang='grc' dir='ltr'>τότε,</span> <span class='ocrx_word' id='word_1_110' title='bbox 280 733 371 765; x_wconf 83' lang='grc' dir='ltr'><strong>ὁπότε,</strong></span> <span class='ocrx_word' id='word_1_111' title='bbox 387 733 428 759; x_wconf 77' lang='grc' dir='ltr'><strong>ἔτι</strong></span> <span class='ocrx_word' id='word_1_112' title='bbox 443 733 641 768; x_wconf 74' lang='grc' dir='ltr'>ὲπενδημοῦσαι</span> <span class='ocrx_word' id='word_1_113' title='bbox 657 736 712 766; x_wconf 83' lang='grc' dir='ltr'>τοῖς</span> <span class='ocrx_word' id='word_1_114' title='bbox 729 734 821 770; x_wconf 81' lang='grc' dir='ltr'><strong>σώμα-</strong></span> 
     </span>
    </p>
   </div>
   <div class='ocr_carea' id='block_1_18' title="bbox 43 779 386 814">
    <p class='ocr_par' dir='ltr' id='par_1_18' title="bbox 43 779 386 814">
     <span class='ocr_line' id='line_1_18' title="bbox 43 779 386 814; baseline 0 -8"><span class='ocrx_word' id='word_1_115' title='bbox 43 788 84 814; x_wconf 79' lang='grc' dir='ltr'>σιν,</span> <span class='ocrx_word' id='word_1_116' title='bbox 100 780 255 806; x_wconf 73' lang='grc' dir='ltr'>ἰνδάλλοντο</span> <span class='ocrx_word' id='word_1_117' title='bbox 270 779 305 806; x_wconf 73' lang='grc' dir='ltr'>τὰ</span> <span class='ocrx_word' id='word_1_118' title='bbox 319 780 386 806; x_wconf 85' lang='grc' dir='ltr'>θεῖα.</span> 
     </span>
    </p>
   </div>
   <div class='ocr_carea' id='block_1_19' title="bbox 870 223 1656 261">
    <p class='ocr_par' dir='ltr' id='par_1_19' title="bbox 870 223 1656 261">
     <span class='ocr_line' id='line_1_19' title="bbox 870 223 1656 261; baseline 0 -8"><span class='ocrx_word' id='word_1_119' title='bbox 870 227 898 253; x_wconf 95' lang='lat' dir='ltr'><strong>in</strong></span> <span class='ocrx_word' id='word_1_120' title='bbox 917 230 1018 253; x_wconf 88' lang='lat' dir='ltr'><strong>terram</strong></span> <span class='ocrx_word' id='word_1_121' title='bbox 1033 232 1155 260; x_wconf 82' lang='lat' dir='ltr'><strong>vergere,</strong></span> <span class='ocrx_word' id='word_1_122' title='bbox 1167 226 1246 260; x_wconf 86' lang='lat' dir='ltr'><strong>cujus</strong></span> <span class='ocrx_word' id='word_1_123' title='bbox 1260 223 1350 260; x_wconf 85' lang='lat' dir='ltr'><strong>potius</strong></span> <span class='ocrx_word' id='word_1_124' title='bbox 1367 226 1487 253; x_wconf 81' lang='lat' dir='ltr'><strong>numeris</strong></span> <span class='ocrx_word' id='word_1_125' title='bbox 1507 226 1542 254; x_wconf 90' lang='lat' dir='ltr'><strong>sit</strong></span> <span class='ocrx_word' id='word_1_126' title='bbox 1556 226 1656 261; x_wconf 69' lang='lat' dir='ltr'><strong>incre-</strong></span> 
     </span>
    </p>
   </div>
   <div class='ocr_carea' id='block_1_20' title="bbox 871 271 1655 307">
    <p class='ocr_par' dir='ltr' id='par_1_20' title="bbox 871 271 1655 307">
     <span class='ocr_line' id='line_1_20' title="bbox 871 271 1655 307; baseline 0 -8"><span class='ocrx_word' id='word_1_127' title='bbox 871 272 925 299; x_wconf 89' lang='lat' dir='ltr'><strong>lum</strong></span> <span class='ocrx_word' id='word_1_128' title='bbox 941 279 1093 306; x_wconf 88' lang='lat' dir='ltr'><strong>purumque</strong></span> <span class='ocrx_word' id='word_1_129' title='bbox 1106 271 1206 298; x_wconf 61' lang='lat' dir='ltr'><strong>aethera</strong></span> <span class='ocrx_word' id='word_1_130' title='bbox 1222 279 1254 298; x_wconf 85' lang='lat' dir='ltr'><strong>ac</strong></span> <span class='ocrx_word' id='word_1_131' title='bbox 1268 271 1384 298; x_wconf 88' lang='lat' dir='ltr'><strong>vicinam</strong></span> <span class='ocrx_word' id='word_1_132' title='bbox 1397 272 1553 307; x_wconf 85' lang='lat' dir='ltr'><strong>angelorum</strong></span> <span class='ocrx_word' id='word_1_133' title='bbox 1571 272 1655 299; x_wconf 83' lang='lat' dir='ltr'><strong>vitam</strong></span> 
     </span>
    </p>
   </div>
   <div class='ocr_carea' id='block_1_21' title="bbox 871 316 1653 352">
    <p class='ocr_par' dir='ltr' id='par_1_21' title="bbox 871 316 1653 352">
     <span class='ocr_line' id='line_1_21' title="bbox 871 316 1653 352; baseline 0.003 -9"><span class='ocrx_word' id='word_1_134' title='bbox 871 317 1007 344; x_wconf 77' lang='lat' dir='ltr'><strong>hominem</strong></span> <span class='ocrx_word' id='word_1_135' title='bbox 1020 317 1124 344; x_wconf 84' lang='lat' dir='ltr'><strong>tollere.</strong></span> <span class='ocrx_word' id='word_1_136' title='bbox 1143 316 1265 352; x_wconf 80' lang='lat' dir='ltr'><strong>Reliquis</strong></span> <span class='ocrx_word' id='word_1_137' title='bbox 1281 317 1371 352; x_wconf 86' lang='lat' dir='ltr'><strong>itaque</strong></span> <span class='ocrx_word' id='word_1_138' title='bbox 1385 319 1489 351; x_wconf 79' lang='lat' dir='ltr'><strong>priores</strong></span> <span class='ocrx_word' id='word_1_139' title='bbox 1507 318 1571 344; x_wconf 94' lang='lat' dir='ltr'><strong>hinc</strong></span> <span class='ocrx_word' id='word_1_140' title='bbox 1586 325 1653 345; x_wconf 91' lang='lat' dir='ltr'><strong>cvo-</strong></span> 
     </span>
    </p>
   </div>
   <div class='ocr_carea' id='block_1_22' title="bbox 872 364 1655 399">
    <p class='ocr_par' dir='ltr' id='par_1_22' title="bbox 872 364 1655 399">
     <span class='ocr_line' id='line_1_22' title="bbox 872 364 1655 399; baseline 0.001 -8"><span class='ocrx_word' id='word_1_141' title='bbox 872 369 939 391; x_wconf 78' lang='lat' dir='ltr'><strong>catae</strong></span> <span class='ocrx_word' id='word_1_142' title='bbox 953 371 984 390; x_wconf 86' lang='lat' dir='ltr'><strong>ac</strong></span> <span class='ocrx_word' id='word_1_143' title='bbox 1001 364 1177 398; x_wconf 84' lang='lat' dir='ltr'><strong>emigrantcs,</strong></span> <span class='ocrx_word' id='word_1_144' title='bbox 1191 372 1251 399; x_wconf 79' lang='lat' dir='ltr'><strong>qua:</strong></span> <span class='ocrx_word' id='word_1_145' title='bbox 1265 369 1339 391; x_wconf 87' lang='lat' dir='ltr'><strong>recte</strong></span> <span class='ocrx_word' id='word_1_146' title='bbox 1354 364 1523 399; x_wconf 84' lang='lat' dir='ltr'><strong>ﬁdeliterque</strong></span> <span class='ocrx_word' id='word_1_147' title='bbox 1542 365 1655 392; x_wconf 77' lang='lat' dir='ltr'><strong>Christo</strong></span> 
     </span>
    </p>
   </div>
   <div class='ocr_carea' id='block_1_23' title="bbox 873 409 1654 444">
    <p class='ocr_par' dir='ltr' id='par_1_23' title="bbox 873 409 1654 444">
     <span class='ocr_line' id='line_1_23' title="bbox 873 409 1654 444; baseline 0.003 -9"><span class='ocrx_word' id='word_1_148' title='bbox 873 410 993 444; x_wconf 80' lang='lat' dir='ltr'><strong>virgines</strong></span> <span class='ocrx_word' id='word_1_149' title='bbox 1015 410 1174 441; x_wconf 86' lang='lat' dir='ltr'><strong>militavere,</strong></span> <span class='ocrx_word' id='word_1_150' title='bbox 1190 409 1311 436; x_wconf 63' lang='lat' dir='ltr'><strong>victoriae</strong></span> <span class='ocrx_word' id='word_1_151' title='bbox 1336 409 1446 444; x_wconf 64' lang='lat' dir='ltr'><strong>praemia</strong></span> <span class='ocrx_word' id='word_1_152' title='bbox 1463 410 1594 441; x_wconf 67' lang='lat' dir='ltr'><strong>referunt,</strong></span> <span class='ocrx_word' id='word_1_153' title='bbox 1613 412 1654 437; x_wconf 95' lang='lat' dir='ltr'><strong>in-</strong></span> 
     </span>
    </p>
   </div>
   <div class='ocr_carea' id='block_1_24' title="bbox 871 455 1655 490">
    <p class='ocr_par' dir='ltr' id='par_1_24' title="bbox 871 455 1655 490">
     <span class='ocr_line' id='line_1_24' title="bbox 871 455 1655 490; baseline 0.001 -7"><span class='ocrx_word' id='word_1_154' title='bbox 871 455 1053 490; x_wconf 86' lang='lat' dir='ltr'><strong>corruptionis</strong></span> <span class='ocrx_word' id='word_1_155' title='bbox 1068 456 1102 482; x_wconf 90' lang='lat' dir='ltr'><strong>ab</strong></span> <span class='ocrx_word' id='word_1_156' title='bbox 1118 463 1150 483; x_wconf 88' lang='lat' dir='ltr'><strong>eo</strong></span> <span class='ocrx_word' id='word_1_157' title='bbox 1164 455 1276 485; x_wconf 76' lang='lat' dir='ltr'><strong>floribus</strong></span> <span class='ocrx_word' id='word_1_158' title='bbox 1292 457 1426 489; x_wconf 80' lang='lat' dir='ltr'><strong>sertisque</strong></span> <span class='ocrx_word' id='word_1_159' title='bbox 1441 455 1581 483; x_wconf 63' lang='lat' dir='ltr'><strong>redimitae.</strong></span> <span class='ocrx_word' id='word_1_160' title='bbox 1593 455 1655 484; x_wconf 68' lang='lat' dir='ltr'><strong>Mox</strong></span> 
     </span>
    </p>
   </div>
   <div class='ocr_carea' id='block_1_25' title="bbox 870 502 1655 537">
    <p class='ocr_par' dir='ltr' id='par_1_25' title="bbox 870 502 1655 537">
     <span class='ocr_line' id='line_1_25' title="bbox 870 502 1655 537; baseline 0.001 -9"><span class='ocrx_word' id='word_1_161' title='bbox 870 503 941 529; x_wconf 90' lang='lat' dir='ltr'><strong>enim</strong></span> <span class='ocrx_word' id='word_1_162' title='bbox 956 509 987 528; x_wconf 85' lang='lat' dir='ltr'><strong>ac</strong></span> <span class='ocrx_word' id='word_1_163' title='bbox 1004 502 1100 529; x_wconf 62' lang='lat' dir='ltr'><strong>animae</strong></span> <span class='ocrx_word' id='word_1_164' title='bbox 1113 503 1243 528; x_wconf 91' lang='lat' dir='ltr'><strong>mundum</strong></span> <span class='ocrx_word' id='word_1_165' title='bbox 1254 502 1422 537; x_wconf 79' lang='lat' dir='ltr'><strong>reliquerint,</strong></span> <span class='ocrx_word' id='word_1_166' title='bbox 1432 506 1530 537; x_wconf 68' lang='lat' dir='ltr'><strong>praesto</strong></span> <span class='ocrx_word' id='word_1_167' title='bbox 1538 510 1599 529; x_wconf 87' lang='lat' dir='ltr'><strong>esse</strong></span> <span class='ocrx_word' id='word_1_168' title='bbox 1606 510 1655 529; x_wconf 51' lang='lat' dir='ltr'><strong>an.</strong></span> 
     </span>
    </p>
   </div>
   <div class='ocr_carea' id='block_1_26' title="bbox 870 548 1652 584">
    <p class='ocr_par' dir='ltr' id='par_1_26' title="bbox 870 548 1652 584">
     <span class='ocr_line' id='line_1_26' title="bbox 870 548 1652 584; baseline 0.001 -10"><span class='ocrx_word' id='word_1_169' title='bbox 870 548 945 583; x_wconf 86' lang='lat' dir='ltr'><strong>gelos</strong></span> <span class='ocrx_word' id='word_1_170' title='bbox 973 548 1075 580; x_wconf 76' lang='lat' dir='ltr'><strong>ferunt,</strong></span> <span class='ocrx_word' id='word_1_171' title='bbox 1092 548 1138 583; x_wconf 89' lang='lat' dir='ltr'><strong>qui</strong></span> <span class='ocrx_word' id='word_1_172' title='bbox 1158 548 1310 584; x_wconf 76' lang='lat' dir='ltr'><strong>virginibus</strong></span> <span class='ocrx_word' id='word_1_173' title='bbox 1331 549 1440 575; x_wconf 77' lang='lat' dir='ltr'><strong>obviam</strong></span> <span class='ocrx_word' id='word_1_174' title='bbox 1463 548 1652 583; x_wconf 83' lang='lat' dir='ltr'><strong>procedentes,</strong></span> 
     </span>
    </p>
   </div>
   <div class='ocr_carea' id='block_1_27' title="bbox 871 593 1655 629">
    <p class='ocr_par' dir='ltr' id='par_1_27' title="bbox 871 593 1655 629">
     <span class='ocr_line' id='line_1_27' title="bbox 871 593 1655 629; baseline 0 -9"><span class='ocrx_word' id='word_1_175' title='bbox 871 594 1014 622; x_wconf 88' lang='lat' dir='ltr'><strong>ambitioso</strong></span> <span class='ocrx_word' id='word_1_176' title='bbox 1028 593 1159 621; x_wconf 88' lang='lat' dir='ltr'><strong>famulatu</strong></span> <span class='ocrx_word' id='word_1_177' title='bbox 1171 594 1328 629; x_wconf 76' lang='lat' dir='ltr'><strong>ingentique</strong></span> <span class='ocrx_word' id='word_1_178' title='bbox 1342 594 1488 629; x_wconf 68' lang='lat' dir='ltr'><strong>pmeonio,</strong></span> <span class='ocrx_word' id='word_1_179' title='bbox 1505 594 1537 620; x_wconf 90' lang='lat' dir='ltr'><strong>ad</strong></span> <span class='ocrx_word' id='word_1_180' title='bbox 1549 601 1580 621; x_wconf 88' lang='lat' dir='ltr'><strong>ea</strong></span> <span class='ocrx_word' id='word_1_181' title='bbox 1595 601 1655 628; x_wconf 77' lang='lat' dir='ltr'><strong>quze</strong></span> 
     </span>
    </p>
   </div>
   <div class='ocr_carea' id='block_1_28' title="bbox 872 641 1656 676">
    <p class='ocr_par' dir='ltr' id='par_1_28' title="bbox 872 641 1656 676">
     <span class='ocr_line' id='line_1_28' title="bbox 872 641 1656 676; baseline 0.003 -9"><span class='ocrx_word' id='word_1_182' title='bbox 872 641 1082 669; x_wconf 85' lang='lat' dir='ltr'><strong>memoravimus</strong></span> <span class='ocrx_word' id='word_1_183' title='bbox 1097 645 1174 676; x_wconf 86' lang='lat' dir='ltr'><strong>prata</strong></span> <span class='ocrx_word' id='word_1_184' title='bbox 1192 641 1328 668; x_wconf 84' lang='lat' dir='ltr'><strong>deducant</strong></span> <span class='ocrx_word' id='word_1_185' title='bbox 1343 661 1350 673; x_wconf 89' lang='lat'><strong>,</strong></span> <span class='ocrx_word' id='word_1_186' title='bbox 1376 649 1431 676; x_wconf 90' lang='lat' dir='ltr'><strong>quo</strong></span> <span class='ocrx_word' id='word_1_187' title='bbox 1444 646 1471 668; x_wconf 90' lang='lat' dir='ltr'><strong>et</strong></span> <span class='ocrx_word' id='word_1_188' title='bbox 1485 645 1548 668; x_wconf 85' lang='lat' dir='ltr'><strong>ante</strong></span> <span class='ocrx_word' id='word_1_189' title='bbox 1561 641 1656 669; x_wconf 87' lang='lat' dir='ltr'><strong>venire</strong></span> 
     </span>
    </p>
   </div>
   <div class='ocr_carea' id='block_1_29' title="bbox 871 687 1658 723">
    <p class='ocr_par' dir='ltr' id='par_1_29' title="bbox 871 687 1658 723">
     <span class='ocr_line' id='line_1_29' title="bbox 871 687 1658 723; baseline 0 -9"><span class='ocrx_word' id='word_1_190' title='bbox 871 687 1021 723; x_wconf 79' lang='lat' dir='ltr'><strong>gliscebant</strong></span> <span class='ocrx_word' id='word_1_191' title='bbox 1031 697 1038 721; x_wconf 87' lang='lat'><strong>;</strong></span> <span class='ocrx_word' id='word_1_192' title='bbox 1057 688 1151 723; x_wconf 89' lang='lat' dir='ltr'><strong>procul</strong></span> <span class='ocrx_word' id='word_1_193' title='bbox 1167 692 1232 715; x_wconf 89' lang='lat' dir='ltr'><strong>tunc</strong></span> <span class='ocrx_word' id='word_1_194' title='bbox 1239 688 1329 716; x_wconf 89' lang='lat' dir='ltr'><strong>animo</strong></span> <span class='ocrx_word' id='word_1_195' title='bbox 1341 687 1530 719; x_wconf 81' lang='lat' dir='ltr'><strong>informantes,</strong></span> <span class='ocrx_word' id='word_1_196' title='bbox 1540 695 1601 715; x_wconf 87' lang='lat' dir='ltr'><strong>cum</strong></span> <span class='ocrx_word' id='word_1_197' title='bbox 1611 687 1658 715; x_wconf 82' lang='lat' dir='ltr'><strong>ad-</strong></span> 
     </span>
    </p>
   </div>
   <div class='ocr_carea' id='block_1_30' title="bbox 872 733 1658 768">
    <p class='ocr_par' dir='ltr' id='par_1_30' title="bbox 872 733 1658 768">
     <span class='ocr_line' id='line_1_30' title="bbox 872 733 1658 768; baseline -0.001 -7"><span class='ocrx_word' id='word_1_198' title='bbox 872 734 926 760; x_wconf 88' lang='lat' dir='ltr'><strong>huc</strong></span> <span class='ocrx_word' id='word_1_199' title='bbox 941 734 970 761; x_wconf 90' lang='lat' dir='ltr'><strong>in</strong></span> <span class='ocrx_word' id='word_1_200' title='bbox 992 734 1153 768; x_wconf 82' lang='lat' dir='ltr'><strong>corporibus</strong></span> <span class='ocrx_word' id='word_1_201' title='bbox 1170 738 1326 766; x_wconf 82' lang='lat' dir='ltr'><strong>versantes,</strong></span> <span class='ocrx_word' id='word_1_202' title='bbox 1350 733 1497 761; x_wconf 90' lang='lat' dir='ltr'><strong>simulacro</strong></span> <span class='ocrx_word' id='word_1_203' title='bbox 1528 734 1658 768; x_wconf 84' lang='lat' dir='ltr'><strong>tenuique</strong></span> 
     </span>
    </p>
   </div>
   <div class='ocr_carea' id='block_1_31' title="bbox 872 781 1459 817">
    <p class='ocr_par' dir='ltr' id='par_1_31' title="bbox 872 781 1459 817">
     <span class='ocr_line' id='line_1_31' title="bbox 872 781 1459 817; baseline -0.002 -9"><span class='ocrx_word' id='word_1_204' title='bbox 872 781 991 817; x_wconf 77' lang='lat' dir='ltr'><strong>imagine</strong></span> <span class='ocrx_word' id='word_1_205' title='bbox 1009 781 1101 808; x_wconf 88' lang='lat' dir='ltr'><strong>divina</strong></span> <span class='ocrx_word' id='word_1_206' title='bbox 1117 785 1207 809; x_wconf 90' lang='lat' dir='ltr'><strong>mente</strong></span> <span class='ocrx_word' id='word_1_207' title='bbox 1218 781 1459 816; x_wconf 66' lang='lat' dir='ltr'><strong>repraesentabant.</strong></span> 
     </span>
    </p>
   </div>
   <div class='ocr_carea' id='block_1_32' title="bbox 565 831 1139 874">
    <p class='ocr_par' dir='ltr' id='par_1_32' title="bbox 565 831 1139 874">
     <span class='ocr_line' id='line_1_32' title="bbox 565 831 1139 874; baseline 0.002 -9"><span class='ocrx_word' id='word_1_208' title='bbox 565 835 629 865; x_wconf 75' lang='lat' dir='ltr'><strong>CAP.</strong></span> <span class='ocrx_word' id='word_1_209' title='bbox 642 831 687 866; x_wconf 25' lang='lat' dir='ltr'><strong>Illi.</strong></span> <span class='ocrx_word' id='word_1_210' title='bbox 708 837 874 874; x_wconf 79' lang='lat' dir='ltr'><strong>Virginitatis</strong></span> <span class='ocrx_word' id='word_1_211' title='bbox 884 847 942 866; x_wconf 79' lang='lat' dir='ltr'><strong>sors</strong></span> <span class='ocrx_word' id='word_1_212' title='bbox 957 843 982 866; x_wconf 77' lang='lat' dir='ltr'><strong>et</strong></span> <span class='ocrx_word' id='word_1_213' title='bbox 998 838 1139 867; x_wconf 68' lang='lat' dir='ltr'><strong>hereditas.</strong></span> 
     </span>
    </p>
   </div>
   <div class='ocr_carea' id='block_1_33' title="bbox 73 894 823 931">
    <p class='ocr_par' dir='ltr' id='par_1_33' title="bbox 73 895 821 931">
     <span class='ocr_line' id='line_1_33' title="bbox 73 895 821 931; baseline 0 -10"><span class='ocrx_word' id='word_1_214' title='bbox 73 895 209 922; x_wconf 75' lang='grc' dir='ltr'><strong>Ἐνταῦθα</strong></span> <span class='ocrx_word' id='word_1_215' title='bbox 224 895 257 930; x_wconf 77' lang='grc' dir='ltr'>δὴ</span> <span class='ocrx_word' id='word_1_216' title='bbox 274 895 415 927; x_wconf 73' lang='grc' dir='ltr'>ἐλθούσας,</span> <span class='ocrx_word' id='word_1_217' title='bbox 429 896 572 931; x_wconf 81' lang='grc' dir='ltr'>θαυμαστά</span> <span class='ocrx_word' id='word_1_218' title='bbox 588 904 647 922; x_wconf 78' lang='grc' dir='ltr'>τινα</span> <span class='ocrx_word' id='word_1_219' title='bbox 664 895 821 926; x_wconf 82' lang='grc' dir='ltr'>θεάσασθαι,</span> 
     </span>
    </p>
   </div>
   <div class='ocr_carea' id='block_1_34' title="bbox 874 894 1655 931">
    <p class='ocr_par' dir='ltr' id='par_1_34' title="bbox 909 894 1655 930">
     <span class='ocr_line' id='line_1_34' title="bbox 909 894 1655 930; baseline 0.001 -8"><span class='ocrx_word' id='word_1_220' title='bbox 909 894 968 922; x_wconf 83' lang='lat' dir='ltr'><strong>Jam</strong></span> <span class='ocrx_word' id='word_1_221' title='bbox 977 903 1041 922; x_wconf 84' lang='lat' dir='ltr'><strong>vero</strong></span> <span class='ocrx_word' id='word_1_222' title='bbox 1056 895 1120 923; x_wconf 90' lang='lat' dir='ltr'><strong>illuc</strong></span> <span class='ocrx_word' id='word_1_223' title='bbox 1135 895 1291 930; x_wconf 82' lang='lat' dir='ltr'><strong>perductis,</strong></span> <span class='ocrx_word' id='word_1_224' title='bbox 1314 895 1437 922; x_wconf 90' lang='lat' dir='ltr'><strong>miranda</strong></span> <span class='ocrx_word' id='word_1_225' title='bbox 1454 895 1578 930; x_wconf 79' lang='lat' dir='ltr'><strong>quaedam</strong></span> <span class='ocrx_word' id='word_1_226' title='bbox 1593 896 1655 923; x_wconf 93' lang='lat' dir='ltr'><strong>illu-</strong></span> 
     </span>
    </p>
   </div>
   <div class='ocr_carea' id='block_1_35' title="bbox 35 939 820 976">
    <p class='ocr_par' dir='ltr' id='par_1_35' title="bbox 35 939 820 976">
     <span class='ocr_line' id='line_1_35' title="bbox 35 939 820 976; baseline 0.003 -11"><span class='ocrx_word' id='word_1_227' title='bbox 35 940 77 965; x_wconf 75' lang='grc' dir='ltr'>καὶ</span> <span class='ocrx_word' id='word_1_228' title='bbox 93 939 245 975; x_wconf 75' lang='grc' dir='ltr'>ἔκλαμπρα</span> <span class='ocrx_word' id='word_1_229' title='bbox 269 941 316 966; x_wconf 74' lang='grc' dir='ltr'>καὶ</span> <span class='ocrx_word' id='word_1_230' title='bbox 333 941 454 975; x_wconf 83' lang='grc' dir='ltr'>μακάρια</span> <span class='ocrx_word' id='word_1_231' title='bbox 477 941 560 976; x_wconf 83' lang='grc' dir='ltr'><strong>κάλλη</strong></span> <span class='ocrx_word' id='word_1_232' title='bbox 571 960 579 972; x_wconf 91' lang='grc'><strong>,</strong></span> <span class='ocrx_word' id='word_1_233' title='bbox 596 941 643 967; x_wconf 79' lang='grc' dir='ltr'><strong>καὶ</strong></span> <span class='ocrx_word' id='word_1_234' title='bbox 656 941 734 967; x_wconf 77' lang='grc' dir='ltr'>ὁποῖα</span> <span class='ocrx_word' id='word_1_235' title='bbox 750 941 820 973; x_wconf 66' lang='lat' dir='ltr'><strong>egu-</strong></span> 
     </span>
    </p>
   </div>
   <div class='ocr_carea' id='block_1_36' title="bbox 35 984 822 1022">
    <p class='ocr_par' dir='ltr' id='par_1_36' title="bbox 35 984 822 1022">
     <span class='ocr_line' id='line_1_36' title="bbox 35 984 822 1022; baseline 0.003 -11"><span class='ocrx_word' id='word_1_236' title='bbox 35 987 89 1011; x_wconf 47' lang='grc' dir='ltr'><strong>εῖν</strong></span> <span class='ocrx_word' id='word_1_237' title='bbox 106 986 147 1017; x_wconf 80' lang='grc' dir='ltr'><strong>είς</strong></span> <span class='ocrx_word' id='word_1_238' title='bbox 168 985 334 1021; x_wconf 79' lang='grc' dir='ltr'>ἀνθρώπους</span> <span class='ocrx_word' id='word_1_239' title='bbox 354 986 492 1021; x_wconf 83' lang='grc' dir='ltr'>δυσχερές.</span> <span class='ocrx_word' id='word_1_240' title='bbox 510 984 586 1013; x_wconf 77' lang='grc' dir='ltr'>Εἶναι</span> <span class='ocrx_word' id='word_1_241' title='bbox 611 986 665 1022; x_wconf 83' lang='grc' dir='ltr'><strong>γὰρ</strong></span> <span class='ocrx_word' id='word_1_242' title='bbox 681 986 764 1022; x_wconf 79' lang='grc' dir='ltr'>αὐτὴν</span> <span class='ocrx_word' id='word_1_243' title='bbox 783 986 822 1013; x_wconf 86' lang='grc' dir='ltr'>δι-</span> 
     </span>
    </p>
   </div>
   <div class='ocr_carea' id='block_1_37' title="bbox 33 1031 821 1068">
    <p class='ocr_par' dir='ltr' id='par_1_37' title="bbox 33 1031 821 1068">
     <span class='ocr_line' id='line_1_37' title="bbox 33 1031 821 1068; baseline 0.004 -11"><span class='ocrx_word' id='word_1_244' title='bbox 33 1031 177 1066; x_wconf 65' lang='lat' dir='ltr'><strong>utamiqu</strong></span> <span class='ocrx_word' id='word_1_245' title='bbox 205 1032 255 1058; x_wconf 76' lang='grc' dir='ltr'>καὶ</span> <span class='ocrx_word' id='word_1_246' title='bbox 277 1032 419 1068; x_wconf 79' lang='grc' dir='ltr'>φρόνησιν,</span> <span class='ocrx_word' id='word_1_247' title='bbox 445 1033 554 1068; x_wconf 81' lang='grc' dir='ltr'><strong>ἀγάπην</strong></span> <span class='ocrx_word' id='word_1_248' title='bbox 581 1033 667 1068; x_wconf 80' lang='grc' dir='ltr'>αὐτὴν</span> <span class='ocrx_word' id='word_1_249' title='bbox 691 1035 749 1060; x_wconf 78' lang='grc' dir='ltr'>ἐκεῖ</span> <span class='ocrx_word' id='word_1_250' title='bbox 775 1034 821 1060; x_wconf 83' lang='grc' dir='ltr'>καὶ</span> 
     </span>
    </p>
   </div>
   <div class='ocr_carea' id='block_1_38' title="bbox 38 1078 822 1115">
    <p class='ocr_par' dir='ltr' id='par_1_38' title="bbox 38 1078 822 1115">
     <span class='ocr_line' id='line_1_38' title="bbox 38 1078 822 1115; baseline 0.003 -11"><span class='ocrx_word' id='word_1_251' title='bbox 38 1078 157 1114; x_wconf 66' lang='grc' dir='ltr'>ἀλήθειαν</span> <span class='ocrx_word' id='word_1_252' title='bbox 184 1079 235 1105; x_wconf 81' lang='grc' dir='ltr'>καὶ</span> <span class='ocrx_word' id='word_1_253' title='bbox 264 1079 454 1115; x_wconf 76' lang='grc' dir='ltr'>σωφροσύνην,</span> <span class='ocrx_word' id='word_1_254' title='bbox 475 1079 522 1106; x_wconf 80' lang='grc' dir='ltr'>καὶ</span> <span class='ocrx_word' id='word_1_255' title='bbox 546 1079 580 1105; x_wconf 83' lang='grc' dir='ltr'><strong>τὰ</strong></span> <span class='ocrx_word' id='word_1_256' title='bbox 604 1079 671 1106; x_wconf 78' lang='grc' dir='ltr'>ἄλλα</span> <span class='ocrx_word' id='word_1_257' title='bbox 692 1080 822 1112; x_wconf 83' lang='grc' dir='ltr'><strong>ὡσαύτως</strong></span> 
     </span>
    </p>
   </div>
   <div class='ocr_carea' id='block_1_39' title="bbox 38 1122 823 1161">
    <p class='ocr_par' dir='ltr' id='par_1_39' title="bbox 38 1122 823 1161">
     <span class='ocr_line' id='line_1_39' title="bbox 38 1122 823 1161; baseline 0.004 -11"><span class='ocrx_word' id='word_1_258' title='bbox 38 1125 148 1160; x_wconf 66' lang='grc' dir='ltr'>ἐπιφανῆ</span> <span class='ocrx_word' id='word_1_259' title='bbox 165 1125 219 1160; x_wconf 85' lang='grc' dir='ltr'><strong>τῆς</strong></span> <span class='ocrx_word' id='word_1_260' title='bbox 234 1125 330 1159; x_wconf 74' lang='grc' dir='ltr'>σοφίας</span> <span class='ocrx_word' id='word_1_261' title='bbox 340 1125 408 1161; x_wconf 79' lang='grc' dir='ltr'>ἄνθη</span> <span class='ocrx_word' id='word_1_262' title='bbox 423 1126 470 1152; x_wconf 77' lang='grc' dir='ltr'>καὶ</span> <span class='ocrx_word' id='word_1_263' title='bbox 483 1127 569 1160; x_wconf 82' lang='grc' dir='ltr'>φυτά”</span> <span class='ocrx_word' id='word_1_264' title='bbox 583 1122 621 1153; x_wconf 82' lang='grc' dir='ltr'>ὧν</span> <span class='ocrx_word' id='word_1_265' title='bbox 635 1127 715 1161; x_wconf 81' lang='grc' dir='ltr'><strong>ἡμεῖς</strong></span> <span class='ocrx_word' id='word_1_266' title='bbox 731 1126 823 1153; x_wconf 77' lang='grc' dir='ltr'>ὲνθάίδε</span> 
     </span>
    </p>
   </div>
   <div class='ocr_carea' id='block_1_40' title="bbox 39 1171 822 1207">
    <p class='ocr_par' dir='ltr' id='par_1_40' title="bbox 39 1171 822 1207">
     <span class='ocr_line' id='line_1_40' title="bbox 39 1171 822 1207; baseline 0.004 -10"><span class='ocrx_word' id='word_1_267' title='bbox 39 1171 108 1202; x_wconf 75' lang='grc' dir='ltr'>σκιὰς</span> <span class='ocrx_word' id='word_1_268' title='bbox 127 1171 216 1205; x_wconf 72' lang='grc' dir='ltr'>μόνας</span> <span class='ocrx_word' id='word_1_269' title='bbox 241 1171 432 1206; x_wconf 81' lang='grc' dir='ltr'>φασματώδεις</span> <span class='ocrx_word' id='word_1_270' title='bbox 457 1171 678 1207; x_wconf 80' lang='grc' dir='ltr'>ὀνειρώσσοντες,</span> <span class='ocrx_word' id='word_1_271' title='bbox 695 1172 749 1199; x_wconf 80' lang='grc' dir='ltr'>ἀπὸ</span> <span class='ocrx_word' id='word_1_272' title='bbox 769 1173 822 1200; x_wconf 86' lang='grc' dir='ltr'><strong>τῶν</strong></span> 
     </span>
    </p>
   </div>
   <div class='ocr_carea' id='block_1_41' title="bbox 38 1217 822 1253">
    <p class='ocr_par' dir='ltr' id='par_1_41' title="bbox 38 1217 822 1253">
     <span class='ocr_line' id='line_1_41' title="bbox 38 1217 822 1253; baseline 0.005 -11"><span class='ocrx_word' id='word_1_273' title='bbox 38 1217 158 1251; x_wconf 71' lang='grc' dir='ltr'>πράξεων</span> <span class='ocrx_word' id='word_1_274' title='bbox 174 1217 322 1253; x_wconf 77' lang='grc' dir='ltr'><strong>ἡγούμεθα</strong></span> <span class='ocrx_word' id='word_1_275' title='bbox 339 1217 394 1245; x_wconf 82' lang='grc' dir='ltr'><strong>τῶν</strong></span> <span class='ocrx_word' id='word_1_276' title='bbox 407 1218 584 1252; x_wconf 83' lang='grc' dir='ltr'>ἀνθρωπίνων</span> <span class='ocrx_word' id='word_1_277' title='bbox 599 1220 768 1250; x_wconf 80' lang='grc' dir='ltr'><strong>συνεστάναι,</strong></span> <span class='ocrx_word' id='word_1_278' title='bbox 781 1220 822 1246; x_wconf 77' lang='grc' dir='ltr'><strong>ὅτι</strong></span> 
     </span>
    </p>
   </div>
   <div class='ocr_carea' id='block_1_42' title="bbox 38 1264 822 1300">
    <p class='ocr_par' dir='ltr' id='par_1_42' title="bbox 38 1264 822 1300">
     <span class='ocr_line' id='line_1_42' title="bbox 38 1264 822 1300; baseline 0.005 -11"><span class='ocrx_word' id='word_1_279' title='bbox 38 1264 68 1299; x_wconf 85' lang='grc' dir='ltr'>μή</span> <span class='ocrx_word' id='word_1_280' title='bbox 82 1265 158 1290; x_wconf 77' lang='grc' dir='ltr'>ἐστιν</span> <span class='ocrx_word' id='word_1_281' title='bbox 170 1264 264 1290; x_wconf 81' lang='grc' dir='ltr'>αὐτῶν</span> <span class='ocrx_word' id='word_1_282' title='bbox 275 1264 355 1300; x_wconf 73' lang='grc' dir='ltr'>δεῦρο</span> <span class='ocrx_word' id='word_1_283' title='bbox 368 1265 452 1300; x_wconf 80' lang='grc' dir='ltr'>μηδὲν</span> <span class='ocrx_word' id='word_1_284' title='bbox 463 1265 571 1291; x_wconf 72' lang='grc' dir='ltr'>εἴδωλον</span> <span class='ocrx_word' id='word_1_285' title='bbox 584 1266 748 1300; x_wconf 81' lang='grc' dir='ltr'>καταφανὲς,</span> <span class='ocrx_word' id='word_1_286' title='bbox 765 1266 822 1293; x_wconf 80' lang='grc' dir='ltr'>ἀλλ’</span> 
     </span>
    </p>
   </div>
   <div class='ocr_carea' id='block_1_43' title="bbox 37 1309 822 1346">
    <p class='ocr_par' dir='ltr' id='par_1_43' title="bbox 37 1309 822 1346">
     <span class='ocr_line' id='line_1_43' title="bbox 37 1309 822 1346; baseline 0.005 -11"><span class='ocrx_word' id='word_1_287' title='bbox 37 1309 256 1345; x_wconf 68' lang='grc' dir='ltr'>ἐπεικονίσματα</span> <span class='ocrx_word' id='word_1_288' title='bbox 278 1310 358 1345; x_wconf 83' lang='grc' dir='ltr'>μόνον</span> <span class='ocrx_word' id='word_1_289' title='bbox 373 1310 465 1346; x_wconf 83' lang='grc' dir='ltr'>ἀειδῆ,</span> <span class='ocrx_word' id='word_1_290' title='bbox 480 1311 497 1337; x_wconf 80' lang='grc' dir='ltr'>ἃ</span> <span class='ocrx_word' id='word_1_291' title='bbox 519 1310 550 1346; x_wconf 87' lang='grc' dir='ltr'>δὴ</span> <span class='ocrx_word' id='word_1_292' title='bbox 573 1312 619 1338; x_wconf 78' lang='grc' dir='ltr'><strong>καὶ</strong></span> <span class='ocrx_word' id='word_1_293' title='bbox 633 1311 702 1338; x_wconf 78' lang='grc' dir='ltr'>αὐτὰ</span> <span class='ocrx_word' id='word_1_294' title='bbox 716 1320 822 1339; x_wconf 78' lang='grc' dir='ltr'>σκοτει-</span> 
     </span>
    </p>
   </div>
   <div class='ocr_carea' id='block_1_44' title="bbox 36 1355 824 1394">
    <p class='ocr_par' dir='ltr' id='par_1_44' title="bbox 36 1355 824 1394">
     <span class='ocr_line' id='line_1_44' title="bbox 36 1355 824 1394; baseline 0.004 -12"><span class='ocrx_word' id='word_1_295' title='bbox 36 1355 83 1387; x_wconf 79' lang='grc' dir='ltr'>νῶς</span> <span class='ocrx_word' id='word_1_296' title='bbox 110 1355 248 1387; x_wconf 73' lang='grc' dir='ltr'>πολλάκις</span> <span class='ocrx_word' id='word_1_297' title='bbox 270 1356 466 1388; x_wconf 77' lang='grc' dir='ltr'><strong>ἀπεικάζοντες</strong></span> <span class='ocrx_word' id='word_1_298' title='bbox 489 1357 680 1392; x_wconf 76' lang='grc' dir='ltr'>αἰσθανόμεθα.</span> <span class='ocrx_word' id='word_1_299' title='bbox 709 1359 746 1384; x_wconf 82' lang='grc' dir='ltr'><strong>Οὐ</strong></span> <span class='ocrx_word' id='word_1_300' title='bbox 769 1359 824 1394; x_wconf 88' lang='grc' dir='ltr'><strong>γὰρ</strong></span> 
     </span>
    </p>
   </div>
   <div class='ocr_carea' id='block_1_45' title="bbox 36 1401 824 1440">
    <p class='ocr_par' dir='ltr' id='par_1_45' title="bbox 36 1401 824 1440">
     <span class='ocr_line' id='line_1_45' title="bbox 36 1401 824 1440; baseline 0.004 -13"><span class='ocrx_word' id='word_1_301' title='bbox 36 1401 63 1427; x_wconf 75' lang='grc' dir='ltr'>ἂν</span> <span class='ocrx_word' id='word_1_302' title='bbox 80 1401 196 1428; x_wconf 70' lang='grc' dir='ltr'>πώποτε</span> <span class='ocrx_word' id='word_1_303' title='bbox 211 1401 384 1436; x_wconf 75' lang='grc' dir='ltr'>δικαιοσύνης</span> <span class='ocrx_word' id='word_1_304' title='bbox 399 1402 483 1437; x_wconf 78' lang='grc' dir='ltr'>αὐτῆς</span> <span class='ocrx_word' id='word_1_305' title='bbox 497 1402 513 1437; x_wconf 79' lang='grc' dir='ltr'>ἢ</span> <span class='ocrx_word' id='word_1_306' title='bbox 532 1403 664 1435; x_wconf 79' lang='grc' dir='ltr'>συνέσεως</span> <span class='ocrx_word' id='word_1_307' title='bbox 680 1404 696 1439; x_wconf 85' lang='grc' dir='ltr'>ἢ</span> <span class='ocrx_word' id='word_1_308' title='bbox 713 1405 824 1440; x_wconf 83' lang='grc' dir='ltr'>εἰρήνης</span> 
     </span>
    </p>
   </div>
   <div class='ocr_carea' id='block_1_46' title="bbox 35 1445 822 1483">
    <p class='ocr_par' dir='ltr' id='par_1_46' title="bbox 35 1445 822 1483">
     <span class='ocr_line' id='line_1_46' title="bbox 35 1445 822 1483; baseline 0.006 -12"><span class='ocrx_word' id='word_1_309' title='bbox 35 1445 184 1480; x_wconf 61' lang='grc' dir='ltr'>ὀφθαλμοῖς</span> <span class='ocrx_word' id='word_1_310' title='bbox 199 1445 332 1472; x_wconf 78' lang='grc' dir='ltr'>ἐθεάσατό</span> <span class='ocrx_word' id='word_1_311' title='bbox 346 1455 391 1477; x_wconf 87' lang='grc' dir='ltr'>τις</span> <span class='ocrx_word' id='word_1_312' title='bbox 406 1446 529 1481; x_wconf 83' lang='grc' dir='ltr'>μέγεθος,</span> <span class='ocrx_word' id='word_1_313' title='bbox 545 1447 562 1482; x_wconf 75' lang='grc' dir='ltr'>ἢ</span> <span class='ocrx_word' id='word_1_314' title='bbox 581 1448 699 1483; x_wconf 79' lang='grc' dir='ltr'><strong>σχῆμαῆ</strong></span> <span class='ocrx_word' id='word_1_315' title='bbox 715 1449 822 1481; x_wconf 81' lang='grc' dir='ltr'>κάλλος·</span> 
     </span>
    </p>
   </div>
   <div class='ocr_carea' id='block_1_47' title="bbox 35 1490 825 1528">
    <p class='ocr_par' dir='ltr' id='par_1_47' title="bbox 35 1490 825 1528">
     <span class='ocr_line' id='line_1_47' title="bbox 35 1490 825 1528; baseline 0.005 -12"><span class='ocrx_word' id='word_1_316' title='bbox 35 1492 88 1516; x_wconf 76' lang='grc' dir='ltr'>ἐκεῖ</span> <span class='ocrx_word' id='word_1_317' title='bbox 102 1491 133 1516; x_wconf 80' lang='grc' dir='ltr'>δὲ</span> <span class='ocrx_word' id='word_1_318' title='bbox 150 1492 182 1517; x_wconf 77' lang='grc' dir='ltr'>ὲν</span> <span class='ocrx_word' id='word_1_319' title='bbox 196 1490 237 1525; x_wconf 83' lang='grc' dir='ltr'><strong>τῷ</strong></span> <span class='ocrx_word' id='word_1_320' title='bbox 256 1492 340 1517; x_wconf 79' lang='grc' dir='ltr'><strong>Ὄντι</strong></span> <span class='ocrx_word' id='word_1_321' title='bbox 355 1490 424 1526; x_wconf 80' lang='grc' dir='ltr'>(Η),</span> <span class='ocrx_word' id='word_1_322' title='bbox 441 1490 478 1522; x_wconf 81' lang='grc' dir='ltr'>ὥς</span> <span class='ocrx_word' id='word_1_323' title='bbox 499 1492 577 1524; x_wconf 82' lang='grc' dir='ltr'>εἰσιν,</span> <span class='ocrx_word' id='word_1_324' title='bbox 589 1491 697 1528; x_wconf 74' lang='grc' dir='ltr'>ὁλοτελῆ</span> <span class='ocrx_word' id='word_1_325' title='bbox 715 1493 825 1528; x_wconf 85' lang='grc' dir='ltr'>βλέπον-</span> 
     </span>
    </p>
   </div>
   <div class='ocr_carea' id='block_1_48' title="bbox 35 1535 824 1574">
    <p class='ocr_par' dir='ltr' id='par_1_48' title="bbox 35 1535 824 1574">
     <span class='ocr_line' id='line_1_48' title="bbox 35 1535 824 1574; baseline 0.003 -11"><span class='ocrx_word' id='word_1_326' title='bbox 35 1545 74 1563; x_wconf 67' lang='lat' dir='ltr'><strong>ut</strong></span> <span class='ocrx_word' id='word_1_327' title='bbox 89 1536 140 1563; x_wconf 69' lang='grc' dir='ltr'>καὶ</span> <span class='ocrx_word' id='word_1_328' title='bbox 156 1536 243 1571; x_wconf 74' lang='grc' dir='ltr'>σαφῆ.</span> <span class='ocrx_word' id='word_1_329' title='bbox 261 1535 337 1563; x_wconf 83' lang='grc' dir='ltr'>Εἶναι</span> <span class='ocrx_word' id='word_1_330' title='bbox 353 1536 409 1571; x_wconf 81' lang='grc' dir='ltr'><strong>γὰρ</strong></span> <span class='ocrx_word' id='word_1_331' title='bbox 424 1536 529 1572; x_wconf 83' lang='grc' dir='ltr'>δένδρον</span> <span class='ocrx_word' id='word_1_332' title='bbox 545 1546 572 1563; x_wconf 82' lang='grc' dir='ltr'>τι</span> <span class='ocrx_word' id='word_1_333' title='bbox 586 1539 762 1574; x_wconf 85' lang='grc' dir='ltr'>σωφροσύνης</span> <span class='ocrx_word' id='word_1_334' title='bbox 775 1540 824 1565; x_wconf 86' lang='grc' dir='ltr'><strong>αὑ-</strong></span> 
     </span>
    </p>
   </div>
   <div class='ocr_carea' id='block_1_49' title="bbox 873 941 1656 976">
    <p class='ocr_par' dir='ltr' id='par_1_49' title="bbox 873 941 1656 976">
     <span class='ocr_line' id='line_1_49' title="bbox 873 941 1656 976; baseline 0.001 -8"><span class='ocrx_word' id='word_1_335' title='bbox 873 941 1064 976; x_wconf 85' lang='lat' dir='ltr'><strong>strissimaque</strong></span> <span class='ocrx_word' id='word_1_336' title='bbox 1076 945 1103 968; x_wconf 89' lang='lat' dir='ltr'><strong>et</strong></span> <span class='ocrx_word' id='word_1_337' title='bbox 1117 941 1206 973; x_wconf 81' lang='lat' dir='ltr'><strong>beata,</strong></span> <span class='ocrx_word' id='word_1_338' title='bbox 1222 945 1249 968; x_wconf 86' lang='lat' dir='ltr'><strong>et</strong></span> <span class='ocrx_word' id='word_1_339' title='bbox 1264 948 1347 976; x_wconf 87' lang='lat' dir='ltr'><strong>supra</strong></span> <span class='ocrx_word' id='word_1_340' title='bbox 1365 948 1446 975; x_wconf 91' lang='lat' dir='ltr'><strong>quam</strong></span> <span class='ocrx_word' id='word_1_341' title='bbox 1463 941 1585 969; x_wconf 88' lang='lat' dir='ltr'><strong>humano</strong></span> <span class='ocrx_word' id='word_1_342' title='bbox 1598 943 1656 969; x_wconf 88' lang='lat' dir='ltr'><strong>elo-</strong></span> 
     </span>
    </p>
   </div>
   <div class='ocr_carea' id='block_1_50' title="bbox 871 986 1656 1022">
    <p class='ocr_par' dir='ltr' id='par_1_50' title="bbox 871 986 1656 1022">
     <span class='ocr_line' id='line_1_50' title="bbox 871 986 1656 1022; baseline 0 -9"><span class='ocrx_word' id='word_1_343' title='bbox 871 986 936 1022; x_wconf 90' lang='lat' dir='ltr'><strong>quio</strong></span> <span class='ocrx_word' id='word_1_344' title='bbox 947 986 1062 1022; x_wconf 81' lang='lat' dir='ltr'><strong>exprimi</strong></span> <span class='ocrx_word' id='word_1_345' title='bbox 1078 987 1156 1014; x_wconf 82' lang='lat' dir='ltr'><strong>facile</strong></span> <span class='ocrx_word' id='word_1_346' title='bbox 1173 987 1259 1021; x_wconf 88' lang='lat' dir='ltr'><strong>possit</strong></span> <span class='ocrx_word' id='word_1_347' title='bbox 1268 986 1384 1013; x_wconf 77' lang='lat' dir='ltr'><strong>fruenda</strong></span> <span class='ocrx_word' id='word_1_348' title='bbox 1395 986 1485 1013; x_wconf 77' lang='lat' dir='ltr'><strong>offerri</strong></span> <span class='ocrx_word' id='word_1_349' title='bbox 1503 987 1656 1021; x_wconf 87' lang='lat' dir='ltr'><strong>pulchritu—</strong></span> 
     </span>
    </p>
   </div>
   <div class='ocr_carea' id='block_1_51' title="bbox 873 1033 1656 1068">
    <p class='ocr_par' dir='ltr' id='par_1_51' title="bbox 873 1033 1656 1068">
     <span class='ocr_line' id='line_1_51' title="bbox 873 1033 1656 1068; baseline 0.003 -9"><span class='ocrx_word' id='word_1_350' title='bbox 873 1033 966 1060; x_wconf 89' lang='lat' dir='ltr'><strong>dinum</strong></span> <span class='ocrx_word' id='word_1_351' title='bbox 983 1033 1148 1068; x_wconf 88' lang='lat' dir='ltr'><strong>spectacula.</strong></span> <span class='ocrx_word' id='word_1_352' title='bbox 1173 1033 1234 1067; x_wconf 82' lang='lat' dir='ltr'><strong>ipsa</strong></span> <span class='ocrx_word' id='word_1_353' title='bbox 1257 1033 1357 1068; x_wconf 88' lang='lat' dir='ltr'><strong>quippe</strong></span> <span class='ocrx_word' id='word_1_354' title='bbox 1382 1033 1437 1060; x_wconf 93' lang='lat' dir='ltr'><strong>illic</strong></span> <span class='ocrx_word' id='word_1_355' title='bbox 1461 1033 1579 1068; x_wconf 90' lang='lat' dir='ltr'><strong>justitia,</strong></span> <span class='ocrx_word' id='word_1_356' title='bbox 1597 1034 1656 1068; x_wconf 80' lang='lat' dir='ltr'><strong>ipsa</strong></span> 
     </span>
    </p>
   </div>
   <div class='ocr_carea' id='block_1_52' title="bbox 873 1079 1656 1114">
    <p class='ocr_par' dir='ltr' id='par_1_52' title="bbox 873 1079 1656 1114">
     <span class='ocr_line' id='line_1_52' title="bbox 873 1079 1656 1114; baseline 0 -8"><span class='ocrx_word' id='word_1_357' title='bbox 873 1079 1026 1113; x_wconf 85' lang='lat' dir='ltr'><strong>prudentia,</strong></span> <span class='ocrx_word' id='word_1_358' title='bbox 1050 1079 1108 1113; x_wconf 87' lang='lat' dir='ltr'><strong>ipsa</strong></span> <span class='ocrx_word' id='word_1_359' title='bbox 1131 1086 1191 1106; x_wconf 90' lang='lat' dir='ltr'><strong>sese</strong></span> <span class='ocrx_word' id='word_1_360' title='bbox 1215 1079 1304 1114; x_wconf 82' lang='lat' dir='ltr'><strong>palam</strong></span> <span class='ocrx_word' id='word_1_361' title='bbox 1323 1082 1459 1105; x_wconf 82' lang='lat' dir='ltr'><strong>monstrat</strong></span> <span class='ocrx_word' id='word_1_362' title='bbox 1479 1079 1656 1114; x_wconf 80' lang='lat' dir='ltr'><strong>indulgctque</strong></span> 
     </span>
    </p>
   </div>
   <div class='ocr_carea' id='block_1_53' title="bbox 872 1124 1657 1160">
    <p class='ocr_par' dir='ltr' id='par_1_53' title="bbox 872 1124 1657 1160">
     <span class='ocr_line' id='line_1_53' title="bbox 872 1124 1657 1160; baseline 0.001 -9"><span class='ocrx_word' id='word_1_363' title='bbox 872 1131 935 1151; x_wconf 87' lang='lat' dir='ltr'><strong>cum</strong></span> <span class='ocrx_word' id='word_1_364' title='bbox 960 1124 1091 1151; x_wconf 85' lang='lat' dir='ltr'><strong>charitate</strong></span> <span class='ocrx_word' id='word_1_365' title='bbox 1111 1125 1210 1152; x_wconf 81' lang='lat' dir='ltr'><strong>veritas</strong></span> <span class='ocrx_word' id='word_1_366' title='bbox 1228 1128 1254 1151; x_wconf 87' lang='lat' dir='ltr'><strong>et</strong></span> <span class='ocrx_word' id='word_1_367' title='bbox 1265 1124 1393 1157; x_wconf 80' lang='lat' dir='ltr'><strong>castitas,</strong></span> <span class='ocrx_word' id='word_1_368' title='bbox 1424 1124 1522 1160; x_wconf 85' lang='lat' dir='ltr'><strong>aliique</strong></span> <span class='ocrx_word' id='word_1_369' title='bbox 1534 1125 1560 1152; x_wconf 91' lang='lat' dir='ltr'><strong>id</strong></span> <span class='ocrx_word' id='word_1_370' title='bbox 1571 1133 1657 1159; x_wconf 83' lang='lat' dir='ltr'><strong>genus</strong></span> 
     </span>
    </p>
   </div>
   <div class='ocr_carea' id='block_1_54' title="bbox 873 1168 1655 1204">
    <p class='ocr_par' dir='ltr' id='par_1_54' title="bbox 873 1168 1655 1204">
     <span class='ocr_line' id='line_1_54' title="bbox 873 1168 1655 1204; baseline 0 -8"><span class='ocrx_word' id='word_1_371' title='bbox 873 1169 1069 1204; x_wconf 87' lang='lat' dir='ltr'><strong>speciosissimi</strong></span> <span class='ocrx_word' id='word_1_372' title='bbox 1090 1168 1230 1203; x_wconf 50' lang='lat' dir='ltr'><strong>sapientiae.</strong></span> <span class='ocrx_word' id='word_1_373' title='bbox 1253 1168 1333 1196; x_wconf 84' lang='lat' dir='ltr'><strong>ﬂores</strong></span> <span class='ocrx_word' id='word_1_374' title='bbox 1349 1176 1381 1195; x_wconf 90' lang='lat' dir='ltr'><strong>ac</strong></span> <span class='ocrx_word' id='word_1_375' title='bbox 1404 1169 1522 1204; x_wconf 59' lang='lat' dir='ltr'><strong>plantae:</strong></span> <span class='ocrx_word' id='word_1_376' title='bbox 1539 1177 1655 1204; x_wconf 91' lang='lat' dir='ltr'><strong>quorum</strong></span> 
     </span>
    </p>
   </div>
   <div class='ocr_carea' id='block_1_55' title="bbox 872 1215 1656 1252">
    <p class='ocr_par' dir='ltr' id='par_1_55' title="bbox 872 1215 1656 1252">
     <span class='ocr_line' id='line_1_55' title="bbox 872 1215 1656 1252; baseline 0.001 -10"><span class='ocrx_word' id='word_1_377' title='bbox 872 1223 924 1242; x_wconf 89' lang='lat' dir='ltr'><strong>nos</strong></span> <span class='ocrx_word' id='word_1_378' title='bbox 938 1215 982 1242; x_wconf 95' lang='lat' dir='ltr'><strong>hic</strong></span> <span class='ocrx_word' id='word_1_379' title='bbox 991 1215 1102 1242; x_wconf 85' lang='lat' dir='ltr'><strong>umbras</strong></span> <span class='ocrx_word' id='word_1_380' title='bbox 1119 1215 1191 1242; x_wconf 78' lang='lat' dir='ltr'><strong>solas</strong></span> <span class='ocrx_word' id='word_1_381' title='bbox 1202 1215 1280 1250; x_wconf 91' lang='lat' dir='ltr'><strong>quasi</strong></span> <span class='ocrx_word' id='word_1_382' title='bbox 1290 1222 1339 1250; x_wconf 88' lang='lat' dir='ltr'><strong>per</strong></span> <span class='ocrx_word' id='word_1_383' title='bbox 1354 1217 1489 1243; x_wconf 89' lang='lat' dir='ltr'><strong>somnium</strong></span> <span class='ocrx_word' id='word_1_384' title='bbox 1504 1216 1656 1252; x_wconf 89' lang='lat' dir='ltr'><strong>imaginan-</strong></span> 
     </span>
    </p>
   </div>
   <div class='ocr_carea' id='block_1_56' title="bbox 871 1261 1656 1297">
    <p class='ocr_par' dir='ltr' id='par_1_56' title="bbox 871 1261 1656 1297">
     <span class='ocr_line' id='line_1_56' title="bbox 871 1261 1656 1297; baseline 0.003 -9"><span class='ocrx_word' id='word_1_385' title='bbox 871 1265 924 1292; x_wconf 81' lang='lat' dir='ltr'><strong>tes,</strong></span> <span class='ocrx_word' id='word_1_386' title='bbox 941 1265 1068 1296; x_wconf 86' lang='lat' dir='ltr'><strong>putamus</strong></span> <span class='ocrx_word' id='word_1_387' title='bbox 1089 1268 1122 1288; x_wconf 82' lang='lat' dir='ltr'><strong>ex</strong></span> <span class='ocrx_word' id='word_1_388' title='bbox 1141 1261 1268 1288; x_wconf 84' lang='lat' dir='ltr'><strong>humanis</strong></span> <span class='ocrx_word' id='word_1_389' title='bbox 1292 1266 1419 1290; x_wconf 86' lang='lat' dir='ltr'><strong>constare</strong></span> <span class='ocrx_word' id='word_1_390' title='bbox 1440 1262 1656 1297; x_wconf 87' lang='lat' dir='ltr'><strong>operationibus,</strong></span> 
     </span>
    </p>
   </div>
   <div class='ocr_carea' id='block_1_57' title="bbox 872 1307 1658 1344">
    <p class='ocr_par' dir='ltr' id='par_1_57' title="bbox 872 1307 1658 1344">
     <span class='ocr_line' id='line_1_57' title="bbox 872 1307 1658 1344; baseline 0.001 -10"><span class='ocrx_word' id='word_1_391' title='bbox 872 1307 945 1342; x_wconf 90' lang='lat' dir='ltr'><strong>quod</strong></span> <span class='ocrx_word' id='word_1_392' title='bbox 956 1307 1061 1334; x_wconf 89' lang='lat' dir='ltr'><strong>nullum</strong></span> <span class='ocrx_word' id='word_1_393' title='bbox 1076 1308 1156 1335; x_wconf 87' lang='lat' dir='ltr'><strong>nobis</strong></span> <span class='ocrx_word' id='word_1_394' title='bbox 1166 1307 1210 1335; x_wconf 93' lang='lat' dir='ltr'><strong>hic</strong></span> <span class='ocrx_word' id='word_1_395' title='bbox 1227 1315 1320 1335; x_wconf 89' lang='lat' dir='ltr'><strong>eorum</strong></span> <span class='ocrx_word' id='word_1_396' title='bbox 1340 1309 1517 1344; x_wconf 90' lang='lat' dir='ltr'><strong>conspicuum</strong></span> <span class='ocrx_word' id='word_1_397' title='bbox 1531 1313 1658 1343; x_wconf 83' lang='lat' dir='ltr'><strong>suppetat</strong></span> 
     </span>
    </p>
   </div>
   <div class='ocr_carea' id='block_1_58' title="bbox 873 1352 1656 1389">
    <p class='ocr_par' dir='ltr' id='par_1_58' title="bbox 873 1352 1656 1389">
     <span class='ocr_line' id='line_1_58' title="bbox 873 1352 1656 1389; baseline 0.004 -11"><span class='ocrx_word' id='word_1_398' title='bbox 873 1352 1060 1384; x_wconf 88' lang='lat' dir='ltr'><strong>simulacrum,</strong></span> <span class='ocrx_word' id='word_1_399' title='bbox 1080 1352 1127 1379; x_wconf 90' lang='lat' dir='ltr'><strong>sed</strong></span> <span class='ocrx_word' id='word_1_400' title='bbox 1144 1352 1268 1380; x_wconf 70' lang='lat' dir='ltr'><strong>obscura:</strong></span> <span class='ocrx_word' id='word_1_401' title='bbox 1288 1354 1420 1381; x_wconf 76' lang='lat' dir='ltr'><strong>duntaxat</strong></span> <span class='ocrx_word' id='word_1_402' title='bbox 1444 1354 1656 1389; x_wconf 86' lang='lat' dir='ltr'><strong>designationes.</strong></span> 
     </span>
    </p>
   </div>
   <div class='ocr_carea' id='block_1_59' title="bbox 873 1399 1660 1434">
    <p class='ocr_par' dir='ltr' id='par_1_59' title="bbox 873 1399 1660 1434">
     <span class='ocr_line' id='line_1_59' title="bbox 873 1399 1660 1434; baseline 0.001 -9"><span class='ocrx_word' id='word_1_403' title='bbox 873 1406 941 1433; x_wconf 89' lang='lat' dir='ltr'><strong>quas</strong></span> <span class='ocrx_word' id='word_1_404' title='bbox 964 1402 991 1426; x_wconf 91' lang='lat' dir='ltr'><strong>et</strong></span> <span class='ocrx_word' id='word_1_405' title='bbox 1005 1399 1078 1433; x_wconf 89' lang='lat' dir='ltr'><strong>ipsas</strong></span> <span class='ocrx_word' id='word_1_406' title='bbox 1093 1400 1191 1433; x_wconf 56' lang='lat' dir='ltr'><strong>sapius</strong></span> <span class='ocrx_word' id='word_1_407' title='bbox 1204 1399 1321 1427; x_wconf 88' lang='lat' dir='ltr'><strong>obscure</strong></span> <span class='ocrx_word' id='word_1_408' title='bbox 1336 1400 1503 1428; x_wconf 89' lang='lat' dir='ltr'><strong>delineantes</strong></span> <span class='ocrx_word' id='word_1_409' title='bbox 1519 1400 1660 1434; x_wconf 90' lang='lat' dir='ltr'><strong>densaque</strong></span> 
     </span>
    </p>
   </div>
   <div class='ocr_carea' id='block_1_60' title="bbox 873 1443 1660 1481">
    <p class='ocr_par' dir='ltr' id='par_1_60' title="bbox 873 1443 1660 1481">
     <span class='ocr_line' id='line_1_60' title="bbox 873 1443 1660 1481; baseline 0.004 -11"><span class='ocrx_word' id='word_1_410' title='bbox 873 1444 1000 1479; x_wconf 77' lang='lat' dir='ltr'><strong>caligine,</strong></span> <span class='ocrx_word' id='word_1_411' title='bbox 1016 1445 1158 1472; x_wconf 84' lang='lat' dir='ltr'><strong>sentimus.</strong></span> <span class='ocrx_word' id='word_1_412' title='bbox 1173 1443 1228 1473; x_wconf 87' lang='lat' dir='ltr'><strong>Nec</strong></span> <span class='ocrx_word' id='word_1_413' title='bbox 1247 1446 1319 1473; x_wconf 87' lang='lat' dir='ltr'><strong>enim</strong></span> <span class='ocrx_word' id='word_1_414' title='bbox 1342 1447 1413 1474; x_wconf 88' lang='lat' dir='ltr'><strong>ullus</strong></span> <span class='ocrx_word' id='word_1_415' title='bbox 1427 1454 1547 1481; x_wconf 89' lang='lat' dir='ltr'><strong>unquam</strong></span> <span class='ocrx_word' id='word_1_416' title='bbox 1572 1446 1660 1481; x_wconf 90' lang='lat' dir='ltr'><strong>ipsius</strong></span> 
     </span>
    </p>
   </div>
   <div class='ocr_carea' id='block_1_61' title="bbox 872 1489 1659 1526">
    <p class='ocr_par' dir='ltr' id='par_1_61' title="bbox 872 1489 1659 1526">
     <span class='ocr_line' id='line_1_61' title="bbox 872 1489 1659 1526; baseline 0 -10"><span class='ocrx_word' id='word_1_417' title='bbox 872 1489 995 1524; x_wconf 64' lang='lat' dir='ltr'><strong>iustitia),</strong></span> <span class='ocrx_word' id='word_1_418' title='bbox 1009 1493 1056 1517; x_wconf 86' lang='lat' dir='ltr'><strong>aut</strong></span> <span class='ocrx_word' id='word_1_419' title='bbox 1063 1490 1224 1525; x_wconf 70' lang='lat' dir='ltr'><strong>prudentiae,</strong></span> <span class='ocrx_word' id='word_1_420' title='bbox 1232 1496 1278 1518; x_wconf 90' lang='lat' dir='ltr'><strong>aut</strong></span> <span class='ocrx_word' id='word_1_421' title='bbox 1290 1492 1376 1526; x_wconf 82' lang='lat' dir='ltr'><strong>pacis,</strong></span> <span class='ocrx_word' id='word_1_422' title='bbox 1388 1491 1602 1526; x_wconf 79' lang='lat' dir='ltr'><strong>magnitudinem</strong></span> <span class='ocrx_word' id='word_1_423' title='bbox 1612 1495 1659 1517; x_wconf 87' lang='lat' dir='ltr'><strong>aut</strong></span> 
     </span>
    </p>
   </div>
   <div class='ocr_carea' id='block_1_62' title="bbox 875 1536 1659 1572">
    <p class='ocr_par' dir='ltr' id='par_1_62' title="bbox 875 1536 1659 1572">
     <span class='ocr_line' id='line_1_62' title="bbox 875 1536 1659 1572; baseline 0.001 -10"><span class='ocrx_word' id='word_1_424' title='bbox 875 1536 1000 1568; x_wconf 81' lang='lat' dir='ltr'><strong>formam,</strong></span> <span class='ocrx_word' id='word_1_425' title='bbox 1017 1540 1097 1564; x_wconf 90' lang='lat' dir='ltr'><strong>autve</strong></span> <span class='ocrx_word' id='word_1_426' title='bbox 1112 1537 1238 1564; x_wconf 90' lang='lat' dir='ltr'><strong>decorem</strong></span> <span class='ocrx_word' id='word_1_427' title='bbox 1249 1537 1336 1565; x_wconf 87' lang='lat' dir='ltr'><strong>oculis</strong></span> <span class='ocrx_word' id='word_1_428' title='bbox 1351 1537 1508 1572; x_wconf 85' lang='lat' dir='ltr'><strong>usurpavit;</strong></span> <span class='ocrx_word' id='word_1_429' title='bbox 1527 1537 1582 1563; x_wconf 91' lang='lat' dir='ltr'><strong>illic</strong></span> <span class='ocrx_word' id='word_1_430' title='bbox 1592 1544 1659 1564; x_wconf 85' lang='lat' dir='ltr'><strong>vero</strong></span> 
     </span>
    </p>
   </div>
   <div class='ocr_carea' id='block_1_63' title="bbox 35 1580 823 1622">
    <p class='ocr_par' dir='ltr' id='par_1_63' title="bbox 35 1580 823 1620">
     <span class='ocr_line' id='line_1_63' title="bbox 35 1580 823 1620; baseline 0.005 -12"><span class='ocrx_word' id='word_1_431' title='bbox 35 1582 90 1617; x_wconf 69' lang='grc' dir='ltr'>τῆς,</span> <span class='ocrx_word' id='word_1_432' title='bbox 107 1580 182 1608; x_wconf 79' lang='grc' dir='ltr'>εἶναι</span> <span class='ocrx_word' id='word_1_433' title='bbox 199 1582 321 1618; x_wconf 76' lang='grc' dir='ltr'>ἀγάπης,</span> <span class='ocrx_word' id='word_1_434' title='bbox 343 1580 415 1610; x_wconf 77' lang='grc' dir='ltr'>εἶναι</span> <span class='ocrx_word' id='word_1_435' title='bbox 433 1583 580 1615; x_wconf 84' lang='grc' dir='ltr'>συνέσεως·</span> <span class='ocrx_word' id='word_1_436' title='bbox 593 1583 687 1620; x_wconf 84' lang='grc' dir='ltr'>ὥσπερ</span> <span class='ocrx_word' id='word_1_437' title='bbox 709 1585 755 1612; x_wconf 74' lang='grc' dir='ltr'>καὶ</span> <span class='ocrx_word' id='word_1_438' title='bbox 771 1585 823 1612; x_wconf 73' lang='grc' dir='ltr'><strong>’ἑῶν</strong></span> 
     </span>
    </p>
   </div>
   <div class='ocr_carea' id='block_1_64' title="bbox 874 1580 1660 1622">
    <p class='ocr_par' dir='ltr' id='par_1_64' title="bbox 877 1582 1660 1618">
     <span class='ocr_line' id='line_1_64' title="bbox 877 1582 1660 1618; baseline -0.001 -9"><span class='ocrx_word' id='word_1_439' title='bbox 877 1583 904 1609; x_wconf 89' lang='lat' dir='ltr'><strong>in</strong></span> <span class='ocrx_word' id='word_1_440' title='bbox 930 1590 963 1609; x_wconf 90' lang='lat' dir='ltr'><strong>eo</strong></span> <span class='ocrx_word' id='word_1_441' title='bbox 994 1582 1046 1615; x_wconf 84' lang='lat' dir='ltr'><strong>Qui</strong></span> <span class='ocrx_word' id='word_1_442' title='bbox 1056 1587 1095 1609; x_wconf 77' lang='lat' dir='ltr'><strong>est</strong></span> <span class='ocrx_word' id='word_1_443' title='bbox 1110 1584 1144 1614; x_wconf 80' lang='grc'><strong>⁵⁷,</strong></span> <span class='ocrx_word' id='word_1_444' title='bbox 1160 1583 1199 1609; x_wconf 90' lang='lat' dir='ltr'><strong>uti</strong></span> <span class='ocrx_word' id='word_1_445' title='bbox 1219 1591 1282 1610; x_wconf 88' lang='lat' dir='ltr'><strong>vere</strong></span> <span class='ocrx_word' id='word_1_446' title='bbox 1293 1587 1367 1614; x_wconf 86' lang='lat' dir='ltr'><strong>sunt,</strong></span> <span class='ocrx_word' id='word_1_447' title='bbox 1380 1583 1483 1618; x_wconf 81' lang='lat' dir='ltr'><strong>integra</strong></span> <span class='ocrx_word' id='word_1_448' title='bbox 1498 1590 1529 1609; x_wconf 89' lang='lat' dir='ltr'><strong>ac</strong></span> <span class='ocrx_word' id='word_1_449' title='bbox 1549 1583 1660 1617; x_wconf 85' lang='lat' dir='ltr'><strong>conspi-</strong></span> 
     </span>
    </p>
   </div>
   <div class='ocr_carea' id='block_1_65' title="bbox 35 1625 826 1666">
    <p class='ocr_par' dir='ltr' id='par_1_65' title="bbox 35 1625 826 1666">
     <span class='ocr_line' id='line_1_65' title="bbox 35 1625 826 1666; baseline 0.006 -13"><span class='ocrx_word' id='word_1_450' title='bbox 35 1627 125 1653; x_wconf 71' lang='grc' dir='ltr'>ἐνθάδε</span> <span class='ocrx_word' id='word_1_451' title='bbox 136 1628 175 1654; x_wconf 80' lang='grc' dir='ltr'><strong>τὰ</strong></span> <span class='ocrx_word' id='word_1_452' title='bbox 187 1628 258 1662; x_wconf 70' lang='grc' dir='ltr'>φυτὰ</span> <span class='ocrx_word' id='word_1_453' title='bbox 268 1627 394 1663; x_wconf 83' lang='grc' dir='ltr'>καρπῶν,</span> <span class='ocrx_word' id='word_1_454' title='bbox 406 1625 462 1655; x_wconf 72' lang='grc' dir='ltr'>οἷον</span> <span class='ocrx_word' id='word_1_455' title='bbox 470 1629 616 1665; x_wconf 82' lang='grc' dir='ltr'>σταφυλῆς,</span> <span class='ocrx_word' id='word_1_456' title='bbox 629 1631 705 1664; x_wconf 79' lang='grc' dir='ltr'>ῥοιᾶς</span> <span class='ocrx_word' id='word_1_457' title='bbox 717 1631 764 1658; x_wconf 74' lang='grc' dir='ltr'>καὶ</span> <span class='ocrx_word' id='word_1_458' title='bbox 775 1633 826 1666; x_wconf 90' lang='grc' dir='ltr'><strong>μή-</strong></span> 
     </span>
    </p>
   </div>
   <div class='ocr_carea' id='block_1_66' title="bbox 33 1671 827 1711">
    <p class='ocr_par' dir='ltr' id='par_1_66' title="bbox 33 1671 827 1711">
     <span class='ocr_line' id='line_1_66' title="bbox 33 1671 827 1711; baseline 0.005 -12"><span class='ocrx_word' id='word_1_459' title='bbox 33 1671 95 1704; x_wconf 68' lang='grc' dir='ltr'>λων,</span> <span class='ocrx_word' id='word_1_460' title='bbox 110 1673 187 1700; x_wconf 74' lang='grc' dir='ltr'>οὕτω</span> <span class='ocrx_word' id='word_1_461' title='bbox 243 1674 378 1701; x_wconf 82' lang='grc' dir='ltr'>κάκείνων</span> <span class='ocrx_word' id='word_1_462' title='bbox 390 1674 536 1710; x_wconf 81' lang='grc' dir='ltr'>δρέπεσθαι</span> <span class='ocrx_word' id='word_1_463' title='bbox 551 1675 607 1711; x_wconf 71' lang='grc'><strong>(12)</strong></span> <span class='ocrx_word' id='word_1_464' title='bbox 620 1676 669 1710; x_wconf 79' lang='grc' dir='ltr'><strong>μὲν</strong></span> <span class='ocrx_word' id='word_1_465' title='bbox 683 1677 728 1703; x_wconf 82' lang='grc' dir='ltr'>καὶ</span> <span class='ocrx_word' id='word_1_466' title='bbox 740 1677 827 1703; x_wconf 77' lang='grc' dir='ltr'>ἐσθίε-</span> 
     </span>
    </p>
   </div>
   <div class='ocr_carea' id='block_1_67' title="bbox 34 1718 825 1756">
    <p class='ocr_par' dir='ltr' id='par_1_67' title="bbox 34 1718 825 1756">
     <span class='ocr_line' id='line_1_67' title="bbox 34 1718 825 1756; baseline 0.004 -11"><span class='ocrx_word' id='word_1_467' title='bbox 34 1718 95 1745; x_wconf 70' lang='grc' dir='ltr'>σθαι</span> <span class='ocrx_word' id='word_1_468' title='bbox 117 1720 185 1750; x_wconf 79' lang='grc' dir='ltr'>τοὺς</span> <span class='ocrx_word' id='word_1_469' title='bbox 201 1720 335 1755; x_wconf 74' lang='grc' dir='ltr'>καρποὺς,</span> <span class='ocrx_word' id='word_1_470' title='bbox 353 1721 384 1746; x_wconf 82' lang='grc' dir='ltr'>οὐ</span> <span class='ocrx_word' id='word_1_471' title='bbox 404 1721 456 1756; x_wconf 85' lang='grc' dir='ltr'>μὴν</span> <span class='ocrx_word' id='word_1_472' title='bbox 470 1721 635 1748; x_wconf 79' lang='grc' dir='ltr'>ἀπόλλυσθαι</span> <span class='ocrx_word' id='word_1_473' title='bbox 652 1723 698 1748; x_wconf 83' lang='grc' dir='ltr'>καὶ</span> <span class='ocrx_word' id='word_1_474' title='bbox 711 1722 825 1756; x_wconf 82' lang='grc' dir='ltr'>φθίνειν,</span> 
     </span>
    </p>
   </div>
   <div class='ocr_carea' id='block_1_68' title="bbox 33 1765 826 1803">
    <p class='ocr_par' dir='ltr' id='par_1_68' title="bbox 33 1765 826 1803">
     <span class='ocr_line' id='line_1_68' title="bbox 33 1765 826 1803; baseline 0.004 -12"><span class='ocrx_word' id='word_1_475' title='bbox 33 1765 88 1791; x_wconf 80' lang='grc' dir='ltr'>ἀλλ’</span> <span class='ocrx_word' id='word_1_476' title='bbox 101 1766 143 1796; x_wconf 84' lang='grc' dir='ltr'><strong>εις</strong></span> <span class='ocrx_word' id='word_1_477' title='bbox 155 1765 308 1792; x_wconf 84' lang='grc' dir='ltr'>ἀθανασίαν</span> <span class='ocrx_word' id='word_1_478' title='bbox 321 1765 412 1798; x_wconf 71' lang='grc' dir='ltr'>αὔξειν</span> <span class='ocrx_word' id='word_1_479' title='bbox 426 1767 472 1793; x_wconf 80' lang='grc' dir='ltr'>καὶ</span> <span class='ocrx_word' id='word_1_480' title='bbox 485 1766 610 1802; x_wconf 84' lang='grc' dir='ltr'>θειότητα</span> <span class='ocrx_word' id='word_1_481' title='bbox 620 1768 682 1799; x_wconf 81' lang='grc' dir='ltr'>τοὺς</span> <span class='ocrx_word' id='word_1_482' title='bbox 692 1767 826 1803; x_wconf 81' lang='grc' dir='ltr'>δρεπομέ-</span> 
     </span>
    </p>
   </div>
   <div class='ocr_carea' id='block_1_69' title="bbox 34 1810 826 1849">
    <p class='ocr_par' dir='ltr' id='par_1_69' title="bbox 34 1810 826 1849">
     <span class='ocr_line' id='line_1_69' title="bbox 34 1810 826 1849; baseline 0.004 -12"><span class='ocrx_word' id='word_1_483' title='bbox 34 1819 96 1842; x_wconf 78' lang='grc' dir='ltr'>νους</span> <span class='ocrx_word' id='word_1_484' title='bbox 106 1820 114 1826; x_wconf 94' lang='grc'><strong>·</strong></span> <span class='ocrx_word' id='word_1_485' title='bbox 134 1811 231 1843; x_wconf 75' lang='grc' dir='ltr'>καθὼς</span> <span class='ocrx_word' id='word_1_486' title='bbox 243 1813 371 1843; x_wconf 86' lang='grc' dir='ltr'>κάκεῖνος</span> <span class='ocrx_word' id='word_1_487' title='bbox 385 1812 414 1845; x_wconf 77' lang='grc' dir='ltr'>ἐξ</span> <span class='ocrx_word' id='word_1_488' title='bbox 432 1810 464 1839; x_wconf 75' lang='grc' dir='ltr'><strong>οὗ</strong></span> <span class='ocrx_word' id='word_1_489' title='bbox 485 1813 585 1844; x_wconf 80' lang='grc' dir='ltr'>πάντες</span> <span class='ocrx_word' id='word_1_490' title='bbox 601 1813 693 1848; x_wconf 72' lang='grc' dir='ltr'>ἐσμὲν,</span> <span class='ocrx_word' id='word_1_491' title='bbox 712 1814 764 1849; x_wconf 85' lang='grc' dir='ltr'><strong>πρὸ</strong></span> <span class='ocrx_word' id='word_1_492' title='bbox 780 1813 826 1840; x_wconf 70' lang='grc' dir='ltr'><strong>τοῦ</strong></span> 
     </span>
    </p>
   </div>
   <div class='ocr_carea' id='block_1_70' title="bbox 36 1857 828 1895">
    <p class='ocr_par' dir='ltr' id='par_1_70' title="bbox 36 1857 828 1895">
     <span class='ocr_line' id='line_1_70' title="bbox 36 1857 828 1895; baseline 0.004 -12"><span class='ocrx_word' id='word_1_493' title='bbox 36 1859 207 1892; x_wconf 56' lang='grc' dir='ltr'>παραπεσεῖν</span> <span class='ocrx_word' id='word_1_494' title='bbox 223 1859 271 1884; x_wconf 76' lang='grc' dir='ltr'><strong>καὶ</strong></span> <span class='ocrx_word' id='word_1_495' title='bbox 289 1857 451 1893; x_wconf 76' lang='grc' dir='ltr'>πηρωθῆναι</span> <span class='ocrx_word' id='word_1_496' title='bbox 466 1859 515 1890; x_wconf 81' lang='grc' dir='ltr'><strong>τᾶς</strong></span> <span class='ocrx_word' id='word_1_497' title='bbox 529 1857 615 1893; x_wconf 76' lang='grc' dir='ltr'>ὄψεις,</span> <span class='ocrx_word' id='word_1_498' title='bbox 631 1859 661 1884; x_wconf 80' lang='grc' dir='ltr'>ἐν</span> <span class='ocrx_word' id='word_1_499' title='bbox 682 1858 720 1894; x_wconf 82' lang='grc' dir='ltr'><strong>τῷ</strong></span> <span class='ocrx_word' id='word_1_500' title='bbox 739 1867 828 1895; x_wconf 87' lang='grc' dir='ltr'>παρα-</span> 
     </span>
    </p>
   </div>
   <div class='ocr_carea' id='block_1_71' title="bbox 36 1901 829 1939">
    <p class='ocr_par' dir='ltr' id='par_1_71' title="bbox 36 1901 829 1939">
     <span class='ocr_line' id='line_1_71' title="bbox 36 1901 829 1939; baseline 0.004 -11"><span class='ocrx_word' id='word_1_501' title='bbox 36 1901 115 1937; x_wconf 74' lang='grc' dir='ltr'>δείσῳ</span> <span class='ocrx_word' id='word_1_502' title='bbox 131 1903 278 1937; x_wconf 79' lang='grc' dir='ltr'>τυγχάνων</span> <span class='ocrx_word' id='word_1_503' title='bbox 288 1923 295 1935; x_wconf 92' lang='grc'><strong>,</strong></span> <span class='ocrx_word' id='word_1_504' title='bbox 311 1903 530 1938; x_wconf 77' lang='grc' dir='ltr'>ἁπεκαρπεύετο,</span> <span class='ocrx_word' id='word_1_505' title='bbox 546 1904 592 1930; x_wconf 84' lang='grc' dir='ltr'><strong>τοῦ</strong></span> <span class='ocrx_word' id='word_1_506' title='bbox 609 1904 676 1930; x_wconf 82' lang='grc' dir='ltr'>Θεοῦ</span> <span class='ocrx_word' id='word_1_507' title='bbox 689 1904 829 1939; x_wconf 79' lang='grc' dir='ltr'>θεμιστεύ-</span> 
     </span>
    </p>
   </div>
   <div class='ocr_carea' id='block_1_72' title="bbox 37 1949 826 1985">
    <p class='ocr_par' dir='ltr' id='par_1_72' title="bbox 37 1949 826 1985">
     <span class='ocr_line' id='line_1_72' title="bbox 37 1949 826 1985; baseline 0.001 -10"><span class='ocrx_word' id='word_1_508' title='bbox 37 1956 111 1979; x_wconf 74' lang='grc' dir='ltr'>οῖντος</span> <span class='ocrx_word' id='word_1_509' title='bbox 126 1949 175 1975; x_wconf 79' lang='grc' dir='ltr'><strong>τὸν</strong></span> <span class='ocrx_word' id='word_1_510' title='bbox 188 1949 333 1984; x_wconf 77' lang='grc' dir='ltr'>ἄνθρωπον</span> <span class='ocrx_word' id='word_1_511' title='bbox 345 1949 398 1975; x_wconf 81' lang='grc' dir='ltr'><strong>τῶν</strong></span> <span class='ocrx_word' id='word_1_512' title='bbox 408 1949 457 1983; x_wconf 80' lang='grc' dir='ltr'><strong>τῆς</strong></span> <span class='ocrx_word' id='word_1_513' title='bbox 473 1949 566 1983; x_wconf 78' lang='grc' dir='ltr'>σοφίας</span> <span class='ocrx_word' id='word_1_514' title='bbox 580 1949 699 1985; x_wconf 76' lang='grc' dir='ltr'>ἐργάτην</span> <span class='ocrx_word' id='word_1_515' title='bbox 715 1950 826 1985; x_wconf 84' lang='grc' dir='ltr'>τεθῆναι</span> 
     </span>
    </p>
   </div>
   <div class='ocr_carea' id='block_1_73' title="bbox 39 1993 825 2031">
    <p class='ocr_par' dir='ltr' id='par_1_73' title="bbox 39 1993 825 2031">
     <span class='ocr_line' id='line_1_73' title="bbox 39 1993 825 2031; baseline 0.003 -11"><span class='ocrx_word' id='word_1_516' title='bbox 39 1994 83 2020; x_wconf 72' lang='grc' dir='ltr'><strong>καὶ</strong></span> <span class='ocrx_word' id='word_1_517' title='bbox 103 1994 215 2028; x_wconf 75' lang='grc' dir='ltr'>φύλακα</span> <span class='ocrx_word' id='word_1_518' title='bbox 232 1994 334 2028; x_wconf 76' lang='grc' dir='ltr'>φυτῶν.</span> <span class='ocrx_word' id='word_1_519' title='bbox 356 1994 498 2026; x_wconf 79' lang='grc' dir='ltr'>Τοιούτους</span> <span class='ocrx_word' id='word_1_520' title='bbox 512 1994 566 2030; x_wconf 85' lang='grc' dir='ltr'>γὰρ</span> <span class='ocrx_word' id='word_1_521' title='bbox 582 1993 615 2030; x_wconf 86' lang='grc' dir='ltr'>ἦν</span> <span class='ocrx_word' id='word_1_522' title='bbox 632 1996 754 2031; x_wconf 80' lang='grc' dir='ltr'>καρποὺς</span> <span class='ocrx_word' id='word_1_523' title='bbox 777 2004 825 2022; x_wconf 87' lang='grc' dir='ltr'>πε-</span> 
     </span>
    </p>
   </div>
   <div class='ocr_carea' id='block_1_74' title="bbox 38 2041 825 2076">
    <p class='ocr_par' dir='ltr' id='par_1_74' title="bbox 38 2041 825 2076">
     <span class='ocr_line' id='line_1_74' title="bbox 38 2041 825 2076; baseline 0.003 -10"><span class='ocrx_word' id='word_1_524' title='bbox 38 2041 217 2076; x_wconf 73' lang='grc' dir='ltr'>πιστευμένος</span> <span class='ocrx_word' id='word_1_525' title='bbox 232 2041 365 2076; x_wconf 84' lang='grc' dir='ltr'>γεωργεῖν</span> <span class='ocrx_word' id='word_1_526' title='bbox 389 2041 436 2066; x_wconf 75' lang='grc' dir='ltr'>καὶ</span> <span class='ocrx_word' id='word_1_527' title='bbox 459 2041 473 2066; x_wconf 84' lang='grc' dir='ltr'>ὁ</span> <span class='ocrx_word' id='word_1_528' title='bbox 495 2041 602 2075; x_wconf 72' lang='grc' dir='ltr'>πρῶτος</span> <span class='ocrx_word' id='word_1_529' title='bbox 624 2041 718 2076; x_wconf 72' lang='grc' dir='ltr'>’Λδάμη</span> <span class='ocrx_word' id='word_1_530' title='bbox 735 2041 789 2068; x_wconf 77' lang='grc' dir='ltr'><strong>Καὶ</strong></span> <span class='ocrx_word' id='word_1_531' title='bbox 811 2043 825 2068; x_wconf 80' lang='grc' dir='ltr'>ὁ</span> 
     </span>
    </p>
   </div>
   <div class='ocr_carea' id='block_1_75' title="bbox 42 2086 824 2122">
    <p class='ocr_par' dir='ltr' id='par_1_75' title="bbox 42 2086 824 2122">
     <span class='ocr_line' id='line_1_75' title="bbox 42 2086 824 2122; baseline 0.003 -11"><span class='ocrx_word' id='word_1_532' title='bbox 42 2086 177 2121; x_wconf 82' lang='grc' dir='ltr'>Ἱερεμίας</span> <span class='ocrx_word' id='word_1_533' title='bbox 200 2087 229 2113; x_wconf 80' lang='grc' dir='ltr'>δὲ</span> <span class='ocrx_word' id='word_1_534' title='bbox 248 2086 335 2113; x_wconf 82' lang='grc' dir='ltr'><strong>ταῦτα</strong></span> <span class='ocrx_word' id='word_1_535' title='bbox 361 2086 503 2121; x_wconf 80' lang='grc' dir='ltr'>τυγχάνειν</span> <span class='ocrx_word' id='word_1_536' title='bbox 524 2087 614 2118; x_wconf 83' lang='grc' dir='ltr'>ίδικῶς</span> <span class='ocrx_word' id='word_1_537' title='bbox 630 2086 658 2113; x_wconf 79' lang='grc' dir='ltr'>ἓν</span> <span class='ocrx_word' id='word_1_538' title='bbox 673 2095 726 2113; x_wconf 82' lang='grc' dir='ltr'>τινι</span> <span class='ocrx_word' id='word_1_539' title='bbox 750 2088 824 2122; x_wconf 83' lang='grc' dir='ltr'><strong>τόπῳ</strong></span> 
     </span>
    </p>
   </div>
   <div class='ocr_carea' id='block_1_76' title="bbox 38 2131 824 2168">
    <p class='ocr_par' dir='ltr' id='par_1_76' title="bbox 38 2131 824 2168">
     <span class='ocr_line' id='line_1_76' title="bbox 38 2131 824 2168; baseline 0.003 -12"><span class='ocrx_word' id='word_1_540' title='bbox 38 2131 83 2156; x_wconf 71' lang='grc' dir='ltr'><strong>καὶ</strong></span> <span class='ocrx_word' id='word_1_541' title='bbox 110 2131 251 2165; x_wconf 77' lang='grc' dir='ltr'><strong>ἁφεπῶτι</strong></span> <span class='ocrx_word' id='word_1_542' title='bbox 279 2132 400 2168; x_wconf 81' lang='grc' dir='ltr'>μεγάλην</span> <span class='ocrx_word' id='word_1_543' title='bbox 429 2131 578 2158; x_wconf 79' lang='grc' dir='ltr'>ἀπόστασιν</span> <span class='ocrx_word' id='word_1_544' title='bbox 600 2132 649 2167; x_wconf 79' lang='grc' dir='ltr'><strong>τῆς</strong></span> <span class='ocrx_word' id='word_1_545' title='bbox 673 2131 733 2158; x_wconf 76' lang='grc' dir='ltr'>καθ’</span> <span class='ocrx_word' id='word_1_546' title='bbox 750 2132 824 2166; x_wconf 79' lang='grc' dir='ltr'>ἡμᾶς</span> 
     </span>
    </p>
   </div>
   <div class='ocr_carea' id='block_1_77' title="bbox 73 2208 326 2243">
    <p class='ocr_par' dir='ltr' id='par_1_77' title="bbox 73 2208 326 2243">
     <span class='ocr_line' id='line_1_77' title="bbox 73 2208 326 2243; baseline 0.004 -8"><span class='ocrx_word' id='word_1_547' title='bbox 73 2208 95 2222; x_wconf 69' lang='grc'><strong>⁸⁷</strong></span> <span class='ocrx_word' id='word_1_548' title='bbox 118 2208 207 2236; x_wconf 68' lang='lat' dir='ltr'><strong>Exod.</strong></span> <span class='ocrx_word' id='word_1_549' title='bbox 226 2216 268 2243; x_wconf 87' lang='grc' dir='ltr'>ιιι,</span> <span class='ocrx_word' id='word_1_550' title='bbox 283 2209 326 2236; x_wconf 73' lang='grc'><strong>14.</strong></span> 
     </span>
    </p>
   </div>
   <div class='ocr_carea' id='block_1_78' title="bbox 878 1628 1657 1663">
    <p class='ocr_par' dir='ltr' id='par_1_78' title="bbox 878 1628 1657 1663">
     <span class='ocr_line' id='line_1_78' title="bbox 878 1628 1657 1663; baseline 0 -9"><span class='ocrx_word' id='word_1_551' title='bbox 878 1635 928 1654; x_wconf 89' lang='lat' dir='ltr'><strong>cua</strong></span> <span class='ocrx_word' id='word_1_552' title='bbox 938 1628 1150 1663; x_wconf 88' lang='lat' dir='ltr'><strong>perspiciuntur.</strong></span> <span class='ocrx_word' id='word_1_553' title='bbox 1167 1628 1215 1656; x_wconf 88' lang='lat' dir='ltr'><strong>Est</strong></span> <span class='ocrx_word' id='word_1_554' title='bbox 1229 1628 1301 1656; x_wconf 90' lang='lat' dir='ltr'><strong>enim</strong></span> <span class='ocrx_word' id='word_1_555' title='bbox 1319 1628 1406 1663; x_wconf 86' lang='lat' dir='ltr'><strong>ipsius</strong></span> <span class='ocrx_word' id='word_1_556' title='bbox 1422 1628 1657 1658; x_wconf 87' lang='lat' dir='ltr'><strong>castitatisarbor,</strong></span> 
     </span>
    </p>
   </div>
   <div class='ocr_carea' id='block_1_79' title="bbox 877 1673 1659 1709">
    <p class='ocr_par' dir='ltr' id='par_1_79' title="bbox 877 1673 1659 1709">
     <span class='ocr_line' id='line_1_79' title="bbox 877 1673 1659 1709; baseline 0 -9"><span class='ocrx_word' id='word_1_557' title='bbox 877 1677 920 1700; x_wconf 81' lang='lat' dir='ltr'><strong>est</strong></span> <span class='ocrx_word' id='word_1_558' title='bbox 934 1674 1067 1707; x_wconf 88' lang='lat' dir='ltr'><strong>caritatis,</strong></span> <span class='ocrx_word' id='word_1_559' title='bbox 1094 1678 1137 1702; x_wconf 90' lang='lat' dir='ltr'><strong>est</strong></span> <span class='ocrx_word' id='word_1_560' title='bbox 1163 1674 1323 1709; x_wconf 69' lang='lat' dir='ltr'><strong>prudentiae,</strong></span> <span class='ocrx_word' id='word_1_561' title='bbox 1340 1673 1379 1700; x_wconf 87' lang='lat' dir='ltr'><strong>uti</strong></span> <span class='ocrx_word' id='word_1_562' title='bbox 1395 1681 1460 1701; x_wconf 88' lang='lat' dir='ltr'><strong>sane</strong></span> <span class='ocrx_word' id='word_1_563' title='bbox 1473 1679 1499 1701; x_wconf 85' lang='lat' dir='ltr'><strong>et</strong></span> <span class='ocrx_word' id='word_1_564' title='bbox 1518 1673 1659 1701; x_wconf 81' lang='lat' dir='ltr'><strong>fructuum</strong></span> 
     </span>
    </p>
   </div>
   <div class='ocr_carea' id='block_1_80' title="bbox 878 1719 1659 1755">
    <p class='ocr_par' dir='ltr' id='par_1_80' title="bbox 878 1719 1659 1755">
     <span class='ocr_line' id='line_1_80' title="bbox 878 1719 1659 1755; baseline 0 -9"><span class='ocrx_word' id='word_1_565' title='bbox 878 1719 923 1747; x_wconf 85' lang='lat' dir='ltr'><strong>hic</strong></span> <span class='ocrx_word' id='word_1_566' title='bbox 937 1725 1104 1747; x_wconf 78' lang='lat' dir='ltr'><strong>terrenarum</strong></span> <span class='ocrx_word' id='word_1_567' title='bbox 1133 1720 1231 1754; x_wconf 70' lang='lat' dir='ltr'><strong>plantae</strong></span> <span class='ocrx_word' id='word_1_568' title='bbox 1242 1721 1316 1755; x_wconf 89' lang='lat' dir='ltr'><strong>(vitis</strong></span> <span class='ocrx_word' id='word_1_569' title='bbox 1337 1720 1452 1751; x_wconf 85' lang='lat' dir='ltr'><strong>scilicet,</strong></span> <span class='ocrx_word' id='word_1_570' title='bbox 1468 1720 1659 1755; x_wconf 82' lang='lat' dir='ltr'><strong>malogranati,</strong></span> 
     </span>
    </p>
   </div>
   <div class='ocr_carea' id='block_1_81' title="bbox 878 1765 1660 1801">
    <p class='ocr_par' dir='ltr' id='par_1_81' title="bbox 878 1765 1660 1801">
     <span class='ocr_line' id='line_1_81' title="bbox 878 1765 1660 1801; baseline 0 -10"><span class='ocrx_word' id='word_1_571' title='bbox 878 1765 1011 1792; x_wconf 88' lang='lat' dir='ltr'><strong>malorum</strong></span> <span class='ocrx_word' id='word_1_572' title='bbox 1025 1771 1223 1801; x_wconf 88' lang='lat' dir='ltr'><strong>pomorumque</strong></span> <span class='ocrx_word' id='word_1_573' title='bbox 1230 1765 1373 1801; x_wconf 88' lang='lat' dir='ltr'><strong>omnium),</strong></span> <span class='ocrx_word' id='word_1_574' title='bbox 1389 1766 1428 1793; x_wconf 80' lang='lat' dir='ltr'><strong>sic</strong></span> <span class='ocrx_word' id='word_1_575' title='bbox 1437 1769 1464 1792; x_wconf 86' lang='lat' dir='ltr'><strong>et</strong></span> <span class='ocrx_word' id='word_1_576' title='bbox 1480 1765 1587 1792; x_wconf 88' lang='lat' dir='ltr'><strong>illarum</strong></span> <span class='ocrx_word' id='word_1_577' title='bbox 1599 1773 1660 1792; x_wconf 87' lang='lat' dir='ltr'><strong>car-</strong></span> 
     </span>
    </p>
   </div>
   <div class='ocr_carea' id='block_1_82' title="bbox 879 1810 1660 1846">
    <p class='ocr_par' dir='ltr' id='par_1_82' title="bbox 879 1810 1660 1846">
     <span class='ocr_line' id='line_1_82' title="bbox 879 1810 1660 1846; baseline 0.001 -10"><span class='ocrx_word' id='word_1_578' title='bbox 879 1814 981 1845; x_wconf 88' lang='lat' dir='ltr'><strong>puntur</strong></span> <span class='ocrx_word' id='word_1_579' title='bbox 995 1810 1100 1839; x_wconf 81' lang='lat' dir='ltr'><strong>fructus</strong></span> <span class='ocrx_word' id='word_1_580' title='bbox 1117 1816 1198 1846; x_wconf 88' lang='lat' dir='ltr'><strong>atque</strong></span> <span class='ocrx_word' id='word_1_581' title='bbox 1214 1812 1342 1843; x_wconf 86' lang='lat' dir='ltr'><strong>eduntur,</strong></span> <span class='ocrx_word' id='word_1_582' title='bbox 1360 1820 1414 1838; x_wconf 92' lang='lat' dir='ltr'><strong>non</strong></span> <span class='ocrx_word' id='word_1_583' title='bbox 1435 1811 1481 1846; x_wconf 94' lang='lat' dir='ltr'><strong>qui</strong></span> <span class='ocrx_word' id='word_1_584' title='bbox 1503 1814 1614 1846; x_wconf 87' lang='lat' dir='ltr'><strong>pereant</strong></span> <span class='ocrx_word' id='word_1_585' title='bbox 1627 1818 1660 1837; x_wconf 89' lang='lat' dir='ltr'><strong>ac</strong></span> 
     </span>
    </p>
   </div>
   <div class='ocr_carea' id='block_1_83' title="bbox 879 1857 1661 1893">
    <p class='ocr_par' dir='ltr' id='par_1_83' title="bbox 879 1857 1661 1893">
     <span class='ocr_line' id='line_1_83' title="bbox 879 1857 1661 1893; baseline 0.001 -11"><span class='ocrx_word' id='word_1_586' title='bbox 879 1862 1059 1888; x_wconf 70' lang='lat' dir='ltr'><strong>marcescant.</strong></span> <span class='ocrx_word' id='word_1_587' title='bbox 1076 1858 1122 1885; x_wconf 91' lang='lat' dir='ltr'><strong>sed</strong></span> <span class='ocrx_word' id='word_1_588' title='bbox 1133 1858 1179 1893; x_wconf 88' lang='lat' dir='ltr'><strong>qui</strong></span> <span class='ocrx_word' id='word_1_589' title='bbox 1199 1859 1317 1893; x_wconf 84' lang='lat' dir='ltr'><strong>legentes</strong></span> <span class='ocrx_word' id='word_1_590' title='bbox 1329 1857 1363 1885; x_wconf 91' lang='lat' dir='ltr'><strong>ad</strong></span> <span class='ocrx_word' id='word_1_591' title='bbox 1377 1858 1607 1885; x_wconf 87' lang='lat' dir='ltr'><strong>immortalitatem</strong></span> <span class='ocrx_word' id='word_1_592' title='bbox 1618 1857 1661 1885; x_wconf 91' lang='lat' dir='ltr'><strong>di-</strong></span> 
     </span>
    </p>
   </div>
   <div class='ocr_carea' id='block_1_84' title="bbox 879 1900 1661 1938">
    <p class='ocr_par' dir='ltr' id='par_1_84' title="bbox 879 1900 1661 1938">
     <span class='ocr_line' id='line_1_84' title="bbox 879 1900 1661 1938; baseline 0.005 -12"><span class='ocrx_word' id='word_1_593' title='bbox 879 1900 1073 1936; x_wconf 90' lang='lat' dir='ltr'><strong>vinitatemque</strong></span> <span class='ocrx_word' id='word_1_594' title='bbox 1080 1902 1245 1937; x_wconf 82' lang='lat' dir='ltr'><strong>adaugeant:</strong></span> <span class='ocrx_word' id='word_1_595' title='bbox 1258 1903 1486 1938; x_wconf 86' lang='lat' dir='ltr'><strong>quemadmodum</strong></span> <span class='ocrx_word' id='word_1_596' title='bbox 1492 1906 1518 1930; x_wconf 87' lang='lat' dir='ltr'><strong>et</strong></span> <span class='ocrx_word' id='word_1_597' title='bbox 1525 1902 1570 1929; x_wconf 87' lang='lat' dir='ltr'><strong>ille</strong></span> <span class='ocrx_word' id='word_1_598' title='bbox 1581 1901 1624 1936; x_wconf 86' lang='lat' dir='ltr'><strong>cuj</strong></span> <span class='ocrx_word' id='word_1_599' title='bbox 1628 1908 1661 1930; x_wconf 76' lang='lat' dir='ltr'><strong>ui</strong></span> 
     </span>
    </p>
   </div>
   <div class='ocr_carea' id='block_1_85' title="bbox 879 1948 1659 1984">
    <p class='ocr_par' dir='ltr' id='par_1_85' title="bbox 879 1948 1659 1984">
     <span class='ocr_line' id='line_1_85' title="bbox 879 1948 1659 1984; baseline 0.003 -12"><span class='ocrx_word' id='word_1_600' title='bbox 879 1954 974 1975; x_wconf 90' lang='lat' dir='ltr'><strong>omnes</strong></span> <span class='ocrx_word' id='word_1_601' title='bbox 990 1955 1084 1976; x_wconf 85' lang='lat' dir='ltr'><strong>smnus</strong></span> <span class='ocrx_word' id='word_1_602' title='bbox 1108 1949 1226 1981; x_wconf 85' lang='lat' dir='ltr'><strong>soboles,</strong></span> <span class='ocrx_word' id='word_1_603' title='bbox 1241 1954 1303 1976; x_wconf 88' lang='lat' dir='ltr'><strong>ante</strong></span> <span class='ocrx_word' id='word_1_604' title='bbox 1315 1950 1421 1984; x_wconf 84' lang='lat' dir='ltr'><strong>lapsum</strong></span> <span class='ocrx_word' id='word_1_605' title='bbox 1447 1956 1478 1976; x_wconf 88' lang='lat' dir='ltr'><strong>ac</strong></span> <span class='ocrx_word' id='word_1_606' title='bbox 1501 1952 1601 1976; x_wconf 75' lang='lat' dir='ltr'><strong>caecata</strong></span> <span class='ocrx_word' id='word_1_607' title='bbox 1615 1948 1659 1975; x_wconf 92' lang='lat' dir='ltr'><strong>lu-</strong></span> 
     </span>
    </p>
   </div>
   <div class='ocr_carea' id='block_1_86' title="bbox 878 1993 1682 2029">
    <p class='ocr_par' dir='ltr' id='par_1_86' title="bbox 878 1993 1682 2029">
     <span class='ocr_line' id='line_1_86' title="bbox 878 1993 1682 2029; baseline 0.001 -10"><span class='ocrx_word' id='word_1_608' title='bbox 878 1993 963 2025; x_wconf 85' lang='lat' dir='ltr'><strong>mina,</strong></span> <span class='ocrx_word' id='word_1_609' title='bbox 981 1993 1008 2020; x_wconf 94' lang='lat' dir='ltr'><strong>in</strong></span> <span class='ocrx_word' id='word_1_610' title='bbox 1031 1994 1158 2029; x_wconf 89' lang='lat' dir='ltr'><strong>paradiso</strong></span> <span class='ocrx_word' id='word_1_611' title='bbox 1173 1994 1312 2021; x_wconf 77' lang='lat' dir='ltr'><strong>fructuum</strong></span> <span class='ocrx_word' id='word_1_612' title='bbox 1331 2002 1415 2022; x_wconf 90' lang='lat' dir='ltr'><strong>usura</strong></span> <span class='ocrx_word' id='word_1_613' title='bbox 1432 1994 1576 2029; x_wconf 78' lang='lat' dir='ltr'><strong>gaudebat.</strong></span> <span class='ocrx_word' id='word_1_614' title='bbox 1594 2001 1661 2020; x_wconf 83' lang='lat' dir='ltr'><strong>con-</strong></span> <span class='ocrx_word' id='word_1_615' title='bbox 1680 2010 1682 2012; x_wconf 98' lang='lat'><strong><em>-</em></strong></span> 
     </span>
    </p>
   </div>
   <div class='ocr_carea' id='block_1_87' title="bbox 879 2039 1659 2074">
    <p class='ocr_par' dir='ltr' id='par_1_87' title="bbox 879 2039 1659 2074">
     <span class='ocr_line' id='line_1_87' title="bbox 879 2039 1659 2074; baseline 0 -8"><span class='ocrx_word' id='word_1_616' title='bbox 879 2039 974 2066; x_wconf 89' lang='lat' dir='ltr'><strong>stituto</strong></span> <span class='ocrx_word' id='word_1_617' title='bbox 989 2047 1037 2074; x_wconf 78' lang='lat' dir='ltr'><strong>per</strong></span> <span class='ocrx_word' id='word_1_618' title='bbox 1049 2039 1094 2067; x_wconf 87' lang='lat' dir='ltr'><strong>Dei</strong></span> <span class='ocrx_word' id='word_1_619' title='bbox 1107 2040 1205 2067; x_wconf 89' lang='lat' dir='ltr'><strong>scitum</strong></span> <span class='ocrx_word' id='word_1_620' title='bbox 1220 2039 1341 2074; x_wconf 88' lang='lat' dir='ltr'><strong>homine,</strong></span> <span class='ocrx_word' id='word_1_621' title='bbox 1355 2045 1381 2067; x_wconf 90' lang='lat' dir='ltr'><strong>ut</strong></span> <span class='ocrx_word' id='word_1_622' title='bbox 1391 2040 1544 2074; x_wconf 87' lang='lat' dir='ltr'><strong>plantarum</strong></span> <span class='ocrx_word' id='word_1_623' title='bbox 1552 2039 1659 2074; x_wconf 84' lang='lat' dir='ltr'><strong>sapien-</strong></span> 
     </span>
    </p>
   </div>
   <div class='ocr_carea' id='block_1_88' title="bbox 879 2085 1660 2120">
    <p class='ocr_par' dir='ltr' id='par_1_88' title="bbox 879 2085 1660 2120">
     <span class='ocr_line' id='line_1_88' title="bbox 879 2085 1660 2120; baseline -0.001 -8"><span class='ocrx_word' id='word_1_624' title='bbox 879 2087 922 2113; x_wconf 65' lang='lat' dir='ltr'><strong>tia:</strong></span> <span class='ocrx_word' id='word_1_625' title='bbox 935 2087 1024 2112; x_wconf 91' lang='lat' dir='ltr'><strong>cultor</strong></span> <span class='ocrx_word' id='word_1_626' title='bbox 1039 2094 1071 2113; x_wconf 86' lang='lat' dir='ltr'><strong>ac</strong></span> <span class='ocrx_word' id='word_1_627' title='bbox 1081 2091 1174 2113; x_wconf 87' lang='lat' dir='ltr'><strong>custos</strong></span> <span class='ocrx_word' id='word_1_628' title='bbox 1189 2091 1272 2114; x_wconf 86' lang='lat' dir='ltr'><strong>esset.</strong></span> <span class='ocrx_word' id='word_1_629' title='bbox 1288 2086 1368 2114; x_wconf 87' lang='lat' dir='ltr'><strong>Tales</strong></span> <span class='ocrx_word' id='word_1_630' title='bbox 1379 2093 1495 2120; x_wconf 84' lang='lat' dir='ltr'><strong>namque</strong></span> <span class='ocrx_word' id='word_1_631' title='bbox 1508 2085 1613 2113; x_wconf 80' lang='lat' dir='ltr'><strong>fructus</strong></span> <span class='ocrx_word' id='word_1_632' title='bbox 1631 2089 1660 2112; x_wconf 90' lang='lat' dir='ltr'><strong>ut</strong></span> 
     </span>
    </p>
   </div>
   <div class='ocr_carea' id='block_1_89' title="bbox 878 2131 1660 2167">
    <p class='ocr_par' dir='ltr' id='par_1_89' title="bbox 878 2131 1660 2167">
     <span class='ocr_line' id='line_1_89' title="bbox 878 2131 1660 2167; baseline -0.001 -8"><span class='ocrx_word' id='word_1_633' title='bbox 878 2132 990 2164; x_wconf 88' lang='lat' dir='ltr'><strong>coleret,</strong></span> <span class='ocrx_word' id='word_1_634' title='bbox 1001 2132 1104 2167; x_wconf 87' lang='lat' dir='ltr'><strong>primus</strong></span> <span class='ocrx_word' id='word_1_635' title='bbox 1115 2132 1209 2160; x_wconf 72' lang='lat' dir='ltr'><strong>&#39;Adam</strong></span> <span class='ocrx_word' id='word_1_636' title='bbox 1221 2132 1250 2160; x_wconf 91' lang='lat' dir='ltr'><strong>in</strong></span> <span class='ocrx_word' id='word_1_637' title='bbox 1260 2139 1337 2160; x_wconf 86' lang='lat' dir='ltr'><strong>suam</strong></span> <span class='ocrx_word' id='word_1_638' title='bbox 1350 2132 1427 2160; x_wconf 85' lang='lat' dir='ltr'><strong>[idem</strong></span> <span class='ocrx_word' id='word_1_639' title='bbox 1443 2135 1595 2166; x_wconf 88' lang='lat' dir='ltr'><strong>acceperat.</strong></span> <span class='ocrx_word' id='word_1_640' title='bbox 1610 2131 1660 2158; x_wconf 79' lang='lat' dir='ltr'><strong>At-</strong></span> 
     </span>
    </p>
   </div>
   <div class='ocr_carea' id='block_1_90' title="bbox 36 2285 1662 2324">
    <p class='ocr_par' dir='ltr' id='par_1_90' title="bbox 36 2285 1662 2324">
     <span class='ocr_line' id='line_1_90' title="bbox 36 2285 1662 2324; baseline 0.004 -12"><span class='ocrx_word' id='word_1_641' title='bbox 36 2285 87 2313; x_wconf 74' lang='lat' dir='ltr'><strong>hus</strong></span> <span class='ocrx_word' id='word_1_642' title='bbox 102 2294 138 2324; x_wconf 79' lang='lat' dir='ltr'><strong>ac</strong></span> <span class='ocrx_word' id='word_1_643' title='bbox 150 2287 186 2324; x_wconf 80' lang='lat' dir='ltr'><strong>iis</strong></span> <span class='ocrx_word' id='word_1_644' title='bbox 199 2295 314 2324; x_wconf 82' lang='lat' dir='ltr'><strong>quorum</strong></span> <span class='ocrx_word' id='word_1_645' title='bbox 330 2295 392 2324; x_wconf 87' lang='lat' dir='ltr'><strong>cum</strong></span> <span class='ocrx_word' id='word_1_646' title='bbox 410 2287 493 2315; x_wconf 82' lang='lat' dir='ltr'><strong>Paulo</strong></span> <span class='ocrx_word' id='word_1_647' title='bbox 515 2289 695 2322; x_wconf 81' lang='lat' dir='ltr'><strong>conversatio,</strong></span> <span class='ocrx_word' id='word_1_648' title='bbox 709 2288 826 2315; x_wconf 92' lang='lat' dir='ltr'><strong>munici-</strong></span> <span class='ocrx_word' id='word_1_649' title='bbox 840 2289 939 2320; x_wconf 86' lang='lat' dir='ltr'><strong>Ditem</strong></span> <span class='ocrx_word' id='word_1_650' title='bbox 963 2288 1069 2316; x_wconf 89' lang='lat' dir='ltr'><strong>Baruch</strong></span> <span class='ocrx_word' id='word_1_651' title='bbox 1092 2296 1146 2315; x_wconf 90' lang='lat' dir='ltr'><strong>non</strong></span> <span class='ocrx_word' id='word_1_652' title='bbox 1170 2288 1202 2315; x_wconf 91' lang='lat' dir='ltr'><strong>ad</strong></span> <span class='ocrx_word' id='word_1_653' title='bbox 1222 2289 1308 2324; x_wconf 89' lang='lat' dir='ltr'><strong>ipsam</strong></span> <span class='ocrx_word' id='word_1_654' title='bbox 1330 2289 1378 2317; x_wconf 84' lang='lat' dir='ltr'><strong>Dei</strong></span> <span class='ocrx_word' id='word_1_655' title='bbox 1402 2289 1534 2317; x_wconf 89' lang='lat' dir='ltr'><strong>visionem</strong></span> <span class='ocrx_word' id='word_1_656' title='bbox 1553 2290 1662 2318; x_wconf 84' lang='lat' dir='ltr'><strong>videtur</strong></span> 
     </span>
    </p>
   </div>
   <div class='ocr_carea' id='block_1_91' title="bbox 71 2321 823 2359">
    <p class='ocr_par' dir='ltr' id='par_1_91' title="bbox 71 2321 823 2359">
     <span class='ocr_line' id='line_1_91' title="bbox 71 2321 823 2359; baseline 0.001 -11"><span class='ocrx_word' id='word_1_657' title='bbox 71 2325 115 2348; x_wconf 85' lang='lat' dir='ltr'><strong>tus</strong></span> <span class='ocrx_word' id='word_1_658' title='bbox 130 2321 305 2358; x_wconf 77' lang='grc' dir='ltr'>(πολίτευμα)</span> <span class='ocrx_word' id='word_1_659' title='bbox 321 2326 363 2350; x_wconf 91' lang='lat' dir='ltr'><strong>est</strong></span> <span class='ocrx_word' id='word_1_660' title='bbox 379 2323 406 2349; x_wconf 93' lang='lat' dir='ltr'><strong>in</strong></span> <span class='ocrx_word' id='word_1_661' title='bbox 421 2324 507 2356; x_wconf 62' lang='lat' dir='ltr'><strong>caelis,</strong></span> <span class='ocrx_word' id='word_1_662' title='bbox 523 2328 655 2358; x_wconf 87' lang='lat' dir='ltr'><strong>occupato</strong></span> <span class='ocrx_word' id='word_1_663' title='bbox 672 2328 823 2359; x_wconf 71' lang='lat' dir='ltr'><strong>praestatur.</strong></span> 
     </span>
    </p>
   </div>
   <div class='ocr_carea' id='block_1_92' title="bbox 59 2364 183 2384">
    <p class='ocr_par' dir='ltr' id='par_1_92' title="bbox 59 2364 183 2384">
     <span class='ocr_line' id='line_1_92' title="bbox 59 2364 183 2384; baseline 0.008 -1"><span class='ocrx_word' id='word_1_664' title='bbox 59 2364 183 2384; x_wconf 77' lang='lat' dir='ltr'><strong>UIBEFIS.</strong></span> 
     </span>
    </p>
   </div>
   <div class='ocr_carea' id='block_1_93' title="bbox 71 2392 826 2428">
    <p class='ocr_par' dir='ltr' id='par_1_93' title="bbox 71 2392 826 2428">
     <span class='ocr_line' id='line_1_93' title="bbox 71 2392 826 2428; baseline 0.003 -10"><span class='ocrx_word' id='word_1_665' title='bbox 71 2392 128 2427; x_wconf 77' lang='lat' dir='ltr'><strong>(ll)</strong></span> <span class='ocrx_word' id='word_1_666' title='bbox 152 2392 233 2419; x_wconf 82' lang='grc' dir='ltr'>Ἐκεῖ</span> <span class='ocrx_word' id='word_1_667' title='bbox 241 2392 276 2418; x_wconf 81' lang='grc' dir='ltr'>δὲ</span> <span class='ocrx_word' id='word_1_668' title='bbox 289 2392 324 2419; x_wconf 83' lang='grc' dir='ltr'><strong>ἐν</strong></span> <span class='ocrx_word' id='word_1_669' title='bbox 333 2392 374 2425; x_wconf 85' lang='grc' dir='ltr'><strong>τῷ</strong></span> <span class='ocrx_word' id='word_1_670' title='bbox 387 2393 475 2420; x_wconf 73' lang='grc' dir='ltr'>Ὄντι.</span> <span class='ocrx_word' id='word_1_671' title='bbox 489 2393 534 2420; x_wconf 89' lang='lat' dir='ltr'><strong>Sic</strong></span> <span class='ocrx_word' id='word_1_672' title='bbox 548 2393 662 2428; x_wconf 87' lang='lat' dir='ltr'><strong>accipio,</strong></span> <span class='ocrx_word' id='word_1_673' title='bbox 674 2397 704 2420; x_wconf 92' lang='lat' dir='ltr'><strong>ut</strong></span> <span class='ocrx_word' id='word_1_674' title='bbox 721 2393 768 2421; x_wconf 85' lang='lat' dir='ltr'><strong>Dei</strong></span> <span class='ocrx_word' id='word_1_675' title='bbox 780 2402 826 2421; x_wconf 91' lang='lat' dir='ltr'><strong>no-</strong></span> 
     </span>
    </p>
   </div>
   <div class='ocr_carea' id='block_1_94' title="bbox 39 2427 823 2463">
    <p class='ocr_par' dir='ltr' id='par_1_94' title="bbox 39 2427 823 2463">
     <span class='ocr_line' id='line_1_94' title="bbox 39 2427 823 2463; baseline 0.003 -10"><span class='ocrx_word' id='word_1_676' title='bbox 39 2433 97 2454; x_wconf 86' lang='lat' dir='ltr'><strong>men</strong></span> <span class='ocrx_word' id='word_1_677' title='bbox 115 2427 296 2462; x_wconf 77' lang='lat' dir='ltr'><strong>intelligatur,</strong></span> <span class='ocrx_word' id='word_1_678' title='bbox 312 2435 365 2462; x_wconf 92' lang='lat' dir='ltr'><strong>quo</strong></span> <span class='ocrx_word' id='word_1_679' title='bbox 375 2435 413 2463; x_wconf 23' lang='lat' dir='ltr'><strong>ise</strong></span> <span class='ocrx_word' id='word_1_680' title='bbox 436 2429 493 2463; x_wconf 88' lang='lat' dir='ltr'><strong>ipse</strong></span> <span class='ocrx_word' id='word_1_681' title='bbox 515 2427 660 2462; x_wconf 49' lang='lat' dir='ltr'><strong>Exoant,</strong></span> <span class='ocrx_word' id='word_1_682' title='bbox 678 2428 720 2460; x_wconf 73' lang='lat' dir='ltr'><strong>M,</strong></span> <span class='ocrx_word' id='word_1_683' title='bbox 736 2433 823 2461; x_wconf 88' lang='lat' dir='ltr'><strong>vocat,</strong></span> 
     </span>
    </p>
   </div>
   <div class='ocr_carea' id='block_1_95' title="bbox 40 2462 823 2498">
    <p class='ocr_par' dir='ltr' id='par_1_95' title="bbox 40 2462 823 2498">
     <span class='ocr_line' id='line_1_95' title="bbox 40 2462 823 2498; baseline 0.001 -9"><span class='ocrx_word' id='word_1_684' title='bbox 40 2463 177 2498; x_wconf 65' lang='lat' dir='ltr'><strong>semelque</strong></span> <span class='ocrx_word' id='word_1_685' title='bbox 197 2467 225 2490; x_wconf 92' lang='lat' dir='ltr'><strong>et</strong></span> <span class='ocrx_word' id='word_1_686' title='bbox 252 2463 348 2498; x_wconf 73' lang='lat' dir='ltr'><strong>iterum</strong></span> <span class='ocrx_word' id='word_1_687' title='bbox 370 2462 425 2490; x_wconf 84' lang='lat' dir='ltr'><strong>Jer.</strong></span> <span class='ocrx_word' id='word_1_688' title='bbox 448 2462 494 2489; x_wconf 73' lang='lat' dir='ltr'><strong>inv</strong></span> <span class='ocrx_word' id='word_1_689' title='bbox 518 2467 545 2490; x_wconf 86' lang='lat' dir='ltr'><strong>et</strong></span> <span class='ocrx_word' id='word_1_690' title='bbox 567 2471 643 2490; x_wconf 77' lang='lat' dir='ltr'><strong>xxxu</strong></span> <span class='ocrx_word' id='word_1_691' title='bbox 670 2465 823 2498; x_wconf 86' lang='lat' dir='ltr'><strong>compellat.</strong></span> 
     </span>
    </p>
   </div>
   <div class='ocr_carea' id='block_1_96' title="bbox 40 2495 826 2533">
    <p class='ocr_par' dir='ltr' id='par_1_96' title="bbox 40 2495 826 2533">
     <span class='ocr_line' id='line_1_96' title="bbox 40 2495 826 2533; baseline 0.006 -12"><span class='ocrx_word' id='word_1_692' title='bbox 40 2495 93 2523; x_wconf 83' lang='lat' dir='ltr'><strong>lllic</strong></span> <span class='ocrx_word' id='word_1_693' title='bbox 111 2495 180 2533; x_wconf 76' lang='lat' dir='ltr'><strong>ergo</strong></span> <span class='ocrx_word' id='word_1_694' title='bbox 194 2498 224 2524; x_wconf 81' lang='grc' dir='ltr'>ὲν</span> <span class='ocrx_word' id='word_1_695' title='bbox 240 2497 280 2531; x_wconf 78' lang='grc' dir='ltr'><strong>τῷ</strong></span> <span class='ocrx_word' id='word_1_696' title='bbox 290 2499 375 2530; x_wconf 86' lang='grc' dir='ltr'>Ὄντι,</span> <span class='ocrx_word' id='word_1_697' title='bbox 390 2499 417 2524; x_wconf 81' lang='lat' dir='ltr'><strong>in</strong></span> <span class='ocrx_word' id='word_1_698' title='bbox 438 2498 484 2524; x_wconf 82' lang='lat' dir='ltr'><strong>illo</strong></span> <span class='ocrx_word' id='word_1_699' title='bbox 498 2499 542 2532; x_wconf 89' lang='lat' dir='ltr'><strong>qui</strong></span> <span class='ocrx_word' id='word_1_700' title='bbox 558 2503 605 2528; x_wconf 72' lang='lat' dir='ltr'><strong>est,</strong></span> <span class='ocrx_word' id='word_1_701' title='bbox 624 2499 651 2526; x_wconf 94' lang='lat' dir='ltr'><strong>in</strong></span> <span class='ocrx_word' id='word_1_702' title='bbox 676 2495 741 2526; x_wconf 43' lang='lat' dir='ltr'><strong>Deo-</strong></span> <span class='ocrx_word' id='word_1_703' title='bbox 752 2499 826 2526; x_wconf 83' lang='lat' dir='ltr'><strong>fonte</strong></span> 
     </span>
    </p>
   </div>
   <div class='ocr_carea' id='block_1_97' title="bbox 40 2533 825 2568">
    <p class='ocr_par' dir='ltr' id='par_1_97' title="bbox 40 2533 825 2568">
     <span class='ocr_line' id='line_1_97' title="bbox 40 2533 825 2568; baseline 0.003 -10"><span class='ocrx_word' id='word_1_704' title='bbox 40 2533 156 2564; x_wconf 83' lang='lat' dir='ltr'><strong>essendi,</strong></span> <span class='ocrx_word' id='word_1_705' title='bbox 169 2537 200 2560; x_wconf 88' lang='lat' dir='ltr'><strong>et</strong></span> <span class='ocrx_word' id='word_1_706' title='bbox 217 2533 265 2567; x_wconf 90' lang='lat' dir='ltr'><strong>qui</strong></span> <span class='ocrx_word' id='word_1_707' title='bbox 287 2538 330 2560; x_wconf 83' lang='lat' dir='ltr'><strong>est</strong></span> <span class='ocrx_word' id='word_1_708' title='bbox 351 2534 440 2567; x_wconf 90' lang='lat' dir='ltr'><strong>ipsum</strong></span> <span class='ocrx_word' id='word_1_709' title='bbox 464 2541 534 2565; x_wconf 87' lang='lat' dir='ltr'><strong>esse,</strong></span> <span class='ocrx_word' id='word_1_710' title='bbox 552 2534 630 2568; x_wconf 89' lang='lat' dir='ltr'><strong>cujus</strong></span> <span class='ocrx_word' id='word_1_711' title='bbox 650 2542 762 2562; x_wconf 88' lang='lat' dir='ltr'><strong>munere</strong></span> <span class='ocrx_word' id='word_1_712' title='bbox 783 2538 825 2561; x_wconf 89' lang='lat' dir='ltr'><strong>est</strong></span> 
     </span>
    </p>
   </div>
   <div class='ocr_carea' id='block_1_98' title="bbox 41 2568 824 2604">
    <p class='ocr_par' dir='ltr' id='par_1_98' title="bbox 41 2568 824 2604">
     <span class='ocr_line' id='line_1_98' title="bbox 41 2568 824 2604; baseline 0.005 -13"><span class='ocrx_word' id='word_1_713' title='bbox 41 2568 167 2604; x_wconf 85' lang='lat' dir='ltr'><strong>quidquid</strong></span> <span class='ocrx_word' id='word_1_714' title='bbox 184 2572 237 2600; x_wconf 89' lang='lat' dir='ltr'><strong>est,</strong></span> <span class='ocrx_word' id='word_1_715' title='bbox 255 2572 371 2595; x_wconf 88' lang='lat' dir='ltr'><strong>cernunt</strong></span> <span class='ocrx_word' id='word_1_716' title='bbox 395 2568 478 2595; x_wconf 88' lang='lat' dir='ltr'><strong>animi</strong></span> <span class='ocrx_word' id='word_1_717' title='bbox 503 2569 674 2604; x_wconf 80' lang='lat' dir='ltr'><strong>primigenias</strong></span> <span class='ocrx_word' id='word_1_718' title='bbox 694 2570 760 2597; x_wconf 87' lang='lat' dir='ltr'><strong>istas</strong></span> <span class='ocrx_word' id='word_1_719' title='bbox 779 2577 824 2595; x_wconf 87' lang='lat' dir='ltr'><strong>ra-</strong></span> 
     </span>
    </p>
   </div>
   <div class='ocr_carea' id='block_1_99' title="bbox 44 2603 824 2638">
    <p class='ocr_par' dir='ltr' id='par_1_99' title="bbox 44 2603 824 2638">
     <span class='ocr_line' id='line_1_99' title="bbox 44 2603 824 2638; baseline 0.004 -11"><span class='ocrx_word' id='word_1_720' title='bbox 44 2603 124 2638; x_wconf 81' lang='lat' dir='ltr'><strong>tiones</strong></span> <span class='ocrx_word' id='word_1_721' title='bbox 144 2607 171 2630; x_wconf 90' lang='lat' dir='ltr'><strong>et</strong></span> <span class='ocrx_word' id='word_1_722' title='bbox 189 2604 379 2630; x_wconf 86' lang='lat' dir='ltr'><strong>emanationes</strong></span> <span class='ocrx_word' id='word_1_723' title='bbox 404 2605 476 2631; x_wconf 91' lang='lat' dir='ltr'><strong>clare</strong></span> <span class='ocrx_word' id='word_1_724' title='bbox 495 2611 522 2630; x_wconf 83' lang='lat' dir='ltr'><strong>et</strong></span> <span class='ocrx_word' id='word_1_725' title='bbox 544 2604 656 2638; x_wconf 79' lang='lat' dir='ltr'><strong>integre,</strong></span> <span class='ocrx_word' id='word_1_726' title='bbox 673 2612 726 2631; x_wconf 90' lang='lat' dir='ltr'><strong>non</strong></span> <span class='ocrx_word' id='word_1_727' title='bbox 743 2609 772 2631; x_wconf 86' lang='grc' dir='ltr'><strong>ιιι</strong></span> <span class='ocrx_word' id='word_1_728' title='bbox 797 2604 824 2630; x_wconf 92' lang='lat' dir='ltr'><strong>in</strong></span> 
     </span>
    </p>
   </div>
   <div class='ocr_carea' id='block_1_100' title="bbox 44 2637 825 2669">
    <p class='ocr_par' dir='ltr' id='par_1_100' title="bbox 44 2637 825 2669">
     <span class='ocr_line' id='line_1_100' title="bbox 44 2637 825 2669; baseline 0.003 -6"><span class='ocrx_word' id='word_1_729' title='bbox 44 2637 115 2665; x_wconf 88' lang='lat' dir='ltr'><strong>nobis</strong></span> <span class='ocrx_word' id='word_1_730' title='bbox 127 2639 256 2666; x_wconf 89' lang='lat' dir='ltr'><strong>visuntur</strong></span> <span class='ocrx_word' id='word_1_731' title='bbox 272 2639 300 2665; x_wconf 95' lang='lat' dir='ltr'><strong>in</strong></span> <span class='ocrx_word' id='word_1_732' title='bbox 314 2646 376 2666; x_wconf 87' lang='lat' dir='ltr'><strong>esse</strong></span> <span class='ocrx_word' id='word_1_733' title='bbox 395 2639 498 2666; x_wconf 89' lang='lat' dir='ltr'><strong>caduco</strong></span> <span class='ocrx_word' id='word_1_734' title='bbox 512 2643 538 2666; x_wconf 88' lang='lat' dir='ltr'><strong>et</strong></span> <span class='ocrx_word' id='word_1_735' title='bbox 550 2637 668 2669; x_wconf 77' lang='lat' dir='ltr'><strong>mortali,</strong></span> <span class='ocrx_word' id='word_1_736' title='bbox 681 2640 825 2666; x_wconf 83' lang='lat' dir='ltr'><strong>contrariis</strong></span> 
     </span>
    </p>
   </div>
   <div class='ocr_carea' id='block_1_101' title="bbox 44 2672 825 2708">
    <p class='ocr_par' dir='ltr' id='par_1_101' title="bbox 44 2672 825 2708">
     <span class='ocr_line' id='line_1_101' title="bbox 44 2672 825 2708; baseline 0.004 -11"><span class='ocrx_word' id='word_1_737' title='bbox 44 2672 158 2701; x_wconf 66' lang='lat' dir='ltr'><strong>admistae</strong></span> <span class='ocrx_word' id='word_1_738' title='bbox 173 2683 180 2701; x_wconf 90' lang='lat'>:</span> <span class='ocrx_word' id='word_1_739' title='bbox 199 2681 372 2708; x_wconf 85' lang='lat' dir='ltr'><strong>quaecunque</strong></span> <span class='ocrx_word' id='word_1_740' title='bbox 387 2674 495 2701; x_wconf 87' lang='lat' dir='ltr'><strong>tandem</strong></span> <span class='ocrx_word' id='word_1_741' title='bbox 515 2674 560 2700; x_wconf 87' lang='lat' dir='ltr'><strong>illa</strong></span> <span class='ocrx_word' id='word_1_742' title='bbox 579 2673 626 2701; x_wconf 90' lang='lat' dir='ltr'><strong>Dei</strong></span> <span class='ocrx_word' id='word_1_743' title='bbox 641 2675 718 2706; x_wconf 86' lang='lat' dir='ltr'><strong>visio,</strong></span> <span class='ocrx_word' id='word_1_744' title='bbox 738 2679 765 2701; x_wconf 88' lang='lat' dir='ltr'><strong>et</strong></span> <span class='ocrx_word' id='word_1_745' title='bbox 780 2675 825 2700; x_wconf 82' lang='grc' dir='ltr'><strong>τοῦ</strong></span> 
     </span>
    </p>
   </div>
   <div class='ocr_carea' id='block_1_102' title="bbox 46 2708 828 2743">
    <p class='ocr_par' dir='ltr' id='par_1_102' title="bbox 46 2708 828 2743">
     <span class='ocr_line' id='line_1_102' title="bbox 46 2708 828 2743; baseline 0.001 -8"><span class='ocrx_word' id='word_1_746' title='bbox 46 2708 131 2741; x_wconf 79' lang='grc' dir='ltr'>Ὀντος</span> <span class='ocrx_word' id='word_1_747' title='bbox 148 2709 185 2737; x_wconf 88' lang='lat' dir='ltr'><strong>sit</strong></span> <span class='ocrx_word' id='word_1_748' title='bbox 205 2708 356 2739; x_wconf 85' lang='lat' dir='ltr'><strong>Methodio,</strong></span> <span class='ocrx_word' id='word_1_749' title='bbox 369 2711 411 2735; x_wconf 90' lang='lat' dir='ltr'><strong>vel</strong></span> <span class='ocrx_word' id='word_1_750' title='bbox 434 2708 519 2743; x_wconf 84' lang='lat' dir='ltr'><strong>ipsius</strong></span> <span class='ocrx_word' id='word_1_751' title='bbox 536 2709 563 2736; x_wconf 88' lang='lat' dir='ltr'><strong>in</strong></span> <span class='ocrx_word' id='word_1_752' title='bbox 579 2716 608 2736; x_wconf 89' lang='lat' dir='ltr'><strong>se</strong></span> <span class='ocrx_word' id='word_1_753' title='bbox 624 2709 721 2736; x_wconf 63' lang='lat' dir='ltr'><strong>divina:</strong></span> <span class='ocrx_word' id='word_1_754' title='bbox 734 2718 828 2736; x_wconf 81' lang='lat' dir='ltr'><strong>esseti-</strong></span> 
     </span>
    </p>
   </div>
   <div class='ocr_carea' id='block_1_103' title="bbox 46 2743 826 2780">
    <p class='ocr_par' dir='ltr' id='par_1_103' title="bbox 46 2743 826 2780">
     <span class='ocr_line' id='line_1_103' title="bbox 46 2743 826 2780; baseline 0 -9"><span class='ocrx_word' id='word_1_755' title='bbox 46 2743 90 2780; x_wconf 60' lang='lat' dir='ltr'><strong>tia,</strong></span> <span class='ocrx_word' id='word_1_756' title='bbox 105 2745 144 2772; x_wconf 89' lang='lat' dir='ltr'><strong>vel</strong></span> <span class='ocrx_word' id='word_1_757' title='bbox 167 2743 470 2780; x_wconf 23' lang='lat' dir='ltr'><strong>qualemroxtrarillan}</strong></span> <span class='ocrx_word' id='word_1_758' title='bbox 492 2744 576 2780; x_wconf 87' lang='lat' dir='ltr'><strong>animi</strong></span> <span class='ocrx_word' id='word_1_759' title='bbox 591 2749 703 2780; x_wconf 85' lang='lat' dir='ltr'><strong>possunt</strong></span> <span class='ocrx_word' id='word_1_760' title='bbox 718 2745 826 2772; x_wconf 87' lang='lat' dir='ltr'><strong>habere.</strong></span> 
     </span>
    </p>
   </div>
   <div class='ocr_carea' id='block_1_104' title="bbox 48 2777 827 2816">
    <p class='ocr_par' dir='ltr' id='par_1_104' title="bbox 48 2777 827 2816">
     <span class='ocr_line' id='line_1_104' title="bbox 48 2777 827 2816; baseline 0 -11"><span class='ocrx_word' id='word_1_761' title='bbox 48 2777 94 2806; x_wconf 57' lang='lat' dir='ltr'><strong>“nn</strong></span> <span class='ocrx_word' id='word_1_762' title='bbox 107 2777 260 2816; x_wconf 48' lang='lat' dir='ltr'><strong>loqui—vero</strong></span> <span class='ocrx_word' id='word_1_763' title='bbox 272 2778 442 2816; x_wconf 78' lang='lat' dir='ltr'><strong>Mctliodium</strong></span> <span class='ocrx_word' id='word_1_764' title='bbox 454 2779 486 2805; x_wconf 91' lang='lat' dir='ltr'><strong>de</strong></span> <span class='ocrx_word' id='word_1_765' title='bbox 500 2779 558 2816; x_wconf 75' lang='lat' dir='ltr'><strong>ipsa</strong></span> <span class='ocrx_word' id='word_1_766' title='bbox 571 2779 597 2805; x_wconf 95' lang='lat' dir='ltr'><strong>in</strong></span> <span class='ocrx_word' id='word_1_767' title='bbox 608 2786 640 2816; x_wconf 85' lang='lat' dir='ltr'><strong>se</strong></span> <span class='ocrx_word' id='word_1_768' title='bbox 655 2779 699 2816; x_wconf 81' lang='lat' dir='ltr'><strong>Dei</strong></span> <span class='ocrx_word' id='word_1_769' title='bbox 713 2780 827 2816; x_wconf 83' lang='lat' dir='ltr'><strong>visione,</strong></span> 
     </span>
    </p>
   </div>
   <div class='ocr_carea' id='block_1_105' title="bbox 51 2814 829 2850">
    <p class='ocr_par' dir='ltr' id='par_1_105' title="bbox 51 2814 829 2850">
     <span class='ocr_line' id='line_1_105' title="bbox 51 2814 829 2850; baseline -0.003 -8"><span class='ocrx_word' id='word_1_770' title='bbox 51 2814 189 2850; x_wconf 59' lang='lat' dir='ltr'><strong>argumento</strong></span> <span class='ocrx_word' id='word_1_771' title='bbox 211 2820 257 2843; x_wconf 87' lang='lat' dir='ltr'><strong>est</strong></span> <span class='ocrx_word' id='word_1_772' title='bbox 283 2814 439 2850; x_wconf 80' lang='lat' dir='ltr'><strong>exemplum</strong></span> <span class='ocrx_word' id='word_1_773' title='bbox 458 2814 632 2850; x_wconf 64' lang='lat' dir='ltr'><strong>proloplasti,</strong></span> <span class='ocrx_word' id='word_1_774' title='bbox 652 2815 695 2841; x_wconf 93' lang='lat' dir='ltr'><strong>cui</strong></span> <span class='ocrx_word' id='word_1_775' title='bbox 713 2819 775 2850; x_wconf 82' lang='lat' dir='ltr'><strong>ante</strong></span> <span class='ocrx_word' id='word_1_776' title='bbox 790 2814 829 2840; x_wconf 89' lang='lat' dir='ltr'><strong>la-</strong></span> 
     </span>
    </p>
   </div>
   <div class='ocr_carea' id='block_1_106' title="bbox 49 2849 828 2884">
    <p class='ocr_par' dir='ltr' id='par_1_106' title="bbox 49 2849 828 2884">
     <span class='ocr_line' id='line_1_106' title="bbox 49 2849 828 2884; baseline -0.005 -4"><span class='ocrx_word' id='word_1_777' title='bbox 49 2856 108 2880; x_wconf 60' lang='lat' dir='ltr'><strong>itsum</strong></span> <span class='ocrx_word' id='word_1_778' title='bbox 120 2852 247 2880; x_wconf 86' lang='lat' dir='ltr'><strong>eamdem</strong></span> <span class='ocrx_word' id='word_1_779' title='bbox 260 2849 452 2884; x_wconf 77' lang='lat' dir='ltr'><strong>cognitionem</strong></span> <span class='ocrx_word' id='word_1_780' title='bbox 467 2849 572 2876; x_wconf 87' lang='lat' dir='ltr'><strong>videtur</strong></span> <span class='ocrx_word' id='word_1_781' title='bbox 591 2849 719 2877; x_wconf 87' lang='lat' dir='ltr'><strong>tribuere.</strong></span> <span class='ocrx_word' id='word_1_782' title='bbox 740 2849 828 2876; x_wconf 87' lang='lat' dir='ltr'><strong>Locus</strong></span> 
     </span>
    </p>
   </div>
   <div class='ocr_carea' id='block_1_107' title="bbox 876 2324 1661 2359">
    <p class='ocr_par' dir='ltr' id='par_1_107' title="bbox 876 2324 1661 2359">
     <span class='ocr_line' id='line_1_107' title="bbox 876 2324 1661 2359; baseline 0.001 -9"><span class='ocrx_word' id='word_1_783' title='bbox 876 2324 990 2359; x_wconf 85' lang='lat' dir='ltr'><strong>hortari,</strong></span> <span class='ocrx_word' id='word_1_784' title='bbox 1005 2327 1051 2350; x_wconf 86' lang='lat' dir='ltr'><strong>sed</strong></span> <span class='ocrx_word' id='word_1_785' title='bbox 1067 2324 1100 2350; x_wconf 90' lang='lat' dir='ltr'><strong>ad</strong></span> <span class='ocrx_word' id='word_1_786' title='bbox 1117 2325 1230 2351; x_wconf 89' lang='lat' dir='ltr'><strong>virtutes</strong></span> <span class='ocrx_word' id='word_1_787' title='bbox 1240 2325 1334 2359; x_wconf 90' lang='lat' dir='ltr'><strong>quales</strong></span> <span class='ocrx_word' id='word_1_788' title='bbox 1352 2325 1469 2351; x_wconf 90' lang='lat' dir='ltr'><strong>humana</strong></span> <span class='ocrx_word' id='word_1_789' title='bbox 1482 2325 1611 2352; x_wconf 79' lang='lat' dir='ltr'><strong>facultate</strong></span> <span class='ocrx_word' id='word_1_790' title='bbox 1628 2332 1661 2351; x_wconf 88' lang='lat' dir='ltr'><strong>ac</strong></span> 
     </span>
    </p>
   </div>
   <div class='ocr_carea' id='block_1_108' title="bbox 874 2358 1660 2394">
    <p class='ocr_par' dir='ltr' id='par_1_108' title="bbox 874 2358 1660 2394">
     <span class='ocr_line' id='line_1_108' title="bbox 874 2358 1660 2394; baseline 0.001 -9"><span class='ocrx_word' id='word_1_791' title='bbox 874 2358 921 2386; x_wconf 89' lang='lat' dir='ltr'><strong>Dei</strong></span> <span class='ocrx_word' id='word_1_792' title='bbox 937 2367 1047 2386; x_wconf 87' lang='lat' dir='ltr'><strong>munere</strong></span> <span class='ocrx_word' id='word_1_793' title='bbox 1063 2359 1144 2386; x_wconf 89' lang='lat' dir='ltr'><strong>homo</strong></span> <span class='ocrx_word' id='word_1_794' title='bbox 1158 2358 1389 2387; x_wconf 26' lang='lat' dir='ltr'><strong>viator’nancisci&#39;</strong></span> <span class='ocrx_word' id='word_1_795' title='bbox 1402 2364 1499 2394; x_wconf 80' lang='lat' dir='ltr'><strong>potest.</strong></span> <span class='ocrx_word' id='word_1_796' title='bbox 1518 2359 1660 2387; x_wconf 82' lang='lat' dir='ltr'><strong>Possinius</strong></span> 
     </span>
    </p>
   </div>
   <div class='ocr_carea' id='block_1_109' title="bbox 874 2394 1662 2425">
    <p class='ocr_par' dir='ltr' id='par_1_109' title="bbox 874 2394 1662 2425">
     <span class='ocr_line' id='line_1_109' title="bbox 874 2394 1662 2425; baseline 0.003 -5"><span class='ocrx_word' id='word_1_797' title='bbox 874 2402 963 2420; x_wconf 87' lang='lat' dir='ltr'><strong>coram</strong></span> <span class='ocrx_word' id='word_1_798' title='bbox 978 2399 1002 2421; x_wconf 86' lang='lat' dir='ltr'><strong>et</strong></span> <span class='ocrx_word' id='word_1_799' title='bbox 1017 2403 1073 2421; x_wconf 82' lang='lat' dir='ltr'><strong>vere</strong></span> <span class='ocrx_word' id='word_1_800' title='bbox 1096 2394 1222 2425; x_wconf 86' lang='lat' dir='ltr'><strong>reddidit,</strong></span> <span class='ocrx_word' id='word_1_801' title='bbox 1237 2401 1268 2421; x_wconf 89' lang='lat' dir='ltr'><strong>ac</strong></span> <span class='ocrx_word' id='word_1_802' title='bbox 1284 2395 1306 2422; x_wconf 92' lang='lat' dir='ltr'><strong>si</strong></span> <span class='ocrx_word' id='word_1_803' title='bbox 1323 2403 1355 2422; x_wconf 86' lang='lat' dir='ltr'><strong>ea</strong></span> <span class='ocrx_word' id='word_1_804' title='bbox 1376 2395 1477 2421; x_wconf 90' lang='lat' dir='ltr'><strong>locutio</strong></span> <span class='ocrx_word' id='word_1_805' title='bbox 1498 2395 1551 2421; x_wconf 87' lang='lat' dir='ltr'><strong>vim</strong></span> <span class='ocrx_word' id='word_1_806' title='bbox 1572 2395 1662 2422; x_wconf 84' lang='lat' dir='ltr'><strong>solum</strong></span> 
     </span>
    </p>
   </div>
   <div class='ocr_carea' id='block_1_110' title="bbox 874 2428 1660 2464">
    <p class='ocr_par' dir='ltr' id='par_1_110' title="bbox 874 2428 1660 2464">
     <span class='ocr_line' id='line_1_110' title="bbox 874 2428 1660 2464; baseline -0.001 -8"><span class='ocrx_word' id='word_1_807' title='bbox 874 2428 993 2456; x_wconf 84' lang='lat' dir='ltr'><strong>adverbii</strong></span> <span class='ocrx_word' id='word_1_808' title='bbox 1011 2429 1120 2456; x_wconf 83' lang='lat' dir='ltr'><strong>haberet</strong></span> <span class='ocrx_word' id='word_1_809' title='bbox 1134 2439 1139 2456; x_wconf 90' lang='lat'><strong>:</strong></span> <span class='ocrx_word' id='word_1_810' title='bbox 1156 2430 1201 2464; x_wconf 92' lang='lat' dir='ltr'><strong>qui</strong></span> <span class='ocrx_word' id='word_1_811' title='bbox 1215 2437 1310 2456; x_wconf 89' lang='lat' dir='ltr'><strong>sensus</strong></span> <span class='ocrx_word' id='word_1_812' title='bbox 1325 2429 1401 2456; x_wconf 88' lang='lat' dir='ltr'><strong>valde</strong></span> <span class='ocrx_word' id='word_1_813' title='bbox 1414 2429 1525 2457; x_wconf 90' lang='lat' dir='ltr'><strong>humilis</strong></span> <span class='ocrx_word' id='word_1_814' title='bbox 1539 2433 1591 2456; x_wconf 88' lang='lat' dir='ltr'><strong>est.</strong></span> <span class='ocrx_word' id='word_1_815' title='bbox 1605 2429 1660 2456; x_wconf 85' lang='lat' dir='ltr'><strong>Me—</strong></span> 
     </span>
    </p>
   </div>
   <div class='ocr_carea' id='block_1_111' title="bbox 874 2464 1661 2499">
    <p class='ocr_par' dir='ltr' id='par_1_111' title="bbox 874 2464 1661 2499">
     <span class='ocr_line' id='line_1_111' title="bbox 874 2464 1661 2499; baseline 0.001 -9"><span class='ocrx_word' id='word_1_816' title='bbox 874 2464 926 2491; x_wconf 88' lang='lat' dir='ltr'><strong>lius</strong></span> <span class='ocrx_word' id='word_1_817' title='bbox 952 2464 1075 2496; x_wconf 81' lang='lat' dir='ltr'><strong>Allatius,</strong></span> <span class='ocrx_word' id='word_1_818' title='bbox 1104 2465 1132 2491; x_wconf 82' lang='lat' dir='ltr'><strong>in</strong></span> <span class='ocrx_word' id='word_1_819' title='bbox 1156 2466 1213 2498; x_wconf 80' lang='lat' dir='ltr'><strong>ipsa</strong></span> <span class='ocrx_word' id='word_1_820' title='bbox 1233 2466 1350 2494; x_wconf 81' lang='lat' dir='ltr'><strong>veritate.</strong></span> <span class='ocrx_word' id='word_1_821' title='bbox 1370 2472 1451 2499; x_wconf 89' lang='lat' dir='ltr'><strong>quam</strong></span> <span class='ocrx_word' id='word_1_822' title='bbox 1472 2464 1551 2492; x_wconf 91' lang='lat' dir='ltr'><strong>velim</strong></span> <span class='ocrx_word' id='word_1_823' title='bbox 1575 2464 1661 2492; x_wconf 89' lang='lat' dir='ltr'><strong>Deum</strong></span> 
     </span>
    </p>
   </div>
   <div class='ocr_carea' id='block_1_112' title="bbox 876 2498 1662 2533">
    <p class='ocr_par' dir='ltr' id='par_1_112' title="bbox 876 2498 1662 2533">
     <span class='ocr_line' id='line_1_112' title="bbox 876 2498 1662 2533; baseline 0 -7"><span class='ocrx_word' id='word_1_824' title='bbox 876 2498 1021 2526; x_wconf 87' lang='lat' dir='ltr'><strong>Veritatem</strong></span> <span class='ocrx_word' id='word_1_825' title='bbox 1048 2500 1230 2532; x_wconf 76' lang='lat' dir='ltr'><strong>intellexisse;</strong></span> <span class='ocrx_word' id='word_1_826' title='bbox 1252 2501 1313 2527; x_wconf 89' lang='lat' dir='ltr'><strong>inde</strong></span> <span class='ocrx_word' id='word_1_827' title='bbox 1335 2499 1497 2532; x_wconf 86' lang='lat' dir='ltr'><strong>Veritatem,</strong></span> <span class='ocrx_word' id='word_1_828' title='bbox 1519 2499 1593 2533; x_wconf 89' lang='lat' dir='ltr'><strong>quod</strong></span> <span class='ocrx_word' id='word_1_829' title='bbox 1618 2503 1662 2526; x_wconf 83' lang='lat' dir='ltr'><strong>est</strong></span> 
     </span>
    </p>
   </div>
   <div class='ocr_carea' id='block_1_113' title="bbox 875 2534 1660 2569">
    <p class='ocr_par' dir='ltr' id='par_1_113' title="bbox 875 2534 1660 2569">
     <span class='ocr_line' id='line_1_113' title="bbox 875 2534 1660 2569; baseline 0 -8"><span class='ocrx_word' id='word_1_830' title='bbox 875 2534 934 2569; x_wconf 89' lang='lat' dir='ltr'><strong>ipse</strong></span> <span class='ocrx_word' id='word_1_831' title='bbox 947 2535 992 2569; x_wconf 87' lang='lat' dir='ltr'><strong>qui</strong></span> <span class='ocrx_word' id='word_1_832' title='bbox 1006 2540 1056 2566; x_wconf 90' lang='lat' dir='ltr'><strong>est,</strong></span> <span class='ocrx_word' id='word_1_833' title='bbox 1074 2535 1173 2569; x_wconf 84' lang='lat' dir='ltr'><strong>datque</strong></span> <span class='ocrx_word' id='word_1_834' title='bbox 1187 2536 1313 2562; x_wconf 84' lang='lat' dir='ltr'><strong>omnibus</strong></span> <span class='ocrx_word' id='word_1_835' title='bbox 1332 2543 1391 2563; x_wconf 88' lang='lat' dir='ltr'><strong>esse</strong></span> <span class='ocrx_word' id='word_1_836' title='bbox 1411 2539 1437 2562; x_wconf 87' lang='lat' dir='ltr'><strong>et</strong></span> <span class='ocrx_word' id='word_1_837' title='bbox 1454 2542 1517 2561; x_wconf 88' lang='lat' dir='ltr'><strong>vere</strong></span> <span class='ocrx_word' id='word_1_838' title='bbox 1532 2542 1602 2561; x_wconf 87' lang='lat' dir='ltr'><strong>esse.</strong></span> <span class='ocrx_word' id='word_1_839' title='bbox 1620 2534 1660 2561; x_wconf 81' lang='lat' dir='ltr'><strong>In.</strong></span> 
     </span>
    </p>
   </div>
   <div class='ocr_carea' id='block_1_114' title="bbox 912 2569 1659 2605">
    <p class='ocr_par' dir='ltr' id='par_1_114' title="bbox 912 2569 1659 2605">
     <span class='ocr_line' id='line_1_114' title="bbox 912 2569 1659 2605; baseline -0.001 -9"><span class='ocrx_word' id='word_1_840' title='bbox 912 2569 966 2605; x_wconf 75' lang='grc'><strong>(12)</strong></span> <span class='ocrx_word' id='word_1_841' title='bbox 984 2569 1155 2603; x_wconf 76' lang='grc' dir='ltr'>Δρέπεσθαι.</span> <span class='ocrx_word' id='word_1_842' title='bbox 1170 2569 1291 2597; x_wconf 85' lang='lat' dir='ltr'><strong>Proclive</strong></span> <span class='ocrx_word' id='word_1_843' title='bbox 1313 2570 1362 2597; x_wconf 82' lang='lat' dir='ltr'><strong>fuit</strong></span> <span class='ocrx_word' id='word_1_844' title='bbox 1384 2573 1489 2596; x_wconf 85' lang='lat' dir='ltr'><strong>mutare</strong></span> <span class='ocrx_word' id='word_1_845' title='bbox 1504 2569 1659 2604; x_wconf 81' lang='grc' dir='ltr'>βλέπεσθαι,</span> 
     </span>
    </p>
   </div>
   <div class='ocr_carea' id='block_1_115' title="bbox 876 2604 1669 2639">
    <p class='ocr_par' dir='ltr' id='par_1_115' title="bbox 876 2604 1669 2639">
     <span class='ocr_line' id='line_1_115' title="bbox 876 2604 1669 2639; baseline -0.001 -8"><span class='ocrx_word' id='word_1_846' title='bbox 876 2613 938 2632; x_wconf 91' lang='lat' dir='ltr'><strong>cum</strong></span> <span class='ocrx_word' id='word_1_847' title='bbox 962 2605 1061 2639; x_wconf 90' lang='lat' dir='ltr'><strong>liqueat</strong></span> <span class='ocrx_word' id='word_1_848' title='bbox 1086 2605 1228 2639; x_wconf 84' lang='lat' dir='ltr'><strong>scripsisse</strong></span> <span class='ocrx_word' id='word_1_849' title='bbox 1252 2604 1427 2635; x_wconf 79' lang='lat' dir='ltr'><strong>Metllodium,</strong></span> <span class='ocrx_word' id='word_1_850' title='bbox 1443 2605 1514 2639; x_wconf 88' lang='lat' dir='ltr'><strong>quod</strong></span> <span class='ocrx_word' id='word_1_851' title='bbox 1535 2605 1570 2631; x_wconf 88' lang='lat' dir='ltr'><strong>ita</strong></span> <span class='ocrx_word' id='word_1_852' title='bbox 1586 2612 1602 2630; x_wconf 88' lang='lat' dir='ltr'><strong>a</strong></span> <span class='ocrx_word' id='word_1_853' title='bbox 1617 2612 1669 2630; x_wconf 61' lang='lat' dir='ltr'><strong>me</strong></span> 
     </span>
    </p>
   </div>
   <div class='ocr_carea' id='block_1_116' title="bbox 877 2639 1660 2674">
    <p class='ocr_par' dir='ltr' id='par_1_116' title="bbox 877 2639 1660 2674">
     <span class='ocr_line' id='line_1_116' title="bbox 877 2639 1660 2674; baseline -0.003 -7"><span class='ocrx_word' id='word_1_854' title='bbox 877 2644 1009 2667; x_wconf 84' lang='lat' dir='ltr'><strong>mutatum</strong></span> <span class='ocrx_word' id='word_1_855' title='bbox 1035 2644 1092 2673; x_wconf 85' lang='lat' dir='ltr'><strong>est;</strong></span> <span class='ocrx_word' id='word_1_856' title='bbox 1112 2640 1184 2674; x_wconf 88' lang='lat' dir='ltr'><strong>quod</strong></span> <span class='ocrx_word' id='word_1_857' title='bbox 1207 2647 1319 2673; x_wconf 86' lang='lat' dir='ltr'><strong>carpere</strong></span> <span class='ocrx_word' id='word_1_858' title='bbox 1346 2643 1476 2674; x_wconf 78' lang='lat' dir='ltr'><strong>sequatur</strong></span> <span class='ocrx_word' id='word_1_859' title='bbox 1498 2641 1527 2666; x_wconf 77' lang='grc' dir='ltr'>τὸ</span> <span class='ocrx_word' id='word_1_860' title='bbox 1555 2639 1660 2666; x_wconf 78' lang='grc' dir='ltr'>ἐδεσοαι</span> 
     </span>
    </p>
   </div>
   <div class='ocr_carea' id='block_1_117' title="bbox 875 2673 1660 2709">
    <p class='ocr_par' dir='ltr' id='par_1_117' title="bbox 875 2673 1660 2709">
     <span class='ocr_line' id='line_1_117' title="bbox 875 2673 1660 2709; baseline -0.003 -7"><span class='ocrx_word' id='word_1_861' title='bbox 875 2676 916 2702; x_wconf 86' lang='lat' dir='ltr'><strong>vel</strong></span> <span class='ocrx_word' id='word_1_862' title='bbox 930 2675 1076 2706; x_wconf 75' lang='grc' dir='ltr'>ἐσθίεσθαι,</span> <span class='ocrx_word' id='word_1_863' title='bbox 1090 2673 1178 2701; x_wconf 34' lang='lat' dir='ltr'><strong>ut&#39;alii</strong></span> <span class='ocrx_word' id='word_1_864' title='bbox 1191 2679 1216 2701; x_wconf 90' lang='lat' dir='ltr'><strong>et</strong></span> <span class='ocrx_word' id='word_1_865' title='bbox 1235 2675 1279 2700; x_wconf 87' lang='lat' dir='ltr'><strong>alii</strong></span> <span class='ocrx_word' id='word_1_866' title='bbox 1293 2673 1400 2701; x_wconf 82' lang='lat' dir='ltr'><strong>codices</strong></span> <span class='ocrx_word' id='word_1_867' title='bbox 1418 2675 1532 2707; x_wconf 85' lang='lat' dir='ltr'><strong>habent;</strong></span> <span class='ocrx_word' id='word_1_868' title='bbox 1547 2679 1572 2701; x_wconf 73' lang='lat' dir='ltr'><strong>et</strong></span> <span class='ocrx_word' id='word_1_869' title='bbox 1587 2673 1660 2709; x_wconf 89' lang='lat' dir='ltr'><strong>quod</strong></span> 
     </span>
    </p>
   </div>
   <div class='ocr_carea' id='block_1_118' title="bbox 875 2709 1660 2744">
    <p class='ocr_par' dir='ltr' id='par_1_118' title="bbox 875 2709 1660 2744">
     <span class='ocr_line' id='line_1_118' title="bbox 875 2709 1660 2744; baseline -0.001 -7"><span class='ocrx_word' id='word_1_870' title='bbox 875 2718 974 2744; x_wconf 83' lang='lat' dir='ltr'><strong>augere</strong></span> <span class='ocrx_word' id='word_1_871' title='bbox 989 2710 1021 2736; x_wconf 84' lang='lat' dir='ltr'><strong>ad</strong></span> <span class='ocrx_word' id='word_1_872' title='bbox 1036 2710 1265 2737; x_wconf 82' lang='lat' dir='ltr'><strong>immortalitatem</strong></span> <span class='ocrx_word' id='word_1_873' title='bbox 1278 2714 1304 2736; x_wconf 91' lang='lat' dir='ltr'><strong>ct</strong></span> <span class='ocrx_word' id='word_1_874' title='bbox 1320 2709 1488 2737; x_wconf 82' lang='lat' dir='ltr'><strong>divinitatem</strong></span> <span class='ocrx_word' id='word_1_875' title='bbox 1506 2710 1586 2736; x_wconf 85' lang='lat' dir='ltr'><strong>addat</strong></span> <span class='ocrx_word' id='word_1_876' title='bbox 1598 2711 1660 2740; x_wconf 78' lang='grc' dir='ltr'>τοὺς</span> 
     </span>
    </p>
   </div>
   <div class='ocr_carea' id='block_1_119' title="bbox 874 2744 1661 2780">
    <p class='ocr_par' dir='ltr' id='par_1_119' title="bbox 874 2744 1661 2780">
     <span class='ocr_line' id='line_1_119' title="bbox 874 2744 1661 2780; baseline 0 -9"><span class='ocrx_word' id='word_1_877' title='bbox 874 2745 1065 2780; x_wconf 79' lang='grc' dir='ltr'>δρεπομένους,</span> <span class='ocrx_word' id='word_1_878' title='bbox 1082 2753 1124 2772; x_wconf 80' lang='lat' dir='ltr'><strong>eos</strong></span> <span class='ocrx_word' id='word_1_879' title='bbox 1140 2745 1183 2779; x_wconf 78' lang='lat' dir='ltr'><strong>qui</strong></span> <span class='ocrx_word' id='word_1_880' title='bbox 1196 2749 1315 2778; x_wconf 81' lang='lat' dir='ltr'><strong>carpant,</strong></span> <span class='ocrx_word' id='word_1_881' title='bbox 1329 2753 1381 2780; x_wconf 71' lang='lat' dir='ltr'><strong>non</strong></span> <span class='ocrx_word' id='word_1_882' title='bbox 1397 2745 1443 2778; x_wconf 88' lang='lat' dir='ltr'><strong>qui</strong></span> <span class='ocrx_word' id='word_1_883' title='bbox 1456 2745 1572 2777; x_wconf 82' lang='lat' dir='ltr'><strong>videant,</strong></span> <span class='ocrx_word' id='word_1_884' title='bbox 1588 2744 1661 2779; x_wconf 87' lang='lat' dir='ltr'><strong>quod</strong></span> 
     </span>
    </p>
   </div>
   <div class='ocr_carea' id='block_1_120' title="bbox 876 2779 1662 2814">
    <p class='ocr_par' dir='ltr' id='par_1_120' title="bbox 876 2779 1662 2814">
     <span class='ocr_line' id='line_1_120' title="bbox 876 2779 1662 2814; baseline 0 -8"><span class='ocrx_word' id='word_1_885' title='bbox 876 2779 1006 2807; x_wconf 86' lang='lat' dir='ltr'><strong>remotius</strong></span> <span class='ocrx_word' id='word_1_886' title='bbox 1021 2784 1063 2806; x_wconf 87' lang='lat' dir='ltr'><strong>est</strong></span> <span class='ocrx_word' id='word_1_887' title='bbox 1078 2780 1111 2806; x_wconf 82' lang='lat' dir='ltr'><strong>ad</strong></span> <span class='ocrx_word' id='word_1_888' title='bbox 1125 2780 1317 2814; x_wconf 83' lang='lat' dir='ltr'><strong>metaphoram.</strong></span> <span class='ocrx_word' id='word_1_889' title='bbox 1334 2779 1437 2806; x_wconf 81' lang='lat' dir='ltr'><strong>Vitiosa</strong></span> <span class='ocrx_word' id='word_1_890' title='bbox 1453 2787 1566 2812; x_wconf 80' lang='lat' dir='ltr'><strong>prorsus</strong></span> <span class='ocrx_word' id='word_1_891' title='bbox 1588 2779 1662 2806; x_wconf 88' lang='lat' dir='ltr'><strong>Alla-</strong></span> 
     </span>
    </p>
   </div>
   <div class='ocr_carea' id='block_1_121' title="bbox 877 2815 1517 2847">
    <p class='ocr_par' dir='ltr' id='par_1_121' title="bbox 877 2815 1517 2847">
     <span class='ocr_line' id='line_1_121' title="bbox 877 2815 1517 2847; baseline 0.002 -6"><span class='ocrx_word' id='word_1_892' title='bbox 877 2815 908 2842; x_wconf 92' lang='lat' dir='ltr'><strong>tii</strong></span> <span class='ocrx_word' id='word_1_893' title='bbox 922 2815 1003 2847; x_wconf 80' lang='lat' dir='ltr'><strong>edita,</strong></span> <span class='ocrx_word' id='word_1_894' title='bbox 1014 2822 1048 2843; x_wconf 76' lang='lat' dir='ltr'><strong>cx</strong></span> <span class='ocrx_word' id='word_1_895' title='bbox 1063 2815 1163 2842; x_wconf 88' lang='lat' dir='ltr'><strong>nostris</strong></span> <span class='ocrx_word' id='word_1_896' title='bbox 1178 2815 1358 2842; x_wconf 77' lang='lat' dir='ltr'><strong>eniendanda.</strong></span> <span class='ocrx_word' id='word_1_897' title='bbox 1374 2815 1517 2842; x_wconf 68' lang='lat' dir='ltr'><strong>Conscius.</strong></span> 
     </span>
    </p>
   </div>
  </div>
