1908 3078
227 127 278 154 £55

716 125 746 153 S.
768 124 932 152 METHODII
954 123 1107 153 EPISCOI’I
1127 125 1171 152 ET
1191 124 1370 153 MAR'TYltlS

1803 129 1846 156 Nl

225 194 279 221 que
294 186 349 213 haec
359 185 490 213 Jeremias
504 185 620 220 quodam
642 185 703 213 loco
721 193 857 218 seorsum,
872 186 965 221 procul
982 186 1012 212 ali

1065 186 1226 222 οἰκουμένης
1252 185 1332 219 οἶδεν,
1361 186 1423 213 ἔνθα
1448 187 1512 219 τοὺς
1539 186 1768 223 ὲξολιοθήσαντας
1801 188 1848 213 τῶν

227 232 292 260 orbe
309 234 402 259 nostro
419 233 507 259 sensit
522 232 668 260 exsistere.
685 231 731 259 Sic
747 240 864 267 namque
890 232 938 264 ait,
967 240 1014 258 eos

227 278 372 312 deplorans
403 277 448 312 qui
473 277 543 303 beati
564 277 637 304 illius
657 277 706 305 aevi
727 277 808 305 bonis
827 277 985 322 exciderunt
1007 286 1013 304 :

228 323 327 351 Discite
337 323 383 350 ubi
402 324 437 350 ait
453 322 605 358 prudentia,
617 323 663 349 ubi
675 323 709 350 sit
723 323 816 354 virtus,
831 322 875 349 ubi
888 323 922 349 sit
939 322 1016 350 intelo

226 370 307 398 lactus
319 373 459 399 :utscialis
474 369 565 401 simul,
581 369 673 396 ubisit
691 369 828 404 longitudo
839 369 900 396 vitae
909 374 934 396 et
943 370 1014 401 vita;

224 415 271 443 ubi
283 416 317 443 sit
333 416 420 443 lumen
444 416 580 442 oculorum
602 420 629 442 et
653 423 716 450 pax.
737 415 803 449 Quis
820 416 917 443 invenit
930 415 1015 443 locum

224 462 338 497 ejus?et
354 462 413 497 quis
433 462 541 489 intravit
556 462 583 488 in
595 462 733 489 thesauros
751 470 842 489 eorum
854 462 877 478 ⁸⁸
889 463 901 490 7
915 461 945 490 In
966 462 1015 490 h0--

225 517 286 536 rum
302 516 397 543 nempe
417 508 563 536 thesauros
580 509 711 543 ingressze
725 509 856 544 virgines,
881 508 1014 536 virtutum

226 553 347 580 rationes
358 552 520 587 decerpunt;
530 553 624 580 multis
632 560 664 580 ac
671 553 740 581 bene
749 553 884 581 ordinatis
895 553 1016 589 irrigata:

226 598 386 630 luminibus.
412 598 568 626 aﬂundcnte
589 599 643 627 illis
658 599 713 627 Deo
725 600 809 628 fontis
828 600 916 628 instar
929 619 937 633 ,
968 600 1015 635 qui

226 645 355 674 saeculum
373 645 450 677 illud,
468 645 544 672 nullo
557 653 676 680 unquam
688 653 790 674 occasu
807 645 1014 681 exstinguendis

225 691 375 719 luminibus
399 690 568 726 splendidius
589 691 716 719 illustret.
742 691 790 719 Ha:
807 699 889 727 porro
909 699 1015 727 semper

225 738 325 766 choros
346 741 430 774 agunt
447 737 595 765 modulatis
618 737 733 766 vocibus
755 738 898 767 laudantes
915 738 1012 767 Deum.

224 783 418 812 Circumtusus
429 791 547 819 namque
557 783 612 812 illis
625 791 673 812 aer
684 791 769 820 purus
782 788 836 818 est,
844 788 872 812 et
885 792 940 821 quo
947 785 1014 814 solis

224 830 313 857 orbita
330 836 470 864 nunquam
485 829 640 857 invehatur.

1066 233 1181 259 αίωνίων
1207 233 1260 269 (l3)
1286 232 1393 268 ἀγαθῶν
1418 232 1596 264 κατοικτίζων
1622 233 1710 267 λέγει·
1738 233 1849 260 Μάθεῖε

1066 279 1124 305 ποῦ
1134 279 1199 306 ἐστι
1217 280 1373 314 φρόνησις,
1392 279 1452 306 ποῦ
1469 280 1555 306 ἐστιν
1574 279 1675 314 ἰσχὺς,
1691 279 1752 306 ποῦ
1768 280 1850 306 ἐστιν

1065 326 1084 359 ἡ
1105 325 1247 358 σύνεσις,
1267 324 1319 352 τοῦ
1342 324 1452 360 γνῶναι
1484 325 1544 360 ἅμα
1570 325 1719 352 ποῦσέστι
1739 334 1849 360 μακρο-

1066 372 1167 405 ϐἱωσις
1183 371 1232 398 καὶ
1249 370 1315 406 ζωὴ,
1329 371 1388 398 ποῦ
1404 371 1469 398 ἐστι
1490 370 1553 405 φῶς
1566 370 1728 405 ὀφθαλμῶν
1742 370 1793 397 καὶ
1814 371 1849 397 εί-

1060 418 1158 453 ,ρήγη-
1185 418 1231 450 τίς
1253 415 1321 452 εὗρε
1342 417 1436 444 τόπον
1460 416 1572 451 αὐτῆς,
1597 416 1616 450 ἣ
1639 417 1685 449 τίς
1708 415 1851 450 εἰσῆλθεν

1065 465 1108 497 είς
1138 464 1309 498 θησαυροὺς
1342 463 1456 495 αὐτῶαιη
1487 463 1595 490 Τούτων
1620 460 1666 489 οὗν
1694 461 1851 494 διελθούσας

1064 508 1105 539 είς
1117 508 1180 539 τοὺς
1193 507 1345 543 θησαυροὺς
1358 507 1598 544 ἀποκαρπεύεσθαι
1611 507 1705 542 λόγους
1721 506 1779 533 τῶν
1795 507 1852 542 ἀρε-

1064 554 1118 582 τῶν
1132 555 1180 586 τὰς
1191 554 1350 590 παρθένους,
1362 554 1502 586 εὐτάκτοις
1518 554 1588 588 φωσὶ
1601 554 1647 580 καὶ
1662 553 1772 585 πολλοῖς
1789 561 1852 579 κατ-

1064 600 1226 637 αρδομένας,
1243 600 1261 627 ἃ
1283 600 1360 635 δίκην
1377 600 1467 636 πηγῆς
1482 600 1577 631 αὐταῖς
1591 600 1605 626 ὁ
1619 599 1684 631 Θεὸς
1704 599 1851 634 ἀνερεύγε-

1064 655 1119 679 ται,
1151 646 1336 682 καταλάμπων
1367 646 1472 672 ἐκεῖνον
1495 645 1540 672 τὸν
1566 644 1651 672 αίῶνσ.
1678 644 1767 678 φωσὶν
1791 644 1852 670 ἀδύ-

1064 701 1120 724 τοις
1133 692 1188 728 (14)
1197 701 1204 707 ·
1215 693 1243 719 αἱ
1256 692 1285 718 δὲ
1298 691 1456 728 χορεύουσιν
1468 690 1594 727 ἐμμελῶς
1612 691 1793 726 γεραίρουσαι
1808 690 1853 717 τὸν

1064 739 1140 766 Θεόν.
1157 738 1337 774 Περικέχυται
1352 738 1407 774 γὰρ
1420 738 1515 770 αὑταῖς
1529 737 1582 774 ἀὴρ
1596 737 1726 774 καθαρὸς,
1747 737 1796 764 καὶ
1815 737 1851 772 μὴ

1065 785 1300 821 καθιππευόμενος
1314 785 1392 821 ἡλίῳ.

291 896 356 924 CAP.
371 895 414 923 IV.
429 896 581 924 Partenesis
596 897 631 924 ad
644 897 819 933 virginitatem
836 898 1017 927 excolendam.
1035 899 1198 934 Proponitur
1217 897 1388 926 excutiendus
1404 897 1477 925 locus
1492 895 1573 931 Apoc.
1585 903 1634 928 xu,
1649 895 1711 924 1-6.

259 970 336 998 Nunc
352 978 427 1006 ergo,
444 971 575 1005 virgines,
593 971 761 1006 incorruptae
786 971 922 1000 castitatis
939 971 1011 1004 tiliae.

1097 972 1155 999 Νῦν
1178 969 1235 1005 οὖν,
1258 968 1281 999 ὧ
1304 969 1445 1006 παρθένοι,
1455 967 1631 1005 σωφροσύνης
1652 967 1790 1004 ἀχράντου
1807 966 1853 994 θυ-

223 1018 257 1045 de
273 1018 328 1044 vita
350 1017 429 1045 bonis
451 1017 579 1044 omnibus
603 1016 694 1049 beata,
712 1016 799 1052 deque
818 1017 952 1045 caelorum
968 1025 1013 1046 re-

225 1072 277 1099 gno
293 1064 505 1091 studium'nobis
518 1067 560 1091 est
577 1067 605 1090 et
621 1063 771 1090 contentio.
787 1062 834 1090 Eia
848 1063 876 1090 in
889 1064 1011 1091 eamdem

225 1111 392 1138 intemerata:
408 1109 574 1145 virginitatis
603 1108 712 1136 laudent
726 1116 789 1136 cum
802 1108 942 1144 prioribus
962 1117 1011 1137 vos

223 1163 332 1191 quoque
355 1155 440 1183 alacri
464 1155 556 1182 animo
573 1154 741 1189 conspirate,
767 1161 863 1189 parum
882 1158 1012 1182 curantes

223 1201 275 1229 hoc
291 1201 420 1229 saeculum
435 1207 467 1227 ac
479 1199 622 1227 mundum.
646 1199 706 1226 Non
722 1206 818 1234 parum
834 1199 906 1227 enim
923 1200 957 1227 ad
972 1199 1012 1227 fe-

223 1248 354 1275 licitatem
371 1246 509 1281 vitamque
522 1245 598 1273 curis
622 1245 736 1273 liberam
749 1245 921 1280 incorruptio
944 1252 1011 1272 con-

223 1293 300 1320 ducit
323 1299 356 1319 ac
372 1291 545 1322 castimonia,
560 1290 660 1325 quippe
671 1296 732 1325 qua:
751 1297 861 1318 carnem
872 1290 955 1317 humo
972 1290 1011 1318 le-

223 1346 302 1372 vans,
313 1337 458 1365 sublimem
470 1336 534 1364 ferri
544 1335 636 1368 faciat,
647 1336 707 1370 ejus
714 1336 799 1364 nimio
812 1336 951 1365 exsiccato
957 1336 1011 1363 hu-

223 1390 300 1410 more
325 1383 452 1417 luteoque
466 1388 598 1416 expresso
617 1380 747 1415 pondere,
764 1381 867 1416 majore
884 1382 1010 1409 trahendi

223 1429 250 1456 vi
274 1436 306 1456 ac
322 1428 497 1463 impulsione.
521 1427 615 1463 Neque
633 1435 683 1455 vos
699 1428 761 1455 ulla:
773 1427 900 1455 audiendi
915 1429 1010 1457 sordes

223 1478 350 1509 repentes
373 1474 401 1500 in
427 1478 526 1501 terram
544 1473 709 1509 deprimant.
724 1472 817 1508 Neque
827 1481 929 1501 mwror
945 1481 1011 1509 gau-

222 1521 298 1548 dium
310 1520 464 1556 interpolet,
484 1520 557 1555 ipsas
568 1528 628 1556 quae
639 1520 798 1548 melioribus
810 1520 944 1552 nitantur,
960 1520 1010 1548 eli-

224 1567 292 1596 dens
301 1575 364 1603 spes
381 1577 387 1594 :
405 1567 453 1595 sed
468 1567 542 1594 nulla
562 1567 724 1595 morositate
745 1566 903 1602 ingruentes
919 1567 945 1593 in
962 1574 1010 1595 vos

224 1614 316 1642 clades
332 1614 486 1648 damnaque
502 1614 631 1645 excutite,
642 1613 727 1640 nullis
742 1613 841 1640 mentis
853 1612 950 1640 faciem
965 1612 1009 1640 fu-

1065 1017 1190 1054 γατέρες,
1218 1018 1288 1053 ὑπερ
1309 1016 1381 1052 ζωῆς
1407 1017 1472 1051 ἡμῖν
1499 1014 1616 1050 ἀφθόνου
1638 1014 1686 1041 καὶ
1714 1013 1852 1048 βασιλείας

1065 1064 1186 1099 οὐρανῶν
1201 1064 1218 1099 ἡ
1234 1063 1344 1099 σπουδή.
1359 1063 1407 1094 Εἰς
1420 1062 1469 1097 τὴν
1482 1061 1568 1096 αὐτὴν
1585 1059 1664 1093 δόξαν
1680 1059 1730 1095 τῆς
1741 1059 1852 1094 ἁγνείας

1065 1111 1112 1138 καὶ
1128 1111 1207 1146 ὑμεῖς
1223 1110 1371 1146 προθύμως
1384 1110 1444 1140 ταῖς
1464 1107 1518 1143 πρὸ
1535 1107 1612 1143 ὑμῶν
1632 1107 1852 1142 συμφρονήσατε,

1064 1157 1141 1191 ὀλίγα
1166 1156 1343 1192 φροντίσασαι
1368 1154 1414 1182 τοῦ
1446 1154 1515 1189 βίου.
1544 1153 1582 1181 Οὐ
1607 1153 1661 1189 γὰρ
1689 1152 1789 1188 μικρὸν
1814 1153 1852 1183 εἰς

1065 1201 1205 1238 ῥᾳστώνην
1219 1201 1358 1237 ἀφθαρσία
1374 1200 1421 1227 καὶ
1438 1199 1544 1234 ἁγνεία,
1556 1198 1684 1234 ἀνωφερῆ
1697 1198 1746 1234 τὴν
1762 1198 1853 1233 σάρκα

1065 1248 1132 1284 πρὸς
1149 1248 1214 1283 ὕψος
1234 1247 1358 1284 αἴρουσα,
1374 1247 1421 1274 καὶ
1442 1245 1474 1272 τὸ
1495 1245 1632 1281 κάθυγρον
1651 1244 1736 1279 αὐτῆς
1754 1244 1854 1278 ἀναξη-

1065 1295 1194 1330 ραίνουσα
1218 1294 1264 1321 καὶ
1286 1293 1408 1329 πηλῶδες
1432 1292 1524 1329 βάρος,
1549 1291 1614 1326 ὁλκῇ
1640 1290 1757 1326 μείζονι·
1786 1289 1853 1325 μηδὲ

1065 1340 1181 1376 βριθέτω
1196 1341 1245 1376 τῆς
1267 1340 1351 1375 ἀκοῆς
1370 1339 1385 1366 ὁ
1411 1339 1506 1375 ῥύπος,
1530 1337 1620 1374 ῥέπων
1644 1337 1685 1368 είς
1707 1335 1755 1372 τὴν
1779 1335 1852 1371 γῆν·

1066 1386 1133 1422 μηδὲ
1149 1386 1354 1422 μετακοσμείτω
1367 1385 1440 1421 λύπη
1455 1385 1504 1420 τὴν
1518 1384 1615 1420 χαρὰν,
1632 1384 1787 1419 ἐκτήκουσα
1803 1381 1854 1414 τὰς

1064 1433 1110 1460 ἐπὶ
1135 1435 1191 1465 τοῖς
1215 1433 1367 1469 κρείττοσιν
1391 1431 1517 1463 ἐλπίδας·
1537 1430 1606 1458 ἀλλὰ
1632 1429 1758 1466 ἀτρύχως
1784 1429 1853 1455 ἁπο-

1065 1479 1169 1505 σείεσθε
1193 1478 1243 1510 τὰς
1266 1477 1515 1513 ὲπισυμϐαινούσας
1543 1477 1607 1511 ὑμῖν
1634 1474 1788 1511 συμφορὰς,
1815 1475 1852 1509 μὴ

1064 1523 1188 1550 θολοῦσαι
1208 1524 1281 1558 γόοις
1301 1523 1346 1549 τὸν
1362 1521 1500 1557 λογισμόν.
1525 1520 1636 1547 Νικάτω
1656 1519 1709 1555 γὰρ
1723 1520 1740 1555 ἡ
1760 1519 1853 1550 πίστις

1064 1570 1163 1605 πάντη,
1184 1570 1231 1596 καὶ
1250 1568 1412 1596 ἀπωθείσθω
1430 1568 1461 1594 τὸ
1485 1567 1543 1601 φῶς
1566 1567 1650 1602 αὐτῆς
1667 1566 1701 1592 τὰ
1715 1566 1853 1601 φερόμενα

1064 1615 1110 1642 τοῦ
1131 1614 1250 1650 πονηροῦ
1276 1614 1341 1650 περὶ
1365 1614 1415 1649 τὴν
1442 1612 1557 1648 καρδίαν
1580 1611 1721 1646 φάσματα.
1747 1611 1852 1646 Ὠσπερ

223 1665 363 1688 nestantcs
376 1660 498 1695 querulis
517 1660 673 1695 gemitibus.
689 1659 787 1686 Vincat
802 1666 916 1695 prorsus
934 1659 1010 1690 ﬁdes,

1064 1661 1117 1696 γὰρ
1137 1661 1202 1688 ὅταν
1224 1661 1240 1696 ἡ
1258 1660 1356 1696 σελήνη
1373 1660 1419 1686 τὸν
1437 1658 1551 1695 οὐρανὸν
1573 1658 1669 1692 αἴγλης
1689 1657 1854 1692 ἐκλάμψασα

223 1708 338 1743 ejusque
353 1707 455 1739 lumen,
471 1714 532 1742 qua:
545 1707 618 1733 circa
634 1713 683 1733 eor
693 1706 820 1737 volitant,
837 1706 901 1732 mali
926 1705 1012 1734 hostis

225 1753 297 1780 fmda
312 1753 458 1780 simulacra
479 1752 606 1787 depellat.
628 1751 776 1784 Nimirum,
794 1755 825 1778 ut
839 1751 950 1787 quando
968 1759 1012 1779 se-

223 1808 316 1827 renam
326 1804 432 1827 noctem
442 1801 506 1826 luna
517 1800 596 1834 plena
606 1799 760 1831 illustratus,
768 1797 862 1826 allusis
869 1799 903 1826 ab
912 1806 1013 1826 occasu

222 1846 316 1874 densis
330 1846 452 1880 atrisque
479 1846 597 1873 nubibus
613 1845 646 1873 ad
664 1850 771 1880 tempus
794 1845 940 1877 occulitur,
961 1852 1013 1872 nec

223 1896 316 1918 tamen
331 1890 469 1924 aufertur;
485 1891 584 1925 quippe
593 1891 684 1917 statim
698 1891 723 1916 vi
739 1890 814 1918 venti
833 1889 944 1917 dilllatis
962 1897 1013 1916 nu-

223 1938 314 1969 bibus,
336 1937 409 1964 clara
421 1937 523 1964 mundo
539 1937 599 1963 luce
614 1936 758 1964 redditur:
786 1935 827 1963 sic
846 1938 873 1962 et
895 1943 955 1966 vos,
971 1935 1013 1962 lu-

223 1991 282 2011 cem
291 1983 457 2018 virginitatis
469 1982 645 2010 ostendentes
659 1981 770 2014 mundo,
782 1981 834 2008 etsi
845 1981 979 2016 angustiis
987 1985 1013 2008 et

223 2029 520 2062 laboribusvexamini,
536 2037 580 2061 ne,
597 2036 701 2064 quaeso.
713 2028 846 2063 virgines,
857 2027 1013 2055 fatiscentes

223 2084 300 2112 spem
311 2080 430 2103 vestram
445 2076 563 2111 abjicite.
577 2075 671 2103 Aderit
683 2083 746 2102 mox
757 2074 888 2110 Spiritus,
906 2074 952 2109 qui
966 2082 1013 2101 ne-

224 2122 350 2158 quissimi
365 2122 447 2149 dilllet
465 2122 570 2154 nubila,
588 2122 611 2150 si
624 2129 673 2149 vos
689 2121 918 2156 quemadmodum
931 2119 1014 2147 Mater

224 2173 329 2200 vestra,
346 2176 406 2202 qua:
417 2168 444 2194 in
460 2168 529 2195 coelo
543 2168 616 2203 parit
631 2168 784 2195 masculum
805 2166 954 2201 Virginem,
973 2166 1014 2193 in-

225 2212 294 2240 fensi
310 2213 408 2248 anguis
432 2213 546 2240 insidias
563 2213 675 2240 minime
695 2212 826 2240 timeatis.
840 2212 879 2240 De
896 2219 948 2247 qua
963 2219 1013 2247 ego

224 2258 339 2286 muliere
365 2258 522 2286 distinctius
538 2259 615 2286 vobis
628 2257 705 2293 loqui
723 2257 864 2291 constitui,
886 2257 967 2292 idque
983 2261 1013 2284 ut

225 2311 303 2339 agam
317 2303 397 2331 modo
410 2309 516 2338 tempus
531 2303 624 2339 exigit.

261 2349 371 2385 Signum
382 2355 518 2384 magnum‘
533 2349 656 2384 apparuit
681 2349 709 2375 in
730 2349 806 2381 caelo,
830 2347 868 2374 ait
892 2346 1011 2374 Joannes

224 2396 406 2431 Apocalypsin
420 2403 552 2423 enarrans
566 2395 599 2428 ‘9,
614 2396 708 2422 mulier
723 2395 820 2422 amicta
833 2393 897 2425 sole,
909 2398 934 2420 et
948 2393 1011 2420 luna

224 2444 271 2469 sub
282 2443 390 2477 pedibus
408 2442 483 2476 ejus;
499 2446 523 2468 et
536 2442 563 2469 in
578 2444 662 2477 capite
677 2442 733 2476 ejus
758 2449 858 2468 corona
873 2440 1011 2466 stellarum

224 2489 378 2517 duodecim:
403 2493 428 2516 et
445 2490 472 2516 in
487 2493 561 2515 utero
577 2489 674 2515 habens
699 2488 833 2514 clamabat
850 2486 1010 2519 parturiens,

224 2541 248 2562 et
260 2535 428 2562 cruciabatur
441 2540 471 2562 ut
481 2540 595 2570 pareret.
610 2534 643 2561 Et
656 2535 740 2561 visum
752 2538 791 2560 est
810 2532 884 2559 aliud
907 2533 1010 2566 signum

225 2582 252 2610 in
268 2582 348 2608 cazlo:
366 2586 390 2608 et
406 2589 464 2608 ecce
475 2581 558 2608 draco
574 2589 685 2615 magnus
701 2579 788 2614 rufus,
811 2578 908 2605 habens
923 2579 1011 2612 capita

226 2632 319 2660 septem
333 2632 357 2654 et
368 2635 467 2654 cornua
480 2627 576 2660 decem,
584 2631 608 2653 et
619 2626 648 2653 in
655 2625 783 2659 capitibus
792 2623 848 2658 ejus
854 2623 1007 2650 diademata

261 2705 283 2720 ’⁸⁸
300 2705 365 2732 Bar.
380 2713 422 2748 ru,
434 2705 478 2737 M,
492 2705 534 2733 l5.
573 2705 594 2721 ⁸⁸
614 2705 694 2738 Apoc.
716 2711 766 2735 xu,
780 2703 834 2730 Hi.

262 2761 317 2796 (l3)
332 2763 472 2789 Αίωνίων.
493 2762 538 2790 Sic
556 2769 606 2788 nos
627 2768 689 2788 cum
716 2760 825 2791 Allatio,
841 2765 888 2794 pro
905 2757 1009 2784 αἰώνων

227 2798 297 2830 quod
312 2798 356 2823 alii
372 2797 447 2825 dant.
459 2797 537 2824 Emr.
553 2798 671 2825 Parum"

262 2832 316 2866 (Μ)
333 2833 431 2858 ψωσὶν
455 2833 582 2864 ἀδύτοις.
606 2832 689 2857 Paulo
704 2830 826 2860 inferius,
850 2828 880 2854 τὺ
904 2827 1010 2866 φῶειτὺ

227 2863 373 2902 ἀνέσπερον
388 2871 476 2901 vocat,
497 2863 586 2894 lumen
612 2866 683 2901 quod
711 2866 783 2892 nulla
809 2872 859 2891 nox
883 2863 1009 2897 excipiat,

1064 1707 1205 1744 πληρώσῃ,
1223 1707 1270 1733 καὶ
1289 1707 1342 1738 πᾶς
1356 1707 1370 1732 ὁ
1388 1705 1442 1741 ἀὴρ
1463 1705 1568 1741 αἴθριος
1588 1704 1702 1739 γενηθῇ,
1726 1703 1804 1738 ἄφνω
1823 1703 1854 1729 δὲ

1063 1753 1171 1787 νεφέλαι
1190 1752 1271 1778 ποθὲν
1293 1752 1325 1778 ἐκ
1338 1751 1460 1787 δυσμῶν,
1483 1749 1688 1786 ὑποδραμοῦσαι
1708 1749 1852 1784 βάσκανοι,

1062 1799 1092 1826 τὸ
1108 1799 1164 1834 φῶς
1186 1799 1271 1834 αὐτῆς
1292 1798 1360 1834 πρὸς
1384 1798 1475 1833 ὀλίγον
1497 1797 1719 1829 ἐπισκιάζουσιν,
1741 1796 1771 1822 οὐ
1798 1795 1854 1830 μὴν

1063 1844 1258 1880 ἀφαιροῦνται,
1280 1844 1328 1871 ἆτε
1346 1844 1447 1876 εὐθέως
1524 1843 1596 1879 ῥύμῃ
1622 1842 1669 1870 τοῦ
1697 1842 1854 1878 πνεύματος

1063 1890 1245 1926 ἐξωθούμεναι
1255 1910 1263 1923 ,
1276 1890 1347 1917 οὕτω
1366 1890 1398 1925 δὴ
1412 1891 1460 1917 καὶ
1474 1891 1562 1925 ὑμεῖς,
1579 1891 1608 1916 ἐν
1619 1890 1659 1925 τῷ
1673 1890 1770 1925 κόσμῳ
1786 1890 1855 1924 λάμ-

1064 1946 1162 1964 πουσαι
1180 1938 1230 1973 τὴν
1255 1937 1376 1972 ἁγνείαν,
1402 1937 1455 1964 ὑπὸ
1482 1937 1596 1972 θλίψεων
1620 1937 1776 1972 ὀχληοεῖσαι
1804 1937 1854 1963 καὶ

1063 1984 1162 2014 πόνων,
1178 1981 1200 2010 ὦ
1217 1983 1355 2019 παρθένοι,
1377 1983 1414 2018 μὴ
1432 1983 1564 2010 ὀκλάσατε
1582 1983 1649 2018 πρὸς
1664 1983 1713 2014 τὰς
1728 1982 1852 2014 ἐλπίδας.

1070 2029 1246 2062 Ἐξωθοῦνται
1266 2028 1320 2064 γὰρ
1334 2028 1373 2064 τῷ
1391 2028 1535 2064 Πνεύματι
1558 2029 1592 2056 τὰ
1613 2030 1644 2055 ὲκ
1666 2028 1713 2054 τοῦ
1729 2028 1853 2064 πονηροῦ

1063 2075 1141 2111 νέφη,
1159 2075 1206 2102 ἐὰν
1225 2075 1318 2111 ὥσπερ
1339 2077 1355 2111 ἡ
1374 2075 1473 2110 Μήτηρ
1487 2074 1564 2110 ὑμῶν
1581 2075 1628 2100 καὶ
1645 2074 1740 2109 ὑμεῖς,
1756 2074 1773 2108 ή
1786 2082 1853 2108 γεν-

1064 2122 1136 2149 νῶσα
1153 2122 1197 2149 τὸν
1219 2122 1321 2157 ἄρσενα
1342 2121 1479 2157 Παρθένον
1501 2122 1530 2147 ὲν
1548 2120 1586 2155 τῷ
1601 2119 1718 2156 οὐρανῷ,
1742 2120 1780 2155 μὴ
1799 2119 1855 2146 δει-

1063 2169 1173 2204 λιάσητε
1198 2167 1318 2203 λοχῶντα
1345 2168 1393 2194 καὶ
1416 2167 1595 2202 ἐφεδρεύοντα
1616 2166 1661 2193 τὸν
1685 2167 1764 2201 ὅφιν·
1787 2166 1854 2202 περὶ

1062 2212 1096 2250 ἦς
1113 2214 1168 2248 ἐγὼ
1187 2216 1256 2249 πρὸς
1273 2214 1345 2249 ὑμᾶς
1358 2213 1488 2249 ἀμηγέπη
1500 2212 1702 2247 διεξελεύσομαι
1715 2211 1852 2246 δηλοῦσα*

1064 2260 1157 2296 καιρὸς
1175 2259 1230 2295 γὰρ
1247 2259 1282 2286 τὰ
1297 2258 1355 2286 νῦν.

1025 2340 1046 2369 C
1097 2349 1151 2377 Καὶ
1174 2349 1256 2384 ὤφθη
1278 2348 1356 2384 μέγα
1379 2357 1507 2383 σημειον
1528 2347 1564 2374 ὲν
1587 2347 1629 2380 τῷ
1653 2346 1782 2382 οὐρανῷ,
1802 2347 1854 2382 τὴν

1070 2395 1252 2430 Ἀποκάλυψιν
1271 2395 1285 2420 ὁ
1312 2393 1437 2429 Ἰωάννης
1461 2392 1642 2428 ἐξηγούμενος
1661 2392 1750 2426 λέγει,
1771 2393 1853 2427 γυνὴ

1063 2440 1298 2475 περιϐεϐλημένη
1317 2439 1370 2466 τὸν
1393 2440 1496 2473 ἥλιον·
1520 2440 1570 2466 καὶ
1590 2439 1608 2472 ἡ
1633 2437 1751 2471 σελήνη
1775 2439 1853 2465 ὑπο*

1064 2486 1141 2513 κάτω
1157 2485 1216 2512 τῶν
1237 2485 1336 2513 ποδῶν
1359 2484 1471 2519 αὐτῆς·
1495 2484 1544 2510 καὶ
1562 2483 1611 2510 ἐπὶ
1635 2482 1690 2516 τῆς
1716 2482 1854 2517 κεφαλῆς

1062 2531 1157 2566 αὐτῆς
1171 2531 1320 2566 στέφανος
1331 2531 1465 2564 ἀστέρων
1486 2529 1613 2556 δώδεκα·
1630 2528 1679 2555 καὶ
1696 2528 1730 2554 ἐν
1745 2529 1853 2563 γαστρὶ

1064 2577 1179 2612 ἔχουσα
1206 2576 1301 2611 κράζει
1321 2576 1472 2603 ὠδίνουσα
1492 2574 1541 2601 καὶ
1561 2573 1785 2608 βασανιζομένη
1807 2582 1856 2600 τε-

1064 2623 1138 2650 κεῖν.
1161 2623 1216 2650 Καὶ
1239 2622 1321 2657 ὤφθη
1346 2622 1424 2649 ἄλλο
1448 2620 1572 2655 σημεῖον·
1594 2620 1629 2646 ἐν
1651 2619 1695 2653 τῷ
1716 2618 1854 2652 οὐρανῷ·

1065 2755 1156 2782 nullus
1177 2762 1292 2783 occasus
1313 2755 1486 2789 exstinguat;
1503 2760 1553 2780 nec
1567 2759 1597 2779 re
1611 2750 1653 2789 sic
1671 2752 1744 2779 clara
1763 2755 1855 2787 potuit

1065 2791 1154 2818 doceri
1170 2790 1320 2821 Possinius,
1337 2794 1365 2816 ut
1387 2788 1591 2816 inaccessibilem
1606 2788 1689 2814 lucem
1703 2795 1781 2821 suam
1798 2796 1854 2817 mo-

1065 2826 1126 2854 liori
1146 2827 1198 2853 alia
1211 2834 1277 2854 voce
1296 2826 1389 2860 reique
1404 2824 1537 2859 apposita,
1552 2826 1677 2850 mutaret.
1698 2820 1852 2847 Conatus.
