1908 3078
237 107 290 136 147

741 106 770 134 S.
791 107 954 135 METHODII
974 107 1126 136 EPISCOPI
1145 107 1189 134 ET
1210 106 1390 134 MARTYRIS

1805 105 1860 133 ηε

237 166 375 202 pretiosis,
391 163 599 200 splendentibus
613 159 699 192 stellis
715 164 820 192 circum
835 168 916 200 caput
937 172 1011 191 orna-

1072 164 1157 200 φαλὴν
1184 164 1401 200 κεκοσμημένην.
1433 164 1466 190 Ὃ
1491 163 1544 199 γὰρ
1569 163 1634 198 ἡμῖν
1659 162 1752 199 ἐσθὴς,
1776 163 1859 191 τοῦτο

238 217 304 239 tam.
334 210 412 243 Quod
426 211 499 237 enim
520 210 600 238 nobis
632 210 733 242 vestis,
755 211 807 238 hoc
837 211 876 238 illi
902 211 964 245 lux;
993 215 1020 238 et

235 257 308 292 quod
319 256 400 284 nobis
415 264 513 283 aurum
525 259 572 283 aut
587 255 716 290 pellucidi
732 255 827 290 lapilli,
844 257 895 284 hoc
905 257 944 283 illi
959 256 1021 284 stel-

237 302 276 329 lae.
290 300 381 328 Stella:
394 308 459 328 vero
474 308 530 328 non
542 301 668 336 vulgares
683 301 736 327 illae
748 309 809 335 quae
822 301 849 328 in
860 302 1019 336 aspectabili

234 349 294 376 sitae
307 351 371 375 sunt
387 347 524 379 loco,'scd
542 346 601 373 alia:
617 346 740 382 quaedam
766 347 886 382 potiores
902 346 1018 374 lucidio-

235 401 349 429 resque,
366 394 434 420 adeo
450 398 479 419 ut
499 393 539 420 liae
556 400 624 427 quas
643 393 791 424 cernimus,
803 392 871 419 nihil
885 392 938 419 nisi
958 392 1018 419 illa-

234 446 295 466 rum
317 439 396 473 picta:
415 438 546 473 imagines
566 445 598 464 ac
619 436 777 473 imperfecta
797 437 944 466 simulacra
957 445 1019 466 esse

234 484 389 511 videantur.

1071 210 1163 246 ἐκείνῃ
1183 211 1256 244 φῶς·
1277 211 1291 236 ὃ
1313 211 1341 236 δὲ
1360 211 1426 245 ἡμῖν
1449 210 1547 246 χρυσὸς
1571 210 1588 245 ἢ
1615 210 1754 244 διαφανεῖς
1776 209 1857 243 λίθοι,

1070 255 1149 282 τοῦτο
1163 256 1253 290 ἐκείνῃ
1273 256 1308 282 τὰ
1326 256 1428 291 ἄστρα·
1446 255 1534 291 ἄστρα
1549 255 1588 287 δὲ,
1604 256 1653 291 οὐχ
1673 256 1754 282 ὁποῖα
1769 255 1859 282 ταῦτα

1070 302 1103 328 τὰ
1119 304 1147 332 ὲν
1166 301 1204 338 τῷ
1222 302 1312 338 ὁρατῷ
1329 303 1442 337 κείμενα
1467 302 1552 338 τόπῳ,
1575 302 1644 329 ἀλλά
1661 311 1722 328 τινα
1738 302 1860 337 κρείττω

1072 349 1118 375 καὶ
1132 349 1349 384 εὑφεγγέστερα-
1365 349 1436 375 ὥστε
1449 348 1556 380 εἰκόνας
1570 349 1680 376 ἐκείνων
1695 348 1798 384 μᾶλλον
1814 357 1859 375 νο-

1074 394 1199 429 μίζεσθαι
1216 395 1303 422 ταῦτα
1315 395 1362 421 καὶ
1378 395 1582 431 ἀπεικάσματα.

232 544 299 571 CAP.
324 542 369 570 Vl.
391 542 515 570 Ecclesiae
531 551 623 578 opera,
642 543 760 578 ﬁliorum
783 544 811 570 in
835 543 964 578 baptismo
992 543 1155 585 parturitin
1175 542 1251 570 Luna
1272 544 1299 570 in
1321 544 1449 578 baptismo
1463 551 1472 569 :
1491 543 1663 577 plenilunium
1675 541 1779 569 Christi
1795 551 1860 578 pas-

1005 588 1098 606 nouis.

268 624 327 652 Jam
340 625 410 652 luna:
417 625 516 652 mulier
529 626 656 653 insistere
669 627 778 654 dicitur.
791 626 873 654 Lunae
883 627 1016 662 symbolo,

234 672 356 703 illorum,
372 671 400 698 ni
412 671 501 703 fallor,
519 672 659 706 designata
676 672 738 705 ﬁde,
752 673 799 707 qui
820 680 866 707 per
878 673 1016 699 lavacrum

234 725 250 744 a
265 717 440 752 corruptione
454 716 638 744 mundantur:
658 722 799 753 propterea
813 718 886 752 quod
897 718 958 752 ejus
970 719 1013 745 lu-

233 771 296 791 men
317 770 393 798 aquae
413 763 508 797 tepidte
527 771 611 798 prope
641 764 718 791 aliine
736 764 870 796 videatur,
890 765 1017 799 quodque

234 815 267 835 ex
285 809 348 835 luna
369 808 480 835 humida
499 809 588 836 omnis
609 808 763 835 substantia
783 808 906 843 pendeat.
929 808 1017 843 Super

233 854 325 881 lunam
341 854 431 889 itaque
441 858 595 889 sortemque
608 858 727 881 nostram
743 862 774 881 ac
790 854 951 881 electionem
963 859 1017 881 stat

234 899 365 931 Ecclesia,
384 908 434 935 pro
448 900 519 927 lunae
533 901 611 935 quasi
623 904 780 935 conspectu,
798 901 907 928 interim
923 905 1016 936 partu-

233 946 307 972 riens
322 946 411 980 quoad
432 946 576 974 intraverit
590 947 729 981 plenitudo
749 948 887 982 gentium,
909 955 941 975 ac
961 949 1017 975 ani-

231 992 316 1018 males
337 991 364 1018 in
380 992 518 1026 spiritales
534 1000 716 1028 regenerans;
732 1001 788 1028 quo
807 993 867 1029 ipso
884 999 910 1022 et
930 999 1016 1022 mater

231 1041 282 1065 est.
301 1037 335 1065 Ut
349 1039 420 1065 enim
437 1039 544 1070 mulier,
563 1039 672 1066 informi
684 1039 734 1066 viri
749 1044 877 1075 suscepto
891 1041 1013 1073 semine,

230 1085 306 1108 certo
333 1083 468 1110 mensium
485 1083 551 1111 orbe
571 1085 706 1119 integrum
734 1084 871 1113 hominem
898 1087 1016 1121 concipit

229 1131 364 1162 partuque
378 1123 507 1161 eﬁ‘undit,
527 1129 652 1157 similiter
667 1134 695 1157 et
710 1131 772 1165 quis
793 1131 894 1159 dixerit
907 1139 954 1160 eos
968 1133 1015 1167 qui

229 1174 263 1201 ad
286 1174 402 1202 Verbum
428 1175 602 1211 confugiant,
629 1176 758 1204 Ecclesiae
788 1183 866 1206 utero
885 1180 1015 1206 continue

229 1221 425 1256 concipiendos
444 1227 471 1249 et
487 1222 520 1249 ad
539 1223 643 1251 Christi
664 1224 871 1253 similitudinem
888 1225 1015 1253 formam-

228 1274 282 1301 que
295 1266 461 1301 eﬂingendos
478 1268 561 1295 certis
587 1273 739 1304 temporum
757 1271 892 1305 periodis,
921 1271 1015 1298 beato-

229 1320 290 1339 rum
305 1313 412 1339 illorum
425 1314 586 1341 saeculorum
596 1314 670 1343 cives
679 1317 813 1350 prazstari.
826 1316 917 1350 Quare
925 1322 1015 1345 astare

230 1359 302 1386 illam
318 1359 426 1386 lavacro
445 1367 558 1388 necesse
573 1366 615 1388 est
625 1380 632 1392 ,
649 1369 696 1389 eos
711 1367 885 1397 generautem
901 1364 947 1398 qui
967 1363 1014 1391 illo

230 1405 412 1440 intinguntur.
447 1404 502 1433 Hoc
521 1406 593 1433 enim
613 1407 695 1434 modo
713 1411 741 1434 et
757 1409 854 1445 σελήνη
876 1409 885 1444 (
903 1409 954 1437 hoe
973 1414 1015 1437 est

229 1451 304 1484 luna)
321 1455 434 1479 vocatur
448 1459 480 1479 ea
496 1460 576 1487 quam
589 1453 662 1481 circa
674 1453 812 1481 lavacrum
832 1455 936 1483 obtinet
954 1456 1013 1488 vis,

228 1497 357 1531 quoniam
373 1497 431 1524 νέον
444 1498 525 1530 σέλας
537 1499 641 1534 (novum
651 1499 756 1528 scilicet
766 1500 860 1536 jubar)
878 1501 1012 1534 renovati,
1026 1520 1048 1549 α

228 1544 274 1578 qui
291 1548 485 1578 regenerantur
502 1545 564 1580 (hoc
579 1549 631 1578 est,
647 1554 739 1573 novam
758 1547 856 1583 lucem)
870 1552 1008 1582 spargunt.

229 1588 306 1616 Unde
323 1594 350 1616 et
363 1589 535 1623 νεοφώτιστοι
552 1590 651 1625 (recens
668 1591 772 1618 scilicet
787 1591 945 1628 illuminati)
964 1599 1013 1627 per

228 1635 372 1670 quamdam
404 1636 675 1664 eireumlocutionem
709 1642 841 1665 vocantur
865 1647 872 1665 :
893 1646 947 1672 qua
971 1638 1013 1665 ni-

227 1681 327 1708 mirum
351 1681 473 1716 spiritale
487 1682 541 1708 illis
557 1681 736 1716 plenilunium
765 1683 916 1711 secundum
947 1691 1013 1719 pas-

230 1727 317 1754 sionis
338 1727 479 1762 periodum
499 1734 531 1754 ac
551 1728 767 1756 recordationem
788 1736 895 1764 semper
912 1737 1013 1756 novum

227 1773 352 1805 exhibet,
369 1773 457 1808 quoad
472 1776 499 1800 et
513 1773 664 1808 perfectum
679 1774 770 1802 lumen
789 1782 894 1810 magna:
904 1775 957 1803 diei
974 1775 1012 1802 illi

226 1819 344 1846 oriatur.

419 1878 484 1906 Car.
499 1878 554 1906 VII.
568 1879 690 1906 Mulieris
700 1885 792 1914 partus
804 1881 832 1907 in
845 1881 1016 1917 Apocalypsi,

263 1935 310 1962 Sin
322 1944 387 1964 vero
401 1937 463 1972 quis
475 1937 573 1972 (neque
589 1938 660 1965 enim
678 1945 759 1973 grave
770 1940 806 1966 sit
821 1940 908 1974 palam
921 1940 1011 1968 denuo

227 1982 311 2018 loqui)
331 1990 402 2018 aegre
422 1984 513 2012 ferens
530 1985 611 2012 dictis
631 1985 742 2019 objiciat
764 1996 770 2013 :
789 1986 855 2019 Quae
873 1990 915 2014 est
934 1987 1009 2020 haec,

226 2036 361 2063 quamque
376 2030 410 2056 ad
428 2034 545 2058 mentem
564 2030 713 2066 Scriptura:
730 2032 811 2065 hujus
830 2033 974 2068 expositio,
995 2042 1012 2061 ο

225 2075 354 2110 virgines,
372 2083 434 2103 cum
451 2077 544 2111 utique
553 2078 732 2113 Apoealypsis
743 2079 894 2106 masculum
910 2080 944 2107 ab
961 2079 1012 2107 Ec~

225 2121 309 2149 clesia
325 2123 448 2157 generari
464 2122 575 2150 deﬁniat
592 2133 598 2150 :
616 2132 664 2152 vos
680 2128 770 2151 autem
784 2125 866 2153 istum
880 2125 1009 2154 Eeclesim

225 2172 332 2202 partum
348 2168 388 2194 sic
410 2169 636 2203 interpretamini,
650 2174 678 2196 ut
695 2170 722 2196 in
737 2170 771 2197 iis
787 2171 833 2205 qui
856 2179 903 2206 per
917 2172 1009 2206 bapti-

225 2221 317 2240 smum
335 2220 531 2249 regeneranlur
545 2215 650 2250 impleri
667 2216 805 2244 doceatis?
827 2217 892 2244 huic
911 2218 948 2244 ita
967 2226 1010 2245 re-

224 2260 440 2294 spondebimus:
461 2261 543 2296 Atqui
568 2271 601 2290 ne
624 2263 690 2295 tibi,
708 2263 878 2299 vitilitigator
896 2269 1007 2299 argute,

222 2306 303 2333 :‘acile
316 2306 399 2334 fuerit
417 2308 571 2340 ostendere,
585 2308 726 2337 Christum
743 2318 804 2338 esse
825 2310 907 2338 istum
928 2311 1007 2345 cujus

258 2373 314 2412 (Π)
333 2374 400 2412 ’Κειὶέ
415 2375 617 2410 προσλήψεως
643 2377 738 2412 ἡμῶν.
764 2377 821 2404 Vox
845 2378 1006 2412 theologica,

221 2409 255 2447 ilo
274 2409 380 2447 Christi
394 2410 513 2437 humana
530 2409 641 2438 natura
656 2409 761 2447 Vsa-pius
779 2417 919 2447 usurpata,
936 2409 1008 2447 “quae

221 2445 261 2470 sic
276 2452 290 2470 a
308 2444 397 2482 verbo
408 2450 558 2482 assumpta,
577 2455 681 2481 nosque
701 2444 727 2474 in
746 2448 801 2475 illa.
816 2444 918 2482 lli-eque
929 2444 1007 2481 adeo,

222 2484 313 2506 nostra
333 2480 397 2518 ﬁdes
412 2485 438 2508 et
454 2481 615 2517 πρόσληψις,
633 2480 725 2511 ﬁdeles
748 2487 811 2510 sunt
825 2480 908 2518 etq‘ui
928 2480 1008 2510 Clu-i4

221 2515 430 2553 sto_ae_cedunt,
456 2515 571 2553 ejusque
591 2526 652 2546 sors
673 2523 699 2545 et
714 2519 858 2545 hazreditas
872 2515 1007 2553 baptismi

221 2550 374 2588 initiatione
386 2551 454 2588 liunt
464 2550 478 2584 ζ
488 2550 569 2587 quam
593 2553 662 2580 luna:
678 2555 800 2588 symbolo
811 2550 947 2588 designari
959 2563 1007 2580 au-

220 2589 280 2624 ctor
291 2589 333 2612 est
350 2586 511 2619 Methodius,
525 2588 560 2615 ob
574 2586 705 2623 aquarum
720 2596 781 2615 cum
797 2590 856 2623 ejus
874 2586 934 2616 luce
951 2590 1007 2616 alli-

220 2623 332 2659 nitatem
350 2628 384 2659 ac
396 2624 636 2659 necessitudinem.
649 2623 817 2651 Fallentibus
835 2625 922 2651 oculis
939 2624 1007 2653 Pos-

221 2657 386 2694 siuiusaesi
397 2663 469 2685 esset
481 2658 650 2694 προλήψεως,
663 2663 687 2686 et
701 2660 915 2693 persuasionem;
930 2661 1007 2687 item-

220 2697 272 2728 que
285 2690 590 2728 Allatius,ranteci:pta}it
606 2695 694 2720 animo
702 2690 929 2728 informationem.
943 2703 1004 2722 cum

219 2724 300 2766 ambo
320 2725 468 2766 ediderint,
487 2724 559 2766 qtiod
578 2729 629 2756 loci
649 2731 718 2766 ratio
734 2724 863 2764 postulat,
883 2731 1004 2766 προσλή-

219 2739 300 2751 ωιιυυ
323 2739 468 2759 nutucnnt,
487 2739 559 2762 quuu
578 2739 629 2756 IUCl
649 2739 718 2756 fallo
735 2739 863 2764 ροεῑυιειι,
883 2740 903 2756 π
922 2739 1003 2766 οσΑη-

219 2758 302 2799 ξξίιιξς.
320 2759 424 2788 Felellit
438 2763 468 2788 τὸ
485 2764 613 2795 πίστεως.
629 2765 706 2799 quasi
719 2772 749 2791 ea
769 2773 833 2792 voce
851 2739 1003 2792 Metﬁodius

221 2793 281 2835 ildei
297 2801 455 2835 assensu_m,_
475 2805 528 2835 non
542 2793 615 2832 ipsos
637 2793 722 2834 inagis
743 2800 835 2828 ﬁdeles
858 2801 1001 2835 signiticet,

219 2835 251 2855 ea
267 2828 393 2864 baptismi
407 2828 579 2866 intinctione,
596 2828 853 2870 quasiparturiente
868 2828 1000 2869 Ecclesia,

1104 626 1252 661 Βεϐηκέναι
1262 635 1291 652 τε
1307 627 1354 652 ἐπὶ
1371 627 1495 662 σελήνην,
1516 626 1553 658 ὡς
1571 625 1701 661 ἡγοῦμαι,
1715 625 1859 661 τροπικῶς

1067 673 1116 708 τὴν
1137 673 1227 699 πίστιν
1252 672 1305 698 τῶν
1329 671 1588 707 άποκαθαιρομένων
1611 671 1660 706 τὴν
1682 670 1788 706 φθορὰν
1818 671 1860 706 τῷ

1067 719 1171 755 λουτρῷ
1192 719 1289 753 λέγων,
1312 719 1355 745 διὰ
1376 719 1406 745 τὸ
1432 718 1621 754 προσεοικέναι
1645 717 1674 743 τὸ
1696 716 1754 751 φῶς
1771 717 1859 752 αὐτῆς

1069 765 1169 800 μᾶλλον
1186 764 1261 790 ὕδατι
1276 763 1390 800 χλιαρῷ,
1407 764 1454 790 καὶ
1470 765 1559 789 πᾶσαν
1573 763 1602 796 ἐξ
1619 763 1703 798 αὐτῆς
1719 763 1858 798 ἠρτῆσθαι

1060 809 1116 844 τὴν
1134 809 1220 844 ὑγρὰν
1234 808 1337 835 οὐσίαν.
1365 809 1530 842 Ἐφέστηκεν
1549 805 1594 834 οὖν
1611 809 1658 834 ἐπὶ
1671 807 1721 842 τῆς
1737 808 1858 840 πίστεως

1070 855 1116 880 καὶ
1136 853 1312 889 προσλήψεως
1332 852 1410 888 ἡμῶν
1430 853 1485 888 (17)
1497 855 1513 888 ή
1540 853 1696 888 Ἐκκλησία,
1712 852 1784 879 κατὰ
1806 853 1858 889 τὴν

1068 900 1118 935 τῆς
1137 900 1251 935 σελήνης
1268 899 1387 934 σύνοψιν.
1411 899 1544 934 μέχριπερ
1559 899 1591 926 ἂν
1613 899 1721 935 εἰσέλθῃ
1738 899 1769 925 τὸ
1791 899 1859 936 πλήο

1070 955 1149 981 ρωμα
1171 946 1224 972 τῶν
1249 945 1347 978 ἐθνῶν,
1371 946 1502 972 ὠδίνουσα
1521 946 1568 972 καὶ
1593 945 1767 979 ἀναγεννῶσα
1791 947 1857 978 τοὺς

1068 991 1198 1027 ψυχικοὺς
1212 993 1252 1023 εἰς
1265 991 1465 1026 πνευματικούς
1475 999 1481 1006 ’
1499 991 1559 1017 καθ’
1571 991 1600 1017 ὃν
1609 991 1688 1025 λόγον
1698 991 1746 1017 καὶ
1763 992 1856 1027 μήτηρ

1068 1038 1151 1064 ἐστιν.
1169 1038 1273 1073 Ὥσπερ
1287 1038 1342 1073 γὰρ
1365 1037 1468 1072 σπορὰν
1489 1037 1585 1073 ἀνδρὸς
1604 1038 1767 1073 ὰμὸρςρωτον
1786 1039 1855 1064 ὑπο-

1067 1084 1199 1120 δεξαμένη
1219 1084 1298 1120 γυνὴ,
1318 1084 1452 1120 περιόδοις
1471 1084 1572 1120 χρόνων
1587 1083 1728 1119 ἄνθρωπον
1741 1083 1856 1119 ὀλόκλητ

1070 1138 1114 1165 ρον
1132 1129 1246 1156 άποκὺει
1256 1139 1262 1144 ·
1279 1129 1365 1166 ταύτῃ
1384 1129 1417 1165 δὴ
1433 1130 1480 1156 καὶ
1496 1129 1557 1161 τοὺς
1580 1129 1802 1165 προσφεύγοντας
1816 1130 1856 1165 τῷ

1068 1176 1156 1210 Λόγῳ,
1170 1176 1281 1212 φήσειεν
1300 1176 1334 1203 ἄν
1345 1185 1398 1208 τις,
1416 1176 1598 1203 συλλαϐοῦσαν
1615 1177 1657 1202 ἀεὶ
1672 1177 1720 1212 τὴν
1741 1176 1857 1212 Ἐκκλη-

1069 1222 1139 1253 σίαν,
1156 1223 1203 1248 καὶ
1217 1222 1267 1257 τὴν
1288 1222 1348 1249 καθ’
1368 1222 1496 1257 ὁμοίωσιν
1514 1222 1586 1249 ιδέαν
1603 1223 1702 1260 aii-robe
1723 1223 1771 1249 καὶ
1788 1223 1857 1259 μόρ-

1068 1277 1153 1302 φωσιν
1169 1268 1324 1304 μορφοῠσαν
1338 1269 1385 1294 τοῦ
1400 1269 1529 1304 Χριστοῦ,
1544 1268 1677 1304 περιόδοις
1689 1269 1794 1304 χρόνων
1806 1277 1856 1295 ποι

1067 1313 1141 1344 λὶτας
1163 1314 1303 1349 μακαρίων
1319 1314 1430 1340 ἐκείνων
1452 1313 1557 1340 αἰώνων
1573 1314 1748 1350 ἐργάζεσθαι.
1773 1314 1858 1342 Ὅθεν

1068 1359 1098 1392 ἐξ
1118 1360 1239 1395 ἀνάγκης
1257 1360 1340 1395 αὐτὴν
1361 1360 1507 1394 ἐφεστάναι
1525 1361 1566 1386 δεῖ
1587 1360 1625 1396 τῷ
1651 1361 1765 1396 λουτρῷ,
1791 1363 1856 1394 τοὺς

1067 1405 1228 1440 λουομένους
1253 1406 1400 1439 γεννῶσαν.
1420 1407 1513 1441 Τούτῳ
1529 1406 1583 1443 γὰρ
1605 1407 1702 1442 σελήνη
1723 1407 1854 1442 κέκληται

1067 1450 1106 1486 τῷ
1120 1451 1213 1486 τρόπῳ
1228 1452 1244 1487 ἡ
1259 1451 1322 1486 περὶ
1337 1451 1366 1477 τὸ
1377 1451 1488 1487 λουτρὸν
1503 1452 1588 1486 αὐτῆς
1602 1452 1740 1487 ἐνέργεια·
1758 1454 1854 1489 ἐπειδὴ

1068 1496 1126 1523 νέον
1141 1496 1219 1528 σέλας
1232 1497 1441 1529 ἀνανεασθέντες
1457 1499 1482 1524 οἱ
1495 1497 1712 1533 ἀναγεννώμενοι
1729 1499 1854 1535 λάμπου-

1066 1550 1118 1574 σιν,
1138 1542 1152 1568 ὅ
1172 1543 1230 1569 ὲστι
1245 1543 1303 1569 νέον
1323 1543 1397 1577 φῶς·
1422 1547 1431 1555 “
1453 1544 1514 1571 ὅθεν
1540 1545 1586 1571 καὶ
1604 1544 1779 1580 νεοφώτιστοι
1803 1555 1854 1572 κα-

1065 1586 1183 1619 λοῦνται,
1202 1589 1435 1624 παραφραστικῶς
1450 1589 1497 1625 τὴν
1516 1590 1703 1626 πνευματικὴν
1719 1591 1854 1626 πανσέλη-

1065 1642 1110 1660 νον
1123 1634 1214 1666 αὐτοῖς
1228 1634 1277 1669 τὴν
1290 1635 1411 1670 περίοδον
1425 1635 1471 1662 τοῦ
1488 1636 1590 1669 πάθους
1606 1637 1652 1663 καὶ
1667 1636 1716 1671 τὴν
1731 1637 1854 1672 ἀνάμνη-

1067 1687 1119 1711 σιν,
1134 1679 1197 1706 νέαν
1216 1680 1259 1706 ἀεὶ
1272 1681 1507 1716 παραφαινούσης,
1524 1681 1578 1708 ἐστ’
1596 1681 1629 1708 ἂν
1641 1683 1658 1717 ἡ
1674 1681 1747 1718 αὐγὴ
1762 1682 1854 1710 καὶτὸ

1067 1725 1124 1760 φῶς
1140 1726 1170 1752 τὸ
1189 1725 1290 1753 τέλειον
1302 1727 1430 1764 ἀνατείλῃ
1444 1727 1493 1762 τῆς
1513 1727 1633 1763 μεγάλης
1647 1727 1764 1764 ἡμέρας.

1033 1891 1085 1910 non
1110 1883 1165 1917 ipse
1177 1883 1287 1916 Christi,
1303 1883 1348 1910 sed
1361 1883 1480 1918 ﬁdelium
1494 1884 1520 1910 in
1533 1883 1652 1911 lauacro.

1104 1941 1166 1968 Ἐὰν
1189 1941 1216 1968 δέ
1240 1950 1281 1973 τις
1307 1941 1401 1976 (οὐδὲν
1423 1941 1477 1976 γὰρ
1502 1941 1618 1976 χαλεπὸν
1639 1940 1679 1966 ἔτι
1700 1940 1850 1976 διαρρήδην

1062 1987 1157 2020 εἰπεῖν)
1173 1988 1364 2022 ἀγανακτήσας
1383 1986 1474 2022 φράσῃ
1495 1986 1562 2022 πρὸς
1581 1986 1614 2013 τὰ
1633 1986 1777 2021 εἰρημένα,
1795 1986 1849 2013 Καὶ

1062 2033 1120 2065 πῶς
1145 2033 1208 2068 ὑμῖν
1232 2035 1248 2069 ἡ
1278 2033 1417 2069 ἐξήγησις,
1442 2030 1464 2059 ὦ
1490 2033 1630 2068 παρθένοι,
1655 2033 1759 2067 γίνεται
1781 2033 1850 2059 κατὰ

1062 2079 1123 2106 νοῦν
1139 2079 1188 2114 τῆς
1204 2079 1323 2115 Γραφῆς,
1338 2079 1419 2105 ὁπότε
1445 2080 1461 2114 ἡ
1483 2079 1532 2114 μὲν
1551 2079 1734 2113 Ἀποκάλυψις
1749 2079 1850 2115 ἄρσενα

1065 2127 1112 2162 τὴν
1135 2126 1296 2161 Ἐκκλησίαν
1313 2125 1458 2161 διορίζεται
1475 2127 1581 2161 γεννᾷν,
1597 2126 1674 2160 ὑμεῖς
1687 2125 1715 2151 δὲ
1730 2124 1783 2151 ἀπὸ
1796 2126 1849 2152 τῶν

1061 2171 1267 2206 ἀπολουομένων
1285 2171 1471 2206 παρειλήφατε
1492 2171 1541 2203 τὰς
1558 2171 1737 2207 τελεσφόρους
1752 2171 1849 2203 ὠδῖνας

1063 2218 1147 2252 αὐτῆς
1171 2217 1337 2252 πληροῦσθαι
1363 2217 1525 2252 λουομένας;
1556 2217 1684 2252 λέξομεν*
1718 2217 1799 2249 Ἀλλ’,
1826 2214 1847 2244 ὦ

1064 2263 1194 2297 φιλαίτιε,
1213 2262 1269 2288 ἀλλ’
1287 2262 1347 2289 οὑδέ
1363 2271 1403 2289 σοι
1427 2264 1556 2298 πάρεστιν
1571 2262 1702 2294 ἐπιδεῖξαι
1722 2263 1766 2290 τὸν
1785 2263 1847 2298 Χριδ

1064 2309 1124 2335 στὸν
1147 2309 1226 2335 αὐτὸν
1250 2307 1319 2335 εἶναι
1336 2308 1382 2335 τὸν
1403 2308 1580 2344 γεννώμενον.
1603 2309 1690 2335 Πάλαι
1717 2308 1771 2344 γὰρ
1796 2309 1847 2344 πρὸ

1060 2378 1170 2405 Christo
1195 2381 1370 2404 renasecntes
1389 2387 1395 2403 :
1414 2384 1495 2411 quam
1521 2376 1633 2411 proinde
1656 2376 1798 2404 ministros
1819 2382 1846 2404 cl

1061 2413 1239 2440 hierarehiam
1267 2412 1448 2446 perlicicntein
1477 2413 1616 2447 intelligat,
1641 2419 1689 2438 seu
1719 2412 1846 2439 sacerdo-

1059 2448 1140 2474 talem
1156 2449 1289 2479 Ol‘dlllcul,
1314 2448 1340 2473 in
1368 2447 1499 2481 apostolis
1516 2452 1633 2482 emptum
1656 2447 1738 2481 inque
1752 2454 1845 2474 eorum

1061 2483 1268 2510 successoribus
1299 2483 1324 2509 in
1347 2483 1424 2509 linem
1448 2490 1534 2517 usque
1559 2481 1652 2508 mundi
1672 2481 1844 2508 duraturum.

1061 2518 1144 2545 Lunae
1159 2519 1210 2545 ista
1232 2518 1389 2552 metaphora
1405 2521 1432 2544 et
1450 2522 1570 2552 etymum
1590 2517 1697 2551 longius
1714 2517 1844 2552 arcessita

1061 2554 1188 2580 videntur
1201 2561 1207 2579 :
1220 2551 1342 2587 planitira
1371 2561 1431 2587 qua:
1446 2551 1527 2580 habet
1552 2552 1707 2588 Dionysius,
1729 2551 1767 2588 De
1781 2552 1843 2579 eccl.

1061 2589 1170 2619 hieran,
1191 2596 1252 2623 cap.
1271 2589 1297 2619 5,
1317 2589 1427 2623 aliique,
1445 2595 1584 2623 exponens
1608 2587 1680 2622 quod
1699 2588 1736 2614 ita
1757 2587 1843 2622 bapti~

1061 2632 1137 2651 smus
1164 2624 1249 2650 lumen
1271 2629 1395 2656 vocatur,
1411 2624 1526 2658 ejusque
1542 2624 1610 2650 ritus
1630 2623 1802 2658 illuminatia,
1818 2627 1843 2649 ei

1060 2659 1107 2694 qui
1117 2659 1163 2686 illo
1180 2659 1360 2693 intinguntur,
1373 2657 1460 2686 recens
1471 2657 1626 2694 illuminati,
1639 2657 1732 2685 Graece
1748 2659 1843 2694 νεοφὼ

1058 2693 1153 2726 τιστοι,
1173 2694 1244 2729 quod
1265 2699 1306 2721 est
1323 2698 1523 2721 sacramentum
1548 2693 1609 2720 ﬁdei
1624 2693 1766 2729 primaque
1783 2693 1842 2720 illu-

1058 2728 1225 2760 minatio,’et
1240 2737 1293 2764 qua
1305 2729 1337 2756 ad
1350 2730 1468 2764 reliquas
1483 2729 1571 2755 idonei
1589 2729 1744 2761 retldimur;
1756 2728 1783 2754 in
1797 2735 1842 2754 cu-

1055 2765 1101 2800 jus
1122 2765 1207 2799 ipsius
1219 2765 1258 2792 rei
1284 2765 1436 2800 symbolum
1459 2772 1541 2799 super
1553 2764 1723 2800 baptizandis
1741 2764 1842 2800 lampas

1058 2801 1226 2831 accenditur,
1244 2799 1305 2827 sive
1318 2800 1398 2826 etiam
1422 2800 1551 2833 gestanda
1574 2799 1627 2824 illis
1645 2799 1772 2826 traditur.
1791 2799 1840 2826 Sed

1057 2836 1114 2864 haec
1127 2836 1238 2864 alterius
1250 2835 1298 2862 otii
1315 2839 1396 2871 atque
1412 2843 1510 2870 operat.
1529 2835 1673 2862 COI‘IBEFIS.
