1908 3078
207 97 255 124 151

685 98 715 127 S.
736 99 904 128 METHODll
925 98 1079 127 EPISCOPI
1100 98 1144 125 ET
1164 97 1343 125 MARTYRIS

1782 99 1839 127 153

206 162 261 184 tute
286 157 454 184 corroborari
480 166 525 192 per
539 157 669 193 Spiritum
695 160 778 194 ipsius
799 161 825 186 in
840 161 977 187 interioren

1041 158 1143 190 αὑτοῦ,
1158 157 1281 192 δυνάμει
1296 156 1511 192 κραταιωθῆναι
1525 157 1574 184 διὰ
1591 157 1644 184 τοῦ
1656 158 1832 192 Uncti/caro;

205 203 349 235 hominem;
374 203 494 231 habitare
510 203 644 232 Christum
664 213 709 239 per
726 206 803 240 [idem
820 207 846 232 in
868 206 989 233 cordibus

205 250 307 277 uestris.
322 250 425 276 Etenim
445 257 558 279 necesse
571 256 630 283 est,
656 252 682 279 in
696 257 916 287 regeneratorum
930 253 989 279 ani-

205 297 267 328 mis,
285 296 365 322 veluti
380 296 463 331 sigilli
482 297 545 329 ritu,
557 297 675 325 Verbum
693 298 815 326 veritatis
835 299 948 334 exprimi
963 302 990 326 et

202 340 348 369 eli'ormari.

1042 203 1135 230 αὑτοῦ
1158 205 1201 236 εις
1227 204 1280 230 τὸν
1305 203 1366 230 ἔσω
1387 203 1554 236 ἄνθρωπον,
1571 202 1750 237 κατοικῆσαι
1776 204 1835 230 τὸν

1041 249 1170 284 Χριστὸν
1181 250 1229 276 διὰ
1249 249 1304 284 τῆς
1318 249 1447 283 πίστεως
1461 249 1495 275 ὲν
1506 249 1569 282 ταῖς
1584 250 1718 283 καρδίαις
1731 248 1831 284 ὑμῶν.

1044 297 1092 328 Εἰς
1123 295 1177 332 γὰρ
1210 294 1259 327 τὰς
1292 295 1520 329 ἁναγεννωμένων
1556 294 1643 329 ψυχὰς
1677 295 1833 329 ἀναγκαϊον

1044 341 1274 377 ἐξομοργνύμενον
1297 339 1478 367 ἐκτυποῦσθαι
1505 339 1552 367 τὸν
1576 339 1662 374 Λόγον
1680 339 1732 375 τῆς
1758 340 1833 376 ἁλη-

1043 387 1128 418 θείας.

380 444 446 472 ΕΑΓ,
463 444 507 472 IX.
525 444 613 472 Filius
632 445 691 478 Dei,
703 446 748 480 qui
760 446 814 479 ipse
825 453 924 479 semper
938 449 984 477 stt,
997 444 1073 472 hodie
1088 444 1205 480 gignitur
1215 445 1241 470 in
1258 443 1355 470 animi:
1372 450 1498 476 sensuque
1517 441 1645 476 ﬁdelium.

239 505 350 533 Videtur
365 510 453 533 autem
471 507 513 535 vel
528 508 644 535 maxime
657 515 806 544 congruere
829 515 891 534 cum
909 507 989 535 dictis

201 554 280 588 eique
297 554 374 581 alline
397 562 468 587 esse,
486 554 559 589 quod
583 563 614 582 ex
632 562 746 589 persona
774 554 864 591 Patris
878 553 988 582 Christo

201 601 319 627 venienti
336 601 369 627 ad
382 600 528 628 Iordanem
545 605 575 628 ut
601 609 671 636 aqua
698 601 872 632 lustraretur.
886 609 901 628 e
917 601 987 628 caelo

200 646 340 672 oraculum
357 646 486 677 defertur,
503 645 591 674 Filius
616 655 687 673 meus
710 655 737 673 es
765 651 792 673 tu
808 655 817 673 :
844 646 899 681 Ego
913 646 988 673 hodie

199 691 275 725 genui
289 697 312 717 te
328 691 361 717 ⁸⁸.
378 690 583 719 Observandum
612 692 683 719 enim
698 696 750 724 est,
766 691 861 718 Filium
878 692 986 726 quidem

200 743 279 763 suum
293 743 354 763 esse
370 736 508 763 indeﬁnite
521 735 722 771 pronuntiasse,
736 739 763 763 et
776 736 834 762 sine
852 735 905 762 ulla
923 740 988 762 tem-

199 782 274 818 poris
298 783 523 811 determinatione
543 792 549 809 :
574 792 601 810 es
631 782 713 814 enim,
738 782 786 813 ait,
813 789 867 808 non
896 784 986 808 autem

1074 507 1166 533 Ἐοικε
1180 505 1208 531 δὲ
1220 506 1276 536 τοῖς
1288 503 1442 540 εἰρημένοις
1458 504 1505 530 καὶ
1519 503 1599 530 τοῦτο
1613 503 1728 539 μάλιστα
1741 513 1834 540 προσ-

1038 551 1154 578 εοικέναι
1170 551 1216 578 καὶ
1238 551 1402 586 συμφωνεῖν,
1414 550 1444 576 τὸ
1461 549 1705 585 χρησμῳδούμενον
1720 549 1831 577 ἄνωθεν

1037 597 1067 630 ἐξ
1081 596 1164 624 αὑτοῦ
1179 597 1225 623 τοῦ
1249 596 1356 632 Πατρδς
1381 595 1420 631 τῷ
1437 595 1547 632 Χριστῷ
1563 595 1609 621 ἐπὶ
1623 595 1668 623 τὸν
1692 596 1830 631 ἁγνισμὸν

1037 644 1130 678 ἥκοντι
1146 643 1192 670 τοῦ
1218 641 1386 677 68110:;(20)
1409 642 1438 668 ὲν
1458 641 1497 676 τῷ
1522 641 1655 677 Ἰορδάνῃ·
1678 643 1745 675 Υἱός
1763 651 1831 676 μου

1036 687 1065 716 εἴ
1080 688 1136 715 σὺ·
1154 687 1212 723 ἐγὼ
1230 687 1363 722 σήμερον
1379 686 1544 721 γεγέννηκὰ
1557 694 1603 713 σε.
1613 687 1831 723 Παρατηρητέον

1035 735 1100 770 γὰρ,
1113 735 1152 761 ὅτι
1164 735 1194 761 τὸ
1211 735 1259 770 μὲν
1274 734 1338 760 Υίδν
1352 733 1433 761 αὑτοῦ
1445 731 1514 759 εἷναι
1526 732 1658 768 ἀορίστως
1667 734 1831 768 ἀπεφήνατο

1035 782 1082 808 καὶ
1098 781 1234 816 ἀχρόνως-
1249 781 1285 807 El
1308 780 1363 816 γὰρ
1390 779 1464 815 αὐτῷ
1486 779 1549 814 ἔφη,
1570 779 1617 806 καὶ
1635 779 1670 813 ςοὺ
1688 779 1827 814 Γέγοναςο

199 828 286 861 fuisti,
305 834 351 856 aut
366 829 452 857 factus
464 838 508 863 es;
538 829 710 864 signiﬁcans,
738 835 787 854 nec
810 834 871 854 cum
889 834 977 854 recens

1037 827 1176 863 ἐμφαίνων
1209 827 1277 862 μήτε
1306 826 1461 862 πρόσφατον
1490 825 1571 853 αὑτὸν
1599 826 1739 861 τετυχέναι
1773 827 1829 862 τῆς

198 879 280 908 esset,
305 875 333 902 in
359 874 528 910 adoptionem
554 882 616 901 eum
641 872 701 900 Filii
730 872 840 900 venisse
865 881 872 899 :
899 879 987 906 neque

198 929 296 950 rursus
313 929 373 948 cum
389 924 452 948 ante
462 920 623 951 exstitisset,
641 919 814 955 postmodum
834 918 915 945 ﬁnem
939 925 985 944 ac-

197 969 303 1004 cepisse
319 977 326 995 :
342 968 388 995 sed
403 968 449 1003 qui
472 971 534 994 ante
549 967 657 1002 genitus
673 967 716 996 sit.
745 966 871 993 eumdem
884 969 912 992 et
930 964 987 992 fore

196 1019 223 1042 et
236 1023 305 1042 esse.
320 1013 396 1046 Quod
408 1021 471 1040 vero
484 1013 569 1046 addit,
585 1012 639 1048 Ego
650 1012 726 1040 hodie
735 1013 812 1048 genui
823 1017 855 1044 te,
867 1012 918 1039 hoc
933 1011 985 1038 sibi

197 1060 253 1086 vult
267 1070 273 1088 :
290 1059 341 1092 Qui
357 1063 419 1086 ante
436 1059 536 1087 saecula
566 1058 675 1093 illisque
703 1057 842 1092 antiquior
863 1056 890 1083 in
907 1055 985 1083 caelis

195 1115 266 1138 eras,
284 1108 356 1135 volui
373 1112 400 1135 et
425 1106 527 1133 mundo
550 1105 746 1141 gignerezhoc
770 1107 822 1136 est,
851 1104 897 1138 qui
922 1106 984 1130 ante

195 1154 304 1188 ignotus
324 1161 403 1185 eras,
430 1153 457 1179 in
477 1152 617 1180 hominum
639 1151 823 1186 cognitionem
849 1149 983 1177 adducere

195 1204 276 1235 teque
290 1200 342 1227 illis
356 1199 542 1226 manifestare.
564 1198 686 1234 Denique
713 1197 813 1232 quibus
828 1196 984 1223 hominibus

195 1247 309 1274 necdum
333 1253 432 1273 sensus
456 1245 547 1272 illatus
569 1249 611 1272 est
638 1242 814 1271 multiformis
844 1241 982 1277 sapientiae

195 1292 253 1321 Dei.
269 1292 302 1320 iis
317 1292 433 1319 necdum
446 1291 572 1318 Christus
588 1294 668 1317 natus
681 1292 733 1321 est,
742 1288 863 1316 nondum
878 1288 982 1316 scilicet

193 1340 320 1375 cognitus
334 1343 386 1369 est,
404 1339 522 1365 nondum
541 1337 743 1369 manifestatus,
759 1335 880 1363 nondum
899 1343 982 1370 appa-

194 1385 260 1412 ruit.
275 1384 301 1411 Si
322 1393 386 1411 veru
401 1384 536 1411 senserint
552 1387 579 1411 et
606 1384 657 1418 ipsi
686 1383 845 1418 mysterium
868 1382 979 1417 gratias,

193 1436 260 1458 tunc
274 1436 300 1458 et
315 1431 377 1461 illis.
388 1439 449 1457 cum
466 1428 697 1457 fuerintcouversi
707 1428 841 1462 fidemque
856 1435 980 1463 suscepe-

193 1479 259 1509 rint,
283 1485 335 1512 qua
352 1476 465 1504 scientia
477 1483 509 1503 ac
530 1475 707 1510 intelligentia
721 1473 869 1504 donantur,
885 1473 977 1501 nasci-

194 1529 248 1550 tur.
264 1523 352 1556 Quare
368 1523 431 1549 hinc
446 1521 638 1549 convenienter
653 1519 785 1552 Ecclesia,
807 1519 836 1546 iu
853 1518 908 1546 illis
930 1518 977 1553 qui

193 1571 344 1597 lustrantur
359 1569 414 1604 (qui
426 1569 523 1596 scilicet
543 1568 672 1602 baptismo
698 1566 844 1601 tinguntur)
855 1564 975 1595 Verbum

191 1617 342 1644 umsculum
358 1623 464 1650 semper
486 1615 605 1642 formare
619 1622 651 1642 ac
665 1614 776 1649 gignere
801 1613 913 1640 dicitur.
943 1611 976 1638 Et

191 1663 299 1698 quidem
317 1663 448 1690 hactenus
464 1662 497 1689 (Ie
524 1662 598 1690 illius
618 1665 697 1697 partu
717 1669 767 1696 pro
784 1660 915 1688 facultate
935 1658 977 1686 di-

191 1714 264 1736 ctum
277 1709 323 1737 sit.
349 1709 480 1744 Deinceps
503 1709 536 1736 de
552 1709 681 1741 dracone,
697 1707 785 1743 deque
800 1707 863 1735 aliis
885 1707 914 1734 in
930 1707 977 1734 illa

193 1753 333 1788 Scriptura
359 1755 525 1787 memoratis,
551 1754 617 1782 fides
643 1753 783 1781 liberanda
814 1757 866 1781 est.
887 1752 976 1786 Quare

192 1800 290 1827 iterum
315 1807 444 1827 conemur
471 1807 525 1832 ea,
553 1809 570 1828 o
597 1801 735 1835 virgines,
769 1801 866 1836 quovis
895 1799 975 1827 modo

190 1852 335 1879 exponere,
352 1844 419 1871 nihil
435 1845 608 1880 aenigmatum
624 1836 810 1880 magnitudine
820 1849 867 1872 aut
877 1844 975 1872 obscu-

1038 873 1182 906 υἱοθεσίας,
1198 873 1266 909 μήτε
1279 870 1312 899 αὖ
1329 871 1550 908 προῦπάρξαντα,
1567 871 1634 907 μετὰ
1650 871 1735 899 ταῦτα
1747 872 1829 904 τέλος

1036 918 1196 954 ἐσχηκέναι·
1225 918 1294 945 ἀλλὰ
1320 917 1554 954 προγεννηθέντα,
1580 917 1627 944 καὶ
1643 917 1752 944 ἔσεσθαι
1776 919 1829 944 καὶ

1035 963 1104 992 εἶναι
1119 965 1165 991 τὸν
1181 965 1272 992 αὐτόν.
1289 965 1326 992 Τὸ
1349 964 1387 996 δὲ,
1408 964 1481 999 Ἐγὼ
1501 964 1636 999 σήμερον
1658 964 1829 999 γεγέννηκά

1035 1018 1081 1042 σε,
1098 1011 1138 1037 ὅτι
1154 1010 1276 1046 Προόντα
1293 1010 1341 1046 ἤδη
1356 1009 1409 1046 πρὸ
1424 1009 1478 1036 τῶν
1494 1009 1600 1037 αἰώνων
1618 1011 1648 1036 ὲν
1665 1011 1720 1042 τοῖς
1739 1011 1827 1046 οὐρα-

1034 1057 1099 1089 νοῖς,
1116 1056 1265 1091 ἐϐουλήθην
1281 1056 1328 1083 καὶ
1347 1055 1385 1090 τῷ
1403 1056 1497 1091 κόσμῳ
1514 1055 1655 1091 γεννῆσαι·
1670 1056 1684 1082 ὃ
1699 1056 1731 1092 δή
1750 1057 1824 1089 ἐστι,

1035 1101 1151 1138 πρόσθεν
1162 1102 1341 1137 ἀγνοούμενον
1354 1101 1496 1137 γνωρίσαι.
1515 1102 1623 1137 Ἀμέλει
1635 1103 1690 1133 τοῖς
1708 1101 1825 1136 μηδέπω

1033 1149 1087 1176 τῶν
1104 1148 1254 1183 ἀνθρώπων
1272 1147 1484 1184 συνῃσθημένοις
1498 1148 1547 1184 τὴν
1565 1147 1756 1174 πολυποίκιλον
1776 1156 1825 1174 σο-

1034 1196 1097 1229 φίαν
1118 1194 1166 1221 τοῦ
1180 1194 1248 1221 Θεοῦ
1261 1196 1275 1221 ὁ
1294 1195 1409 1229 Χριστὸς
1429 1194 1536 1220 οὐδέπω
1550 1194 1727 1229 γεγέννηται·
1751 1194 1824 1230 ὅπερ

1033 1241 1123 1273 ἐστὶν,
1138 1240 1243 1267 οὐδέπω
1262 1239 1402 1275 ἐγνώσθη,
1419 1239 1524 1266 οὐδέπω
1542 1239 1751 1275 πεφανέρωται,
1772 1239 1823 1265 οὺ-

1032 1287 1105 1314 δέπω
1121 1287 1218 1322 ἐφάνη.
1234 1287 1264 1313 Εἰ
1281 1286 1308 1313 δὲ
1327 1285 1462 1313 αἴσθοιντο
1482 1286 1530 1312 καὶ
1550 1283 1622 1312 οὗτοι
1644 1286 1693 1321 τῆς
1709 1285 1824 1321 χάριτος

1031 1333 1061 1359 τὸ
1080 1334 1246 1369 μυστήριον,
1262 1333 1322 1359 τότε
1348 1331 1379 1367 δὴ
1400 1332 1447 1358 καὶ
1470 1332 1574 1363 αὐτοῖς,
1589 1331 1669 1358 ὁπότε
1691 1331 1823 1366 ἐπέστρε-

1030 1379 1084 1414 ψαν
1100 1380 1146 1406 καὶ
1163 1379 1335 1410 ἐπίστευσαν,
1353 1378 1422 1404 κατὰ
1439 1377 1488 1413 τὴν
1505 1377 1605 1412 γνῶσιν
1621 1377 1668 1404 καὶ
1684 1377 1732 1412 τὴν
1756 1377 1823 1403 σύν-

1031 1434 1087 1452 εσιν
1099 1426 1234 1460 γεννᾶται.
1248 1424 1293 1451 Διὸ
1313 1423 1504 1460 προσηκόντως
1522 1422 1645 1450 ἐντεῦθεν
1663 1424 1679 1458 ὴ
1701 1423 1819 1458 Ἐκκλη-

1031 1472 1077 1499 σία
1088 1472 1133 1498 τὸν
1144 1471 1245 1507 ἄρσενα
1259 1471 1343 1506 Λόγον
1361 1472 1389 1497 ἐν
1411 1471 1467 1501 τοῖς
1485 1469 1672 1505 ἁγνιζομένοις
1685 1470 1729 1496 ἀεὶ
1750 1479 1821 1506 μορ-

1031 1518 1097 1553 φοῦν
1117 1518 1224 1553 λέγεται
1247 1518 1294 1545 καὶ
1317 1517 1423 1552 γεννᾷν.
1441 1517 1495 1543 Καὶ
1514 1516 1549 1542 τὰ
1564 1516 1614 1552 μὲν
1633 1516 1665 1551 δὴ
1682 1517 1746 1553 περ).
1762 1517 1821 1543 τῶν

1030 1565 1131 1592 ὠδίνων
1153 1565 1235 1600 αὐτῆς
1259 1565 1298 1596 εὶς
1312 1564 1425 1600 δύναμιν
1441 1563 1562 1600 εἴρηται·
1584 1563 1619 1590 τὰ
1638 1564 1666 1590 δὲ
1682 1564 1746 1599 περὶ
1768 1563 1819 1590 τοῦ

1029 1611 1174 1646 δράκοντος
1191 1609 1238 1636 καὶ
1253 1609 1308 1635 τῶν
1318 1609 1405 1636 ἄλλων
1420 1609 1483 1644 τῇδε
1501 1607 1692 1644 μεταϐλητέον.
1712 1608 1821 1636 Οὐκοῦν

1031 1656 1190 1693 πειρώμεθα
1203 1655 1283 1682 πάλιν
1299 1655 1385 1686 ἄλλως
1401 1655 1433 1689 γέ
1447 1663 1505 1686 πως
1516 1654 1623 1691 δηλοῦν,
1634 1652 1656 1682 ὦ
1675 1655 1818 1691 παρθένοι,

1031 1703 1114 1739 μηδὲν
1134 1702 1325 1730 ἀποδειλιῶσαι
1341 1702 1408 1736 πρὸς
1426 1701 1456 1728 τὸ
1482 1701 1596 1736 μέγεθος
1614 1702 1668 1728 τῶν
1688 1703 1819 1737 αἰνιγμά-

1028 1758 1084 1776 των
1099 1749 1150 1784 τῆς
1173 1749 1193 1775 Γ
1195 1749 1301 1784 ραφῆς·
1319 1749 1343 1774 εί
1359 1748 1387 1774 δέ
1413 1756 1441 1774 τι
1460 1747 1588 1775 δύσκολον
1609 1749 1740 1784 ἐμπίπτει
1759 1751 1819 1781 τοῖς

1028 1797 1137 1831 λόγοις,
1166 1795 1221 1830 ἑγὼ
1247 1795 1328 1822 πάλιν
1352 1795 1424 1830 ὑμᾶς
1455 1794 1548 1831 ὥσπερ
1578 1795 1700 1831 ποταμὸν
1729 1795 1818 1823 διαει-

1030 1843 1115 1870 ﬁdem.

191 1892 271 1918 ritate
297 1891 442 1919 deterritaz.
469 1891 547 1925 Quod
574 1892 597 1920 si
620 1892 686 1927 quid
712 1893 870 1928 perplexum
893 1895 940 1919 aut
964 1890 1076 1918 dilticilc
1105 1889 1253 1921 inciderit,
1280 1896 1331 1924 ego
1353 1896 1463 1918 rursum
1490 1889 1567 1918 vobis
1594 1890 1673 1925 quasi
1697 1892 1816 1924 pontem

190 1942 321 1971 sternam,
349 1943 396 1966 aut
419 1940 558 1974 portitoris
582 1940 660 1975 quasi
687 1940 776 1968 ollieio
792 1945 868 1968 trans
883 1947 990 1967 amnem
1005 1938 1115 1966 veham.

190 1998 254 2025 Car.
275 1997 307 2025 Χ.
325 1998 423 2030 Draco,
437 1998 569 2026 diabolus.
584 1998 684 2032 Stellw,
701 1998 825 2026 draconis
840 1998 926 2025 cauda
937 1997 1001 2025 aeto
1021 2004 1150 2026 excussis,
1166 1996 1292 2024 hteretici.
1311 1995 1450 2023 Trinitatis
1465 1996 1578 2027 numeri,
1591 1994 1619 2022 id
1636 2000 1674 2022 est
1692 2002 1813 2029 persona:

772 2038 916 2061 numerata:
927 2042 936 2061 ξ
951 2034 1023 2060 circa
1036 2041 1093 2065 εαδ,
1108 2040 1218 2059 errores.

225 2091 313 2119 Draco
330 2093 385 2126 ille,
404 2101 529 2129 magnus,
544 2094 632 2126 rufus.
650 2098 787 2126 versutus,
811 2093 971 2125 multiﬁdus,

189 2139 334 2174 septiccps,
348 2140 485 2176 corniger,
501 2141 609 2168 tertiam
625 2141 736 2169 trahens
755 2141 895 2168 stellarum
912 2147 975 2175 par-

190 2192 255 2219 tem,
271 2187 299 2216 in
310 2186 418 2214 insidiis
432 2186 542 2214 latitans
561 2191 591 2214 ut
606 2187 727 2215 mulierls
742 2187 918 2222 parturientis
940 2185 971 2213 ﬁ-

223 2263 247 2280 “
264 2262 340 2290 Paul.
355 2271 385 2296 ll,
399 2263 445 2292 l7:

1065 2092 1095 2118 '0
1110 2091 1228 2126 δράκων,
1249 2092 1264 2117 ὁ
1284 2091 1387 2127 μέγας,
1403 2091 1417 2116 ό
1437 2090 1553 2126 πυρῤδς,
1571 2090 1585 2115 ὁ
1602 2088 1780 2124 πολύτροπος,
1796 2089 1812 2115 ὁ

1025 2137 1199 2172 πολυσχιδὴς,
1218 2137 1233 2162 ὁ
1250 2137 1447 2171 ὲπτακέφαλος,
1461 2138 1475 2162 ὁ
1496 2135 1673 2171 κερασφόρος,
1691 2135 1706 2161 ὁ
1720 2135 1811 2170 σύρων

1024 2185 1056 2212 τὸ
1071 2185 1160 2221 τρίτον
1173 2183 1227 2211 τῶν
1247 2183 1381 2219 ἀστέρων,
1400 2183 1429 2214 ὃς
1443 2183 1515 2209 ἐστιν
1532 2181 1692 2217 ἐφεδρεύων,
1717 2182 1759 2208 ἵνα
1777 2181 1810 2208 τὸ

225 2341 279 2376 (20)
288 2341 350 2368 Ἐπὶ
361 2341 414 2381 τὸγ
422 2340 571 2381 (irriguo?
579 2341 628 2381 τοῦ
640 2341 849 2381 ῦὸατοςεΝοιιιιι
861 2341 971 2381 σφάλμα

1030 2345 1096 2381 utut.
1126 2340 1218 2381 leam.“
1236 2349 1277 2372 ιιι,
1303 2341 1397 2381 ἐὰνμή
1421 2348 1462 2372 τις
1480 2339 1596 2381 γεννηθῇ
1620 2339 1739 2381 ᾇνωΟεγς
1760 2340 1806 2381 allii

189 2377 241 2412 hoc
259 2377 424 2412 μνημονικόν
438 2376 573 2404 Methodio
592 2377 667 2410 dare,
685 2377 763 2411 quasi
777 2377 859 2412 verba
871 2377 938 2411 psal.
952 2385 969 2402 ιι

189 2411 247 2446 ipsa
266 2413 421 2446 evangelica
449 2411 663 2446 putaveritzsed
689 2411 779 2438 malim
805 2411 855 2438 sibi
883 2411 972 2438 indul-

189 2448 270 2479 sisse,
283 2451 312 2474 ut
341 2448 500 2482 prophetica
518 2447 612 2479 verba,
627 2447 661 2474 de
672 2447 782 2474 Christo
796 2447 836 2474 sic
847 2447 926 2480 quasi
938 2454 968 2473 ex

189 2489 258 2518 aqua
275 2487 414 2513 nascente.
431 2487 589 2518 exponeret,
604 2482 740 2518 quomodo
755 2482 835 2509 etiam
850 2482 970 2510 Ecclesia

189 2517 215 2543 in
231 2517 290 2551 ejus
317 2518 400 2544 natali
423 2526 453 2545 ea
470 2521 592 2551 usurpat,
615 2518 687 2544 velut
709 2517 743 2544 de
762 2525 795 2544 eo
813 2518 884 2545 dicta
905 2518 969 2549 sint,

187 2557 371 2586 aeternamque
382 2553 441 2587 ejus
449 2553 615 2580 nativitatem
626 2557 653 2580 et
662 2553 848 2587 temporalem,
860 2557 971 2587 paterno

187 2588 384 2623 quasioracnlo
400 2593 506 2615 sonent.
526 2588 572 2620 Τὺ,
588 2588 689 2614 ἄνωθεν
713 2588 966 2623 χρησμῳδούμενον,

187 2623 259 2659 quod
276 2622 364 2659 reddit
381 2623 532 2656 Possinius,
550 2623 687 2651 oraculum
704 2622 850 2658 antiquum,
871 2622 965 2659 parum

187 2658 254 2684 mihi
283 2658 499 2686 ecclesiasticum
527 2659 633 2687 videtur
662 2664 688 2685 et
706 2658 878 2693 appositum.’
899 2658 966 2685 Nam

187 2693 258 2726 quod
273 2693 374 2720 ἄνωθεν
388 2694 456 2721 dixit
470 2694 629 2723 Methodius.
642 2694 668 2721 id
679 2693 772 2721 Matth.
785 2694 932 2727 tn,etl\lar.
947 2701 966 2724 I.

226 2728 357 2768 οὐρανῶν,
376 2729 448 2768 _Luc.
477 2737 519 2768 tu,
535 2731 564 2764 ἐξ
582 2729 707 2768 οὐρανοῦ,
721 2738 734 2756 e
748 2730 829 2762 cwlis,
847 2729 878 2756 de
891 2730 965 2760 calo,

187 2764 324 2794 dixerunt,
338 2764 452 2799 indeque
474 2764 623 2800 delapsam'
642 2765 750 2792 Christo
765 2769 904 2799 paternam
918 2772 968 2792 vo-

187 2806 244 2838 cent
257 2804 308 2838 λιιι
323 2800 360 2838 sit
380 2801 535 2838 adverbium
555 2801 615 2831 loci,
637 2807 691 2827 non
702 2800 843 2838 temporis.
861 2807 891 2826 ac
907 2800 969 2826 ἀντὶ

182 2835 406 2871 eameam-160w,
421 2841 448 2863 ut
470 2837 513 2864 hic
535 2837 660 2869 sumitur,
673 2836 745 2871 quod
760 2840 783 2863 et
797 2836 842 2863 alii
857 2840 967 2863 notave-

1022 2377 1116 2406 denuo.
1128 2376 1183 2407 alii,
1206 2375 1274 2403 forte
1297 2374 1405 2407 melius,
1423 2385 1436 2403 e
1463 2374 1595 2410 supernis,
1616 2376 1672 2402 sive
1694 2374 1725 2400 de
1741 2375 1806 2402 cwlo

1022 2412 1149 2446 (superna
1165 2411 1269 2438 scilicet
1285 2415 1312 2438 et
1325 2419 1357 2438 ex
1370 2411 1462 2438 divino
1473 2411 1576 2438 semine
1590 2409 1740 2444 nativitatc)
1757 2418 1806 2436 ex-

1022 2451 1171 2481 posuerunt
1190 2447 1255 2474 :ubi
1283 2451 1371 2474 tamen
1403 2447 1472 2473 ratio
1496 2446 1585 2481 aliqua
1603 2446 1701 2481 estnsic
1718 2453 1803 2480 expo-

1021 2480 1113 2513 nendi,
1130 2482 1158 2509 id
1185 2487 1226 2509 est
1249 2482 1344 2512 denuo,
1369 2482 1442 2516 quod
1466 2482 1502 2509 ita
1532 2480 1625 2508 crasse
1641 2480 1805 2508 Nicodemus

1022 2517 1160 2544 Dominica
1187 2517 1269 2544 verba
1300 2517 1471 2548 intellexerit,
1496 2523 1528 2543 ac
1548 2516 1626 2550 quasi
1648 2523 1744 2542 novam
1770 2523 1803 2543 ex

1022 2558 1099 2580 utero
1114 2553 1188 2580 senis
1215 2553 1333 2580 hominis
1355 2552 1522 2580 nativitatem
1548 2551 1660 2582 diceret,
1677 2559 1732 2578 non
1745 2558 1805 2585 quae

1021 2596 1052 2615 ex
1070 2588 1124 2616 Deo
1144 2592 1216 2616 esset
1241 2596 1273 2614 ac
1297 2588 1442 2622 spiritalis;
1461 2586 1533 2622 quod
1549 2587 1588 2613 sic
1607 2585 1735 2613 adverbio
1750 2588 1803 2617 loci

1022 2631 1070 2658 pro
1079 2627 1173 2650 nostra
1191 2621 1570 2658 ruditate;prreeuute’divino
1587 2622 1707 2658 oraculo,
1722 2623 1804 2657 expli-

1020 2656 1083 2686 care
1097 2659 1229 2694 cogimur.
1244 2658 1299 2685 Nec
1313 2656 1432 2685 Icarines
1442 2656 1515 2684 aliud
1529 2657 1642 2694 voluerit
1656 2656 1802 2694 Dominum

1020 2695 1122 2722 dixisse
1132 2690 1197 2722 'eam
1220 2693 1388 2721 nativitatem
1403 2700 1483 2727 quam
1497 2690 1569 2726 quod
1585 2692 1643 2726 ipse
1657 2700 1715 2719 eam
1734 2693 1802 2720 dixit

1020 2737 1080 2764 cap.
1093 2738 1111 2763 ι,
1129 2730 1161 2756 ὲκ
1172 2729 1217 2755 τοῦ
1230 2728 1307 2758 Θεοῦ,
1320 2735 1352 2764 ex
1366 2728 1439 2758 Deo;
1456 2734 1516 2762 qua:
1532 2727 1591 2764 ipsa
1606 2727 1724 2764 secunda
1741 2729 1801 2763 qui~

1021 2762 1082 2792 dein
1097 2762 1138 2792 est
1148 2769 1174 2791 et
1188 2772 1271 2796 nova;
1286 2763 1333 2791 sed
1350 2770 1382 2789 ea
1400 2770 1476 2793 voce,
1494 2770 1548 2789 non
1564 2762 1590 2789 id
1604 2762 1691 2797 primo
1706 2763 1794 2797 impor

1023 2805 1081 2826 tare
1094 2799 1209 2830 videtur,
1222 2798 1294 2832 quod
1307 2797 1424 2825 secunda
1437 2801 1463 2823 et
1475 2804 1541 2824 nova
1554 2802 1606 2830 est,
1619 2798 1666 2824 sed
1677 2800 1748 2832 quod
1762 2804 1787 2824 Ia

1024 2836 1056 2862 hs
1068 2835 1180 2870 originis
1194 2836 1236 2869 (ex
1248 2833 1302 2861 Deo
1315 2833 1419 2861 scilicet
1432 2837 1457 2860 ct
1468 2841 1482 2860 c
1494 2833 1581 2869 coelis)
1593 2837 1643 2861 cst.
1655 2833 1790 2862 Consum
