1908 3078
67 94 123 122 155

615 100 807 129 CONV‘IVIUM
828 100 941 128 DECEM
961 100 1140 129 VIBGINUM.

1656 103 1708 131 154

67 153 164 180 τέκνον
181 153 232 189 τῆς
248 154 404 191 ὠδίνούσης
417 158 544 191 γυναικὸς
557 159 713 196 καταφάγῃ,
728 161 743 186 ὁ
754 159 855 187 autem

925 159 989 186 lium
1004 159 1124 191 devoret,
1139 158 1265 186 diabolus
1285 157 1331 185 hic
1357 162 1409 190 est,
1434 158 1462 186 in
1487 159 1538 186 hoc
1555 159 1662 187 locatus
1678 169 1710 189 ac

71 198 149 232 οὗτός
170 201 246 227 ἔστιν
267 203 284 228 ό
305 202 466 238 ἐνεδρεύων,
483 205 497 231 ό
515 204 601 240 λοχῶν
621 205 791 241 λυμήνασθαι
815 205 869 232 τῶν

72 246 266 282 φιιηισθὲντων
288 247 336 274 τὸν
353 249 550 284 χριστόληπτον
566 250 637 283 νοῦν,
656 251 703 278 καὶ.
721 251 770 287 τὴν
787 251 868 278 ὲκτύ-

71 299 160 320 πτῶσιν
175 293 222 319 κα)⁵
240 294 381 328 τρὰνωσιν
397 295 446 331 τὴν
460 297 490 322 ὲν
509 297 600 328 αὐτοῖς
614 296 808 332 ἀποτεχθεῖσαν
821 297 868 324 τοῦ

71 339 161 373 Λόγου
173 346 179 354 ·
195 339 255 365 ἀλλ’
270 340 383 376 ἀστοχεῖ
396 342 443 368 καὶ
464 342 612 377 σφάλλεται
633 344 683 378 τῆς
696 343 795 379 ἄγρας,
812 343 868 370 ἄνω

70 384 141 420 πρὸς
168 384 237 419 ὕψος
258 385 460 422 ἁρπαζομένων
474 388 528 415 τῶν
548 389 775 424 ἅναγεννωμένων
801 391 868 425 πρὸς

68 432 117 457 τὸν
136 431 235 467 θρόνον
260 432 309 459 τοῦ
331 433 409 460 Θεοῦ.
433 435 466 460 Ὃ
488 433 519 469 δή
536 435 624 467 ἐστιν,
651 435 708 461 ἄνω
731 435 793 471 περὶ
818 435 868 471 τὴν

68 476 149 503 Θείαν
174 477 273 513 ἕδραν,
293 479 342 505 καὶ
358 479 408 515 τὴν
430 480 639 508 ἀσκανδάλιστον
662 481 794 508 ὑπόϐασιν
818 482 867 517 τῆς

67 523 217 558 ἀληθείας,
229 525 339 560 αἴρεται
354 526 385 552 τὸ
398 526 524 562 φρόνημα
539 528 592 554 τῶν
610 528 865 560 ἀνακαινισθὲντων,

67 567 103 594 τὰ
116 568 178 594 ἐκεῖ
196 568 308 603 βλέπειν
325 572 374 597 καὶ
392 571 425 598 τὰ
441 573 498 598 ἐκεῖ
521 572 704 606 φαντάζεσθαι
728 574 865 608 παιδαγω-

68 615 229 649 γουμὲνων,
245 616 344 659 ἴναδμὴ
354 618 480 654 ἀπατηθῇ
492 619 559 654 πρὸς
576 619 623 645 τοῦ
643 620 788 655 δράκοντος
808 620 865 656 βρί-

69 662 165 694 θοντος
181 663 270 691 κάτω.
288 664 325 690 Οὐ
340 664 394 700 γὰρ
409 665 482 700 αὐτῷ
496 665 575 701 θέμις
590 667 653 698 τοὺς
668 666 724 693 ἄνω
739 667 865 700 νεύοντας

69 709 118 734 καὶ
133 709 290 743 βλέποντας
302 711 440 745 ἀφανίσαι.
455 713 486 739 υἱ
501 712 530 739 δὲ
543 713 655 749 ἀστέρες
670 713 750 745 εἰσὶν,
765 713 812 745 οὓς
826 715 865 750 τῷ

68 755 118 789 τῆς
134 755 225 791 οὐρᾶς
235 756 315 792 ἄκρῳ
331 757 400 785 κατὰ
420 758 541 794 κορυφῆς
556 759 742 794 ἐφαπτόμενος
763 761 803 791 εἰς
816 760 865 796 τὴν

67 803 120 836 γῆν
139 804 284 838 κατασπᾷ,
301 804 355 830 τῶν
368 804 499 839 αἱρέσεων
509 806 537 831 αι
558 805 718 840 συστροφαί.
736 805 865 842 ’Δστέρας

67 848 123 883 γὰρ
141 850 313 881 σκοτεινοὺς,
331 850 468 886 ἀμυδροὺς
491 851 538 878 καὶ
551 852 799 887 ταπεινοστρεφεῖς,
816 851 866 883 τὰς
881 845 902 873 Β

67 895 249 927 ἐπισυνόδους
267 895 320 923 τῶν
339 897 499 931 ἑτεροδόξων
518 895 587 924 εἶναι
604 897 753 933 φραστέον·
771 897 864 933 ἐπειδὴ

67 941 123 967 τῶν
150 942 290 978 οὐρανίων
311 944 490 979 ἐπιστήμονες
514 942 584 970 εἶναι
605 945 637 981 δὴ
658 945 796 980 βούλονται
818 945 865 971 καὶ

68 987 159 1018 αὐτοὶ,
174 988 225 1014 καὶ
240 989 281 1020 εἰς
293 989 410 1024 Χριστὸν
426 990 647 1024 πεπιστευκέναι,
663 991 710 1017 καὶ
724 991 773 1026 τὴν
783 991 865 1026 ἕδραν

69 1032 143 1068 ἔχειν
167 1035 219 1069 τῆς
236 1035 327 1070 ψυχῆς
343 1036 372 1063 ὲν
395 1037 451 1068 τοῖς
478 1036 618 1072 οὐρανοῖς,
641 1037 688 1064 καὶ
706 1037 864 1072 πλησιάζειν

69 1081 125 1110 τοῖς
139 1080 265 1115 ἄστροις,
280 1081 318 1112 ὡς
335 1081 424 1114 φωτὸς
445 1082 537 1110 τέκνα.
561 1082 640 1110 Ἀλλὰ
653 1083 862 1119 κατασύρανται,

69 1124 116 1151 τοῦ
138 1125 289 1161 δράκοντος
318 1128 503 1160 ὲκσεισθέντες
522 1130 580 1161 ταῖς
605 1129 732 1161 πλοκαῖς,
758 1130 799 1156 ὅτι
826 1130 863 1165 μὴ

69 1170 123 1196 τῶν
135 1171 279 1206 τριγώνων
289 1174 355 1199 εἵσω
365 1173 416 1208 τῆς
427 1174 567 1206 εὐσεϐείας
576 1175 694 1205 ἔστησαν
705 1176 862 1210 σχημάτων,

72 1217 236 1249 πταίσαντες
261 1219 347 1254 αὐτῆς
371 1221 434 1256 περὶ
459 1221 508 1256 τὴν
532 1221 671 1257 ὀρθόδοξον
697 1221 860 1257 Θρησκείαν·

71 1262 130 1289 ὅθεν
147 1264 196 1290 καὶ
213 1265 306 1300 τρίτον
322 1266 375 1292 τῶν
391 1267 514 1303 ἀστέρων
527 1267 681 1303 ἐκλήθησαν
700 1267 792 1303 μέρος,
807 1265 863 1294 οἷον

73 1310 134 1345 περὶ
160 1310 210 1336 ἕνα
227 1311 281 1338 τῶν
301 1312 426 1348 ἀριθμῶν
448 1313 497 1349 τῆς
526 1313 639 1349 Τριάδος
657 1313 860 1349 διεσφαλμένοι,

70 1356 113 1382 ὁτὲ
134 1357 184 1392 μὲν
198 1358 245 1384 τὸν
270 1359 317 1385 τοῦ
334 1359 458 1395 Πατρὸς,
475 1360 513 1392 ὡς
539 1360 697 1393 Σαὸἐλλιος,
714 1360 793 1387 αὐτὸν
815 1361 861 1388 τὸν

45 1442 48 1445 Ι
72 1402 284 1439 Παντοκράτορα
296 1403 352 1439 (21)
366 1404 444 1438 λέξας
456 1406 636 1433 πεπονθέναι·
655 1407 698 1433 ὁτὲ
712 1406 739 1433 δὲ
755 1407 800 1433 τὸν
812 1407 860 1434 τοῦ

72 1448 147 1481 Tia-3,
163 1449 204 1481 ὡς
225 1450 371 1486 ’Δρτεμᾶς,
389 1451 436 1478 καὶ
450 1452 475 1478 οἱ
496 1452 605 1488 δοκήσει
621 1453 701 1480 αὑτὸν
717 1454 859 1490 ἀποφηνά-

72 1496 337 1548 μενοιῃῖιεφυκέναι·
359 1498 403 1524 ὁτὲ
424 1498 453 1524 δὲ
477 1499 541 1534 περὶ
563 1499 609 1526 τὸν
623 1499 670 1526 τοῦ
690 1500 858 1536 Πνεύματος,
873 1519 894 1548 C

70 1540 107 1572 ὡς
140 1541 300 1575 Ἑὸιοναῖοι,
327 1543 357 1575 ἐξ
385 1543 450 1576 ἰδίας
466 1545 599 1580 κινήσεως
623 1547 686 1578 τοὺς
718 1547 860 1582 προφήτας

68 1586 248 1622 λελαληκέναι
277 1589 500 1623 φιλονεικοῦντες.
529 1592 692 1627 Μαρκίωνος
725 1592 779 1628 γὰρ
812 1593 858 1619 καὶ

68 1635 259 1669 Οὐαλεντίνου,
270 1637 317 1663 καὶ
326 1637 381 1664 τῶν
396 1639 459 1675 περὶ
469 1639 515 1666 τὸν
529 1639 682 1667 Ἑλκεσαῐον
694 1640 740 1667 καὶ
751 1640 857 1673 ἄλλους,

70 1680 152 1707 καλὸν
166 1681 235 1717 μηδὲ
253 1683 447 1719 μνημονεῦσαι.

923 205 1054 238 insidens,
1070 209 1098 232 ut
1112 212 1206 232 eorum
1219 204 1264 239 qui
1284 205 1429 232 illuminati
1455 210 1520 233 sunt
1533 206 1645 234 Christo
1666 207 1709 233 af-

922 252 1012 279 flutant
1025 252 1148 280 destruat
1162 256 1296 285 mentem,
1321 251 1457 286 Verbique
1481 253 1508 279 in
1533 253 1574 280 eis
1599 258 1718 295 enatam.

922 297 1036 325 formam
1066 305 1098 325 ac
1122 297 1235 332 effigiem
1262 297 1422 332 lucidosque
1445 298 1505 332 ejus
1535 298 1723 334 characteres.

921 344 1038 371 aboleat.
1051 343 1151 371 Verum
1167 343 1269 372 frustra
1296 349 1346 377 est,
1368 343 1518 379 praedaeque
1541 345 1578 371 illi
1593 350 1709 373 conatus

921 391 948 417 in
971 398 1078 417 cassum
1099 390 1209 421 cedunt,
1241 390 1314 424 quod
1335 390 1360 417 hi
1384 390 1431 424 qui
1460 396 1662 425 regenerantur,
1679 391 1707 418 in

921 435 1035 463 sublime
1049 435 1191 470 rapiuntur
1201 435 1235 463 ad
1254 435 1300 463 Dei
1319 435 1456 463 thronum.
1475 435 1531 462 Hoc
1543 440 1596 470 est,
1612 444 1707 464 eorum

920 489 997 510 mens
1012 487 1038 509 et
1053 482 1182 517 cogitatio
1205 483 1251 517 qui
1279 482 1401 510 renovati
1433 486 1516 515 sunt,
1531 483 1708 518 cmlestiaque

920 528 1011 555 animo
1023 528 1171 556 informare
1182 529 1309 560 instituti,
1327 529 1380 556 alte
1395 529 1500 556 circum
1528 529 1646 556 divinam
1663 538 1708 557 se-

919 573 980 601 dem
997 582 1030 602 ac
1045 574 1206 602 inoffensam
1220 575 1343 602 veritatis
1367 575 1470 607 basim,
1502 575 1644 607 attollitur,
1671 584 1707 603 ne

919 619 1047 648 draconis
1060 620 1087 647 in
1104 626 1205 647 terram
1222 621 1360 656 gravantis
1381 628 1413 648 ac
1444 621 1590 649 detinentis
1612 621 1707 650 fraude

918 665 1035 701 doloque
1048 667 1228 702 decipiantur.
1242 666 1300 694 Non
1315 667 1387 694 enim
1413 667 1455 695 fas
1470 667 1508 694 illi
1526 671 1568 695 est
1594 671 1622 694 ut
1645 667 1707 696 illos

918 713 1025 748 perdat,
1037 713 1082 748 qui
1100 714 1213 742 intentis
1229 720 1338 741 sursum
1353 712 1452 740 animis
1463 712 1497 740 ad
1511 713 1633 740 ccelestia
1647 713 1706 740 eni-

919 764 1024 788 tuntur.
1037 759 1128 787 Stella:
1144 769 1220 792 vero,
1232 767 1300 795 quas
1316 766 1421 787 summa
1444 759 1532 786 cauda
1544 759 1626 787 draco
1639 767 1706 787 con-

919 805 1036 840 tingens,
1063 806 1091 832 in
1115 810 1216 833 terram
1240 805 1392 840 praecipites
1413 804 1542 837 detrahit,
1570 805 1705 832 bwrcsum

916 859 1050 886 perversae
1082 856 1162 879 sectae
1189 854 1263 879 sunt.
1294 850 1392 878 Stellas
1417 854 1507 878 autem
1533 851 1704 884 tenebrosas,

915 896 1057 929 obscuras,
1082 897 1109 923 in
1127 896 1239 923 humilia
1257 895 1388 930 dejectas,
1412 896 1599 923 conventicula
1629 896 1706 923 hete-

915 940 1078 968 rodoxorum
1094 945 1168 968 recte
1181 940 1331 968 dixerimus
1354 950 1359 967 :
1386 941 1495 976 quando
1521 945 1548 969 et
1571 942 1624 976 ipsi
1646 949 1705 968 eaa-

915 986 1022 1014 lestium
1055 994 1146 1013 rerum
1177 986 1228 1013 sibi
1260 987 1402 1013 scientiam
1431 987 1584 1020 vindicant,
1617 991 1644 1014 et
1677 989 1705 1015 in

913 1033 1052 1061 Christum
1070 1041 1099 1062 se
1116 1033 1268 1061 credidisse
1280 1034 1443 1070 gloriantur,
1460 1034 1661 1069 stationemque
1677 1034 1704 1061 in

914 1079 991 1106 cmlis
1008 1079 1107 1106 habere
1128 1083 1210 1114 atque
1236 1079 1306 1106 inter
1332 1083 1407 1107 astra
1432 1080 1556 1112 versari,
1583 1083 1612 1106 ut
1635 1080 1704 1108 lucis

914 1126 993 1154 filios.
1013 1125 1112 1153 Verum
1131 1126 1312 1153 detrahuntur
1339 1127 1467 1154 draconis
1493 1127 1601 1154 excussi
1628 1127 1705 1154 ﬂexi.

913 1173 975 1204 bus,
990 1173 1062 1207 quod
1077 1172 1151 1200 intra
1163 1172 1343 1209 triangulares
1355 1173 1464 1208 pietatis
1480 1173 1580 1208 figuras
1597 1181 1651 1200 non
1673 1181 1704 1201 se

912 1218 1117 1250 cominuerunt,
1130 1218 1306 1253 prolabentes
1318 1226 1351 1245 ex
1369 1219 1428 1253 ipsa
1455 1222 1482 1245 et
1497 1226 1529 1245 ex
1549 1218 1704 1246 orthodoxa

912 1262 960 1291 Dei
975 1263 1049 1290 cultu
1062 1263 1261 1290 exorbitantes.
1282 1262 1359 1290 Unde
1373 1267 1401 1290 et
1425 1264 1505 1290 tertia
1527 1271 1590 1299 pars
1611 1264 1704 1291 stelia-

912 1317 974 1336 rum
989 1309 1077 1337 vocati
1093 1313 1168 1342 sunt,
1184 1309 1267 1336 veluti
1293 1309 1367 1336 circa
1390 1317 1474 1336 unum
1499 1318 1531 1337 ex
1559 1309 1702 1338 Trinitatis

911 1356 1035 1384 numeris
1063 1356 1232 1384 deerrantes.
1258 1356 1412 1391 Aliquando
1429 1356 1539 1391 quidem
1561 1356 1633 1383 circa
1651 1356 1702 1383 Pa-

911 1405 973 1437 tris,
992 1410 1022 1432 ut
1036 1405 1182 1437 Sabellius,
1195 1406 1241 1439 qui
1259 1399 1348 1439 ipsum
1361 1403 1579 1438 Omnipotentem
1591 1411 1701 1439 passum

911 1451 1048 1485 asseruit;
1063 1450 1210 1487 aliquando
1220 1457 1285 1477 vero
1301 1450 1374 1477 circa
1388 1448 1459 1482 Filii,
1477 1453 1506 1475 ut
1520 1449 1655 1480 Artemas,
1674 1451 1702 1475 et

911 1498 957 1533 qui
980 1497 1055 1525 nudo
1067 1501 1177 1532 spectro
1193 1504 1242 1524 seu
1259 1496 1419 1531 apparentia
1445 1502 1507 1522 eum
1527 1499 1618 1521 natum
1640 1502 1702 1522 esse

911 1544 1060 1577 dixerunt;
1084 1542 1248 1578 quandoque
1277 1542 1352 1569 circa
1385 1540 1506 1576 Spiritus
1536 1540 1642 1571 sancti,
1672 1544 1701 1567 ut

911 1589 1042 1622 Ebionazi,
1064 1589 1111 1624 qui
1128 1588 1275 1624 prophetas
1290 1590 1365 1614 motu
1388 1585 1498 1620 proprio
1521 1585 1626 1612 locutos
1640 1591 1702 1611 esse

911 1636 1090 1664 contendunt.
1119 1634 1267 1662 Marcionis
1292 1632 1365 1660 enim
1389 1636 1417 1659 et
1440 1630 1594 1661 Valentini,
1623 1629 1700 1656 Elce-

911 1683 1013 1717 saaique
1031 1686 1059 1710 et
1074 1681 1205 1714 aliorum,
1222 1679 1356 1715 optimum
1380 1677 1462 1705 fuerit
1485 1685 1520 1704 ne
1543 1675 1700 1703 meminisse

912 1729 1032 1765 quidem.

71 1791 136 1819 CAP.
154 1791 321 1833 AXLIMuIier
332 1802 396 1833 cunt
410 1794 467 1829 ﬁlio
492 1797 610 1833 masculo
636 1797 664 1824 in
678 1797 791 1830 deserto,
807 1797 938 1825 Ecclesia.
960 1797 1108 1833 Virginum,
1130 1801 1332 1833 sanctorumque
1343 1791 1698 1833 _deserttﬂn._Numerorum

105 1829 231 1861 perfectio
244 1827 483 1869 aqmyste‘ridrurn.
500 1831 606 1869 Sauarii
619 1833 761 1868 inqualitas
775 1827 799 1860 et
812 1833 948 1869 perfectio.
975 1827 1105 1860 senarius
1118 1832 1146 1859 in
1161 1827 1296 1859 Christuni
1310 1831 1421 1857 relatus.
1442 1827 1485 1854 Ea:
1500 1827 1548 1854 hoc
1571 1827 1633 1853 item
1648 1834 1699 1853 nu-

104 1871 176 1889 mero
193 1864 286 1890 mundi
295 1865 393 1892 creatio
405 1872 430 1892 et
440 1865 579 1894 harmonia
593 1864 653 1894 tota
664 1868 788 1902 conﬂata.

109 1921 140 1947 Ἦ
158 1920 187 1947 δὲ
211 1922 333 1955 γεννῶσα
351 1924 398 1949 καὶ
418 1925 572 1960 γεννήσασα
588 1926 633 1952 τὸν
649 1927 807 1962 ἀρρενωπὸν
827 1928 857 1954 ἐν

70 1969 128 1999 ταῖς
144 1967 270 2003 καρδίαις
284 1968 338 1996 τῶν
356 1971 537 1998 πιστευόντων
549 1972 645 2007 Λόγον,
660 1973 707 2000 καὶ
724 1974 857 2010 ἄχραντος

71 2014 114 2040 καὶ
126 2014 247 2049 ἀϐλαϐὴς
262 2015 316 2041 ἀπὸ
329 2015 376 2042 τοῦ
387 2015 468 2052 θηρὸς
481 2017 531 2053 τῆς
542 2018 627 2053 ὀργῆς
639 2019 678 2051 είς
694 2018 743 2054 τὴν
754 2019 856 2055 ἔρημον

70 2060 313 2096 παραγεγενημένη
324 2081 332 2093 ,
349 2061 366 2096 ἡ
384 2062 475 2097 μήτηρ
492 2062 570 2098 ήμῶν
594 2064 684 2096 ἐστιν,
701 2064 739 2096 ὡς
760 2065 856 2091 ἀποδε-

68 2106 203 2143 δώκαμεν,
219 2109 236 2143 ἡ
255 2108 413 2144 Ἐκκλησία.
432 2111 465 2136 Ἦ
477 2110 505 2137 δὲ
517 2110 629 2146 ἔρημος,
645 2112 685 2143 είς
696 2111 729 2147 ἣν
741 2112 856 2139 ἐλθοῦσα

69 2154 196 2188 τρέφεται
209 2154 259 2185 τὰς
273 2154 363 2190 χιλίας
382 2156 427 2182 καὶ
444 2156 583 2189 διακοσίας
600 2157 706 2193 ἡμέρας
721 2158 768 2185 καὶ
789 2158 853 2194 ἐξή-

69 2205 158 2229 κοντα,
169 2199 185 2233 ή
202 2198 294 2225 κακῶν
306 2199 355 2235 ἒρη
360 2209 409 2234 μσς
419 2201 526 2236 ἀληθῶς
537 2202 583 2228 καὶ
595 2202 690 2236 ἄγονος
701 2203 747 2229 καὶ
761 2203 854 2239 στείρα

69 2243 181 2280 φθορᾶς,
200 2245 245 2271 καὶ
265 2245 442 2281 δυσπρόσιτος
459 2247 505 2274 καὶ
521 2247 653 2279 δύσϐατος
667 2249 724 2279 τοῖς
738 2247 854 2280 πολλοῖς,

69 2289 206 2325 εὖκαρπος
223 2290 261 2323 δὲ,
277 2291 323 2318 καὶ
345 2291 464 2324 εὖὸοτος,
489 2293 535 2319 καὶ
554 2292 679 2328 εὐθαλὴς,
698 2293 744 2320 καὶ
765 2293 856 2320 εὐεπί-

70 2335 147 2367 ϐατος
161 2336 259 2370 ἁγίοις,
274 2338 320 2364 καὶ
334 2338 474 2374 πλήθουσα
491 2340 586 2374 σοφίας
601 2341 647 2366 καὶ
670 2340 855 2376 βλαστάνουσα

71 2380 150 2418 ζωὴν,
167 2382 233 2408 αὐτὸ
251 2383 376 2419 δήτοῦτο
387 2385 437 2420 τῆς
458 2385 570 2421 Ἀρετῆς
586 2386 644 2413 ἐστι
663 2386 692 2413 τὸ
713 2387 855 2415 κάλλιστον

70 2429 113 2453 καὶ
132 2427 318 2464 καλλίδενδρον
331 2429 379 2456 καὶ
403 2430 564 2459 καλλίπνουν
580 2432 693 2468 χωρίον·
712 2432 776 2460 ἔνθα
793 2433 854 2466 Ἐξ-

70 2474 173 2508 ηγέρθη
192 2476 209 2501 ὁ
229 2476 326 2508 νότος,
352 2476 401 2502 καὶ
424 2477 604 2505 ὃιέπνευο-εν
629 2479 779 2513 ὀβορῤᾶς,
805 2480 855 2506 καὶ

67 2519 166 2552 ῥέοι-σι
185 2520 221 2547 τὰ
244 2520 398 2556 ἀρώματα,
426 2523 472 2549 καὶ
502 2524 590 2551 πάντα
614 2524 668 2551 τῶν
696 2525 853 2561 ἀμϐροσίων

72 2566 243 2602 πεπλήρωται
259 2567 373 2604 δρόσων,
391 2569 525 2597 ἀθανάτου
539 2570 612 2606 ζωῆς
632 2571 761 2606 βλάσταις
781 2572 854 2607 ἀμα-

73 2611 171 2646 ράντοις
187 2614 406 2650 κατεστεμμένα,
422 2615 461 2647 είς
475 2616 489 2642 ὅ
504 2616 588 2651 ἐσμεν
600 2617 680 2652 ἡμεῖς
694 2616 853 2651 ἀνθολογοῦ-

102 2691 122 2706 ¹⁷
141 2690 222 2719 Cant.
238 2700 281 2726 tv,
299 2692 344 2720 16.

101 2770 152 2805 (21)
168 2770 410 2805 Παντοκράτορα.
431 2770 476 2798 Sic
505 2771 621 2799 Allatius
645 2776 672 2799 et
695 2770 847 2800 Possinins.

73 2805 152 2841 Neque
168 2807 254 2833 aliam
276 2805 366 2841 fuisse
395 2807 537 2833 lectionem
554 2806 656 2833 codicis
672 2807 847 2834 lilazzn'iniani

71 2847 150 2871 monet
159 2842 253 2871 editor
270 2840 420 2877 Lupareus.
440 2841 618 2870 Combelisius
634 2846 724 2871 tamen
740 2842 848 2878 Πατέρα

943 1927 1009 1961 Quae
1022 1930 1112 1954 autem
1129 1926 1200 1961 parit
1212 1925 1369 1961 peperitque
1385 1923 1414 1950 in
1430 1923 1549 1951 fidelium
1568 1923 1697 1951 cordibus

908 1972 1027 2001 Verbum
1043 1972 1205 2002 masculum,
1222 1970 1406 2005 inviolataque
1432 1973 1458 1996 et
1474 1969 1556 1996 illaesa
1572 1977 1585 1995 a
1603 1969 1698 1997 bestia:

907 2019 948 2046 ira
969 2019 996 2045 in
1013 2018 1151 2046 desertum
1163 2016 1276 2049 secedit,
1303 2020 1391 2043 mater
1406 2019 1500 2043 nostra
1526 2018 1578 2046 est,
1596 2015 1634 2042 uti
1648 2023 1697 2041 ex-

907 2065 1061 2100 posuimus,
1084 2063 1111 2090 id
1127 2066 1169 2090 est
1183 2062 1314 2090 Ecclesia.
1333 2061 1475 2090 Desertum
1491 2069 1556 2088 vero
1570 2062 1598 2088 in
1622 2062 1695 2096 quod

908 2110 1018 2141 veniens
1031 2109 1153 2145 pascitur
1166 2109 1224 2136 dies
1234 2109 1307 2136 mille
1323 2108 1455 2136 ducentos
1467 2107 1618 2143 sexaginta,
1633 2115 1696 2135 vere

907 2164 923 2183 a
935 2155 1013 2183 malis
1025 2155 1164 2183 desertum
1178 2159 1205 2182 et
1216 2154 1392 2182 infecundum
1404 2164 1410 2181 :
1424 2153 1526 2181 sterilis
1541 2153 1696 2187 corruptio-

905 2202 959 2234 nis,
976 2209 1027 2229 nec
1043 2201 1118 2229 ferax
1137 2205 1209 2228 terra
1224 2200 1367 2227 noxiorum
1382 2200 1550 2235 germinum;
1577 2199 1695 2226 dillicilis

905 2248 981 2275 aditu
997 2249 1103 2279 eadem,
1115 2254 1166 2274 nec
1180 2246 1322 2274 commode
1337 2246 1405 2273 satis
1428 2246 1509 2280 vulgo
1536 2245 1693 2277 calcabilis;

906 2294 1032 2318 caeterum
1046 2289 1171 2325 frugibus
1188 2287 1378 2323 fructibusque
1389 2288 1463 2319 felix,
1473 2286 1539 2322 quin
1548 2290 1575 2314 et
1584 2286 1694 2320 pascuis

906 2339 1059 2371 abundans,
1075 2342 1101 2365 et
1114 2345 1221 2365 amomo
1234 2337 1334 2364 ﬂorens
1352 2335 1500 2371 perviaque
1518 2334 1631 2365 sanctis,
1644 2341 1692 2360 co-

905 2387 949 2421 pia
965 2385 1121 2413 redundans
1139 2383 1287 2418 sapicntiaa,
1306 2390 1338 2409 ac
1362 2381 1518 2418 germinans
1528 2380 1628 2406 vitam:
1647 2379 1693 2406 hic

906 2433 965 2468 ipse
976 2435 1019 2460 est
1030 2431 1058 2459 in
1067 2439 1121 2465 quo
1136 2437 1243 2460 sumus.
1259 2428 1469 2464 pulcherrimus,
1482 2425 1694 2461 speciosissimis

907 2478 1052 2506 umbrosus
1085 2477 1162 2504 silvis
1187 2475 1412 2509 suavissimisque
1441 2473 1536 2500 halans
1562 2472 1692 2504 floribus,

906 2525 1023 2552 Virtutis
1037 2524 1144 2551 hortus.
1156 2522 1207 2555 lbi,
1221 2522 1337 2549 surrexit
1348 2520 1453 2553 Auster,
1466 2523 1490 2546 et
1502 2518 1691 2554 ﬂavilAquilo,

904 2575 928 2598 et
953 2571 1038 2605 ﬂuunt
1061 2574 1182 2596 aromata
1196 2568 1234 2602 "7;
1253 2567 1452 2601 ambrosiisque
1465 2565 1555 2593 omnia
1584 2564 1693 2591 roribus

905 2617 1026 2650 madent,
1049 2615 1210 2643 immortalis
1235 2614 1299 2641 vita;
1325 2620 1433 2648 semper
1447 2611 1598 2639 virentibus
1614 2617 1694 2637 coro-

905 2772 988 2801 tutius
1011 2780 1073 2800 eSse
1105 2772 1248 2803 legendum
1274 2769 1392 2797 advertit
1409 2769 1436 2796 in
1462 2767 1641 2799 emendandis
1655 2768 1688 2796 ad

903 2808 1004 2836 calcem
1018 2814 1083 2836 tom.
1098 2806 1236 2834 lAuctarii
1249 2806 1346 2834 noviss.
1358 2804 1442 2833 ΕΔΜ..
