1905 3072
74 64 167 93 1249

620 68 804 98 ADVERSUS
839 72 1048 102 MANlClMEOS
1066 74 1129 102 LIB.
1151 74 1193 102 Ill.

1653 80 1664 107 Ἰ
1671 80 1722 108 25,0

75 123 142 148 καὶ
154 123 205 158 τῆς
219 122 268 158 μὲν
281 123 369 158 ψυχῆς
385 123 422 160 μὴ
433 123 517 151 αἴτιον
531 123 599 152 εἶναι
613 127 660 153 τὸν
674 128 800 164 πονηρὸν,
816 137 851 164 μη

916 151 921 164 λ
936 134 1105 158 constantem
1121 140 1126 157 :
1145 135 1226 166 atque
1246 131 1341 158 animae
1356 131 1464 166 quidem
1479 141 1533 161 non
1553 143 1613 163 esse
1627 143 1721 164 auclo—

74 168 275 203 πεποιηκέναι
289 170 382 196 οὐσίαν
396 170 495 205 ψυχῆς,
512 171 561 206 τῆς
575 172 650 203 δὲεὶς
665 173 781 208 κρίσεως
798 173 881 209 μόνης

70 212 142 248 τῆς
175 215 205 240 ὲν
228 214 333 250 σώματι
349 216 457 251 ἐνεργὸν
471 217 558 243 εἶναι·
588 218 736 250 σκυλεύσας
759 219 822 255 γὰρ,
846 219 883 251 ὥς

73 261 330 296 φασιν,είσέκρινε
343 263 375 296 τῇ
399 263 497 298 σαρκί·
512 263 560 298 τὴν
573 263 601 290 δὲ
623 264 710 299 σάρκα
725 265 819 300 αὐτὴν,
836 266 883 291 καὶ

72 305 142 341 τὴν
176 306 272 333 πλάσιν
297 307 391 342 αὐτὴν,
414 309 460 334 καὶ
489 309 533 334 τὸν
566 311 742 346 χαρακτῆρα,
766 312 812 337 καὶ
833 311 881 346 τὴν

73 353 249 387 τοιαυτήνδε
264 355 379 389 μορφὴν,
394 354 439 380 καὶ
450 354 498 390 τὴν
520 355 613 382 οὐσίαν
627 356 699 391 ὅλην,
718 356 797 392 ἔργον
811 355 880 383 εἶναι

75 398 137 424 καὶ
152 399 250 425 πλάσιν
267 399 312 425 τοῦ
328 400 493 432 ἁπατεῶνος.
513 401 557 433 Ἐξ
580 402 709 428 ἐναντίων
722 403 786 436 γοῦν
800 411 880 437 γεγο-

75 444 164 470 νέναι
179 444 225 471 τὸν
240 445 380 480 ἄνθρωπον
392 447 595 481 ὁμολογοῦντες,
603 448 663 474 οὐδὲ
677 448 721 474 τὸν
734 448 788 474 τῶν
804 449 881 476 ἐναν-

71 490 156 516 τίων
171 491 244 517 ἴσασι
259 491 336 526 λόγον
348 500 354 506 ·
372 492 431 518 οὐδὲ
446 494 486 519 ὅτι
504 493 560 519 ἔστι
584 494 644 521 τινὰ
660 494 713 521 τῶν
739 495 878 527 ἐναντίων,

74 535 170 562 ἅτινα
194 537 279 572 ἀμιγῆ
301 538 373 564 ἐστιν
399 539 427 564 ὲν
441 539 541 571 αὐτοῖς,
561 540 694 575 μηδεμίαν
710 540 777 575 πρὸς
794 540 880 567 ἑαυτὰ

77 581 166 615 μίξιν
190 583 236 608 καὶ
265 584 404 610 κοινωνίαν
426 583 551 616 δέξασθαι
584 585 729 621 δυνάμενα,
754 585 820 612 ἀλλὰ
846 587 878 621 τῇ

75 627 255 664 νομιζομένῃ
276 629 401 665 κοινωνίᾳ
416 631 581 666 ἀναιρέσεως
600 631 703 658 ἑαυτῶν
715 632 780 658 ὄντα
796 631 879 664 αἰτία,

77 673 125 708 μὴ
142 673 280 709 δυνάμενα
301 675 368 711 ὁμοῦ
388 674 456 703 εἶναι
469 685 475 690 ·
492 677 559 704 ἀλλὰ
577 677 623 704 τοῦ
644 677 738 713 ἐτέρου
755 678 881 714 ἀναιρου-

77 719 184 753 μένου,
195 719 239 747 διὰ
255 721 304 756 τὴν
319 722 365 748 τοῦ
384 722 476 758 ἑτέρου
491 724 679 759 ἐπικράτησιν.

932 184 990 203 rem
1018 177 1167 208 diabolum,
1195 184 1282 211 neque
1309 178 1491 205 substantiam
1512 180 1572 214 ejus
1610 181 1718 214 fecisse.

932 221 978 248 sed
1005 222 1092 249 solius
1125 223 1266 257 ingressus
1294 223 1390 250 anima:
1418 223 1444 250 in
1476 233 1576 260 corpus
1608 229 1719 255 eli'ecto-

932 275 988 294 rem
1019 275 1094 301 esse;
1128 268 1276 295 detractam
1298 269 1371 295 enim
1397 273 1526 304 tanquam
1548 273 1674 306 spolium,
1689 280 1718 301 ut

931 313 982 347 ipsi
1012 312 1097 344 aiunt,
1135 313 1162 340 in
1190 321 1301 340 carnem
1340 314 1473 348 immisit;
1511 323 1621 344 carnem
1654 327 1717 346 vero

931 359 1026 392 ipsam,
1038 364 1063 386 et
1078 358 1276 391 formationem,
1289 363 1314 386 et
1328 360 1449 394 figurant,
1459 365 1486 388 et
1499 362 1579 388 talem
1593 363 1715 396 formam,

931 411 963 430 ac
990 408 1073 430 totam
1096 405 1275 431 substantiam
1301 413 1370 439 opus
1393 414 1455 434 esse
1480 411 1505 434 et
1527 408 1716 437 formationem

931 450 1040 476 diaboli.
1068 449 1197 477 Futentes
1220 451 1301 486 igitur
1317 451 1418 478 factum
1436 460 1495 480 esse
1519 454 1656 482 hominem
1682 463 1715 483 ex

930 496 1094 529 contrariis,
1132 504 1219 531 neque
1254 504 1314 532 quae
1350 498 1385 524 sit
1418 501 1615 527 contrariorum
1646 502 1714 528 ratio

929 543 1027 575 sciunt;
1042 550 1129 577 neque
1141 542 1240 575 sciunt,
1252 550 1312 570 esse
1328 543 1450 577 quaedam
1463 547 1597 572 contraria
1608 555 1667 581 (μίσυ
1678 547 1715 573 in-

932 592 972 615 ter
987 597 1016 616 se
1035 588 1205 615 commisceri
1225 595 1278 614 non
1293 593 1419 623 possunt,
1440 590 1503 623 quia
1521 591 1621 617 nullam
1642 592 1712 619 inter

933 642 961 661 se
973 635 1191 661 communionem
1207 642 1295 669 neque
1310 634 1465 662 mistionem
1479 636 1578 664 habere
1598 642 1710 671 queunt;

933 680 998 714 quin
1026 679 1116 714 potius
1139 686 1221 706 causa
1249 683 1312 706 sunt
1342 680 1468 706 interitus
1483 681 1524 707 sui
1542 681 1569 707 in
1589 682 1634 708 illa
1653 691 1712 717 quae

929 731 1051 762 putatur,
1080 726 1287 759 communione,
1318 727 1381 761 quia
1408 734 1461 754 non
1489 734 1603 762 possunt
1631 730 1712 758 simul

926 781 1004 806 esse;
1027 772 1081 799 imo
1100 771 1174 798 aliud
1193 771 1309 804 tollitur,
1328 772 1391 807 quia
1415 773 1487 800 aliud
1504 773 1670 802 dominatur.

489 836 553 863 CAP.
574 836 655 864 XVII.
674 836 774 871 Corpus
787 845 837 864 non
852 840 889 862 est
903 842 919 860 α
935 831 1053 864 diabolo,
1065 835 1089 857 et
1103 831 1191 857 anima
1206 839 1221 857 a
1239 830 1303 858 Deo.

127 889 194 916 ’Ῑδοὺ
209 889 262 925 γὰρ
281 891 310 917 ἐν
337 891 377 918 ἐνὶ
399 893 567 929 κοιτωνίσκῳ
590 894 680 929 ἡμέρα
698 895 744 920 καὶ
764 893 811 926 νὺξ
823 894 853 920 οὺ

958 889 1038 921 Ecce,
1054 889 1082 915 in
1106 896 1160 915 uno
1178 888 1305 915 cubiculo
1319 889 1378 916 dies
1394 893 1421 916 et
1445 897 1500 916 nox
1524 890 1639 918 inveniri
1655 888 1710 918 noll

76 935 115 961 ἂν
133 935 258 970 εὑρεθείη
269 944 275 951 ·
292 937 354 962 ἐπεὶ
371 937 450 972 μόνον
468 938 525 972 φῶς
544 939 653 974 εὑρεοὲν
675 940 833 974 προαναιρεῖ
843 939 872 965 τὸ

76 981 191 1013 σκότος.
224 982 288 1008 Ἰδοὺ
302 983 330 1008 ὲν
360 983 409 1018 μιᾷ
422 983 493 1019 ψυχῇ
516 984 675 1020 σωφροσύνη
695 986 740 1011 καὶ
759 984 871 1019 πορνεία

73 1026 133 1052 οὐκ
148 1026 182 1053 ἂν
197 1027 306 1062 φανείη·
331 1028 393 1054 ἐπεὶ
407 1029 474 1063 μόνη
493 1029 652 1065 σωφροσύνη
662 1050 669 1062 ,
687 1032 809 1064 φανεῖσα,
828 1031 872 1056 ὲκ-

74 1070 172 1097 ποδὼν
186 1072 310 1105 γενέσθαι
327 1072 374 1108 τὴν
395 1073 521 1108 πορνείαν
544 1076 626 1101 ποιεῖ.
650 1075 715 1101 Ἰδοὺ
734 1074 871 1101 θεοσέϐεια

74 1118 130 1144 καὶ
146 1118 259 1145 ἀσέϐεια
275 1119 304 1145 ἐν
321 1120 360 1146 ἐν).
382 1120 518 1155 ἀνθρώπῳ
538 1121 588 1147 οὐκ
611 1121 643 1147 ἂν
667 1121 786 1155 γένοιτο·
804 1121 870 1147 ὅπου

73 1163 137 1199 γὰρ
150 1163 275 1190 εὐσέϐεια
299 1166 432 1198 φαίνεται,
453 1167 512 1192 οὐδὲ
527 1167 601 1202 ῥανὶς
621 1166 746 1199 ἀσεϐείας
762 1167 870 1202 φανείη.

82 1209 238 1244 Ἐπικρίνει
259 1209 347 1236 δὲκαὶ
369 1211 383 1236 ὁ
407 1210 576 1242 Ἀπόστολος,
601 1211 647 1237 καὶ
669 1212 812 1247 σφραγίζει
835 1212 869 1238 τὰ

75 1255 229 1290 εἰρημένα·
250 1256 297 1288 Τίς
324 1257 462 1282 κοινωνία
486 1257 557 1291 φωτὶ
579 1257 653 1291 πρὸς
675 1258 804 1291 addrec;
823 1258 869 1290 Τίς

71 1299 285 1334 μερὶς-Χριστῷ
301 1301 375 1335 πρὸς
390 1303 513 1334 Bella];
530 1301 568 1329 Τὰ
580 1303 632 1338 γὰρ
645 1303 750 1334 ἑαυτοῖς
761 1303 868 1330 ἐναντία

74 1345 145 1380 φίλα
154 1346 259 1378 ἑαυτοῖς
267 1346 317 1372 οὐκ
326 1347 357 1373 ἂν
368 1347 472 1380 γένοιτο
480 1356 486 1362 ·
499 1348 546 1374 καὶ
560 1348 624 1383 μίαν
634 1348 766 1384 ἁρμονίαν
775 1348 824 1374 οὐκ
834 1348 867 1374 ἂν

73 1392 153 1418 ποιοῖ
163 1390 198 1417 τὰ
213 1391 314 1419 ἑαυτῶν
330 1393 502 1428 διεστηκότα·
527 1393 587 1419 οὐδὲ
607 1393 661 1429 γὰρ
677 1394 707 1420 ἔκ
718 1403 748 1420 τε
764 1393 867 1429 ῥυθμοῦ

72 1437 125 1464 καὶ
131 1438 286 1474 ἀρρυθμίας
295 1439 343 1473 μία
351 1438 453 1473 γίνεται
461 1439 588 1475 ἁρμονία,
598 1439 659 1465 οὔτε
668 1440 700 1466 ὲκ
710 1439 815 1474 σιωπῆς
821 1440 868 1466 καὶ

71 1483 173 1514 λαλιᾶς
188 1484 237 1519 μία
250 1483 372 1518 γίγνεται
387 1484 527 1516 σύστασις·
549 1485 628 1520 μόνον
643 1485 697 1520 γὰρ
709 1485 739 1511 τὸ
755 1484 783 1511 ἓν
798 1482 866 1511 εἶναι

70 1529 190 1564 ὀφείλει,
207 1529 254 1556 τοῦ
272 1531 365 1566 ἐτέρου
385 1531 512 1566 συστῆναι
534 1531 583 1558 οὐκ
606 1531 778 1566 ἀνεχομένου.
795 1531 825 1556 El
838 1531 866 1557 δὲ

923 940 1022 972 potest,
1040 936 1103 971 quia
1121 935 1209 962 solum
1227 935 1318 962 lumen
1341 935 1480 963 inventum
1495 936 1573 970 prius
1598 938 1709 965 sustulit

922 982 1061 1010 tenebras.
1080 980 1161 1013 Ecce,
1181 981 1208 1007 in
1225 988 1279 1007 una
1299 981 1391 1007 anima
1409 981 1540 1016 pudicitia
1560 987 1585 1009 ct
1600 986 1707 1009 scorta-

921 1028 958 1055 tio
971 1034 1025 1054 non
1043 1031 1158 1061 possunt
1174 1026 1267 1058 cerni;
1283 1026 1347 1060 quia
1363 1026 1421 1053 sola
1433 1025 1576 1060 pudicitia,
1588 1026 1610 1054 si
1624 1035 1707 1061 appa—

919 1073 1015 1104 ruerit,
1038 1073 1113 1107 fugat
1131 1076 1158 1099 et
1172 1072 1300 1099 amandat
1323 1072 1528 1099 scortationem.
1550 1071 1629 1103 Ecce,
1649 1073 1706 1107 pie-

920 1125 960 1147 tas
975 1124 1001 1147 et
1012 1119 1136 1153 impietas
1157 1119 1185 1145 in
1200 1118 1309 1145 homine
1323 1126 1376 1145 uno
1393 1126 1532 1153 nunquam
1548 1123 1642 1152 erunt;
1660 1119 1704 1146 tibi

919 1165 990 1192 enim
1008 1164 1095 1199 pietas
1110 1163 1242 1194 cernitur,
1260 1171 1348 1198 neque
1363 1163 1436 1190 stilla
1453 1163 1601 1198 impietatis
1621 1171 1704 1199 appa-

919 1210 998 1238 rebit.
1024 1209 1175 1237 Conlirmat
1196 1212 1285 1235 autem
1310 1209 1469 1243 Apostolus,
1489 1214 1515 1236 et
1534 1210 1624 1244 signat
1643 1217 1703 1244 quae

918 1256 990 1283 dicta
1009 1260 1072 1283 sunt
1089 1265 1095 1283 :
1112 1255 1188 1287 Quw,
1205 1255 1304 1290 inquit,
1321 1256 1433 1293 societas
1446 1256 1498 1281 luci
1516 1256 1550 1282 ad
1565 1256 1705 1283 latebras?

919 1301 985 1334 Quae
1007 1308 1070 1335 pars
1091 1299 1197 1327 Christo
1225 1308 1283 1326 cum
1305 1300 1441 1327 Belial”?
1462 1300 1527 1333 Quae
1548 1302 1618 1328 enim
1640 1306 1703 1330 sunt

918 1346 969 1373 sibi
988 1346 1125 1373 contraria
1139 1365 1145 1377 ,
1175 1353 1229 1372 non
1254 1349 1369 1379 possunt
1393 1353 1454 1372 esse
1473 1345 1525 1372 sibi
1550 1346 1655 1379 amica;
1678 1350 1706 1373 et

917 1399 988 1419 unus
1009 1394 1160 1418 concentus
1186 1397 1241 1417 non
1268 1390 1368 1425 poterit
1393 1390 1493 1422 facere,
1511 1394 1541 1417 ut
1566 1399 1626 1425 qua?
1641 1397 1705 1418 sunt

917 1435 999 1463 unius
1016 1440 1165 1463 concentus
1190 1435 1346 1470 discrepent
1364 1445 1370 1462 :
1390 1443 1441 1462 nec
1454 1436 1527 1462 enim
1554 1444 1588 1463 ex
1608 1445 1705 1464 nume-

916 1489 978 1509 roso
1005 1486 1031 1509 et
1054 1489 1109 1508 non
1135 1488 1284 1508 numeroso
1323 1489 1394 1508 unus
1419 1486 1579 1514 concentus,
1601 1486 1627 1509 et
1651 1491 1703 1510 uua

916 1527 1065 1554 modulatio
1096 1527 1230 1559 eﬂieitur,
1255 1535 1305 1554 nec
1323 1535 1356 1554 ex
1382 1528 1492 1554 silentio
1516 1532 1543 1555 et
1567 1529 1703 1556 locutione

70 1575 106 1602 τὸ
123 1575 204 1611 σῶμα
219 1574 253 1612 ἦν
279 1576 326 1602 τοῦ
337 1576 465 1612 πονηροῦ,
478 1577 551 1612 καὶὴ
565 1577 637 1612 ψυχὴ
650 1577 697 1604 τοῦ
711 1577 789 1609 Θεοῦ,
806 1577 854 1603 πῶ.

917 1581 972 1600 una
991 1573 1156 1608 compositio
1170 1573 1208 1600 fit.
1237 1572 1326 1600 Unum
1343 1573 1414 1600 enim
1436 1573 1523 1600 solum
1541 1582 1601 1601 esse
1621 1582 1702 1609 opor-

70 1623 116 1653 εἱς
133 1621 197 1657 μίαν
205 1622 336 1658 ἁρμονίαν
347 1623 393 1649 τοῦ
405 1623 546 1658 ἀνθρώπου
560 1623 735 1656 ἀποδέδοται;
750 1622 808 1655 πῶς
824 1623 864 1654 εἰς

71 1667 142 1702 μίαν
172 1667 290 1695 διάθεσιν
315 1669 360 1695 καὶ
374 1668 480 1704 φιλίαν;
503 1669 567 1696 Ἰδοὺ
583 1668 636 1704 γὰρ
646 1669 799 1704 ἥρμοσται,
816 1669 862 1696 καὶ

68 1714 186 1748 γέγονεν
215 1711 254 1746 εἷς
280 1714 440 1751 ἄνθρωπος’
465 1716 511 1742 καὶ
531 1717 564 1751 τῇ
591 1716 708 1751 ἁρμονίᾳ
722 1716 795 1742 ἐστὶν
811 1713 859 1747 εἷς.

78 1759 151 1786 Ἰδοὺ
167 1760 184 1795 ἡ
197 1759 268 1795 ψυχή
284 1761 341 1786 ἐστι
351 1760 397 1787 τοῦ
416 1760 549 1796 σώματος,
572 1762 618 1788 καὶ
633 1761 704 1795 φιλεί
722 1762 767 1788 καὶ
779 1761 859 1797 στέρ-

68 1813 127 1838 γει·
142 1805 306 1840 Οὐδεὶς-γάρ
318 1814 389 1833 ποτε
399 1806 455 1840 τὴν
467 1807 575 1834 ἑαυτοῦ
589 1807 686 1840 σάρκα
694 1807 840 1841 ἐμίσησεν
850 1815 856 1822 ·

66 1850 143 1877 ἀλλ’
156 1850 290 1886 ἐκτρέφει
306 1851 354 1877 καὶ
364 1851 469 1879 θάλπει
480 1852 585 1887 αὑτήν.
601 1853 632 1878 Et
641 1852 669 1878 δὲ
676 1852 707 1887 δὴ
717 1852 756 1887 τῷ
773 1852 857 1887 ἑτέρῳ

69 1896 150 1930 μέλει
164 1904 196 1922 πε
202 1897 227 1932 pi
240 1897 287 1923 τοῦ
313 1897 415 1933 ἑτέρου,
429 1898 474 1924 καὶ
488 1899 536 1933 τὴν
556 1899 688 1934 ἀλγηδόνα
702 1899 748 1925 τοῦ
766 1897 858 1934 σώμα-

66 1950 127 1973 τος,
145 1942 213 1969 ιδίαν
235 1942 369 1978 ἀλγηδόνα
383 1945 491 1978 ἡγεῖται
505 1945 520 1978 ἡ
535 1944 607 1979 ψυχή
618 1952 624 1960 ·
642 1945 688 1971 καὶ
702 1944 731 1971 οὺ
748 1944 856 1978 Stupet-

67 1996 115 2014 ται
131 1987 186 2014 τῶν
210 1988 387 2024 παθημάτων,
408 1989 464 2016 ἀλλ’
479 1990 625 2017 οἰκειοῦται
640 1991 708 2025 πρὸς
728 1990 761 2016 τὰ
774 1990 856 2026 τραύ-

68 2043 154 2069 ματα,
167 2035 311 2062 οἰκειοῦται
323 2036 390 2071 πρὸς
396 2035 430 2061 τὰ
441 2035 598 2071 παθήματα·
612 2037 658 2062 καὶ
665 2037 707 2062 ὅτε
720 2036 768 2072 μὲν
778 2036 855 2070 ἀλγεῖ

65 2081 233 2117 τραυμάτων
269 2081 377 2114 ἕνεκεν,
407 2082 533 2114 ἀνιᾶται,
563 2081 696 2109 ἀνώδυνον
720 2080 787 2109 εἶναι
817 2082 853 2118 μὴ

65 2126 220 2161 δυναμένηι
238 2126 281 2152 ὅτε
294 2126 322 2152 δὲ
336 2126 475 2161 ἡδυπαθεῖ,
490 2127 536 2153 καὶ
556 2127 607 2152 ὑπὸ
619 2127 668 2161 τῆς
682 2127 777 2161 ἡδονῆς
794 2127 853 2162 ἐρε-

67 2171 184 2204 θίζεται,
214 2172 321 2208 μετέχει
346 2172 399 2198 τῶν
427 2173 582 2207 κινημάτων
601 2173 648 2199 καὶ
667 2174 682 2207 ἡ
705 2172 787 2208 ψυχὴ,
806 2174 852 2199 καὶ

68 2216 269 2251 συνεφάπτεται
280 2217 333 2243 τῶν
349 2217 513 2252 ἐρεθισμῶψ
530 2217 577 2244 καὶ
592 2217 668 2252 λήγει
681 2218 730 2252 μὲν
741 2217 850 2252 ὁμοίως,

65 2262 201 2298 λαμϐάνει
230 2262 258 2289 δὲ
281 2263 399 2289 ἐπίδοσιν
412 2263 549 2294 ὡσαύτως.
571 2262 625 2288 Καὶ
649 2262 784 2298 ληγούσης
806 2263 854 2298 μὲν

65 2309 156 2344 ψυχῆς
166 2308 220 2335 ἀπὸ
235 2308 287 2335 τῶν
305 2309 461 2344 κινημάτων
478 2308 532 2334 τῶν
542 2307 645 2341 παθῶν,
663 2308 789 2344 συλλήγει
809 2310 854 2335 καὶ

65 2354 96 2380 τὺ
124 2353 212 2388 σῶμα,
239 2354 286 2380 καὶ
307 2353 505 2388 καθησυχάζει·
533 2353 742 2388 ὲπιτριϐομένης
757 2354 786 2379 δὲ
805 2354 854 2388 τῆς

66 2399 213 2433 ἐπιθυμίας
235 2399 263 2424 ἐν
282 2400 314 2434 τῇ
334 2398 405 2433 ψυχῇ
423 2398 536 2424 καὶτῶν
550 2397 700 2433 ὲρεθισμῶν
715 2398 852 2431 ἐπιτριϐο-

67 2445 165 2480 μένων,
184 2443 272 2479 ἡδύνει
303 2445 349 2471 καὶ
374 2445 403 2471 τὺ
431 2445 520 2480 σῶμα,
539 2444 586 2471 καὶ
606 2444 786 2479 φλεγμαίνει·
807 2445 852 2471 καὶ

65 2491 201 2524 γίγνονται
217 2491 280 2522 ἴσως
298 2491 346 2526 μὲν
375 2491 399 2516 οἱ
425 2491 572 2526 ὲρεθισμοὶ,
594 2490 658 2523 ἴσως
677 2491 705 2517 δὲ
729 2491 774 2518 καὶ
796 2490 850 2517 τῶν

66 2535 251 2571 ὲρεθισμάτων
270 2537 297 2562 αἱ
323 2536 465 2568 ἀποθέσεις
491 2538 536 2563 καὶ
559 2537 702 2572 ἐκλείψεις.
721 2537 751 2564 ΕΞ
773 2538 802 2564 δὲ
821 2537 851 2570 ἐξ

65 2582 193 2609 ἐναντίων
206 2580 249 2617 ἦν,
266 2583 311 2609 καὶ
335 2583 364 2609 τὺ
378 2584 427 2618 μὲν
443 2583 521 2619 σῶμα
536 2584 583 2611 τοῦ
598 2584 715 2619 πονηροῦ
731 2583 774 2620 ἦν,
793 2586 809 2620 ἡ
823 2585 850 2611 δὲ

65 2627 136 2663 ψυχὴ
159 2628 206 2654 τοῦ
237 2629 318 2655 Θεοῦ·
337 2629 443 2665 πρῶτον
459 2630 508 2665 μὲν
521 2630 569 2657 οὑκ
596 2631 629 2656 ἂν
650 2631 771 2665 ἐγεγόνει
790 2631 850 2658 σύν-

64 2675 132 2708 οδος,
147 2674 209 2702 οὗτε
223 2675 290 2711 αὐτὴ
306 2676 321 2711 ὴ
338 2676 430 2711 μακρὰ
443 2676 538 2712 κρᾶσις
546 2676 697 2702 ὲπετελεῖτο
707 2685 713 2692 ·
726 2677 850 2713 δεύτερον

98 2764 121 2780 ’³
141 2763 161 2790 ll
179 2763 241 2792 Cor.
262 2772 306 2807 νι,
326 2765 374 2797 H,
396 2765 438 2793 l5;
477 2767 484 2781 ¹
506 2765 606 2801 Ephcs.
625 2773 651 2798 ν,
671 2765 713 2793 19.

914 1623 960 1652 tet,
977 1619 1063 1646 altero
1079 1618 1198 1651 sublato,
1218 1618 1291 1653 quod
1310 1626 1363 1646 non
1382 1619 1484 1653 patitur
1504 1623 1533 1645 ut
1557 1619 1638 1646 simul
1653 1620 1699 1647 sit.

914 1664 942 1692 Si
956 1669 1046 1692 autem
1060 1672 1160 1700 corpus
1172 1669 1246 1692 esset
1268 1665 1380 1697 diaboli,
1395 1670 1422 1692 et
1438 1665 1528 1692 anima
1545 1665 1590 1693 Dei
1603 1673 1609 1698 ;
1631 1674 1700 1701 quo-

912 1712 993 1739 modo
1009 1719 1080 1739 unus
1098 1716 1248 1738 concentus
1264 1711 1384 1738 hominis
1398 1719 1430 1738 ex
1449 1712 1488 1738 eis
1507 1711 1641 1739 conflatus
1656 1721 1700 1741 es-

911 1759 1113 1792 set?quomodo
1129 1766 1182 1785 una
1195 1758 1313 1784 amicitia
1327 1762 1353 1784 et
1363 1758 1481 1786 afiectio?
1493 1758 1542 1789 En,
1555 1762 1664 1793 aptatus
1672 1764 1699 1786 et

910 1804 998 1831 factus
1015 1808 1135 1832 estuuus
1150 1804 1232 1831 homo
1245 1817 1252 1836 ί
1276 1809 1302 1832 et
1312 1809 1447 1832 concentu
1461 1812 1493 1832 ac
1507 1805 1698 1832 convenientia

909 1858 979 1878 unus
987 1855 1038 1878 est.
1053 1850 1122 1878 Ecce
1135 1850 1225 1878 anima
1234 1851 1359 1885 copulata
1372 1854 1482 1878 estcum
1492 1858 1616 1886 corpore,
1629 1855 1656 1878 et
1666 1851 1698 1878 il—

908 1896 953 1923 Iud
967 1900 1040 1923 amat
1050 1901 1076 1923 et
1089 1896 1230 1924 affectione
1241 1896 1431 1931 complectitur
1444 1907 1450 1924 :
1472 1895 1556 1923 Nemo
1567 1897 1636 1923 enim
1647 1904 1696 1923 un-

907 1950 984 1977 quam
990 1950 1095 1969 carnem
1103 1950 1177 1968 suam
1188 1942 1401 1974 odioltabuit,sed
1409 1943 1491 1970 nutrit
1499 1947 1522 1969 et
1531 1943 1598 1977 [ovet
1607 1951 1664 1970 eam
1674 1943 1694 1969 ¹.

907 1987 933 2014 Si
941 1992 1031 2014 autem
1041 1988 1154 2015 alterum
1163 1989 1274 2016 alterius
1280 1996 1372 2016 curam
1381 1989 1501 2020 habet,et
1508 1989 1627 2016 dolorem
1637 1996 1694 2016 cor-

904 2033 979 2068 poris
990 2041 1068 2061 suum
1080 2034 1154 2061 ducit
1164 2034 1293 2067 anima;et
1307 2042 1360 2061 non
1373 2035 1539 2070 disjungitur
1548 2034 1695 2062 affectioni-

903 2080 965 2114 bus,
973 2081 1018 2107 sed
1025 2079 1146 2115 adiungit
1156 2089 1185 2108 se
1191 2082 1224 2108 ad
1233 2082 1355 2115 vulnera,
1364 2082 1486 2117 adiungit
1494 2090 1523 2110 se
1534 2081 1567 2108 ad
1578 2082 1695 2109 affectio~

904 2130 992 2158 nes;et
1001 2133 1062 2152 cum
1071 2133 1171 2161 corpus
1182 2124 1254 2153 d'olet
1265 2131 1374 2162 propter
1382 2128 1533 2159 vulnera,in
1545 2127 1653 2154 tristitia
1666 2131 1693 2154 et

903 2172 1027 2199 molestia
1036 2176 1077 2200 est
1091 2173 1190 2203 anima,
1201 2181 1261 2207 quae
1272 2181 1325 2200 nou
1338 2177 1427 2207 potest
1437 2181 1498 2200 esse
1509 2181 1606 2207 expers
1620 2173 1693 2200 dolo—

906 2218 956 2245 ris.
967 2219 1034 2246 Cum
1046 2226 1110 2246 vero
1124 2219 1285 2253 voluptatem
1297 2218 1423 2253 percipit,
1436 2222 1462 2245 et
1479 2225 1494 2244 a
1508 2218 1644 2252 voluptate
1661 2219 1691 2245 ti-

908 2265 1028 2298 tillatur;
1054 2265 1145 2292 anima
1168 2266 1248 2293 etiam
1269 2271 1359 2292 tnotus
1382 2265 1506 2298 corporis
1535 2264 1689 2298 participat,

906 2315 932 2338 et
948 2311 1120 2339 titillationes
1138 2312 1220 2338 simul
1239 2311 1347 2346 attingit
1365 2321 1371 2338 ε
1391 2319 1422 2338 ac
1438 2311 1565 2338 similiter
1579 2311 1688 2345 quidem

906 2356 1016 2388 desinit,
1035 2357 1135 2391 accipit
1156 2365 1220 2384 vero
1241 2356 1364 2384 similiter
1381 2357 1590 2383 iucretneutum.
1621 2355 1689 2383 Cum

905 2403 1006 2435 anima,
1028 2403 1156 2438 inquatn,
1178 2403 1276 2430 desiuit
1297 2402 1547 2438 perturbationibus
1574 2402 1687 2433 moveri,

904 2449 985 2476 simul
998 2449 1099 2477 desiuit
1114 2458 1225 2485 corpus,
1241 2453 1267 2476 et
1284 2449 1465 2483 conquiescit.
1481 2448 1549 2475 Cum
1563 2456 1628 2476 vero
1643 2455 1689 2474 cu-

900 2494 1001 2528 piditas
1019 2496 1045 2522 in
1061 2497 1152 2523 anima
1164 2500 1327 2527 remoratur,
1345 2495 1545 2522 titillationibus
1560 2497 1641 2522 etiam
1659 2496 1687 2522 in

902 2548 1017 2575 corpore
1038 2542 1194 2575 remoratis,
1222 2550 1321 2578 corpus
1341 2541 1476 2569 suavitate
1494 2541 1641 2576 perfundit,
1660 2545 1687 2568 et

899 2587 1060 2621 inflammat;
1071 2590 1193 2624 iiuntque
1205 2590 1339 2624 mqualite.
1362 2588 1542 2620 titillationes,
1557 2593 1583 2614 et
1593 2595 1687 2623 mqua-

902 2633 963 2660 Iiter
981 2634 1166 2662 titillationum
1182 2636 1347 2670 abjectiones
1357 2639 1384 2662 et
1398 2634 1574 2662 defectiones.
1593 2633 1621 2660 Si
1636 2641 1686 2661 aus

902 2683 955 2706 tem
972 2687 1004 2707 ex
1026 2681 1172 2708 contrariis
1195 2685 1267 2710 esset
1291 2681 1383 2714 homo,
1405 2689 1436 2708 ac
1456 2688 1556 2716 corpus
1573 2679 1683 2715 quidem
