1905 3072
205 65 273 92 1255

780 57 846 84 TlTl
868 57 1079 85 BOSTRENSIS
1105 58 1257 86 EPISCOPI

1763 57 1834 85 ΓΞΞὸ

204 127 261 153 lucc
285 124 484 160 proclamabat?
511 123 571 157 quis
595 123 651 149 lucc
674 121 845 147 testabatur?
867 119 986 147 Taceant

1055 119 1117 151 66a;
1136 119 1176 151 τίς
1191 119 1276 146 ταῦτα
1299 118 1463 154 ὲμαρτύρει;
1487 117 1672 143 Σιωπάτωσαν
1690 117 1720 142 αἱ
1741 116 1836 149 γλῷσ·

204 173 312 207 linguae,
336 171 483 205 loquantttr
501 174 560 196 acta
575 176 623 195 :os
643 168 743 194 habent
767 174 810 193 res
828 176 833 193 :
853 174 903 192 ttee
928 174 986 192 am-

205 218 275 252 plius
296 224 386 244 aerem
405 217 553 250 pulsantes,
571 221 667 241 sonum
691 213 846 239 ctnittatnus
860 221 866 239 ι
880 220 910 239 os
938 212 987 238 ha-

205 264 269 290 bent
281 262 383 296 scripta
400 271 406 288 :
424 265 450 288 et
468 261 490 288 si
508 268 559 287 nos
575 265 723 291 taceamus,
748 266 801 284 non
817 262 908 284 tacent
924 265 987 289 res;

204 313 231 335 et
246 309 268 335 si
283 315 332 336 nos
347 316 402 334 non
415 309 569 342 loquamur,
583 313 641 340 quze
654 305 754 339 scripta
771 308 846 336 sunt,
860 312 913 330 non
927 312 989 338 pos-

206 358 270 382 sunt
288 362 341 381 non
357 353 441 388 loqui.

241 400 325 434 igitur
341 399 402 433 quia
425 398 464 425 sie
481 401 544 423 sunt
562 397 627 426 haec,
652 401 677 422 et
692 400 751 422 aeta
777 395 856 421 [idem
879 395 988 428 habent,

207 448 234 472 et
245 444 367 470 narratio
381 447 503 469 actorum
516 449 580 468 vera
591 444 643 472 est,
659 446 684 466 et
697 441 815 466 clatuant
828 440 892 474 ipsa:
906 440 991 466 actio—

207 498 255 517 nes
272 490 297 516 vi
311 497 370 519 sua,
387 488 514 515 habuisse
531 495 630 521 corpus
652 485 830 518 Salvatorem,
845 489 871 511 et
891 492 991 519 corpus

208 535 338 567 mortale;
361 538 387 561 et
411 533 483 568 quod
508 537 619 567 propter
643 534 735 558 nostra
752 538 868 565 corpora
890 538 990 565 corpus

208 580 323 615 gestavit
337 589 343 606 :
357 579 430 613 quod
450 578 584 612 reliquum
605 582 655 608 est,
678 576 767 603 simile
792 576 889 610 quu‘rit
905 585 910 602 :
927 583 990 610 pro-

209 631 269 660 pter
287 633 337 652 nos
354 624 426 651 venit
449 624 521 650 illius
539 622 662 657 corporis
681 622 723 648 sui
746 621 867 654 eilector,
893 626 919 648 et
943 629 992 648 no-

208 675 328 697 strorutu
346 669 467 696 ell‘eetor.
495 667 523 694 Si
539 668 611 695 cuittt
633 667 707 694 aliud
731 668 828 694 fuisset
843 667 918 700 illud,
944 675 992 694 cu-

208 724 267 743 ram
283 716 343 743 aliis
358 724 411 743 non
426 715 597 743 adhibuisset
612 715 782 749 corporibus.
802 715 828 741 Si
847 720 936 741 autem
954 715 992 741 la-

209 767 283 789 etum
305 766 356 793 est.
375 767 402 790 et
418 762 521 789 factum
540 769 555 788 a
572 762 637 794 Deo,
657 761 758 788 factum
782 769 846 788 vero
869 765 910 788 est
928 769 991 795 pro—

1038 173 1098 190 σαν
1115 165 1278 191 λαλείτωσαν
1294 165 1322 190 αἱ
1338 163 1465 198 πράξεις’
1486 163 1573 197 στόμα
1595 162 1688 196 ἔχουσι
1710 162 1744 188 τὰ
1760 163 1836 197 πρα-

1039 218 1147 244 γματα·
1164 211 1271 245 μηκέτι,
1288 210 1333 236 τὸν
1355 209 1424 244 ἀέρα
1440 208 1594 244 κρούοντες,
1610 208 1655 233 τὸν
1679 205 1746 242 ἦχον
1763 208 1838 233 ἀπν-

1039 256 1190 290 πέμψωμεν
1200 265 1206 270 ·
1219 256 1303 290 στόμα
1319 256 1409 290 ἔχουσι
1422 254 1456 281 τὰ
1474 254 1652 289 γεγραμμένα
1665 262 1671 267 ·
1683 254 1736 279 κᾶν
1752 254 1838 287 ἡμεῖς

1041 302 1270 336 σιωπήσωμεν,οὐ
1288 303 1377 337 σιωπᾷ
1388 302 1422 328 τὰ
1440 302 1588 337 πράγματα
1599 309 1606 315 ·
1618 301 1671 326 κᾶν
1688 301 1775 334 ἡμεῖς
1794 301 1832 335 μὴ

1039 347 1209 383 λαλήσωμεν,
1226 348 1275 374 οὐκ
1295 347 1419 382 ἀνέχεται
1437 347 1568 382 μὴλαλεῖν
1584 346 1620 372 τὰ
1637 346 1837 381 γεγραμμένα.

1082 394 1190 428 Ἐπειδὴ
1204 391 1249 419 οὖν
1267 393 1351 419 ταῦτα
1369 392 1455 424 οὕτως
1468 392 1535 427 ἕχει,
1549 392 1596 418 καὶ
1612 392 1709 417 πισταί
1721 392 1796 416 εἰςιν
1809 392 1837 416 αἱ

1041 442 1165 478 πράξεις,
1179 441 1226 467 καὶ
1240 440 1293 467 τῶν
1310 440 1436 475 πράξεων
1454 439 1592 474 δυνάμεις,
1611 439 1653 464 ὅτι
1666 438 1746 472 σῶμα
1762 436 1838 472 εἶχεν

1040 489 1054 514 ὁ
1068 487 1173 523 Σωτὴρ.
1190 487 1237 514 καὶ
1262 487 1341 522 σῶμα
1363 486 1467 521 Θνητὸν,
1491 486 1538 512 καὶ
1558 485 1636 519 σῶμα
1657 484 1774 519 ἐφύρεσε
1793 484 1839 510 διὰ

1041 534 1074 560 τὰ
1088 534 1210 569 ἡμέτερα
1221 542 1228 548 ·
1241 534 1270 560 τὸ
1287 534 1378 568 ὅμοιον
1395 532 1486 559 λοιπὸν
1504 532 1580 567 ζητεί
1590 540 1596 546 ·
1609 532 1671 566 ἥκει
1684 531 1717 556 δέ
1732 531 1810 565 ἡμᾶς
1825 532 1839 556 ὁ

1041 581 1144 606 ἐκείνου
1168 580 1292 615 ποιητὴς,
1319 579 1366 605 καὶ
1397 578 1450 604 τῶν
1481 577 1622 613 ἡμετέρων
1652 577 1781 611 ποιητής.
1806 577 1839 602 Εἰ

1042 625 1095 660 γὰρ
1121 625 1213 660 ἕτερον
1234 623 1344 660 (64)ἦν,
1372 624 1421 650 οὺχ
1446 623 1478 650 ἂν
1505 623 1568 658 περὶ
1595 623 1697 658 ἐτέρων
1729 622 1838 647 ἐκείνου

1043 672 1170 707 πρόνοιαν
1197 672 1330 697 ἐποιεῖτοε
1357 671 1381 696 εἰ
1403 670 1431 696 δὲ
1455 670 1601 704 πεποίηται
1619 668 1672 695 ὑπὸ
1687 667 1769 697 Θεοῦ,

1043 717 1152 752 πρίηται
1176 716 1204 742 δὲ
1228 716 1297 751 ὑπὲρ
1322 715 1410 750 ἡμῶν,
1436 715 1506 750 ὑπὲρ
1528 715 1582 741 τῶν
1612 714 1684 741 ίδέων
1705 715 1838 740 ἐποιεῖτο.

1045 763 1102 789 ’Ὶνα
1119 763 1173 797 γὰρ
1197 762 1230 788 τὰ
1247 762 1301 788 ἴδια
1323 761 1419 788 ἑαυτοῦ
1445 760 1528 797 σώσῃ,
1550 762 1638 787 ἐκεῖνο
1654 760 1783 795 ἐποίησε,
1805 760 1839 793 τῇ

209 813 270 843 pter
291 808 456 843 noszigitur
483 811 593 842 propter
621 807 729 842 propria
756 807 846 839 ﬁebat,
881 811 909 833 ut
933 815 994 841 qua:

1055 809 1148 836 ¹κείνου
1173 809 1280 844 ποιήσει
1304 808 1412 834 πάντων
1437 808 1491 834 τῶν
1510 808 1582 834 ἰδίων
1607 807 1655 842 τὴν
1677 806 1840 841 ἐλευθερίαν

210 855 318 890 propria
333 858 421 885 erant,
444 854 519 880 salva
534 859 636 881 essent.
654 854 723 880 illud
741 853 815 884 fecit,
838 853 910 880 illius
932 853 995 880 etre-

211 901 301 928 ctione
313 900 434 927 omnium
446 907 558 927 suorutu
574 900 726 926 libertatem
739 903 880 934 operatus.
897 899 996 926 Gratiae

211 945 293 980 igitur
313 945 445 972 debentur
470 945 493 971 ei
520 945 566 979 qtti
596 952 712 979 corpora
731 948 825 971 nostra
853 943 915 971 fecit
931 944 996 979 ;qui

209 998 304 1018 eorum
323 990 438 1025 ignavia:
461 995 541 1025 alque
559 990 674 1025 pigritiae
689 991 829 1025 prospexit
844 995 871 1017 et
895 998 996 1017 constt-

211 1035 263 1063 luit
275 1043 282 1068 ;
294 1037 340 1070 qui
356 1036 430 1063 misit
448 1035 546 1062 Filium
568 1044 648 1063 suum
662 1036 690 1062 in
704 1043 830 1070 corpore,
847 1040 873 1062 et
897 1036 997 1063 nostris

210 1082 373 1117 corporibus
389 1076 486 1116 pignus
504 1081 596 1114 dedit;
615 1085 645 1107 ut
670 1089 724 1108 non
738 1082 793 1115 jam
818 1082 934 1115 amplius
950 1081 997 1107 tle-

210 1128 317 1152 ctamur
332 1129 358 1152 et
373 1125 449 1152 humi
464 1133 622 1158 cernamus,
641 1126 688 1153 sed
708 1126 794 1154 simus
810 1127 873 1153 elati
894 1131 921 1153 et
937 1134 997 1153 erc-

209 1171 246 1198 cti
262 1172 458 1200 communitate
472 1180 630 1208 corporum.

857 1228 923 1256 Car.
944 1228 1002 1256 XX.

247 1284 310 1311 Illos
332 1284 415 1319 igitur
429 1289 590 1319 deceptores
612 1289 638 1311 et
660 1292 770 1312 iauaees
786 1285 812 1311 in
839 1285 890 1312 hoc
906 1285 990 1312 etiam

216 1331 404 1362 attendemus,
430 1329 503 1364 quod
528 1329 555 1356 in
581 1337 695 1363 corpora
722 1330 900 1362 invaserunt,
922 1335 949 1356 et
969 1330 997 1356 in

214 1383 315 1410 corpus
346 1375 468 1402 auctoris
495 1379 716 1409 processerunt,
747 1383 779 1402 ac
805 1379 903 1402 contra
922 1383 999 1403 (ECO-

212 1422 332 1450 nomiam
354 1427 380 1448 et
401 1421 632 1455 dispensationem
659 1420 706 1448 Dei
730 1421 849 1456 linguam
871 1422 1000 1450 extende-

213 1471 299 1500 runt;
317 1474 349 1495 ae
373 1472 468 1494 contra
492 1467 645 1493 libertatem
669 1469 791 1493 nostram
814 1467 847 1494 ad
868 1475 948 1494 usum
974 1465 1034 1495 etC

213 1513 436 1540 exercitationem
455 1512 553 1548 lingua:
570 1512 642 1547 loqui
662 1520 716 1539 non
734 1513 929 1540 dubitaverunt
946 1515 1001 1541 cir-

213 1558 352 1585 culatores
373 1557 486 1592 quidam
506 1561 533 1583 et
555 1557 775 1584 eireumforanei.
805 1557 1000 1592 Congessimus

215 1610 342 1630 acervum
372 1603 518 1629 verborum
548 1602 692 1636 pravitatis
715 1603 817 1630 istius:
842 1603 906 1630 licet
927 1604 1000 1631 enim

214 1657 247 1677 ex
265 1657 321 1676 uno
343 1648 416 1675 aliud
434 1656 587 1682 accusare;
606 1649 660 1676 imo
679 1650 770 1675 omnia
789 1649 917 1684 deinceps
939 1658 1000 1684 per-

215 1699 378 1729 sequentes,
412 1695 504 1721 omnia
538 1695 643 1722 inutilia
672 1699 699 1722 ct
723 1695 811 1721 aliena
832 1695 998 1723 existimare.

215 1740 320 1768 Idcirco
336 1748 386 1767 nos
407 1740 434 1767 in
457 1748 552 1767 omnes
568 1748 708 1767 sermones
723 1741 845 1774 ipsorum
861 1741 1002 1776 hucusque

215 1786 336 1821 delapsi,
358 1794 391 1814 ne
409 1786 624 1821 magnitudinem
650 1786 720 1813 libro
747 1787 933 1821 praebeamus,
955 1788 1001 1816 his

215 1833 348 1859 hactenus
363 1832 444 1859 dictis
461 1832 656 1863 terminetnus,
676 1832 746 1858 facta
765 1840 798 1860 ex
822 1833 916 1867 paucis
935 1834 1001 1861 alio~

216 1887 277 1906 rum
293 1879 476 1911 indieatioue,
493 1882 521 1905 et
537 1886 567 1904 ev
586 1877 668 1904 dictis
695 1878 770 1911 prius
790 1886 884 1906 eorum
905 1879 1002 1907 confu-

217 1925 319 1952 tatione
334 1924 467 1952 confecta.
485 1924 560 1959 Opus
578 1928 668 1950 autern
682 1928 723 1951 est
739 1924 881 1959 diligentia
897 1925 1003 1953 studio—

217 1971 256 1998 sis
267 1991 275 2003 ,
292 1974 321 1997 ut
333 1977 428 1997 omnes
441 1969 593 2004 praestigias
607 1970 774 2004 pnetervceti
788 1978 870 1998 aures
882 1975 1001 2003 servent,

217 2023 252 2042 ne
267 2022 281 2041 a
297 2015 430 2049 pravitate
445 2015 588 2049 capiantur
602 2023 610 2047 ;
629 2019 657 2041 ut
674 2015 728 2042 sint
745 2015 874 2042 custodes
891 2023 1002 2043 suarum

218 2060 324 2087 aurium
335 2080 342 2092 ,
359 2061 457 2095 partim
472 2068 518 2087 eas
535 2060 706 2095 aperientes,
732 2069 794 2088 cum
816 2069 896 2089 verus
913 2069 1003 2089 sermo

218 2105 309 2140 pulsat
324 2115 331 2138 ;
347 2106 444 2140 partim
463 2106 621 2133 claudentes
632 2128 639 2139 ,
654 2114 716 2133 cuiu
735 2107 819 2134 falsus
833 2112 859 2135 et
874 2108 1001 2139 dolosus.

217 2151 360 2178 veritatem
375 2151 507 2178 simulans
522 2152 642 2184 laborat,
660 2157 689 2180 ut
706 2153 732 2180 in
751 2154 880 2181 conclave
905 2155 1003 2182 mentis

218 2196 362 2231 irrumpat.
379 2197 454 2223 Multi
468 2198 540 2224 enim
556 2198 610 2224 [icti
632 2203 658 2225 et
681 2199 802 2225 simulati
823 2199 933 2233 pulsant
955 2208 1004 2226 att-

219 2250 279 2274 res,
293 2243 416 2271 dicentes
432 2253 438 2270 :
462 2243 518 2278 Ego
539 2252 597 2270 sum
613 2243 736 2271 Christus
755 2245 775 2276 θ,
792 2249 819 2271 et
841 2246 941 2272 multos
957 2246 1004 2273 de-

219 2289 338 2324 cipient:
356 2288 427 2316 Unus
445 2295 530 2316 autent
548 2291 620 2317 solus
636 2290 756 2318 Christus
772 2291 792 2323 ",
810 2292 854 2325 qui
874 2295 916 2318 est
938 2292 1004 2318 libe-

219 2337 304 2366 rator,
323 2341 423 2368 praeses
441 2334 561 2361 victoria:
571 2355 578 2366 ,
598 2334 735 2361 beneﬁcus
746 2354 752 2366 ,
766 2334 812 2368 qui
825 2334 1005 2369 dispositione

219 2380 326 2414 pulsat,
345 2381 390 2415 qui
407 2380 559 2407 libertatem
582 2382 608 2407 itt
630 2381 689 2415 ipso
704 2380 780 2407 aditu
794 2381 922 2407 conciliat
934 2401 941 2413 ,
957 2381 1002 2415 qui

221 2426 301 2452 simul
318 2430 346 2452 ut
362 2427 523 2460 ingreditur,
550 2432 660 2460 peccata
678 2427 817 2459 excludit,
834 2427 881 2462 qui
909 2427 937 2453 in
963 2427 1004 2453 in-

220 2479 314 2506 gressu
337 2472 483 2498 amicitiam
504 2481 566 2499 cum
585 2472 663 2500 Patre
679 2474 792 2505 tribuit,
809 2473 856 2508 qui
881 2481 944 2499 mox
961 2473 1003 2499 in-

220 2518 346 2551 grediens
362 2522 463 2553 tropaea
482 2518 508 2545 iu
527 2519 616 2545 anima
635 2520 720 2554 ponit.
758 2526 760 2528 '

255 2649 266 2664 ⁶
287 2649 379 2677 Matth.
398 2657 472 2681 xxtv,
491 2649 536 2676 25.

575 2650 584 2664 ⁷
607 2649 614 2675 Ι
633 2649 697 2675 Cor.
720 2657 784 2679 vtt.,
803 2648 838 2680 6;
860 2647 869 2674 l
887 2647 956 2674 Tim.
974 2655 991 2673 ll
1004 2667 1012 2680 ,

1045 855 1239 890 ὲργατάμενος.
1257 855 1343 890 Χάρις
1356 851 1401 880 οὖν
1426 853 1464 889 τῷ
1481 853 1642 888 πεποιηκότι
1665 852 1700 878 τὰ
1714 851 1839 886 ἡμέτερα

1045 901 1175 936 σώματα,
1202 900 1241 935 τῷ
1269 900 1482 936 προνοησαμένῳ
1518 899 1565 925 καὶ
1601 898 1839 933 ὲρῤᾳθυμηκὸτων

1045 947 1151 978 αὐτῶν,
1180 947 1226 972 καὶ
1256 946 1446 972 ἀποστείλαντι
1475 945 1520 972 τὸν
1546 945 1611 971 ἴδιον
1645 944 1710 970 Υἱδν
1735 945 1765 970 ἐν
1790 943 1840 969 σώ-

1047 1000 1122 1027 ματι,
1148 991 1194 1017 καὶ
1220 991 1346 1017 δεδωκότι
1371 990 1506 1026 ἑνέχειρον
1531 991 1588 1020 τοῖς
1615 989 1764 1024 ἡμετέροις
1787 987 1839 1014 σώ-

1049 1045 1141 1071 μασιν,
1156 1036 1199 1062 ἵνα
1223 1036 1321 1072 μηκέτι
1337 1036 1518 1071 κάμπτωμεν,
1543 1036 1590 1062 καὶ
1613 1035 1705 1070 χαμαὶ
1721 1034 1839 1069 ὁρῶμεν,

1049 1081 1116 1107 ἀλλὰ
1130 1078 1205 1116 ὦμεν
1220 1081 1369 1116 ἐπηρμένοι
1385 1082 1417 1116 τῇ
1435 1081 1560 1116 κοινωνίᾳ
1575 1081 1630 1107 τῶν
1648 1080 1798 1115 σωμάτων.

1025 1229 1177 1259 Conclusio.

1083 1289 1269 1325 Εὑτελίσωμεν
1293 1288 1337 1316 οὖν
1363 1291 1410 1317 καὶ
1432 1292 1460 1317 ἐν
1482 1292 1571 1327 τούτῳ
1591 1292 1656 1323 τοὺς
1679 1293 1840 1325 ἀπατεῶνας

1049 1335 1178 1368 ἐκείνους,
1208 1336 1248 1361 ὅτι
1273 1337 1317 1362 καὶ
1339 1336 1408 1362 κατὰ
1431 1336 1483 1363 τῶν
1510 1338 1645 1373 σωμάτων
1669 1337 1838 1372 βεΰαδίκασι,

1050 1381 1096 1406 καὶ
1113 1381 1183 1408 κατὰ
1205 1381 1251 1408 τοῦ
1277 1381 1395 1409 πλάστου
1420 1383 1603 1418 κεχωρήκασι,
1629 1385 1678 1410 καὶ
1703 1386 1775 1410 κατὰ
1795 1385 1839 1419 τῆς

1050 1427 1203 1462 οἰκονομίας
1226 1428 1272 1454 τοῦ
1300 1428 1366 1455 Θεοῦ
1390 1429 1439 1464 τὴν
1465 1429 1587 1463 γλῶτταν
1615 1430 1772 1463 ἐξέτειναν·
1797 1432 1840 1458 καὶ

1052 1472 1121 1498 κατὰ
1137 1473 1186 1508 τῆς
1203 1473 1358 1510 ἐλευθερίας
1375 1475 1453 1510 ἡμῶν
1470 1475 1558 1501 λαλεῖν
1583 1477 1614 1502 οὺ
1635 1478 1838 1512 παρῃτήσαντο,

1050 1518 1166 1553 ἀγύρται
1186 1520 1256 1551 τινὲς
1279 1520 1354 1552 ὖντες
1375 1521 1421 1547 καὶ
1443 1521 1578 1556 ἀγοραῖοι,
1596 1522 1737 1557 ἄθροισμα
1759 1523 1840 1557 λόγων

1051 1564 1182 1599 πονηρίας
1197 1566 1392 1601 συναγηοχότες
1404 1575 1410 1582 ·
1426 1566 1482 1593 ἔστι
1497 1567 1551 1602 γὰρ
1561 1567 1591 1593 τὸ
1608 1567 1636 1593 ἒν
1655 1569 1786 1603 ἐχόμενον
1798 1570 1840 1594 τὸν

1051 1610 1143 1646 ἕτερον
1159 1611 1294 1639 αἰτιᾶσθαι
1306 1621 1312 1626 ·
1329 1612 1396 1639 ἀλλὰ
1409 1613 1445 1648 μὴ
1460 1615 1548 1640 πάντα
1560 1614 1660 1649 ὲψεξῆς
1674 1615 1838 1646 ἐπεξιόντας.

1052 1655 1140 1682 πάντα
1155 1657 1251 1692 ἀχρεῖα
1267 1658 1314 1684 καὶ
1336 1658 1438 1693 ἔκφυλα
1460 1659 1594 1694 ἡγεῖσθαι.
1619 1660 1670 1686 Διὰ
1692 1661 1775 1687 τοῦτο
1796 1662 1840 1688 m1".

1051 1701 1131 1735 ἡμεῖς
1153 1702 1192 1732 εὶς
1213 1702 1319 1728 ἅπαντα
1343 1703 1420 1736 λόγον
1436 1703 1525 1730 αὐτῶν
1547 1705 1699 1736 κατιόντες.
1718 1707 1756 1741 μὴ
1780 1706 1840 1733 πολὺ

1054 1747 1140 1781 μῆκος
1160 1747 1342 1783 παράσχωμεν
1353 1748 1391 1784 τῷ
1410 1748 1491 1784 λόγῳ,
1507 1751 1587 1785 μέχρι
1605 1750 1710 1777 τούτων
1727 1751 1840 1786 στῶμεν,

1052 1791 1095 1818 διὰ
1118 1792 1172 1819 τῶν
1188 1793 1284 1826 ὀλίγων
1303 1794 1349 1820 καὶ
1366 1795 1399 1821 τὰ
1423 1795 1488 1822 ἄλλα
1509 1797 1708 1830 ὑποδείξαντες,
1731 1799 1780 1824 καὶ
1801 1799 1841 1824 διὰ

1052 1838 1105 1864 τῶν
1136 1839 1335 1874 προλεχοέντων
1362 1841 1407 1866 τὸν
1431 1841 1540 1877 ἔλεγχον
1572 1844 1838 1873 κατασκευάααντες.

1060 1883 1228 1918 Ἐπιμελείας
1256 1885 1284 1911 δὲ
1310 1887 1366 1916 τοῖς
1392 1887 1543 1920 σπουδαίοις
1570 1890 1659 1924 χρεία⁷
1686 1890 1733 1915 ἵνα
1758 1891 1840 1916 πᾶςαν

1053 1929 1178 1963 γοητείαν
1204 1930 1430 1965 ὑπερϐεϐηκότες,
1455 1933 1589 1968 ἀλήπτους
1606 1934 1656 1965 τὰς
1682 1934 1770 1965 ἀκοὰς
1794 1935 1841 1961 ἀπὸ

1054 1975 1103 2009 τῆς
1128 1975 1260 2010 πονηρίας
1286 1975 1499 2010 διαφυλάξωσιν·
1531 1977 1603 2009 ὅπως
1634 1978 1840 2013 κλειδοφὺλακες

1054 2017 1104 2046 ὧςι
1118 2020 1171 2046 τῶν
1184 2021 1287 2047 ἑαυτῶν
1299 2022 1397 2055 ἀκοῶν,
1409 2022 1455 2048 καὶ
1472 2023 1509 2057 πῆ
1527 2023 1575 2058 μὲν
1591 2024 1793 2058 ἁνοιγνύοντες,
1804 2025 1840 2051 Et:

1055 2066 1146 2102 κρούει
1166 2068 1180 2092 6
1204 2067 1306 2102 ἀληθὴς
1328 2067 1420 2102 λόγος·
1442 2069 1478 2103 πῆ
1502 2069 1530 2095 δὲ
1552 2070 1760 2102 ἀποκλείοντες,
1777 2072 1841 2097 ὅτεὸ

1053 2113 1152 2148 ψευδὴς
1166 2114 1213 2139 καὶ
1226 2115 1460 2149 πεφευακισμένος
1476 2115 1714 2150 σχηματιζόμενος
1725 2117 1775 2152 τὴν
1786 2118 1841 2152 ἀλή-

1056 2159 1130 2186 Θειαν
1153 2160 1303 2186 εἰσϐάλλειν
1319 2161 1348 2186 ἐν
1371 2161 1410 2196 τῷ
1426 2162 1531 2197 ταμείῳ
1547 2163 1596 2197 τῆς
1619 2163 1746 2195 διανοίας
1770 2173 1841 2190 amu-

1055 2205 1141 2237 δάζει.
1163 2206 1258 2232 Πολλοὶ
1274 2206 1328 2242 γὰρ
1345 2207 1529 2242 πεπλασμένοι
1547 2209 1592 2234 καὶ
1614 2209 1841 2245 ἐσχηματισμένοι

1056 2251 1105 2283 τὰς
1125 2252 1226 2284 ἀκουὰς
1246 2253 1382 2288 κρούουσι,
1407 2253 1545 2287 λέγοντες·
1569 2254 1642 2288 Ἐγώ
1664 2256 1726 2288 εἰμι
1753 2257 1769 2281 ὁ
1784 2257 1840 2288 Χρι-

1057 2298 1138 2330 στὸς,
1154 2299 1200 2325 καὶ
1217 2299 1327 2331 πολλοὺς
1341 2299 1522 2334 πλανήσουσιν
1531 2308 1537 2315 ·
1549 2297 1601 2332 Εἷς
1611 2299 1645 2325 δὲ
1653 2301 1754 2333 μόνος
1768 2302 1841 2327 écrlr

1043 2342 1074 2367 μό
1090 2341 1226 2375 Χριστὸς,
1241 2343 1255 2367 6
1276 2341 1469 2376 ἐλευθερωτής,
1491 2343 1505 2367 6
1527 2341 1724 2376 τροπαιοῦχος,
1743 2343 1758 2368 6
1777 2343 1841 2376 5659-

1059 2386 1174 2420 γετικὺς,
1189 2387 1202 2412 6
1216 2387 1333 2413 διαθέσει
1350 2387 1465 2423 κρούων,
1490 2388 1504 2413 6
1525 2387 1682 2422 ἐλευθερίαν
1699 2389 1734 2422 τῇ
1759 2389 1840 2422 εἰσόδῳ

1060 2432 1294 2467 μνηστευόμενος¹
1319 2434 1332 2459 6
1352 2434 1410 2468 ἅμα
1430 2433 1469 2468 τῷ
1492 2432 1626 2459 εἰσϐαλεῖν
1646 2432 1790 2465 ὲξοικίζων
1802 2434 1841 2463 τὰς

1060 2476 1205 2512 ἁμαρτίας,
1229 2477 1243 2503 6
1265 2479 1292 2503 ὲν
1312 2480 1344 2513 τῇ
1363 2479 1457 2513 είσόδῳ
1471 2478 1519 2513 τὴν
1541 2478 1631 2512 φιλίαν
1651 2479 1703 2512 τὴν
1723 2480 1790 2514 πῴς
1804 2479 1840 2504 τιν

1060 2523 1169 2558 Πατέρα
1185 2524 1336 2556 ἀποδιδοὺς,
1352 2525 1366 2550 ὁ
1391 2524 1560 2560 παραχρῆμα
1574 2525 1607 2559 τῇ
1624 2525 1723 2560 εἰσόδῳ
1743 2527 1775 2560 τῇ
1790 2527 1841 2551 ἑαν-

1059 2568 1106 2594 τοῦ
1119 2571 1245 2604 τροπαῖα.

1032 2647 1046 2661 P1

1031 2657 1057 2674 ἱ).

259 2728 313 2760 (ϐλ)
334 2729 367 2754 ΕΖ
384 2729 438 2762 γὰρ
452 2729 526 2762 ἔτερ.
543 2728 570 2755 ιιι
585 2733 637 2761 est,
655 2729 676 2755 si
693 2737 746 2755 non
765 2728 860 2756 fuisset
877 2728 999 2762 ejuSdem
1020 2730 1125 2753 natura:
1137 2732 1247 2759 corpus,
1263 2725 1368 2752 scilicet
1380 2725 1539 2755 humanum,
1559 2722 1652 2749 anima
1682 2722 1839 2757 intelligente

223 2762 376 2795 pnnditutu.
394 2763 481 2790 Trnn.
