1905 3072
67 115 153 156 ςεδτ’

67 212 238 224 *—

120 267 229 294 ΤΙΤΟΥ
243 264 455 292 ΕΠΙΣΚΟΠΟΥ
471 262 565 290 ΚΑΤΑ
584 261 800 289 ΜΑΝΙΧΑΙΩΝ.

228 353 380 386 Ὑπόθεσις
395 351 448 379 τοῦ
464 351 579 385 πρώτου
591 351 694 385 λόγου.

110 412 140 438 '0
155 409 263 446 πρῶτος
279 407 398 444 περιέχει
416 407 493 442 λόγος
512 406 620 441 ἔλεγχον
635 406 682 432 καὶ
697 405 850 440 ἀνασκευὴν

66 457 123 485 τῶν
147 456 263 492 μάλιστα
291 454 443 489 κεφαλαίων
470 453 516 480 τοῦ
540 453 674 488 δόγματος
693 451 747 478 τῶν
766 452 852 478 Μανι-

67 502 164 538 χαίων,
181 500 219 532 ὡς
242 500 388 535 ἀλλοτρίως
411 500 499 535 πάντη
521 497 588 534 πρὸς
607 498 656 529 τὰς
677 497 747 524 κατὰ
771 497 852 532 φύσιν

67 548 162 580 κοινὰς
176 547 279 579 ἑννοίας
292 545 417 582 ἑχόντων.

218 603 370 636 ’Υπόθεσις
383 602 436 629 τοῦ
451 600 590 636 δευτέρου
605 601 707 636 λόγου.

108 661 138 687 'U
150 659 275 696 δεύτερος
287 659 484 691 ἀποδείκνυσιν,
498 659 535 690 ὡς
553 659 603 686 οὐκ
621 659 653 685 ἔκ
668 667 740 690 τινος
755 658 805 693 τῆς
819 665 851 692 γε

68 707 108 742 μὴ
136 707 220 742 οὔσης
245 706 361 742 ἀνάρχου
386 705 495 737 κακίας.
521 705 566 732 καὶ
586 705 709 737 ἐναντίας
729 705 768 741 τῷ
792 704 851 741 θεῷ

67 751 158 787 ἀρχῆς
187 751 328 787 ἄνθρωπος
361 749 531 785 πλημμελεῖ·
561 750 607 776 καὶ
633 749 671 781 ὡς
695 749 771 776 οὐδὲν
794 750 853 776 κατ’

67 797 164 823 οὐσίαν
187 797 215 823 ὲν
232 798 287 828 τοῖς
307 794 366 823 οὖσι
386 796 487 822 κακόν
511 795 573 822 οὔτε
591 796 642 831 μήν
663 803 704 826 τις
728 795 854 830 ἀνισότης

68 844 100 870 ὲν
117 844 172 874 τοῖς
197 842 257 870 καθ’
284 843 357 878 ἡμᾶς
383 844 454 869 ἐστι·
473 843 518 869 καὶ
542 842 579 874 ὡς
605 842 692 877 μάτην
719 841 766 867 κα¹ι
792 840 852 867 λίαν

67 888 176 920 ἀσεσῶς
199 889 340 921 κακίζουσι
363 888 412 924 τὴν
439 888 493 914 τῶν
519 888 587 915 ὅλων
611 887 774 923 οἰκονομίαν.
800 885 856 912 Καὶ

559 124 741 153 ADVERSUS
761 123 969 152 MANlCll/EOS
988 124 1248 153 SUPPLEMENTA.

1616 123 1685 151 1258

240 203 1668 219 ___________________..___.

862 261 886 289 Δ
901 259 994 293 TITI,
1017 259 1191 288 EPISCOPI
1218 259 1468 293 BOSTRENSIS,
1488 259 1684 289 ADVERSUS

1170 294 1415 323 IANICIl/EOS.

1137 351 1327 387 Argumentum
1347 351 1408 378 libri
1427 359 1444 378 ι.

936 406 1044 436 Primus
1065 408 1133 436 liber
1154 408 1276 436 continet
1294 407 1508 437 conlutalionem
1533 409 1685 445 praecipuo-

902 461 963 480 rum
983 454 1102 489 capitum
1127 454 1258 482 doctrinae
1282 453 1512 487 Maniclmorum.
1539 462 1599 490 qua
1622 458 1686 482 sunt

902 500 1011 535 penitus
1035 500 1145 532 aliena,
1168 503 1195 527 et
1219 507 1281 527 cum
1310 501 1503 528 communibus
1527 501 1684 529 notionibus

903 548 1000 572 natura
1018 545 1108 573 insitis
1124 550 1152 573 et
1166 545 1323 580 anticipatis
1338 546 1497 581 pugnantia.

1137 600 1326 635 Argumentum
1346 600 1408 627 libri
1427 608 1455 628 ll.

940 655 1081 684 Secundus
1100 656 1168 684 liber
1184 656 1263 684 docet
1287 661 1314 685 et
1335 657 1482 692 explanat,
1500 665 1555 685 non
1572 665 1686 693 peccare

906 700 1040 729 hominem
1056 709 1089 729 ex
1106 699 1223 737 quo‘dam
1238 702 1310 729 malo
1323 707 1425 730 aeterno
1439 707 1466 730 ct
1481 703 1540 730 sine
1553 704 1687 738 principio

905 753 938 774 ac
955 746 1008 774 Deo
1025 748 1181 779 contrario,
1200 747 1272 783 quod
1287 749 1396 783 quidem
1413 757 1466 776 non
1488 754 1529 777 est
1545 759 1551 777 :
1579 753 1605 777 et
1627 751 1688 776 nul—

906 792 961 819 lum
978 800 1038 820 esse
1053 793 1154 820 malum
1171 793 1320 821 secundum
1336 794 1517 821 substantiam
1535 795 1561 821 in
1580 795 1611 822 iis
1627 803 1688 830 qua-

906 842 989 872 sunt;
1004 846 1053 866 nec
1068 839 1149 866 ullam
1164 840 1371 874 imequalitatem
1387 840 1413 867 in
1429 841 1532 868 nostris
1541 841 1641 876 rebus;
1657 850 1689 869 ac

907 891 975 911 vane
989 888 1016 911 et
1031 884 1109 911 valde
1126 885 1207 919 impie
1218 885 1439 920 gubernationem
1455 887 1573 914 universi
1587 887 1690 922 imprm

67 934 138 966 ὅλως
151 934 196 961 τὸν
219 935 281 970 περ).
303 935 434 969 Προνοίας
453 934 559 962 ἃπαντα
573 934 650 969 λόγον
665 932 856 968 κεφαλαιωδῶς

914 929 966 956 nari
981 934 1008 957 et
1023 930 1195 965 reprehendi.
1209 931 1329 966 Denique
1344 939 1451 958 onmem
1468 932 1502 959 de
1516 931 1689 961 Providentia

68 978 278 1015 περιλαμϐάνει,
294 979 464 1011 ἀποδεικνὺς,
488 978 526 1010 ὼς
542 979 653 1014 οὐδεμία
671 978 775 1013 ἀνάγκη
791 978 853 1004 δευ-

67 1025 152 1057 τέραν
166 1024 226 1052 τινὰ
243 1025 289 1052 καὶ
297 1025 419 1052 ἐναντίαν
435 1025 523 1061 ἀρχὴν
541 1024 580 1060 τῷ
602 1023 662 1060 Θεῷ
675 1025 706 1050 ὲκ
717 1023 771 1050 τῶν
786 1031 856 1058 πρα-

68 1071 185 1106 γμάτων
199 1071 330 1098 ὑπονοεῖν.

236 1128 386 1161 Ὺπόθεσις
400 1127 452 1154 τοῦ
473 1130 572 1161 τρίτου
594 1127 698 1162 λόγου.

112 1182 142 1210 '0
165 1183 256 1218 τρίτος
280 1183 350 1219 ὑπὲρ
377 1183 424 1210 τοῦ
452 1183 534 1219 νόμου
559 1183 604 1210 καὶ
631 1183 685 1210 τῶν
711 1182 856 1219 προφητῶν

68 1231 189 1256 ποιεῖται
210 1229 298 1264 λόγον,
314 1229 351 1261 ὡς
375 1229 451 1266 παρὰ
472 1229 519 1256 τοῦ
539 1229 605 1256 Θεοῦ
625 1229 714 1264 πάσης
730 1228 779 1263 τῆς
799 1230 856 1256 Πα-

69 1275 151 1308 λαιᾶς
166 1275 302 1312 Διαθήκης
315 1275 447 1311 δοθείσης.
468 1276 514 1303 καὶ
533 1275 570 1307 ὡς
593 1275 668 1302 οὐδὲν
692 1274 745 1302 τῶν
763 1274 856 1302 αὐτόθι

69 1322 275 1357 πεπραγμένων
288 1331 318 1348 τε
337 1322 384 1349 καὶ
397 1321 564 1357 λελεγμένων
583 1321 692 1356 εὔλογόν
713 1330 774 1348 τινα
796 1330 858 1348 κατ-

69 1367 186 1403 ηγορίαν
200 1367 256 1403 ἔχει
268 1368 314 1394 τοῦ
335 1368 496 1403 ποιῆσαν-τός
508 1377 537 1394 τε
552 1368 598 1394 καὶ
610 1367 774 1403 λαλήσαντος
787 1375 794 1382 ·
811 1367 858 1394 καὶ

69 1413 110 1445 ὡς
123 1413 228 1448 συνῳδὰ
240 1414 328 1441 πάντα
344 1415 376 1450 τῇ
390 1415 477 1449 Καινῇ
489 1414 610 1450 Διαθήκῃ
620 1422 626 1428 ·
639 1414 676 1445 ὡς
691 1413 757 1449 μηδὲ
768 1413 858 1440 ἐντεῦ-

70 1458 119 1485 θεν
133 1459 256 1495 ἀνάγκην
275 1457 355 1491 εἶναι,
369 1459 498 1495 δευτέραν
520 1459 581 1486 τινὰ
603 1459 650 1486 καὶ
668 1459 793 1486 ἐναντίαν
810 1459 858 1495 ἁρ-

71 1505 124 1540 χὴν
141 1504 179 1541 τῷ
195 1504 253 1540 θεῷ
269 1505 401 1532 ὑπονοεῖν.

219 1562 371 1597 ’Υπόθεσις
386 1563 439 1591 τοῦ
459 1565 599 1599 τετάρτου
615 1567 718 1600 λόγου.

908 977 1120 1012 disputationem
1146 980 1302 1007 summatim
1329 980 1529 1016 complectitur.
1557 980 1690 1015 docetque

909 1024 1020 1051 minime
1044 1032 1155 1052 necesse
1178 1033 1240 1052 esse
1264 1027 1396 1061 suspicari
1422 1034 1455 1054 ex
1479 1028 1577 1058 rebus,
1605 1028 1690 1055 ullum

908 1078 969 1098 esse
985 1071 1134 1098 secundum
1152 1071 1314 1106 principium
1326 1091 1333 1103 ,
1353 1071 1407 1099 Deo
1422 1073 1601 1101 contrarium.

1134 1128 1321 1163 Argumentum
1340 1129 1402 1156 libri
1421 1137 1462 1158 nl.

944 1183 1054 1212 Tertius
1080 1184 1149 1212 liber
1174 1193 1223 1220 pro
1247 1185 1305 1220 lege
1329 1189 1356 1213 et
1386 1185 1526 1220 prophetis
1547 1184 1690 1221 disputat:

909 1230 1009 1265 quippe
1031 1238 1093 1257 cum
1117 1234 1203 1258 totum
1219 1230 1304 1259 Vetus
1320 1230 1523 1260 Testamentum
1541 1240 1556 1260 a
1572 1231 1626 1260 Deo
1641 1233 1692 1260 da-

909 1279 966 1303 tum
983 1276 1028 1308 sit,
1054 1281 1081 1304 et
1094 1277 1162 1304 nihil
1181 1284 1276 1304 eorum
1299 1285 1359 1312 quae
1376 1277 1402 1304 in
1421 1285 1454 1305 eo
1471 1277 1542 1305 facta
1559 1281 1605 1305 aut
1620 1277 1692 1306 dicta

910 1325 991 1353 sunt,
1014 1321 1181 1356 probabilem
1204 1322 1406 1350 accusationem
1430 1322 1490 1357 ejus
1511 1323 1558 1357 qui
1580 1322 1645 1350 fecit
1666 1327 1694 1351 et

910 1366 998 1400 dixit,
1021 1367 1139 1401 habeat;
1164 1368 1274 1402 sintque
1299 1368 1391 1395 omnia
1413 1375 1476 1396 cum
1501 1367 1575 1396 Novo
1600 1368 1692 1397 Testa-

911 1417 1004 1440 mento
1019 1413 1218 1441 consentienlia
1232 1423 1238 1442 :
1255 1418 1285 1441 ut
1302 1421 1352 1441 nec
1367 1422 1401 1442 ex
1416 1414 1468 1441 hac
1491 1420 1568 1450 parte
1582 1422 1695 1443 necesse

911 1459 948 1486 sit
979 1459 1099 1494 cogitare
1124 1459 1235 1495 aliquod
1269 1458 1419 1488 secundum
1443 1460 1608 1496 principium
1641 1461 1696 1489 Deo

911 1505 1089 1534 contrarium.

1141 1563 1330 1599 Argumentum
1350 1565 1411 1592 libri
1430 1573 1464 1593 Iv.

114 1618 145 1645 '0
160 1619 288 1655 τέταρτος
303 1620 406 1656 ἐξαιρεῖ
419 1622 466 1648 καὶ
474 1621 523 1657 τὴν
542 1621 646 1657 Καινὴν
661 1621 797 1658 Διαθήκην
810 1621 856 1656 τῆς

947 1619 1068 1653 Quartus
1083 1619 1152 1648 liber
1172 1619 1278 1647 Novum
1298 1619 1503 1647 Testamentum
1527 1620 1561 1647 ab
1585 1620 1693 1648 illorum

72 1665 187 1692 ὶκείνων
202 1666 272 1693 κατὰ
288 1667 355 1693 Θεοῦ
378 1666 561 1703 βλασφημίας,
577 1668 614 1700 ὡς
636 1667 696 1694 οὐδὲ
722 1668 790 1704 πρὸς
812 1667 860 1695 αὒ-

71 1710 124 1746 τὴν
139 1711 276 1744 παντελῶς
296 1712 412 1748 ὲχὸντων
433 1713 494 1740 τινὰ
513 1714 663 1743 κοινωνίαν.
686 1714 733 1741 καὶ
749 1714 788 1745 ὠς
809 1713 859 1748 μά·

70 1763 126 1791 την
143 1756 313 1789 ἐκϐιάζονται
337 1758 406 1794 μέρη
423 1758 455 1793 γέ
471 1767 531 1786 τινα
551 1759 652 1795 ταύτης
669 1759 737 1793 πρὸς
759 1759 859 1786 σύστα-

74 1809 118 1828 σιν
132 1801 180 1837 τῆς
191 1803 279 1830 αὐτῶν
292 1804 418 1836 ἀσεϐείας
428 1813 434 1819 ·
453 1805 498 1832 καὶ
509 1805 547 1837 ὡς
562 1805 578 1841 ή
594 1806 664 1832 κατὰ
677 1806 722 1832 τὸν
738 1805 859 1833 διάϐολον

71 1847 300 1885 ὑπόθεσιςιοωὲν
327 1850 418 1883 αὐτοῖς
441 1851 596 1888 συναίρεται
619 1851 687 1887 πρὸς
711 1851 729 1878 ἃ
752 1851 860 1886 λέγουσι

73 1892 146 1920 κατὰ
162 1893 241 1922 Θεοῦ.

912 1665 1081 1701 blasphemia
1100 1666 1127 1693 in
1145 1665 1228 1693 Deum
1244 1664 1380 1698 defendit.
1396 1670 1425 1693 ut
1441 1666 1487 1702 qui
1503 1666 1605 1694 nullam
1619 1674 1695 1702 pror-

913 1719 960 1741 sus
977 1713 1194 1740 communionem
1210 1720 1272 1740 cum
1288 1720 1321 1740 eo
1340 1713 1468 1746 habeant,
1492 1717 1519 1741 et
1541 1713 1642 1741 [rustra
1665 1721 1696 1742 ac

911 1765 980 1785 vane
1002 1758 1134 1793 quasdam
1151 1761 1242 1793 partes
1259 1758 1319 1793 ejus
1332 1759 1364 1786 ad
1381 1759 1600 1787 constituendam
1618 1767 1696 1787 suam

913 1804 1080 1839 impietatem
1107 1812 1156 1839 per
1178 1805 1233 1832 vim
1259 1805 1389 1838 trahant;
1416 1805 1542 1840 quodque
1570 1805 1596 1832 id
1624 1805 1696 1840 quod

913 1850 1048 1878 dlabolice
1064 1850 1228 1885 subjiciam,
1243 1851 1313 1878 nihil
1333 1859 1381 1879 eos
1401 1851 1478 1886 juvat
1500 1851 1534 1878 ad
1556 1859 1588 1879 ea
1612 1851 1697 1879 stabi-

912 1890 1003 1923 lienda
1019 1902 1079 1930 qua:
1095 1899 1190 1923 contra
1206 1894 1289 1923 Deum
1306 1894 1410 1935 dicunt.

664 2009 1101 2055 SUPPLEMENTA

75 2107 102 2137 E
123 2105 290 2137 Parallelis
305 2105 535 2136 Damascenici:
560 2103 839 2145 Bupefuoaldinis,
865 2104 903 2136 ad
925 2104 1023 2136 libros
1036 2105 1077 2136 IV
1092 2104 1243 2136 adversus
1263 2105 1451 2137 Manichaee
1467 2105 1530 2136 Titi
1546 2106 1698 2137 Bostren-

780 2164 825 2186 Sis
840 2163 993 2195 episcopi.

278 2329 319 2356 Ex
332 2328 444 2357 Joannis
462 2329 618 2357 Damasceni
629 2336 700 2358 sacr.
718 2329 843 2360 Parallel.
858 2331 924 2366 Opp.
941 2337 1004 2361 tam.
1022 2331 1055 2365 11,
1068 2340 1130 2367 pag.
1147 2329 1211 2362 765,
1225 2329 1292 2357 edit.
1316 2328 1406 2357 Paris.
1424 2315 1509 2356 t7l2l

79 2402 136 2430 Τοῦ
147 2401 232 2437 ἁγίου
253 2400 337 2427 Τίτου
351 2400 517 2437 ἐπισκόπου
529 2400 669 2437 Βόστρῳν
679 2399 713 2427 ἐκ
727 2400 780 2428 τοῦ
789 2401 856 2428 κατε

915 2402 1007 2430 Sancti
1023 2402 1077 2430 Titi
1102 2400 1216 2437 episcopi
1230 2399 1407 2437 timuerunt,
1433 2405 1466 2425 ex
1493 2397 1559 2425 [iuro
1582 2405 1590 2424 ι
1610 2403 1701 2426 contra

269 2435 440 2469 Μανιχαιων
457 2435 550 2469 λόγου
566 2438 591 2461 α’
603 2435 669 2471 (65).

113 2489 240 2524 Πῶςοῦν,
257 2491 319 2526 φὴς.
337 2490 518 2525 ἀναστήσεται
530 2491 560 2517 τὸ
580 2491 669 2526 σῶμα,
686 2491 710 2518 εἰ
733 2491 801 2527 σὰρξ
815 2492 863 2518 καὶ

77 2536 148 2574 αἷμα
165 2536 302 2574 βασιλείαν
316 2535 383 2563 Θεοῦ
404 2535 604 2572 κληρονομῆσαι
623 2538 653 2564 οὺ
669 2537 794 2566 δύνανται
807 2546 815 2570 ς
831 2538 862 2564 οὐ

75 2585 167 2612 τοίνυν
197 2583 266 2614 ἐστὶ,
295 2583 386 2617 φασὶν,
409 2582 513 2617 νεκρῶν
542 2583 697 2615 ἀνάστασις.
722 2583 791 2611 Οὔτε
807 2585 864 2615 τοῖς

74 2629 206 2664 ἀνωτέρω
213 2628 256 2655 διὰ
264 2627 392 2655 πλειόνων
400 2627 514 2663 λεχθεῖσι
522 2628 566 2654 τὸν
578 2629 639 2656 νοῦν
649 2630 679 2656 οὐ
688 2629 863 2666 παρέχουσιν,

73 2676 135 2704 ἀλλ’
146 2675 239 2711 ὥσπερ
253 2674 323 2716 τινες
344 2675 371 2700 ὲν
385 2674 524 2707 διαμοναῖς
543 2675 713 2710 πραγμάτων
726 2675 864 2703 ἀδικωτά-

75 2731 144 2753 των,
155 2721 186 2748 τὸ
200 2721 304 2752 ἑαυτοῖς
320 2719 466 2756 προσφιλὲς
482 2721 521 2752 εἰς
531 2720 579 2755 τὴν
592 2721 720 2748 ὑπόνοιαν
735 2721 784 2758 τῆς
799 2727 873 2757 σφε-’

109 2798 167 2834 (65)
192 2798 239 2825 Ἐκ
255 2798 309 2834 toﬁ
322 2798 396 2834 κατά
408 2800 516 2831 Μανικ,
528 2797 619 2833 ,λόγου
632 2801 668 2834 α’.
680 2797 855 2834 Nequaquam

77 2832 137 2862 haec
151 2832 179 2861 in
194 2834 271 2861 libris
289 2832 342 2860 Titi
360 2833 515 2861 Bostrensis
529 2839 621 2860 contra
638 2832 809 2866 Manichwos,
828 2838 857 2861 ut

239 2879 371 2909 ΡΔτιια..
388 2878 447 2909 Gn.
464 2878 578 2909 XVIII.

1224 2434 1249 2461 Μ
1253 2434 1394 2461 αιιὶείιωοε.

951 2493 1066 2526 Quinam
1091 2492 1174 2527 igitur
1195 2490 1250 2522 ﬁet,
1273 2488 1374 2524 inquis.
1396 2492 1426 2516 ut
1440 2494 1539 2521 corpus
1560 2492 1703 2523 resurgat,

914 2538 937 2566 si
952 2545 1016 2566 caro
1033 2541 1061 2565 et
1081 2537 1193 2571 sanguis
1215 2543 1329 2572 regnum
1343 2534 1390 2562 Dei
1407 2533 1548 2569 possidere
1563 2541 1618 2560 non
1638 2541 1703 2568 pos-

914 2583 994 2611 sunt?
1009 2589 1180 2617 nequaquam
1191 2581 1273 2616 igitur
1284 2584 1326 2608 est
1339 2578 1506 2607 resurrectio
1518 2581 1702 2605 mortuorum.

915 2629 963 2657 His
973 2637 1034 2665 qua;
1049 2629 1176 2664 superius
1192 2628 1305 2662 copiose
1326 2627 1399 2653 dicta
1419 2628 1494 2657 sunt,
1509 2625 1632 2653 animum
1647 2632 1704 2652 non

916 2675 1078 2706 advertunt;
1095 2673 1160 2705 sed,
1185 2673 1259 2701 velut
1278 2672 1390 2707 quidam
1415 2670 1595 2706 iniquissimis
1613 2670 1641 2697 in
1655 2678 1704 2698 ne-

915 2720 997 2756 gotiis
1014 2724 1237 2755 perseverantes,
1261 2718 1287 2746 id
1303 2718 1376 2754 quod
1395 2717 1445 2745 sibi
1479 2716 1511 2744 ad
1538 2716 1703 2751 impietatem

911 2805 983 2860 tiu-ac
1011 2801 1120 2825 exstant
1156 2804 1189 2825 ex
1218 2795 1396 2825 translatione
1421 2794 1574 2828 Turriani.
1604 2793 1703 2839 reperi3

934 2841 1042 2860 εουτεκ.

934 2841 1042 2864 Εουτεκ.

1526 2863 1585 2908 ἰο
