1905 3072
230 122 300 151 1259

774 122 842 153 TITI
860 122 1074 153 BOSTBENSIS
1093 122 1244 153 EPlSCOPl

1782 125 1844 154 ιτσῡ

231 188 308 209 suam
320 179 440 207 arridere
460 180 652 215 suspicantur.
671 188 725 208 non
742 181 816 216 quod
830 182 933 216 justum
949 187 990 209 est

1063 182 1143 217 τέρας
1164 181 1301 214 ἀσεῦείας,
1318 180 1347 207 οὐ
1371 181 1401 207 τὸ
1423 181 1525 208 δίκαιον
1546 181 1696 217 αἱροῦνται.
1714 181 1774 209 Οὐκ
1792 182 1844 209 ἔστι

230 226 344 261 eligunt.
361 225 431 253 Caro
444 227 618 262 passionihus
629 227 744 255 obnoxia
755 235 810 255 non
824 229 952 263 resurgit.
965 228 1010 255 in-

229 271 289 306 quit
306 271 452 307 Apostolus
464 292 471 304 ,
490 280 583 307 neque
600 281 724 300 crassum
739 281 839 308 corpus
867 281 922 300 una
947 281 1009 301 cum

229 318 436 352 agritudinibus
473 318 531 350 suis
565 318 644 346 vivet.
674 319 806 352 Quocirca
836 320 1008 355 perspicuam

229 363 387 397 quaestionis
404 364 656 399 interpretationem
687 365 799 392 subdit:
827 365 892 392 Ecce
915 371 1011 400 myste-

228 409 298 434 rium
322 407 393 434 vobis
417 408 496 434 dico:
522 417 610 436 omnes
635 409 737 444 quidem
756 418 808 436 non
827 409 1007 442 dormiamus,

227 453 272 480 sed
288 462 376 480 omnes
389 454 589 482 immutabimur
607 455 628 483 ⁸.
651 455 729 483 Unde
753 464 803 484 nos
817 457 863 491 qui
881 457 948 484 salvi
967 457 1009 484 fu-

227 499 282 525 turi
296 507 408 531 sumus,
435 503 611 529 mutationem
636 502 828 534 admittemus,
848 503 1009 537 corporibus

227 545 338 573 meliore
363 548 434 572 statu
452 553 484 573 ac
504 546 661 574 conditione
689 547 808 575 donatis.
841 548 880 575 Ac
909 555 1008 583 corpus

226 592 335 626 quidem
362 592 423 624 erit,
444 592 514 626 quod
532 593 611 621 nobis
629 594 779 621 mutatione
801 594 846 621 illa
875 594 1005 622 dabitur:

226 641 253 663 at
267 644 320 663 non
344 637 454 671 perinde
484 645 547 665 caro
570 643 596 665 et
625 639 736 674 sanguis
763 647 824 666 cum
852 639 1008 668 inﬁrmitate

225 683 396 717 complicata.
413 682 471 710 Non
484 684 555 711 enim
566 684 618 711 hoc
633 685 692 719 ipso
703 685 775 720 quod
792 693 892 720 corpus
905 686 1006 721 aliquid

225 728 271 760 sit,
288 729 353 756 illud
369 730 498 757 continuo
516 737 580 757 caro
604 738 712 767 quoque
741 735 793 759 est.
810 731 857 759 Sol
873 733 953 767 plane
980 737 1007 760 et

225 773 288 801 luna
317 779 343 801 et
365 775 453 802 omnis
478 775 596 803 cmlestis
624 777 744 805 chorus.
772 785 872 812 corpus
895 778 1006 806 omnino

224 823 304 852 sunt,
330 828 499 856 nequaquam
525 826 614 848 autem
643 829 719 850 caro.
749 823 889 858 Ejusmodi
923 832 1005 860 porro

1063 229 1130 264 σὰρξ
1155 228 1280 264 ἐμπαθὴς
1307 228 1485 262 ἀνισταμένη,
1512 227 1594 262 φησὶν
1620 227 1634 253 ὁ
1667 227 1843 260 ’Δτούστο).ο;,

1060 274 1120 300 οὐδὲ
1141 275 1214 309 παχὺ
1243 274 1321 309 σῶμα
1345 271 1422 305 αὖθις
1445 273 1579 308 μετὰ-τῶν
1597 272 1691 299 παθῶν
1710 273 1844 300 πολιτεύε-

1060 329 1104 346 ται
1117 320 1181 355 (66).
1200 320 1245 346 Διὸ
1265 320 1361 354 ἐπάγει
1380 319 1450 354 σαφῆ
1469 318 1616 354 ἑρμηνείαν
1630 319 1680 353 τῆς

1061 376 1128 398 σεως
1138 374 1144 381 ·
1154 366 1226 393 Ἰδοὺ
1234 365 1402 401 μυστήριον
1414 364 1484 399 ὑμῖν
1498 364 1574 398 λέγω
1586 373 1592 379 ·
1610 363 1723 396 πάντες
1735 364 1798 398 μὲν
1813 365 1845 390 οὐ

1059 412 1306 447 κοιμηθησόμεθα,
1326 411 1436 443 πάντες
1453 410 1487 437 δὲ
1503 411 1754 445 ἀλλαγησόμεθα·
1778 410 1845 436 ὥστε

1061 458 1210 494 μεταϐολὴν
1220 457 1316 493 ἕξομεν
1332 458 1356 483 οἱ
1370 457 1554 492 σωθησόμενοι
1568 455 1614 481 ἐπί
1624 464 1685 482 τινα
1701 456 1845 491 κφίττονα

1060 504 1193 539 σωμάτων
1220 503 1394 530 κατάστασιν.
1421 502 1476 528 Καὶ
1508 501 1586 536 σῶμα
1607 500 1657 536 μὲν
1672 501 1792 527 ἕσταιτδ
1815 502 1844 527 ὲκ

1060 550 1209 585 μεταϐολῆς
1223 549 1358 584 διδόμενον
1375 549 1450 583 ἡμῖν,
1465 547 1556 574 οὐκέτι
1576 547 1604 574 δὲ
1629 547 1698 582 σὰρξ
1715 548 1765 574 καὶ
1779 545 1845 582 αἷμα

1059 595 1184 631 ἀσθενείᾳ
1209 594 1448 630 συμπεπλεγμένα.
1464 594 1500 620 Οὐ
1525 594 1578 629 γὰρ
1593 594 1618 620 εἶ
1629 602 1656 620 τι
1672 593 1766 628 σῶμα,
1781 594 1845 620 πᾶν-

1057 649 1111 672 τως
1125 641 1172 667 καὶ
1197 639 1274 676 σάρξ.
1289 640 1382 670 ’Ἤλιος
1408 639 1474 672 γοῦν
1499 639 1545 665 καὶ
1569 638 1667 673 σελήνη
1691 638 1740 664 καὶ
1764 639 1817 670 πᾶς
1831 638 1844 663 ὸ

1056 685 1180 721 οὐράνιος
1203 686 1292 721 χορὸς,
1313 684 1391 719 σῶμα
1417 684 1465 718 μὲν
1482 683 1592 709 καθόλου
1613 683 1758 717 τυγχάνει,
1781 683 1845 718 σὰρξ

1056 731 1084 757 δὲ
1096 731 1231 766 οὐδαμῶς.
1250 730 1383 766 Τοιαύτην
1397 729 1457 757 τινὰ
1471 729 1541 755 ἰδέαν
1558 729 1671 764 λήψεται
1689 728 1720 754 τὸ
1734 728 1843 754 ἀνιστά-

1061 786 1140 812 μενον
1153 777 1242 813 σῶμα,
1259 777 1329 803 ὥστε
1343 776 1390 808 τὰς
1403 777 1457 803 τῶν
1468 775 1552 810 ἁγίων
1566 775 1656 810 ψυχὰς
1671 775 1844 809 συνοικήσειν

1059 823 1164 859 σώματι
1178 823 1280 855 λοιπὸν,
1298 822 1387 849 οὐκέτι
1404 831 1435 857 γε
1446 823 1550 857 τροφῆς
1560 821 1679 856 δεομένῳ
1698 820 1843 855 σαρκικῆς,

224 867 341 900 speciem
358 868 501 902 quamdam
518 867 627 895 habebit
643 876 742 904 corpus
767 871 839 905 quod
867 858 1002 906 resurget;

1056 869 1145 896 οὐκέτι
1160 869 1187 896 δὲ
1202 869 1307 905 ἡδοναῖς
1324 877 1352 895 τε
1382 869 1427 895 καὶ
1436 868 1544 899 λύπαις,
1562 868 1608 894 καὶ
1619 866 1750 902 ἀλγηδόσι
1771 875 1843 901 περι-

223 913 260 939 ita
279 917 308 940 ut
322 919 477 941 sanctorum
493 915 590 942 animae
605 923 667 942 cum
684 923 799 950 corpore
815 916 944 952 deinceps
958 918 1006 944 ha-

223 958 318 991 bitent,
331 959 402 994 quod
417 960 546 987 alimento
564 962 700 996 corporali
715 966 806 989 tamen
818 963 934 997 amplius
950 971 1004 991 non

222 1010 312 1039 egeat;
328 1007 393 1040 quin
410 1014 459 1033 nec
484 1006 511 1034 in
528 1007 736 1040 oblectationes,
755 1016 841 1043 neque
864 1009 891 1036 in
920 1009 1005 1037 mole-

222 1052 288 1078 stias
302 1057 327 1079 et
340 1052 447 1081 dolores
465 1052 583 1086 incidat;
608 1054 656 1081 sed
671 1054 699 1081 in
714 1055 807 1090 gloria:
819 1062 875 1082 sum
891 1063 1004 1083 consor-

222 1102 275 1125 tem
290 1099 407 1126 animam
425 1098 546 1126 divinum
557 1100 632 1126 illum
645 1100 748 1128 cultum
769 1101 904 1129 ullatenus
915 1106 1004 1130 trans-

221 1143 299 1175 ferat,
318 1145 400 1172 ﬁnitis
414 1145 622 1177 certaminibus,
639 1139 666 1173 et
684 1146 774 1173 anima
788 1146 898 1174 decreto
915 1147 961 1174 Dei
976 1148 1002 1175 in

221 1189 342 1223 requiem
367 1197 445 1216 suam
469 1189 603 1225 digressa.
624 1189 738 1225 Insuper
754 1199 817 1218 vero
842 1191 893 1219 hoc
917 1196 1002 1220 totum

220 1235 306 1268 aperit
324 1238 349 1262 et
361 1234 490 1267 elucidat,
508 1243 539 1262 ac
555 1237 765 1265 resurrectionis
781 1239 915 1266 rationem
930 1239 1004 1267 edis-

220 1279 296 1307 serit.
317 1278 431 1306 dicendo
449 1289 454 1306 :
476 1279 608 1312 Quoniam
632 1286 730 1315 oportet
753 1284 924 1317 corruptibile
957 1285 1003 1311 hoc

220 1325 326 1352 induere
341 1326 560 1360 incorruptionem
571 1347 578 1358 ,
595 1331 619 1354 et
636 1328 745 1355 mortale
760 1328 808 1356 hoc
828 1329 936 1357 induere
952 1331 1003 1357 im-

220 1371 411 1398 mortalitatem
428 1373 447 1399 ⁹.
471 1371 541 1399 llinc
565 1381 660 1400 verum
689 1375 724 1401 sit
748 1375 836 1402 illud:
861 1374 1002 1411 Corraptio

219 1417 438 1451 incorruptionem
469 1417 621 1444 hwreditate
642 1426 693 1444 non
717 1418 814 1446 obtinet
832 1419 864 1446 '°.
895 1419 962 1446 Nam
979 1420 1002 1447 si

218 1462 355 1497 quispiam
380 1463 430 1490 hoc
451 1463 563 1495 diceret,
578 1464 650 1498 quod
668 1472 733 1492 caro
748 1473 800 1491 una
819 1472 883 1492 cum
911 1466 1001 1494 insitis

220 1508 247 1535 in
267 1516 298 1535 ea
314 1507 503 1536 adiectionibus
521 1517 683 1544 resurgens,
708 1510 843 1545 ejusmodi
868 1511 903 1538 sit
918 1511 1000 1539 vitam

219 1558 324 1586 actura,
340 1558 370 1580 ut
389 1555 482 1582 eadem
499 1555 580 1582 simul
605 1563 666 1582 cum
688 1557 777 1583 anima
791 1549 958 1592 perpetiatur
975 1561 1001 1584 et

219 1605 299 1635 agat,
318 1600 416 1627 rationi
432 1605 645 1629 consentaneum
661 1611 716 1629 non
735 1606 817 1634 esset,
840 1602 912 1637 qmid
929 1602 1000 1629 bona

219 1653 267 1680 spe
281 1649 396 1673 careret.
414 1645 462 1672 Sin
473 1654 537 1674 vero
564 1647 630 1674 illud
655 1647 743 1682 ipsum
771 1647 947 1679 mutationem
973 1648 999 1674 in

219 1691 358 1717 meliorem
384 1695 411 1718 et
425 1691 528 1719 felicem
544 1696 645 1719 statum
669 1693 789 1728 accipit,
817 1692 869 1719 hoc
894 1693 1000 1727 egregie

217 1737 415 1764 demonstravit
435 1738 471 1764 ita
489 1738 624 1773 loquens:
651 1738 757 1773 Oportet
781 1739 850 1765 enim
870 1739 1001 1772 corrupti-

218 1782 269 1810 bile
282 1783 329 1809 Ιιοε
350 1783 456 1810 induere
472 1783 706 1818 incorruptionem,
723 1788 747 1810 et
762 1783 872 1810 mortale
896 1784 943 1810 hoc
958 1784 1000 1810 in»

217 1826 296 1854 duere
321 1827 555 1855 immortalitatem.
582 1827 659 1854 Justa
684 1828 793 1862 quidem
815 1829 999 1856 remuneratio

216 1878 259 1900 est
274 1874 466 1907 instrumenti,
491 1874 563 1909 quod
590 1874 714 1901 laborum
740 1874 837 1901 animze
864 1875 999 1910 particeps

217 1918 286 1946 fuit:
303 1928 353 1947 nec
369 1928 434 1947 vero
448 1928 478 1948 ea
493 1920 623 1947 damnosa
638 1923 680 1947 est
694 1940 701 1952 ,
726 1928 776 1947 nec
793 1921 933 1949 laboribus
950 1923 1000 1949 ob-

218 1966 308 1993 noxia.
324 1966 405 2001 Atqui
433 1966 460 1993 in
489 1966 540 1993 hac
558 1966 634 1993 beata
653 1966 707 1994 vita
723 1967 790 1994 tales
815 1975 877 1995 esse
903 1975 997 1995 eorum

216 2011 264 2045 qui
283 2012 405 2039 salvandi
421 2016 495 2045 sunt,
514 2012 619 2039 animas
643 2016 768 2046 oportet;
795 2017 825 2039 ut
851 2017 997 2048 cagnatum

216 2055 327 2090 quidem
349 2056 401 2083 sibi
418 2064 518 2091 corpus
538 2056 686 2091 recipiant,
709 2064 763 2083 non
791 2062 879 2084 autem
907 2057 996 2092 ipsum

1055 916 1189 946 πίπτοντι,
1205 916 1260 942 ἀλλ’
1284 914 1314 942 εὖ
1331 915 1401 950 μάλα
1420 914 1539 949 ὁμοδόξῳ
1553 916 1586 949 τῇ
1608 914 1681 948 ψυχῇ
1699 913 1842 948 προσάπαν

1053 961 1103 997 τὴν
1127 961 1216 988 ἔνθεον
1243 961 1369 997 λατρείαν
1387 961 1519 996 μηδέποτε
1541 960 1720 990 ἀνατείνοντι,
1740 968 1843 985 πεπαυ-

1056 1007 1142 1042 μένων
1165 1007 1220 1033 τῶν
1241 1006 1449 1042 ἀγωνισμάτων.
1464 1006 1511 1032 καὶ
1531 1006 1600 1041 πρὸς
1616 1005 1781 1032 ἀνάπαυλαν
1796 1005 1842 1039 τῆς

1053 1051 1142 1088 ψυχῆς
1168 1052 1413 1087 ἀνακεχωρηκυίας
1426 1051 1541 1086 δόγματι
1557 1050 1635 1077 Θεοῦ.
1658 1051 1721 1076 Ἐπὶ
1737 1050 1766 1076 δὲ
1781 1050 1842 1075 τοὺ-

1053 1106 1108 1130 τοις
1120 1098 1261 1133 σαφηνίζει
1279 1098 1384 1124 ᾶπαντα.
1399 1097 1444 1123 τὸν
1459 1097 1546 1130 λόγον,
1556 1097 1657 1123 καὶτὸν
1673 1096 1776 1131 τρόπον
1795 1095 1842 1130 τῆς

1053 1145 1225 1176 ἀναστάσεως
1243 1144 1379 1178 ἐξηγεῖται
1394 1143 1495 1177 λέγων’
1516 1143 1580 1169 ’Ὁτι
1596 1142 1644 1168 δεῖ
1658 1142 1693 1168 τὸ
1710 1142 1842 1175 φθαρτὸν

1053 1191 1139 1217 τοῦτο
1145 1190 1327 1217 ἐνδύσασθαι
1337 1190 1518 1224 ἀφθαρσίαν,
1533 1188 1582 1216 καὶ
1595 1188 1628 1215 τὸ
1637 1187 1841 1220 θνητὸντοῦτο

1051 1235 1234 1262 ἐνδύσασθαι
1246 1236 1422 1262 ἀθανασίαν.
1438 1234 1547 1270 Ἀληθὲς
1558 1234 1591 1261 ἂν
1599 1235 1640 1269 εἴη
1652 1233 1681 1260 τό
1689 1242 1696 1248 ο
1706 1233 1743 1260 Ἡ
1749 1233 1841 1267 φθορὰ

1051 1282 1109 1316 τὴν
1121 1283 1290 1317 ἀφθαρσίαν
1310 1278 1346 1309 οὐ
1368 1281 1554 1316 κληρονομεῖ.
1581 1281 1612 1307 Εἰ
1638 1281 1687 1316 μὲν
1715 1281 1772 1315 γάρ
1801 1289 1842 1311 τις

1052 1329 1129 1355 τοῦτο
1140 1328 1239 1363 ἔλεγεν,
1255 1329 1295 1355 ὃτι
1313 1330 1329 1364 ή
1347 1328 1414 1364 σὰρξ
1428 1328 1485 1363 ἅμα
1505 1329 1560 1359 τοῖς
1578 1326 1710 1362 ὲμφύτοις
1726 1326 1841 1352 πάθεσιν

1051 1373 1128 1406 αὖθις
1137 1375 1275 1401 ἀναστᾶσα
1290 1374 1413 1409 ζήσεται,
1431 1374 1464 1400 τὰ
1481 1373 1550 1401 αὐτὰ
1565 1374 1709 1408 πασχουσὰ
1736 1381 1767 1399 τε
1796 1373 1843 1399 καὶ

1051 1419 1160 1454 δρῶμας
1174 1418 1241 1455 (66“)
1257 1420 1314 1454 ἅμα
1325 1421 1356 1454 τῇ
1373 1419 1445 1454 ψυχῇ
1456 1439 1462 1450 ,
1474 1417 1508 1453 ἦν
1519 1419 1551 1445 ἂν
1568 1419 1662 1451 ἄλογος
1675 1418 1726 1444 οὐκ
1743 1418 1841 1452 ἔχουσα

1052 1465 1155 1501 ἀγαθὴν
1164 1465 1266 1492 ὲλπίδα¹
1280 1467 1304 1491 εί
1311 1465 1339 1492 δὲ
1349 1465 1497 1500 μεταϐολὴν
1505 1464 1569 1491 αὐτὸ
1577 1464 1609 1499 δὴ
1619 1464 1697 1490 τοῦτο
1709 1463 1840 1498 λαμδάνει

1052 1510 1204 1546 κρείττονος
1218 1510 1264 1536 καὶ
1283 1509 1420 1545 μακαρίας
1435 1508 1525 1541 ἕξεως,
1548 1508 1615 1542 ὅπερ
1631 1507 1778 1538 δεικτικῶς
1794 1515 1841 1540 ση-

1053 1557 1153 1592 μαίνει,
1169 1556 1295 1590 φὰσκων·
1312 1555 1362 1582 Δεῖ
1379 1555 1433 1590 γὰρ
1450 1554 1482 1581 τὸ
1499 1554 1630 1588 φθαρτὸν
1645 1553 1735 1580 τοῦτο
1752 1553 1841 1579 ὲνδύ-

1052 1604 1162 1630 σασθαι
1186 1602 1365 1636 ἀφθαρσίαν,
1381 1601 1429 1628 καὶ
1450 1601 1483 1627 τὸ
1495 1600 1604 1633 θνητὸν
1613 1599 1701 1626 τοῦτο
1712 1599 1842 1625 ἐνδύσα-

1051 1650 1120 1675 σθαι
1133 1647 1310 1675 ἁθαναιτίαν.
1329 1646 1425 1672 Δικαία
1435 1647 1482 1680 μὲν
1491 1645 1537 1672 τοῦ
1552 1644 1741 1679 συγκαμόντος
1758 1644 1841 1679 ἐργα-

1051 1694 1121 1720 λείου
1135 1695 1168 1729 τῇ
1181 1692 1253 1728 ψυχῇ
1271 1693 1288 1728 ἡ
1306 1692 1441 1723 ἀπόδοσις,
1461 1691 1511 1717 οὐκ
1529 1690 1674 1724 ἐπιζήμιος
1692 1689 1719 1715 δὲ
1735 1689 1784 1715 καὶ
1804 1688 1842 1714 ἔτι

1051 1737 1178 1768 ἐπίπονος
1199 1738 1296 1773 ταύτῃ.
1317 1737 1385 1764 Ἀλλ’
1404 1738 1432 1762 ὲν
1451 1736 1488 1771 τῷ
1506 1735 1632 1771 μακαρίῳ
1650 1734 1720 1769 (βίῳ)
1738 1733 1841 1764 ταύτας

1052 1783 1160 1810 ἔσεσθαι
1172 1783 1226 1810 τῶν
1246 1783 1403 1818 σωζομένων
1421 1782 1469 1813 τὰς
1480 1781 1566 1816 ψυχὰς
1590 1780 1773 1814 ἀπειληφυῐας
1793 1778 1842 1814 μὲν

1052 1829 1082 1855 τὺ
1111 1829 1248 1865 σύμφυτον
1282 1829 1376 1860 αὑταῖς
1408 1828 1495 1863 σῶμα,
1513 1828 1543 1853 οὐ
1577 1827 1668 1862 μέντοι
1694 1825 1766 1860 βαρῦ
1796 1826 1842 1851 καὶ

1052 1876 1162 1910 γεῶδες,
1174 1876 1221 1902 καὶ
1239 1876 1370 1911 σαρκικῆς
1382 1875 1528 1910 ἐπιθυμίας
1539 1873 1632 1908 γέμον,
1649 1871 1778 1906 καθάπερ
1792 1871 1841 1905 τὴν

1051 1921 1148 1957 ἀρχὴν,
1170 1921 1214 1947 ὅτε
1240 1920 1271 1956 δὴ
1301 1920 1436 1955 προσῆκον
1451 1917 1484 1954 ἧν
1507 1918 1546 1953 τῷ
1564 1917 1650 1952 ἀγῶνι
1666 1917 1717 1951 τῆς
1739 1916 1841 1951 ἀρετῆς

1051 1967 1258 2002 ἐνευδοκιμῆσαι
1279 1966 1398 1997 ταύταις.
1421 1964 1523 1991 ’Δδικία
1548 1963 1612 1998 γὰρ,
1627 1963 1650 1989 εἰ
1674 1961 1759 1998 μὴτὸ
1773 1969 1842 1996 συμ-

1051 2014 1171 2048 πονῆσαν
1186 2014 1217 2048 τῇ
1241 2012 1312 2047 ψυχῇ
1334 2011 1412 2046 σῶμα
1433 2010 1503 2036 κατά
1519 2009 1597 2038 τήνδε
1619 2008 1669 2042 τὴν
1700 2006 1841 2033 πολιτείαν

1050 2057 1158 2093 ἀποδῴη
1174 2057 1378 2083 συναπόλαυσιν.

217 2109 299 2136 grave
308 2106 336 2129 et
354 2107 500 2135 terrenum,
528 2104 699 2139 carnalisque
715 2104 874 2138 cupiditatis
892 2105 1010 2139 plenum,
1031 2105 1260 2141 quemadmodum
1291 2109 1390 2137 antea;
1405 2103 1514 2138 quando
1528 2109 1626 2137 nempe
1647 2101 1839 2128 necessarium

216 2152 285 2180 erat,
313 2153 342 2176 ut
366 2157 427 2176 cum
453 2150 493 2177 eis
530 2150 639 2177 virtutis
672 2151 821 2178 certamine.
851 2151 1023 2186 probaretur.
1044 2151 1170 2186 Iniquum
1190 2151 1323 2186 siquidem
1340 2150 1446 2181 fuisset,
1471 2150 1494 2177 si
1517 2156 1620 2183 corpus
1636 2147 1712 2182 quod
1741 2147 1838 2174 anima

216 2194 339 2222 laborum
363 2196 390 2222 in
407 2196 519 2230 hujusce
536 2196 595 2223 vita:
610 2191 795 2224 [tinctionibus
823 2205 938 2226 consors
953 2197 1016 2231 fuit,
1037 2199 1209 2234 praemiorum
1224 2197 1284 2233 ejus
1300 2197 1478 2224 retributione
1495 2203 1550 2223 non
1563 2195 1725 2222 donaretur.

912 2310 981 2338 Ibid.
997 2320 1057 2348 ηας.
1076 2313 1136 2341 747.

216 2379 308 2406 Sancti
323 2379 376 2406 Titi
395 2378 507 2413 episcopi
529 2378 702 2413 rBosIrarum.
718 2385 749 2405 ea:
772 2377 838 2404 libro
855 2384 874 2404 ιι
898 2382 995 2405 contra
1013 2381 1033 2408 ι)

511 2412 685 2440 Manichaeos.

253 2457 400 2485 Dicendum
427 2459 509 2493 igitur
529 2462 581 2491 est,
601 2457 738 2485 hominem
758 2465 772 2484 a
784 2458 934 2486 Conditore
953 2466 997 2486 re—

214 2511 275 2531 rum
293 2505 320 2531 in
339 2505 420 2531 vitam
436 2504 598 2539 productum
624 2511 696 2536 esse,
717 2509 746 2531 ut
766 2505 834 2531 nihil
857 2505 931 2532 aliud
950 2513 998 2533 ne-

214 2551 372 2586 gotiaretur,
394 2550 446 2576 nisi
476 2551 602 2584 pietatem
627 2557 658 2577 ac
676 2551 819 2578 virtutem.
843 2550 891 2578 His
920 2551 993 2578 enim

247 2629 259 2645 ³
277 2628 287 2655 l
303 2627 367 2656 Cor.
384 2635 428 2661 xv.
446 2628 490 2655 51.
528 2629 538 2644 ⁹
558 2627 623 2656 ibid.
642 2628 686 2656 55.
725 2628 746 2644 ’⁸
766 2628 832 2656 ibid.
852 2628 896 2656 50.

248 2705 304 2740 (66)
320 2706 517 2740 Πολιτᾳύεται.
523 2739 527 2740 ν
533 2705 574 2732 An
590 2704 773 2731 πολιτεύηται
781 2704 792 2731 ?

250 2740 316 2774 (66‘)
333 2739 463 2775 forteleg.
478 2739 568 2775 δρῶσα
586 2740 665 2766 Eon.

248 2772 311 2809 ('67)
324 2772 453 2808 Ῥητέονῖ
470 2772 526 2801 Hoc
543 2774 721 2809 fragmentum
744 2774 877 2809 reperitur
892 2774 919 2801 in
935 2772 988 2800 Pa-

213 2808 313 2838 rattetia
329 2809 400 2837 inl‘ra
414 2810 515 2837 Littera
530 2818 559 2842 π,
577 2808 618 2837 tit.
636 2817 696 2842 xxv,
719 2809 762 2837 ubi
776 2808 830 2844 pro
853 2810 987 2845 ἐμπορευ-

1139 2379 1192 2406 Τοῦ
1207 2378 1292 2413 ἁγίου
1307 2377 1391 2404 Τίτου
1404 2375 1572 2403 ἐπισκόπου
1594 2375 1750 2407 Βόστρων.

1085 2458 1140 2493 (67)
1157 2457 1264 2493 Ῥητέον
1279 2457 1379 2487 τοίνυν,
1396 2455 1436 2482 ὅτι
1448 2454 1516 2490 πρὸς
1526 2452 1572 2480 τοῦ
1584 2452 1839 2488 δημιουργήσαντος

1050 2504 1064 2530 ό
1084 2503 1225 2540 ἅνθρωπος
1247 2503 1287 2534 είς
1301 2503 1346 2528 τὸν
1363 2501 1419 2536 βίον
1435 2499 1572 2535 παρήχθη,
1597 2498 1838 2534 ὲμπορευσόμενος

1050 2550 1142 2586 ἓτερον
1168 2550 1243 2576 οὐδὲν
1259 2549 1275 2585 ἢ
1293 2549 1372 2585 μόνον
1397 2547 1536 2575 εὺσίὸειαν
1551 2546 1598 2572 καὶ
1617 2545 1731 2581 ἀρετήν.
1746 2543 1837 2570 Ταῦτα

1042 2703 1153 2738 σόμενος
1166 2698 1507 2740 ιεείιμςιρμπορευόμενος.
1520 2699 1691 2740 Haemon-0
1710 2706 1837 2740 spectare

1041 2735 1240 2765 noscuntur-"ad
1257 2735 1354 2763 librum
1369 2743 1399 2767 ιι,
1414 2737 1538 2771 leguntur
1554 2735 1628 2771 enim
1650 2742 1736 2771 supra
1754 2735 1767 2771 ᾗ
1790 2743 1836 2765 vn,

1040 2773 1161 2808 ejusdem
1177 2771 1238 2812 libri
1254 2772 1316 2800 :ubi
1331 2770 1539 2807 quoque'altera
1554 2770 1636 2798 lectio
1647 2770 1836 2807 ὶμπορευόμ-

1041 2816 1084 2841 νος
1098 2811 1226 2835 occurrit.
