1905 3072
77 135 145 163 1261

536 135 697 167 ιΑΙΝΕΙὶΞὶ]
704 138 722 166 S
740 135 951 166 MAMCHEUS
968 134 1226 167 SUPPLEMENTA.

1627 137 1695 168 διξεεὲ

77 198 136 233 γὰρ
163 197 352 232 κτησάμενος,
381 192 469 229 καλῶς
497 197 530 225 ἂν
547 198 700 233 διανήξαιτο
723 199 797 226 τόνδε
821 199 866 226 τὸν

924 200 1099 235 comparatis,
1129 203 1205 227 recte
1235 201 1320 226 arvum
1349 198 1421 226 istud
1453 199 1662 225 transmeaverit
1685 207 1695 227 :

77 243 155 280 βίον·
174 244 314 279 ἀμελήσας
331 244 360 271 δὲ
387 244 506 277 τούτων,
525 243 649 279 χαλεπῶς
669 237 700 272 ἂν
723 245 863 272 διαϐαπτι-

78 288 158 324 σθείη
177 288 358 324 πλανώμενος.

919 245 968 272 sin
982 252 1047 272 vero
1061 245 1221 280 neglexerit,
1239 252 1330 272 errore
1345 252 1394 271 suo
1405 243 1479 279 gravi
1496 251 1561 271 casu
1573 243 1696 271 submer»

915 295 1002 325 get-ar.

778 402 849 432 Ibid.
869 413 929 440 pag.
947 404 1007 432 788.

155 453 214 496 Tm}
236 456 322 492 ἁγίου
340 458 435 491 Τίτου,
450 458 484 485 ἐκ
506 459 559 486 τοῦ
573 458 640 496 Περὶ
655 460 794 495 Προνοίας.

118 555 175 592 (68)
195 556 266 591 Πρὸς
287 537 318 583 δέ
331 558 387 589 τοῖς
410 557 494 584 ἅπασι
511 558 564 585 τῶν
586 559 708 595 συνήθως
735 560 786 586 ὑπὸ
798 559 865 586 Θεοῦ
880 566 904 598 ’.ε

917 597 1076 625 hominibus
1093 596 1204 632 perinde
1224 595 1345 630 concedi}
1358 594 1459 626 solent,
1476 592 1619 621 identidem
1645 591 1697 617 im-

78 596 233 637 δεδομένων
258 604 334 639 κοινῇ
352 604 434 630 πᾶσιν
458 604 611 640 ἀνθρώποις
636 607 660 632 εί
685 601 804 641 μηδεμία
825 605 866 638 τίς

79 647 158 674 ἐστιν
173 648 216 674 ὂτε
234 648 373 675 συνέϐαινε
389 648 515 681 κώλυσις,
534 650 604 686 φορᾷ
622 650 728 684 φύσεως
750 651 782 678 ἄν
794 659 865 682 τινος

79 690 272 729 ἀμεταϐλήτου
289 694 337 729 τὴν
351 694 482 730 χορηγίαν
503 695 592 722 αὐτῶν
615 695 747 732 ἠθέλησαν
761 696 865 732 ἄνθρω-

80 748 149 771 ποι,
166 739 212 765 καὶ
229 740 277 766 οὐκ
293 739 335 773 ἂν,
357 740 495 776 δεχόμενοι
513 741 609 773 ταῦτα,
626 742 705 777 χάριν
727 742 866 777 ὡμολόγη-

81 793 135 811 σαν
151 784 189 820 np
204 785 279 820 θεῷ,
299 787 348 812 οὐκ
365 785 396 812 ἂν
409 786 437 812 δὲ
453 786 556 821 ᾔτησαν
572 786 688 822 ἔχοντες.
707 787 866 822 Στεροῦνται

79 830 229 865 τοιγαροῦν
257 830 341 857 ἐνίοτε
367 831 433 867 πρὸς
459 831 563 866 ὀλίγον,
586 832 629 858 ἴνα
656 833 800 868 αἰτήσωσι·
819 833 866 859 καὶ

922 460 1016 488 Sancti
1029 460 1093 493 Titi,
1107 467 1138 487 ea:
1151 458 1217 486 libro
1225 456 1459 493 DeProvidentia,
1474 463 1506 484 ex
1516 455 1582 482 libro
1599 462 1617 481 ιι
1630 462 1697 482 con-

1137 503 1143 510 -
1195 498 1238 520 tra
1250 492 1420 520 Manichazos.

957 551 1058 578 Practer
1085 551 1142 578 haec
1171 550 1273 583 omnia,
1292 549 1346 576 nisi
1367 555 1428 583 qua:
1451 555 1467 574 a
1482 547 1537 574 Deo
1561 544 1697 573 universis

919 643 1006 678 pediri
1020 642 1192 676 contingeret
1204 640 1350 668 immobilis
1368 638 1511 673 cujusdam
1533 638 1697 664 naturaaim;

918 692 981 724 petu
996 697 1003 721 ;
1022 688 1117 715 horum
1132 679 1300 722 largitionem
1316 685 1383 711 nihil
1400 689 1543 710 curassem
1557 683 1696 714 homines.

918 741 969 761 nec
990 734 1023 761 iis
1035 732 1153 760 obtentis
1172 731 1226 759 Deo
1242 731 1343 767 gratias
1359 733 1479 764 agerent,
1500 736 1588 763 neque
1601 728 1699 761 bonum

919 783 1061 814 compotes
1089 778 1165 811 facti,
1185 778 1321 805 ullatenus
1341 779 1527 811 precarentur.
1537 775 1576 802 Ad
1593 778 1699 809 tempus

919 825 1003 861 igitur
1025 822 1135 859 aliquod
1157 822 1237 851 donis
1265 823 1416 858 privantur,
1444 824 1474 848 ut
1495 824 1623 854 exorent;
1639 822 1700 846 rur-

78 875 205 910 δέχονται
229 874 324 908 αὖθις,
348 877 390 903 ἵνα
411 877 488 912 χάριν
514 876 698 912 ὁμολογήσωσι
722 877 759 913 τῷ
784 885 866 913 χορη-

924 878 1034 906 sumque
1051 870 1198 905 accipiunt,
1224 873 1253 896 ut
1265 868 1386 904 largitori
1408 868 1598 899 conliteantur,
1617 872 1701 900 agno-

80 924 188 958 γοῦντι,
202 923 390 957 γινώσκοντες,
403 924 440 954 ὡς
462 923 542 955 αὑτός
555 923 588 957 γέ
608 924 680 949 ἐστιν
700 921 713 949 ὁ
729 922 866 957 παρέχων,

81 969 134 996 καὶ
147 969 178 995 οὗ
196 969 275 1003 φύσις
288 969 354 1004 ἄλλη
377 969 418 1000 τίς
434 970 492 995 ἐστι
512 968 586 1003 παρὰ
598 968 643 994 τὸν
662 967 738 999 Θεὺν,
758 966 868 1002 ἄκριτός

81 1022 114 1040 τε
132 1014 180 1041 καὶ
199 1014 415 1049 ἀμεταμέλητος,
437 1015 454 1049 ἡ
478 1013 642 1049 χορηγοῦσα.
664 1012 790 1039 Βούλεται
807 1011 836 1038 δὲ
854 1012 868 1038 ό

81 1059 152 1090 Θεὸς
166 1059 265 1086 εἰδέναι
277 1059 357 1095 χάριν
377 1058 460 1094 αὐτῷ,
479 1059 521 1085 ἵνα
537 1058 677 1093 ἀξιώτεροι
697 1057 743 1084 τοῦ
763 1056 870 1091 λαμϐά-

81 1113 142 1131 νειν
167 1105 233 1140 παρ’
255 1104 337 1131 αὑτοῦ
354 1104 494 1138 γένωνται,
508 1104 556 1139 οὐχ
578 1103 622 1130 ἴνα
643 1112 669 1129 τι
690 1102 868 1139 καρπώσηται

81 1151 125 1181 εις
147 1150 251 1176 ἑαυτόν.
271 1147 467 1185 Βούλεται“γὰρ
483 1149 516 1175 τὰ
541 1148 630 1183 ἀγαθὰ
643 1147 752 1179 τούτους
773 1147 868 1178 αἰτεῖν,

82 1195 139 1226 ἵνα,
164 1195 312 1230 δεχόμενοι,
338 1195 462 1231 αἴσθησιν
485 1194 531 1221 τοῦ
560 1192 737 1229 χορηγοῦντος
759 1191 866 1226 ἔχωσιν.

82 1241 186 1276 Χαίρει
207 1241 257 1276 μὲν
280 1241 334 1277 γὰρ
355 1241 389 1268 τὰ
405 1241 470 1276 παρ’
498 1239 594 1267 ἑαυτοῦ
619 1239 717 1271 διδοὺς,
738 1238 827 1274 χαίρει
840 1237 869 1263 δὲ.

85 1286 190 1322 μᾶλλον
206 1287 290 1319 ἀξίοις
302 1285 404 1318 διδοῦς’
420 1286 458 1317 ὼς
478 1285 527 1320 τῆς
547 1283 748 1320 φιλανθρωπίας
769 1282 868 1318 τρόπον

81 1331 148 1358 τινὰ
170 1332 392 1368 ἀτιμαζομένης,
422 1333 446 1358 εἰ
474 1331 511 1366 μὴ
534 1331 601 1367 πρὸς
623 1328 798 1364 εὐαισθήτους
823 1326 869 1360 γέ-

83 1385 171 1405 νοιτο.

918 919 1027 944 sccntes
1039 915 1127 950 ipsum
1144 922 1205 942 esse
1221 914 1268 949 qui
1283 913 1388 945 tribuit,
1405 921 1456 940 nec
1473 913 1584 939 alteram
1600 918 1699 946 quam-

917 963 959 990 vis
974 965 1072 997 praater
1087 961 1170 989 Deum
1186 965 1310 988 naturam
1326 967 1385 987 esse
1395 980 1401 991 .
1418 967 1479 994 qua:
1498 958 1701 985 indiscrimina-

918 1008 966 1035 tim
990 1011 1018 1035 et
1044 1007 1105 1035 sine
1126 1006 1287 1042 poenitentia
1304 1006 1505 1034 subministret.
1522 1003 1586 1030 Vult
1608 1004 1701 1038 itaque

919 1052 991 1080 Deus
1005 1053 1056 1080 sibi
1072 1052 1187 1088 gratiam
1213 1051 1318 1083 haberi,
1332 1054 1362 1078 ut
1386 1050 1510 1077 homines
1526 1048 1643 1076 evadant
1656 1047 1700 1074 die

921 1100 1032 1134 gniores
1046 1099 1091 1134 qui
1103 1099 1137 1125 ab
1149 1098 1208 1133 ipso
1220 1098 1365 1132 accipiant,
1377 1104 1432 1123 non
1445 1100 1473 1123 ut
1488 1095 1539 1122 sibi
1559 1095 1609 1129 ipsi
1625 1100 1702 1121 emo-

922 1144 1035 1172 lumenti
1049 1143 1186 1178 quidpiam
1202 1143 1306 1170 redeat.
1318 1141 1382 1169 Vult
1399 1141 1470 1168 enim
1483 1144 1512 1167 ut
1521 1140 1590 1167 bona
1604 1141 1699 1173 postu-

921 1189 988 1222 lent,
1013 1189 1112 1224 quibus
1129 1188 1250 1223 acceptis
1273 1187 1430 1222 largitorem
1452 1185 1582 1214 sentiant.
1596 1182 1702 1211 Gaudet

919 1236 990 1263 enim
1003 1234 1092 1262 dando
1109 1242 1170 1270 qua
1186 1242 1234 1262 sua
1251 1238 1333 1266 sunt;
1352 1233 1399 1260 sed
1415 1232 1513 1268 gaudet
1532 1231 1647 1266 amplius
1659 1230 1702 1257 di-

921 1281 982 1317 guis
1010 1280 1192 1316 impartiendo
1210 1289 1216 1305 :
1234 1287 1265 1307 ac
1282 1279 1305 1307 si
1328 1279 1482 1313 benignitas
1512 1277 1599 1312 ipsius
1620 1274 1702 1302 modo

920 1327 1038 1362 quodam
1053 1326 1276 1359 dedecoraretur,
1293 1325 1346 1352 nisi
1360 1324 1386 1351 in
1407 1331 1455 1352 eos
1468 1323 1515 1351 oui
1527 1323 1597 1350 bene
1612 1319 1701 1349 affecti

920 1377 993 1404 sunt,
1005 1368 1218 1406 impenderetur.

780 1510 851 1540 Ibid.
872 1520 933 1548 pag.
948 1508 1011 1538 783.

178 1570 233 1598 Τοῦ
251 1571 337 1606 ἁγίου
353 1571 446 1603 Τίτου,
457 1570 492 1599 ἐκ
505 1572 556 1599 τοῦ
570 1571 637 1608 Περὶ
649 1571 789 1607 Προνοίας.

124 1658 181 1695 (69)
197 1659 253 1686 οὐκ
268 1659 362 1695 ἐχρῆν,
380 1659 416 1692 ὡς
431 1659 513 1692 ἔοικε,
528 1659 599 1687 κατὰ
608 1661 664 1692 τοῖς
679 1660 761 1687 πᾶσιν
781 1658 871 1695 ὑπάρ-

84 1713 147 1740 χειν
164 1704 211 1731 τοῦ
229 1704 296 1731 Θεοῦ
312 1704 346 1731 τὰ
372 1705 526 1741 τεκμήρια,
555 1705 602 1731 καὶ
617 1705 662 1731 τὸν
689 1705 805 1741 ἄρρητον
824 1705 871 1731 καὶ

84 1751 280 1786 ἀκατάληπτον
295 1750 356 1777 νοῦν
369 1751 456 1785 πάντη
467 1750 603 1786 γνώριμον
617 1748 686 1777 εἶναι
700 1749 852 1786 ἀνθρώποις
861 1758 869 1765 ⁸

85 1796 157 1822 ὅπου
172 1803 204 1830 γε
220 1795 267 1822 καὶ
284 1795 413 1830 βασιλέως
430 1795 571 1831 ἀνθρώπου
584 1796 630 1822 καὶ
645 1795 773 1831 ἄρχοντός
788 1796 870 1827 ἐστιν,

85 1842 132 1868 ὃτι
148 1841 183 1868 τὰ
197 1841 309 1869 πλεῖστα
325 1842 379 1869 τῶν
395 1842 584 1877 βουλευμάτων
598 1842 757 1878 κρύπτεται,
775 1842 811 1874 ὼς
825 1842 872 1869 καὶ

85 1887 122 1914 τὸ
137 1887 321 1923 πραττόμενον
345 1888 441 1923 ἄδηλον
454 1885 522 1915 εἷναι
532 1908 539 1920 ,
555 1888 608 1923 ὅτῳ
626 1888 697 1923 λόγῳ
714 1888 870 1924 πράττεται.

86 1932 129 1959 Οὐ
144 1932 231 1959 τοίνυν
257 1932 358 1968 θαῦμα,
378 1934 403 1959 εἰ
427 1933 564 1969 ἅνθρωποι
588 1934 625 1970 μὴ
647 1934 779 1970 χωροῦσιν
805 1934 872 1966 ὅλως

85 1979 139 2014 τῆς
151 1978 308 2014 διοικήσεως
321 1979 368 2006 τοῦ
382 1979 448 2006 Θεοῦ
462 1980 506 2007 τὸν
522 1979 610 2014 λόγον,
625 1977 667 2012 οἷς
681 1980 809 2016 ἁρμόττει
826 1981 872 2007 καὶ

85 2026 152 2061 δίχα
165 2026 211 2052 τοῦ
226 2027 461 2062 πολυπραγμονεῖν
477 2027 598 2054 ὑπείκειν
612 2036 642 2054 τε
657 2028 703 2054 καὶ
715 2027 871 2062 ἡσυχάζειν,

87 2072 138 2099 καὶ
154 2072 253 2107 ἥκιστα
267 2073 404 2108 ἀνταίρειν
422 2073 491 2100 κατὰ
504 2073 553 2108 τῆς
569 2074 688 2109 ἀρρήτου
703 2073 870 2109 διοικήσεως.

86 2117 224 2149 Πολλάκις
240 2117 294 2154 γάρ
320 2118 380 2145 οὐδὲ
408 2119 542 2154 τεχνίτην,
563 2119 650 2145 εῖτουν
667 2119 836 2155 οἰκοδομίας,
855 2119 871 2154 ἢ

85 2164 262 2198 ναυπηγίας,
289 2164 305 2199 ἢ
336 2164 515 2199 χαλκευτικῆς
540 2164 687 2200 ἔμπειρον,
722 2166 872 2201 αἰδούμενοι

86 2210 344 2245 περιεργαζόμεθα,
371 2210 499 2237 ποιοῦντά
514 2219 545 2245 γε
562 2211 592 2237 τὸ
617 2212 717 2238 οἰκεῖον
741 2212 870 2239 ἕκαστον·

882 1573 904 1603 C
921 1569 1014 1598 Sancti
1029 1568 1093 1603 Ίξὶιὶ,
1108 1565 1215 1594 exlibro
1230 1563 1273 1603 De
1282 1562 1465 1603 Providentia,
1475 1571 1506 1590 ea:
1518 1557 1584 1590 libro
1606 1564 1624 1590 ii
1637 1565 1705 1590 cond

1192 1605 1234 1627 tra
1249 1600 1421 1628 Manichams.

955 1661 1066 1689 Minime
1080 1663 1292 1688 consentaneum
1308 1661 1378 1690 erat,
1401 1660 1431 1684 ut
1441 1653 1559 1686 videtur.
1575 1654 1623 1681 Dei
1641 1662 1706 1681 con-

921 1707 985 1736 silia
999 1707 1092 1742 pervia
1105 1705 1234 1732 omnibus
1254 1704 1328 1735 ﬁeri,
1343 1706 1371 1730 et
1395 1700 1611 1736 inexplicabilem
1630 1699 1705 1726 illam

922 1758 1004 1788 atque
1035 1749 1338 1786 incomprehensibilem
1360 1751 1480 1775 mentem
1503 1746 1577 1773 omni
1599 1745 1706 1772 ratione

922 1798 1082 1826 hominibus
1097 1797 1266 1832 exploratam
1287 1802 1367 1822 esse:
1385 1793 1494 1828 quando
1512 1792 1552 1820 vel
1574 1792 1645 1827 regis
1658 1791 1704 1826 qui

922 1843 1005 1871 homo
1034 1846 1088 1875 est,
1104 1849 1136 1869 ac
1153 1840 1287 1876 principis
1307 1839 1435 1874 pleraque
1457 1837 1573 1865 consilia
1599 1837 1706 1863 occuLta

923 1893 987 1917 sunt
998 1909 1006 1922 ,
1024 1888 1061 1915 ita
1080 1892 1108 1915 ut
1124 1882 1271 1915 obscurum
1289 1886 1418 1920 sitquam
1431 1879 1467 1911 ob
1483 1890 1592 1910 causam
1610 1887 1707 1917 agatur

922 1935 949 1962 id
964 1933 1037 1970 quod
1052 1933 1152 1968 agitur.
1169 1932 1243 1959 Nihil
1255 1931 1353 1958 mirum
1370 1930 1463 1965 igitur,
1479 1929 1502 1957 si
1518 1928 1642 1955 homines
1662 1928 1707 1954 di-

922 1981 993 2008 vina:
1009 1978 1218 2015 gubernationis
1236 1978 1368 2004 rationem
1386 1983 1441 2003 non
1466 1975 1590 2010 capiant;
1607 1974 1707 2009 quibus

923 2027 1079 2059 conveniat,
1093 2025 1182 2061 posita
1207 2024 1378 2054 curiositate,
1400 2023 1496 2050 cedere
1519 2027 1545 2049 et
1558 2022 1706 2054 conticere‘,

922 2081 974 2101 nec
995 2080 1110 2108 prorsus
1127 2071 1259 2098 adversus
1279 2069 1416 2097 ineiIabile
1435 2069 1555 2104 regimen
1572 2067 1637 2095 illud
1659 2067 1708 2094 ob-

923 2126 1106 2147 murmurare.
1122 2117 1270 2145 Enimvero
1295 2124 1367 2151 saepe
1385 2115 1499 2147 accidit,
1517 2118 1546 2141 ut
1567 2115 1655 2148 neque
1674 2108 1709 2139 ab

925 2165 1039 2196 artilice,
1064 2163 1121 2191 sive
1145 2163 1243 2190 domus
1260 2161 1408 2192 struendae,
1425 2160 1482 2187 sive
1503 2158 1708 2193 compingendm

924 2211 1013 2243 navis,
1028 2211 1085 2238 sive
1100 2209 1163 2236 teris
1195 2207 1325 2235 l‘undendi
1350 2207 1454 2242 perito,
1474 2205 1534 2240 ejus
1556 2204 1708 2231 reverentia

85 2254 158 2282 ἀλλὰ
184 2256 217 2290 τῇ
246 2255 328 2292 πείρᾳ
342 2256 624 2288 καταπιστεύσαντες,
653 2257 817 2293 ὲκδεχόμεθα
842 2258 870 2285 τὸ

924 2257 1027 2292 aliquid
1056 2255 1246 2290 inquiramus,
1260 2254 1325 2281 dum
1351 2253 1395 2280 ille
1407 2251 1521 2293 quodvis
1543 2257 1612 2286 opus
1629 2257 1709 2277 smim

86 2301 170 2337 ἔργον
187 2302 260 2328 ἰδεῖν.
276 2303 352 2328 Ἐστι
369 2302 397 2328 δὲ
413 2302 459 2328 καὶ
479 2302 522 2328 ὅτε
542 2302 716 2337 σφαλλομένῳ
730 2303 780 2330 οὐκ
794 2304 871 2330 ἐπαι-

86 2346 253 2382 σθανόμεθα.
278 2348 311 2374 Τί
333 2347 354 2373 δ’
371 2348 403 2374 ἂν
418 2349 520 2383 εἴποιμι
539 2349 603 2384 περὶ
623 2349 672 2383 τῆς
693 2349 762 2383 ὑπὲρ
783 2349 871 2376 πάντα

84 2392 151 2418 νοῦν
171 2392 267 2426 σοφίας
281 2392 326 2419 τοῦ
342 2393 427 2425 Θεοῠ;
443 2393 476 2428 ἢν
487 2394 619 2429 προσῆκε,
636 2393 682 2420 καὶ
698 2393 825 2425 νοοῦντάς
840 2402 870 2420 τε

84 2437 136 2464 καὶ
155 2437 192 2472 μὴ
208 2437 343 2469 νοοῦντας,
364 2438 560 2473 ἐκπλήττεσθαί
577 2447 606 2464 τε
627 2438 672 2465 καὶ
690 2438 781 2473 τιμᾷν.
796 2438 827 2464 Et
842 2437 872 2464 δέ

82 2491 140 2514 τις,
152 2482 197 2509 διὰ
208 2483 237 2510 τὺ
249 2483 286 2519 μὴ
299 2483 517 2519 καταλαμϐάνειν
531 2484 576 2511 τὸν
587 2484 664 2518 λόγον
676 2484 731 2510 τῶν
744 2483 872 2511 πλειόνων

83 2528 142 2555 τῶν
155 2529 223 2564 πρὸς
234 2529 282 2555 τοῦ
299 2529 366 2556 Θεοῦ
383 2530 543 2564 γινομένων.
558 2530 668 2556 ἐκπέσοι
681 2530 748 2566 πρὸς
758 2529 870 2557 ἀτοπίαν

83 2575 136 2609 τῆς
161 2573 208 2601 τοῦ
231 2574 298 2602 Θεοῦ
325 2575 404 2611 δόξης
425 2575 480 2612 (70)
508 2575 692 2609 ἀθλιώτατος,
717 2576 763 2603 καὶ
791 2576 869 2603 πάλιν

123 2652 180 2689 (68)
190 2650 276 2689 μρός
294 2652 328 2680 δὲ
350 2652 412 2687 τοῖς
428 2652 480 2689 ὅτι.
506 2653 638 2688 Excerpta
668 2657 732 2680 sunt
757 2653 815 2681 haec
839 2660 873 2681 ex

84 2687 135 2724 lib;
152 2687 243 2724 Ierlli
262 2688 429 2724 Bostrensis,
458 2688 472 2724 §
494 2697 539 2721 xv,
564 2687 608 2715 ubi
633 2689 735 2724 rectius
764 2689 872 2724 legitur,

85 2723 156 2761 πρὸς
179 2722 342 2761 git-061mg;
366 2727 446 2758 atque
458 2722 509 2761 :ita
530 2724 627 2759 legisse
656 2723 762 2751 videtur
791 2722 876 2752 inter-

85 2757 299 2798 pre§;AUterque
314 2759 389 2798 locus
400 2757 567 2798 conferatur;

124 2793 181 2828 (69)
198 2794 260 2820 οὐκ
277 2793 382 2828 ἐχρῆν,
402 2802 430 2821 κ.
450 2802 475 2821 τ.
497 2794 522 2822 λ.
549 2794 652 2822 Auctor
676 2793 872 2822 Parallelorum

86 2823 142 2856 ista
157 2823 351 2864 d'escripsiiwcx'
367 2823 413 2856 lib.
428 2837 459 2863 ιι,
476 2828 490 2864 §
508 2831 603 2858 xxvni.

927 2304 1011 2337 facit;
1027 2302 1074 2330 sed
1094 2302 1154 2336 ejus
1169 2299 1346 2336 experientia:
1371 2298 1449 2325 Iidem
1473 2292 1615 2328 habentes,
1631 2296 1710 2330 opili-

924 2350 997 2377 cium
1026 2349 1118 2376 videre
1148 2347 1348 2383 pratstolamur.
1373 2339 1517 2377 Quinimo,
1545 2342 1710 2378 quandoque

924 2394 1008 2422 etiam
1020 2395 1094 2421 illius
1109 2397 1200 2421 errata
1216 2399 1268 2419 non
1297 2388 1553 2418 animadvertimus.
1570 2387 1640 2420 Quid
1655 2387 1708 2413 ita—

926 2448 978 2475 que
995 2439 1082 2467 dicam
1100 2439 1134 2467 de
1149 2438 1196 2466 Dei
1213 2437 1346 2472 sapientia
1357 2456 1364 2467 ,
1378 2443 1439 2471 qua:
1455 2438 1573 2461 mentem
1600 2438 1709 2463 omnem

924 2474 1051 2513 excedit?
1066 2492 1160 2519 quam,
1174 2485 1230 2512 sive
1250 2482 1442 2517 intelligamus,
1465 2474 1522 2507 sive
1543 2487 1596 2506 non
1609 2478 1711 2505 intelli-

924 2534 1030 2566 gamus,
1047 2538 1097 2557 nos
1109 2530 1231 2565 oportuit
1244 2528 1372 2556 admirari
1395 2533 1427 2554 ac
1441 2526 1575 2553 venerari.
1593 2522 1669 2558 Quod
1686 2524 1709 2552 si

924 2576 1073 2612 quispiam,
1089 2584 1123 2603 ex
1143 2584 1176 2604 eo
1192 2575 1263 2610 quod
1285 2575 1430 2602 multarum
1445 2579 1506 2608 qute
1521 2580 1537 2599 a
1562 2571 1617 2599 Deo
1631 2571 1710 2603 liunt,

960 2653 1014 2688 (70)
1030 2653 1107 2686 Πρὸς
1121 2652 1248 2688 ἀτοπίαν
1263 2651 1316 2685 τῆς
1333 2651 1386 2688 1012
1400 2649 1593 2688 86015_§6En¢._
1600 2649 1664 2684 Leg.
1678 2645 1708 2677 τέ.

925 2687 953 2715 ά.
964 2685 993 2715 τ.
1005 2685 1080 2714 κατὰ
1096 2685 1142 2714 τοῦ
1153 2686 1220 2714 Θεοῦ
1232 2688 1256 2714 δ.
1272 2688 1349 2722 Apud
1366 2686 1567 2722 Titunnlilitu,
1582 2685 1709 2722 sxum,

926 2723 967 2750 sic
979 2723 1088 2756 legitur,
1104 2724 1172 2758 πρὸς
1186 2719 1304 2753 ἀτόπους
1316 2721 1388 2758 atch
1404 2720 1471 2747 Θεοῦ
1485 2720 1575 2758 adiat;
1584 2719 1655 2758 Quae
1667 2727 1710 2758 re-

926 2758 997 2785 ctius
1013 2755 1095 2792 quam
1113 2755 1207 2785 Billius
1229 2758 1266 2784 ita
1287 2756 1439 2784 reddidisse
1465 2756 1572 2792 videtur
1598 2755 1710 2792 Turria‘

927 2800 1004 2828 nus:
1019 2790 1050 2820 Si
1063 2793 1166 2826 ψύθη..
1183 2801 1233 2820 non
1248 2791 1406 2828 assequitur,
1419 2790 1524 2819 decidat
1539 2791 1567 2818 in
1580 2790 1710 2818 absurdae

927 2827 959 2856 de
975 2827 1029 2856 Deo
1048 2828 1192 2856 opinionem
