1905 3072
68 153 137 189 i265

625 160 752 189 ORATIO
773 161 805 188 IN
826 160 943 190 RAMOS
962 162 1165 191 PALMARUM.

1620 167 1688 194 12MB

67 218 127 245 τῶν
148 218 313 251 Ἰουδαίων,
333 219 382 246 καί
403 219 563 246 ἐπίστευον
584 219 628 251 εις
649 217 703 244 τὸν
723 218 848 252 Ἰησοῦν.

906 226 938 246 ea:
951 218 1067 252 Ιωίιείε,
1082 226 1106 247 et
1118 219 1257 246 credebant
1272 221 1298 247 in
1308 219 1398 248 Iesum
1417 221 1447 248 ¹⁷.
1465 221 1497 248 Et
1510 221 1568 250 lucc
1581 224 1689 258 quidem

67 266 123 292 Καὶ
136 265 208 301 αὕτη
224 265 298 292 ἐστὶν
317 266 334 301 ἡ
350 266 425 292 αἰτία
438 265 488 300 τῆς
505 264 658 298 δοξολογίας
677 264 731 290 τῶν
749 262 853 290 πιστῶν
865 275 877 282 -

66 312 139 339 κατὰ
161 312 193 338 τὸ
211 312 387 348 φαινόμενον·
403 311 552 348 λεληθότως
573 311 601 337 δὲ
625 311 671 338 καὶ
687 309 814 346 κρυπτῶς
836 310 852 346 ὴ

66 359 175 395 ἐγερσις
193 359 283 395 πάσης
297 359 347 394 τῆς
362 357 534 394 ἀνθρωπίνης
551 357 667 392 φύσεως.
689 356 743 383 Καὶ
760 355 853 391 ὥσπερ

67 405 142 440 [τοὺς
155 403 370 440 ἀνθρώπουςιτδ
383 404 431 430 τοῦ
446 403 571 440 Λαζάρου
587 405 696 439 σημεῖον
714 404 761 429 καὶ
776 402 854 438 ἐγερ-

67 460 109 484 σις
126 452 217 487 ἐκείνη
236 451 394 488 ὑμνολογεῐν
415 451 526 487 ἐποίησε
547 451 610 483 τοὺς
629 450 787 486 ἀνθρώπους
808 450 854 476 τὸν

66 497 170 533 Κύριον
181 517 188 529 ,
206 497 292 529 οὕτως
305 498 354 526 καὶ
367 498 430 529 τοὺς
444 497 538 531 ἁγίους
559 496 691 531 ἀγγέλους
706 495 854 530 δοξολογεῖν

66 543 259 579 παρεσκεύασε
279 543 310 570 τὸ
337 544 448 578 σημεῖον
468 542 519 578 τῆς
538 542 673 578 ἐγὲρσεως
694 542 784 577 πάσης
804 542 854 577 τῆς

65 589 240 626 ἀνθρωπίνης
252 588 359 624 φύσεως
371 596 377 603 ·
394 589 440 614 καὶ
453 589 514 615 ὅσον
532 587 632 623 μείζων
647 587 664 623 ή
678 587 731 614 τῶν
746 587 853 614 πάντων

65 635 175 670 ἐγερσις
191 635 242 670 τῆς
258 634 394 671 ὲγέρσεως
410 633 546 670 Λαζάρου,
564 633 689 661 τοσοῦτον
702 633 748 660 καὶ
761 634 778 669 η
790 632 853 665 δόξα

64 681 127 708 τότε
146 680 301 716 μειζοτέρα.
318 680 373 707 Καὶ
390 681 407 715 η
425 680 475 715 μὲν
488 679 638 715 συνείδησις
652 679 705 706 τῶν
720 678 852 714 βοώντων,

65 727 229 763 ἐξισταμένη
247 727 285 762 τῷ
306 726 443 762 θαύματι,
463 727 548 753 ἐκίνει
563 726 661 757 αὐτοὺς
682 725 817 758 δοξάζειν
836 726 852 761 η

64 773 92 800 δὲ
107 773 168 800 θεία
188 774 328 808 οίκονομίσ.
353 773 402 808 τὴν
425 772 531 808 ἔγερσιν
550 772 605 807 (7i)
627 771 717 807 πάσης
733 771 782 806 τῆς
805 772 852 798 ἀν-

64 819 205 854 θρωπίνης
229 820 336 853 φύσεως
356 817 507 853 λεληθότως
529 818 614 844 ἐκίνει
636 818 666 843 οὐ
692 817 770 852 μόνον
789 817 852 847 τοὺς

63 864 225 900 ἀνθρώπους
235 885 242 895 .
255 865 322 892 ἀλλὰ
338 865 384 892 καὶ
398 866 461 897 τοὺς
480 864 625 899 ἀγγέλους,
644 863 792 899 θαυμάζειν
807 863 852 889 τὸν

907 265 1050 292 manifesta
1068 266 1138 293 ratio
1153 265 1316 294 laudationis
1334 266 1406 294 illius
1423 266 1540 294 fidelium
1560 277 1568 295 :
1583 270 1690 297 occulta

905 316 995 338 autem
1010 318 1042 339 ac
1057 311 1176 339 abditior
1199 312 1365 339 resurrectio
1385 315 1426 339 est
1440 313 1575 341 universa:
1586 319 1691 343 natura:

906 356 1056 384 hominum.
1073 357 1113 385 Ac
1134 359 1205 385 sicut
1219 358 1325 394 signum
1338 357 1432 385 Lazari
1445 358 1558 393 ejusque
1574 360 1691 388 suscita-

907 401 945 428 tio
959 401 1100 429 hominum
1123 402 1229 430 animos
1249 402 1283 429 ad
1299 402 1488 430 celebrandum
1508 403 1690 435 canticisDo-

905 446 1007 474 minum
1024 447 1172 478 excitavit,
1188 448 1228 474 sic
1242 452 1268 475 et
1279 447 1386 483 signum
1404 448 1554 476 suscitandi
1570 450 1689 478 universi

904 491 1017 520 humani
1031 493 1139 529 generis
1156 493 1267 528 angelos
1280 498 1390 522 sanctos
1400 495 1434 522 ad
1450 495 1613 524 laudandum
1629 504 1691 532 per-

904 539 1000 567 movit.
1015 539 1151 572 Quantum
1168 547 1234 567 vero
1249 539 1333 568 totius
1350 540 1537 569 universitatis
1550 541 1690 570 hominum

905 585 1082 618 resurrectio,
1107 584 1203 612 Lazari
1230 585 1312 613 unius
1338 587 1512 614 suscitationi
1541 588 1688 623 praecellit;

905 633 1011 656 tantum
1042 637 1152 666 quoque
1185 630 1271 666 gloria
1299 637 1331 657 ac
1357 630 1477 659 laudatio
1506 631 1532 659 id
1559 632 1690 668 temporis

904 675 1053 710 prmstabit.
1075 676 1114 703 Ac
1133 677 1301 705 conscientia
1323 677 1431 713 quidem
1448 677 1623 705 clamantium
1640 677 1689 706 ho-

905 721 1009 748 minum
1023 721 1156 750 miraculo
1174 723 1291 750 excitata
1309 724 1342 751 ad
1361 723 1528 752 laudandum
1545 724 1689 757 movebat,

904 767 996 795 divina
1027 772 1117 796 autem
1141 769 1311 804 providentia
1331 770 1431 798 nedum
1447 770 1581 803 homines,
1601 771 1648 799 sed
1663 776 1690 799 et

904 814 1016 848 angelos
1037 814 1071 841 ad
1092 813 1157 842 Jesu
1181 815 1389 843 admirationem
1413 816 1449 843 ob
1474 821 1580 844 natura:
1606 818 1690 846 totius

904 857 1025 885 futuram
1048 860 1278 888 resurrectionem
1301 861 1409 888 occulte
1433 861 1590 897 instigabat.
1609 861 1690 890 Vide<

69 899 183 946 Ἰησοῦν.
200 909 276 938 Εἶδον
289 912 343 947 γὰρ
353 933 360 945 ,
374 911 481 947 ἀληθῶς
505 909 573 937 εἶδον
583 931 589 942 ,
610 912 658 937 καὶ
681 910 790 946 ἔμαθον,
805 908 848 936 καὶ

905 909 969 931 runt
994 906 1079 937 enim,
1106 906 1232 934 viderunt
1262 915 1292 934 re
1320 915 1384 934 vera
1411 907 1632 944 didiceruntque,
1657 916 1690 936 ac

63 958 299 994 κατεσοφίσθησαν
316 958 411 992 σοφίαν
421 977 428 989 ,
442 957 476 994 ἢν
494 958 544 984 οὐκ
559 957 667 993 ᾔδεισαν
677 977 683 989 ,
696 958 724 983 αἱ
743 956 852 990 ἀγγελι-

63 1004 109 1030 xui.
122 1004 251 1040 δυνάμεις
267 1004 310 1031 διὰ
324 997 373 1040 τῆς
395 1003 557 1039 Ἕκκλησίας
570 1004 624 1030 τῶν
641 1003 742 1030 πιστῶν
754 1003 849 1038 ἐκφαι-

63 1051 181 1085 νομένην
196 1050 250 1076 ἀπὸ
263 1050 310 1076 τοῦ
325 1050 392 1076 Θεοῦ
410 1050 444 1077 τὰ
458 1050 547 1076 πάντα
572 1049 724 1081 κτίσαντος,
738 1049 786 1084 τὴν
799 1047 852 1084 πρὸ

61 1095 116 1122 τῶν
141 1095 246 1123 αἰώνων
268 1097 297 1122 ἐν
321 1095 395 1131 αὐτῷ
419 1095 630 1132 κεκρυμμένην·
650 1095 722 1130 λέγω
743 1095 775 1131 δὴ
797 1094 851 1121 τῶν

61 1141 189 1177 διδαχῶν,
215 1142 263 1169 καὶ
286 1142 468 1177 ἐπαγγελιῶν,
491 1142 537 1168 καὶ
559 1141 785 1177 θαυματουργιῶν
804 1140 851 1167 τοῦ

63 1187 167 1223 Κυρίου
190 1188 277 1223 Ἰησοῦ
290 1208 297 1219 ,
315 1187 405 1220 καθώς
420 1196 471 1214 που
487 1189 500 1214 ὁ
517 1187 659 1219 θεσπέσιος
677 1187 782 1219 Παῦλός
801 1195 852 1222 φη-

62 1241 103 1260 σιν
123 1242 132 1250 ’
157 1234 219 1261 Ἵνα
241 1234 391 1269 τνωρισθῇ
414 1234 473 1261 νῦν
499 1233 563 1266 ταῖς
581 1233 686 1268 ἀρχαῖς
709 1235 758 1260 καὶ
787 1232 852 1266 ταῖς

60 1279 217 1313 ἐξουσίαις
238 1280 287 1307 διὰ
315 1280 370 1315 τῆς
392 1280 571 1315 Ἐκκλησίας
591 1280 611 1313 ἡ
635 1280 852 1313 πολυποίκιλος

60 1326 156 1360 σοφία
166 1326 219 1353 τοῦ
239 1326 324 1353 Θεοῦ.
344 1326 516 1353 Μανθάνουσι
535 1327 590 1362 γὰρ
602 1327 630 1352 al
645 1327 700 1353 ἄνω
713 1326 849 1361 δυνάμεις,

61 1371 135 1407 ἅπερ
158 1370 263 1397 οὐδέπω
287 1369 371 1403 εἶδον,
396 1371 457 1398 οὐδὲ
477 1371 607 1406 ἥκουσαν.
632 1371 774 1407 Κτίσματα
796 1371 850 1407 γάρ

60 1416 113 1441 εἰσι
130 1423 138 1430 ·
154 1416 200 1443 καὶ
213 1415 243 1442 τὸ
258 1416 361 1452 κτίσμα
377 1417 426 1443 οὐκ
440 1416 523 1450 ἐστιν,
539 1417 553 1443 ὃ
571 1417 608 1452 μὴ
622 1416 717 1452 χρείαν
729 1417 785 1452 ἔχει
799 1426 851 1453 μα-

61 1461 127 1488 θεῖν.
148 1462 217 1489 Ἀλλ’
233 1462 293 1489 οὐδὲ
311 1463 346 1489 τὰ
367 1463 497 1498 μέλλοντα
522 1463 646 1498 γενέσθαι
660 1463 850 1498 γινώσκουσιν,

61 1509 84 1534 εἱ
100 1509 138 1544 μή
155 1517 182 1534 τι
196 1509 219 1535 δ’
233 1508 265 1535 ἂν
283 1509 336 1535 ὑπὸ
358 1510 406 1545 τῆς
421 1509 501 1544 ἁγίας
517 1510 564 1536 καὶ
579 1511 680 1546 σεπτῆς
697 1511 744 1537 καὶ
764 1518 849 1545 προσ-

60 1554 181 1589 κυνητῆς
208 1554 322 1590 Τριάδος
347 1555 495 1590 μυηθῶσιν.
520 1555 640 1591 Ἕμαθον
664 1554 710 1582 οὖν
729 1556 775 1582 κα)⁸
799 1556 836 1582 ἐπ

59 1598 263 1633 εὸεὸαιώθησαν
279 1599 328 1634 τὴν
336 1599 482 1626 ἀνάστασιν
493 1600 539 1626 τοῦ
554 1600 649 1636 Ἀδὰμ,
663 1600 850 1641 θεωρήσαντες

59 1645 103 1671 τὸν
123 1644 190 1671 Θεὸν
206 1645 350 1680 ἐγείραντα
371 1645 417 1672 τὸν
438 1647 495 1672 υἱὸν
517 1647 566 1682 τῆς
591 1648 687 1682 χήρας.
709 1647 753 1678 Ὠς
779 1647 850 1682 χήρα

59 1691 113 1726 γὰρ
129 1691 238 1725 ἐγένετο
261 1692 277 1727 ἡ
295 1692 347 1727 γῆ,
363 1692 542 1724 ἀποθανόντος
565 1692 611 1719 τοῦ
638 1693 849 1729 πρωτοπλάστου

59 1737 145 1772 αὐτῆς
163 1736 231 1763 υἱοῦ.
256 1737 367 1769 Ἰδόντες
388 1737 415 1763 δὲ
437 1736 517 1764 αὐτὸν
536 1737 616 1764 πάλιν
639 1738 782 1773 ἐγείραντα
801 1738 850 1774 τὴν

59 1782 198 1818 θυγατέρα
217 1782 264 1809 τοῦ
285 1783 509 1819 ἀρχισυναγώγου
520 1805 527 1817 ,
543 1785 775 1820 κατεσοφίσθησαν
785 1805 792 1817 ,
809 1785 849 1812 ὅτι

58 1829 106 1854 καὶ
128 1829 179 1864 τὴν
200 1827 272 1854 Εὕαν
290 1828 359 1864 μετὰ
373 1828 420 1855 τοῦ
440 1829 525 1865 Ἀδὰμ
544 1830 643 1865 ἐγερεῖ.
657 1864 660 1868 .
674 1830 757 1857 Πάλιν
782 1831 849 1857 ἀνα-

59 1875 164 1910 στήσας
179 1874 226 1901 τδν
246 1875 330 1902 παῖδα
345 1875 392 1902 τοῦ
409 1875 557 1910 ἀλλοφύλου
574 1876 782 1912 ἑκατοντάρχου,
798 1876 850 1903 ἐδί-

58 1919 122 1952 δαξε
140 1921 188 1947 καὶ
201 1920 276 1956 [είς]
299 1921 387 1954 τοῦτο,
409 1921 448 1948 ὃτι
464 1922 510 1948 καὶ
530 1921 563 1948 τὰ
584 1921 646 1955 ξένα
669 1922 731 1957 ἔθνη
748 1923 846 1958 ἐγερεῖ.

63 1964 130 1991 Ἰδοὺ
147 1966 221 2000 τρεῖς
240 1965 366 2001 διαφοραὶ
382 1966 436 1992 τῶν
447 1967 562 2003 νεκρῶν.
579 1967 748 2003 Ἐγείραντος
760 1968 786 1994 δὲ
803 1967 848 1994 τὸν

57 2011 184 2046 Λάζαρον
202 2011 248 2038 τὸν
268 2014 427 2047 τεταρταῖον
451 2013 563 2049 νεκρὸν,
577 2014 623 2040 καὶ
640 2016 797 2050 τεταρταῖον
815 2016 848 2041 ἐκ

55 2057 103 2083 τοῦ
129 2058 274 2093 μνημείου,
294 2058 338 2085 τὸν
355 2058 407 2085 ὑπὸ
422 2059 561 2094 τεσσάρων
583 2060 722 2095 στοιχείων
744 2069 849 2088 συσπα-

57 2104 173 2137 σθέντα,
194 2104 239 2131 τὸν
255 2105 405 2138 ὸζέσαντα,
423 2105 469 2132 τὸν
486 2106 623 2139 σαπέντα,
641 2107 686 2134 τὸν
707 2108 759 2134 ὑπὸ
777 2116 848 2135 σκω-

55 2149 148 2183 λήκων
165 2150 355 2187 κυριευθέντα,
372 2151 524 2187 ἐγνωρίσθη
539 2154 599 2184 ταῖς
619 2154 716 2189 ἀρχαῖς
730 2154 777 2180 καὶ
788 2155 848 2186 ταῖς

55 2195 193 2228 ἐξουσίαις
210 2199 270 2229 ταῖς
295 2198 486 2233 ἐπουρανίοις,
504 2199 550 2225 καὶ
566 2200 622 2230 τοῖς
639 2200 770 2233 ἐπιγείοις
783 2219 791 2229 .
807 2201 847 2227 ὅτι

902 959 984 986 quam
1007 952 1145 979 nescirent
1167 954 1326 988 sapientiam
1348 953 1451 982 edoctae
1478 959 1542 982 sunt
1563 956 1690 984 ctelestcs

902 997 1016 1025 virtutes
1032 1006 1079 1033 per
1098 998 1214 1026 ﬁdelium
1230 999 1379 1027 Ecclesium
1396 1001 1427 1033 ’³,
1444 1001 1478 1028 ab
1499 1001 1689 1029 universorum

906 1034 1030 1071 creatore
1046 1041 1111 1078 Deo,
1129 1045 1156 1072 in
1173 1052 1227 1080 quo
1239 1050 1302 1074 ante
1316 1046 1416 1073 saecula
1429 1047 1589 1074 abscondita
1605 1053 1688 1079 esset,

904 1099 1003 1118 n0vum
1030 1091 1202 1126 elucentem;
1225 1100 1285 1120 eam
1311 1092 1440 1120 nimirum
1455 1101 1516 1128 qua:
1535 1093 1564 1121 in
1582 1093 1688 1121 Domini

901 1136 966 1165 Jesu
980 1138 1112 1166 doctrinis
1125 1146 1157 1166 ac
1173 1139 1402 1174 promissionibus
1416 1140 1610 1175 miraculisque
1623 1148 1686 1168 con-

904 1183 987 1215 sistit,
1006 1184 1236 1221 quemadmodum
1261 1185 1430 1214 admirabilis
1449 1185 1551 1214 Paulus
1569 1187 1688 1222 quodam

903 1230 964 1258 loco
981 1229 1048 1258 dicit
1062 1241 1069 1258 :
1088 1230 1122 1258 Ut
1137 1232 1282 1259 innotescat
1297 1241 1365 1259 nunc
1378 1233 1568 1267 principatibus
1581 1238 1605 1260 et
1616 1239 1688 1268 pate-

902 1276 1016 1304 statibns
1028 1285 1073 1312 per
1087 1276 1244 1311 Ecclesium,
1262 1278 1433 1313 multiformis
1448 1281 1578 1314 sapientia
1594 1279 1640 1307 Dei
1656 1279 1687 1307 ".

902 1321 1039 1350 Docentur
1055 1323 1127 1350 enim
1153 1331 1276 1358 supernae
1292 1324 1405 1352 virtutes
1428 1325 1543 1352 necdum
1564 1325 1599 1352 ab
1622 1325 1688 1360 ipsis

901 1369 960 1397 visa
979 1369 1115 1397 auditave.
1140 1369 1246 1397 Etenim
1269 1374 1332 1398 sunt
1345 1375 1477 1398 creaturae
1492 1380 1499 1400 :
1517 1379 1567 1399 nec
1583 1371 1638 1398 ulla
1654 1371 1687 1399 sit

902 1420 1038 1448 creatura,
1056 1415 1099 1442 cui
1112 1423 1167 1443 non
1182 1416 1308 1444 doctrina
1323 1417 1478 1444 necessaria
1493 1417 1538 1444 sit.
1550 1417 1585 1443 At
1602 1425 1687 1452 neque

903 1465 1039 1488 noverunt
1063 1461 1165 1493 futura,
1204 1462 1257 1490 nisi
1282 1461 1348 1497 quid
1373 1466 1466 1490 sancta
1494 1470 1525 1489 ac
1550 1463 1688 1490 adoranda

903 1507 1038 1535 Trinitate
1054 1507 1168 1535 docente
1181 1508 1347 1543 acceperint.
1362 1507 1518 1536 Didicerunt
1533 1516 1607 1544 ergo,
1629 1516 1686 1537 cer-

902 1557 1013 1588 tumque
1032 1558 1220 1589 argumentum
1243 1554 1340 1581 futurae
1362 1554 1573 1582 resurrectionis
1593 1553 1687 1581 Adami

902 1604 1084 1635 acceperunt,
1113 1600 1233 1628 videntes
1255 1601 1338 1627 tilium
1360 1600 1446 1627 vidua:
1463 1607 1478 1626 a
1501 1600 1554 1628 Deo
1571 1601 1686 1628 suscita-

902 1649 958 1672 tum
983 1645 1016 1673 ’°.
1045 1644 1218 1681 Protoplaslo
1241 1647 1313 1673 enim
1338 1650 1416 1673 terrae
1441 1646 1495 1673 (ilio
1517 1651 1635 1678 mortuo,
1656 1653 1688 1673 ea

901 1694 1029 1726 tanquam
1045 1691 1126 1719 vidua
1143 1691 1236 1719 eﬂ‘ecta
1259 1696 1312 1719 est.
1333 1691 1439 1720 Rursus
1458 1696 1547 1719 autem
1565 1692 1688 1719 videntes

900 1737 1059 1764 suscitatam
1080 1737 1287 1773 archisynagogi
1303 1738 1383 1764 tiliam
1401 1738 1436 1771 ιι,
1453 1737 1592 1772 sapienter
1607 1738 1687 1765 intel-

900 1783 1025 1810 lexerunt
1049 1784 1131 1810 Evam
1150 1791 1258 1818 quoque
1280 1791 1343 1810 cum
1364 1784 1467 1811 Adamo
1487 1784 1686 1811 suscitandam.

899 1828 967 1856 Tum
979 1837 1042 1856 vero
1058 1830 1188 1857 suscitato
1206 1837 1290 1864 puero
1301 1830 1468 1857 centurionis
1486 1829 1676 1865 alienigenae"

900 1875 952 1902 hoc
966 1875 1075 1903 abunde
1092 1875 1164 1904 Deus
1179 1876 1284 1907 docuit,
1303 1877 1360 1904 fore
1376 1880 1406 1904 ut
1427 1880 1556 1904 externas
1578 1884 1687 1912 quoque

900 1925 994 1956 gentes
1006 1922 1162 1949 suscitaret.
1180 1922 1220 1949 En
1239 1923 1287 1949 tibi
1305 1928 1361 1950 tres
1378 1927 1546 1950 mortuorum
1558 1921 1681 1950 dili‘eren-

901 1966 963 1994 tias.
987 1967 1021 1993 At
1040 1966 1174 1995 Lazarum
1195 1968 1355 1995 suscitando
1379 1972 1505 2003 quartum
1527 1972 1686 2000 mortuum,

899 2013 1113 2048 quatriduanum
1133 2014 1208 2041 illum
1224 2022 1239 2040 a
1251 2016 1387 2049 sepulcro,
1408 2014 1550 2042 clementis
1568 2017 1686 2049 quatuor

898 2059 1126 2094 distrahentibus,
1154 2061 1282 2092 olentem,
1308 2065 1426 2096 putrem,
1448 2061 1587 2089 vermibus
1609 2068 1686 2088 man-

899 2106 1049 2141 cipatum;
1084 2111 1178 2134 notum
1210 2107 1313 2135 factum
1343 2111 1385 2135 est
1422 2107 1622 2142 principatibus
1652 2114 1684 2134 ac

899 2152 1060 2180 coelestibus
1088 2151 1274 2186 potestatibus
1311 2151 1484 2186 terrenisque
1516 2151 1684 2182 hominibus,

899 2197 957 2226 fore
972 2202 1002 2225 ut
1018 2198 1127 2225 tandem
1146 2197 1218 2226 Deus
1233 2199 1388 2225 universam
1405 2198 1544 2225 hominum
1560 2201 1685 2224 naturam

55 2243 146 2268 πᾶσαν
165 2242 213 2278 τὴν
232 2243 264 2270 ἐκ
286 2245 426 2282 τεσσάρων
453 2245 632 2272 συσταθεῖσαν
651 2245 847 2282 ἀνθρωπότητα

901 2244 1044 2272 elementis
1071 2250 1190 2279 quatuor
1217 2248 1390 2271 constantem
1417 2243 1573 2275 suscitaret,
1598 2250 1684 2277 quau-

54 2287 156 2323 ἐγερεῖ,
171 2287 224 2315 κᾶν
234 2287 336 2320 ὧζεσεν
354 2291 382 2316 ἐν
396 2291 427 2326 τῇ
443 2291 566 2326 ἁμαρτίᾳ
581 2291 629 2326 τῆς
644 2291 842 2326 παραϐάσεως·

54 2332 106 2359 κᾶν
121 2333 212 2368 ἐσάπη
234 2335 262 2361 ἐν
285 2337 317 2371 τῇ
339 2336 450 2372 ἀσεϐείᾳ
470 2337 519 2372 τῆς
542 2337 760 2373 εἰδωλολατρείας
773 2346 779 2353 ο
794 2338 844 2365 κᾶν

53 2380 91 2412 ὡς
106 2381 160 2406 ὑπὸ
174 2381 332 2416 σκωλήκων,
347 2383 399 2408 ὑπὸ
413 2382 547 2418 δαιμόνων
563 2383 773 2419 κατεκυριεύθη,
795 2384 844 2411 καὶ

53 2425 215 2461 ἐζωποεύθη
231 2429 274 2461 εἰς
285 2428 318 2454 τὸ
329 2428 452 2456 ἐκείνων
473 2429 595 2464 θέλημα.
610 2429 703 2456 Ταῦτα
716 2427 762 2456 οὗν
778 2429 845 2456 ἰδόν-

53 2481 98 2506 τες
121 2474 146 2500 οί
166 2474 276 2508 ἄγγελοι
299 2475 447 2510 κρυπτῶς,
471 2475 519 2502 καὶ
541 2475 679 2511 ἄνθρωποι
704 2476 843 2513 φανερῶς,

53 2520 218 2556 ἐξέστησαν,
245 2520 489 2556 ἐξεθαμὸήθησαν,
506 2522 553 2548 καὶ
575 2522 690 2558 ἤρξαντο
714 2522 778 2558 [Bo-iv
797 2523 844 2550 καὶ

53 2566 142 2599 λέγειν
152 2574 159 2581 ο
178 2566 309 2594 Ὡσαννὰ
321 2567 355 2592 ἐν
370 2566 432 2599 τοῖς
443 2568 593 2601 ὑψίστοις.
610 2569 665 2604 Οὐχ
680 2569 717 2601 ὡς
731 2578 842 2605 σημειο-

52 2612 136 2647 φόρων
154 2611 182 2637 δὲ
202 2611 281 2647 μόνον
305 2611 438 2647 ἐπῄνουν.
452 2612 521 2639 ἀλλὰ
543 2614 590 2640 καὶ
608 2614 645 2646 ὡς
670 2614 780 2650 βασιλέα
802 2616 842 2643 ὅτι

53 2657 248 2693 ῂχμαλώτευσε
264 2659 353 2685 πᾶσαν
367 2658 415 2695 τὴν
430 2659 478 2686 ἀπ’
491 2659 590 2692 αἰῶνος
612 2661 664 2687 ὑπὸ
684 2661 730 2688 τοῦ
751 2661 841 2689 διαϐό-

88 2757 110 2773 ¹⁷
129 2756 210 2785 Joan.
229 2765 291 2794 su,
329 2757 369 2794 ιο,
408 2758 429 2774 ¹¹⁸
450 2758 547 2794 Ephes.
568 2768 618 2792 ιιι,
638 2761 681 2787 10.
720 2762 741 2777 ’⁸
763 2761 827 2789 ibid.

878 2763 901 2779 “
920 2763 987 2791 Luc.
1005 2771 1058 2793 vn.
1078 2763 1121 2791 ll.

900 2298 981 2325 quam
998 2291 1044 2318 illa
1055 2290 1082 2318 in
1095 2291 1325 2325 praevaricationis
1343 2293 1455 2325 peccato
1471 2289 1576 2320 feteret,
1598 2296 1684 2324 quan-

897 2345 979 2373 quam
993 2337 1021 2364 in
1036 2337 1195 2365 idololatria:
1207 2337 1343 2372 impietate
1358 2335 1519 2371 putruisset,
1529 2342 1684 2370 quanquam

897 2384 922 2411 ei
934 2384 1072 2412 daemones
1088 2384 1174 2411 instar
1188 2383 1320 2411 rcrmium
1330 2382 1546 2414 dominarentur,
1563 2385 1588 2408 et
1605 2381 1684 2415 capti-

898 2437 957 2457 vam
979 2434 1103 2463 tenerent,
1119 2429 1153 2456 ad
1164 2438 1241 2456 suam
1260 2429 1376 2464 ipsorum
1394 2428 1554 2454 voluntatem
1567 2427 1600 2454 ".
1615 2427 1683 2454 Cum

900 2478 959 2506 hare
984 2485 1050 2514 ergo
1074 2477 1164 2513 angeli
1188 2483 1289 2503 arcana
1311 2475 1425 2506 ratione,
1444 2473 1568 2501 homines
1591 2478 1682 2500 autem

896 2523 1044 2558 conspicua
1057 2526 1216 2554 cernerent.
1240 2520 1427 2548 vehementius
1444 2518 1570 2546 admirati
1587 2519 1682 2546 obstuc

897 2575 1026 2605 puerunt,
1041 2575 1238 2606 cu‘pcruntque
1249 2570 1368 2597 clamare
1381 2576 1413 2595 ac
1426 2567 1517 2595 dicere
1532 2577 1538 2594 ε
1553 2566 1683 2594 "osanna

895 2617 923 2643 in
950 2616 1088 2644 altissimis
1109 2617 1141 2643 ’⁵.
1160 2615 1246 2646 Porro
1266 2616 1423 2647 laudabant,
1443 2622 1497 2642 non
1519 2618 1548 2640 ut
1575 2617 1680 2640 tantum

898 2662 1069 2698 signiferum,
1099 2662 1147 2692 sed
1171 2667 1202 2691 ut
1227 2663 1308 2690 etiam
1336 2669 1447 2698 regem;
1478 2660 1551 2697 quod
1572 2666 1680 2687 omnem

1159 2764 1180 2779 "
1203 2763 1297 2790 Matth.
1325 2772 1350 2791 iv
1364 2783 1371 2796 ,
1391 2764 1445 2796 18;
1472 2762 1556 2793 Mare.
1579 2771 1605 2796 ν,
1621 2761 1679 2794 2%;

52 2791 120 2820 Luc.
140 2800 205 2824 rm,
222 2792 267 2820 ΛΞ.
304 2794 326 2809 η
347 2793 444 2821 Matth.
463 2791 528 2828 (ιιι,
611 2791 635 2811 ⁵³
656 2795 675 2823 ll
693 2795 764 2824 Tim.
783 2805 820 2830 ιι,
839 2797 848 2824 ε

923 2797 946 2814 ’δ
967 2791 1059 2826 Matth;
1079 2807 1139 2831 ut,
1158 2799 1185 2826 9.

87 2871 144 2907 (7i)
162 2871 220 2905 Τὴν
233 2871 276 2906 ἔγ.
294 2871 372 2900 Deest
386 2872 439 2900 δια.
