1920 3070
178 2375 191 2399 δ

197 157 259 180 nata
273 150 381 187 plantis.
395 149 455 184 Quo
467 150 496 177 in
509 149 588 178 horto
601 149 655 185 jam
668 158 717 179 nos
733 158 827 178 sumus
838 150 919 178 flores
933 141 972 178 le-
986 153 1009 181 Α

197 201 301 232 gentes,
316 199 343 224 et
357 204 391 223 ex
413 196 448 224 iis
468 203 629 231 purpuream
655 195 787 230 longeque
807 195 975 230 splendidam

198 242 345 278 impollutis
358 241 447 277 digitis
461 241 560 276 regina:
583 245 704 268 texentes
714 241 876 276 virginitatis
897 248 977 268 coro-

195 296 270 316 nam.
290 287 372 315 Verbi
388 287 459 315 enim
479 294 590 322 sponsa,
609 286 717 314 virtutis
739 290 852 314 ornatur
879 286 975 313 fructi-

196 334 258 362 bus.
274 333 345 361 Mille
374 340 456 368 porro
470 332 580 360 ducenti
608 332 748 367 sexaginta
763 332 821 360 dies
841 340 888 367 per
906 340 975 367 quos

196 381 242 408 hic
256 388 409 412 versamur,
423 379 514 407 Patris
526 383 579 413 est,
594 387 611 407 ο
623 379 752 414 virgines,
767 382 794 405 et
806 377 865 405 Filii
875 381 903 405 et
914 377 976 413 Spi-

196 427 265 455 ritus
282 426 368 454 sancti
385 426 454 453 citra
473 433 580 453 omnem
596 425 733 460 ambagem
747 427 840 451 exacta
860 424 975 459 Optima-

196 481 250 509 que
264 472 452 507 intelligentia,
467 479 521 506 qua
537 470 635 505 gaudet
652 475 737 498 mater
748 474 848 502 nostra,
864 478 911 506 per
924 471 975 498 hoc

197 525 303 554 tempus
317 525 467 553 augescens
486 520 567 552 atque
580 517 729 549 exsultans,
743 516 806 544 dum
823 517 851 544 in
865 517 976 544 restitu-

196 565 271 592 tione
295 572 425 592 novorum
445 563 615 595 saeculorum,
644 563 671 590 in
687 563 844 590 concionem
866 571 925 597 quae
947 563 974 590 in

195 611 273 639 ctelis
286 614 328 638 est
341 610 463 641 veniens.
482 617 536 637 non
552 609 607 644 jam
620 617 668 644 per
683 610 801 637 rationes
824 609 975 643 mentisque

196 656 366 684 contentioso
390 658 489 683 conatu
505 655 532 682 id
549 655 618 690 quod
632 660 682 688 est,
710 654 902 686 considerabit,
927 654 974 681 sed

196 703 268 731 clare
282 706 309 730 et
323 702 478 737 conspicue,
495 709 549 728 una
575 708 636 728 cum
662 700 771 728 Christo
796 700 829 726 ad
846 699 974 727 interiora

196 746 325 777 admissa,
341 745 512 781 inspectabit.
533 745 701 773 Millenarius
716 745 823 780 quippe.
837 752 867 771 ex
882 748 974 772 cente-

196 792 274 819 nario
298 791 387 819 decies
405 792 581 826 multiplicato
594 795 733 821 constans,
750 790 897 826 perfectum
922 799 973 817 nn-

196 845 300 865 merum
324 842 351 865 et
378 838 485 872 plenum
500 837 619 864 continet
635 846 642 864 :
659 837 730 872 quod
754 840 796 864 est
820 837 972 872 symbolum
987 834 1009 861 B

195 883 294 915 Patris,
310 883 356 918 qni
382 891 415 910 ex
440 891 469 911 se
483 884 542 918 ipso
566 891 657 910 rerum
683 883 752 910 hanc
773 882 973 910 universitatem

195 928 326 961 condidit,
352 932 379 956 et
394 928 420 955 in
434 935 463 955 se
476 928 535 963 ipso
558 928 678 956 continet
701 936 733 955 ac
749 931 900 955 conservat.
917 926 975 954 Du-

195 977 273 1002 centa
287 981 362 1007 vero,
376 981 407 1000 ex
421 973 526 1001 duobus
542 973 669 1008 perfectis
686 981 815 1000 numerus
828 972 972 1004 conﬂatus,

195 1020 346 1055 symbolum
359 1024 401 1046 est
419 1020 535 1054 Spiritus
548 1020 652 1051 sancti,
665 1024 800 1055 quatenus
815 1020 838 1047 is
853 1019 913 1047 Filii
925 1027 969 1047 no-

195 1067 237 1094 bis
252 1074 283 1093 ac
297 1066 384 1093 Patris
395 1065 496 1093 notitiae
511 1070 605 1093 auctor
619 1066 736 1093 exsistit.
752 1065 871 1100 Denique
893 1073 973 1093 sexa-

194 1112 268 1148 ginta
280 1112 416 1139 senarium
429 1119 570 1139 numerum
589 1112 615 1138 in
626 1111 773 1139 decadibus
790 1111 879 1143 habet,
887 1119 974 1146 eoque

194 1157 346 1192 symbolum
359 1157 459 1184 Christi
473 1161 515 1185 est
533 1166 540 1185 :
558 1157 660 1184 idcirco
679 1156 823 1190 nimirum,
840 1157 911 1192 quod
928 1165 973 1184 se-

195 1203 288 1230 narius
302 1210 433 1230 numerus
448 1210 483 1229 ex
493 1203 597 1229 unitate
612 1202 796 1237 progrediens,
809 1210 841 1229 ex
856 1202 973 1238 propriis

194 1247 366 1282 componitur
377 1247 509 1282 partibus,
519 1246 555 1273 ita
572 1250 600 1273 ut
615 1246 641 1273 in
652 1254 684 1273 eo
695 1246 762 1273 nihil
776 1246 883 1274 deﬁciat
894 1250 973 1274 autve

195 1292 326 1320 redundet
343 1302 350 1320 :
367 1293 394 1319 in
418 1300 481 1320 suas
501 1292 572 1319 enim
594 1296 685 1327 partes
699 1293 836 1320 resolutus
855 1293 974 1328 comple-

196 1341 250 1364 tur.
271 1337 403 1364 Nimirum
428 1338 450 1365 si
469 1345 515 1365 sex
535 1339 562 1364 in
584 1337 650 1365 alios
669 1342 749 1372 atque
774 1338 842 1366 alios
856 1338 973 1373 mquales

195 1391 324 1411 numeros
340 1383 486 1416 dividatur,
512 1391 623 1410 necesse
637 1386 728 1411 estex
751 1384 846 1411 iisdem
875 1384 973 1411 iterum

193 1429 298 1464 junctis
307 1430 452 1465 segmentis
462 1429 584 1457 eumdem
608 1437 748 1457 numerum
764 1430 894 1465 reparari.
913 1430 974 1457 Pri-

196 1483 269 1502 mum
284 1475 390 1511 quidem
407 1476 430 1503 si
444 1476 549 1503 medius
563 1475 707 1508 dividatur,
723 1476 773 1503 tria
789 1476 888 1509 efﬁcit;
914 1484 975 1504 rur-

196 1530 243 1550 sus
255 1523 277 1550 εἰ
295 1523 322 1550 in
337 1527 393 1550 tres
407 1527 498 1558 partes
511 1521 657 1554 dividatur,
681 1521 762 1549 efﬁcit
782 1521 852 1555 duo;
877 1521 901 1549 si
926 1521 974 1549 de-

196 1569 278 1603 nique
306 1569 334 1596 in
351 1576 397 1596 sex
414 1572 504 1603 partes
520 1568 713 1600 distribuatur,
730 1567 875 1602 unicuique
902 1567 973 1601 parti

196 1616 284 1642 solum
300 1615 391 1642 unitas
402 1616 539 1649 competit;
556 1615 680 1649 idemque
696 1622 791 1641 rursus
809 1614 837 1647 in
854 1614 973 1648 seipsum

196 1661 341 1695 colligitur.
353 1660 419 1687 Nam
431 1661 459 1687 in
472 1661 513 1687 bis
531 1661 593 1694 tria,
608 1665 648 1687 ter
657 1660 721 1691 duo,
734 1659 822 1688 sexies
836 1667 916 1686 untnn
932 1659 974 1686 di-

197 1706 282 1738 visus,
294 1705 447 1740 conjunctis
464 1706 532 1733 inter
553 1713 581 1733 se
596 1706 683 1732 tribus
701 1710 727 1732 et
751 1705 856 1732 duobus
871 1709 896 1731 et
909 1712 972 1736 uno,

198 1758 293 1778 rursus
308 1751 444 1778 senarium
459 1751 591 1786 integrum
609 1750 722 1785 perlicit.
734 1750 883 1777 Perfectum
901 1749 973 1776 enim

198 1796 352 1823 necessario
366 1800 418 1827 est,
430 1796 560 1831 quidquid
574 1803 659 1829 neque
673 1796 726 1822 alio
745 1795 779 1822 ad
800 1795 842 1822 Sui
856 1795 975 1829 comple-

198 1847 316 1869 mentum
331 1846 399 1877 eget,
418 1849 468 1868 nec
482 1849 599 1876 unquam
619 1842 750 1869 redundat
775 1841 914 1875 majusque
931 1848 974 1867 se-

197 1888 257 1922 ipso
290 1892 342 1915 est.
371 1887 493 1914 Aliorum
529 1891 618 1914 autem
654 1894 827 1913 numerorum
865 1885 974 1920 quidam

197 1934 259 1968 plus
275 1941 355 1968 quam
381 1934 494 1968 perfecti
514 1937 594 1965 sunt,
611 1937 639 1960 ut
663 1932 856 1959 duodenarius.
888 1930 974 1957 Media

196 1979 296 2014 quippe
313 1987 376 2014 pars
391 1979 450 2013 ejus
460 1979 584 2006 senarius
599 1981 650 2010 est,
663 1977 741 2004 tertia
755 1985 817 2004 vero
831 1980 975 2011 quaterna-

197 2026 264 2055 rius,
278 2029 373 2059 quarta
394 2025 537 2055 tertiarius,
565 2027 641 2052 sexta
666 2022 797 2054 binarius,
817 2021 976 2048 duodecima

986 1499 1007 1527 C

197 2071 297 2097 unitas.
325 2069 387 2097 llaec
402 2074 490 2097 autem
506 2070 533 2096 in
549 2077 609 2104 qua:
623 2068 803 2096 duodenarius
820 2071 908 2101 potest
934 2067 976 2094 di-

196 2116 263 2148 vidi,
279 2116 300 2143 si
318 2124 413 2144 rursus
426 2116 453 2143 in
467 2124 495 2143 se
511 2115 860 2151 compunantur,cxcedunt
874 2113 976 2141 duode-

668 90 698 120 S.
719 89 884 118 METHODI]
904 89 1058 118 EPISCOPI
1076 89 1120 118 ET
1140 89 1323 118 MARTYBIS

1754 92 1822 120 1'56

1023 159 1066 177 σαι
1082 149 1136 177 ’νῦν
1160 150 1207 177 καὶ
1233 150 1377 177 πλέκουσαι
1393 151 1426 186 τῇ
1447 149 1588 186 βασιλίσσῃ
1611 150 1660 177 τδν
1686 150 1815 188 ἁλουργῆ

1026 196 1155 231 στέφανον
1178 197 1226 223 καὶ
1255 196 1411 232 ἔκλαμπρον
1434 196 1483 231 τῆς
1510 197 1658 232 παρθενίας
1685 197 1823 229 ἀθίκτοις

1024 239 1174 272 δακτύλοις.
1194 240 1305 276 Ἀρετῆς
1323 240 1378 276 γὰρ
1393 241 1534 275 κοσμεῖται
1550 243 1665 277 καρποῖς
1679 242 1701 277 ῆν
1712 241 1814 277 νύμφη

1024 285 1071 313 τοῦ
1087 287 1185 321 Λόγου.
1207 287 1240 313 Al
1263 287 1291 313 δὲ
1311 286 1392 322 χίλιαι
1414 287 1462 314 καὶ
1481 287 1614 314 διακόσιαι
1639 288 1740 323 ἡμέραι
1758 288 1819 315 καὶ

1025 332 1163 368 ἑξήκοντα,
1176 332 1209 365 ἃς
1223 332 1315 360 ἐνθάδε
1330 333 1412 368 ἐσμὲν
1424 334 1464 364 είς
1477 333 1631 368 ἐπιδημίαν,
1646 334 1663 368 ἠ
1680 334 1744 369 περὶ
1757 333 1815 360 τοῦ

1024 378 1130 413 Πατρός
1146 379 1234 412 ἐστιν,
1257 375 1279 405 ὦ
1296 377 1439 414 παρθένοι,
1460 379 1508 405 καὶ
1529 378 1577 405 τοῦ
1602 379 1667 405 Υῑοῦ
1684 379 1731 406 καὶ
1757 379 1819 406 tot?

1024 424 1181 460 Πνεύματος
1205 425 1264 451 κατ’
1280 424 1387 451 εὐθεῖαν
1411 424 1527 459 ἀκριϐὴς
1550 424 1604 459 (22)
1633 424 1680 451 καὶ
1704 425 1815 461 ἀρίστην

1025 469 1139 502 σύνεσις,
1155 466 1172 506 ᾖ
1188 469 1303 505 γέγηθεν
1322 470 1399 505 ήμῶν
1413 470 1430 505 ἡ
1451 470 1540 505 μήτηρ
1560 469 1738 505 αὐξανομένη,
1756 470 1816 497 καὶ

1024 515 1168 549 ἀγάλλεται
1191 516 1295 542 τουτονὶ
1317 516 1363 542 τὸν
1391 516 1504 551 χρόνον,
1533 515 1667 551 μέχριπερ
1688 516 1722 542 ἂν
1753 516 1818 551 τῆς

1024 560 1267 592 ἀποκαταστάσεως
1282 561 1337 598 (25)
1359 561 1419 588 τῶνε
1438 561 1538 588 καινῶν
1560 561 1681 593 αἰώνων,
1699 562 1738 593 είς
1754 562 1818 597 τὴν·

1023 607 1119 642 ἄγυριν
1131 606 1244 633 ἐλθοῦσα
1259 607 1329 634 κατὰ
1343 608 1405 639 τοὺς
1421 607 1559 643 οὐρανοὺς,
1581 608 1676 643 μηκέτι
1692 608 1725 634 δι’
1741 609 1807 634 ὲπι-

1025 654 1130 690 στήμης
1152 654 1373 689 κατασκέπτηται
1404 653 1435 680 τὸ
1453 655 1512 686 Ὃν,
1539 653 1605 681 ἀλλά
1624 653 1729 689 τρανῶς
1751 654 1807 680 ὲπ-

1023 700 1139 736 οπτεύσῃ
1156 700 1265 736 Χριστῷ
1282 700 1453 727 συνεισόἄσα.
1471 700 1510 727 Τὰ
1528 701 1583 736 γὰρ
1599 700 1679 736 χίλια,
1698 702 1725 728 ὲν
1739 701 1808 727 ἑκα-

1022 746 1129 773 τοντάσι
1168 745 1449 777 δεκαπλασιασθέντα,
1482 745 1582 772 τέλειον
1607 746 1720 782 ἀριθμὸν
1755 746 1806 773 καὶ

1024 791 1113 827 πλήρη
1144 791 1279 827 περιέχει’
1307 791 1321 817 ὅ
1346 791 1378 826 δή
1409 793 1467 818 ἐστι
1493 791 1625 827 σύμϐολον
1651 791 1734 818 αὑτοῦ
1753 792 1803 819 τοῦ

1023 836 1137 871 Πατρδς,
1154 837 1200 862 τοῦ
1215 837 1261 871 ἀφ’
1278 836 1375 863 ἑαυτοῦ
1391 836 1638 872 δημιουργήσαντος
1651 837 1698 864 καὶ
1713 837 1804 873 ἑαυτῷ

1024 881 1236 917 ωγκρατοῦντος
1254 882 1284 909 τὸ
1302 883 1370 909 πᾶν·
1389 882 1424 909 τὰ
1445 883 1474 909 δὲ
1498 883 1622 909 διακόσια
1643 883 1688 910 τὸν
1705 884 1737 909 ὲκ
1755 883 1815 910 δύο⁴

1023 926 1130 953 τελείων
1144 926 1265 962 ἀριθμῶν
1279 927 1499 963 συνεζευγμένον,
1519 928 1533 954 ὂ
1546 927 1577 963 δή
1592 928 1649 955 sci-t1
1669 927 1804 964 σύμϐολον

1023 973 1069 999 τοῦ
1086 973 1162 1007 ἁγίου
1184 973 1355 1009 Πνεύματος,
1373 974 1440 1001 καθὸ
1461 974 1509 1010 τῆς
1531 974 1658 1008 γνώσεώς
1681 975 1739 1002 ἐστι
1753 975 1803 1002 τοῦ

1023 1018 1087 1046 Υἱοῦ
1119 1019 1196 1046 τοῦτο
1224 1021 1271 1046 καὶ
1295 1021 1341 1046 τοῦ
1366 1020 1473 1055 Πατρδς
1498 1022 1678 1056 περιεκτικόν.
1703 1022 1742 1049 Τὰ
1772 1021 1803 1048 δὲ

1023 1065 1163 1101 ἑξήκοντα,
1174 1066 1219 1093 τὸν
1236 1067 1266 1098 ἒξ
1279 1067 1392 1102 ἀριθμὸν
1408 1068 1437 1093 ἐν
1452 1067 1561 1094 δεκάσιν
1577 1068 1644 1103 ἔχει,
1657 1068 1672 1094 ό
1692 1068 1724 1105 δή
1742 1069 1802 1095 ἐστι

1024 1112 1154 1148 σύμϐολον
1179 1112 1226 1140 τοῦ
1252 1113 1385 1149 Χριστοῦο
1403 1114 1548 1150 ἐπειδήπερ
1576 1115 1590 1141 ὁ
1616 1113 1669 1141 τῶν
1691 1113 1720 1146 ἓξ
1747 1114 1804 1141 ἀπὸ

1025 1159 1135 1194 μονάδος
1158 1159 1260 1195 προῖὼν
1287 1160 1402 1196 ἀριθμὸς
1429 1161 1462 1187 ὲκ
1476 1156 1529 1187 τῶν
1557 1160 1627 1187 ἰδίων
1651 1161 1811 1188 συντίθεταν·

1025 1205 1124 1241 μερῶν,
1139 1205 1209 1232 ὥστε
1223 1206 1291 1241 μήτε
1311 1206 1415 1234 λείπειν
1433 1207 1461 1233 ἐν
1480 1206 1567 1242 ἑαυτῷ
1583 1215 1619 1240 τι,
1638 1207 1705 1242 μήτε
1723 1207 1810 1233 πλεοι

1023 1250 1126 1283 νάζειν·
1142 1252 1182 1283 εἰς
1197 1252 1231 1278 τὰ
1255 1251 1350 1278 ἑαυτοῦ
1365 1252 1419 1287 γὰρ
1437 1252 1506 1288 μέρη
1531 1252 1710 1288 ἀναλυόμενος
1734 1261 1806 1287 συμ-

1023 1297 1183 1332 πληροῦται.
1200 1295 1262 1324 Οἷον
1275 1297 1319 1324 τὸν
1332 1297 1361 1329 ἓξ
1376 1299 1416 1329 εἰς
1433 1298 1477 1324 ἴσα
1496 1298 1564 1334 μέρη
1584 1298 1612 1331 ἐξ
1624 1298 1688 1325 ἴσων
1707 1299 1806 1333 τεμνό-

1025 1351 1103 1378 μενον
1131 1343 1234 1379 μερῶν,
1249 1343 1354 1379 ἀνάγκη
1379 1343 1429 1378 τὴν
1451 1343 1533 1379 αὐτὴν
1552 1345 1584 1371 ἐκ
1601 1344 1655 1371 τῶν
1680 1345 1807 1380 διαμερι-

1025 1388 1140 1415 σθέντων
1171 1389 1322 1424 τμημάτων
1355 1389 1435 1416 πάλιν
1462 1390 1597 1426 ποσότητα
1623 1390 1804 1426 πληροῦσθαι.

1024 1434 1135 1470 Πρῶτον
1147 1434 1200 1469 γὰρ
1223 1435 1320 1470 μέρος,
1341 1434 1410 1461 κατὰ
1439 1434 1519 1470 μέσον
1535 1435 1719 1470 διαιρούμενος
1732 1437 1808 1461 ποιεῖ

1023 1480 1068 1507 τὸν
1081 1481 1142 1516 τρία
1151 1489 1158 1496 ·
1176 1478 1235 1507 εἶτα
1249 1482 1288 1512 είς
1300 1480 1362 1516 τρία
1379 1480 1563 1516 διαιρούμενος
1577 1481 1657 1517 μέρη,
1675 1483 1745 1508 ποιεῖ
1757 1482 1805 1509 τὸν

1023 1525 1083 1552 δύο·
1100 1525 1158 1552 εἶτα
1174 1527 1213 1558 εἱς
1225 1525 1254 1559 ἓξ
1270 1527 1416 1561 μερισθεὶς,
1439 1528 1509 1554 ποιεῖ
1526 1527 1571 1554 τὸν
1585 1526 1642 1558 ἕνα,
1665 1528 1711 1553 καὶ
1733 1536 1807 1563 συμ-

1024 1571 1172 1607 πληροῦται
1201 1571 1280 1598 πάλιν
1296 1573 1335 1603 εἰς
1357 1572 1460 1599 ἑαυτόν.
1477 1573 1523 1604 Et;
1539 1573 1593 1609 γὰρ
1614 1573 1655 1605 δὶς
1673 1573 1736 1608 τρία
1755 1574 1808 1602 καὶ

1024 1618 1082 1653 τρὶς
1093 1617 1139 1643 δύο
1155 1617 1201 1643 καὶ
1218 1616 1310 1648 ἑξάκις
1333 1617 1362 1644 ἒν
1382 1617 1565 1654 διαιρούμενος
1577 1638 1584 1651 ,
1607 1618 1806 1654 συντιθεμένων

1023 1663 1076 1689 τῶν
1092 1662 1173 1698 τριῶν
1184 1663 1229 1689 καὶ
1244 1663 1298 1689 τῶν
1312 1663 1357 1690 δύο
1368 1663 1414 1690 καὶ
1423 1663 1469 1690 τοῦ
1482 1663 1549 1696 ἐνὸς,
1561 1664 1641 1691 πάλιν
1654 1663 1814 1700 ἀναπληροῖ

1023 1708 1068 1734 τὸν
1083 1708 1121 1740 ἓξ.
1131 1708 1237 1735 Τέλειον
1252 1709 1279 1735 δὲ
1289 1710 1341 1736 πᾶν
1353 1709 1382 1741 ἐξ
1395 1709 1515 1745 ἀνάγκης
1530 1710 1587 1736 ἐστὶ
1598 1710 1627 1737 τὸ
1640 1711 1707 1746 μήτε
1719 1719 1805 1746 προσ-

1023 1753 1148 1788 δεόμενον
1163 1755 1203 1785 si;
1227 1754 1422 1790 συμπλήρωσιν
1440 1754 1532 1790 ἑτέρου
1544 1773 1551 1787 ,
1569 1755 1637 1790 μήτε
1658 1754 1805 1786 πλεονάζον

1024 1799 1118 1825 ἑαυτοῦ
1146 1799 1262 1826 πώποτε.
1293 1800 1352 1827 Τῶν
1379 1800 1407 1827 δὲ
1433 1801 1518 1828 ἄλλων
1548 1801 1672 1837 ἀριθμῶν
1699 1802 1723 1827 οἱ
1753 1801 1806 1836 μὲν

1025 1846 1188 1881 ὑπερτέλειοί
1212 1847 1289 1878 εἰσιν,
1311 1846 1348 1879 ὡς
1364 1848 1378 1873 ὁ
1394 1846 1507 1874 δώδεκα.
1524 1847 1561 1874 Τὸ
1580 1848 1634 1883 γὰρ
1648 1848 1703 1874 ἴσον
1719 1847 1804 1874 αὐτοῦ

1027 1892 1106 1927 μέρος
1126 1892 1160 1918 τὰ
1176 1891 1214 1925 ἒξ,
1232 1893 1278 1918 καὶ
1301 1893 1330 1919 τὺ
1348 1893 1437 1929 τρίτον
1453 1893 1486 1920 τὰ
1506 1894 1636 1929 τέσσαρα,
1652 1894 1698 1920 καὶ
1718 1895 1747 1920 τὺ
1759 1894 1806 1921 τέ-

1024 1946 1122 1972 ταρτον
1137 1937 1171 1964 τὰ
1192 1938 1265 1973 τρία,
1289 1939 1335 1965 καὶ
1350 1939 1380 1965 τὸ
1396 1939 1473 1966 ἕκτον
1488 1940 1521 1966 τὰ
1538 1939 1593 1971 No,
1610 1939 1656 1966 καὶ
1680 1940 1710 1965 τὸ
1723 1939 1805 1966 δωδέ-

1025 1991 1105 2009 κατον
1121 1982 1151 2009 τὺ
1174 1982 1212 2009 ἓν.
1229 1983 1276 2014 Εἰς
1291 1982 1309 2010 ἃ
1323 1983 1432 2010 δύναται
1455 1983 1626 2019 μερίζεσθαι,
1644 1984 1804 2011 συντεθέντα

1025 2027 1219 2063 ὑπερϐάλλουσι
1246 2029 1293 2056 τὸν,
1315 2028 1437 2061 δώδεκα,
1462 2030 1492 2056 οὑ
1517 2029 1683 2064 τηρήσαντος
1708 2030 1804 2057 ἑαυτὸν

1026 2073 1081 2099 ἴσον
1096 2075 1152 2105 τοῖς
1166 2074 1247 2100 αὑτοῦ
1265 2074 1384 2109 μέρεσιν,
1400 2074 1438 2106 ὼς
1460 2075 1474 2101 ὁ
1489 2074 1528 2107 ἒξ.
1545 2075 1576 2100 Οἱ
1598 2074 1625 2100 δὲ
1643 2075 1802 2108 ὑποτέλειοι,

1025 2119 1062 2150 ὡς
1075 2121 1088 2146 ό
1098 2119 1178 2147 ὀκτώ.
1194 2120 1229 2146 Τὸ
1249 2120 1302 2155 γὰρ
1316 2120 1400 2155 ἣμισυ
1416 2119 1496 2146 αὐτοῦ
1513 2119 1546 2145 τὰ
1559 2120 1687 2155 τέσσαρα,
1709 2122 1758 2148 καὶ
1773 2121 1804 2148 τὸ

197 2162 315 2194 narium,
339 2163 386 2197 qui
403 2171 432 2190 se
452 2162 563 2197 proinde
584 2170 636 2189 non
657 2165 744 2188 servat
765 2161 893 2195 aequalem
917 2159 973 2187 suis

1026 2164 1152 2201 τέταρτον
1164 2165 1198 2191 τὰ
1210 2165 1265 2197 δύο,
1282 2165 1328 2191 καὶ
1341 2164 1370 2191 τὸ
1386 2164 1477 2198 ὄγδοον
1489 2165 1519 2191 τὸ
1533 2165 1570 2191 ἓν.
1586 2166 1632 2197 Et;
1644 2165 1661 2192 ἃ
1675 2166 1803 2201 τέμνεται

198 2209 330 2242 partibus,
348 2209 418 2235 sicut
438 2209 571 2235 senarius.
595 2207 646 2234 Alii
666 2207 833 2242 imperfecti,
852 2211 880 2233 ut
899 2211 975 2234 octo-

197 2255 300 2282 narius.
315 2254 400 2289 llujus
413 2255 483 2281 enim
495 2254 644 2286 dimidium,
660 2254 863 2289 quaternarius;
879 2258 974 2287 quarta

198 2307 262 2327 vero
286 2308 358 2335 pars,
374 2301 515 2333 binarius;
537 2304 642 2332 octava,
667 2300 766 2327 unitas.
791 2299 819 2326 ln
846 2307 914 2334 quas
931 2300 973 2326 di-

234 2376 289 2412 (22)
297 2378 364 2404 Κατ’
372 2377 488 2405 εὐθεῖαν
499 2377 631 2411 ἀκριϐής.
642 2377 723 2410 Quasi
735 2383 805 2404 recta
819 2385 850 2405 ac
867 2378 972 2411 directe,

198 2419 241 2444 ac,
258 2413 328 2446 quod
348 2413 502 2444 reddebant,
525 2414 592 2439 citra
605 2421 704 2440 onmem
716 2413 860 2448 ambagem.
874 2413 975 2448 Nempe

198 2422 241 2444 c,
258 2422 328 2446 quou
348 2422 502 2444 rcauenam,
525 2422 592 2439 cura
605 2422 704 2440 onmem
716 2422 793 2439 anum
811 2422 860 2439 em.
874 2422 974 2448 nempe

197 2447 387 2483 κατέὑθεῑαν,
407 2448 681 2483 ειὼθιιάί,γραμμήν,
693 2448 719 2474 id
733 2452 775 2475 est
786 2422 906 2483 ﬁrmam;
920 2456 974 2475 non

198 2482 270 2514 quod
276 2482 428 2513 Possinius,
435 2483 576 2509 secundum
585 2482 679 2509 rectam
688 2483 776 2517 ﬁdem.
784 2482 881 2509 Dicunt
888 2483 974 2510 Grteci

200 2517 277 2557 fidem
290 2517 514 2578 6993v,_hinequ_e
535 2518 597 2558 illis‘
613 2518 769 2553 ὀρθοτομείν
782 2523 808 2544 et
824 2518 971 2553 ὀρθοδοξία,

200 2558 230 2576 ac
245 2559 266 2577 su
290 2560 336 2578 aur
372 2553 505 2578 eiusmodi
522 2557 574 2578 est.
592 2561 702 2578 inseque
724 2553 792 2578 adeo
810 2553 971 2578 Anostolus:

199 2552 272 2588 ac_sir
290 2552 355 2586 quid
372 2552 512 2588 ejusmodi
522 2557 574 2585 est,
592 2552 792 2587 ipchue'adeo
810 2552 971 2588 Apostolus:

167 2602 170 2621 ί
199 2585 316 2621 εὐθεῖαν,
332 2594 479 2621 nunquam.
495 2585 640 2615 Conscius.

231 2620 286 2655 (25)
296 2620 449 2656 Μέχριῖιερ.
455 2642 461 2648 .
466 2641 473 2648 .
483 2621 533 2656 τῆς
539 2622 815 2655 ἀποκαταστάσεως.
824 2622 868 2649 Sic
875 2622 974 2657 ubique

199 2654 293 2682 Patres
307 2654 527 2684 ἀποκατάστασιν
546 2663 652 2690 vocant,
673 2659 751 2692 quasi
776 2654 972 2691 reparationem

199 2694 297 2722 status,
312 2695 338 2718 et
357 2692 383 2718 in
400 2693 531 2727 integrum
548 2693 764 2720 restitutionem:
780 2699 847 2719 sano
863 2692 972 2725 quidem

199 2733 291 2756 sensu,
321 2726 367 2760 qtti
396 2726 467 2754 sana,
489 2728 555 2758 ﬁde,
579 2729 683 2762 lapsum
701 2727 808 2761 quidem
836 2727 971 2753 hominem

199 2765 359 2797 agnoscunt,
383 2762 429 2789 sed
454 2762 549 2790 Adami
573 2763 804 2797 praevaricatione,
820 2769 873 2795 qua
894 2762 972 2788 nobis

199 2795 299 2824 ainissa
317 2798 448 2826 rectitudo
467 2795 599 2825 naturalis
620 2801 647 2825 et
663 2797 707 2824 Dei
722 2797 807 2832 gratia
823 2796 971 2832 jusque'ad

1028 2210 1108 2245 μέρη,
1131 2210 1289 2237 συντεθέντα
1316 2210 1388 2236 ποιεῖ
1408 2209 1452 2236 τὸν
1468 2210 1556 2243 ἑπτὰ,
1574 2212 1620 2237 καὶ
1648 2212 1803 2247 προσδεῖται

1028 2255 1138 2289 μονάδος
1155 2256 1195 2286 είς
1209 2255 1257 2290 τὴν
1279 2253 1374 2280 ἑαυτοῦ
1395 2255 1604 2291 συμπλήρωσιν·
1623 2257 1670 2292 οὐχ
1686 2257 1723 2289 ὼς
1743 2259 1757 2283 ὁ
1773 2258 1803 2290 ἒξ

1027 2300 1158 2332 παντοίως
1169 2299 1256 2334 ἑαυτῷ
1273 2298 1415 2334 σύμφωνος
1428 2298 1474 2326 ὢν.
1488 2300 1532 2325 Διὸ
1545 2300 1590 2326 καὶ
1607 2300 1743 2336 ἀναφορὰν
1762 2302 1803 2333 εἰς

1026 2379 1138 2413 gloriam
1152 2387 1159 2411 ;
1176 2385 1291 2412 quorum
1310 2376 1429 2413 perfecta
1444 2377 1591 2413 restitutio,
1610 2378 1722 2412 ipsaque
1742 2379 1797 2413 glo-

1025 2412 1065 2440 ria
1081 2421 1111 2439 ac
1128 2413 1173 2439 Dei
1187 2412 1323 2447 possessio
1335 2413 1362 2439 in
1379 2412 1430 2439 fine
1446 2412 1525 2439 nobis
1541 2417 1730 2447 exspectetur;
1747 2412 1802 2447 non

1025 2447 1457 2483 Origenianordelirio,cujusque
1474 2447 1705 2483 propriodelicto,
1725 2452 1803 2476 ante-

1024 2481 1104 2517 qnain
1116 2482 1198 2509 animi
1213 2481 1373 2518 corporibus
1384 2481 1570 2517 alligarentur.
1590 2482 1729 2518 Nonapte
1737 2491 1802 2518 ergo

1025 2514 1176 2548 Possinius,
1201 2514 1282 2544 donec
1308 2514 1480 2544 instituan'tur
1496 2525 1560 2544 nova
1576 2514 1695 2548 ειεειιίᾶξ
1721 2514 1801 2544 νοεῦ-

1025 2557 1133 2579 tuantur
1147 2552 1271 2583 dixisset,
1299 2553 1374 2580 nullo
1392 2553 1512 2587 periculo
1532 2552 1658 2579 Methodii
1680 2553 1801 2587 phrasim

1024 2591 1145 2618 secutus,
1162 2595 1214 2621 qua
1237 2587 1337 2614 Christi
1355 2588 1439 2622 gratia
1455 2587 1605 2621 reparativa
1630 2592 1657 2614 et
1676 2588 1801 2614 sanativa

1025 2624 1090 2656 (non
1108 2622 1165 2656 ipsa
1183 2622 1289 2656 prima,
1313 2623 1453 2656 primaque
1479 2622 1525 2649 Dei
1548 2622 1708 2649 liberalitate
1731 2629 1801 2649 con-

1024 2657 1111 2692 cessa)
1122 2657 1235 2692 ejusque
1250 2658 1382 2684 terminus
1398 2657 1548 2684 indicatur:
1564 2664 1614 2684 nec
1628 2664 1677 2684 nos
1694 2658 1802 2691 sapien~

1024 2691 1107 2719 tiores
1122 2691 1248 2719 Patribus
1274 2700 1379 2723 sutnns,
1393 2696 1421 2719 ut
1436 2699 1530 2718 eorum
1547 2691 1709 2726 theologicas
1722 2699 1802 2720 voces

1024 2727 1160 2753 eonnnuni
1187 2735 1237 2754 usu
1266 2728 1342 2754 tritas
1358 2748 1365 2758 ,
1393 2734 1442 2753 nec
1464 2726 1591 2753 Ecclesia:
1612 2734 1725 2761 u5quam
1751 2727 1803 2754 im-

1011 2762 1162 2807 ‘probatas,
1186 2763 1364 2807 respuamns,
1394 2766 1556 2796 nostrasque
1578 2762 1630 2789 illis
1653 2761 1804 2790 substitua-

1025 2805 1094 2825 mus.
1111 2796 1149 2825 lo.
