1905 3072
103 85 184 115 1289

624 88 752 116 ORATIO
770 87 804 115 lN
827 87 942 115 RAMOS
962 86 1169 116 PALMARUM.

1679 90 1748 120 £270

103 152 170 176 τως
194 144 294 172 αίωνια
321 153 367 172 σου
392 146 408 181 ἡ
435 146 565 182 σωτηρία.
589 147 639 173 Διὰ
660 147 740 174 τοῦτο
755 145 801 174 οὖν
820 147 884 181 Χαῑέ

959 147 1015 182 ι·ρεὶ
1031 151 1094 179 ιιιο,
1111 147 1157 182 qui
1176 147 1247 174 venit
1263 146 1297 174 de
1313 146 1428 175 excelsis
1445 148 1578 175 emtorum
1605 151 1634 175 ut
1650 151 1676 175 te
1693 148 1747 175 sal—

104 190 250 225 σφόδρα-
269 191 407 226 κήρυττε,
434 193 558 228 Θύγατερ
580 193 787 229 Ἰερουσαλήμ.
810 195 842 220 Ti
853 203 908 230 ,κη-

105 236 199 271 ρύξω,
216 234 238 264 ὦ
250 239 393 274 προφῆτας
410 240 534 275 Κήρυττε
549 240 587 275 τῷ
601 240 705 275 βασιλεῖ
716 250 773 274 σου,
787 241 826 276 τῷ
841 250 907 268 κατ.-

106 282 219 310 ελθόντι
234 284 288 310 ἀπὸ
311 285 364 311 τῶν
387 285 542 321 ὑψωμάτων
556 287 602 313 τοῦ
623 287 737 324 οὐρανοῦ
755 286 840 315 σῶσαί
864 296 905 319 σε,

106 327 301 364 εὐχαριστίαν,
309 330 472 366 δοξοὶογίαν,
483 332 653 367 ὑμνολογίαν.
661 335 787 370 Κήρυττε
802 334 906 361 Ὡσαν-

106 375 153 402 νὰ
168 375 204 401 ἐν
218 376 279 409 τοῖς
287 378 438 411 ὑψίστοις,
449 378 509 405 ὅθεν
519 380 683 415 παρεγένετο
694 379 779 407 σῶσαί
791 389 819 406 σε
829 388 837 396 ο
849 381 906 407 Εὑ-

105 421 280 456 λοτημένος
301 425 317 449 ὀ
338 423 500 458 ἐρχόμενος
514 425 549 451 ἐν
566 425 687 460 ὀνόματι
708 427 828 460 Κυρίου.
851 426 905 453 Καὶ

108 467 209 494 σκόπει
219 477 263 503 μοι
271 469 316 494 τὸν
325 469 530 505 εὐαγγελιστὴν,
545 470 604 502 πῶς
612 471 722 498 διπλοῦν
730 472 775 498 τὸν
788 471 808 498 Χ
815 472 905 507 ριστὸν

106 512 252 548 κηρύττει.
264 514 308 540 Ἐν
322 514 360 550 τῷ
372 515 426 551 γὰρ
439 515 539 549 λέγειν,
563 517 694 544 Ὡσαννὰ
709 518 744 543 ἐν
761 517 823 551 τοῖς
836 518 905 552 ὑψί-

106 566 208 592 στοις,
230 561 280 596 τὴν
294 561 398 596 ὑψηλὴν
420 563 469 598 τῆς
490 561 615 598 θεότητος
634 563 713 597 φύσιν
729 563 818 598 δηλοῖ·
836 564 865 589 ἐν
876 563 904 590 δὲ

109 604 150 639 τῷ
162 605 253 639 λέγειν
264 614 271 621 ·
282 607 497 641 Εὐλογημένος
518 609 534 634 ὀ
550 608 711 643 ἐρχόμενος
730 610 765 636 ἐν
783 611 904 645 ὀνόματι

108 650 233 684 Κυρίου,
245 651 294 687 τὴν
311 651 362 687 τῆς
374 652 421 679 ἀνθ
427 652 583 689 ρωπότητος
595 655 689 682 οὐσίαν
712 656 855 692 σημαίνει·
873 657 904 684 τὸ

107 695 292 732 εὐλογημένον
306 698 425 735 σπέρμα,
436 699 450 725 ὃ
465 700 597 736 εὐλογήθη
616 702 630 727 ὁ
651 701 831 738 εὐλογημένος
840 702 902 729 Ἀϐ-

108 740 196 776 ραὰμ,
210 743 239 769 ὲν
254 742 293 777 τῷ
312 744 450 779 σπέρματι
466 745 548 772 αὑτοῦ
563 746 740 783 εὐλογηθῆναι
761 747 849 775 πάντα
869 747 903 776 τὰ

107 787 174 823 ἔθνη
188 789 236 824 τῆς
246 789 307 824 γῆς.
322 790 527 826 Εὐλογημένη,
540 793 632 827 φησὶν,
648 793 671 827 ἠγ
681 793 828 829 ἐρχομένη
842 794 901 827 βα-

106 835 211 861 σιλεία
221 835 273 862 τοῦ
289 836 400 870 πατρὸς
415 837 499 871 ἡμῶν
511 838 611 866 Δαϐίδ.

153 891 338 928 Αναλάὸωμεν
351 893 432 919 πάλιν
453 893 501 929 τὴν
520 895 611 931 φωνὴν
627 895 674 931 τὴν
692 897 837 932 προτέραν,
855 897 901 924 καὶ

105 936 206 972 ὥσπερ
222 937 324 972 μασθὸν
341 939 508 973 προφητικὸν
521 940 692 976 ὲκπιέσωμεν
705 951 711 956 -
726 942 765 968 ἔτι
782 943 836 978 γὰρ
845 943 900 978 ἔχει

104 983 256 1016 γάλακτος.
269 983 336 1020 Φησὶ
351 985 405 1020 γάρ
414 994 421 1000 ·
435 986 523 1021 Xaips
537 987 663 1022 σφόδρα,
677 989 802 1023 θύγατερ
814 990 897 1016 Σιών·

105 1027 239 1062 κήρυττε
250 1049 257 1061 ,
282 1030 408 1066 θύγατερ
430 1032 635 1068 Ἰερουσαλήμ.
651 1034 706 1060 Καὶ
727 1035 797 1067 τίνος
807 1035 899 1062 ἕνεκεν

105 1074 235 1109 θύγατερ
250 1075 336 1108 Σιὼν,
358 1077 404 1103 καὶ
422 1078 451 1104 οὺ
467 1078 554 1111 Σιώνς
581 1079 628 1105 καὶ
649 1080 773 1115 θύγατερ
793 1080 900 1115 Ἰερου-

103 1120 224 1155 σαλὴμ,
240 1122 286 1148 καὶ
293 1123 323 1148 οὐ
339 1123 532 1160 Ἰερουσαλὴμς
565 1126 685 1160 Πρόσεχε
699 1127 827 1159 συνετῶς,
842 1137 896 1154 πα-

105 1166 231 1201 ρακαλῶ.
255 1168 359 1203 ’Ὠσπερ
374 1169 428 1205 γὰρ
444 1170 477 1196 τὰ
491 1171 611 1206 ὀνόματα
631 1171 684 1198 τῶν
700 1171 832 1207 βοτανῶν,
851 1174 898 1201 καὶ

103 1211 163 1238 τῶν
177 1213 318 1244 πετεινῶν,
332 1215 379 1241 καὶ
390 1215 443 1242 τῶν
454 1216 635 1252 τετραπόδων,
651 1218 698 1244 καὶ
719 1218 772 1244 τῶν
793 1219 840 1246 ἀνθ
845 1219 898 1255 ρώ-

104 1267 178 1291 πων,
194 1260 265 1286 κατὰ
278 1261 328 1296 τὴν
349 1261 479 1298 διαφορὰν
494 1262 545 1298 τῆς
563 1264 668 1299 μορφῆς
686 1264 731 1291 καὶ
752 1265 801 1299 τῆς
818 1266 895 1292 δυνά-

104 1312 181 1338 μεως
194 1304 265 1332 οὕτω
280 1305 327 1332 καὶ
341 1306 370 1332 τὸ
383 1306 469 1341 ινομα
484 1307 626 1342 κέκτηται,
642 1309 727 1341 οὕτως
740 1310 840 1345 ἑκάστη
854 1320 897 1337 κε-

105 1349 171 1382 ραία
196 1350 250 1376 τῶν
279 1349 357 1376 θείων
375 1350 471 1385 ὶογίων
490 1352 558 1379 ἰδίαν
580 1353 694 1388 δύναμιν
718 1355 765 1380 καὶ
781 1354 895 1391 θεωρίαν

101 1394 246 1429 κέκτηται.
264 1395 367 1422 υὺκοῦν
383 1397 582 1433 ὲρευνήσωμεν,
609 1399 634 1425 τί
657 1399 756 1436 δήποτε
781 1401 829 1436 τὴν
848 1401 895 1428 νῦν

101 1440 204 1475 πιστὴν
223 1440 398 1477 Ἰερουσαλὴμ
415 1443 521 1478 πρῶτον
532 1444 609 1470 καλεῖ
627 1445 640 1470 ὀ
657 1446 798 1481 προφήτης
812 1446 895 1480 θυγα-

99 1486 170 1537 τερα
196 1486 265 1537 Enim
291 1487 429 1537 hapsus,
456 1488 574 1525 θύγατερ
609 1491 808 1528 Ἰερουσαλήμ]⁸
827 1493 930 1537 (bth

97 1531 172 1567 γάρ’
188 1532 275 1566 Χαῖρε
292 1533 419 1568 σφόδρα,
437 1535 561 1570 θύγατερ
574 1536 665 1564 Σιώνι
689 1537 824 1572 κήρυττε.
844 1541 891 1567 θύ-

97 1586 191 1612 γατερ
217 1578 417 1614 Ἰερουσαλήμ.
452 1580 519 1607 Σιὼν
553 1583 729 1618 ἑρμηνεύεται
760 1584 888 1619 διψῶσα.

100 1624 184 1651 Ἐστι
197 1625 225 1651 δὲ
241 1625 338 1660 αὖτηὴ
357 1627 501 1663 συναγωγὴ
520 1628 574 1654 τῶν
591 1629 702 1656 δικαίων
719 1631 766 1657 καὶ
785 1640 891 1668 προφη-

96 1669 156 1696 τῶν
167 1678 173 1685 ·
186 1671 239 1696 τῶν
251 1671 298 1697 ἀπ’
310 1672 406 1704 αἰῶνος
426 1674 506 1709 μέχρι
522 1675 571 1710 τῆς
588 1676 705 1711 Χριστοῦ
721 1678 872 1712 παρουσίας
881 1686 888 1692 ·

96 1715 265 1751 διψήσαντες
290 1718 420 1753 ἑνωοῆναι
437 1720 483 1746 καὶ
507 1721 689 1756 εὐαρεστῆσαι
709 1723 742 1757 τῇ
767 1721 827 1758 θείᾳ
844 1723 890 1750 κα)¹

97 1765 275 1799 προσκυνητῇ
297 1765 374 1801 οὐσίᾳ
389 1765 438 1800 τῆς
457 1765 591 1800 θεότητος,
606 1766 695 1798 καθώς
716 1776 796 1802 φησιν
815 1768 829 1794 ὁ
846 1777 890 1795 κο-

98 1810 217 1845 ρυφαῖος
227 1810 281 1837 τῶν
293 1811 449 1838 ἀποστόλων
457 1812 568 1848 Πέτρος
582 1813 648 1840 Ἵνα
657 1813 798 1848 τένωιται
809 1815 890 1848 θείας

96 1856 238 1882 κοινωνοὶ
253 1857 382 1890 φύσεως.
394 1854 482 1889 Οὗτοι,
498 1858 643 1894 ζητοῦντες
656 1859 702 1886 τὸν
716 1860 833 1894 Χριστὸν
842 1862 889 1888 καὶ

94 1901 239 1935 διψῶντες,
256 1902 407 1938 ἐκλήθησαν
425 1903 503 1937 Σιὼν,
519 1904 609 1936 καθὼς
621 1903 660 1937 εἷς
678 1905 708 1937 ἐξ
727 1905 816 1932 αὐτῶν
831 1906 888 1933 ἕλε-

95 1955 164 1982 γεν·
189 1948 354 1982 Ἐὃὶψνησεν
366 1949 385 1983 ὴ
398 1950 482 1984 ψυχή
489 1959 548 1984 μου
562 1951 636 1985 πρὸς
658 1951 710 1979 τὸν
735 1952 809 1980 Θεὸν
834 1953 888 1980 τὸν

95 1994 226 2029 ισχυρὺν
250 1995 303 2022 τὸν
320 1995 420 2026 Eoum.
439 1997 521 2023 Ὅταν
543 1997 572 2023 δὲ
593 1998 721 2033 ἐπέτυχον
741 1999 786 2025 καὶ
812 2000 887 2035 ἤγγι-

95 2048 158 2070 σαν,
172 2039 272 2075 μρῖλλον
284 2040 312 2067 δὲ
328 2040 473 2076 ὤφθησαν
493 2043 541 2069 καὶ
558 2043 728 2078 ἐθεώρησαν
745 2046 778 2072 τὸ
793 2046 888 2080 πρόσι-

94 2093 179 2112 ωπον
190 2085 283 2113 αὑτοῦ
293 2095 299 2102 ·
308 2086 379 2114 οὕτω
392 2088 446 2123 γὰρ
462 2088 536 2122 λέγει
547 2089 627 2124 ἑτέρα
637 2090 751 2122 ἔκδοσις’
763 2091 887 2125 ἐγένοντο

100 2131 289 2168 Ἰερουσαλὴμ,
305 2133 422 2169 ὁρῶντες
433 2134 508 2166 Θεὸν,
521 2135 567 2162 καὶ
588 2138 783 2172 σκοπευτήριςν
796 2139 886 2175 πάσης

960 197 1018 225 vet,
1034 193 1185 228 gratiarum
1199 193 1334 221 actionem
1344 213 1351 225 ,
1369 193 1596 228 gloriﬁcationem
1607 213 1616 226 ,
1635 193 1746 221 laudum

956 239 1076 266 cantica.
1092 238 1214 266 Praedica
1232 238 1363 266 Husanua
1378 239 1405 265 in
1423 238 1564 266 altissimis
1578 239 1617 271 ",
1635 239 1707 267 unde
1723 240 1747 267 is

957 287 984 312 te
1011 284 1168 312 salvaturus
1183 284 1313 312 advenit:
1339 284 1496 311 Benedictus
1510 285 1555 320 qui
1571 285 1638 311 venit
1654 285 1681 311 in
1696 293 1745 311 no-

956 330 1025 357 mine
1039 330 1147 357 Domini
1164 330 1197 358 ³⁸.
1214 329 1254 357 Tu
1279 337 1344 357 vero
1360 330 1424 357 mihi
1442 330 1636 365 evangelistam
1655 330 1746 358 consi-

955 375 1036 406 dera,
1065 379 1095 402 ιιι
1119 375 1257 410 duplicem
1285 375 1424 403 Christum
1452 375 1593 410 praedicet.
1627 375 1746 404 Dicenda

955 421 1026 448 enitn
1042 442 1049 454 ,
1068 421 1198 449 "osanna
1221 423 1248 448 in
1271 421 1427 454 altissimis,
1454 422 1596 449 sublimem
1618 427 1744 450 naturam

954 466 1108 503 divinitatis
1123 466 1244 494 ostendit
1258 475 1265 500 ;
1278 466 1395 495 dicendo
1408 470 1498 494 autem
1511 477 1519 494 :
1532 467 1688 494 Benedictus
1702 468 1754 502 qui:

955 513 1022 539 vertit
1039 513 1066 539 in
1083 513 1188 540 nomine
1205 513 1329 545 Domini,
1348 513 1531 540 substantiam
1549 513 1675 549 designat
1690 513 1743 540 hu-

955 558 1093 586 manitatis
1106 568 1112 586 :
1123 566 1226 592 semen,
1245 559 1373 594 inquam,
1392 559 1459 586 illud
1469 559 1654 593 benedictum,
1671 560 1743 594 quod

955 601 1115 631 benedictus
1132 604 1268 631 Abraham
1287 605 1315 632 in
1335 604 1551 632 benedictionem
1573 606 1692 640 accepit,
1715 611 1744 632 ut

953 649 981 676 in
997 645 1102 678 seinine
1117 651 1178 684 ejus
1198 651 1428 679 benedicerentur
1451 659 1547 680 omnes
1569 656 1663 686 gentes
1688 656 1743 679 ter—

953 703 990 723 rae
1000 696 1032 723 ³⁷.
1048 695 1219 723 Benedictum
1231 716 1238 729 ,
1250 697 1338 733 inquit
1350 718 1357 731 ,
1372 697 1442 733 quod
1455 699 1522 725 venit
1538 706 1644 733 regnum
1658 699 1742 732 patri:

954 741 1037 768 nostri
1051 740 1137 768 David
1152 741 1191 769 "..

915 828 942 856 Β.

987 893 1031 920 IV.
1046 892 1228 921 Besumamus
1243 893 1360 928 priorem
1373 901 1466 920 vocem
1478 913 1486 926 ,
1499 900 1530 921 ac
1542 893 1615 921 velut
1625 893 1743 929 prophe-

951 940 1004 966 tica
1023 940 1105 967 ubera
1120 939 1326 974 exprimamus:
1344 942 1444 974 quippe
1461 939 1550 967 adhuc
1567 941 1609 968 lac
1627 941 1739 970 habent.

950 984 995 1012 Ait
1013 984 1163 1020 siquidem:
1181 982 1271 1011 Gaude
1293 984 1461 1017 vehementer,
1480 985 1539 1019 ﬁlia
1561 985 1649 1017 Sion;
1671 993 1739 1020 pra:-

949 1026 1026 1062 dica,
1043 1030 1101 1065 ﬁlia
1115 1029 1276 1057 Jerusalem.
1298 1029 1434 1063 Quorsum
1459 1038 1525 1058 vero
1538 1051 1545 1062 ,
1571 1031 1631 1066 [ilia
1653 1030 1738 1063 Sion,

950 1083 1004 1103 non
1023 1075 1109 1103 Sion?
1124 1075 1260 1108 Quorsum
1282 1076 1340 1110 [ilia
1360 1075 1527 1109 Jerusalem,
1553 1085 1608 1104 non
1624 1077 1737 1105 Jerusa-

949 1122 1023 1149 lem?
1051 1121 1149 1155 Quazso
1175 1121 1300 1149 attendas
1324 1122 1470 1156 sapienter.
1502 1121 1736 1155 Quemadmodum

948 1168 1020 1195 enim
1036 1168 1129 1199 olera,
1147 1168 1291 1199 volucres,
1311 1168 1488 1203 quadrupcda
1507 1168 1635 1196 animalia
1654 1174 1736 1204 atque

949 1214 1089 1246 homines,
1111 1221 1161 1249 pro
1183 1214 1258 1241 varia
1282 1213 1368 1241 forma
1391 1218 1473 1249 atque
1488 1215 1607 1245 virtute,
1625 1215 1677 1241 alia
1694 1218 1737 1242 at-

948 1267 1001 1295 que
1021 1259 1074 1287 alia
1096 1265 1262 1295 acceperunt
1279 1260 1402 1292 nomina,
1431 1262 1471 1288 sic
1489 1269 1554 1288 sane
1577 1261 1677 1296 singuli
1695 1261 1737 1288 di-

948 1307 1071 1333 vinorum
1091 1306 1262 1341 eloquiorum
1280 1307 1387 1341 apices,
1406 1307 1534 1334 virtutem
1551 1308 1687 1342 propriam
1705 1315 1735 1334 ac

947 1359 1057 1380 sensum
1075 1353 1225 1388 spiritalem
1244 1353 1355 1380 habent.
1372 1354 1535 1381 bcrutemur
1544 1362 1624 1390 ergo,
1640 1362 1736 1390 quam-

946 1399 1040 1426 obrem
1056 1399 1205 1433 propheta,
1231 1399 1336 1427 ﬁdelem
1354 1401 1506 1428 Jerusalem
1518 1421 1525 1433 ,
1550 1401 1668 1436 primum
1687 1409 1736 1435 ap-

946 1445 1027 1480 pellet
1055 1445 1136 1471 ﬁliam
1162 1445 1248 1478 Sion;
1266 1438 1439 1480 subinileque
1463 1446 1545 1473 ﬁliam
1571 1446 1733 1474 Jerusalem.

946 1491 1012 1517 Nam
1029 1491 1066 1517 ait
1080 1500 1086 1518 :
1105 1489 1196 1518 Gaude
1212 1491 1384 1524 vehementer,
1400 1492 1459 1526 [ilia
1484 1492 1570 1524 Sion;
1595 1493 1712 1526 prwdica
1725 1512 1732 1525 ,

946 1537 1004 1572 ﬁlia
1020 1536 1180 1564 Jerusalem.
1201 1538 1267 1564 Sion
1284 1539 1430 1573 exponitur
1445 1539 1547 1566 sitiens.
1564 1538 1627 1566 Hmc
1650 1547 1733 1574 porro

941 1583 1079 1618 justorutn
1096 1591 1128 1610 ac
1141 1584 1335 1619 prophetarum
1349 1585 1524 1620 congregatio
1537 1589 1596 1616 est.
1612 1586 1658 1620 qui
1675 1586 1733 1613 fue-

943 1634 1007 1656 runt
1020 1638 1034 1657 a
1051 1630 1151 1658 szL-culo
1168 1638 1253 1665 usque
1268 1631 1301 1657 ad
1317 1631 1419 1658 Christi
1438 1631 1582 1658 adventum
1597 1641 1604 1658 :
1622 1632 1668 1667 qui
1687 1633 1730 1658 ni-

942 1675 1042 1701 mirum
1061 1674 1131 1701 uniri
1149 1674 1293 1708 sitierunt,
1312 1682 1344 1702 ac
1367 1675 1475 1710 placere
1494 1675 1592 1704 divina:
1614 1677 1730 1704 adoran-

941 1720 1037 1755 dzeque
1060 1719 1212 1747 divinitatis
1234 1719 1413 1752 substanlim,
1438 1720 1668 1754 quemadmodum
1691 1721 1730 1748 ait

939 1765 1037 1793 Petrus
1052 1766 1237 1801 apostolorum
1252 1766 1395 1801 princeps:
1413 1765 1447 1792 Ut
1458 1766 1553 1793 divinw
1566 1766 1730 1800 eﬁicermtur

939 1817 1073 1839 consortes
1090 1817 1193 1839 natura:
1210 1812 1243 1839 ".
1262 1811 1316 1844 Hi,
1340 1812 1451 1847 inquam
1465 1831 1472 1844 ,
1490 1811 1629 1839 Christum
1656 1819 1730 1848 qua?-

939 1861 1031 1885 rentes
1056 1865 1088 1885 ac
1115 1857 1240 1885 sitientes
1265 1857 1390 1892 appellati
1414 1861 1479 1884 sunt
1494 1855 1580 1888 Sion,
1598 1858 1730 1892 quemad-

939 1903 1049 1930 modum
1069 1911 1164 1930 eorum
1190 1902 1290 1938 aliquis
1317 1903 1355 1929 ait
1372 1911 1378 1930 :
1397 1901 1486 1930 Sitivit
1512 1903 1602 1930 anima
1620 1911 1676 1930 mea
1693 1904 1728 1931 ad

938 1949 1023 1977 Deum
1046 1949 1140 1983 fortem
1166 1949 1251 1976 virum
1272 1949 1305 1975 ⁸ο.
1334 1948 1385 1976 Uhi
1403 1955 1493 1976 autem
1509 1949 1599 1984 adepti
1616 1954 1680 1976 sunt
1697 1958 1729 1977 ac

939 1991 1133 2029 accesserunt,
1153 2003 1200 2023 seu
1222 1996 1313 2030 potius
1335 1994 1458 2022 viderunt
1477 2004 1508 2022 ac
1529 1997 1640 2023 contuiti
1665 2002 1728 2023 sunt

937 2042 1031 2077 faciem
1047 2042 1125 2077 ejus;
1141 2042 1181 2069 sic
1198 2042 1270 2069 enim
1289 2041 1370 2070 habet
1386 2042 1440 2069 alia
1455 2042 1559 2075 editio;
1579 2042 1643 2069 l'acti
1660 2048 1726 2072 sunt

936 2087 1087 2116 Jerusalem
1105 2087 1189 2115 Deum
1206 2087 1350 2120 videntes,
1368 2095 1399 2115 ac
1416 2088 1501 2114 totius
1520 2088 1642 2115 scientiae
1664 2096 1727 2123 spc-

937 2135 1008 2162 cula.
1027 2133 1114 2169 llujus
1131 2141 1214 2169 porro
1232 2133 1298 2160 Sion
1315 2133 1397 2160 ﬁliam
1414 2138 1507 2166 vocat,
1525 2133 1618 2162 ﬁdeles
1632 2135 1658 2162 in
1675 2134 1728 2162 Do-

92 2179 145 2213 τῆς
162 2178 297 2212 γνώσεως.
310 2179 452 2215 θυγατέρα
470 2180 498 2206 δὲ
518 2180 618 2216 ταύτης
640 2182 708 2208 Σιὼν
724 2171 802 2210 καλεῖ
823 2171 884 2217 robe

947 2182 1013 2208 nino
1036 2181 1083 2215 qui
1105 2180 1202 2207 sitiunt
1228 2171 1275 2214 pe'r
1303 2179 1401 2212 ﬁdem,
1428 2180 1529 2215 quique
1551 2180 1727 2215 exsequendo

92 2224 138 2250 διὰ
153 2224 203 2258 τῆς
214 2224 330 2256 πίστεως
339 2225 481 2260 διψῶντας,
498 2227 547 2253 καὶ
562 2227 605 2253 διὰ
621 2228 670 2263 τῆς
687 2229 816 2264 ἐργασίας
833 2231 886 2257 τῶν

93 2269 209 2296 ἐντολῶν
231 2270 277 2296 τοῦ
302 2270 478 2305 Εὐαγγελίου,
501 2271 649 2307 ζητοῦντας
669 2274 759 2308 εὑρεῖν
772 2275 816 2300 τὸν
833 2276 886 2301 Κύ-

93 2322 164 2350 ριον⁷
186 2315 231 2341 τὸν
257 2316 285 2342 ἐν
306 2317 398 2348 αὐτοῖς
414 2319 614 2353 κεκρυμμένον,
643 2318 734 2351 καθώς
761 2328 828 2356 φησι
853 2321 884 2348 τὸ

92 2360 172 2395 ἅγιον
189 2361 315 2397 Πνεῦμα·
338 2363 417 2397 Αὕτη
437 2364 455 2397 ὴ
472 2364 557 2398 γενεὰ
576 2364 742 2398 (monrth
756 2367 809 2392 τὸν
823 2367 882 2393 Κύ-

87 2416 167 2442 ριον,
192 2407 357 2441 ζητούντων
376 2409 409 2435 τὸ
428 2410 589 2443 πρόσωπον
607 2410 659 2437 τοῦ
682 2411 755 2438 Θεοῦ
772 2411 880 2439 Ἰακώϐ.

91 2453 148 2480 Καὶ
160 2454 224 2480 ὅταν
238 2455 396 2490 ἐπιτύχωσι,
407 2455 549 2482 καλοῦνται
560 2456 682 2493 θυγάτηρ
692 2457 741 2493 τῆς
752 2466 882 2496 προειρη-

93 2498 178 2534 μένης
195 2499 381 2536 Ἰερουσαλὴμ,
398 2500 562 2537 Θεωροῦντες
580 2503 626 2530 τὸν
648 2505 729 2535 Θεὸν,
748 2505 794 2531 καὶ
820 2502 881 2532 σκοέ

91 2544 206 2576 ποῦντες
226 2545 275 2581 τὴν
298 2546 486 2582 πνευματικὴν
508 2547 616 2581 γνῶσιν.
635 2549 804 2585 Παρακαλῶν
822 2549 849 2576 δὲ
866 2551 880 2576 ὁ

90 2591 235 2626 προφήτης
246 2591 289 2618 διὰ
304 2592 351 2618 τοῦ
367 2592 518 2628 πνεύματος
532 2594 578 2620 τὸν
599 2595 665 2621 Θεὸν
680 2595 815 2628 ἀναδεῖξαι
829 2596 878 2631 τὴν

89 2636 218 2671 τοιαύτην
241 2637 310 2665 Σιὼν
332 2639 379 2665 καὶ
397 2639 582 2676 Ἰερουσαλὴμ,
610 2641 691 2676 φησί·
720 2641 879 2676 Μνήσθητι

89 2680 145 2715 τῆς
158 2683 338 2718 συναγωγῆς
357 2692 424 2718 σου,
446 2682 484 2720 ἧς
502 2685 619 2720 ἐκτήσω
635 2687 784 2722 ἀπαρχῆς.
807 2687 878 2714 Οὐκ-

126 2771 149 2787 ⁸⁸
165 2770 259 2798 Matth.
281 2779 338 2804 xxx,
355 2773 381 2800 9.
418 2773 440 2788 "
455 2772 520 2801 ibid.

562 2773 583 2810 ’ἶ
605 2774 702 2804 tiones.
723 2785 807 2810 Xt’lll,
831 2777 871 2804 IS.

89 2805 117 2834 5.
157 2806 176 2822 δ’
197 2806 269 2836 Psal.
289 2815 389 2839 tum,
419 2808 446 2835 2.

488 2810 509 2825 δ’
529 2808 596 2838 ibid.

937 2227 1092 2262 evangelica
1115 2230 1266 2261 prazcepta,
1291 2225 1436 2253 Dominum
1461 2226 1488 2252 in
1502 2226 1542 2253 eis
1559 2227 1725 2253 occultatum
1757 2238 1759 2241 ν

937 2274 1060 2301 invenire
1084 2276 1226 2308 quaarunt,
1245 2272 1285 2299 uti
1308 2271 1346 2299 ait
1368 2271 1487 2306 Spiritus
1509 2277 1641 2303 sanctus;
1661 2272 1726 2300 Hinc

935 2324 974 2346 est
988 2319 1122 2354 generatio
1135 2318 1307 2353 qumrentium
1319 2316 1477 2350 Dominum,
1494 2318 1667 2352 quwrentium
1682 2319 1726 2353 [a-

934 2365 999 2392 ciem
1016 2364 1065 2392 Dei
1081 2363 1165 2391 Iacob
1181 2363 1215 2389 ⁸¹.
1236 2362 1286 2390 Ubi
1305 2367 1396 2389 atttem
1415 2363 1557 2390 consecuti
1575 2367 1657 2396 sunt,
1674 2372 1725 2391 vo-

935 2415 1033 2439 cantur
1048 2411 1101 2438 ﬁlia
1119 2410 1237 2446 prmlatae
1251 2409 1403 2437 Jerusalem
1415 2431 1421 2441 ,
1438 2409 1563 2437 videntes
1580 2409 1666 2437 Deum
1691 2418 1724 2438 ac

935 2457 1078 2485 scientiam
1099 2457 1250 2493 spiritalem
1273 2455 1456 2490 speculantes.
1481 2454 1568 2482 Porro
1591 2450 1724 2491 propheta

935 2503 1019 2531 Deum
1036 2503 1185 2531 obsecrans
1200 2502 1226 2530 in
1245 2502 1344 2537 spiritu
1355 2522 1362 2532 .
1381 2506 1410 2528 ut
1430 2509 1489 2529 eam
1512 2501 1578 2529 Sion
1595 2509 1627 2529 ac
1643 2502 1723 2530 Jeru-

934 2549 1018 2576 salem
1046 2549 1201 2580 exhiberet,
1226 2548 1283 2575 ait:
1303 2547 1407 2574 Memor
1431 2551 1486 2574 esto
1512 2548 1743 2583 congregationis'

933 2601 1000 2627 tum,
1023 2603 1102 2630 quam
1125 2595 1267 2629 possedisti
1287 2594 1319 2622 ab
1344 2595 1419 2621 initio
1438 2594 1471 2621 δ’.
1495 2593 1566 2629 Ergo
1587 2602 1650 2622 cum
1671 2595 1722 2622 hac

933 2645 1020 2668 matre
1033 2644 1078 2668 tua
1089 2659 1097 2672 ,
1109 2645 1138 2668 tu
1151 2640 1217 2668 Sion
1235 2640 1326 2668 Gaude
1342 2641 1514 2672 vehementer,
1529 2641 1588 2675 ﬁlia
1601 2642 1721 2668 caelestis

932 2687 1100 2714 Jerusalem:
1116 2688 1203 2715 clama
1218 2695 1281 2715 cum
1298 2692 1344 2715 tua
1361 2688 1407 2715 illa
1425 2691 1531 2715 matre:
1550 2686 1678 2714 Hasanna
1693 2687 1721 2715 in

923 2776 944 2793 ³⁸
973 2775 1057 2804 Marc.
1076 2783 1121 2816 xt_,
1142 2775 1184 2803 to.
1222 2776 1244 2792 ”
1264 2775 1286 2803 ll
1305 2775 1383 2804 Petr.’
1399 2784 1426 2809 ι,
1445 2776 1471 2804 4.
1529 2777 1551 2793 ³ο
1571 2777 1643 2806 Psal.
1662 2782 1720 2810 xu,
