1905 3072
54 121 131 149 12¹5

595 121 722 150 ORATIO
741 122 775 150 IN
793 120 911 149 RAMOS
929 119 1134 147 PALMARUM.

1605 120 1674 148 {37‘

51 180 111 207 τάν
126 180 157 207 οὑ
181 181 260 216 μόνον
280 181 308 208 δὲ
331 181 426 213 τοῦτο,
446 180 513 208 ἀλλὰ
525 180 568 208 διὰ
587 181 636 213 τὰς
653 181 720 213 ιδίας
731 181 840 217 ἀρετὰς,

895 180 1014 207 nimenta
1030 188 1079 206 sua
1092 180 1119 206 in
1134 179 1184 207 via.
1201 178 1253 206 Per
1268 178 1320 206 hoc
1344 178 1417 206 enim
1433 179 1558 213 proprias
1578 186 1673 207 eorum

55 224 152 257 x406»;
174 225 299 260 σημαίνει
317 227 331 252 ό
350 225 553 261 εὐαγγελιστὴς,
571 225 672 260 λέγων·
695 226 793 253 Ἄλλοι
808 226 842 252 δὲ

53 269 292 304 ὑπεστρώννυον
317 269 353 297 τὰ
377 271 475 305 ἱμάτια
496 271 594 298 αὐτῶν
606 271 661 307 (72;
674 271 708 298 ἐν
723 270 760 305 τῇ
772 271 840 304 ὀδῷ.

55 316 108 347 Εἰς
117 315 196 343 τοῦτο
210 317 239 343 δὲ
248 317 297 349 τὰς
306 317 372 349 ιδίας
383 317 483 353 ἀρετὰς
491 337 499 349 ,
512 317 545 349 ἃς
566 317 727 351 συνέζευξαν
740 318 839 353 χάριτι,

55 361 218 392 αἰνίττεται,
239 362 278 394 ὡς
299 362 422 398 φανερῶς
449 362 523 397 λέγει
538 364 552 390 ὁ
565 362 705 395 θεσπέσιος
721 363 838 396 Παῦλος·

55 407 267 440 Δικαιωθέντες
286 405 342 435 οὖν
364 409 397 435 ἐκ
415 409 559 441 πίστεως,
582 409 706 443 εἰρήνην
727 409 842 444 ἔχωμεν

55 452 136 487 πρὸς
150 453 204 480 τὸν
222 454 296 480 Θεὸν
313 453 361 479 διὰ
374 453 427 481 τοῦ
441 454 549 489 Kvplov
565 454 649 489 ἡμῶν
664 455 766 489 Ἰησοῦ
777 457 842 489 Χρι-

54 498 146 530 στοῦ,
173 498 210 525 δι’
228 497 264 526 οὗ
280 499 328 525 καὶ
341 498 398 532 τὴν
414 500 611 535 προσαγωγὴν
622 501 794 536 ἐσχήκαμεν
807 502 842 529 ἐν

55 542 95 577 τῇ
109 544 209 570 πίστει
222 545 266 577 εις
276 544 332 577 τὴν
345 543 431 579 χάριν
444 546 563 579 ταύτην,
575 546 610 573 ὲν
625 544 645 582 ᾖ
659 547 840 582 ἑστήκαμεν,

54 589 107 614 καὶ
125 588 299 623 καυχώμεθα
313 589 358 616 ἐπ’
372 589 470 616 ἐλπίδι
495 589 550 625 τῆς
576 590 667 624 δόξης
684 592 736 618 τοῦ
755 592 839 620 Θεοῦ.

56 633 133 665 Ἕως
150 634 178 661 δὲ
195 634 311 671 [τούτου]
322 636 355 662 τὰ
368 636 417 671 τῆς
428 635 549 671 χάριτος.
563 638 603 664 οὐ
616 637 711 672 μόνον
725 637 759 663 δὲ
768 657 774 668 .
788 638 842 664 ἀλ-

53 679 98 706 λὰ
114 680 165 706 καὶ
181 681 354 716 καυχώμεθα
371 682 406 708 ἐν
419 682 482 715 ταῖς
494 683 636 717 θλίψεσιν
653 683 745 718 ἡμῶν,
767 684 841 711 ειδό-

55 734 118 758 τες,
150 726 194 753 ὅτι
216 728 318 761 θλίψις
342 728 498 763 ὑπομονὴν
518 728 718 763 κατεργάζεται
732 738 739 744 '
764 730 782 763 ἠ
808 729 841 756 δὲ

54 772 196 806 ὑπομονὴ
212 772 351 807 δοκιμήν*
366 773 384 807 ὴ
397 773 432 800 δὲ
441 773 547 808 δοκιμὴ
563 774 687 801 ἐλπίδα·
705 775 723 808 ἠ
738 774 772 800 δὲ
791 775 841 801 ἐλ-

54 816 111 849 πίς
125 817 181 844 οὺχ
195 818 331 853 αἰσχύνει
341 828 348 835 ’
365 818 409 845 ὅτι
423 819 441 853 ἡ
453 819 552 854 ἀγάπη
566 819 703 852 τοῦ-’Θεοῦ
718 819 842 854 ἐκκέχυ-

893 225 1009 252 virtutes
1020 232 1089 260 quas
1103 225 1197 260 gratiae
1209 224 1412 259 eonjunserunt
1421 244 1428 256 ,
1445 224 1563 256 indicat,
1579 232 1674 259 quem-

894 271 1039 298 admodum
1054 270 1222 298 admirabilis
1236 270 1337 298 Paulus
1348 275 1440 305 aperte
1452 270 1491 297 ait
1503 280 1511 297 :
1525 270 1674 306 Justiﬁcati

893 325 953 352 ergo
967 324 1000 344 ex
1013 316 1066 352 ﬁde
1079 323 1167 351 pacem
1181 315 1323 343 habeamus
1334 315 1368 352 ad
1382 315 1465 343 Deum
1475 324 1521 351 per
1531 316 1673 343 Dominam

893 350 1114 390 nostrumluum
1129 361 1263 390 Christum
1276 369 1284 388 :
1299 350 1345 396 per
1358 369 1433 396 quem
1448 350 1479 388 et
1487 361 1611 388 habemus
1627 369 1674 388 ac-

893 415 995 435 cessum
1010 415 1055 442 per
1068 407 1146 441 ﬁdem
1161 407 1188 433 in
1206 407 1321 441 gratiam
1338 406 1417 432 istam
1427 426 1434 437 ,
1448 406 1476 432 in
1490 414 1541 441 qua
1556 411 1672 438 stamus,

893 458 916 480 et
929 453 1111 488 gloriamurjn
1121 460 1165 487 spe
1176 452 1267 488 gloria:
1278 452 1326 479 Dei
1340 452 1373 479 ".
1388 451 1524 480 Hactenus
1536 460 1596 487 qua
1610 460 1673 487 spe-

893 502 968 526 ctant
982 498 1015 525 ad
1035 498 1162 533 gratiam.
1179 494 1241 525 Non
1255 499 1341 525 solum
1355 503 1443 525 autem
1455 518 1464 530 ,
1479 498 1523 525 sed
1534 503 1558 525 et
1573 498 1673 533 gloria-

893 551 952 570 mur
960 543 987 570 in
995 543 1206 571 tribulationibus
1216 544 1313 571 nostris
1322 551 1330 570 :
1340 543 1450 570 scientes
1457 543 1525 578 quod
1536 543 1672 571 tribulatio

892 589 1048 623 patientiam
1070 593 1211 624 operatur;
1227 589 1356 623 patientia
1369 593 1455 616 autem
1470 588 1670 623 probationem;

893 635 1013 669 probatio
1028 643 1086 662 vero
1098 643 1188 669 spem;
1202 644 1259 670 spes
1273 640 1360 662 autem
1373 643 1425 662 non
1439 634 1575 670 confundit
1589 643 1598 662 :
1610 635 1673 670 quia

896 682 1013 708 charitas
1023 682 1071 709 Dei
1089 682 1187 716 lli/fusa
1202 688 1239 709 est
1250 683 1276 709 in
1287 682 1408 710 cordibus
1416 683 1514 710 nostris
1527 690 1572 717 per
1587 681 1672 717 Spiri-

895 732 950 755 tum
971 733 1092 755 sanctum
1109 729 1154 763 qui
1173 728 1253 755 datus
1273 733 1311 756 est
1332 727 1407 756 nobis
1424 728 1457 754 ⁵¹.
1479 728 1557 761 Quod
1581 733 1672 756 autem

894 774 931 800 ait
941 794 949 806 ,
967 774 1122 801 Sternebant
1139 774 1165 801 in
1180 775 1222 801 eia
1233 795 1240 806 ,
1255 782 1288 802 eo
1304 774 1406 801 dictum
1422 774 1474 806 sit,
1489 775 1560 809 quod
1577 782 1670 802 eorum

893 821 1008 849 virtutes
1022 827 1114 848 coram
1130 821 1257 856 gentibus
1279 820 1459 855 corporaliter
1478 821 1619 855 palamque
1640 829 1672 848 ac

55 870 105 888 ται
125 864 170 895 είς
189 864 241 899 τᾲς
258 864 380 897 καρδίας
394 863 477 898 ἡμῶν
492 864 541 891 διὰ
556 865 726 900 Πνεύματος
747 866 842 900 ἁγίου,

895 867 1017 895 sensibili
1044 867 1148 895 ratione
1176 868 1347 903 aspectandae
1373 873 1601 903 proponerentur,
1632 869 1671 895 uti

54 907 111 934 τοῦ
130 907 270 942 δοθέντος
291 909 372 943 ἡμῖν.
389 910 425 936 Τὸ
444 909 481 941 δὲ,
497 910 549 937 Ἐν
567 909 604 944 τῇ
618 910 656 945 τῇ
673 911 842 945 ὑπεστρών-

54 962 143 986 νυον,
167 955 208 981 ὅτι
230 955 390 990 σωματικῶς
415 955 460 982 καὶ
487 955 610 991 φανερῶς
633 956 679 982 καὶ
707 956 841 990 αίσθητῶς

55 999 225 1036 ἑθεωροῦντο
238 1002 265 1027 αἱ
279 1002 374 1037 ἀρεταὶ
383 1001 472 1028 αὐτῶν
485 1001 597 1028 ἐνώπιον
608 1001 661 1028 τῶν
669 1002 763 1033 ἐθνῶν,
778 1002 841 1028 καθ-

895 914 975 940 etiam
988 913 1041 940 alio
1051 913 1167 948 quodam
1178 913 1238 940 loco
1252 914 1285 940 ad
1296 913 1368 941 idem
1381 914 1418 941 ait
1428 913 1592 948 Apostolus:
1607 913 1673 947 Qua:

895 957 996 985 vidistis
1011 959 1039 984 in
1055 962 1125 985 meet
1134 957 1271 985 audivistis
1286 962 1310 986 et
1326 959 1474 992 accepistis,
1490 958 1545 986 luet:
1560 959 1628 994 agite
1636 959 1670 987 ⁵⁸.

897 1003 994 1032 Verum
1012 1004 1047 1031 ad
1062 1003 1230 1039 propositum
1246 1008 1415 1031 revertamur

55 1046 97 1078 ὼς
114 1048 162 1074 καὶ
177 1048 206 1073 ὲν
218 1048 301 1083 ἑτέρῳ
314 1049 365 1075 πού
377 1057 441 1084 φησι
455 1049 521 1084 πρὸς
532 1048 616 1075 ταῦτα
644 1049 730 1083 λέγων
761 1050 775 1076 ὁ
800 1049 973 1082 Ἀπόστσλος·
990 1048 1044 1077 οἷα
1064 1050 1157 1078 εἴδετε
1172 1050 1279 1085 ἐνὲμοί
1293 1050 1342 1077 καί
1364 1051 1514 1084 ἠκούσατε
1531 1051 1581 1078 καί
1601 1059 1673 1085 παρ.

53 1092 194 1123 ελὰϐετε.
220 1093 311 1120 ταῦτα
328 1093 468 1128 πράξατε.
486 1094 554 1121 Ἀλλ’
571 1095 617 1121 ἐπὶ
632 1097 663 1121 τὺ
682 1095 859 1130 προκείμενον
870 1097 1034 1132 ὲπανίωμεν,

96 1139 129 1164 Ol
144 1137 177 1163 δὲ
191 1137 275 1171 ὄχλοι
289 1140 316 1165 οι
329 1139 505 1173 προάγοντες
523 1139 573 1166 καὶ
596 1140 622 1167 oi
639 1139 842 1167 ἀκολουθοῦν-

56 1191 110 1215 τες
134 1183 267 1217 ἔκραζον,
292 1183 360 1219 μετὰ
384 1183 465 1211 αίνων
491 1185 537 1211 καὶ
559 1184 662 1211 κλάδων
681 1184 777 1211 ἐλαιῶν
796 1185 843 1211 καὶ

56 1228 163 1262 βαῖων·
182 1229 278 1261 οἵτινες
298 1229 458 1265 σημαίνουσι
470 1230 518 1265 τὴν
540 1230 692 1266 πρακτικὴν
713 1230 842 1265 ἐργασίαν

55 1275 106 1302 τοῦ
125 1275 179 1308 ἔξω
196 1275 354 1310 ἀνθρώποψ
370 1277 417 1304 καὶ
435 1277 498 1312 βάῖα
521 1277 658 1312 φοινίκων,
676 1277 770 1310 οἵτινες
789 1286 842 1313 μη-

56 1321 152 1348 νύουσι
171 1321 219 1356 τὴν
235 1322 419 1358 πνευματικὴν
440 1322 486 1349 καὶ
503 1323 654 1358 πρακτικὴν
671 1323 716 1350 καὶ
730 1332 842 1358 γνωστι-

57 1367 111 1402 κὴν
126 1368 172 1393 καὶ
181 1367 303 1403 καθαρὰν
313 1367 359 1394 τοῦ
373 1367 426 1394 ἔσω
437 1367 577 1403 ἀνθρώπου
590 1368 727 1404 ἐργασίαν.
740 1370 844 1403 "Expur-

55 1411 110 1442 ζον
133 1411 288 1446 λέγοντες·
321 1413 449 1440 Ὡσαννὰ
476 1414 511 1440 ἐν
536 1413 598 1446 τοῖς
619 1414 770 1447 ὑψίστοις.
799 1415 842 1441 Ἐν

56 1458 175 1493 ἀληθείᾳ
194 1458 247 1494 γὰρ
260 1459 358 1490 πάντες
373 1459 397 1484 οἱ
409 1459 479 1494 ὄχλοι
496 1459 549 1486 τῶν
560 1459 669 1486 δικαίων
682 1460 728 1486 καὶ
742 1468 843 1495 προφη-

56 1504 115 1530 τῶν
127 1505 174 1531 καὶ
185 1505 288 1541 ἱερέων,
299 1505 395 1536 οἵτινές
404 1506 470 1531 εἰσιν
484 1505 508 1531 οἱ
517 1505 681 1541 προάγοντες
693 1505 738 1531 καὶ
746 1506 770 1531 οί
782 1506 843 1532 ἀκο-

927 1140 971 1168 νι.
984 1141 1005 1168 Τ
1006 1141 1078 1168 urba:
1091 1146 1178 1168 autem
1196 1149 1255 1176 quae
1273 1140 1401 1175 prwibant
1425 1145 1449 1168 et
1459 1149 1518 1176 que
1531 1143 1670 1176 sequeban-

895 1190 937 1212 tur
951 1186 1111 1217 clamabant,
1127 1194 1189 1213 cum
1204 1185 1332 1213 laudibus
1348 1190 1374 1213 et
1389 1186 1473 1213 ramis
1487 1186 1618 1215 olivarum
1631 1192 1672 1214 at-

893 1237 946 1265 que
960 1232 1120 1265 palmarum.
1134 1229 1292 1265 Signiﬁcant
1304 1231 1435 1258 olivarum
1449 1231 1517 1258 rami
1531 1236 1670 1259 actuosam

897 1275 1080 1310 operationem
1101 1275 1245 1303 exterioris
1261 1275 1380 1303 hominis
1395 1286 1401 1303 :
1416 1277 1485 1303 rami
1508 1282 1597 1305 autem
1613 1279 1671 1313 pal-

895 1328 1012 1353 marum,
1029 1321 1179 1356 spiritalem
1193 1321 1364 1357 activamque
1381 1330 1414 1350 ac
1434 1324 1670 1359 contemplativam

895 1369 976 1400 atque
992 1368 1088 1401 puram
1102 1366 1221 1393 hominis
1242 1366 1382 1395 interioris
1395 1369 1591 1402 operationem.
1607 1368 1672 1396 σιω

894 1411 1003 1438 mabant
1027 1411 1141 1438 dicentes
1154 1419 1163 1438 :
1176 1411 1305 1439 Ilosanna
1323 1413 1350 1440 in
1372 1413 1520 1440 altissimis.
1547 1413 1587 1441 Re
1608 1423 1672 1442 vera

894 1456 967 1483 enim
988 1464 1082 1484 omnes
1106 1458 1194 1484 turbae
1206 1458 1353 1492 justorum,
1378 1463 1404 1485 et
1423 1458 1615 1493 prophetarum
1640 1467 1672 1486 ac

895 1501 1077 1535 sacerdotum,
1094 1510 1163 1537 quos
1176 1502 1353 1538 intelligimus
1366 1508 1517 1538 prateuntes
1533 1508 1613 1539 atque
1630 1513 1673 1532 se—

57 1549 230 1582 λουθοῦντες,
247 1550 335 1576 πίστει
346 1550 485 1585 κράζουσι,
500 1551 546 1577 καὶ⁸
561 1550 683 1585 λέγουσιν
693 1559 699 1565 ν
716 1550 842 1577 Ὡσαννὰ

895 1551 1028 1581 quentes,
1051 1546 1103 1574 ﬁde
1127 1548 1255 1579 clamant,
1281 1548 1451 1583 dicuntque:
1469 1548 1595 1576 "osanna
1616 1550 1673 1584 ﬁlio

57 1594 101 1627 τῷ
118 1594 172 1627 υἱῷ
182 1595 269 1622 Δαϐίδ
279 1603 285 1610 ·
299 1597 507 1631 Εὐλογημένος
520 1598 536 1623 d
553 1596 712 1630 ἐρχόμενος
727 1596 761 1622 ἐν
776 1596 842 1622 ὀνό-

893 1591 980 1618 David
993 1599 1002 1618 .'
1013 1591 1169 1619 Benedictus
1182 1594 1226 1627 qui
1242 1594 1309 1620 venit
1324 1594 1350 1620 in
1365 1594 1468 1620 nomine
1479 1593 1604 1621 Domini:
1617 1594 1672 1621 Ηυ-

54 1650 130 1675 μιιτι
155 1642 281 1675 Κυρίου·
309 1642 441 1669 Ὡσαννὰ
457 1643 492 1668 ὲν
514 1642 575 1675 τοῖς
597 1642 754 1676 ὑψίστοις-⁸
770 1641 806 1673 ὡς
829 1642 842 1668 ὁ

895 1647 978 1666 Ianua
993 1639 1020 1665 in
1036 1640 1175 1667 attiuimis
1190 1639 1441 1675 :quemadmodum
1459 1648 1538 1668 Sacer
1559 1648 1672 1676 evange-

57 1687 257 1723 εὐαγγελιστής
282 1696 365 1722 φησιι
383 1688 471 1715 Τοῦτο
492 1687 526 1714 δὲ
549 1687 621 1714 ὅλον
647 1687 777 1722 γέγονεν.
794 1687 842 1713 ἵνα

895 1687 955 1714 lista
971 1687 1026 1715 ait:
1041 1687 1099 1715 [loc
1113 1693 1201 1715 autem
1224 1693 1307 1716 totum
1320 1688 1422 1723 factum
1441 1693 1491 1720 est,
1505 1693 1535 1715 ut
1549 1689 1672 1724 adimple-

57 1731 204 1766 πληρωθῇ
224 1732 256 1759 τὸ
267 1733 361 1767 ρηθὲν
374 1732 422 1759 διὰ
437 1733 488 1759 τοῦ
507 1732 669 1767 προφήτου,
684 1731 825 1766 λέγοντος
835 1740 841 1746 ”

58 1780 175 1807 Εἴπατε
195 1778 232 1813 τῇ
251 1779 370 1814 θυγατρί
391 1778 474 1805 Σιών.
497 1779 568 1814 Πρὸς
588 1778 660 1810 τίνας
676 1778 773 1812 λέγεις,
793 1778 843 1804 El-

58 1834 147 1858 πατε,
172 1822 194 1851 ὢ
214 1826 357 1860 προψῆτω
378 1824 443 1851 Ἰδοὺ
459 1825 491 1851 σὺ
503 1824 659 1860 κηρύττεις·
681 1823 734 1850 ἰδοὺ
757 1824 789 1850 σὺ
806 1823 844 1850 λέ-

58 1881 132 1907 γεις.
152 1870 232 1905 Ἐγὼ,
244 1871 335 1905 φησιν,
351 1870 502 1906 ἐπεθύμουν
518 1870 580 1896 ἰδεῖν
596 1871 641 1896 καὶ
655 1869 782 1896 ἀκοῦσαι·
794 1869 844 1895 οὐκ

59 1918 119 1952 ἐγὼ
135 1917 224 1953 μόνος,
237 1917 303 1943 ἀλλὰ
319 1917 364 1943 καὶ
376 1916 484 1943 πολλοὶ
499 1915 646 1950 προφῆται
658 1916 706 1942 καὶ
724 1916 841 1942 δίκαιοι.

66 1963 151 1990 Ἀλλὰ
174 1963 220 1990 καὶ
239 1964 294 1995 τοῖς
317 1962 518 1998 εὑρισκομένοις
537 1961 583 1988 καὶ
605 1960 843 1996 μαϐητευομένοις,

60 2009 112 2036 καὶ
133 2008 300 2044 θεωροῦντας
321 2008 376 2042 (73)
397 2008 443 2033 καὶ
472 2006 618 2037 ἀκούοντας
642 2006 689 2032 τοῦ
714 2006 844 2041 βασιλέως

60 2055 133 2082 Σιὼν
156 2055 236 2088 λέγω,
257 2055 299 2080 ἴνα
319 2054 414 2080 εἴπωσι
434 2053 480 2080 καὶ
497 2052 663 2088 κηρύξωσιν·
681 2053 791 2079 Εἴπατε
807 2051 845 2086 τῇ

59 2099 185 2132 θυγατρὶ
199 2097 274 2125 Σιών
283 2106 289 2111 ·
311 2098 386 2124 Ἰδοὺ
398 2099 414 2124 ὀ
426 2098 575 2130 ,βασιλεύς
585 2105 642 2123 σου
655 2096 772 2131 ἔρχεταί
784 2104 843 2124 σοι.

60 2145 117 2170 Καὶ
139 2143 189 2170 οὐκ
213 2142 272 2169 εἷπε
294 2142 389 2178 ψιλῶς,
413 2143 530 2177 ἔρχεται
543 2151 549 2157 ·
568 2142 623 2169 ἀλλ’
640 2142 756 2176 ἔρχεταί
776 2150 843 2168 σοι·

59 2189 197 2220 τουτέστι,
217 2189 263 2215 σοῦ
283 2188 418 2223 γενέσθαι,
433 2189 480 2215 καὶ
492 2189 520 2214 ὲν
540 2188 580 2214 σοι
597 2188 714 2223 οίκῆσαι.
738 2187 813 2214 Ἰδοὺ
829 2188 845 2214 ὁ

56 2235 211 2268 ,ϐασιλεύς
234 2243 291 2261 σου
315 2235 431 2269 ἔρχεταί
455 2243 504 2261 σοι
526 2233 636 2266 δίκαιος
663 2233 711 2260 καὶ
734 2231 843 2267 σώζὶιξν.

60 2279 162 2311 Σὼζων
173 2279 227 2306 ἀπὸ
240 2279 289 2314 τῆς
302 2279 421 2311 δουλείας
429 2279 474 2306 τοῦ
490 2278 585 2315 ἐχθροῦ
598 2279 659 2310 τοὺς
671 2278 845 2309 πιστεύοντας

60 2327 107 2353 ἐπ’
121 2325 210 2352 αὐτόν.
228 2326 326 2360 lipadi
343 2326 390 2352 καὶ
409 2325 584 2359 ἐπιϐεϐηηὴς
603 2325 651 2351 ἐπὶ
665 2324 766 2351 πῶλον
780 2323 846 2351 υίόν

59 2371 242 2406 ὑποζυγίουο
258 2371 379 2398 τουτέστι
392 2372 588 2407 ταπεινόφρων,
605 2371 651 2397 καὶ
663 2371 691 2396 ὲν
703 2371 735 2405 τῇ
750 2378 845 2396 ταπει-

60 2416 216 2453 νοφροσύνῃ
232 2417 313 2444 αὐτοῦ
332 2417 531 2451 ἐξολοθρεύων
546 2417 581 2444 τὰ
595 2417 708 2452 ἅρματα
719 2415 772 2450 τῆς
788 2417 845 2448 ,βα-

61 2462 184 2495 σιλείας
205 2463 337 2497 Ἑμραΐμ·
359 2462 478 2489 τουτέστι
496 2462 542 2489 τοῦ
563 2461 695 2492 διαϐόλου,
710 2462 739 2493 ὃς
753 2461 845 2488 ἐϐασί-

60 2510 159 2536 λευσεν
171 2509 216 2535 ἐπὶ
225 2509 268 2535 τὸν
283 2509 388 2545 Ἰσραὴλ
403 2509 449 2535 καὶ
459 2509 504 2535 ἐπὶ
514 2509 548 2535 τὰ
561 2509 633 2544 ἔθνη.
652 2509 845 2546 Ἐξωλόθρευσε

894 1738 966 1759 retur
976 1733 1047 1767 quod
1063 1733 1162 1760 dictum
1179 1738 1217 1760 est
1233 1742 1278 1768 per
1288 1734 1450 1768 prop/telam,
1466 1734 1591 1761 dicentem
1604 1742 1613 1761 :
1624 1734 1671 1761 Di—

893 1778 944 1805 cite
953 1778 1016 1812 liliaz
1028 1777 1102 1805 Sion.
1118 1778 1286 1811 Quibusnam
1300 1779 1430 1814 propheta
1445 1779 1495 1812 ais,
1510 1779 1615 1808 Dicite?
1632 1780 1671 1808 En

893 1823 951 1858 ipse
969 1820 1101 1858 praedicas
1115 1833 1121 1850 :
1138 1832 1172 1851 en
1187 1824 1246 1859 ipse
1267 1823 1347 1850 dicis.
1363 1823 1428 1859 Ego,
1449 1825 1547 1859 inquit,
1564 1825 1670 1853 deside—

895 1869 989 1896 rabam
1012 1869 1104 1896 videre
1126 1873 1153 1896 et
1173 1869 1287 1896 audire:
1303 1877 1353 1896 nec
1374 1877 1424 1904 ego
1442 1874 1556 1902 tantum,
1578 1871 1624 1898 sed
1643 1875 1671 1898 et

894 1915 970 1941 multi
978 1915 1108 1950 prophetia
1116 1915 1211 1950 etjusti
1223 1916 1266 1942 “‘.
1279 1915 1379 1943 Verum
1389 1915 1461 1947 dico,
1473 1924 1534 1943 cum
1546 1917 1669 1945 inventu-

894 1960 934 1988 ris
949 1969 981 1987 ae
998 1961 1151 1996 discipulis,
1163 1966 1218 1988 tum
1235 1962 1268 1989 iis
1281 1961 1328 1996 qui
1343 1961 1433 1988 vident
1446 1969 1477 1989 ac
1491 1962 1606 1990 audiunt
1620 1962 1671 1990 Re-

894 2014 954 2041 gem
968 2006 1043 2039 Sion,
1059 2011 1088 2034 ut
1099 2007 1192 2034 dicant
1203 2015 1234 2034 ac
1247 2007 1410 2043 praedicent:
1421 2007 1505 2035 Dicite
1516 2008 1580 2042 lilia,-
1591 2008 1672 2036 Sion:

896 2051 962 2078 Ecce
980 2060 1026 2079 rex
1042 2057 1101 2079 tuus
1113 2053 1180 2079 venit
1194 2053 1250 2080 tibi.
1264 2052 1322 2080 Non
1336 2053 1408 2081 unde
1418 2054 1496 2085 dixit,
1513 2054 1581 2081 venit
1595 2055 1673 2086 :sed,

895 2098 962 2125 venit
983 2098 1050 2125 tibi:
1066 2098 1118 2125 hoc
1138 2103 1189 2128 est.
1207 2103 1236 2126 ut
1258 2100 1293 2126 sit
1315 2104 1391 2131 tuus,
1415 2104 1443 2127 et
1463 2100 1568 2128 habitet
1586 2101 1614 2127 iu
1636 2104 1673 2128 te.

896 2143 964 2171 Ecce
987 2151 1033 2170 rem
1054 2148 1113 2170 tuus
1132 2144 1200 2171 venit
1218 2144 1265 2171 tibi
1276 2145 1366 2179 justus
1379 2151 1405 2172 et
1425 2145 1542 2172 salvans.
1559 2136 1672 2174 Salvaus

897 2188 930 2215 ab
946 2188 1048 2215 inimici
1063 2189 1193 2216 servitute
1209 2190 1352 2218 credentes
1369 2190 1396 2217 in
1417 2198 1486 2217 eum.
1507 2190 1672 2223 Mansuetus.

897 2238 921 2261 et
939 2233 1030 2261 sedens
1052 2241 1128 2267 super
1145 2234 1246 2269 pullum
1268 2235 1353 2269 ﬁlium
1373 2235 1602 2270 subjugatinboc
1620 2240 1672 2268 est,

898 2281 1020 2314 humilis,
1038 2288 1141 2315 suaque
1159 2280 1310 2307 humilitate
1330 2280 1478 2316 dispergens
1495 2289 1587 2308 currus
1603 2283 1672 2316 regni

898 2325 1025 2361 Ephraim
1036 2326 1076 2360 ’λς
1091 2326 1142 2352 hoc
1172 2331 1214 2353 est
1232 2326 1342 2358 diaboli,
1358 2326 1403 2361 qni
1423 2332 1580 2360 regnaverat
1593 2334 1672 2361 super

898 2371 980 2399 Israel
996 2375 1022 2398 et
1036 2378 1117 2406 super
1130 2376 1235 2406 gentes.
1252 2370 1304 2397 Sed
1319 2375 1345 2397 et
1364 2370 1397 2397 ad
1412 2371 1539 2401 litteram,
1560 2378 1672 2406 regnum

897 2424 1006 2453 quoque
1020 2417 1110 2453 populi
1125 2415 1280 2443 Judzeorum
1293 2415 1471 2450 disperdidit.
1490 2415 1672 2451 illudquejanl

898 2463 988 2491 desiit.
1003 2462 1036 2490 Et
1050 2471 1142 2498 equum
1156 2462 1188 2490 de
1199 2462 1366 2489 Jerusalem:
1377 2462 1428 2488 hoc
1443 2465 1496 2492 est.
1510 2469 1617 2489 omnem
1629 2470 1676 2489 co-

898 2517 958 2536 rum
970 2509 1138 2544 principatus
1150 2508 1304 2544 superbiam
1317 2507 1411 2534 humili
1421 2507 1496 2542 pullo
1507 2514 1567 2535 suo.
1581 2507 1674 2539 Porro,

59 2554 91 2580 δὲ
108 2553 156 2579 καὶ
171 2553 240 2580 κατὰ
258 2553 288 2580 τὺ
305 2553 419 2589 γράμμα
438 2554 486 2579 καὶ
502 2554 548 2589 τὴν
565 2553 700 2588 βασιλείαν
718 2555 764 2581 τοῦ
781 2554 842 2581 λαοῦ

897 2554 982 2582 Jacob
996 2563 1058 2582 cum
1075 2555 1245 2583 benediceret
1254 2554 1361 2586 Iudam,
1378 2553 1532 2589 factamque
1542 2553 1576 2581 ad
1587 2553 1676 2582 Abra-

60 2599 118 2626 τῶν
143 2599 286 2632 Ἰουδαίων,
307 2600 353 2626 καὶ
375 2599 489 2635 ἐπαύθη.
506 2600 560 2626 Καὶ
582 2600 686 2633 ἵππον,
704 2601 796 2637 φησὶν,
811 2601 842 2633 ἐξ

898 2601 959 2631 ham
984 2607 1015 2627 ac
1032 2600 1108 2627 Isaac
1122 2604 1214 2635 patres
1231 2608 1296 2628 suos
1310 2599 1537 2633 benedictionem,
1553 2607 1613 2635 quae
1634 2604 1676 2626 est

67 2645 283 2680 Ἰερουσαλήμ-
296 2645 416 2672 τουτέστι
433 2646 520 2672 πᾶσαν
533 2645 581 2682 τὴν
596 2646 782 2682 ὑπερηφανίαν
797 2647 842 2683 τῆς

896 2645 1022 2675 (Ξίιιὶείυα
1043 2646 1212 2678 .declararet,
1229 2646 1286 2679 ait:
1303 2645 1468 2680 Alliga-uad
1483 2646 1561 2675 vitem
1573 2645 1674 2680 pullum

99 2723 122 2738 ι·
144 2722 222 2750 nom.
241 2730 266 2755 ν,
284 2712 353 2756 t,‘e.
391 2724 413 2738 ιι
433 2722 497 2750 ibid.
515 2723 549 2755 δ.
564 2723 591 2750 5.
627 2722 650 2738 η
669 2722 781 2756 anum
804 2731 840 2756 ιν.

923 2718 957 2740 ⁸³⁸
976 2723 1071 2751 Matth.
1089 2731 1156 2757 xm,
1175 2717 1217 2751 (7.
1255 2724 1278 2740 ³⁸
1297 2723 1379 2752 Zacln.
1398 2733 1441 2757 Ix,
1460 2723 1502 2752 10.

99 2811 157 2848 (⁸⁷2)
172 2811 284 2840 Αὐτῶν.
299 2812 376 2847 Apud
392 2813 545 2841 Mattbaeum
559 2820 615 2845 ut,
631 2813 657 2845 8,
670 2813 780 2840 ἑαυτῶν.

927 2813 980 2849 (75)
997 2813 1052 2841 Καὶ
1064 2815 1145 2847 θεωρ.
1162 2813 1245 2842 Forte
1262 2814 1308 2841 καὶ
1322 2813 1390 2846 πρὸς
1406 2813 1489 2845 Priap.
