1905 3072
56 116 75 144 1
81 117 141 145 277

608 120 736 149 ORATIO
750 122 782 148 IN
796 121 914 149 RAMOS
927 121 1130 150 PALMARUM.

1617 121 1686 148 1278

56 176 118 204 καὶ
136 176 290 211 σφάζουσαν
302 178 388 206 πάντα
407 179 534 215 λογισμὸν
547 180 734 216 ἐπαιρόμενον,
750 182 851 216 αἰχμα-

909 182 1004 208 Lionem
1035 189 1145 208 omnem
1171 180 1344 208 extollentem
1373 188 1402 207 se
1413 179 1447 212 θ’,
1476 183 1505 206 ut
1531 187 1582 206 nos
1606 186 1621 205 a
1639 178 1686 205 Dei

56 221 205 258 λωτεῦᾳαι
222 224 296 258 ἡμᾶς
310 224 363 250 ἀπὸ
375 225 424 260 τῆς
438 225 563 259 γνώσεως
575 225 622 253 τοῦ
638 226 718 253 Θεοῦ·
735 228 781 254 καὶ
796 228 855 254 ἀντὶ

56 269 121 304 τῆς
132 269 300 305 γλυκύτητος
321 270 368 297 τοῦ
389 271 508 305 φοίνικος
526 272 576 307 τὴν
594 272 721 306 γλυκεῖαν
735 272 853 308 ἀγάπην,

57 315 120 350 τὴν
144 317 340 351 συνισταμένην
360 317 391 343 ὲκ
413 317 465 344 τῶν
494 318 700 354 προρῤηθὲντων
728 319 854 351 πίστεως,

60 362 120 388 καὶ
141 362 259 394 ἐλπίδος,
281 363 326 389 καὶ
342 363 394 390 τῶν
416 364 525 397 λοιπῶν,
541 364 583 390 ἵνα
607 363 734 400 πληρωθῇ
747 365 774 390 ἐν
791 365 856 399 ἡμῖν

60 406 101 432 τὸ
115 407 198 441 ῥηθέν
207 416 213 422 ι
227 408 342 440 Δίκαιος
352 408 392 440 ὼς
401 408 500 441 φοίνιξ
514 408 637 440 ἀνθήσει
646 416 653 422 “
667 408 736 434 ὡσεὶ
752 407 856 441 κέδρος

61 451 89 484 ἠ
110 452 147 477 ὲν
161 451 201 484 τῷ
217 451 330 485 Λιϐάνῳ
342 453 593 485 πληθυῖ-θήσεται.
619 453 855 487 Ἀκολουῦήπωμεν

63 497 147 532 αὐτῷ
165 499 204 528 εις
212 498 260 533 τὴν
274 499 352 532 ἁγίαν
367 499 442 524 πόλιν
453 508 458 513 -
471 498 633 534 εἰσέλθωμεν
644 499 701 533 μετ’
721 498 802 524 αὑτοῦ
815 498 854 528 εἰς

64 543 193 579 τὺῑερὺν.
208 544 250 570 ἵνα
263 545 310 575 τὰς
326 544 463 579 τραπέζας
477 544 530 571 τῶν
549 545 576 571 ὲν
591 545 656 580 ἡμῖν
676 543 855 570 κολλυϐιστῶν

64 589 261 625 καταστρέψῃ,
281 590 327 616 καὶ
348 591 410 621 τοὺς
423 590 550 625 δαίμονας
563 591 626 621 τοὺς
645 590 799 620 πωλοῦντας
809 589 857 620 τὰς

67 635 249 669 περιστερὰς,
259 635 320 666 τοὺς
331 635 359 661 ἐν
368 635 454 671 πλάνῃ
463 636 626 670 πετομένους
636 635 858 670 λογισμοὺς,ἁπο-

65 679 157 715 διώξῃ
176 681 222 714 ἀφ’
236 680 313 715 ἡμῶν
323 680 390 716 μετὰ
409 681 514 707 πάντων
523 681 578 707 τῶν
589 681 746 707 πωλούντων
756 681 784 706 ἐν
792 681 857 714 ἡμῖν

67 726 122 752 καὶ
139 725 328 761 ἀγοραζόντων
338 735 345 742 ³
361 727 407 753 καὶ
422 727 480 753 ἀντὶ
497 726 627 761 σπηλαίου
641 726 745 762 λῃστῶν
757 727 857 761 ποιήσῃ

66 771 148 806 ἡμᾶς
162 771 232 797 κατὰ
251 771 294 798 τὸν
309 772 420 806 ἀρχαῖον
437 771 507 807 ἱερὸν
530 771 589 798 ναὸν
605 771 691 806 ἅγιον,
706 773 734 798 ὲν
751 768 773 805 ᾧ
791 773 860 798 οἰκεῖ

67 817 122 843 καὶ
142 819 288 852 περιπατεί
309 816 441 852 Χριστός’
453 818 495 844 ἵνα
512 818 567 848 τοῖς
581 817 688 852 τυφλοῖς
710 817 787 852 ἡμῶν
802 817 859 851 φῶς

906 228 1020 255 scientia
1046 228 1182 262 captivet:
1198 235 1247 262 pro
1274 227 1370 262 palmae
1392 225 1499 252 demum
1527 225 1685 256 dulcedine,

906 273 1012 301 dulcem
1032 273 1205 306 charitatem,
1227 280 1287 307 qua:
1310 280 1342 298 ex
1360 271 1488 307 prrefatis,
1506 271 1568 303 ﬁde,
1593 279 1644 306 spe
1656 279 1688 298 ac

907 319 1021 354 reliquis
1034 323 1153 350 constat,
1179 322 1208 345 ut
1229 319 1256 345 in
1284 318 1363 344 nobis
1380 317 1524 352 impleatur
1553 317 1625 351 quod
1646 316 1689 343 di-

906 369 978 392 ctum
991 369 1032 392 est
1045 373 1052 391 :
1065 364 1159 392 Justus
1170 370 1197 391 ut
1211 364 1300 399 palma
1312 364 1413 398 ﬂor-abit
1423 372 1431 395 ;
1443 364 1509 390 sicut
1524 363 1616 389 cedrus
1631 370 1688 396 quo:

906 411 933 437 in
949 411 1048 437 Libano
1062 415 1111 442 est,
1128 411 1346 445 multiplicubitur
1357 411 1389 437 ⁸⁷.
1407 410 1559 444 Sequamur
1578 412 1688 436 euntem

907 457 933 484 in
950 461 1071 484 sanctam
1088 457 1226 483 civitatem
1242 457 1446 490 :ingrediamur
1459 463 1520 482 cum
1534 462 1566 481 eo
1578 455 1605 480 in
1620 458 1689 480 tem—

907 503 992 537 plum,
1006 507 1035 529 ut
1051 503 1077 529 in
1094 502 1174 529 nobis
1191 510 1300 529 mensas
1315 501 1557 528 mnnmulariorum
1574 500 1688 527 subver-

907 552 945 574 tat
954 547 994 578 ⁸⁸,
1024 555 1056 575 ac
1086 547 1224 575 daemones
1246 548 1395 575 ventlentes
1418 547 1690 579 columbas:nempe

908 593 1086 627 cogitationes
1106 592 1133 619 in
1148 600 1241 619 errore
1256 592 1389 624 volantes,
1411 599 1472 618 cum
1495 591 1620 618 omnibus
1641 590 1690 625 qui

908 639 936 666 in
959 639 1038 666 nobis
1054 643 1149 666 emunt
1165 638 1350 673 venduntque.
1368 646 1382 664 a
1401 638 1480 665 nobis
1505 637 1622 672 expellat
1634 657 1641 667 .
1657 643 1689 663 ac

908 691 957 718 pro
972 683 1100 718 spelunca
1124 683 1271 715 latronum,
1290 690 1397 709 sacrum
1415 690 1464 709 nos
1485 683 1624 716 templum,
1650 681 1689 708 uti

910 731 1050 764 antiquum
1064 729 1140 761 illud,
1156 730 1182 756 in
1195 737 1248 764 quo
1260 729 1385 756 Christus
1398 728 1500 755 habitet
1516 735 1547 754 ac
1558 727 1690 754 deambu-

909 775 957 806 let.
975 775 1074 808 faciat;
1099 783 1153 810 quo
1167 775 1244 802 cazcis
1270 775 1372 802 nostris
1389 774 1519 808 largiatur
1535 773 1635 804 visum,
1659 779 1703 799 ac'

911 819 1009 846 surdos
1027 819 1108 846 faciat
1123 819 1228 850 audire,
1257 823 1284 846 et
1307 818 1446 845 ambulare
1469 817 1593 846 claudos.
1618 824 1691 844 mor-

69 863 231 898 χαρίσηται,
255 862 301 890 καὶ
326 864 388 894 τοὺς
413 864 519 897 κωφοὺς
547 864 644 899 ποιήσῃ
668 862 792 895 ἀκοῦσαι,
812 863 858 889 καὶ

911 869 1027 899 tuosque
1043 873 1105 892 cum
1121 865 1225 892 Lazaro
1243 865 1399 892 resuscitat.
1416 863 1466 890 Ubi
1483 864 1554 890 enim
1575 863 1628 889 vita
1644 860 1699 889 ha?

67 909 137 940 τοὺς
151 909 253 943 χωλοὺς
266 909 458 943 περιπατῆσαι,
471 910 517 936 καὶ
528 909 591 940 τοὺς
605 909 716 944 νεκροὺς
729 908 798 943 μετὰ
808 908 860 934 Λα-

69 952 160 988 ζάρου
180 954 283 989 ἐγείρῃ.
304 955 389 982 Ὅπου
406 954 459 989 γὰρ
473 955 544 980 οἰκεῖ
557 953 623 989 ζωὴ,
641 954 698 980 ἐκεῖ
714 954 859 985 ἀνάστασίς

69 997 164 1024 ἐστιν·
187 997 230 1024 ἵνα
250 997 318 1031 μετὰ
339 999 476 1034 Λαζάρου.
493 999 539 1025 καὶ
557 998 610 1025 τῶν
627 998 712 1034 ὄχλων
733 1000 780 1025 καὶ
805 999 859 1025 τῶν

70 1041 207 1075 μαθητῶν
231 1042 323 1073 αὑτοῦ,
343 1043 412 1077 μετὰ
430 1043 533 1078 νηπίων
550 1043 595 1070 καὶ
618 1043 796 1078 Θηλαζόντων,
813 1043 859 1070 καὶ

71 1087 146 1121 μετὰ
154 1086 206 1113 τῶν
215 1088 298 1121 ἁγίων
307 1088 427 1122 ἀγγέλων
437 1089 580 1124 κράξωμεν
590 1088 702 1123 βοῶντες
710 1097 717 1104 ⁸
732 1089 860 1116 Ὡσαννὰ

67 1132 108 1160 ἐν
125 1132 188 1165 τοῖς
205 1134 346 1166 ὑψίστοις
357 1141 363 1148 ’
379 1134 587 1168 Εὐλογημένος
610 1135 626 1160 ό
646 1135 805 1169 ἐρχόμενος
825 1135 860 1161 ἐν
879 1137 889 1146 “

69 1177 198 1211 ὀνόματι
212 1179 335 1212 Κυρίου·
350 1179 465 1214 Χριστὸς
476 1179 577 1214 Κύριος
596 1179 642 1205 καὶ
659 1180 673 1205 ὁ
688 1179 752 1211 Θεὸς
769 1180 857 1215 ἡμῶν,

69 1223 89 1249 d
97 1222 250 1255 ,βασιλεὺς
269 1223 327 1250 τῶν
342 1223 464 1251 αἰώνων.
479 1224 556 1259 Αὐτῷ
570 1224 643 1257 δόξα,
661 1224 738 1259 τιμὴ,
760 1226 858 1260 κράτος

911 910 990 941 bitat,
1010 910 1046 937 ibi
1060 911 1226 937 resurrectio
1242 915 1284 937 est
1299 919 1305 936 :
1323 913 1351 936 ut
1364 916 1426 935 cum
1444 907 1546 934 Lazaro
1562 912 1588 935 et
1603 907 1692 935 turbis

911 962 943 982 ac
962 955 1105 990 discipulis
1129 954 1199 989 ejus,
1223 962 1339 988 cumque
1360 953 1509 980 infantibus
1532 960 1564 979 ac
1591 952 1692 986 angelis

911 1001 1014 1028 sanctis
1031 1001 1180 1028 clamemus
1194 1000 1315 1027 dicentes
1328 1009 1335 1026 :
1350 999 1478 1026 Hosnnna
1494 999 1521 1024 in
1535 998 1692 1025 altissimis:

912 1045 1065 1073 Benedictus
1086 1046 1131 1079 qui
1153 1047 1218 1073 venit
1240 1047 1265 1072 in
1288 1046 1390 1072 nomine
1415 1044 1521 1071 Domini
1540 1051 1546 1071 :
1566 1043 1693 1070 Christus

913 1090 1043 1119 Dominus
1066 1095 1092 1118 et
1115 1091 1186 1119 Deus
1209 1096 1316 1123 noster,
1341 1098 1386 1117 rea:
1418 1089 1619 1116 mentm-um“.
1638 1088 1692 1122 Ipsi

912 1137 1008 1172 gloria.
1024 1138 1122 1171 honor,
1144 1142 1264 1173 potestas
1286 1141 1313 1164 et
1335 1137 1468 1167 adoratio,
1492 1143 1554 1163 cum
1569 1134 1649 1161 Patre
1665 1137 1693 1160 et

914 1182 1018 1218 Spiritu
1042 1188 1148 1215 sancto,
1166 1191 1239 1211 nunc
1253 1188 1280 1211 et
1303 1190 1420 1218 semper,
1435 1186 1462 1209 et
1479 1182 1508 1208 in
1525 1181 1624 1208 saecula
1642 1187 1694 1207 saa-

911 1229 1045 1257 culorum.
1062 1230 1159 1257 Amen.

69 1269 123 1296 καί
141 1270 333 1304 προσκύνησιςι
353 1270 411 1306 ἅμα
431 1271 469 1306 τῷ
485 1271 572 1306 Πατρὶ
592 1270 639 1297 καὶ
652 1270 691 1306 τῷ
709 1271 777 1307 ἁγίῳ
792 1272 942 1309 Πνεύματι,
961 1276 1009 1304 νῦν
1024 1276 1071 1304 καὶ
1086 1277 1140 1309 ἀεὶ,
1160 1276 1207 1303 καὶ
1240 1277 1281 1308 εἰς
1295 1276 1357 1308 τοὺς
1372 1275 1471 1307 αῐῶνας
1488 1274 1543 1301 τῶν
1578 1271 1692 1300 αἰώνων.

77 1316 180 1351 Ἀμήν.

113 1414 138 1430 ⁸⁸
156 1413 179 1442 ll
194 1414 258 1442 Cor.
274 1421 310 1448 ι,
327 1415 354 1444 5.
391 1416 402 1432 '
433 1415 505 1444 Psal.
522 1424 582 1449 xei,
599 1417 643 1445 I5.
681 1416 704 1434 ⁸⁸
722 1415 816 1445 Matth.
833 1425 858 1444 xi

914 1417 958 1446 12.
996 1418 1018 1434 ⁶⁹
1037 1417 1048 1445 I
1068 1417 1138 1447 Tim.
1156 1426 1176 1451 I,
1195 1419 1238 1446 Π.

82 1515 1691 1540 mm

659 1610 728 1636 (nso
744 1616 838 1636 notum
857 1616 1108 1637 cccxtvocccuxw.

132 1717 604 1834 MARCELLUS
656 1720 1136 1904 ANCIIiANUS
1191 1721 1634 1837 EPISCOPUS

716 1965 1059 2022 DIATRIBA

557 2087 610 2117 DE
632 2086 756 2118 CAUSA
780 2087 985 2119 MARCELLI
1006 2088 1212 2119 ANCYRANI

585 2167 777 2200 (Mnmwcox.,
795 2167 905 2194 Bibliotlt.
916 2175 977 2194 nova
988 2170 1099 2200 Patrum,
1120 2169 1140 2199 l,
1152 2168 1194 2201 ιι.)

881 2248 917 2255 .—

621 2318 819 2347 PROG‘IMIUM
838 2320 883 2347 ET
905 2319 1029 2348 DIVISIO
1047 2319 1180 2349 OPERIS.

114 2394 153 2421 De
168 2392 289 2420 Marcelli
302 2392 438 2429 Ancyrani
451 2391 588 2425 doctrina,
603 2393 654 2420 etsi
670 2393 704 2420 ab
716 2393 775 2428 ipso
789 2393 910 2422 Marcelli
929 2402 987 2421 avo
1001 2393 1035 2420 ad
1051 2393 1103 2420 hoc
1120 2400 1208 2428 usque
1225 2395 1332 2427 tempus
1343 2391 1377 2419 ab
1396 2391 1549 2427 insignibus
1566 2392 1631 2420 viris
1643 2393 1699 2422 dis-

75 2448 216 2478 ceptatum
236 2442 280 2472 sit,
307 2449 351 2469 res
371 2445 460 2468 tamen
482 2441 571 2468 adlmc
586 2441 613 2468 in
630 2441 741 2476 ancipiti
753 2446 844 2468 manet
864 2450 870 2468 :
888 2442 933 2468 alii
947 2449 1065 2477 namque
1088 2441 1165 2468 illum
1184 2444 1320 2478 temerata:
1343 2440 1403 2467 ﬁdei
1426 2448 1501 2467 reum
1522 2445 1623 2476 agunt,
1652 2442 1698 2469 alii

79 2477 199 2517 utrrectae
215 2489 276 2516 ﬁdei
293 2488 430 2516 vindicem
445 2488 669 2527 defendunt,alii
684 2489 844 2524 quaestionis
859 2489 1020 2517 difﬁcultate
1040 2488 1175 2520 deterriti,
1191 2477 1366 2515 non'audent
1386 2487 1413 2514 in
1437 2488 1571 2515 utramvis
1594 2492 1698 2522 partem

77 2538 154 2566 ferre
166 2537 310 2570 judicium.
326 2536 366 2563 Ad
381 2541 536 2572 postremos
547 2541 636 2564 autem
659 2537 850 2564 incunctanter
866 2537 1100 2570 accederem,nisi
1116 2545 1147 2564 ex
1164 2545 1207 2567 co,
1226 2535 1298 2571 quod
1323 2536 1378 2571 jam
1406 2536 1521 2571 primum
1534 2536 1698 2570 publicalur,

77 2584 217 2618 opusculo
232 2592 302 2611 nova
320 2583 503 2612 Marcellianis
516 2584 598 2611 rebus
612 2584 656 2611 lux
675 2584 806 2611 oriretur.
823 2583 910 2618 Hujus
926 2584 1092 2611 adminiculo
1108 2591 1163 2610 non
1181 2584 1240 2610 sine
1255 2591 1303 2618 spe
1318 2582 1476 2613 enodandas,
1497 2583 1524 2609 in
1543 2583 1634 2609 multis
1645 2582 1700 2609 sal-

78 2633 147 2660 tem,
165 2630 203 2656 rei
218 2629 353 2657 hactenus
372 2629 507 2664 perplexa:
521 2633 548 2655 et
562 2629 705 2662 intricatze,
724 2628 787 2654 huic
802 2627 929 2655 Diatriba:
941 2636 1051 2654 manum
1069 2627 1257 2658 admovemus,
1272 2630 1411 2661 totamque
1425 2627 1481 2653 haec
1495 2626 1521 2652 in
1538 2627 1628 2661 capita
1641 2626 1699 2652 dis-

79 2675 238 2703 tribuimus.
261 2675 342 2702 Praait
360 2674 564 2709 compendiaria
576 2674 609 2702 de
627 2675 684 2701 vita
703 2674 822 2709 Marcelli
836 2674 975 2705 narratio;
991 2674 1054 2700 hinc
1066 2673 1230 2708 exquiritur,
1243 2674 1289 2708 qui
1304 2673 1385 2700 fuerit
1400 2673 1444 2700 ille
1462 2672 1588 2700 Marcello
1599 2673 1700 2700 ascris-

81 2725 146 2756 ptus
160 2728 254 2754 error;
281 2725 338 2748 tum
353 2729 386 2748 an
403 2721 430 2747 in
447 2720 507 2754 ejus
531 2724 628 2747 contra
643 2721 781 2748 Asterium
798 2720 868 2747 libro
886 2719 1053 2754 deprehendi
1066 2719 1200 2754 potuerit;
1226 2719 1324 2746 deinde
1340 2727 1406 2746 num
1425 2726 1545 2747 errorem
1571 2719 1646 2750 illum
1672 2719 1700 2746 in

80 2767 202 2794 decursu
218 2767 280 2794 vita:
292 2767 375 2794 verbo
387 2767 429 2794 vel
444 2767 548 2802 scripto
560 2766 719 2799 tradiderit;
731 2766 849 2800 itemque
861 2773 895 2792 an
911 2765 945 2792 ab
953 2765 1102 2792 Athanasio
1113 2765 1332 2793 acommunione
1345 2769 1467 2795 remotus
1481 2765 1563 2792 fuerit
1572 2773 1580 2798 ',
1590 2764 1700 2793 demum

81 2812 173 2846 agitur
188 2818 221 2840 ae
237 2812 358 2841 Marcelli
372 2817 397 2841 et
407 2813 536 2842 Ecclesia:
552 2812 703 2846 Ancyram:
716 2811 750 2839 ad
766 2811 944 2839 Athanasium
961 2811 1106 2844 legatione,
1124 2818 1206 2843 quam
1228 2818 1300 2838 nunc
1318 2811 1435 2841 primum
1453 2810 1570 2838 edimus.
