1905 3072
203 98 273 127 1⁸279

457 157 571 185 CAPUT
588 158 735 189 PRIMUM.

275 231 474 253 COIPENDIARIA
490 234 523 253 DE
538 235 600 254 νιτΑ
619 235 752 255 MARCELLI
766 237 913 257 NABRA'I'IO.

238 288 290 321 Qui
307 297 380 316 anno
394 290 448 317 574
465 291 561 318 saltem
575 293 750 320 centenarius
765 301 780 321 e
796 294 867 322 vivis
888 301 985 321 exces-

203 334 250 366 sit,
266 334 422 368 Marcellus,
436 344 508 364 anno
521 337 631 365 circiter
647 338 710 369 2⁵14,
729 340 878 367 Aureliano
895 347 986 367 rerum

203 379 335 414 potiente,
357 385 440 409 natus
458 385 494 409 sit
509 386 628 417 oportet,
647 384 742 412 eodem
758 383 844 412 ferme
864 388 987 420 tempore

204 434 258 461 quo
274 425 377 454 Paulus
402 426 612 461 Samosatenus,
638 430 718 464 cujus
740 429 856 457 haeresin
880 434 988 458 restau-

203 480 281 500 rasse
296 473 384 500 fertur
398 473 553 506 Marcellus,
565 474 735 502 Antiochena
751 475 816 503 sede
827 477 923 511 pulsus
933 480 985 504 est.

202 518 272 545 Ante
287 526 390 545 annum
398 519 449 546 5M
459 519 487 546 in
498 519 672 554 Ancyranum
682 520 839 555 episcopum
853 520 985 554 adlectus,

202 564 355 599 Ancyranze
366 564 473 599 synodo
486 565 580 592 eodem
597 573 670 593 anno
686 566 831 594 celebrata:
847 567 985 596 interfuit.

202 607 272 636 Hinc
283 609 311 636 in
327 608 436 636 Nicaeus
453 610 559 645 synodo
573 610 600 637 in
612 611 707 638 Arium
721 615 748 638 et
757 612 988 640 asseclasacriter

202 655 336 687 invectus,
357 663 451 683 eorum
469 656 496 683 in
517 664 547 684 se
571 657 749 684 inﬂammavit
772 658 847 685 odia.
863 657 987 686 Excitata

201 708 265 729 vero
282 702 418 729 dissensio
433 702 461 729 in
472 707 597 737 apertum
610 703 711 730 bellum
726 705 828 738 erupit,
838 712 900 731 cum
909 705 988 732 Aste-

200 748 243 775 rio
257 748 379 782 sophista
394 749 560 776 Arianorum
576 749 685 777 vindice
701 749 729 776 in
743 749 818 777 edito
826 750 860 777 ab
874 758 904 778 se
916 750 987 777 libro

200 794 362 821 catholicam
371 794 448 821 ﬁdem
455 800 639 830 oppugnante,
649 795 792 823 Marcellus
799 796 897 832 insigni
905 804 988 832 opere

200 839 337 867 Asterium
356 840 479 873 adortus,
499 840 663 869 Arianorum
684 842 866 877 primipilares
889 850 986 870 omnes

200 886 358 920 exagitavit.
374 885 437 913 Haec
450 887 582 922 princeps
597 895 681 915 causa
696 887 811 920 irarum,
821 888 847 914 hi
861 889 924 915 εκνί
941 887 986 915 do-

203 930 276 958 lores
291 931 467 964 Arianorum,
484 932 531 967 qui
545 932 644 960 exinde
658 933 804 960 classicum
828 933 855 960 in
872 933 986 960 Marcel-

200 976 254 1003 lum
271 981 414 1008 canentes,
430 985 492 1004 eum
512 981 538 1005 et
553 978 664 1013 scriptis
678 983 705 1005 et
721 978 905 1006 moliminibus
921 982 986 1006 sunt

200 1023 332 1057 aggressi.
359 1022 500 1058 Siquidem
527 1024 693 1051 ulciscendae
713 1024 821 1059 injuria:
845 1024 983 1060 cupidine,

199 1069 288 1102 primo
306 1067 515 1104 Jerosolymam,
533 1074 601 1097 teste
613 1068 735 1102 Socrate.
749 1070 906 1097 Marcellum
918 1078 985 1098 evo-

200 1117 274 1143 cant.
293 1121 404 1140 causam
420 1114 576 1148 dicturum;
593 1114 691 1142 deinde
706 1123 771 1142 vero
792 1115 985 1142 Constantino-

200 1159 273 1194 polin
296 1165 453 1197 accersunt,
484 1160 705 1196 abnuentemque
729 1161 838 1195 ejurare
858 1161 984 1194 haeresin,

202 1213 283 1240 qualn
299 1205 326 1232 in
340 1206 409 1232 libro
429 1206 489 1240 ejus
504 1206 594 1245 efferri
609 1207 820 1238 contendebant,
839 1208 923 1243 gradu
938 1209 986 1235 de-

199 1251 307 1286 jiciunt,
322 1251 429 1286 ipsique
451 1251 580 1279 Basilium
594 1252 834 1288 subrogant.Hinc
850 1252 985 1281 Eusebius

199 1296 377 1324 Caesariensis
401 1298 509 1326 duobus
534 1302 629 1325 contra
654 1299 811 1326 Marcellum
837 1299 914 1327 libris
935 1300 985 1326 tri-

200 1343 305 1378 busque
317 1343 378 1371 aliis
394 1344 471 1370 vario
485 1344 564 1371 titulo
579 1345 744 1371 Arianorum
756 1353 799 1372 res
814 1345 961 1373 vindicavit
976 1355 982 1372 :

201 1393 285 1424 atque
297 1389 334 1416 ita
347 1389 503 1426 gregalibus
518 1390 576 1418 suis
592 1391 683 1418 oblata
696 1391 811 1418 crimina
825 1392 939 1426 depulit,
956 1395 985 1419 ut

200 1443 230 1462 se
246 1435 304 1469 ipse
317 1425 442 1469 proderet
459 1435 602 1463 Arianum.
617 1435 685 1463 Tum
695 1436 795 1464 ibidem
810 1425 906 1464 contra
914 1437 986 1464 Mar-

200 1480 299 1508 cellum
315 1488 371 1508 rem
394 1485 504 1508 strenue
519 1482 614 1516 gessit,
633 1490 713 1517 quem
727 1483 831 1510 violata!
845 1491 918 1510 same
934 1484 985 1511 do-

201 1527 296 1553 ctrinae
313 1533 390 1553 reum
409 1526 463 1561 egit
481 1536 488 1553 :
505 1534 536 1553 ac
551 1526 695 1555 instaurati
711 1528 834 1555 Pauliani
849 1533 876 1555 et
895 1527 986 1556 Sabel-

201 1571 268 1598 liani
285 1572 388 1599 erroris
402 1572 552 1598 accusavit.
569 1572 626 1599 Hac
640 1577 730 1600 autem
752 1574 778 1600 in
796 1582 826 1601 re
839 1582 893 1601 non
907 1582 986 1609 pror-

201 1626 250 1645 sus
265 1617 385 1645 infausto
402 1622 502 1645 conatu
519 1617 678 1646 Marcellum
688 1619 800 1647 adortus
813 1625 851 1647 est
867 1630 873 1647 :
889 1620 987 1647 exinde

202 1671 324 1698 namque
339 1671 393 1691 non
409 1664 489 1691 modo
504 1664 613 1692 Arianis
630 1665 751 1698 invisus,
773 1667 820 1692 scd
837 1666 917 1693 etiam
935 1666 987 1693 Ca-

202 1709 366 1735 tholicorum
388 1709 482 1736 multis
499 1715 644 1744 suspectus
659 1718 720 1738 esse
734 1711 826 1745 coepit.

239 1753 297 1782 Sub
311 1754 369 1781 haec
383 1754 513 1782 defuncto
526 1755 718 1790 Constantino,
732 1763 794 1783 cum
812 1756 872 1784 aliis
886 1757 988 1784 exsuli-

203 1800 255 1828 bus
269 1799 412 1828 Marcellus
425 1800 481 1828 sedi
497 1802 652 1835 restitutus,
670 1810 725 1829 non
743 1802 802 1830 sine
823 1803 940 1829 tumultu
956 1811 988 1830 ac

204 1846 325 1873 caedibus
349 1846 440 1874 locum
465 1847 583 1881 repetiit.
611 1847 667 1875 Nec
687 1848 733 1875 diu
755 1852 849 1883 postea
869 1849 987 1876 extorris

203 1893 293 1920 denuo
310 1891 409 1925 factus,
432 1893 465 1919 ad
482 1891 585 1920 Julium
604 1901 701 1928 papam
725 1897 864 1929 receptum
882 1894 987 1922 babuit.

203 1938 242 1965 lbi
257 1938 342 1965 fidens
358 1938 529 1966 adversarios
544 1942 674 1973 provocat
693 1939 726 1966 ad
748 1939 894 1974 judicium,
915 1940 988 1968 Julio

205 1983 266 2010 ﬁdei
282 1991 338 2010 suae
353 1983 496 2013 formulam
510 1984 599 2018 oﬁ‘ert,
616 1985 700 2017 nullo,
714 1990 743 2012 ut
754 1986 864 2020 planum
875 1992 927 2019 cst,
945 1987 987 2014 vi-

204 2029 243 2055 tio
260 2029 427 2056 laborantem
445 2040 451 2057 :
472 2038 551 2070 supm
571 2035 666 2058 contra
676 2031 813 2059 Asterium
824 2033 923 2060 librum
941 2033 989 2061 de-

205 2074 302 2106 fendit,
320 2078 432 2102 truncas
453 2075 604 2104 sententias
628 2076 662 2103 ab
688 2076 852 2105 Eusebianis
874 2086 988 2112 pravum

205 2119 234 2146 in
247 2126 357 2146 sensum
365 2119 498 2152 detortas,
508 2120 687 2148 adulteratam
695 2122 841 2149 verborum
852 2123 951 2150 seriem
960 2125 986 2150 in

831 103 876 131 DE
898 103 977 130 VlTA
995 102 1039 131 ET
1058 103 1212 132 SCRIPTIS

1003 166 1025 194 Α
1041 161 1122 189 nibus
1139 161 1290 189 secundum
1307 159 1460 188 uaereticam
1473 159 1638 187 sententiam
1652 158 1817 194 explicaret
1832 165 1842 190 ς

1765 89 1845 127 raso

1038 208 1096 235 sive
1111 208 1176 242 quia
1191 207 1326 234 Photinus
1341 207 1401 241 ejus
1412 205 1565 241 discipulus
1578 212 1674 240 parem
1697 204 1842 238 impieta-

1038 257 1104 286 tem,
1119 252 1174 280 imo
1199 252 1363 288 graviorem,
1385 251 1474 287 palam
1488 254 1515 278 et
1532 251 1559 277 in
1574 249 1699 277 Ecclesia
1720 250 1842 283 depra-

1037 297 1151 330 dicaret,
1168 305 1222 332 qua
1234 297 1267 325 de
1279 304 1363 324 causa
1377 304 1426 323 nec
1438 296 1484 323 diu
1506 300 1599 330 postea
1612 296 1768 322 damnatus
1787 294 1842 322 de-

1037 344 1200 378 positusque
1226 347 1286 375 est;
1311 343 1376 370 hinc
1404 341 1525 369 Marcelli
1549 341 1621 368 fama
1644 341 1672 368 in
1703 340 1840 368 deterius

1036 396 1131 416 versa:
1142 389 1283 416 crescebat
1290 388 1318 415 in
1325 388 1384 415 dies
1392 387 1522 422 suspicio,
1533 386 1610 413 multi
1618 386 1839 413 Catholicorum

1037 436 1125 470 palam
1147 435 1294 466 hominem,
1312 438 1342 461 ut
1361 434 1479 462 Sabellio
1492 433 1612 465 afﬁnem,
1629 432 1810 460 damnabant
1828 442 1837 460 :

1037 489 1138 516 resque
1154 481 1201 508 illo
1214 481 1331 508 deducta
1347 484 1399 512 est,
1411 483 1441 506 ut
1451 479 1532 507 etiam
1541 478 1704 510 Athanasio,
1713 478 1836 513 quicum

1038 527 1090 562 ipsi
1106 527 1239 554 hactenus
1256 525 1433 554 necessitudo
1451 530 1478 552 et
1499 524 1673 551 familiaritas
1689 525 1836 551 inter-ceso

1039 576 1124 604 serat,
1138 577 1283 606 suspectus
1297 579 1359 599 esse
1379 571 1504 605 coeperit.
1525 569 1617 604 Neque
1632 573 1737 600 tamen,
1761 577 1836 596 nar-

1036 618 1161 645 rantibus
1178 618 1240 645 licet
1253 617 1357 644 Hilario
1366 621 1393 644 et
1412 615 1534 651 Sulpicio
1555 615 1667 648 Severo,
1684 615 1720 642 ab
1741 615 1836 642 Atha-

1037 663 1115 691 nasio
1131 668 1197 690 tunc
1220 663 1376 694 damnatus,
1401 665 1428 689 et
1446 669 1461 688 a
1480 661 1676 688 communione
1701 665 1835 688 remotus

1038 709 1100 740 fuit.
1114 713 1144 736 ut
1162 716 1224 735 mox
1239 707 1511 736 commonstrabitur.
1521 706 1671 733 Postremis
1679 705 1834 732 Athanasii

1035 755 1099 782 vita:
1123 755 1204 781 annis
1230 761 1300 781 nova
1327 754 1504 787 omniumque
1524 751 1593 779 forte
1614 751 1787 786 gravissima
1805 752 1834 778 in

1037 799 1193 826 Marcellum
1212 802 1362 833 tempestas
1376 798 1511 825 excitatur
1529 805 1536 823 ε
1557 804 1618 823 cum
1638 796 1762 823 Basilius
1783 797 1830 823 ille

1002 836 1023 864 Β
1038 844 1151 880 Magnus
1166 849 1193 872 et
1205 845 1250 871 alii
1267 845 1335 872 bene
1349 844 1428 870 multi
1443 843 1530 871 coorti
1543 847 1618 874 sunt,
1629 847 1656 870 et
1665 843 1758 869 virum
1775 842 1829 868 im-

1037 891 1146 925 pietatis
1163 897 1247 917 causa
1267 889 1452 917 damnandum
1475 888 1625 923 praedicant
1640 897 1647 916 :
1661 892 1722 914 tum
1740 887 1830 914 Atha-

1035 937 1114 965 nasio
1130 941 1258 964 auctores
1273 939 1348 968 sunt,
1364 940 1392 963 ut
1416 935 1553 962 hominem
1575 942 1590 961 a
1612 934 1753 961 catholica
1777 934 1832 962 ﬁde

1035 983 1152 1011 alienum
1171 983 1204 1010 ab
1225 983 1353 1010 Ecclesia:
1375 981 1568 1008 communione
1581 981 1716 1016 depellat.
1733 980 1830 1008 Sensit

1036 1028 1182 1056 Marcellus
1200 1029 1241 1056 vir
1265 1028 1466 1055 annosissimus
1492 1031 1520 1055 et
1546 1035 1616 1062 pene
1634 1027 1829 1057 centenarias.

1033 1074 1089 1109 jam
1108 1074 1260 1109 proximum
1277 1080 1339 1100 esse
1349 1077 1379 1099 ut
1391 1072 1558 1100 Athanasius
1573 1072 1630 1103 ille,
1640 1073 1708 1098 olim
1721 1072 1830 1100 amicus

1017 1113 1062 1147 ἐι
1081 1119 1254 1146 fortunarum
1275 1126 1402 1152 consors,
1434 1118 1599 1146 sententiam
1623 1118 1776 1146 adversum
1800 1125 1830 1146 se

1035 1165 1149 1198 diceret,
1165 1169 1192 1192 et
1209 1172 1271 1192 cum
1287 1165 1343 1198 jam
1364 1164 1514 1198 periculum
1528 1163 1756 1199 portenderetur,
1782 1163 1826 1190 sui

1034 1215 1061 1240 et
1072 1213 1154 1239 totius
1170 1211 1323 1246 Ancyranae
1339 1210 1467 1238 Ecclesia
1475 1211 1585 1237 nomine
1593 1209 1749 1244 Eugenium
1765 1209 1826 1235 dia-

1035 1265 1134 1286 conum
1161 1255 1285 1292 aliosque
1315 1257 1349 1284 ad
1374 1257 1554 1284 Athanasium
1581 1261 1709 1283 oratores
1731 1255 1826 1286 mittit.

1035 1303 1266 1331 commendatitiis
1288 1303 1481 1338 episcoporum
1510 1302 1621 1329 Graecia:
1644 1306 1673 1329 et
1694 1300 1825 1328 Macedo-

1035 1348 1097 1379 niae,
1112 1348 1277 1382 quibuscum
1291 1348 1384 1382 pacem
1396 1351 1422 1374 et
1434 1346 1591 1374 societatem
1616 1346 1727 1374 fovebat
1738 1346 1825 1372 Atha-

1034 1394 1141 1426 nasius,
1159 1393 1259 1420 litteris
1280 1393 1429 1420 instructos
1447 1402 1453 1420 :
1470 1391 1517 1427 qui
1542 1392 1657 1419 recitata
1681 1391 1744 1419 ﬁdei
1754 1384 1826 1420 isuze

1036 1438 1165 1471 formula,
1184 1439 1288 1466 erroris
1308 1438 1341 1465 ab
1356 1446 1385 1466 se
1406 1442 1433 1465 et
1455 1445 1545 1474 pravae
1571 1437 1712 1472 opinionis
1733 1436 1825 1471 suspi-

1036 1482 1142 1510 cionem
1158 1482 1328 1509 dimoverent
1347 1490 1354 1508 :
1369 1482 1434 1515 quia
1448 1488 1514 1508 vero
1533 1481 1590 1508 haec
1607 1480 1668 1508 ﬁdei
1684 1479 1825 1514 professio

1036 1527 1064 1553 in
1078 1527 1206 1554 omnibus
1223 1527 1282 1554 suis
1298 1527 1420 1562 partibus
1434 1527 1567 1554 catholica
1581 1531 1634 1557 est,
1659 1526 1824 1560 ascriptam-

1037 1580 1090 1608 que
1107 1572 1235 1599 Marcello
1253 1572 1369 1600 lueresin
1385 1573 1559 1599 anathemate
1577 1572 1649 1604 ferit,
1678 1571 1713 1598 ab
1737 1571 1823 1597 Atha-

1036 1619 1115 1647 nasio
1143 1623 1170 1646 et
1194 1618 1330 1654 Egyptiis
1353 1619 1490 1653 episcopis
1514 1618 1645 1651 admissa,
1669 1625 1823 1652 eorumque

1035 1663 1173 1699 suﬁragiis
1189 1663 1293 1689 munita
1310 1667 1362 1690 est.
1379 1662 1589 1689 Hallucinantur
1605 1670 1672 1697 ergo
1685 1663 1732 1696 qui
1750 1661 1822 1688 Har-

1036 1709 1135 1736 cellum
1163 1713 1259 1744 putant
1287 1708 1321 1735 ab
1347 1707 1498 1735 Athanasio
1523 1707 1616 1734 Basilii
1644 1708 1823 1743 instigatione

1036 1756 1207 1786 damnatum,
1220 1763 1235 1782 e
1251 1761 1366 1789 quorum
1385 1761 1499 1781 numero
1516 1753 1717 1781 Tillemontius.
1741 1753 1821 1784 Nam,

1037 1806 1067 1828 ut
1081 1802 1108 1828 in
1123 1801 1174 1827 hoc
1191 1800 1299 1835 egregio
1312 1800 1446 1835 opusculo
1462 1799 1565 1831 videas,
1581 1799 1763 1830 Athanasius,
1776 1798 1820 1832 qui

1037 1847 1166 1875 Ecclesia:
1184 1847 1336 1882 Ancyranaa
1352 1846 1507 1873 oratoribus
1521 1845 1660 1880 postulata
1680 1844 1820 1874 concedit,

1038 1900 1187 1928 eorumque
1203 1893 1263 1920 ﬁdei
1273 1892 1396 1919 formulae
1404 1892 1578 1926 astipulatur,
1592 1891 1674 1919 etiam
1684 1898 1744 1922 eas,
1753 1897 1820 1925 quas

1038 1942 1178 1972 expetunt,
1191 1937 1428 1964 commendatitias
1446 1937 1552 1964 litteras
1579 1935 1651 1962 haud
1671 1935 1756 1962 dubie
1776 1935 1822 1962 de-

1038 1983 1108 2010 derit
1128 1990 1240 2010 necesse
1254 1986 1304 2010 cst.
1321 1981 1378 2009 Sub
1393 1982 1450 2009 haec
1470 1986 1558 2009 autem
1579 1981 1651 2008 diem
1669 1981 1739 2008 obiit
1752 1980 1820 2006 Mar-

1038 2029 1134 2060 cellus,
1149 2029 1228 2055 annis
1239 2028 1348 2055 circiter
1363 2027 1471 2055 duobus
1488 2031 1634 2062 antequam
1651 2026 1819 2061 Epiphanius

1037 2074 1072 2101 de
1085 2065 1269 2101 Marcellianis
1287 2074 1313 2100 in
1335 2073 1455 2100 Panario
1475 2073 1615 2104 scriberet,
1634 2071 1740 2099 scilicet
1751 2079 1820 2098 anno

1039 2119 1152 2146 circiter
1161 2119 1223 2146 574.
1234 2118 1312 2151 Nam,
1326 2126 1387 2146 cum
1400 2118 1568 2153 Epiphanius
1581 2117 1730 2143 Panan‘um
1742 2124 1817 2143 suum

204 2165 327 2193 Romana
340 2166 375 2193 50
388 2166 580 2201 episcoporum
602 2166 707 2202 synodo
724 2168 896 2202 comprobat,
915 2168 987 2195 dicta
1003 2170 1026 2199 D
1039 2165 1075 2192 sit
1089 2172 1170 2192 orsus
1181 2172 1252 2191 anno
1268 2164 1330 2197 573,
1345 2168 1375 2191 ut
1390 2164 1552 2192 testiﬁcatur
1566 2163 1634 2198 ipse,
1652 2167 1680 2190 et
1690 2170 1764 2189 anno
1779 2170 1819 2190 se-

204 2215 297 2239 tuetur
317 2216 341 2239 el
359 2211 479 2246 explicat
496 2221 502 2238 :
519 2211 682 2247 demumque
702 2213 735 2240 ab
749 2211 822 2240 Julio
839 2219 865 2240 et
881 2214 988 2248 episco-

203 2257 246 2292 pis
262 2257 295 2284 ad
310 2258 531 2285 communionem
547 2261 576 2284 ut
591 2258 719 2286 innoxius
741 2258 896 2286 admittitur
916 2267 988 2286 anno

203 2305 266 2333 542.
280 2305 389 2332 Arianis
409 2312 474 2332 vero
491 2312 546 2331 non
569 2304 784 2339 quiescentibus,
807 2304 987 2332 detrectanti-

204 2351 310 2387 busque
329 2351 482 2378 Romanum
507 2350 659 2385 judicium,
679 2358 771 2386 parem
789 2351 841 2379 sub
863 2351 919 2378 haec
934 2351 990 2379 for-

204 2401 298 2424 tunam
313 2401 442 2432 expertus
456 2401 499 2424 est
521 2397 549 2424 in
570 2396 726 2424 Sardicensi
743 2397 848 2432 synodo
869 2404 989 2425 (acume-

204 2443 266 2471 nica
284 2452 290 2470 :
308 2443 354 2469 ubi
370 2446 514 2478 postquam
532 2442 988 2479 causamdixcrat,purgatusipse,

203 2489 296 2516 Ariani
319 2489 450 2524 prmsules
473 2488 594 2515 damnati
617 2489 845 2524 anathemateque
864 2490 989 2523 percussi

204 2539 277 2563 sunt.
292 2534 353 2561 Jam
367 2541 451 2569 prona
467 2533 594 2561 Marcello
610 2534 700 2561 omnia
712 2538 791 2561 erant
807 2544 814 2562 :
829 2538 856 2562 et
874 2538 937 2570 post
951 2535 991 2562 di-

203 2585 275 2609 ctam
286 2580 434 2607 secundum
445 2580 532 2615 ipsum
544 2579 651 2607 duabus
660 2580 687 2606 in
695 2580 805 2615 synodis
814 2581 988 2613 sententiam,

204 2635 268 2662 spes
278 2627 421 2655 videbatur
427 2634 489 2654 esse
499 2627 634 2654 neminem
643 2627 844 2654 Catholicorum
857 2634 988 2655 ausurum

209 2673 281 2698 ultra
297 2673 331 2700 de
339 2673 445 2700 sincera
458 2673 518 2708 cjus
528 2672 578 2700 ﬁde
590 2672 724 2700 dubitare.
742 2671 838 2699 Verum
852 2681 932 2700 secus
946 2680 989 2700 res

206 2717 289 2744 cessit
307 2726 314 2744 :
329 2725 389 2744 nam
405 2720 463 2746 sive
479 2719 543 2754 quia
559 2717 715 2751 Marcellus,
738 2727 798 2753 qua:
813 2719 839 2745 in
854 2719 924 2746 libro
938 2727 990 2746 suo

207 2763 244 2790 ita
259 2762 442 2797 adtemperate
450 2764 591 2791 enuntiata
599 2767 678 2790 erant
691 2767 718 2790 ut
730 2768 843 2798 possent
852 2763 878 2790 in
890 2763 989 2790 bonam

205 2808 340 2838 malamve
356 2813 459 2841 partem
477 2809 593 2842 dcﬁccti,
612 2809 638 2837 in
656 2809 824 2844 quotidianis
845 2808 989 2837 fabulatio-

1038 2215 1139 2246 quente
1155 2210 1206 2238 576
1220 2210 1253 2237 ad
1268 2210 1476 2238 Manichzeorum
1486 2209 1741 2244 haeresiaiuumero
1751 2210 1818 2243 uri)

1038 2257 1189 2289 devenerit,
1212 2262 1240 2285 ut
1256 2257 1355 2285 ibidem
1375 2257 1452 2292 legis,
1471 2257 1566 2284 eodem
1585 2264 1657 2283 anno
1671 2255 1819 2282 Marcellia-

1039 2312 1137 2331 norum
1151 2303 1266 2331 haeresin
1279 2304 1404 2338 (numero
1424 2303 1508 2336 um)
1530 2301 1678 2336 scripsisse
1703 2301 1816 2332 videtur,

1040 2350 1086 2378 ubi
1104 2354 1197 2377 narrat
1214 2357 1228 2376 a
1243 2349 1351 2376 duobus
1368 2349 1482 2376 circiter
1497 2349 1577 2375 annis
1593 2348 1698 2375 obiisse
1708 2347 1818 2375 Marcel-

1039 2396 1106 2423 lum.
1122 2395 1187 2422 Erat
1203 2403 1284 2431 porro
1300 2400 1356 2422 tum
1373 2395 1529 2428 Marcellus,
1547 2398 1578 2421 ut
1597 2393 1719 2425 videtur,
1734 2398 1819 2421 cente-

1039 2443 1117 2470 nario
1130 2442 1227 2476 major,
1247 2446 1339 2477 utpote
1349 2441 1395 2476 qui
1413 2441 1468 2476 jam
1479 2449 1550 2468 anno
1559 2440 1610 2468 356
1621 2447 1818 2471 senex,canus,

1039 2494 1066 2517 et
1082 2489 1110 2516 in
1125 2489 1283 2523 episcopatu
1300 2487 1480 2515 consenuisse
1504 2487 1613 2514 dicatur
1634 2486 1670 2513 ab
1692 2485 1816 2516 Eusebio,

1039 2535 1186 2570 itidemque
1202 2534 1236 2561 ab
1254 2533 1406 2561 Athanasio
1427 2544 1432 2560 :
1449 2541 1508 2568 qua
1526 2533 1656 2568 frequens
1676 2532 1818 2560 senectutis

1038 2580 1164 2616 repetitio
1190 2579 1370 2614 sexagenario
1394 2579 1527 2613 majorem
1550 2584 1677 2614 spectare
1698 2582 1816 2613 putatur.

1038 2626 1104 2654 Post
1120 2626 1240 2654 Marcelli
1253 2623 1407 2658 decessum,
1425 2625 1552 2659 discipuli
1577 2624 1648 2659 ejus,
1671 2625 1818 2659 Ancyram:

1039 2672 1167 2700 Ecclesia:
1180 2672 1284 2702 clerici,
1304 2671 1337 2698 ad
1350 2671 1495 2706 episcopos
1512 2673 1540 2697 et
1556 2670 1732 2697 confessores
1762 2668 1817 2695 Dio—

1038 2725 1163 2745 cacsareaa
1176 2721 1287 2752 agentes
1302 2717 1439 2748 adierunt,
1462 2716 1632 2752 prolatisque
1647 2713 1817 2742 commend»

1040 2763 1107 2790 tiliis
1122 2763 1274 2795 Athanasii,
1287 2770 1368 2798 quem
1379 2762 1577 2798 τρισμακάριον
1590 2765 1700 2793 vocant,
1712 2760 1814 2789 litteris.

1041 2808 1157 2843 dataque
1175 2809 1236 2837 ﬁdei
1252 2808 1368 2837 formula
1390 2809 1454 2836 huic
1473 2816 1528 2836 non
1543 2807 1674 2839 absimili,
1696 2806 1743 2834 sed
1762 2807 1815 2833 bre-
