1905 3072
234 131 303 159 1285

846 128 890 156 DE
909 127 988 156 Vl’l'A
1009 127 1053 156 ET
1074 127 1227 157 SCRIPTIS

1790 128 1857 157 ηεξ

230 195 287 218 treo
302 189 461 224 hypostascs
479 187 601 216 conﬁteri
620 186 741 216 noluisse
759 198 764 215 :
782 196 875 216 Verum
892 188 938 215 illo
952 192 1021 215 tem-
1034 191 1058 218 Α
1073 189 1168 220 fuisse,
1181 187 1273 216 Jesum
1290 187 1430 216 Christum
1449 189 1585 221 vocatum.
1599 195 1749 224 regemque
1765 189 1857 224 appel-

231 243 297 271 pore
311 235 425 262 liberum
436 238 493 262 erat
510 234 550 262 eis
564 234 606 261 vel
620 237 676 262 tres
688 234 729 261 vel
749 242 831 261 unam
851 239 954 261 tantum
973 235 1022 271 hy-

231 281 355 316 postasin
380 281 516 314 conﬁteri,
540 281 603 307 dum
619 284 721 308 rectam
737 284 879 308 servarent
893 285 1020 308 mentem.

231 327 298 354 Nam
316 328 363 362 qui
386 327 519 355 Catholici
543 335 625 354 unam
648 327 807 363 hypostasin
825 331 928 354 tantum
949 335 1022 356 asse-

231 373 346 403 rebant.
368 374 548 410 hypostaseos
579 374 688 401 nomine
714 373 894 401 substantiam
916 374 1020 401 indica-

229 420 307 451 bant,
322 427 403 455 quam
416 427 497 447 unam
517 419 544 446 in
561 419 614 446 Deo
630 427 690 446 esse
707 423 809 446 certum
822 424 863 447 est
881 429 886 446 :
901 420 946 454 qui
964 423 1019 448 tres

229 466 392 502 bypostases
407 466 604 502 proﬁtebantur
616 486 622 496 .
635 466 679 493 bis
692 473 745 492 non
759 466 957 500 substantiam,
971 467 1018 494 sed

231 513 366 547 cujusque
377 519 502 546 personae
512 512 715 539 subsistentiam
728 513 928 547 intelligebant:
939 519 1019 548 atque

231 556 269 583 ita
289 557 326 584 illi
344 557 425 584 rcrbo
448 560 636 585 tantumtenus
650 557 856 585 dissentiebant.
874 558 939 591 Quae
955 567 1018 587 vero

229 601 392 638 Fragmenta
422 603 512 630 Acacii
538 604 713 631 Caesariensis
741 608 835 632 contra
861 605 1017 632 Marcellum

230 648 308 676 all‘ert
322 648 501 684 Epiphanius,
524 657 555 677 ea
570 650 660 677 omnia
681 658 730 678 ceu
746 652 936 686 compendium
953 656 1017 679 sunt

230 693 343 722 fusioris
355 696 463 723 Eusebii
478 695 654 724 Caesariensis
678 701 774 724 contra
795 697 949 726 Marcellum
960 702 1017 725 tra-

229 739 369 773 ctationis,
383 741 416 768 de
427 749 555 784 quamox
567 748 689 776 agemus.

458 793 498 818 [ν.
514 794 576 824 Quid
592 795 786 825 Chrysostomus.

265 834 384 863 Joannes
410 836 621 871 Chrysostomus
644 837 670 864 in
693 836 741 872 Ep.
761 838 795 864 ad
818 836 899 865 Hebr.
929 845 955 865 c.
988 847 1013 869 ι,

229 881 385 909 Marcellum
413 883 504 917 culpat
533 884 605 917 quod
636 883 752 917 dixerit,
778 885 890 911 verbum
921 885 1015 911 ὲνυπό-

229 936 334 959 στατον,
347 927 418 962 quod
431 929 467 954 ita
483 929 628 965 intelligas,
641 931 718 964 quasi
733 930 854 968 ejusdem
867 939 920 958 non
935 931 1016 958 modo

228 974 396 1007 substantia},
411 975 458 1002 sed
476 976 557 1002 etiam
579 976 733 1011 hypostasis
755 977 790 1004 sit
815 982 898 1012 atque
916 977 1014 1005 Pater:

227 1020 352 1047 eumdem
373 1028 438 1047 vero
461 1020 635 1053 Marcellum.
655 1023 733 1057 quasi
755 1022 873 1055 Photiui,
892 1024 1014 1055 Sabellii,

226 1065 302 1093 Pauli
329 1066 500 1095 Samosateni
525 1068 662 1103 ὁμόφρονα
683 1077 736 1096 non
755 1071 839 1096 semel
865 1071 1016 1098 insectatur

226 1112 339 1145 ibidem,
357 1120 388 1140 ac
403 1121 465 1141 cum
483 1114 672 1142 hmreticorttnt
685 1116 812 1150 pessimis
827 1121 978 1144 enumerat.

459 1164 499 1190 .V.
515 1164 577 1195 Quid
591 1165 769 1190 Theodoretns.

262 1205 450 1234 Theodorctus
471 1206 517 1233 lib.
545 1214 563 1233 ll
591 1206 785 1234 llwreticarum
809 1207 962 1242 fabularum
981 1207 1015 1235 de

225 1249 352 1278 Marcello
391 1251 447 1278 haec
473 1251 554 1279 habet
577 1261 583 1279 :
613 1253 770 1288 Μάρκελλος
799 1246 831 1279 δέ
850 1254 864 1280 ὁ
892 1253 1015 1288 Γαλάτης

224 1297 312 1333 τούτῳ
331 1298 379 1333 μὲν
403 1298 600 1334 παραπλησίως
626 1298 730 1334 ἠρνήθη
758 1298 812 1325 τῶν
839 1299 1014 1326 ὑποστάσεων

224 1344 274 1379 τὴν
289 1344 385 1379 τριάδα
394 1353 401 1359 ·
419 1344 528 1371 ἔκτασιν
541 1344 570 1371 δέ
583 1353 641 1371 τινα
652 1346 700 1381 τῆς
711 1345 756 1371 τοῦ
771 1345 876 1380 Πατρὺς
890 1345 1015 1381 θεότητος

225 1388 325 1424 ἔφησεν
343 1390 382 1421 εἰς
392 1390 437 1416 τὸν
448 1390 564 1425 Χριστὸν
580 1390 746 1426 ἐληλυθέναι,
764 1391 812 1418 καὶ
831 1390 932 1426 ταύτην
947 1390 1013 1417 Θεὸν

224 1435 311 1470 Λόγον
334 1436 465 1462 ὲκάλεσεο
481 1437 551 1471 μετὰ
571 1437 599 1462 δὲ
620 1437 668 1472 τὴν
690 1437 836 1471 σύμπασαν
859 1437 1014 1472 οἰκονομίαν

225 1482 306 1508 πάλιν
321 1482 537 1518 ἀνασπασθῆναι,
555 1483 601 1509 καὶ
621 1484 783 1518 συσταλῆναι
799 1484 866 1520 πρὸς
878 1485 923 1510 τὸν
936 1484 1011 1517 Θεὸν,

223 1528 255 1574 ἐξ
268 1525 352 1563 οὗπερ
364 1527 475 1563 ἐξετάθη
485 1536 493 1543 ⁴
510 1528 540 1554 τὺ
557 1528 584 1554 δὲ
600 1528 855 1567 πανάγιονιιῖνεῆμα
871 1529 1010 1564 παρέκτα-
1025 1535 1046 1564 (ζ

226 1582 268 1600 σιν
279 1574 329 1609 τῆς
343 1574 479 1606 ἐκτάσεως
494 1574 577 1608 λέγει,
597 1575 643 1601 καὶ
661 1575 762 1610 ταύτην
780 1576 833 1606 τοῖς
844 1575 1011 1607 ,ἀποστόλοις

224 1619 440 1654 παρασχεοῆναι.
463 1619 517 1646 Καὶ
530 1620 696 1652 ἁπαξαπλῶς
711 1620 826 1646 ὑπέθετο
844 1620 946 1656 Τριάδα
963 1621 1010 1646 ἐκ·

224 1664 381 1699 τεινομένην
397 1665 442 1690 καὶ
465 1664 676 1699 συστελλομένην
696 1664 765 1690 κατὰ
779 1664 923 1700 διαφόρους
939 1664 1011 1690 οἰκο-

225 1710 331 1745 νομίας.
350 1710 377 1736 ld
392 1714 452 1737 est:
468 1709 612 1737 Marcellus
625 1715 710 1737 autent
721 1709 829 1741 Galam,
841 1710 964 1736 similiter
983 1713 1011 1735 ut

224 1755 280 1786 ille,
305 1748 607 1790 negavit'ltypostasium
639 1755 794 1782 trinitatem.
825 1754 1010 1782 Extensionem

224 1807 284 1827 vero
304 1800 446 1836 quamdam
473 1801 580 1828 deitatis
606 1801 697 1827 Patris
719 1802 744 1827 in
761 1800 896 1828 Christum
913 1801 1012 1828 vertisse

224 1846 302 1879 dixit,
315 1852 339 1874 et
351 1847 416 1874 hanc
434 1847 515 1874 Deum
534 1847 644 1874 Verbum
663 1847 802 1882 appellavit
818 1855 826 1874 .'
842 1853 948 1880 peracta
963 1857 1012 1874 au-

226 1897 277 1920 tem
296 1893 417 1920 universa
436 1893 589 1924 trconomt’a,
604 1901 710 1919 rursum
731 1898 874 1920 attraclam
888 1902 954 1925 esse,
974 1902 1012 1920 re-

225 1947 375 1973 versumque
388 1939 421 1965 ad
437 1939 532 1970 Deum,
548 1946 580 1966 ea:
597 1947 648 1973 quo
663 1943 770 1965 extensa
792 1939 853 1973 fuit.
879 1939 1010 1972 Spiritum

226 1993 285 2012 vero
311 1990 432 2011 saucium
463 1985 616 2011 ulteriorem
651 1985 826 2011 extensione»:
851 1985 1010 2012 extensionis

227 2038 294 2061 esse,
309 2035 334 2056 et
351 2031 419 2057 lianc
440 2030 566 2064 apostolis
580 2030 672 2056 datam
697 2030 778 2064 fuisse
800 2030 942 2057 secundum
968 2031 1011 2058 di-

227 2084 314 2104 versas
329 2078 495 2104 meonomias.

402 2129 443 2154 Vl.
457 2130 520 2158 Quid
533 2129 652 2154 Eusebius
667 2130 832 2154 Casarlensis.

258 2171 316 2199 Jam
342 2180 375 2199 ex
403 2171 520 2199 Eusebio
549 2172 626 2206 ipso.
651 2172 696 2206 qui
725 2176 821 2199 contra
853 2171 1008 2199 Marcellum

1073 234 1168 268 latum,
1183 235 1246 262 item
1262 234 1407 270 imaginem
1423 233 1470 262 Dei
1495 235 1658 268 invisibilis,
1675 240 1702 263 et
1720 235 1857 270 primoge-

1072 281 1158 308 nilum
1172 282 1261 308 omnis
1274 285 1417 313 creaturae,
1439 281 1506 308 nihil
1533 286 1624 309 autem
1653 282 1753 309 horum
1783 282 1857 317 prius

1071 327 1222 359 exstitisse,
1237 335 1269 355 ac
1288 334 1350 362 post
1361 328 1496 362 judicium
1509 328 1566 356 haec
1581 328 1673 356 omnia
1688 329 1857 356 amissurum

1070 381 1148 406 esse;
1179 373 1323 408 ipsumque
1339 374 1442 400 nudum
1458 382 1520 401 esse
1536 373 1654 402 Verbum
1679 375 1804 402 humano
1819 375 1857 402 si-

1071 419 1133 446 mile
1152 419 1189 453 (.p.
1209 419 1262 454 l9),
1279 427 1331 446 non
1351 423 1441 446 autem
1457 419 1554 447 Filium
1570 428 1631 448 esse
1645 420 1692 448 Dei
1720 421 1813 448 virum
1832 425 1857 448 et

1069 465 1284 498 subsistentem;
1306 473 1360 493 non
1375 466 1458 494 fuisse
1477 466 1522 493 Dei
1545 466 1690 501 imaginem
1707 472 1856 501 antequam

1069 511 1150 538 homo
1167 512 1259 543 tieret;
1286 513 1458 539 existentiam
1474 512 1590 548 ὓπαρξιν
1606 517 1633 540 et
1647 513 1801 539 ὑπόστασιν
1815 512 1857 539 Fi-

1069 556 1097 582 lii
1112 555 1158 584 Dei
1176 557 1270 584 tollere
1284 557 1439 584 Marcellum
1460 559 1498 584 ait
1512 564 1549 593 (p.
1566 559 1611 589 33,
1627 559 1672 590 ξεί,
1690 559 1748 593 56),
1766 567 1799 586 ac
1816 561 1856 586 di-

1068 610 1130 630 cere
1150 603 1238 637 ipsum
1257 603 1342 631 fuisse
1364 604 1466 631 nudum
1485 605 1658 632 solummodo
1685 606 1802 633 verbum
1823 607 1855 633 ad

1065 648 1142 683 jussa
1156 649 1348 684 exsequenda;
1370 647 1527 677 Marcellum
1553 651 1617 678 item
1640 651 1687 686 qui
1714 652 1744 679 in
1763 652 1856 679 Sabel-

1068 695 1132 722 liutn
1150 695 1297 726 invehitur,
1313 695 1431 722 Sabellio
1448 696 1523 731 paria
1538 698 1654 729 sentire,
1681 699 1730 732 qui
1747 697 1855 725 Patrem

1065 744 1093 768 et
1121 740 1239 768 Verbum
1268 749 1352 768 unum
1373 749 1434 769 esse
1456 742 1546 775 dicat;
1569 743 1716 778 ipsumque
1735 745 1774 778 (p.
1796 744 1854 775 167,

1067 786 1129 815 174)
1144 790 1199 814 tres
1225 787 1387 820 ὑποστάσεις
1407 795 1505 822 negare
1518 808 1526 819 ,
1550 793 1577 817 et
1598 797 1680 816 unam
1707 790 1855 817 ὑπόστασιν

1066 831 1272 867 τριπρόσωπον,
1299 833 1345 859 καὶ
1368 832 1547 868 τρισώνυμον,
1566 834 1591 860 id
1612 840 1655 862 est
1672 835 1854 863 substantiam

1067 877 1285 911 lripcrsoualem,
1299 883 1326 906 et
1341 879 1513 906 Irinominem
1527 880 1628 908 dicere.
1642 880 1706 908 Ηωο
1720 882 1855 916 praecipue

1066 923 1094 950 in
1113 923 1229 951 Marcelli
1254 924 1322 951 libro
1349 925 1439 959 culpat
1456 925 1588 954 Eusebius
1604 936 1610 953 :
1626 927 1671 954 ubi
1701 929 1834 955 nonnulla
1846 949 1854 960 ,

1066 969 1180 1004 ipsaque
1194 970 1352 997 orthodoxa:
1362 972 1503 998 sementim
1510 973 1601 1004 verba,
1615 978 1709 1007 utpote
1725 975 1853 1006 Arianus,

1066 1018 1195 1050 tanquam
1220 1015 1346 1043 haeretica
1373 1018 1462 1052 carpit
1478 1023 1504 1044 et
1531 1018 1671 1052 conl‘utat;
1694 1020 1749 1046 alia
1775 1029 1853 1052 Vero.

1066 1069 1126 1096 quae
1141 1069 1205 1089 sane
1223 1066 1252 1089 ut
1272 1070 1385 1090 erronea
1403 1064 1486 1098 probe
1501 1065 1761 1099 reprehenduntur,
1784 1066 1853 1094 haud

1065 1108 1101 1134 ita
1114 1109 1186 1136 clare
1201 1109 1227 1135 in
1243 1108 1362 1136 Marcelli
1380 1109 1446 1137 locis
1472 1111 1661 1144 etmntiantur,
1680 1116 1710 1138 ut
1739 1112 1853 1140 inferius

1064 1153 1217 1187 videbitur;
1236 1155 1272 1181 ita
1286 1159 1385 1190 utquae
1396 1156 1498 1183 diserte
1512 1161 1538 1184 et
1556 1157 1629 1184 nulla
1646 1157 1763 1193 ambage
1784 1157 1852 1193 apud

1064 1199 1194 1227 Basiliam
1208 1204 1235 1227 et
1243 1200 1445 1228 Theodoretum
1458 1202 1568 1230 etl'ertur
1579 1203 1701 1231 Marcelli
1721 1204 1834 1232 haeresis
1844 1225 1852 1236 .

1065 1246 1132 1272 adeo
1150 1246 1277 1280 perplexe
1290 1247 1360 1282 apud
1376 1246 1523 1275 Eusebium
1540 1248 1640 1283 jaceat,
1659 1253 1688 1276 ut
1701 1249 1730 1276 in
1746 1255 1851 1277 utram-

1063 1291 1104 1319 vis
1118 1297 1219 1327 partem
1235 1292 1314 1320 facile
1324 1293 1461 1321 deﬂectas.

1219 1343 1270 1368 VII.
1284 1344 1381 1369 Summa
1393 1344 1554 1370 Marcellinum
1566 1344 1692 1371 doctrinae.

1098 1382 1137 1411 Ex
1152 1383 1242 1410 allatis
1261 1391 1343 1419 porro
1359 1385 1524 1414 testimoniis
1542 1384 1726 1414 Marcellianm
1739 1391 1851 1415 senten—

1063 1430 1107 1457 tiae
1122 1437 1257 1458 summam
1277 1430 1389 1458 duxeris
1405 1440 1412 1458 :
1433 1431 1508 1459 Unus
1524 1432 1558 1459 ab
1574 1436 1679 1460 aeterno
1695 1433 1768 1462 Deus
1780 1435 1852 1462 exsi-

1063 1475 1131 1503 stit:
1160 1476 1240 1510 cujus
1259 1475 1346 1510 λόγος,
1377 1485 1423 1504 seu
1447 1477 1537 1510 ratio,
1567 1481 1614 1505 aut
1629 1479 1766 1512 verbum.
1789 1488 1850 1507 nam

1064 1525 1179 1557 utroque
1195 1522 1276 1549 modo
1287 1523 1449 1558 exprimitur
1459 1544 1466 1556 ,
1484 1525 1586 1559 pariter
1609 1530 1754 1557 alternum,
1767 1535 1851 1554 unum

1062 1571 1105 1595 est
1119 1575 1180 1594 cum
1197 1567 1251 1596 Deo
1274 1569 1333 1604 ipso
1353 1570 1432 1606 οὐσίᾳ
1452 1571 1500 1597 καὶ
1515 1571 1679 1602 ὑποστάσει,
1697 1573 1851 1600 substantia

1062 1619 1089 1641 et
1105 1614 1256 1649 hypostasi,
1271 1615 1308 1641 ita
1325 1619 1354 1642 ut
1368 1616 1442 1643 nulla
1455 1617 1490 1643 sit
1505 1617 1576 1643 inter
1589 1621 1739 1653 utrumque
1752 1619 1853 1646 distin.

1061 1660 1118 1688 ctio
1137 1670 1143 1688 :
1160 1666 1257 1696 estque
1272 1661 1384 1689 verbum
1406 1661 1505 1695 silens,
1526 1662 1676 1695 internum,
1691 1665 1750 1692 sive
1765 1666 1853 1692 aveta-

1062 1705 1147 1732 θετον.
1177 1706 1294 1740 Spiritus
1319 1705 1382 1733 item
1409 1711 1523 1734 sanctus
1550 1708 1577 1734 in
1602 1708 1657 1736 Deo
1685 1710 1721 1736 ab
1746 1715 1853 1738 aeterno

1062 1752 1122 1784 fuit.
1141 1753 1215 1779 nulla
1231 1752 1357 1780 similiter
1372 1752 1424 1780 nisi
1441 1753 1561 1781 nominis
1578 1758 1604 1781 et
1617 1755 1735 1783 rationis
1748 1756 1853 1783 distin-

1062 1799 1162 1827 ctione.
1177 1799 1245 1826 Cum
1262 1803 1353 1826 autem
1367 1798 1439 1826 Deus
1450 1805 1579 1834 operatur
1590 1805 1617 1828 et
1638 1801 1773 1836 loquitur,
1787 1808 1851 1830 tunc

1062 1844 1181 1872 Verbum
1195 1853 1244 1871 ceu
1260 1844 1383 1879 qua-dam
1399 1845 1522 1876 emissio,
1537 1847 1660 1874 extensio
1677 1851 1704 1874 et
1725 1848 1852 1875 dilatatio

1062 1890 1172 1918 deitatis
1188 1891 1290 1926 prodit,
1305 1896 1331 1918 et
1348 1894 1409 1925 post
1426 1895 1531 1926 gestum
1556 1899 1625 1926 opus
1650 1893 1683 1919 ad
1700 1893 1787 1921 Deum
1811 1903 1853 1922 re-

1061 1937 1191 1968 vertitur,
1210 1940 1237 1963 et
1252 1936 1279 1963 in
1295 1937 1411 1971 pristina
1436 1936 1593 1964 conditione
1617 1942 1719 1966 manet.
1745 1938 1853 1967 Pariter

1061 1983 1192 2010 emissum
1205 1981 1255 2009 fuit
1270 1981 1400 2014 Verbum,
1417 1985 1446 2009 ut
1461 1989 1570 2010 carnem
1582 1988 1735 2011 assumeret
1749 1994 1757 2017 ;
1772 1992 1852 2013 tunc-

1061 2038 1114 2064 que
1126 2029 1212 2056 Filius
1226 2029 1272 2056 Dei
1294 2029 1420 2056 etl'ectum
1447 2033 1490 2057 est
1504 2050 1511 2062 ,
1533 2037 1580 2057 rex
1606 2031 1681 2063 item,
1698 2032 1830 2061 Christus
1842 2055 1850 2065 .

1061 2076 1150 2111 imago
1168 2075 1215 2102 Dei
1231 2075 1377 2102 invisibilis
1389 2096 1395 2107 ,
1414 2079 1441 2102 et
1457 2075 1653 2110 primogenitus
1672 2079 1765 2106 omnis
1777 2087 1853 2107 crea«

1060 2126 1138 2155 tum,
1149 2130 1211 2149 cum
1228 2128 1306 2149 antea
1318 2122 1384 2148 nihil
1403 2130 1496 2149 eorum
1512 2122 1625 2150 fuisset:
1644 2131 1677 2150 ac
1695 2130 1761 2159 post
1777 2126 1851 2160 judi-

1061 2169 1134 2196 cium
1150 2170 1208 2196 haec
1223 2168 1314 2195 omnia
1329 2168 1506 2199 amissurum,
1521 2173 1604 2203 atque
1620 2173 1649 2196 ut
1673 2171 1751 2205 prius
1765 2180 1849 2199 unum

223 2219 343 2253 scripsit.
362 2218 421 2245 loca
439 2218 584 2245 alleramus
601 2217 633 2244 ad
649 2217 848 2245 Marcellianam
870 2218 941 2244 illam
954 2218 1009 2245 hae-
1024 2221 1047 2250 ι)
1060 2223 1122 2242 cum
1139 2214 1218 2242 Patre
1234 2214 1354 2241 futurum
1373 2217 1425 2242 est.
1447 2213 1481 2241 Ut
1497 2220 1586 2242 autern
1602 2215 1724 2244 Verbum
1741 2223 1786 2246 est
1805 2227 1851 2246 ex-

223 2267 296 2294 resin
316 2265 517 2300 intelligendam
531 2269 693 2300 opportuna.
710 2264 753 2291 Ait
769 2265 860 2300 itaque
875 2265 913 2299 (p.
928 2264 1006 2299 4,5“)

223 2309 293 2337 banc
307 2317 368 2337 esse
384 2309 501 2336 Marcelli
518 2309 684 2344 opinionem,
697 2309 815 2336 Verbum
832 2309 927 2338 silens.
944 2313 1007 2337 ante

223 2356 398 2386 creationem,
417 2355 443 2382 in
459 2354 539 2382 Patre
558 2355 652 2387 fuisse,
670 2363 754 2382 unum
767 2363 828 2382 cum
842 2354 897 2383 Deo
915 2355 1005 2387 Patre,

222 2402 436 2435 sempiternum,
468 2401 569 2431 ἀΐδιον,
596 2408 650 2427 non
665 2401 798 2436 genitum,
820 2401 856 2427 ita
873 2404 902 2427 ut
926 2399 1007 2428 Pater

221 2447 330 2481 quidem
349 2450 376 2474 et
393 2446 478 2474 Filius
504 2446 621 2473 diversis
651 2446 809 2474 nominibus
835 2445 1004 2480 efferantur;

222 2493 269 2520 sed
288 2501 370 2520 unum
385 2497 475 2519 tamen
492 2492 547 2519 sint
560 2492 680 2519 essentia
700 2496 726 2519 et
741 2492 880 2527 hypostasi
893 2512 900 2524 ,
927 2492 1006 2528 οὐσίᾳ

221 2539 250 2565 δὲ
267 2540 313 2565 καὶ
332 2539 477 2566 ὑποστάσει
506 2539 534 2565 ἓν
564 2538 644 2570 ὅντα,
671 2539 711 2565 uti
730 2538 865 2566 Sabellius
891 2538 1004 2566 docuit:

222 2584 340 2612 Verbum
358 2585 420 2612 item
446 2588 509 2612 ante
531 2585 706 2612 emissionem
731 2592 791 2612 esse
809 2584 898 2612 simile
923 2585 1006 2611 verbo

221 2635 318 2658 nostro
342 2631 447 2663 silenti,
476 2630 616 2666 ὃμοιοντῷ
630 2631 658 2657 ἐν
684 2631 748 2666 ἡμῖν
774 2630 927 2657 σιωπῶντι·
943 2638 1005 2657 cum

221 2677 356 2704 emittitur
371 2666 435 2704 vero
449 2677 482 2704 ad
501 2677 701 2712 operationem,
727 2684 787 2704 esse
810 2677 898 2704 simile
922 2677 1005 2704 verbo

222 2725 328 2751 nostro.
346 2729 407 2748 eum
423 2723 570 2758 loquimur.
594 2722 661 2749 lllud
686 2723 723 2757 (p.
744 2722 772 2756 6)
787 2729 867 2756 porro
885 2721 1005 2749 Verbum

221 2774 284 2794 cum
300 2775 408 2795 carnem
431 2769 590 2804 assumpsit,
617 2772 682 2796 tunc
701 2767 799 2795 Filium
827 2767 872 2795 Dei
902 2767 1005 2795 factum

1059 2261 1148 2288 tensio
1161 2265 1187 2287 et
1208 2259 1333 2287 dilatatio
1364 2259 1431 2292 Dei,
1458 2260 1498 2288 sic
1525 2265 1552 2288 et
1580 2261 1701 2296 Spiritus
1735 2271 1850 2292 sanctus

1060 2307 1175 2334 ulterior
1188 2307 1312 2333 extensio
1335 2310 1362 2333 et
1385 2306 1509 2334 dilatatio
1523 2311 1584 2339 est,
1611 2309 1788 2345 παρέκταςις
1804 2313 1850 2346 τῆς

1059 2353 1213 2386 ὲκτάσεως;
1231 2354 1277 2388 qui
1296 2353 1397 2388 pariter
1417 2360 1430 2379 a
1450 2353 1503 2380 Deo
1517 2354 1652 2382 emittitur
1668 2360 1694 2383 et
1712 2357 1746 2383 ad
1766 2357 1849 2386 Deum

1059 2400 1205 2427 revertitur
1229 2405 1259 2426 ut
1273 2397 1390 2426 Verbum
1406 2419 1412 2430 ,
1434 2407 1559 2434 unusque
1582 2405 1626 2427 est
1649 2409 1713 2428 cum
1741 2402 1799 2430 Deo
1825 2409 1850 2431 et

1059 2442 1148 2472 Verbo
1163 2445 1222 2472 sine
1237 2445 1290 2471 ulla
1307 2443 1492 2471 distinctione.
1513 2442 1576 2471 Haec
1601 2444 1724 2473 Marcelli
1738 2453 1851 2474 Senten-

1058 2491 1096 2518 tia
1109 2495 1162 2523 est,
1179 2490 1328 2519 secundum
1346 2490 1456 2517 Eusebii
1473 2490 1684 2525 explicationem
1698 2511 1707 2523 ,
1728 2493 1787 2524 cui,
1804 2494 1849 2520 sed

1059 2546 1112 2565 non
1130 2537 1166 2564 ita
1182 2538 1264 2570 clare,
1284 2537 1467 2572 astipulantur
1480 2535 1595 2565 Basilius
1606 2541 1633 2564 et
1646 2537 1848 2568 Theodorctus.

1060 2583 1087 2611 Si
1105 2592 1187 2619 porro
1202 2584 1264 2610 talis
1278 2584 1337 2617 eius
1352 2582 1476 2610 doctrina
1506 2582 1605 2616 fuerit,
1633 2584 1662 2611 in
1687 2587 1766 2613 nullo
1790 2595 1850 2615 vere

1059 2630 1167 2658 dillcrat
1180 2638 1193 2657 a
1209 2629 1328 2657 Sabellio
1339 2633 1364 2656 et
1376 2629 1606 2663 Patripassianis:
1624 2631 1734 2658 nullam
1751 2634 1849 2668 quippe

1058 2674 1261 2702 distinctionem
1290 2681 1468 2709 personarum
1499 2672 1637 2706 admittit,
1662 2680 1691 2702 et
1706 2676 1783 2703 illam
1804 2686 1848 2705 ex-

1059 2721 1210 2748 tensionem
1226 2725 1253 2747 et
1267 2720 1424 2748 ulteriorem
1447 2718 1649 2754 dilatationem,
1666 2724 1776 2750 nullam
1790 2732 1849 2758 pro.

1058 2767 1145 2802 priam
1161 2765 1275 2803 ὕπαρξιν
1289 2771 1315 2795 et
1330 2767 1494 2800 ὑπόστασιν,
1513 2767 1706 2796 exsistentiam
1722 2773 1750 2797 et
1767 2770 1850 2806 hypo-

285 2843 402 2882 Paajpas
415 2845 541 2882 intellige
557 2845 685 2875 editionis
701 2837 866 2875 Parisieitsis
879 2852 995 2882 quarum
1016 2844 1115 2874 seriem
1136 2846 1222 2874 textui
1234 2845 1390 2876 Eusebiano
1407 2846 1579 2877 inserendam
1596 2849 1774 2878 curavimus.
1786 2848 1849 2877 Vide

223 2883 290 2907 tom.
303 2877 387 2905 XXIV
415 2879 495 2907 Eutr.
