1905 3072
61 128 138 156 1285
160 131 163 134 ’

698 128 875 159 MARCELLI
895 128 1081 157 ANCYRANL

1625 134 1635 162 ί
1640 135 1693 163 286

63 187 157 214 atasin
169 206 176 219 ,
196 185 297 214 habere
315 187 405 215 docet.
425 187 538 222 Verum,
555 190 578 218 si
602 187 723 218 Marcelli
741 190 800 218 loca
825 189 860 216 ab
873 191 896 220 Α
910 193 966 217 tres
992 189 1161 217 substantias
1177 193 1318 224 separatas
1334 193 1361 217 et
1384 189 1506 226 dispares
1530 192 1692 228 intelligere,

62 232 189 260 Eusebio
203 233 285 260 allata
295 234 367 261 serio
380 235 580 270 expendanlur,
595 243 649 264 non
666 237 702 264 ita
719 235 799 264 facile
812 240 855 264 est

63 279 94 306 in
109 279 268 307 Marcellum
285 281 448 309 sententiam
462 281 565 316 dicere,
577 287 608 310 ut
630 291 693 311 mox
714 291 856 313 common-

61 323 213 351 strabitur.

371 382 486 410 CAPUT
508 382 553 412 lll.

63 448 101 468 AR
116 448 256 468 IARCELLO
271 449 415 468 ASCRIPTUS
430 449 517 468 ERROR
536 450 562 469 IN
579 449 640 470 EJUS
655 449 761 470 CONTRA
775 450 854 470 ᾹΒΤΕ-

210 484 274 504 BIUH
289 485 368 504 [ΑΒἎο
383 485 549 504 DEPREHENDI
567 485 712 506 POTUERIT.

64 534 90 562 Ι.
113 534 234 561 Asterius
259 541 306 568 pro
329 533 437 561 Arionis
465 534 575 565 scribit,
602 539 695 561 contra
721 534 852 562 Asterium

100 568 264 602 Marcellus,
286 578 360 605 quem
385 570 483 604 refutat
501 569 641 597 Eusebius.
668 570 699 597 ll.
724 572 763 596 An
779 570 854 596 Illur-

99 605 183 632 cellus
211 606 282 631 dicat
308 605 416 632 Patrem
437 610 461 632 et
483 605 595 632 Verbum
618 605 683 632 solis
706 605 854 632 nominibus

100 640 240 674 distingui.
256 640 297 668 ill.
318 640 359 667 Au
381 640 477 667 dixerit
497 640 608 667 Verbum
621 641 768 675 ἀγέννητον
785 649 851 672 esse.

99 680 126 702 et
143 674 244 702 Filium
262 684 311 702 non
325 677 406 708 fuisse
422 680 482 703 ante
496 675 622 703 Mariam.
644 676 686 703 iV.
709 675 764 703 Cur
783 676 854 702 dicat

104 710 219 738 Verbum
235 716 292 745 post
307 711 513 738 incarnationem
527 717 628 738 tantum
644 720 700 738 esse
714 712 854 745 imaginem

98 745 167 777 Dei,
185 751 210 773 et
224 740 426 781 primogenitum
442 747 527 773 omnis
551 751 689 773 creaturm.
716 747 746 774 V.
766 740 799 772 Ϊιι
822 747 856 773 Ιί-

99 780 148 808 bro
161 781 287 808 Marcelli
301 782 368 809 nillil
381 787 470 816 aperte
483 790 621 809 erroneum
638 782 721 816 fuisse
740 781 853 811 videtur.

56 836 85 863 Ι.
93 838 209 863 Asterius
217 845 262 870 pro
270 838 365 863 Arianis
376 839 469 866 scribit,
482 842 565 864 contra
580 839 702 864 Asterium
714 839 854 869 Marcellus,

303 875 377 901 quem
388 871 478 895 refutat
489 870 619 895 Eusebius.

96 916 277 946 Asteriusille
290 919 413 953 sophista
428 919 587 950 circulator,
602 918 658 953 qui.
677 922 706 945 ιιι
721 918 758 946 ait
771 918 852 945 Atha-

60 963 170 996 nasius,
184 971 325 1000 grassante
337 965 364 992 in
379 965 552 993 Christianos
574 965 733 997 Maximino,
747 964 850 992 Christi

58 1009 171 1044 ejurata
195 1010 261 1045 ﬁde,
286 1011 368 1039 idolis
399 1011 604 1044 immolaverat,
632 1012 754 1039 nascenti
771 1011 850 1038 Aria-

58 1057 156 1084 nismo
181 1065 280 1085 nomen
306 1058 400 1090 dedit,
429 1058 586 1094 librumque
611 1058 767 1093 evulgavit,
794 1066 850 1093 quo

57 1102 226 1130 catholicam
266 1103 419 1130 doctrinam
459 1103 624 1138 impeteret,
666 1103 850 1138 Arianamque

57 1149 223 1176 vindicaret.
239 1148 383 1177 Marcellus
401 1157 464 1176 vero
488 1150 599 1177 Arianis
618 1157 633 1176 a
655 1150 791 1185 principio
807 1150 849 1177 in-

57 1194 256 1227 fensissimus,
273 1194 410 1223 Asterium
439 1195 513 1223 edito
540 1196 672 1231 opusculo
698 1196 847 1228 reiutavit,

56 1241 283 1277 Arianorumque
312 1242 450 1277 principes
482 1241 629 1270 Eusebium
658 1242 849 1270 Nicomedien-

57 1294 133 1318 sem,
146 1286 291 1314 Eusebium
309 1286 515 1319 Caesariensem,
532 1287 676 1314 Paulinum
692 1287 767 1322 Tyri,
779 1287 848 1314 Nar—

56 1330 166 1358 cissqu
190 1330 350 1359 Neroniadis
366 1336 394 1359 et
408 1332 476 1359 alios
491 1333 592 1367 passim
616 1332 710 1359 eodem
727 1333 754 1359 in
776 1333 847 1360 libro

56 1376 223 1404 lacessivit:
250 1385 304 1412 qua
325 1385 355 1405 re
377 1382 518 1413 permotus
542 1377 676 1405 Eusebius
695 1378 841 1405 Caesarien-

56 1424 113 1454 sis,
127 1425 247 1459 quinque
261 1424 347 1452 libros
370 1425 456 1452 edidit
470 1434 476 1452 :
492 1425 537 1452 ubi
554 1425 716 1452 Arianorum
734 1432 845 1452 causam

56 1477 112 1505 pro
126 1471 231 1498 viribus
244 1470 402 1500 defendens.
419 1479 513 1499 eorum
530 1471 724 1506 antesignanos
741 1478 757 1498 a
775 1471 846 1499 Mar-

56 1516 132 1544 cello
147 1517 297 1552 exagitatos
315 1517 441 1545 laudibus
456 1517 488 1544 ad
507 1517 598 1545 sidera
613 1518 701 1549 tollit,
725 1518 753 1545 in
774 1518 846 1545 Mar-

57 1563 215 1598 cellumque
230 1562 433 1591 Sabellianismi
445 1564 555 1592 nomine
572 1564 673 1591 acriter
695 1564 844 1592 invehitur.
859 1547 880 1575 θ

59 1607 120 1635 Sub
137 1610 194 1636 inec
205 1614 295 1636 autem
312 1610 345 1637 de
359 1609 477 1638 Marcelli
510 1611 646 1638 sententia
668 1610 749 1638 etiam
779 1611 849 1639 inter

57 1655 218 1684 Catholicos
247 1656 415 1691 disputatum
444 1660 505 1684 est:
524 1657 585 1684 aliis
610 1657 672 1692 jure
687 1661 847 1685 accusatum

57 1700 219 1729 Marcellum
249 1702 450 1737 pugnantibus;
478 1703 539 1730 aliis
572 1711 667 1730 sanam
698 1703 759 1738 ejus
787 1711 849 1731 esse

59 1747 143 1774 ﬁdem
171 1747 319 1775 tuentibus.
345 1748 400 1775 Nos
420 1748 511 1783 igitur,
539 1748 696 1783 ponderatis
716 1749 798 1776 rebus
821 1753 848 1776 et

56 1794 190 1828 expensis
208 1794 317 1822 Eusebii
347 1794 570 1822 accusationibus
582 1815 589 1828 ,
614 1795 680 1830 quid
699 1795 735 1822 sit
751 1795 798 1822 illa
813 1795 848 1822 de

57 1848 90 1867 re
106 1840 278 1868 sentiendum
295 1840 496 1875 indagabimus.

57 1896 90 1923 ll.
103 1896 144 1922 An
153 1896 282 1922 Marcellus
293 1898 357 1922 dicat
371 1897 468 1953 Psitsrﬁm
482 1900 509 1934 et
519 1897 628 1922 Verbum
640 1897 699 1922 solis
710 1897 848 1923 nominibus

447 1936 514 1953 naui.

406 1935 514 1959 tsuugut.

95 1975 172 2002 Hanc
187 1975 275 2010 primo
298 1975 325 2002 in
351 1975 508 2002 Marcellum
533 1975 757 2003 criminationem
769 1975 847 2003 affert

57 2021 195 2048 Eusebius
212 2020 250 2056 (p.
277 2021 316 2056 5).
335 2021 408 2056 quod
425 2021 536 2053 dixerit,
561 2020 680 2049 Verbum
697 2022 731 2048 ab
746 2027 846 2049 aeterno

58 2075 145 2095 unum
167 2075 228 2095 esse
244 2075 306 2094 cum
331 2067 412 2094 Patre
427 2068 504 2102 οὐσίᾳ
519 2067 567 2093 καὶ
582 2067 739 2098 ὑποστάσει,
753 2075 847 2095 essen-

57 2114 98 2140 tia
111 2117 139 2140 et
151 2113 291 2148 hypostasi
303 2121 309 2146 ;
327 2113 363 2140 ita
379 2117 408 2140 ut
419 2114 484 2141 solis
497 2114 654 2140 nominibus
666 2118 760 2141 mutuo
774 2113 847 2141 dill'ec

58 2164 123 2186 rant
140 2169 146 2186 :
163 2167 279 2194 esseque
305 2158 423 2186 Verbum
455 2166 584 2187 aeternum
616 2165 643 2188 et
671 2160 844 2195 ingenitum:

907 241 991 261 unam
1007 238 1113 262 tantum
1131 235 1300 270 hypostasin,
1315 235 1382 266 sive.
1403 239 1432 262 ut
1455 236 1492 263 illi
1508 237 1692 271 explicabunt,

907 281 1089 308 substantiam
1106 281 1133 308 in
1154 280 1209 308 Deo
1223 289 1284 309 esse
1307 282 1523 316 contendebant;
1550 283 1586 310 ita
1602 288 1692 312 tamen

906 331 936 353 ut
951 326 1069 358 Patrem,
1087 327 1185 354 Filium
1207 331 1234 354 et
1259 327 1389 362 Spiritum
1406 333 1542 360 sanctum,
1567 329 1650 356 alium
1665 335 1693 357 et

906 372 989 399 alium
1007 377 1033 400 et
1049 373 1132 400 alium
1146 381 1207 400 esse
1221 373 1428 407 proﬁterentur;
1446 374 1492 401 alii
1509 382 1572 401 vero
1589 375 1692 402 [οι-ιπηι-

906 417 959 444 lam
975 418 1056 445 trium
1070 419 1257 454 hypostasium
1273 419 1306 446 ad
1322 419 1404 446 trium
1423 419 1625 448 distinctionem
1641 429 1690 456 op-

906 468 1049 498 portunam
1073 465 1218 496 admisere,
1237 464 1300 491 dum
1327 472 1407 492 unam
1438 467 1540 501 pariter
1563 467 1690 494 substan-

905 509 971 536 tiam
993 510 1020 536 in
1033 509 1087 537 Deo
1102 517 1164 538 esse
1177 510 1308 538 dicerent.
1324 511 1490 539 Athanasius
1504 516 1593 540 autem
1609 513 1689 540 modo

906 562 1000 586 unam,
1027 555 1107 582 modo
1133 560 1188 583 tres
1206 555 1233 583 in
1262 555 1316 583 Deo
1337 557 1497 591 hypostases
1513 558 1596 591 dicit;
1619 563 1646 585 et
1660 559 1688 586 in

906 599 1011 634 synodo
1026 599 1210 627 Alexandrina
1225 601 1288 627 anni
1304 601 1366 633 562,
1381 602 1425 628 cui
1443 607 1556 636 praeerat
1569 603 1690 630 Athana-

905 646 974 678 sius,
995 646 1108 673 liberum
1133 655 1195 675 esse
1212 647 1341 675 deﬁnitur
1355 650 1395 676 vel
1422 657 1502 676 unam
1528 650 1688 685 bypostasin

905 692 1007 724 dicere,
1026 693 1090 720 dum
1106 693 1188 720 trium
1204 693 1344 721 distinctio
1361 701 1493 727 servetur,
1509 696 1551 724 vel
1567 701 1622 724 tres
1639 697 1688 732 hy-

905 743 1028 773 postases
1055 739 1196 774 proﬁteri,
1224 740 1289 767 dum
1319 748 1374 768 una
1401 746 1504 769 tantum
1534 743 1688 771 substantia

905 783 1022 811 dicatur.
1042 784 1101 811 Non
1121 785 1272 820 Culpandus
1295 793 1358 821 ergo
1374 786 1527 819 Marcellus.
1546 788 1618 822 quod
1633 787 1687 816 Pa-

906 832 975 856 trem
992 834 1019 857 et
1034 829 1152 857 Verbum
1168 831 1308 867 hypostasi
1322 840 1407 859 unum
1422 840 1484 860 esse
1497 833 1604 866 dixerit,
1620 834 1687 862 dum

869 868 892 898 Β
905 875 989 902 alium
1013 879 1040 903 et
1055 876 1138 903 alium
1153 884 1214 905 esse
1230 878 1371 913 professus
1393 878 1439 910 sit,
1465 887 1515 906 nec
1531 880 1687 907 distinctio-

901 927 964 947 nem
978 921 1132 949 abstulerit.
1152 923 1180 950 ld
1204 931 1269 950 vero
1282 931 1316 951 ex
1326 924 1417 951 allatis
1431 925 1464 952 ab
1484 924 1601 953 Eusebio
1614 926 1686 953 Mar-

901 965 962 992 celli
987 966 1055 993 locis
1070 967 1280 995 examinandum
1296 969 1380 996 venit.
1405 969 1449 996 Ait
1470 969 1553 1004 igitur
1571 969 1685 998 Marcel—

900 1010 943 1038 lus
966 1011 1003 1046 (p.
1030 1013 1090 1046 55),
1117 1013 1254 1041 referente
1278 1013 1417 1042 Eusebio:
1433 1015 1536 1042 Οὐκοῦν
1557 1016 1610 1052 πρὸ
1635 1017 1684 1052 μὲν

899 1058 945 1085 τοῦ
961 1060 1109 1092 κατελθεῖν,
1132 1061 1180 1087 καὶ
1195 1060 1239 1087 διὰ
1254 1060 1304 1095 τῆς
1318 1061 1455 1096 Παρθένου
1472 1061 1609 1097 τεχθῆναι,
1633 1063 1684 1089 Λό-

898 1113 947 1138 γος
966 1103 1011 1140 ἦν·
1027 1106 1116 1141 μόνον.
1139 1107 1214 1133 Ἐπεὶ
1226 1107 1253 1133 τί
1270 1106 1362 1142 ἕτερον
1381 1105 1426 1142 ἦν,
1446 1107 1498 1142 πρὸ
1512 1107 1557 1134 τοῦ
1571 1108 1621 1144 τὴν
1642 1109 1685 1135 ἀν-

899 1150 1036 1187 θρωπίνην
1051 1152 1194 1178 ἀναλαὸεἴν
1213 1153 1311 1187 σάρκα,
1326 1153 1356 1179 τὸ
1370 1153 1498 1180 κατελθὸν
1513 1155 1555 1180 ἐπ’
1572 1154 1684 1189 ἔσχατον

897 1197 952 1223 τῶν
968 1198 1088 1232 ἡμερῶν,
1102 1198 1140 1230 ὡς
1158 1199 1204 1225 καὶ
1218 1199 1297 1231 αὐτὸς
1307 1199 1437 1236 γέγραφε,
1452 1201 1497 1226 καὶ
1511 1201 1540 1227 τὸ
1556 1201 1684 1237 γεννηθὲν

897 1244 930 1269 ὲκ
946 1244 996 1279 τῆς
1012 1245 1165 1280 Παρθένου;
1182 1246 1264 1272 Οὐδὲν
1287 1246 1379 1280 ἕτερον
1394 1246 1410 1281 ἢ
1427 1246 1524 1280 Λόγος.
1548 1246 1604 1274 Hoc
1619 1253 1659 1275 est
1673 1257 1680 1275 :

898 1288 993 1325 Itaque
1017 1291 1169 1325 priusquam
1190 1291 1365 1324 descenderet,
1390 1296 1415 1319 et
1447 1300 1479 1319 ea;
1507 1292 1610 1327 Virgine
1634 1301 1684 1320 na—

897 1340 1021 1366 sceretur,
1044 1335 1153 1362 Verbum
1177 1340 1234 1362 erat
1249 1335 1424 1363 solummodo.
1443 1335 1515 1362 Nam
1530 1337 1592 1371 quid
1608 1336 1683 1364 aliud

895 1385 965 1412 erat,
990 1381 1145 1416 priusquam
1174 1382 1316 1408 humanam
1342 1390 1446 1409 carnem
1475 1386 1634 1414 assumeret,
1655 1382 1683 1410 id

896 1426 964 1461 quod
978 1427 1004 1453 in
1021 1427 1168 1454 novissimis
1196 1427 1287 1454 diebus
1304 1427 1436 1455 descendit
1451 1428 1682 1463 (quemadmodum

896 1471 951 1506 ipse
975 1472 1088 1504 scribit),
1104 1477 1129 1499 et
1148 1473 1217 1507 quod
1232 1475 1263 1500 de
1293 1473 1397 1508 Virgine
1421 1479 1512 1500 uatum
1526 1479 1564 1501 est
1575 1475 1588 1501 ζ’
1605 1473 1683 1501 Ni/til

897 1517 971 1544 aliud
995 1527 1074 1554 quam
1104 1518 1226 1546 Verbum.
1251 1519 1397 1548 Marcellus
1422 1527 1498 1553 sane,
1516 1521 1563 1555 qui
1587 1526 1683 1548 contra

900 1562 1046 1590 Sabellium
1063 1571 1157 1598 agens,
1178 1563 1286 1591 Patrem
1313 1569 1394 1600 negat
1419 1566 1600 1597 incarnatum,
1625 1566 1682 1593 haec

898 1609 1020 1637 scribere
1043 1617 1097 1636 non
1122 1610 1221 1644 potuit.
1237 1610 1304 1645 quin
1319 1609 1438 1637 Verbum
1455 1618 1470 1638 a
1485 1610 1564 1639 Patre
1583 1612 1681 1639 distiu-

898 1658 973 1682 ctum
990 1654 1122 1682 crederet.
1138 1654 1171 1682 Et
1191 1656 1285 1690 paucis
1299 1656 1467 1690 interpositis
1490 1657 1547 1683 haec
1562 1657 1680 1686 Marcelli

898 1700 980 1728 verba
996 1700 1163 1728 aﬁ‘eruntur:
1180 1701 1271 1728 Discat
1285 1702 1375 1736 igitur,
1396 1702 1506 1728 Verbum
1520 1702 1578 1736 Dei,
1588 1711 1639 1730 non
1651 1708 1680 1730 ut

897 1746 939 1772 illi
953 1746 1052 1778 volunt,
1071 1745 1182 1773 Verbum
1198 1747 1425 1782 καταχρηστικῶς
1439 1748 1617 1781 appellatum;
1631 1749 1677 1776 sed

897 1790 966 1826 quod
978 1799 1076 1823 revera,
1087 1791 1124 1822 ὡς
1139 1791 1255 1826 ἀληθῶς,
1265 1792 1415 1824 exsistebat,
1434 1792 1555 1820 Verbum.
1569 1793 1630 1826 libi,
1646 1795 1680 1821 il-

897 1836 955 1868 lud,
970 1845 1071 1868 revera,
1087 1836 1203 1864 Verbum
1225 1838 1364 1865 exstitisse
1386 1846 1448 1866 vere
1460 1843 1486 1866 et
1502 1847 1550 1874 per
1572 1847 1612 1872 se,
1629 1847 1680 1867 nec

897 1890 981 1910 unum
1005 1887 1032 1910 et
1057 1883 1128 1910 idem
1152 1891 1214 1911 cum
1237 1883 1317 1911 Patre
1343 1883 1438 1916 fuiSsc,
1463 1884 1584 1912 denotat.
1607 1885 1680 1913 Alibi

896 1936 961 1956 vero
981 1929 1018 1963 (p.
1036 1929 1081 1964 59)
1098 1929 1136 1955 ait
1159 1929 1303 1957 Marcellus
1318 1930 1394 1965 εΠρὸ
1413 1930 1468 1966 γὰρ
1482 1930 1532 1965 τῆς
1552 1930 1682 1966 δημιουρ-

896 1973 958 2007 γίας
973 1974 1080 2009 ἀπάσης
1096 1974 1194 2009 ἡσυχία
1219 1983 1260 2006 τις
1274 1972 1318 2010 ἦν,
1341 1975 1379 2006 ὡς
1396 1975 1479 2007 εὶκδς,
1503 1975 1532 2001 ὲν
1557 1975 1595 2010 τῷ
1621 1975 1681 2010 Θεῷ

896 2019 943 2046 τοῦ
958 2019 1044 2054 Λόγου
1059 2019 1144 2051 ὄντος.
1157 2020 1213 2047 lloc
1229 2025 1288 2048 est:
1306 2020 1373 2048 Ante
1385 2029 1486 2048 omnem
1502 2029 1589 2047 rerum
1607 2029 1682 2048 crea-

897 2066 993 2092 tionem
1018 2070 1087 2098 erat,
1104 2071 1133 2092 ut
1154 2073 1204 2100 par
1223 2071 1261 2093 est
1280 2067 1395 2099 credere,
1413 2069 1485 2103 quies
1509 2068 1536 2094 in
1556 2068 1621 2101 Deo,
1636 2076 1682 2096 ea:-

896 2112 1001 2138 sistente
1030 2111 1099 2146 apud
1125 2111 1210 2139 Deum
1239 2112 1333 2140 Verbo.
1367 2112 1420 2141 Ubi
1447 2114 1515 2141 nihil
1547 2122 1602 2141 non
1629 2114 1683 2141 Ca-

896 2156 1027 2183 tholicum
1054 2156 1265 2191 deprehendas:
1283 2166 1344 2185 nam
1368 2158 1441 2193 quod
1465 2159 1533 2186 dicit
1560 2158 1681 2186 Verbum

56 2204 146 2239 quod,
165 2207 194 2232 ut
220 2205 259 2231 ait
290 2205 345 2236 ille,
369 2205 506 2240 ipsissima
534 2209 575 2233 est
600 2204 710 2232 Sabellii
740 2206 843 2241 opinio.
861 2213 883 2242 υ
897 2210 958 2230 esse
970 2202 998 2229 in
1008 2202 1062 2230 Deo
1077 2203 1118 2230 vel
1133 2203 1204 2238 apud
1218 2203 1437 2237 Deum,Joannis
1452 2210 1503 2233 est.
1517 2205 1622 2232 Etenim
1634 2206 1680 2233 alii

57 2250 139 2284 Quod
164 2255 254 2278 autem
277 2250 357 2278 Pater
371 2255 397 2278 et
413 2250 531 2278 Verbum
553 2251 632 2287 οὐσίᾳ
656 2252 713 2279 sive
725 2252 846 2279 essentia

58 2305 148 2325 unum
163 2301 266 2330 essent,
282 2298 308 2325 id
324 2297 456 2326 Catholici
478 2306 573 2326 omnes
589 2298 715 2326 dicebant
729 2307 736 2331 ;
750 2298 846 2325 Ariani

57 2351 127 2371 vero
146 2343 268 2371 diversas
291 2344 319 2371 in
335 2343 416 2372 Patre
433 2349 461 2372 et
477 2343 565 2372 Verbo
584 2349 611 2372 et
627 2348 767 2379 separatas
786 2345 846 2372 dis-

57 2396 196 2424 paresque
221 2390 357 2417 essentias
376 2396 437 2416 esse
453 2389 655 2416 contendebant
685 2398 692 2416 :
713 2389 847 2424 idipsum-

57 2441 114 2468 que
128 2438 228 2470 pugnat
245 2434 379 2462 Eusebius
393 2439 422 2461 ut
435 2435 461 2462 in
476 2435 703 2469 przeliminaribus
721 2435 754 2462 ad
768 2442 847 2462 eom-

58 2481 195 2508 mentaria
208 2481 236 2507 in
253 2480 375 2508 Psalmos
397 2481 601 2515 comprobatum
617 2485 669 2508 est.
696 2480 733 2509 De
757 2481 847 2516 hypo-

59 2526 141 2558 stasi,
163 2527 321 2559 ὑποστάσει,
349 2534 414 2554 vero
437 2529 552 2561 quaestio
577 2528 749 2555 erat'etiam
773 2529 844 2554 inter

58 2572 237 2600 Catholicos.
254 2581 370 2608 quorum
390 2573 436 2600 alii
460 2579 515 2601 tres
533 2574 693 2609 hypostases
708 2574 735 2601 in
751 2573 844 2601 Trini-

11 2652 14 2654 _
60 2624 119 2646 tate
139 2619 345 2654 proﬁtebantur,
361 2619 407 2647 alii
425 2626 517 2652 unam,
540 2627 595 2647 non
616 2628 654 2653 re,
671 2620 719 2648 sed
733 2621 844 2647 nomine

59 2671 167 2694 tantum
190 2666 260 2694 inter
274 2675 303 2694 se
319 2667 516 2701 discrepantes.
537 2665 605 2693 Nam
619 2674 682 2694 cum
699 2666 793 2693 Ariani
812 2666 847 2693 ab

59 2719 159 2741 exortu
175 2713 311 2741 haereseos
332 2717 389 2740 tres
408 2713 569 2748 hypostases
587 2713 614 2739 in
632 2713 764 2740 Trinilate
780 2720 845 2747 pro-

60 2758 129 2786 fessi
150 2763 254 2791 essent,
276 2767 309 2786 ac
334 2759 491 2790 ὑπόστασις,
508 2763 576 2786 teste
598 2758 759 2790 Athanasio,
781 2759 848 2786 sub-

61 2806 193 2833 stantiam
208 2812 241 2832 ex
258 2813 287 2833 se
306 2805 457 2841 signiﬁcet;
472 2805 550 2832 multi
569 2803 773 2832 Catholicorum
789 2811 844 2831 non

59 2852 148 2881 nescii
178 2851 305 2882 Arianos,
324 2851 387 2879 dum
413 2854 469 2879 tres
494 2851 654 2885 bvoostasos
677 2849 844 2884 proterrent,
866 2886 882 2894 ﬂ

897 2257 931 2278 ex
953 2248 1003 2276 SS.
1018 2249 1155 2281 Patribus,
1179 2249 1205 2276 in
1220 2250 1320 2285 quibus
1333 2248 1500 2278 Athanasius
1521 2251 1633 2286 passim,
1654 2254 1682 2278 et

896 2297 1076 2332 Augustinus,
1091 2296 1209 2331 idipsum
1223 2304 1295 2329 esse,
1313 2296 1380 2332 πρὸς
1395 2296 1442 2322 τὸν
1454 2296 1520 2323 Θεὸν
1534 2296 1581 2322 καὶ
1600 2297 1629 2322 ὲν
1641 2295 1682 2332 τῷ

897 2342 967 2377 Θεῷ,
981 2341 1050 2376 apud
1066 2341 1150 2369 Deum
1166 2346 1190 2368 et
1205 2342 1231 2368 in
1249 2341 1304 2368 Deo
1319 2349 1380 2368 esse
1394 2341 1539 2374 dicebant;
1555 2341 1601 2368 alii
1616 2349 1681 2368 vero

897 2395 923 2418 et
935 2390 1046 2425 quidem
1064 2397 1163 2424 magno
1176 2396 1299 2420 numero,
1317 2389 1383 2416 illud
1401 2389 1430 2414 ὲν
1441 2388 1479 2424 τῷ
1489 2388 1558 2423 Θεῷ,
1573 2389 1635 2423 quia
1653 2389 1681 2415 in

897 2436 1043 2471 Evangelia
1053 2436 1088 2463 ita
1096 2443 1150 2462 non
1163 2436 1271 2470 legitur,
1284 2437 1440 2469 suspectum
1449 2434 1586 2461 habebant
1597 2443 1603 2461 :
1618 2441 1680 2460 nam

897 2483 969 2519 quod
981 2482 1113 2514 Pauliani,
1125 2481 1282 2514 Sabelliani,
1301 2480 1478 2512 Marcelliani,
1488 2483 1515 2507 et
1525 2479 1680 2506 Photiniani

897 2529 1021 2564 forteque
1031 2529 1087 2561 alii,
1106 2528 1195 2556 omnis
1206 2528 1275 2554 inter
1285 2526 1394 2553 Patrem
1407 2530 1434 2553 et
1448 2525 1545 2552 Filium
1557 2525 1682 2553 tollenda:

897 2576 1083 2604 distinctionis
1097 2583 1193 2607 causa,
1208 2575 1258 2602 hac
1271 2573 1399 2609 loquendi
1416 2573 1522 2599 ratione
1537 2573 1683 2599 abuteren-

897 2625 953 2653 tur,
978 2621 1045 2648 illud
1070 2623 1100 2648 ὲν
1122 2622 1161 2658 τῷ
1184 2620 1436 2657 Θεῷ,ι“υ]ἰοὶεὺ³ηι.
1461 2618 1540 2651 Quod
1565 2626 1630 2646 vero
1645 2619 1682 2644 ait

897 2666 1051 2700 Marcellus,
1072 2672 1134 2696 ante
1146 2669 1312 2696 creationem
1329 2667 1415 2693 fuisse
1437 2665 1555 2700 quietem
1573 2664 1600 2691 in
1617 2663 1682 2695 Deo.

897 2714 955 2741 sive
974 2713 1121 2746 silentium,
1137 2718 1167 2740 ut
1181 2714 1250 2742 alias
1271 2713 1412 2748 loquitur;
1435 2711 1460 2738 id
1485 2717 1578 2737 sanam
1603 2708 1682 2736 ﬁdem

897 2759 965 2786 nihil
979 2759 1060 2786 lmdit.
1076 2758 1153 2786 Licet
1170 2760 1241 2787 enim
1256 2759 1283 2786 in
1299 2758 1355 2786 Deo
1372 2757 1446 2785 nulla
1463 2754 1626 2783 conditionis
1641 2754 1683 2782 vel

897 2809 986 2833 status
1012 2805 1126 2833 mutatio
1144 2813 1207 2833 vere
1231 2805 1358 2837 exsistat,
1382 2808 1409 2831 et
1429 2801 1550 2831 Verbum
1572 2799 1683 2836 perinde

897 2856 972 2881 ante.
996 2858 1078 2881 uuam
1102 2854 1164 2880 post
1187 2850 1354 2879 creationem
1369 2853 1396 2879 et
1416 2848 1632 2878 incarnationem
1655 2847 1682 2873 in
