1905 3072
218 103 287 130 19.87

839 96 882 123 DE
901 93 980 123 VITA
997 91 1040 123 ΕΤ
1057 91 1211 121 SCRIPTIS

1772 85 1847 112 £9.88

219 161 274 188 Deo
292 159 372 187 Patre
389 158 521 186 manserit
535 161 699 189 etmaneat;
722 155 841 183 humano
852 158 942 181 tamen
959 152 997 179 lo-
1012 153 1035 180 Α
1048 156 1075 180 et
1088 151 1284 182 extensionem,
1300 157 1382 184 quam
1397 148 1547 178 secundum
1570 145 1691 174 Marcelli
1722 149 1847 171 senten-

219 206 318 242 qucudi
332 212 416 237 more,
439 202 625 234 dcscendisse,
639 202 750 234 exiisse,
761 207 903 235 egressum
925 206 998 231 esse,

221 250 373 286 pariterque
383 249 524 284 quiescere
535 251 562 275 et
573 247 652 274 silere
664 247 774 273 dicitur.
782 244 866 272 Paulo
878 247 937 279 post
949 251 998 271 au-

220 300 272 323 tem
292 298 329 329 (p.
346 294 390 328 40)
409 295 466 321 ιιωο
488 293 607 320 Marcelli
628 292 712 319 verba
727 291 900 318 vehementer
912 288 1000 323 carpit

220 343 374 370 Eusebius:
393 340 496 370 Sciebat
507 345 595 368 autem
615 339 681 366 illud
700 338 851 368 conducere,
869 341 898 363 ut
911 335 1000 363 crede-

220 395 276 417 rent
307 397 388 416 unum
421 388 502 414 Deum
525 395 592 414 esse.
610 385 675 413 Ideo
700 384 738 412 sic
761 392 820 411 eum
833 383 1000 417 alloquitur:

223 446 232 463 ε
264 436 319 471 Ego
345 443 404 462 sum
432 434 477 469 qui
507 441 567 461 sum
587 433 615 465 ¹;
646 441 655 457 i
690 435 719 458 ut
741 435 817 457 extra
847 438 876 456 se
898 429 1000 456 nullum

221 482 303 510 alium
334 489 390 508 esse
419 480 504 507 Deum
541 478 655 506 doceret.
687 476 808 504 Proclive
833 480 872 503 est
901 479 1000 506 autem,

221 534 250 556 ut
273 528 399 558 arbitror,
425 526 516 560 cuique
538 523 671 559 prudenti,
691 522 719 549 id
743 522 775 549 ab
798 521 912 548 humano
936 529 1002 556 quo-

221 576 294 606 dam,
319 575 413 608 exiguo
433 576 457 600 et
478 571 572 598 humili
599 569 716 603 exemplo
743 567 907 603 intelligere:
923 573 1003 601 neque

223 621 291 648 enim
315 623 398 654 potest
422 618 559 652 quisquam
584 615 689 643 uerbum
705 613 818 640 hominis
838 612 954 647 potentia
977 615 1002 638 et

225 666 373 694 substantia
389 672 519 695 separare.
540 662 625 689 Unum
639 666 679 688 est
692 661 762 688 enim
776 664 853 694 atque
864 658 933 686 idem
944 666 1002 684 cum

225 713 327 739 homine
343 711 475 738 Verbum:
491 717 550 744 quze
568 708 591 736 si
606 707 721 736 seorsim
742 706 776 734 ab
791 705 851 733 aliis
867 704 1003 739 accipian-

226 762 280 790 tur,
295 766 310 784 a
329 763 403 785 recta
424 763 490 783 sane
512 754 564 782 lide
585 754 752 781 desciscunt.
774 751 872 779 Verum
889 759 922 778 ex
944 750 1005 777 aliis

227 802 346 831 Marcelli
369 801 437 829 locis
461 801 549 836 palam
576 799 684 827 videtur
711 806 773 826 eum
802 797 1005 832 comparatione

227 848 345 876 hominis
365 851 392 874 ct
416 847 489 874 verbi
512 846 554 873 sui
571 846 627 877 uti;
652 850 681 872 ut
704 844 862 879 comprobet
887 843 1006 870 Verbum

229 902 309 922 unam
330 898 357 922 et
371 893 504 925 eamdem,
520 900 600 928 quam
618 892 697 919 Pater
712 891 803 922 habet,
825 890 1007 918 substantiam

227 939 329 967 habere
343 949 348 966 :
363 946 424 966 nam
442 938 522 973 paulo
539 937 652 964 inferius
668 937 725 964 haec
742 935 860 963 Marcelli
873 935 954 962 verba
970 934 1008 961 le-

227 990 349 1021 guntur:
368 984 415 1016 Τίς
440 984 494 1019 γὰρ
507 982 592 1014 οὕτως
618 983 634 1018 ἢ
658 983 713 1010 τῶν
738 982 821 1016 ἁγίων
843 981 965 1015 ἀγγέλων
990 980 1006 1016 ἢ

227 1031 281 1058 τῶν
297 1030 401 1066 ἀνδρῶν
415 1030 527 1056 δικαίων
542 1029 697 1063 ἀξιόπιστος
708 1026 752 1064 ἦν,
766 1028 814 1063 τὴν
834 1029 866 1054 ὲκ
879 1026 925 1054 τοῦ
940 1026 1007 1052 Θεοῦ

228 1074 373 1111 προσώπου
395 1074 548 1109 ὁρισθεῖσαν
564 1073 638 1108 αὐτῷ
655 1073 787 1108 τιμωρίαν
802 1071 897 1098 λῦσαι·
920 1071 944 1097 εἰ
971 1070 1009 1105 μὴ

229 1121 310 1152 αὐτὸς
326 1121 340 1147 ὁ
359 1120 444 1153 Λόγος
465 1120 479 1146 ὁ
501 1118 652 1154 συμπαρὼν
674 1119 721 1146 καὶ
737 1119 927 1154 ωμπλάττων.
942 1118 1010 1153 πρὸς

228 1166 257 1193 ὃν
270 1167 285 1193 ὁ
300 1165 403 1200 Πατὴρ,
421 1163 594 1199 Ποιήσωμεν
614 1164 779 1198 ἄνθρωπον,
796 1163 859 1198 ἔφη.
872 1164 921 1189 οὐκ
935 1163 1010 1194 ὄντος

230 1212 323 1247 ἑτέρου
348 1210 413 1237 Θεοῦ
430 1209 476 1236 τοῦ
494 1209 676 1245 συμπλάττειν
699 1209 773 1244 αὑτῷ
794 1209 960 1244 δυναμένου;
982 1208 1010 1235 ld

229 1261 271 1284 est
288 1265 295 1283 :
313 1255 380 1288 Quis
403 1257 471 1281 enim
495 1259 569 1281 tanta
581 1254 712 1288 dignitate
729 1255 789 1288 fuit,
805 1253 844 1280 vel
858 1258 1010 1280 sanctorum

230 1301 395 1337 angelorum,
410 1300 449 1327 vel
460 1300 594 1334 justorum
610 1300 735 1328 virorum,
746 1299 791 1334 qui
803 1299 963 1326 destinatum
979 1304 1011 1324 ea:

229 1355 341 1382 persona
355 1345 401 1373 Dei
415 1345 512 1372 homini
525 1345 679 1379 supplicium
694 1345 813 1376 solveret,
830 1345 881 1370 nisi
900 1342 1011 1370 Verbum

230 1394 328 1424 solum,
340 1392 408 1427 quod
424 1400 476 1418 una
491 1391 543 1418 Deo
560 1390 663 1423 aderat,
679 1395 705 1417 et
718 1399 771 1417 una
793 1399 851 1418 cum
866 1390 913 1417 illo
932 1390 1011 1424 effor-

231 1438 320 1465 maltat
335 1437 485 1465 hominem:
501 1436 535 1463 ad
551 1445 626 1472 quem
649 1436 730 1463 Pater
746 1435 867 1463 dicebat:
885 1444 894 1460 ι
914 1434 1013 1462 Facia-

1051 199 1115 226 tiam
1130 198 1248 226 Verbum
1266 197 1350 225 fuisse
1371 200 1484 223 narrant
1500 193 1617 221 Basilius
1631 196 1659 219 et
1675 189 1848 218 Theodore-

1049 249 1105 278 tus,
1131 253 1165 274 ne
1186 244 1269 272 semel
1289 243 1398 278 quidem
1427 246 1559 269 memorat
1582 239 1724 267 Eusebius
1749 236 1847 264 Casa-

1049 291 1149 319 riensis
1163 300 1170 318 :
1185 291 1257 318 unde
1278 290 1367 325 palam
1390 289 1426 316 sit
1450 289 1478 315 in
1503 287 1572 314 libro
1594 284 1718 312 Marcelli
1748 286 1848 310 contra

1050 337 1183 365 Asterium
1199 336 1264 364 nihil
1276 335 1432 371 huiusmodi
1444 333 1641 369 deprehensum
1654 338 1733 359 esse.

1048 395 1093 420 Ill.
1105 395 1143 420 An
1153 393 1245 420 dixerit
1253 393 1360 419 Verbum
1375 399 1469 421 ἀνίκητον
1480 398 1546 421 esse,
1558 393 1586 415 et
1595 388 1688 416 Filium
1698 395 1754 413 non
1767 387 1847 412 fuisse

1353 428 1411 449 ante
1421 422 1526 448 Mariam.

1085 479 1125 506 Ad
1135 478 1192 506 haec
1200 477 1326 505 Marcello
1337 476 1444 504 crimini
1456 476 1501 503 dat
1512 474 1658 504 Eusebius.
1673 471 1755 508 quod
1769 470 1846 498 dixe—

1051 526 1097 558 rit,
1114 523 1232 552 Verbum
1253 523 1401 558 ingenitum
1417 529 1478 550 esse
1494 528 1526 549 ac
1546 524 1612 548 tunc
1625 519 1718 547 solum
1745 516 1846 544 Filium

1051 571 1099 599 Dei
1117 570 1217 598 factum
1232 569 1325 600 fuisse,
1341 576 1402 596 cum
1412 575 1520 595 carnem
1530 565 1727 600 assumpsitex
1746 563 1846 590 Maria.

1052 617 1152 645 Verum
1164 623 1216 643 non
1230 619 1273 643 sat
1288 614 1338 642 sibi
1354 619 1479 642 constare
1491 613 1599 640 videtur
1609 611 1751 640 Eusebius
1763 619 1770 636 ε
1785 617 1847 636 nam

1053 662 1080 690 in
1095 661 1231 697 excerptis
1253 660 1372 688 Marcelli
1394 668 1454 695 quae
1470 659 1557 692 atl'ert,
1572 666 1673 686 nomen
1701 656 1803 684 Patris
1823 660 1847 681 et

1053 707 1126 740 F'dii,
1155 707 1245 734 Patris
1274 707 1337 734 item
1360 711 1387 734 et
1413 705 1514 737 Verbi,
1539 705 1621 732 etiam
1639 711 1691 738 pro
1720 707 1847 736 tempore

1055 754 1219 781 creationem
1241 751 1416 780 antecedente
1430 751 1531 786 passim
1546 753 1713 784 usurpatum
1730 747 1845 779 videas;

1057 799 1109 827 sub
1124 798 1230 826 initium
1245 805 1310 833 ergo
1325 797 1372 824 lib.
1394 804 1413 830 ι,
1432 804 1460 832 p.
1478 796 1495 823 ι
1509 800 1536 823 et
1548 797 1576 827 5,
1593 796 1665 822 hanc
1680 794 1764 822 ell'ert
1778 792 1846 819 Iar-

1058 845 1118 872 celli
1131 844 1291 872 sententiam
1306 853 1312 870 :
1328 843 1412 877 Λόγον
1433 843 1512 870 αὑτὸν
1528 843 1608 878 μόνον
1624 842 1716 872 διδοὺς
1738 839 1846 875 ἡνωμέ-

1058 898 1102 917 νον
1117 888 1155 924 τῷ
1168 889 1226 924 Θεῷ
1236 898 1242 903 ·
1259 889 1306 916 καὶ
1326 889 1404 915 τοῦτο
1424 886 1494 915 εἶναι
1516 887 1599 915 ἀΐδιον
1622 887 1670 914 καὶ
1685 886 1848 921 ἀγέννητιῖθ,

1057 936 1086 962 ἓν
1098 944 1128 962 τε
1142 933 1210 962 εἶναι
1224 935 1271 962 καὶ
1285 935 1365 962 αὐτὸν
1379 935 1417 970 τῷ
1433 934 1501 970 Θεῷ,
1517 934 1630 970 ὀνόμασι
1644 933 1696 968 μὲν
1706 932 1849 968 διαφόροκ

1059 983 1163 1017 Πατρὺς
1187 983 1233 1008 καὶ
1256 981 1322 1008 Υἱοῦ
1344 981 1554 1017 χρηματίζοντα,
1570 981 1650 1016 οὐσίᾳ
1670 980 1700 1006 δὲ
1719 980 1771 1006 καὶ
1790 980 1847 1006 ὑπο

1060 1030 1151 1056 στάσει
1166 1029 1194 1055 ἓν
1210 1029 1284 1055 ὂντα.
1303 1027 1329 1055 Id
1345 1031 1402 1055 est:
1422 1027 1511 1061 Ipsum
1528 1027 1713 1054 tantummodo
1737 1025 1849 1052 Verbum

1058 1083 1114 1102 esse
1129 1075 1280 1104 concedens.
1295 1074 1347 1101 Deo
1362 1074 1464 1100 unitum
1476 1081 1485 1100 :
1495 1073 1632 1108 ipsumque
1646 1077 1784 1099 teterrith
1796 1079 1849 1098 esse

1059 1125 1083 1148 et
1106 1120 1268 1155 ingenitum;
1294 1127 1424 1154 unumque
1449 1127 1504 1146 esse
1517 1127 1574 1145 tum
1602 1118 1670 1148 Deo,
1696 1117 1849 1145 nominibus

1059 1166 1163 1201 quidem
1178 1166 1289 1192 diversis
1316 1165 1406 1192 Patria
1432 1169 1457 1192 et
1484 1164 1548 1190 Filii
1571 1169 1707 1194 vocatum,
1734 1164 1849 1190 essentia

1060 1220 1119 1240 uero
1139 1217 1163 1239 et
1182 1212 1316 1247 hyposlasi
1343 1220 1433 1238 unum.
1455 1212 1484 1238 in
1511 1211 1628 1238 Marcelli
1647 1211 1790 1245 excerptis
1817 1210 1849 1236 ab

1062 1256 1179 1285 Eusebio
1195 1257 1294 1288 allatis,
1311 1264 1418 1291 semper
1432 1257 1476 1284 ille
1496 1256 1584 1284 Patris
1595 1261 1622 1284 et
1635 1256 1721 1283 Verbi
1739 1256 1850 1283 nomine

1061 1303 1147 1330 utitur
1169 1311 1176 1329 :
1201 1301 1273 1329 unde
1301 1301 1407 1328 videtur
1437 1301 1571 1328 Eusebius
1598 1309 1631 1328 ex
1665 1301 1848 1336 consequenti

1062 1351 1166 1374 tantum
1181 1347 1251 1374 hanc
1267 1347 1380 1374 bzeresin
1395 1347 1521 1374 Marcello
1536 1346 1675 1374 allinxisse
1693 1356 1700 1373 :
1718 1347 1847 1373 nimirum

1062 1394 1103 1422 sic
1118 1394 1163 1421 ille
1179 1393 1338 1428 frequenter
1351 1393 1378 1420 in
1391 1393 1467 1421 libris
1482 1399 1575 1420 contra
1591 1393 1755 1420 Marcellum
1771 1400 1848 1427 argu-

1062 1444 1156 1468 tatur:
1177 1439 1205 1466 Si
1227 1439 1346 1467 Verbum
1369 1443 1411 1467 est
1429 1439 1523 1471 ἀΐδιον,
1547 1440 1766 1474 sempiternum,
1790 1438 1848 1465 int'o

231 1491 289 1511 mus
313 1483 443 1510 hominem
470 1484 505 1508 ad
528 1482 668 1517 imaginem
692 1487 716 1508 et
740 1480 937 1508 similitudinem
961 1488 1011 1506 no-
1026 1493 1049 1525 ο
1063 1485 1187 1520 sequimi-
1207 1492 1261 1512 non
1279 1484 1364 1511 fuisse
1381 1485 1500 1519 genitum
1517 1493 1523 1512 ε
1540 1492 1603 1511 nam
1619 1484 1694 1519 quod
1716 1484 1845 1519 gignitur,

231 1535 314 1556 atram
328 1536 337 1554 :
353 1537 362 1554 ι
376 1535 434 1554 cum
450 1536 500 1555 non
515 1532 580 1555 esset
597 1527 665 1554 alius
679 1526 929 1561 Deus,quicumillo
936 1526 1012 1560 effor-

232 1583 304 1602 mare
318 1575 425 1609 pauet?
439 1573 508 1601 llinc
518 1573 583 1600 mihi
599 1573 708 1608 planum
725 1572 842 1604 videtur,
858 1571 1013 1599 Marcellum

231 1622 436 1650 distinctionem
463 1621 532 1648 inter
546 1619 653 1647 Patrem
676 1622 703 1646 et
716 1617 836 1646 Verbum
858 1617 1012 1650 admisisse.

232 1672 314 1703 atque
332 1667 415 1694 alium
440 1670 466 1694 et
484 1666 567 1692 alium
592 1665 764 1692 existimasse
780 1673 787 1691 :
804 1670 943 1697 unumque
967 1670 1012 1690 so-

233 1712 371 1740 lummodo
387 1719 520 1747 negasse;
534 1710 659 1738 videlicet
670 1709 789 1737 Verbum
803 1709 888 1736 alium
900 1716 915 1736 a
933 1708 1014 1737 Patre

233 1759 317 1786 Deum
329 1766 401 1789 esse,
418 1757 553 1792 aliamque
567 1755 748 1784 substantiam
761 1754 897 1782 obtinere.
914 1754 1013 1782 Verum

233 1805 378 1836 Eusebius,
397 1803 454 1838 qui,
471 1803 510 1830 uti
528 1803 596 1829 alias
610 1805 851 1829 commonstratum
865 1804 917 1833 est,
932 1801 1014 1828 aliam

233 1859 249 1878 a
263 1854 376 1886 paterna
391 1850 528 1879 deitatem,
544 1848 678 1881 aliamque
693 1846 871 1874 substantiam
884 1846 912 1873 in
923 1845 1015 1874 Verbo

234 1896 387 1927 constituit,
410 1903 443 1922 ex
464 1893 642 1927 consequenti
662 1892 819 1920 Marcellum
845 1892 1015 1920 damnaverit

235 1949 348 1969 necesse
360 1944 412 1971 est,
428 1940 474 1974 qui
491 1939 633 1966 adversam
657 1937 721 1965 huic
740 1937 893 1973 opinionem
913 1946 1015 1973 propu-

235 1991 300 2022 gnat
315 1996 322 2013 :
339 1985 411 2021 quod
428 1992 491 2012 vero
507 1983 600 2018 adjicit
612 1983 768 2010 Marcellum
783 1987 888 2018 putare,
906 1982 1013 2011 Patrem

236 2037 263 2061 ct
277 2033 395 2060 Verbum
411 2039 494 2058 unum
506 2034 534 2057 ct
548 2030 616 2058 idem
634 2037 706 2062 esse,
725 2030 846 2064 solisque
860 2030 1014 2058 nominibus

236 2078 384 2113 distingui;
401 2078 426 2105 id
441 2077 484 2104 ille
501 2083 555 2103 non
575 2083 607 2102 ex
623 2075 776 2110 perspicuis
796 2075 915 2103 Marcelli
932 2075 1014 2103 dictis

236 2124 395 2160 comprobat
409 2133 415 2150 :
432 2122 479 2151 sed
504 2122 567 2157 quia
581 2122 708 2152 aestimat,
728 2121 836 2149 Patrem
851 2127 879 2149 et
894 2120 1014 2148 Verbum

236 2171 258 2199 si
274 2167 345 2198 unus
360 2174 386 2197 et
401 2168 470 2196 idem
482 2175 594 2195 numero
611 2167 681 2195 Deus
697 2167 744 2200 sit,
756 2175 839 2194 unum
856 2167 937 2194 etiam
954 2174 1015 2194 esse
1031 2159 1053 2186 ι)

236 2215 386 2244 secundum
409 2214 476 2241 alias
499 2220 593 2240 omnes
608 2213 739 2244 rationes,
764 2212 799 2238 ita
817 2216 847 2238 ut
868 2212 941 2238 nulla
958 2212 1016 2238 dis-

236 2262 333 2290 tinctio
354 2259 587 2295 deprehendatur;
614 2259 675 2286 ideo
697 2257 865 2289 Marcellum,
894 2258 940 2292 qui
962 2257 1015 2284 Pa-

236 2311 303 2334 trem
316 2311 343 2334 et
357 2305 474 2332 Verbum
487 2312 570 2331 unum
585 2303 668 2330 Deum
683 2311 818 2339 unamque
832 2303 1014 2330 substantiam

236 2361 297 2382 esse
312 2352 442 2384 defendit,
467 2351 569 2378 nullam
591 2349 702 2377 omnino
718 2349 771 2377 nisi
793 2349 932 2376 nominum
960 2349 1016 2376 dis-

236 2401 392 2428 tinctionem
409 2399 551 2427 admittere
567 2398 715 2426 contendit.
742 2396 770 2424 Si
787 2404 849 2424 vero
870 2396 1013 2425 Marcellus

236 2454 299 2474 vere
312 2446 513 2474 distinctionem
529 2445 599 2472 inter
613 2444 719 2471 Patrem
744 2449 770 2472 et
791 2444 909 2472 Verbum
927 2444 1016 2471 admi-

237 2493 311 2524 serit,
326 2492 388 2519 hinc
403 2492 519 2526 explices
542 2492 615 2519 illam
639 2491 685 2519 Dei
716 2490 804 2518 Patris
825 2491 1012 2518 dilatationem

236 2543 263 2566 et
284 2539 481 2570 extensionem,
505 2545 585 2573 quam
602 2537 756 2565 Marcellum
772 2537 898 2565 docuisse
917 2537 1014 2566 testiﬁ-

236 2588 348 2611 cantur:
361 2584 490 2618 dicasque
500 2583 523 2610 si
533 2591 594 2611 vere
605 2582 747 2610 Marcellus
758 2584 794 2610 ita
806 2583 914 2615 dixcrit,
925 2584 1013 2618 ipsum

236 2629 279 2656 his
292 2630 403 2656 vocibus
424 2629 491 2656 nihil
507 2629 579 2656 aliud
602 2629 777 2658 intellexisse,
792 2637 874 2663 quam
887 2629 1015 2657 emissio-

237 2680 298 2700 nem
319 2672 379 2701 Filii
394 2673 428 2700 ad
450 2674 614 2700 creationem
636 2673 814 2708 peragendam
832 2683 838 2700 :
857 2681 939 2708 quam
963 2674 1015 2702 SS.

237 2716 331 2745 Patres
346 2719 446 2752 passim
460 2718 626 2752 exprimunt.
647 2717 722 2744 Hanc
745 2725 810 2745 vero
825 2718 1011 2747 dilatationem

274 2796 282 2812 ¹
300 2795 385 2823 Exod.
400 2804 439 2827 Ill,
454 2797 495 2823 14.
534 2798 543 2813 ³
556 2796 622 2824 Gen.
637 2804 656 2828 ι,
671 2795 717 2822 ‘26.

1064 1530 1198 1566 posterius
1223 1534 1265 1557 est
1288 1530 1334 1556 illo
1358 1530 1405 1563 qui
1420 1530 1515 1564 gignit,
1539 1537 1655 1564 vereque
1676 1528 1783 1555 dicitur
1797 1535 1846 1554 non

1063 1576 1148 1604 fuisse
1160 1579 1306 1610 antequam
1324 1576 1488 1610 gigneretur,
1505 1580 1586 1610 atque
1607 1575 1677 1602 adeo
1692 1575 1780 1602 ἀΐδιον
1793 1575 1846 1603 sive

1063 1624 1258 1658 sempiternum
1272 1630 1334 1650 esse
1344 1623 1447 1658 nequit.
1461 1622 1528 1650 Cum
1542 1630 1607 1657 ergo
1619 1622 1768 1649 Marcellus
1779 1622 1846 1649 dicat

1064 1668 1182 1696 Verbum
1207 1675 1268 1696 esse
1293 1667 1378 1694 ἀΐδιον
1405 1668 1465 1695 sive
1491 1668 1698 1702 sempiternum,
1722 1675 1780 1694 non
1805 1675 1846 1702 ge-

1064 1714 1150 1741 nitunt
1167 1713 1252 1741 fuisse
1268 1715 1362 1741 credat
1385 1717 1502 1749 oportet.
1524 1713 1570 1740 Sic
1594 1714 1639 1741 ille
1654 1721 1718 1741 cum
1740 1714 1844 1741 Ariani:

1065 1759 1194 1794 loquitur,
1212 1767 1267 1787 non
1283 1758 1501 1787 animadvertetis
1519 1767 1572 1786 non
1590 1760 1678 1794 magis
1695 1767 1845 1795 repugnare

1064 1805 1174 1834 Patrem
1191 1806 1225 1832 ab
1238 1809 1340 1833 aeterno
1356 1805 1475 1841 gignere,
1492 1813 1572 1840 quam
1591 1806 1625 1832 ab
1641 1809 1745 1833 aeterno
1767 1813 1843 1833 esse:

1064 1859 1115 1879 nec
1137 1851 1368 1887 posterioritatem
1395 1852 1477 1878 ullam
1493 1851 1623 1886 temporis
1649 1851 1677 1878 in
1705 1851 1774 1878 Filio
1788 1851 1844 1878 inde

1065 1897 1169 1930 inferri,
1187 1897 1260 1932 quod
1274 1898 1400 1933 gignatur
1414 1907 1421 1924 :
1437 1905 1499 1924 nam
1511 1905 1571 1925 esse
1584 1902 1610 1924 et
1624 1898 1738 1932 gignere
1754 1897 1780 1924 in
1795 1897 1850 1924 Deo.

1064 1943 1143 1971 Patre
1154 1943 1234 1972 simul
1250 1947 1313 1972 sunt
1326 1948 1352 1971 et
1364 1943 1559 1978 intelliguntur,
1569 1950 1619 1969 nec
1632 1943 1707 1970 aliud
1723 1943 1785 1970 sine
1795 1943 1842 1971 alio

1065 1997 1126 2017 esse
1140 1997 1259 2024 unquam
1281 1989 1385 2024 potuit;
1405 1993 1486 2023 atque
1506 1989 1573 2016 adeo
1598 1988 1698 2015 Filium
1715 1993 1841 2016 aetemum

1065 2035 1177 2070 perinde
1199 2040 1279 2070 atque
1300 2034 1406 2061 Patrem
1428 2042 1499 2065 esse,
1516 2039 1544 2061 ut
1565 2041 1673 2068 semper
1696 2034 1789 2061 docuit
1802 2042 1841 2061 ca-

1065 2081 1164 2108 tholica
1172 2079 1303 2108 Ecclesia.
1317 2080 1393 2113 Quod
1407 2084 1496 2108 autem
1510 2084 1614 2115 spectat
1623 2080 1656 2106 ad
1666 2088 1764 2107 vocem
1775 2080 1843 2114 ἀγέν-

1066 2135 1155 2161 νητον,
1173 2134 1224 2153 non
1234 2127 1359 2161 genitum,
1375 2133 1456 2160 quam
1473 2125 1562 2152 Verbo
1576 2125 1677 2152 ascribi
1693 2133 1707 2152 a
1722 2124 1842 2152 Marcello

1069 2171 1228 2199 testiﬁcatur
1252 2171 1395 2203 Eusebius,
1419 2171 1474 2198 duo
1489 2171 1662 2206 p-xtissimum
1681 2175 1749 2198 sunt
1763 2171 1842 2198 consi-

1069 2218 1189 2245 deranda
1206 2227 1212 2245 :
1229 2218 1317 2252 primo
1331 2217 1439 2252 quidem
1463 2226 1516 2244 non
1538 2217 1633 2245 haberi
1654 2218 1731 2245 illam
1753 2218 1780 2245 in
1801 2225 1842 2245 ex-

1069 2264 1170 2299 cerplis
1194 2264 1314 2294 Marcelli
1332 2271 1392 2299 quae
1407 2263 1484 2291 atl'ert
1505 2262 1658 2296 Eusebius;
1682 2263 1797 2298 proinde
1809 2265 1842 2288 vi-

1069 2310 1127 2337 deri
1142 2318 1175 2338 ex
1196 2311 1353 2345 conjectura
1367 2315 1394 2337 et
1408 2310 1600 2345 consequentia
1618 2309 1750 2337 Marcello
1767 2311 1842 2337 ascri-

1069 2360 1142 2391 ptam
1168 2355 1263 2387 fuisse,
1282 2355 1345 2390 quia
1365 2356 1488 2382 videlicet
1513 2364 1548 2383 ex
1572 2355 1684 2382 Eusebii
1707 2356 1842 2383 ratiocinio

1070 2401 1194 2437 superius
1208 2402 1300 2434 allato,
1317 2401 1389 2436 quod
1403 2401 1486 2428 ἀΐδιον
1509 2401 1566 2429 sive
1581 2404 1716 2428 aeternum
1732 2406 1784 2431 est.
1797 2409 1842 2427 non

1069 2451 1158 2482 potest
1180 2455 1239 2475 esse
1261 2447 1392 2482 genitum.
1419 2446 1543 2474 Secundo
1566 2450 1659 2474 autem
1682 2451 1788 2474 certum
1808 2450 1842 2473 est

1058 2494 1184 2521 -Arianos
1204 2493 1232 2520 in
1248 2494 1361 2521 vocibus
1381 2494 1521 2528 ἀγένητον,
1540 2501 1590 2520 non
1607 2493 1722 2527 factum,
1735 2497 1763 2520 et
1775 2494 1841 2527 ἀγέν-

1069 2548 1157 2575 νητον,
1182 2548 1231 2566 non
1242 2541 1368 2574 genitum,
1394 2547 1501 2574 semper
1515 2540 1624 2570 lusisse,
1647 2543 1679 2566 ut
1703 2539 1841 2567 sexcenties

1069 2585 1140 2620 apud
1155 2585 1332 2612 Athanasium
1349 2585 1486 2612 observes.
1504 2583 1584 2617 Nam,
1600 2585 1665 2619 quia
1683 2584 1767 2612 Pater
1780 2585 1841 2611 solus

1069 2630 1225 2666 ἀγέννητος,
1250 2632 1307 2658 sive
1326 2639 1377 2657 non
1394 2631 1506 2666 genitu,
1522 2635 1575 2664 est,
1601 2631 1755 2659 fatentibus
1773 2631 1841 2658 etiam

1069 2676 1233 2709 Catltolicis;
1258 2677 1294 2703 illi
1316 2685 1381 2705 voce
1394 2678 1540 2717 ὰγέννητος
1557 2681 1586 2704 et
1607 2677 1744 2712 ἀγένητος
1759 2676 1843 2712 promi-

1037 2746 1048 2750 -
1070 2730 1135 2750 scue
1157 2727 1183 2750 et
1206 2722 1320 2750 subdole
1349 2726 1465 2754 utentes.
1481 2722 1579 2750 Filium
1601 2730 1656 2759 non
1676 2730 1742 2750 esse
1763 2722 1842 2757 ἀγένηο
