1920 3070
82 119 131 148 ἎΒἹ

627 124 821 153 CONVIVIUM
840 123 956 152 DECEM
976 121 1157 151 VIRGINUM.

1663 119 1716 148 158

81 182 124 211 τὸν
140 183 204 210 Υἱὺν
227 184 365 221 ἀνείληφε
392 185 442 212 τοῦ
457 183 534 217 Θεοῦ,
551 184 605 211 ἀπὸ
619 184 666 212 τοῦ
694 185 877 221 πληρώματος

946 185 1005 212 isus
1019 187 1111 219 partes
1134 182 1158 210 si
1181 189 1279 210 rursus
1293 190 1328 210 ex
1355 182 1422 218 ipsis
1435 185 1626 218 componatur,
1649 183 1718 210 nihil

82 230 129 265 τῆς
145 229 271 265 θεότητος
287 233 331 263 εἰς
350 231 398 258 τδν
416 231 473 267 βίον
489 231 656 266 ἐληλυθότος.
674 232 810 263 Κενωοεὶς
823 231 878 267 γὰρ

84 277 129 303 καὶ
153 276 201 311 τὴν
234 277 345 313 μορφὴν
370 278 418 304 τοῦ
448 277 540 304 δούλου
562 276 740 313 προσλαϐὼν,
766 278 805 308 εἰς
831 277 878 312 τὴν

85 322 180 349 ἑαυτοῦ
193 322 357 358 τελειότητα
371 323 453 350 πάλιν
466 321 644 357 ἀνεπληρώθη
663 322 709 348 καὶ
724 322 773 357 τὴν
789 321 877 354 ἀξίαν.

83 367 170 399 Αὐτὸς
183 368 239 404 γὰρ
254 369 285 395 ὲν
297 368 388 404 ἐαυτῷ
402 367 586 404 σμικρυνθεὶς,
599 367 646 394 καὶ
660 368 689 393 ἐν
704 368 759 398 τοῖς
783 366 879 394 ἑαυτοῦ

85 413 197 449 μέρεσιν
214 414 373 447 ἀναλωθεὶς,
388 416 420 441 ὲκ
436 415 486 449 τῆς
506 413 599 440 ἑαυτοῦ
627 413 806 448 σμικρότητος
833 411 879 439 καὶ

84 458 138 485 τῶν
155 459 255 486 ἑαυτοῦ
272 460 365 496 μερῶν
380 460 420 491 εἰς
449 459 498 495 τὴν
511 458 704 494 συμπλήρωσιν
727 458 806 485 πάλιν
830 458 880 493 τὴν

85 505 184 532 ἑαυτοῦ
199 506 290 532 καὶτὸ
308 506 423 541 μέγεοος
443 505 571 541 κατέστη,
583 505 708 533 οὐδέποτε
721 505 768 532 τοῦ
779 505 880 536 τέλειος

86 548 158 577 εἶναι
177 551 318 586 μειωθείς.

930 230 983 258 nisi
1000 229 1184 264 septenarium
1209 228 1298 256 reddit
1320 238 1326 255 :
1349 229 1474 265 indigens
1490 229 1606 262 unitate,
1632 234 1662 256 ιιι
1682 229 1718 256 ad

930 275 971 303 sui
985 275 1214 309 complementum
1232 273 1390 309 perveniat:
1409 283 1462 301 non
1491 275 1571 310 plane
1586 283 1619 302 ex
1643 274 1729 308 omniI

931 324 1007 354 parte
1017 319 1069 346 sibi
1083 319 1134 354 ipsi
1153 326 1319 350 consonans,
1341 324 1370 345 ut
1395 320 1531 346 senarius.
1546 309 1736 354 Quapropter}

931 366 976 392 hic
999 365 1033 392 ad
1048 364 1147 392 Filium
1159 363 1208 392 Dei
1231 364 1358 396 refertur,
1384 364 1430 399 qui
1451 372 1466 390 a
1483 364 1650 399 plenitudine
1673 364 1718 392 di-

933 411 1053 438 vinitatis
1080 411 1106 437 in
1125 411 1257 438 mundum
1276 411 1390 438 venerit.
1416 410 1579 438 Exinanitus
1599 410 1673 438 enim
1691 415 1720 438 et

933 457 1019 484 forma
1047 457 1118 484 servi
1149 460 1276 492 suscepta
1294 456 1329 489 ⁸⁸,
1363 457 1391 483 in
1421 463 1500 483 suam
1529 463 1627 484 rursus
1657 463 1720 490 per-

933 502 1076 530 fectionem
1096 510 1129 529 ac
1147 502 1306 538 dignitatem
1323 502 1481 538 plenissime
1503 502 1648 529 restitutus
1663 505 1716 530 est.

933 547 993 583 lpse
1006 548 1078 576 enim
1098 549 1127 576 in
1147 557 1176 577 se
1195 549 1255 583 ipso
1273 548 1435 582 diminutus,
1455 551 1483 576 et
1499 548 1528 575 in
1544 551 1635 583 partes
1653 555 1719 576 suas

88 597 228 624 resolutus
244 606 278 625 ex
292 606 343 626 sua
359 598 539 626 diminutione
566 597 679 633 suisque
703 597 836 632 partibus.
863 597 891 623 in
910 595 1107 631 plenitudinem
1135 603 1233 624 rursus
1259 596 1378 631 priorem
1392 603 1425 624 ac
1445 595 1658 630 magnitudinem
1677 603 1721 624 re-

87 650 202 680 paratus
215 649 258 673 est
270 655 277 673 :
297 653 435 681 nunquam
446 646 606 677 diminutus,
620 649 649 673 ut
657 645 793 682 perlectus
806 652 859 672 non
872 648 955 672 esset.

134 695 219 721 Ἀλλὰ
229 695 277 722 καὶ
290 696 307 731 ή
319 694 366 722 τοῦ
378 695 480 729 κόσμου
493 695 581 726 κτίσις
599 696 632 721 ὲκ
651 694 747 721 τούτου
761 693 884 728 φαίνεται

89 743 166 769 πᾶσα
181 741 349 777 συγκειμένη
361 741 408 767 τοῦ
425 740 543 776 ἀριθμοῦ
562 741 609 766 καὶ
629 740 679 775 τῆς
695 739 838 776 ἁρμονίας,
856 740 884 766 ὲν

90 787 121 820 ἕξ
135 788 257 823 ἡμέραις
270 788 433 822 ποιήσαντος
449 786 496 813 τοῦ
509 786 575 813 Θεοῦ
590 786 635 812 τὸν
649 786 760 821 οὐρανὸν
775 785 821 812 καὶ
834 784 883 820 τὴν
900 802 920 830 Β

89 834 154 869 γῆν,
169 834 219 861 καὶ
234 834 268 861 τά
284 835 314 860 ὲν
329 834 420 866 αὐτοῖς
430 842 437 849 ³
453 833 503 868 τῆς
520 833 664 868 ποιητικῆς
679 832 818 867 δυνάμεως
834 831 881 858 τοῦ

91 879 179 913 Λόγου
193 880 239 905 τὸν
250 879 280 912 ἓξ
293 879 501 914 ἐμπεριέχοντος
511 878 636 913 ἀριθμὸν,
653 877 714 904 καθ’
729 877 758 903 ὃν
775 877 791 912 ἡ
806 876 884 912 τριὰς

91 926 229 960 σωμάτων
242 926 301 951 ἐστὶ
315 926 453 960 ποιητική.
470 925 565 960 Μῆκος
581 924 635 959 γὰρ
656 924 704 950 καὶ
717 923 816 955 πλάτος
838 923 884 949 καὶ

93 973 175 1009 βάθος
193 973 274 1008 σῶμα
289 973 444 1009 ἐργάζεται.
463 973 493 999 '0
517 972 546 998 δὲ
567 971 597 1004 ἒξ
619 972 652 998 ὲκ
675 970 729 997 τῶν
744 969 884 1005 τριγώνων

92 1020 153 1046 ἐστὶ
174 1019 364 1054 συγκείμενος.
388 1020 444 1046 Καὶ
466 1018 530 1054 περὶ
556 1018 605 1053 μὲν
630 1017 732 1044 τούτων
754 1017 804 1044 οὐκ
827 1016 884 1043 ἐστι

93 1065 190 1101 καιρὸς
208 1066 320 1100 πρέπων
343 1066 372 1092 ὲν
389 1065 429 1100 τῷ
451 1064 564 1100 παρόντι
589 1062 732 1096 διεξελθεῖν
752 1063 785 1089 δι’
806 1062 885 1097 ἀκρι-

94 1111 181 1143 ϐείας,
201 1111 245 1138 ἵνα
262 1111 309 1147 μὴ,
323 1112 355 1138 τὸ
368 1111 549 1148 προκείμενον
559 1110 699 1143 ἐάσαντες,
708 1109 742 1136 τὰ
758 1108 884 1144 πάρεργα

95 1157 257 1193 σκοπῶμεν.

974 692 1028 720 Sed
1042 695 1070 720 et
1085 692 1181 720 mundi
1198 693 1301 720 creatio
1314 697 1341 720 et
1364 693 1506 721 harmonia
1529 700 1564 720 ex
1592 692 1644 719 hoc
1658 692 1722 719 ‘nu—

937 745 1013 765 mero
1031 742 1087 765 tota
1098 738 1215 766 conﬂata
1229 739 1348 767 videtur.
1369 738 1422 766 Sex
1437 739 1539 774 quippe
1552 738 1658 766 dierum
1673 745 1723 765 nu-

937 791 1012 811 mero
1029 783 1101 811 Deus
1117 785 1215 811 ctelum
1228 789 1254 812 et
1271 789 1372 812 terram
1387 784 1511 811 condidit
1529 787 1556 811 et
1569 791 1600 811 ea
1621 790 1681 818 quae
1692 783 1721 809 in

935 829 976 857 eis
993 833 1074 861 sunt;
1090 830 1228 857 senarium
1240 830 1269 856 in
1286 838 1315 857 se
1325 837 1468 857 numerum
1483 829 1641 857 continente
1649 835 1724 856 crea-

937 875 1016 902 tricis
1030 875 1140 902 virtutis
1162 875 1281 907 ratione,
1298 875 1325 901 in
1337 882 1392 910 qua
1413 875 1552 902 ternarius
1575 880 1722 908 corporum

937 920 1048 948 eﬂ'ector
1063 928 1097 948 ac
1112 928 1212 956 parens
1241 924 1378 948 censetur.
1394 920 1548 956 Longitudo
1565 921 1665 955 quippe
1694 923 1724 947 et

937 965 1052 993 latitudo
1079 969 1107 994 et
1141 965 1313 1001 profunditas
1343 974 1443 1001 corpus
1475 965 1604 994 elﬁciunt.
1636 965 1724 994 Porro

938 1012 1064 1039 senarius
1087 1019 1121 1039 ex
1143 1011 1259 1046 trigonis
1292 1015 1334 1039 est
1358 1011 1536 1046 compositus.
1563 1011 1603 1038 Ac
1624 1012 1657 1039 de
1680 1011 1724 1039 his

938 1057 1048 1093 quidem
1069 1057 1140 1085 haud
1166 1061 1351 1093 opportunum
1376 1058 1404 1085 in
1429 1065 1550 1092 praesens
1576 1061 1725 1092 aptumque

938 1103 1094 1131 accuratius
1122 1104 1277 1132 disserendi
1301 1108 1428 1139 tempus;
1457 1111 1490 1131 ne
1520 1103 1624 1131 omisso
1649 1103 1723 1137 quod

943 1149 981 1176 rei
998 1153 1079 1184 caput
1093 1157 1126 1176 ac
1134 1149 1284 1184 principale
1302 1152 1489 1184 argumentum
1501 1153 1553 1180 est,
1575 1147 1602 1174 in
1619 1147 1653 1175 iis
1664 1155 1726 1182 qua:

940 1195 1060 1222 secunda
1086 1199 1149 1223 sunt
1170 1203 1202 1222 ac
1225 1199 1404 1223 consectanea
1425 1194 1545 1222 studium
1559 1201 1726 1229 operamque

941 1244 1074 1270 teramus.

131 1301 199 1328 Cn.
217 1300 275 1329 XII.
290 1301 332 1328 Ad
345 1303 521 1330 imitationem
535 1302 661 1330 Ecclesiw
675 1303 703 1329 in
717 1301 858 1329 solitudine
868 1299 984 1336 degenti;
1001 1305 1026 1328 et
1037 1301 1180 1329 draconem
1195 1302 1355 1337 superantis,
1365 1305 1541 1336 provocamur
1559 1299 1681 1336 virgines.

133 1357 238 1384 Οὐκοῦν
252 1357 331 1393 δεῦρο
345 1359 384 1390 εἰς
406 1358 456 1394 τὴν
471 1359 573 1395 ἔρημον
588 1359 703 1386 ἐλθοῦσα
722 1359 824 1394 ταύτην
840 1356 887 1384 καὶ¹

98 1402 195 1436 ἄγονον
216 1403 310 1430 κακῶν
336 1405 352 1439 ἡ
376 1405 524 1441 Ἐκκλησία
549 1404 696 1441 τρέφεται,
717 1403 887 1440 πτερουμένη

976 1358 1005 1385 In
1021 1359 1091 1386 hanc
1104 1360 1185 1395 igitur
1197 1360 1330 1387 malorum
1351 1359 1471 1387 sterilem
1486 1358 1661 1387 solitudinem
1679 1364 1727 1385 ve-

942 1406 1020 1432 niens
1036 1405 1158 1433 Ecclesia
1184 1407 1316 1441 pascitur,
1333 1406 1462 1439 celsaque
1488 1405 1550 1432 eteli
1572 1403 1726 1439 petentibus

98 1451 154 1481 τοῖς
173 1450 368 1486 οὐρανοπόροις
384 1452 434 1487 τῆς
454 1453 603 1488 παρθενίας
619 1453 739 1487 πτεροῖς,
753 1451 785 1483 ἃς
799 1450 888 1478 ἀετοῦ

944 1452 1096 1487 grandescit
1117 1452 1284 1488 virginitatis
1307 1453 1368 1484 alis,
1389 1460 1458 1487 quas
1475 1450 1616 1486 Scriptura
1636 1451 1728 1476 l"ma-

97 1495 233 1530 μεγάλου
248 1497 397 1532 πτέρυγας
414 1499 429 1524 ὁ
443 1498 520 1533 λόγος
535 1499 596 1534 ἔφη,
608 1499 741 1534 νικήσασα
761 1498 806 1524 τὸν
817 1498 887 1532 ὅφιν,

944 1505 998 1532 gna:
1013 1497 1109 1532 aquila:
1125 1498 1184 1524 alas
1212 1498 1400 1532 nuncupavit:
1419 1500 1495 1532 parta
1521 1497 1578 1532 jam
1606 1495 1639 1523 de
1666 1503 1725 1524 ser-

101 1542 148 1569 καὶ
163 1542 215 1577 τῆς
231 1543 434 1580 πληροσελήνου
451 1545 501 1580 τῆς
521 1545 621 1580 ἑαυτῆς
640 1545 688 1577 τὰς
705 1544 819 1579 νεςρέλας
840 1543 890 1575 τὰς

100 1587 298 1623 δυσχειμέρους
309 1590 503 1625 ἀπεωσαμένη.
512 1590 621 1617 Τούτων
634 1590 688 1624 γὰρ
699 1589 777 1625 χάριν
789 1587 890 1624 μεταξὺ

100 1633 204 1665 πάντες
217 1633 290 1661 οὗτοι
305 1635 515 1671 παρηνέχθησαν
525 1636 609 1670 λόγοι,
624 1635 793 1666 διδάσκοντες
809 1635 889 1669 ὑμᾶς,

100 1675 124 1706 ὧ
149 1679 379 1716 καλλιπάρθενοι,
397 1681 467 1709 κατὰ
487 1682 586 1717 κράτος
607 1682 748 1717 μιμεῖσθαι
771 1681 819 1717 τὴν
841 1689 893 1716 μη-

102 1725 178 1760 τέρα,
202 1725 239 1761 μὴ
259 1726 449 1754 ὲπιθολοῦσθαι
465 1727 493 1754 δὲ
504 1729 565 1760 ταῖς
577 1727 706 1764 ἀχθηδόσι
719 1727 766 1754 καὶ
779 1728 893 1764 τροπαῖς

103 1771 149 1797 καὶ
166 1771 273 1807 ϐλίψεσι
289 1773 336 1799 τοῦ
360 1773 428 1809 βίου,
448 1774 492 1801 ἵνα
513 1774 699 1810 συνεισέλθητε
716 1773 812 1810 γαῦροι
835 1773 892 1809 μετ’

103 1818 190 1853 αὐτῆς
206 1819 248 1851 εἰς
261 1819 306 1846 τὸν
320 1821 451 1855 νυμφῶνα
462 1840 469 1852 ,
487 1821 707 1856 παραφαίνουσαι
723 1821 772 1853 τὰς
784 1821 893 1856 λαμπά-

103 1863 159 1895 δας.
173 1864 220 1900 Μὴ
234 1862 281 1891 οὖν
299 1866 506 1901 ἀποδειλιάσητε
526 1867 595 1903 πρὸς
609 1867 658 1898 τὰς
683 1867 822 1902 μεθοδείας
848 1867 895 1894 καὶ

104 1909 231 1942 διαϐολὰς
251 1911 301 1937 τοῦ
321 1911 420 1948 θηρὸς,
441 1912 508 1939 ἀλλὰ
532 1913 674 1950 καρτερῶς
696 1913 895 1941 ὲνσκευάσασθε

105 1956 174 1991 πρὸς
190 1957 242 1993 τὴν
258 1957 359 1993 μάχην,
386 1959 436 1994 τὴν
452 1959 533 1994 κόρυν
557 1959 604 1985 τοῦ
622 1959 756 1995 σωτηρίου
780 1960 827 1987 καὶ
849 1960 896 1987 τὸν

105 2001 219 2038 θώρακα
247 2005 295 2031 καὶ
319 2005 369 2037 τὰς
398 2005 531 2041 κνημῖδας
553 2004 762 2041 ἔξωπλισμέναι.
787 2005 896 2041 Μυρίαν

107 2049 160 2084 γὰρ
176 2048 252 2084 αὑτῷ
275 2050 445 2086 κατάπληξιν
469 2050 606 2086 παράξετε
623 2051 691 2086 μετὰ
708 2051 806 2078 πολλοῦ
826 2052 896 2087 λήμ-

107 2103 193 2129 ματος
210 2096 258 2121 καὶ
273 2095 406 2130 εὐψυχίας
430 2095 663 2131 προσ-ϐάλλουσαι·
686 2096 745 2123 οὐδὲ
770 2097 897 2133 στήσεται

106 2140 228 2172 πάντως,
241 2141 273 2167 ὲκ
285 2141 331 2167 τοῦ
346 2141 500 2177 κρείττονος
513 2141 646 2178 ὁρῶνςτὰς
662 2143 823 2176 ἀντιπάλους
846 2153 898 2170 πα-

108 2187 332 2222 ρατεταγμένας·
361 2187 420 2214 ἀλλ’
452 2188 566 2215 αὐτόθεν
598 2188 715 2224 ἄρασθαι
740 2188 794 2216 τῶν
826 2189 895 2216 ἑπτά

107 2233 308 2272 παλαισμάτων
320 2234 392 2269 ὑμᾶς
409 2236 580 2271 συγχωρήσει
597 2235 632 2262 τὰ
650 2236 773 2271 ἀριστεῖα
784 2237 798 2262 ὁ
815 2237 895 2264 πολυ-

108 2279 228 2313 κέφαλος
245 2279 292 2306 καὶ
306 2280 520 2316 πολυπρόσωπος
539 2280 601 2316 Θήρ.

942 1549 1020 1579 pente
1032 1544 1158 1577 victoria,
1174 1552 1206 1572 ac
1226 1552 1277 1572 suo
1296 1544 1445 1580 plenilunio
1462 1543 1630 1571 brumalibus
1646 1542 1728 1569 nubi-

943 1590 994 1617 bus
1012 1590 1174 1625 infestisque
1189 1589 1323 1625 disjectis.
1345 1589 1448 1616 llorum
1465 1589 1537 1616 enim
1550 1588 1648 1623 gratia,
1658 1595 1728 1622 quos

943 1633 1077 1661 hactenus
1095 1634 1288 1669 impendimus,
1307 1642 1402 1662 omnes
1421 1634 1448 1660 hi
1463 1641 1478 1660 a
1496 1633 1575 1661 nobis
1588 1640 1729 1661 sermones

944 1679 1041 1714 prolati
1058 1683 1122 1707 sunt
1137 1689 1143 1706 :
1162 1679 1337 1707 adhortantes
1352 1687 1411 1712 vos,
1424 1687 1440 1706 ο
1461 1679 1575 1714 egregia:
1597 1678 1728 1713 virgines,

944 1728 974 1753 ut
986 1726 1051 1753 totis
1064 1725 1168 1754 viribus
1183 1729 1299 1753 matrem
1314 1725 1470 1758 imitemini,
1486 1733 1536 1752 nec
1554 1724 1649 1752 mundi
1666 1731 1725 1751 mo-

944 1772 1031 1800 lestiis
1056 1772 1195 1807 variisque
1215 1776 1242 1799 et
1266 1771 1373 1800 alliictis
1397 1772 1459 1799 vitae
1485 1771 1606 1803 casibus,
1629 1771 1729 1798 mentis

945 1825 1072 1845 serenum
1088 1818 1219 1852 turbetis;
1239 1821 1269 1845 ut
1289 1825 1343 1845 una
1361 1825 1423 1844 cum
1440 1817 1486 1844 illa
1503 1817 1681 1848 exsultantes,
1698 1823 1730 1843 ac

946 1864 1068 1892 lucentes
1083 1863 1257 1899 praeferentes
1267 1863 1416 1899 lampades,
1427 1863 1454 1891 in
1469 1864 1618 1890 thalamum
1632 1861 1732 1897 Sponsi

946 1910 1078 1939 subeatis.
1092 1910 1131 1938 Ne
1157 1918 1223 1946 ergo
1250 1915 1361 1946 propter
1383 1910 1472 1937 varias
1497 1908 1633 1944 serpentis
1658 1911 1732 1935 artes

946 1956 1060 1991 ejusque
1075 1954 1226 1982 calumnias
1240 1954 1361 1981 animum
1378 1953 1580 1988 despondeatis,
1596 1951 1644 1980 sed
1663 1959 1734 1986 prae-

946 2006 1041 2039 parate
1056 2010 1103 2029 vos
1115 2002 1214 2029 acriter
1229 2001 1262 2028 ad
1280 2008 1408 2036 pugnam,
1426 2001 1528 2036 galeam
1545 2000 1642 2027 salutis
1653 2003 1681 2027 et
1691 1999 1733 2027 lo-

947 2049 1043 2081 ricam,
1059 2052 1116 2075 tum
1135 2055 1248 2074 crurum
1267 2047 1457 2081 remorumque
1480 2053 1555 2073 arma
1574 2045 1674 2073 bellica
1690 2045 1733 2072 in-

947 2095 1062 2123 dutae".
1084 2093 1274 2121 Incredibilem
1296 2093 1369 2121 enim
1384 2092 1422 2119 illi
1446 2096 1586 2132 stuporem
1600 2091 1732 2124 alferetis.

950 2141 1014 2169 dum
1031 2148 1129 2177 magno
1140 2141 1167 2168 in
1185 2141 1274 2176 ipsum
1290 2140 1381 2166 animo
1398 2139 1564 2174 robustaque
1578 2138 1733 2166 constantia

950 2188 1070 2216 irruetis.
1096 2187 1190 2222 Neque
1218 2186 1329 2213 omnino
1355 2185 1500 2213 sustinebit
1526 2185 1669 2220 impetum,
1686 2183 1733 2219 qui

950 2235 997 2262 Dei
1010 2234 1089 2269 jussu
1106 2233 1243 2268 ductuque
1262 2232 1411 2259 instructas
1430 2235 1511 2266 atque
1529 2231 1666 2258 accinctas
1682 2229 1732 2256 ad-

950 2288 1059 2308 versum
1075 2287 1105 2307 se
1121 2279 1269 2315 procedere
1284 2278 1357 2305 acies
1379 2278 1479 2305 videat.
1497 2276 1551 2304 Sed
1572 2277 1663 2304 statim
1680 2276 1733 2303 tol-

109 2327 168 2354 lere
186 2334 236 2353 vos
264 2325 444 2354 certaminum
473 2329 576 2361 septem
606 2325 695 2360 opima
714 2327 800 2362 spolia
816 2329 992 2364 praemiaque,
1019 2326 1162 2360 multiceps
1188 2329 1215 2352 et
1237 2323 1393 2351 multifrons
1413 2322 1500 2351 bestia
1524 2322 1618 2350 volens
1636 2322 1733 2351 nolens

108 2373 191 2401 feret.

145 2440 266 2474 Πρόσθε
276 2439 353 2467 λέων
363 2439 430 2475 (24),
445 2439 549 2466 ὄπιθεν
565 2439 599 2465 δὲ
612 2438 737 2475 δράκωις,
747 2439 849 2473 μέσση
867 2440 901 2466 δὲ

146 2511 254 2539 Aen—6r
270 2511 479 2539 ἀποπνείουσα
494 2511 587 2544 πυρὸς
598 2510 690 2544 μένος
706 2473 881 2544 digii-$4,312).

146 2546 207 2575 Kal
220 2546 276 2581 τὴν
285 2546 343 2581 μὲν
359 2546 567 2580 κατέπεφνενό
579 2545 823 2616 Βελλεροφόῖἷῖῧ-
833 2544 900 2606 g2?)-

966 2440 1067 2468 Fronte
1080 2441 1130 2473 leo,
1146 2437 1281 2474 caudaque
1290 2437 1380 2469 draco,
1396 2435 1530 2470 mediaque
1540 2434 1664 2461 chimwra

960 2500 1022 2537 ‘Ore
1036 2516 1138 2535 vomens
1153 2507 1228 2534 strvis
1243 2504 1363 2533 incendia
1379 2503 1467 2531 lurida
1477 2501 1592 2537 ﬂammis
1605 2509 1614 2528 :

969 2545 1005 2572 Et
1019 2544 1094 2571 illam
1116 2542 1220 2578 quidem
1238 2540 1412 2576 Bellerophon
1434 2538 1543 2566 sustulit
1558 2546 1567 2564 :
1585 2537 1652 2564 hanc
1675 2543 1735 2563 vero

146 2662 173 2679 ⁸⁸
189 2661 265 2689 Phil.
278 2669 310 2695 ll,
322 2661 349 2687 'l.
389 2660 412 2675 ⁵⁹
432 2658 526 2686 Ezech.
540 2666 606 2691 xvn,
628 2658 655 2686 3.
693 2658 715 2673 ⁶⁰
737 2657 832 2693 Epltes.
850 2664 888 2690 vl,
907 2657 951 2684 Π.

100 2753 118 2768 κι
148 2742 206 2779 (ραι)
219 2742 340 2777 Πρόσθε
359 2742 390 2767 .1.
408 2740 486 2768 Hom.
518 2738 601 2774 Iliad.
620 2738 651 2771 Ζ,
668 2738 730 2768 181.
754 2737 815 2765 190.
830 2737 901 2764 (Σοιιν

113 2785 204 2846 mg?)
221 2812 420 2846 Κατέπεφνεν
438 2812 454 2837 ὁ
475 2810 727 2846 Βελλεροέρόντηςἰ
745 2806 903 2846 LeonishAl-

115 2847 168 2878 latii
181 2841 352 2881 lectionem;
364 2846 452 2882 ipsam
467 2841 646 2879 laborantem,
656 2843 729 2879 quod
744 2843 804 2870 loco
817 2843 832 2869 ὁ
844 2841 905 2868 Βελ‹

955 2733 1117 2770 λεροφόντης
1127 2735 1210 2763 esset,
1218 2732 1232 2758 ό
1246 2729 1378 2767 Περσεύς,
1389 2729 1498 2765 prmﬁxa
1512 2728 1594 2768 etiam
1603 2725 1735 2768 particula

956 2770 1020 2790 Mm
1037 2769 1068 2790 ςηι
1087 2766 1247 2790 ρςηιρηάιιιη
1267 2769 1400 2790 metrum.
1418 2765 1458 2790 sic
1473 2763 1546 2790 nulla
1563 2771 1599 2790 vr.
1612 2765 1737 2790 erigente

956 2766 1069 2806 arplv'ad
1087 2766 1247 2801 explendum
1267 2766 1400 2796 metrum,
1418 2766 1458 2792 sic
1473 2766 1546 2790 nulla
1563 2766 1599 2803 vi,
1612 2766 1736 2804 exigente

957 2804 1046 2832 fabula
1059 2810 1105 2831 seu
1123 2801 1247 2832 historia.
1266 2800 1416 2828 emendavi.
1436 2798 1526 2833 Longe
1538 2805 1621 2833 enim
1634 2796 1736 2833 distan-

959 2840 1074 2868 Perseus
1089 2841 1115 2866 et
1125 2836 1311 2872 Bellerophon,
1326 2834 1479 2869 diversique
1489 2833 1598 2861 illorum
1615 2832 1733 2863 labores,
