1905 3072
68 128 81 154 Ι
87 127 140 154 9.89

701 110 871 150 MARCELLI
891 121 1075 149 ANCYRANI.

1620 121 1687 150 l290

67 193 118 212 ’τον
141 185 199 212 sive
216 192 268 211 non
284 183 396 218 factum,
413 186 495 218 alque
515 181 584 210 adeo
605 180 704 209 factum
720 187 747 208 ct
762 180 856 208 condi-
872 183 895 210 Α
909 180 954 207 ille
969 188 984 207 a
996 179 1130 207 catholica
1144 177 1268 206 doctrina
1284 176 1452 210 deflectebat,
1471 181 1500 203 ut
1513 176 1688 210 conspicuum

70 236 132 258 tum
153 231 238 259 fuisse
261 230 398 258 dicebant.
423 229 522 256 Eadem
549 235 615 255 vero
638 228 744 255 ratione
768 228 856 263 potuit

69 277 211 306 Eusebius
233 276 360 303 Marcello
377 275 411 302 dc
436 274 505 302 Filio
532 273 654 309 loquenti
669 281 762 302 vocem
776 273 857 308 ἀγέν-

70 331 166 359 νητον,
188 323 246 351 sive
270 322 451 357 non—genitum
471 319 616 355 aﬁingere;
642 320 688 355 qui
716 320 857 355 ἀγένητον,

72 371 133 398 sive
150 369 317 404 non-factum
338 368 462 396 dixisset.
485 368 518 396 Et
532 375 598 396 sane
612 367 659 402 qui
674 374 737 394 vere
751 365 858 393 Patrem

71 419 102 442 et
122 415 222 443 Filium
238 415 266 442 in
281 414 415 442 Trinitate
439 413 569 445 admittit,
585 416 615 439 ut
641 411 796 445 Marcellus,
812 419 859 447 ge-

71 462 245 489 nerationem
260 460 385 488 admittat
397 467 509 487 necesse
529 463 585 491 est;
609 465 695 493 neque
713 461 800 493 potest
817 457 859 484 di—

73 515 138 535 cere
152 506 250 534 Filium
265 514 326 534 esse
341 506 486 541 ἀγέννητον
503 507 559 534 sive
573 505 765 540 non-genitum.

74 562 116 587 IV.
129 562 179 588 Cur
197 563 261 587 dicat
276 561 383 587 Verbum
405 565 460 593 post
479 562 670 593 incarnationem
693 563 786 586 tantum
805 567 861 585 esse

137 594 270 624 imaginem
282 594 329 618 Dei
342 596 368 617 et
383 592 571 624 primogenitum
583 592 662 618 omnis
673 593 800 616 creaturae.

111 645 213 681 Adjicit
245 645 379 673 Eusebius
410 645 512 673 dixisse
538 645 711 678 Marcellum,
742 644 862 672 Verbum

75 696 144 718 tunc
157 691 245 719 solum
265 691 409 726 imaginem
425 691 472 719 Dei
489 692 634 720 invisibilis
649 697 676 720 ct
698 691 862 727 primogeni-

75 742 137 765 tum
161 738 250 766 omnis
273 743 406 766 creaturae
424 738 527 766 factum
554 738 651 771 fuisse,
669 746 732 766 cum
753 745 862 765 carnem

75 784 238 819 assumpsit.
248 783 310 811 Haec
326 791 390 811 vero
402 784 502 811 diserte
512 783 594 811 habet
604 782 747 810 Marcellus
755 782 793 818 (p.
801 782 862 816 ειυς

76 830 244 865 Consequens
268 837 324 857 esse
347 829 463 856 arbitror
484 829 574 864 paucis
591 830 622 855 de
649 829 761 863 imagine
786 828 866 854 disse-

77 884 154 908 rere;
171 864 278 910 scripsit
296 877 365 903 enim
389 874 534 912 [Asterius]
549 875 644 902 :Alius
668 879 755 902 autem
777 879 815 901 est
834 881 866 900 ex
881 864 902 891 Β

78 923 138 957 ipso
153 923 266 958 genitus,
282 923 326 957 qui
340 926 378 949 est
399 923 483 957 imago
500 921 549 948 Dei
562 920 712 948 invisibilis.
726 920 789 948 Ideo
803 921 867 947 ima-

78 969 151 1003 ginis
174 968 224 996 Dei
247 968 386 996 invisibilis
408 968 526 995 meminit
550 967 687 1000 Asterius,
712 971 741 994 ut
762 967 864 998 doceat,

79 1013 167 1040 Deum
193 1022 209 1040 a
235 1013 317 1040 Verbo
348 1018 450 1040 tantum
474 1013 598 1048 differre,
613 1017 755 1049 ,quantum
777 1012 866 1047 differt

79 1061 159 1087 homo
172 1060 204 1086 ab
216 1060 392 1095 imaginesua.
405 1059 438 1086 Et
449 1059 588 1087 nonnullis
599 1059 752 1095 interjectis
769 1058 862 1087 addit:

79 1105 181 1133 Palam
194 1106 274 1140 igitur
288 1111 337 1138 est,
354 1105 476 1139 Verbum,
487 1110 627 1140 antequam
641 1113 734 1140 corpus
748 1109 866 1133 nostrum

79 1151 277 1185 assumpsisset,
294 1158 338 1184 per
350 1159 377 1178 se
389 1159 439 1177 non
453 1151 584 1178 exstitisse
592 1151 733 1185 imaginem
748 1150 867 1178 invisibi-

79 1198 117 1224 iis
133 1196 191 1223 Dei.
207 1196 275 1229 Quia
289 1196 372 1231 igitur
385 1196 479 1224 Ariani
499 1196 550 1224 hoc
564 1195 714 1231 Scripturae
729 1197 800 1230 loco,
818 1196 867 1224 Est

79 1244 170 1278 imago
191 1242 410 1275 Dei'.invisibilis,
434 1242 467 1270 ad
488 1250 566 1270 suam
589 1242 731 1270 tutandam
751 1243 866 1270 haeresin

79 1288 279 1321 abutebantur;
304 1288 447 1317 Marcellus
461 1293 537 1317 ratus
549 1288 693 1324 imaginem
708 1289 756 1317 Dei
772 1289 868 1317 invisi-

79 1334 156 1366 bilis,
181 1335 315 1362 visibilem
339 1343 410 1368 esse,
424 1342 474 1362 nec
490 1342 547 1363 rem
567 1334 728 1363 invisibilem
744 1335 869 1371 imaginis

80 1380 218 1408 rationem
237 1381 369 1412 obtinere,
386 1381 459 1408 bunc
476 1381 564 1408 locum
587 1381 620 1408 de
646 1380 756 1409 Christo
777 1382 868 1409 incar-

80 1430 151 1453 nato
174 1430 201 1454 et
218 1426 318 1454 visibili
344 1426 460 1461 proferri
483 1430 594 1462 pugnat,
612 1430 642 1453 ut
668 1426 766 1454 Asterii
789 1434 870 1462 argu-

81 1476 178 1500 mento
194 1472 320 1500 obsistat.
336 1472 394 1500 Etsi
409 1479 473 1500 vero
490 1472 534 1499 hic
548 1471 697 1507 Scriptum
711 1472 788 1500 locus
800 1480 866 1501 con-

81 1519 230 1556 gruentius
252 1519 338 1555 possit
352 1519 386 1546 ad
409 1518 604 1554 argutationem
621 1517 785 1546 Arianorum
802 1526 868 1546 con-

81 1565 225 1593 futandam
252 1565 398 1600 explicari,
426 1572 458 1592 eo
482 1568 573 1592 tamen
590 1565 700 1592 nomine
724 1560 903 1593 Marcellus“

82 1619 142 1639 non
156 1611 258 1639 erroris
272 1611 445 1639 accusandus
467 1614 518 1642 est,
534 1611 598 1638 dum
613 1619 647 1639 ne
662 1610 868 1639 similitudinem

82 1665 149 1685 cum
172 1657 253 1685 Patre
279 1657 434 1689 sustulerit;
456 1657 528 1691 quod
552 1664 587 1684 ne
610 1657 758 1685 credideris
785 1657 872 1685 admi-

84 1695 158 1733 sisse
176 1713 183 1731 :
200 1711 280 1732 nemo
301 1703 374 1731 enim
399 1710 518 1737 unquam
537 1701 693 1730 Marcellum
710 1703 780 1730 inter
796 1703 871 1730 Ano-

84 1758 176 1778 moeos
192 1749 369 1785 computavit.
386 1749 452 1782 Quae
467 1756 532 1776 vem
548 1748 629 1776 fuerit
644 1756 675 1776 ea
699 1749 727 1776 in
746 1757 775 1776 re
791 1749 870 1784 plana

84 1801 115 1824 et
140 1796 284 1831 perspicua
312 1795 429 1822 Marcelli
454 1795 605 1828 sententia,
631 1803 665 1822 ex
692 1795 788 1830 paucis
812 1803 872 1830 quae

86 1846 236 1878 supersunt
249 1842 394 1876 excerptis,
408 1841 542 1876 cxpiscari
558 1848 612 1868 non
632 1848 778 1875 possumus
791 1850 797 1868 :
809 1849 871 1869 nam

85 1888 237 1916 verisimile
256 1892 298 1915 est
318 1887 464 1914 Eusebium
481 1886 566 1913 multa
585 1886 711 1914 consulto
725 1887 846 1914 tacuisse
864 1896 870 1914 :

86 1939 196 1962 certum
218 1935 281 1962 item
303 1932 553 1966 est,.narrantibus
569 1932 681 1968 synodis
704 1931 828 1960 Romana
846 1937 873 1961 et

87 1980 260 2012 Sardicensi,
275 1979 500 2007 loca'Eusebium
517 1978 631 2006 subdole
645 1978 834 2012 detruncasse,
847 1983 875 2007 et

88 2027 203 2054 mutilas
215 2027 365 2054 sententias
378 2025 512 2056 attulisse.
529 2029 560 2052 ut
576 2025 682 2052 facilius
701 2029 794 2060 posset
806 2025 876 2052 Mar«

89 2073 161 2102 cello
178 2072 236 2100 haec
252 2078 279 2100 et
289 2072 334 2099 illa
349 2079 399 2107 pro
414 2070 525 2099 libidine
544 2071 610 2099 vitio
624 2074 740 2099 vertere.
759 2070 875 2099 Pariter-

89 2127 146 2155 que
170 2119 197 2146 in
224 2117 450 2153 interpretatione
473 2116 539 2144 dicti
563 2116 654 2149 illius,
680 2116 876 2152 Primogenitus

88 2166 178 2193 omnis
193 2168 320 2191 creatura:
333 2164 353 2195 ³,
370 2163 437 2190 nihil
447 2162 581 2189 haereseos
589 2161 786 2196 deprehendas.
804 2161 877 2194 Quo-

907 229 958 252 est.

908 287 936 312 V.
949 287 975 312 ln
986 275 1048 312 libro
1059 287 1166 312 Marcelli
1180 287 1238 311 nihil
1252 289 1335 317 aperte
1349 292 1478 310 erroneum
1499 286 1529 309 fui
1543 292 1571 309 se
1584 285 1688 311 videtur.

946 339 982 366 Ex
999 339 1042 367 his
1058 347 1140 374 porro
1152 339 1253 374 liqueat
1269 338 1296 365 in
1310 337 1426 364 Marcelli
1443 341 1538 364 contra
1555 338 1690 364 Asterium

908 385 979 413 libro
992 386 1059 412 nihil
1077 386 1180 413 erroris
1208 391 1255 412 aut
1273 384 1407 412 haereticis
1422 384 1574 415 sententiae,
1599 387 1692 418 aperte

910 432 1005 458 saltem
1033 431 1232 466 deprehensum
1250 430 1357 457 fuisse:
1377 437 1439 456 nam
1470 437 1530 464 qum
1558 429 1692 456 Eusebius

911 477 999 509 aifcrt.
1015 477 1048 504 ad
1070 485 1163 504 sanam
1181 477 1332 504 doctrinam
1356 475 1449 503 reduci
1469 475 1546 502 facile
1565 479 1691 510 possunt.

911 522 1013 556 Quodsi
1039 522 1105 558 quid
1130 523 1242 550 ulterius
1273 525 1368 556 praeter
1408 524 1508 547 rectam
1538 521 1692 556 opinionem

911 568 1026 596 dixisset
1049 568 1210 600 Marcellus,
1237 568 1264 594 id
1289 575 1354 594 sane
1380 574 1433 594 non
1460 569 1694 602 praatermissurus

912 620 971 642 erat
988 615 1131 648 Eusebius,
1149 616 1195 651 qui
1210 617 1237 642 in
1250 612 1405 642 Marcellum
1429 618 1583 643 commotus
1594 619 1620 642 et
1637 616 1695 642 nul-

914 661 967 688 lam
982 669 1037 688 non
1054 665 1173 689 sectatus
1190 661 1302 689 latdendi
1320 661 1401 692 viam,
1414 668 1469 687 non
1488 661 1575 688 solum
1592 668 1623 687 ea
1636 669 1695 696 quae

914 714 976 734 cum
993 706 1085 734 colore
1102 707 1197 734 saltem
1210 707 1302 741 aliquo
1322 705 1396 739 carpi
1410 707 1437 731 et
1451 705 1612 739 reprehendi
1631 712 1695 740 pos-

916 755 989 785 sunt,
1005 751 1053 779 sed
1077 751 1157 779 etiam
1175 759 1205 778 ea
1223 758 1283 786 qua:
1308 757 1373 778 sana
1396 753 1423 777 et
1448 751 1598 778 orthodoxa
1619 755 1694 782 sunt,

916 799 1034 833 exagitat
1050 802 1076 825 et
1093 798 1239 832 impietatis
1250 801 1371 824 accusat.
1386 797 1453 824 Cum
1468 802 1557 824 autem
1575 797 1696 833 synodus

915 844 1038 872 Romana
1055 844 1107 872 sub
1126 843 1197 871 Julio
1217 851 1289 870 anno
1304 843 1365 876 542,
1387 847 1415 871 et
1433 843 1604 872 Sardicensis
1626 851 1698 871 anno

917 891 979 923 54⁵1,
1011 891 1109 918 librum
1136 889 1271 923 Marcelli,
1299 887 1461 918 examinatis
1492 895 1517 917 et
1540 890 1698 925 ponderatis

917 937 1072 968 sententiis,
1085 943 1177 964 errore
1187 943 1304 964 vacuum
1318 936 1527 968 declaravcrint,
1542 944 1595 964 non
1609 928 1700 971 potest

917 985 945 1010 in
963 983 1083 1011 Marcelli
1109 983 1207 1010 librum
1234 983 1368 1011 sententia
1386 983 1449 1010 dici.
1469 983 1568 1010 Verum
1590 983 1699 1010 aliunde

918 1033 993 1057 tanta
1003 1033 1046 1057 est
1057 1030 1178 1057 virorum
1191 1030 1349 1064 insignium,
1362 1030 1408 1064 qui
1421 1029 1564 1057 adversum
1577 1033 1699 1061 tuentur,

917 1074 1077 1107 auctoritas,
1088 1078 1117 1102 ut
1127 1075 1173 1102 vix
1184 1082 1317 1102 excusare
1329 1074 1485 1102 Marcellum
1500 1075 1590 1102 liceat.
1602 1074 1701 1108 Quam-

917 1120 1010 1148 obrem
1026 1120 1165 1153 existimo,
1182 1127 1237 1148 rem
1254 1121 1290 1147 ita
1307 1125 1473 1156 temperasse
1488 1120 1656 1153 Marcellum,
1671 1124 1701 1147 ut

919 1165 942 1193 si
955 1165 1020 1201 quid
1038 1173 1130 1201 prava:
1145 1166 1282 1201 opinionis
1297 1167 1324 1193 in
1345 1167 1413 1194 libro
1430 1175 1480 1195 suo
1498 1166 1655 1197 inseruerit.
1672 1167 1700 1193 id

918 1211 1063 1239 verborum
1082 1211 1244 1248 ambagibus
1264 1215 1291 1239 et
1311 1212 1517 1241 circuitionibus
1535 1212 1700 1244 involutum,

919 1256 998 1285 facile
1022 1258 1142 1292 potuerit
1170 1258 1198 1284 in
1226 1259 1325 1285 bonam
1351 1263 1453 1293 partem
1483 1257 1606 1291 deﬂecti;
1638 1265 1701 1285 cum

919 1306 1009 1330 autem
1035 1303 1081 1330 ille
1110 1303 1138 1330 in
1166 1303 1346 1331 familiaribus
1371 1304 1515 1339 colloquiis
1532 1303 1565 1330 ad
1591 1311 1701 1338 pravam

920 1349 1086 1377 sententiam
1104 1349 1178 1376 dicta
1203 1356 1252 1377 sua
1270 1349 1410 1381 derivarit,
1429 1350 1492 1377 hinc
1506 1350 1535 1377 in
1554 1349 1702 1377 multorqu

919 1394 1098 1422 offensionem
1112 1394 1275 1426 incurrisse,
1290 1401 1321 1422 ut
1336 1395 1405 1422 infra
1425 1396 1534 1423 dicitur.

1226 1451 1340 1479 CAPUT
1361 1451 1406 1479 lV.

919 1516 974 1536 NUK
992 1517 1150 1537 ιίΑιιοειιυε
1169 1517 1293 1536 ERROREI
1314 1517 1346 1541 DE
1367 1517 1453 1538 VERBO
1471 1519 1506 1538 ΕΤ
1526 1519 1597 1538 ΐιιιο
1616 1518 1659 1537 DEI
1679 1518 1704 1537 ΚΝ

965 1552 1084 1572 Βεευιιευ
1102 1552 1172 1572 νΙΤΑΞ
1192 1552 1259 1572 νοςε
1280 1553 1329 1572 VEL
1350 1553 1461 1573 SCRIPTO
1481 1554 1653 1573 TRADIDERIT.

921 1601 940 1628 Ι.
960 1599 1124 1638 anellum
1132 1599 1240 1638 Photini
1248 1601 1371 1638 discipuli
1384 1601 1491 1638 haeresis
1500 1603 1526 1629 in
1534 1604 1705 1638 suspicionem

956 1635 1133 1673 adduxit.
1155 1636 1192 1673 ‘ln
1222 1636 1359 1673 colloquiis
1381 1637 1436 1670 ipse
1453 1645 1553 1664 errores
1579 1635 1706 1673 sparsisse

955 1675 1074 1704 putatur.
1088 1671 1132 1698 lli.
1144 1671 1306 1698 Athanasius
1321 1680 1379 1698 cum
1389 1680 1437 1706 pro
1449 1679 1578 1706 suspecto,
1589 1671 1706 1702 Basilius

955 1713 1003 1740 pro
1024 1706 1145 1733 hwretico
1155 1706 1255 1733 habuit.
1272 1706 1315 1733 IV.
1326 1707 1468 1734 Marcellus
1487 1711 1512 1734 et
1538 1707 1707 1738 Marcelliani

957 1742 983 1768 in
996 1741 1058 1776 ﬁdei
1071 1741 1278 1776 professionibus
1301 1742 1426 1769 catholico
1450 1743 1600 1777 loquuntur.

922 1797 942 1822 Ι.
965 1797 1107 1821 Marcellum
1129 1796 1227 1822 Photini
1247 1797 1360 1853 diqltéipuil:
1380 1798 1479 1823 heresis
1497 1798 1523 1822 in
1544 1800 1708 1830 suspiclonem

1259 1835 1271 1852 a
1308 1835 1337 1852 ux
1362 1847 1368 1853 .

1259 1835 1368 1853 adauxit.

960 1879 1104 1908 Marcellus
1133 1880 1300 1916 synodorum
1331 1880 1459 1909 Romanae
1487 1887 1514 1909 et
1539 1882 1710 1912 Sardicensis

923 1925 1029 1960 judicio
1042 1925 1195 1958 absolutus,
1212 1929 1243 1953 ut
1258 1925 1361 1954 dictum
1378 1930 1429 1959 est,
1442 1931 1579 1963 utcunque
1597 1929 1708 1961 sarcito,

926 1971 999 2006 quod
1016 1971 1045 1998 in
1066 1971 1137 1998 fama
1161 1971 1270 2005 tulerat,
1286 1971 1458 2006 detrimento,
1473 1973 1529 2008 jam
1555 1975 1710 2009 suspicione

926 2016 996 2044 liber
1016 2020 1043 2044 et
1067 2024 1171 2045 vacuus
1189 2017 1337 2045 videbatur.
1364 2017 1463 2045 Verum
1478 2026 1527 2046 nec
1540 2020 1586 2047 diu
1605 2023 1710 2055 postea,

928 2063 1005 2090 novis
1016 2062 1097 2090 etiam
1111 2062 1314 2090 Catholicorum
1339 2065 1560 2093 accusationibus
1574 2066 1711 2104 impolitus

928 2112 980 2136 est.
996 2108 1111 2136 Occasio
1127 2109 1178 2136 fuit
1201 2113 1294 2136 exorta
1318 2109 1427 2137 Photini
1449 2110 1561 2139 haeresis
1575 2121 1580 2138 :
1597 2112 1621 2139 is
1640 2113 1711 2140 enim

931 2154 982 2182 sub
1009 2154 1130 2182 Marcelli
1156 2155 1300 2189 disciplina
1326 2155 1487 2190 institutus,
1513 2165 1544 2184 ac
1565 2157 1661 2185 deinde
1685 2158 1712 2185 in

91 2212 177 2244 circa,
191 2210 299 2242 sicille,
319 2209 514 2236 sanctissimum
538 2207 610 2235 istud
631 2207 743 2234 Verbum
763 2216 814 2234 non
833 2207 877 2234 di-
894 2211 916 2238 ι)
932 2201 1107 2229 SirmiP-nsem
1135 2201 1293 2236 episcopum
1320 2203 1453 2236 adiectus,
1478 2211 1558 2239 quem
1583 2204 1713 2240 magistro

91 2258 201 2286 cabatur
232 2261 292 2284 ante
327 2255 551 2286 incarnationem,
574 2254 763 2288 primogenita:
793 2253 877 2280 omnis

92 2309 233 2332 creaturte.
248 2301 456 2337 Numquomodo
468 2301 526 2335 fieri
536 2303 647 2334 poterat,
664 2304 691 2325 ut
706 2299 740 2331 is,
754 2299 798 2333 qui
811 2307 877 2325 sem-

92 2358 140 2384 per
163 2355 236 2382 erat,
257 2348 370 2382 alicujus
391 2351 457 2374 esset
480 2346 666 2381 primogenitus
681 2345 694 2372 ?
712 2343 756 2371 sed
778 2345 879 2379 primus

92 2396 141 2423 ille
154 2403 234 2422 novus
248 2394 336 2425 homo,
355 2393 382 2420 in
396 2400 473 2428 quem
485 2393 574 2419 omnia
587 2390 687 2418 volebat
699 2390 769 2417 Deus
781 2390 882 2417 instau-

93 2449 168 2473 rare,
184 2449 268 2468 sacra:
284 2439 429 2474 Scriptum
443 2438 643 2473 primogenitum
657 2436 741 2463 amitis
753 2440 882 2462 creatura:

96 2487 241 2522 appellant.
261 2485 393 2512 Nimirum
410 2484 503 2511 Ariani
521 2483 571 2510 hoc
595 2482 708 2515 dictum,
727 2481 884 2516 primogeni-

96 2539 155 2560 tum
177 2532 260 2559 omnis
281 2536 419 2563 creatum,
435 2529 468 2556 ad
489 2537 568 2556 suum
583 2529 616 2556 de
633 2528 722 2556 Verbo
741 2527 787 2555 Dei
804 2531 885 2555 tuen-

97 2579 165 2606 dum
191 2585 311 2606 errorem
334 2575 502 2610 usurpabant
520 2584 527 2602 :
544 2583 576 2602 eo
599 2575 671 2602 enim
696 2577 884 2609 processerant

97 2623 247 2658 impietatis
264 2627 294 2649 ut
310 2621 442 2651 dicerent,
460 2618 581 2647 Verbum
598 2618 645 2645 Dei
661 2618 733 2645 inter
749 2625 792 2645 res
807 2624 883 2645 crea-

99 2674 144 2697 tas
167 2669 282 2704 primum
305 2675 375 2696 esse.
403 2666 494 2699 Quare
523 2664 668 2692 Marcellus
692 2664 720 2691 in
747 2663 882 2691 hominem

100 2715 243 2744 Christum
256 2714 322 2742 dicti
334 2714 416 2748 hujus
431 2710 683 2746 interpretationem
700 2709 841 2738 derivabat
855 2716 885 2737 ut

99 2761 204 2790 Asterii
226 2763 414 2796 argumentum
440 2757 607 2793 depelleret;
628 2764 681 2792 qua
710 2757 738 2784 in
763 2764 792 2784 re
818 2756 885 2783 nihil

141 2839 152 2854 ³
172 2838 277 2866 ϐυιοςε.
292 2845 311 2868 ι,
327 2837 368 2863 15.

266 2885 399 2914 ΡΑτιιοι..
417 2883 474 2913 Gn.
493 2881 605 2913 XVIII.

932 2255 982 2274 suo
1021 2248 1187 2282 ascripserat
1210 2247 1345 2276 Eusebius
1371 2256 1490 2276 errorem
1510 2250 1563 2277 late
1587 2257 1715 2286 spargere

932 2294 1025 2328 coepit,
1038 2293 1175 2321 Christum
1192 2301 1246 2321 non
1268 2298 1330 2321 ante
1347 2299 1435 2322 ortum
1458 2303 1490 2323 ex
1507 2295 1590 2322 Maria
1606 2295 1715 2332 Virgine

934 2339 1032 2367 Filium
1050 2339 1098 2366 Dei
1120 2339 1206 2367 fuisse
1225 2339 1375 2368 dictitans:
1392 2348 1477 2375 quare
1503 2341 1548 2368 ille
1571 2342 1665 2369 multis
1688 2350 1715 2368 ιιι

935 2385 1047 2421 synodis
1058 2385 1202 2412 damnatus
1216 2384 1412 2420 abdicatusque
1425 2390 1467 2413 est
1481 2395 1487 2413 :
1507 2385 1540 2413 Et
1556 2386 1603 2414 hoc
1619 2395 1714 2421 ipsum,

935 2431 1023 2466 inquit
1038 2430 1175 2466 Sulpicius
1190 2430 1315 2464 Severus,
1334 2431 1491 2459 Marcellum
1504 2433 1641 2468 gravabat,
1654 2434 1716 2468 quia

936 2477 1065 2505 Photinus
1081 2477 1187 2504 auditor
1202 2477 1258 2510 eius
1271 2477 1353 2511 fuisse
1367 2478 1394 2504 in
1413 2477 1590 2505 adolescentia
1613 2478 1717 2505 videba-

936 2528 988 2550 tur.
1005 2522 1138 2551 Haustum
1154 2531 1169 2550 a
1185 2522 1302 2549 Photino
1316 2530 1349 2550 ex
1361 2522 1479 2550 Marcelli
1500 2523 1656 2558 magisterio
1666 2531 1718 2551 er—

937 2576 1026 2597 rorem
1049 2569 1232 2604 opinabantur
1256 2568 1333 2595 multi
1350 2577 1356 2595 :
1376 2576 1438 2596 cum
1461 2569 1588 2599 maxime,
1605 2568 1668 2596 licet
1689 2569 1718 2596 in

937 2622 987 2643 suo
1003 2614 1133 2642 adversus
1150 2614 1287 2642 Asterium
1305 2614 1374 2641 libro
1387 2613 1522 2649 ejusmodi
1543 2614 1612 2641 nihil
1626 2618 1719 2649 aperto

936 2661 1125 2697 proﬁteretur;
1141 2661 1232 2696 aliqua
1254 2665 1344 2688 tamen
1367 2664 1469 2692 esseut,
1484 2667 1543 2694 qua!
1560 2659 1720 2687 viderentur

937 2715 997 2736 cam
1018 2708 1046 2735 in
1063 2711 1167 2743 partem
1185 2707 1365 2742 propendere.
1383 2706 1538 2741 Importune
1559 2706 1642 2741 igitur
1658 2712 1719 2732 ma-

938 2755 1024 2793 gistro
1044 2753 1156 2787 accidit,
1180 2757 1210 2780 ut
1231 2761 1313 2788 quam
1338 2753 1382 2781 ille
1406 2753 1558 2781 doctrinam
1578 2751 1721 2780 tradidisse

1549 2877 1584 2907 [ιι
