1905 3072
201 113 270 141 12M

816 112 860 139 DE
876 110 957 138 VITA
976 109 1019 136 ET
1041 109 1199 137 SCRIPTIS

1755 108 1826 134 ηυξ

200 176 345 200 accusatus
367 172 466 203 fuerat,
483 171 604 198 eamdem
621 169 771 204 discipulus
794 169 883 203 palam
898 168 984 194 disse-
1000 169 1023 196 Α
1036 165 1095 192 Non
1114 165 1197 191 alium
1216 172 1281 192 sane
1303 165 1403 192 librum
1427 164 1534 192 videtur
1551 171 1665 198 carpere
1683 163 1824 190 ﬂasilius:

201 220 326 246 minaret.
359 217 427 244 llinc
452 216 545 243 multis
573 219 717 249 suspectus
750 213 893 240 Marcellus
924 221 984 240 esse

201 264 295 298 ctepit,
311 263 382 298 quod
399 265 527 297 putarent
542 260 688 287 Photinum
700 267 793 286 eorum
809 259 984 293 interpretem

199 317 289 345 agere,
315 316 374 344 qua:
399 307 544 335 Marcellus
568 306 664 333 doctor
688 305 801 332 obscure
824 307 850 331 et
873 303 985 331 subdole

199 356 368 391 scripsisset.

316 411 347 436 ll.
360 410 387 435 In
397 409 525 440 colloquiis
536 415 633 433 errores
643 407 760 439 sparsisse
771 408 876 438 putatur.

234 464 293 491 Alia
311 464 375 490 item
388 462 532 490 intervenit
542 459 699 495 suspicandi
707 458 830 491 occasio;
841 457 984 484 Marcellus

202 511 274 538 enim
285 519 350 537 nova
362 508 482 544 quadam
494 510 611 538 miscere,
623 511 645 533 et
655 505 782 540 ambiguis
790 503 985 538 purificationi-

201 557 258 587 bus,
283 556 338 590 ejus
359 555 385 581 in
401 563 479 590 quam
504 553 631 580 Photinus
649 552 745 585 erupit,
760 550 888 576 doctrinm
914 550 983 576 viam

204 611 316 639 guwrere
330 600 502 636 deprehensus
525 603 563 626 est
577 599 626 633 (i).
643 597 730 624 Homo
743 597 843 632 quippe
857 595 984 630 garrulus

201 653 228 675 et
244 639 464 682 loquacissimus,
490 648 521 671 ut
549 644 629 671 habet
659 642 803 673 Eusebius,
821 645 847 668 et
873 648 905 667 ex
924 639 983 674 ejus

201 703 261 729 qua:
276 696 423 728 supersunt
437 689 595 726 fragmentis
617 688 710 715 videre
724 693 776 719 est,
795 686 858 713 dum
874 685 901 712 in
919 692 984 720 quo-

200 739 311 767 tidianis
340 736 552 764 fabulationibus
576 739 603 762 et
623 734 779 768 colloquiis,
790 731 935 760 obscurius
955 731 983 757 in

199 786 290 813 libello
305 785 405 811 tradita
421 783 591 817 explanaret,
604 782 638 808 ad
650 788 710 808 eam
726 787 807 814 quam
830 779 856 806 in
873 777 983 814 synodis

199 832 321 859 Romana
336 835 363 858 et
381 828 540 856 Sardicensi
552 826 753 862 repudiaverat,
769 824 924 859 opinionem
940 831 983 850 re—
999 838 1020 865 Β

197 877 290 905 cidere
303 876 372 903 forte
379 873 606 909 compcriebatur.
624 871 693 898 liinc
709 871 772 902 late,
788 878 834 904 per
844 868 982 897 Orientem

198 924 325 956 maxime,
348 929 461 957 sparsus
487 927 581 947 rumor
598 917 755 946 Marcellum
772 916 853 950 impie
868 915 901 942 de
914 914 983 942 Filio

198 970 246 997 Dei
258 969 368 1000 sentire,
382 967 530 1001 eademque
547 966 605 1000 ipsa
624 964 723 991 docere
741 970 802 998 quas
821 962 848 988 in
868 961 983 988 Ariano—

197 1024 259 1043 rutn
284 1012 506 1042 accusationibus
533 1010 701 1038 ferebantur.
731 1007 789 1035 Non
815 1014 870 1033 una
893 1010 983 1033 tamen

197 1063 249 1090 fuit
265 1062 387 1088 omnium
406 1059 440 1086 de
455 1057 584 1084 Marcello
601 1054 753 1086 sententia;
773 1061 846 1086 nam,
865 1052 982 1087 Epipha-

197 1110 243 1136 nio
263 1111 342 1138 teste,
367 1105 444 1132 multi
469 1111 517 1139 pro
544 1102 671 1129 Marcello
688 1101 818 1133 stabant,-,
831 1100 859 1126 in
881 1098 983 1134 quibus

196 1155 329 1183 Paulinus
352 1151 540 1179 Antiochenus
568 1149 715 1183 episcopus
738 1156 744 1173 :
768 1145 850 1180 idque
874 1145 982 1180 signum

197 1206 238 1229 cst
255 1200 442 1228 manifestum,
466 1204 522 1224 non
543 1195 632 1230 palam
654 1197 680 1220 et
703 1196 796 1227 aperte
826 1190 982 1218 Marcellum

197 1247 278 1282 impia
291 1244 438 1281 protulisse
451 1243 576 1277 dogmata
587 1250 593 1273 ;
603 1240 649 1268 sed
662 1239 699 1266 ita
714 1238 840 1273 perplexe
850 1238 982 1270 locutum,

197 1299 227 1321 ιιι
240 1294 304 1320 hinc
319 1291 478 1326 opinionum
501 1288 572 1314 facta
588 1287 644 1314 sint
662 1284 794 1317 divortia;
809 1283 869 1311 aliis
893 1283 984 1310 catho-

197 1341 258 1371 lice,
273 1344 398 1374 perverse
417 1339 444 1363 et
467 1334 548 1369 impie
571 1333 631 1360 aliis
653 1332 755 1360 sentire
775 1331 865 1359 virum
889 1333 984 1365 putan-

197 1386 282 1413 tibus.

197 1452 239 1478 ΙΙΙ.
252 1451 399 1478 Athanasius
418 1456 474 1475 eum
494 1450 682 1503 prohsqspecto,
694 1446 799 1472 Basilius
811 1453 855 1478 pro
866 1446 985 1482 haeretica

560 1487 572 1503 3
591 1486 614 1503 Ul
629 1497 634 1502 .

560 1486 634 1504 aDUlL

233 1524 328 1552 Gravis
348 1524 411 1550 item
424 1521 551 1549 Marcello
567 1521 632 1548 hinc
653 1524 729 1555 parta
741 1518 842 1546 invidia
861 1517 979 1550 videtur,

197 1579 259 1598 cum
277 1570 331 1597 duo
352 1568 480 1596 Ecclesia:
506 1567 607 1594 lumina
632 1565 798 1592 Athanasius
816 1568 843 1592 et
863 1564 980 1592 Basilius

196 1625 288 1644 errore
304 1615 434 1643 infecwtn
449 1614 585 1641 hominem
603 1612 734 1647 suspicati
751 1614 824 1638 sunt.
848 1610 885 1637 De
900 1609 981 1636 Atha-

198 1663 276 1691 nasio
292 1664 391 1697 quippe
405 1662 462 1688 lucc
481 1660 640 1688 testificatur
661 1657 828 1694 Epiphanius
842 1656 979 1693 εἮρόμην

196 1711 224 1737 δὲ
238 1710 316 1741 αὐτὸς
332 1709 386 1743 ἐγὼ
399 1709 486 1744 χρόνῳ
497 1708 551 1734 τινὶ
566 1707 611 1733 τὸν
625 1706 778 1741 μακαρίτην
791 1704 883 1730 πάπαν
903 1703 980 1729 Ἀθα-

197 1757 287 1783 νὰςιον
300 1756 363 1791 περὶ
373 1755 467 1781 τούτου
482 1753 528 1780 τοῦ
543 1751 714 1788 Μαρκέλλου,
727 1751 785 1782 πῶς
801 1750 833 1776 ἂν
847 1749 902 1784 ἔχοι
915 1748 979 1784 περὶ

197 1801 288 1829 αὐτοῦ.
319 1801 348 1827 Ὀ
368 1801 396 1826 δὲ
419 1799 480 1826 οὔτε
507 1797 783 1834 ὑπεραπελογήσατο,
812 1794 872 1820 οὔτε
899 1793 979 1820 πάλιν

197 1847 264 1884 πρὸς
279 1846 358 1874 αὐτὸν
372 1845 497 1880 ἀπεχθῶς
511 1843 612 1879 ἠνέχθη
621 1851 628 1857 ·
641 1842 720 1878 μόνον
737 1841 764 1867 δὲ
776 1840 820 1867 διὰ
832 1839 880 1866 τοῦ
897 1847 979 1874 προσ-

196 1894 269 1920 ώπου
294 1893 433 1928 μειδιάσας
466 1891 598 1926 ὑπὲιρξνε,
631 1887 781 1924 μοχθηρίας
809 1886 846 1921 μὴ
872 1885 979 1920 μακρὰν

196 1938 275 1965 αὑτὸν
300 1935 378 1968 εἶναι,
394 1937 440 1963 καὶ
457 1935 494 1966 ὡς
510 1933 750 1968 ἀπολογησάμενον
771 1930 836 1966 εἶχε.
864 1930 892 1957 ld
916 1934 978 1957 cst:

196 1983 263 2011 Cum
280 1982 423 2017 aliquando
445 1981 548 2008 beatum
563 1987 659 2014 papam
678 1978 850 2005 Athanasium
867 1977 980 2002 interro-

194 2037 296 2065 garem,
311 2027 372 2062 quid
386 2027 417 2054 de
433 2025 558 2053 Marcella
577 2025 751 2056 existimaret,
767 2022 812 2050 ille
824 2030 903 2058 neque
914 2029 979 2056 pur-

196 2075 265 2109 gavit
282 2073 422 2106 hominem,
443 2080 522 2107 neque
539 2080 596 2098 vero
615 2071 732 2106 asperius
746 2070 845 2097 notavit
861 2077 869 2096 :
884 2069 929 2095 sed
943 2069 981 2095 le-

196 2121 265 2148 niter
285 2119 416 2150 arridens,
441 2127 492 2145 non
516 2118 626 2144 multant
645 2117 677 2143 ab
697 2115 863 2150 improbitate
885 2115 981 2142 abhor-

196 2168 282 2195 ruisse
302 2165 461 2202 signiﬁcarit
476 2173 485 2191 :
501 2169 525 2191 et
540 2165 566 2192 in
590 2171 679 2191 eorum
699 2163 766 2196 loco,
783 2162 829 2198 qui
847 2169 902 2189 sese
916 2169 980 2195 pur-

196 2217 312 2249 gauerit,
330 2211 432 2239 habuit.
455 2211 546 2246 Longe
562 2211 653 2238 acrior
666 2209 796 2240 Basilius,
821 2207 978 2235 Marcellum

197 2268 246 2296 pro
271 2259 398 2288 lueretico
425 2258 515 2292 habet,
544 2257 603 2293 ejus
625 2256 790 2292 impietatem
815 2254 923 2281 Arianae
945 2261 979 2280 ex

197 2306 330 2333 diametro
354 2304 507 2340 oppositam
530 2303 657 2335 testimat,
682 2300 866 2329 damnandqu
891 2299 979 2326 homi-

197 2352 298 2379 minem
315 2354 419 2383 censet,
435 2350 497 2385 quia
512 2349 673 2385 unigenitum
690 2347 794 2384 quidem
808 2347 861 2373 dici
875 2346 980 2372 verbum

198 2398 289 2430 tradit,
308 2402 435 2432 quatenus
451 2396 486 2423 ad
509 2403 586 2422 usum
609 2399 633 2422 et
658 2393 691 2421 ad
715 2398 814 2428 tempus
832 2391 928 2427 prodit,
950 2399 981 2417 ac

196 2452 289 2471 rursus
305 2443 337 2469 ad
352 2451 410 2470 eum
421 2449 453 2469 ea:
468 2450 518 2477 quo
535 2441 630 2476 prodiit
647 2440 805 2468 revertitur:
822 2447 901 2473 neque
921 2441 981 2464 ante

196 2497 338 2526 egressura,
357 2497 423 2521 esse,
447 2497 492 2515 nec
506 2492 564 2522 post
588 2495 745 2523 regressum,
767 2485 908 2512 subsistere
931 2484 979 2511 ait.

198 2536 280 2570 Cuius
293 2536 329 2562 rei
344 2539 527 2570 argumentum
546 2538 606 2561 sunt
622 2534 719 2568 iniqua:
733 2533 806 2559 illius
822 2530 980 2567 syngrapha:

197 2583 271 2611 libri.
287 2582 390 2610 Caetera
412 2580 539 2616 superius
560 2580 640 2606 allata
664 2583 738 2607 sunt.
752 2578 811 2605 lam
826 2585 890 2605 vero
907 2584 982 2612 qure-

180 2620 276 2656 ‘ratur
292 2637 355 2656 num
373 2628 466 2663 iniqua
491 2627 536 2653 illa
563 2627 717 2662 συγγραφή,
742 2632 823 2661 quam
850 2626 983 2650 memorat

200 2674 415 2706 Basilius,‘idem
442 2675 500 2711 ipse
516 2674 585 2701 liber
603 2674 648 2704 sit,
674 2672 722 2707 qui
745 2672 771 2698 in
796 2670 907 2707 synodis
928 2669 982 2696 Βο-

200 2729 280 2750 mana
301 2727 327 2749 et
347 2722 504 2750 Sardicensi
524 2728 618 2749 errore
632 2727 736 2748 vacuus
752 2719 906 2746 declaratus
929 2721 981 2745 cst.

235 2822 273 2855 ﬂ)
293 2821 377 2850 Hilar.
395 2823 501 2857 Fragm.

1037 218 1091 237 non
1113 211 1212 244 legitur
1242 210 1314 237 enim
1341 210 1499 237 Marcellum
1527 210 1610 236 alium
1639 208 1763 235 edidisse
1792 209 1823 234 li-

1036 255 1126 287 brum,
1153 263 1233 290 quam
1257 256 1331 282 illum
1351 260 1447 282 contra
1471 255 1620 286 Asterium,
1643 254 1687 281 cui
1713 254 1825 282 titulus.

1035 301 1074 328 De
1085 302 1247 336 subjectione
1264 302 1382 334 Domini,
1399 306 1468 329 teste
1492 301 1604 329 Hilario.
1628 301 1732 329 Verum
1752 300 1827 327 dicet

1035 348 1183 383 quispiam,
1206 356 1240 374 an
1263 348 1381 376 Basilius
1398 349 1556 375 ltaeretieum
1580 355 1611 374 ac
1634 346 1825 374 damnandum

1035 393 1135 420 librum
1158 396 1279 424 censeat,
1296 393 1342 427 qui
1362 393 1388 419 in
1410 392 1522 428 synodis
1539 392 1662 419 Romana
1680 397 1706 419 et
1728 391 1826 418 Sardi-

1035 438 1110 465 censi
1139 442 1170 464 ut
1201 437 1368 465 orlhodoxus
1391 439 1527 466 admissus
1543 438 1633 465 fuerit.
1651 437 1721 464 Huic
1742 445 1826 472 argu-

1035 489 1126 511 mento
1149 489 1178 512 ut
1206 490 1388 516 occurratur,
1413 485 1559 520 repetenda
1581 485 1627 511 illa
1653 492 1714 519 quae
1740 492 1824 519 supra

1035 530 1165 563 diximus,
1186 530 1342 558 Marcellum
1368 531 1496 558 videliCct
1519 532 1556 558 ita
1588 539 1644 558 rem
1669 536 1826 565 temperare

1035 574 1167 608 potuisse.
1188 579 1216 601 ut
1228 575 1379 616 dict;1.ejus
1394 580 1506 610 possent
1521 576 1548 602 in
1567 576 1666 602 bonam
1688 563 1825 601 malamvc

1034 625 1138 655 partem
1157 619 1272 648 deﬂecti.
1290 621 1359 647 Cum
1373 625 1462 648 autem
1474 621 1519 648 ille
1535 621 1704 656 synodorum
1718 620 1823 655 judicio

1034 674 1154 701 praesens
1169 674 1280 694 causam
1299 667 1468 699 defenderet,
1485 671 1512 694 et
1531 675 1626 695 sanam
1645 667 1821 694 catholicam

1034 720 1087 746 que
1103 711 1238 739 dictorum
1253 715 1371 739 mentem
1386 716 1527 746 tueretur;
1551 712 1603 739 SS.
1621 711 1733 743 Patres,
1750 712 1825 746 quod

1035 759 1136 785 nullam
1154 759 1223 786 liber
1240 759 1405 793 impietatem
1420 759 1508 794 palam
1524 763 1550 786 et
1566 766 1622 793 pra:
1640 766 1670 786 se
1683 758 1779 789 ferret,
1799 763 1825 785 et

1034 805 1114 833 eli‘ata
1130 806 1190 840 ejus
1201 805 1337 832 catholice
1352 808 1476 839 possent,
1494 809 1522 831 ut
1546 804 1694 831 Marcellus
1707 808 1825 830 conten-

1032 852 1124 884 debat,
1138 851 1236 886 accipi,
1253 855 1283 878 ut
1298 852 1432 878 insontem
1449 858 1511 877 cum
1527 850 1597 877 libro
1615 858 1666 877 suo
1684 850 1823 877 hominen:

1034 898 1190 926 absolutum
1216 897 1389 924 dimiserunt.
1414 896 1482 923 Nam
1509 896 1574 931 quid
1590 904 1654 924 vere
1679 897 1707 924 in
1732 897 1824 924 animo

1033 945 1155 972 volveret
1171 944 1327 977 Marcellus,
1350 944 1415 979 quid
1436 944 1491 970 imo
1514 949 1624 978 pectore
1644 943 1776 976 sentiret,
1796 944 1824 972 il

1034 990 1116 1018 unius
1132 990 1181 1017 Dei
1191 990 1297 1025 judicio
1312 990 1530 1024 permittebatur.
1545 988 1601 1016 Sub
1612 990 1682 1021 haec,
1698 993 1728 1016 ut
1748 989 1823 1017 arbi-

1034 1037 1176 1064 trabantur
1207 1028 1306 1069 multi',
1333 1043 1395 1062 cum
1424 1035 1450 1062 in
1469 1034 1648 1062 familiaribus
1677 1035 1823 1070 colloquiis

1034 1081 1179 1110 Marcellus
1194 1080 1268 1108 dicta
1288 1088 1338 1108 sua
1356 1079 1506 1107 secundum
1529 1079 1686 1106 liazreticam
1703 1083 1823 1106 mentem

1034 1128 1177 1163 discipulis
1194 1128 1364 1162 explanaret,
1387 1126 1504 1162 ejusque
1524 1126 1563 1152 rei
1581 1125 1653 1152 fama
1671 1125 1727 1152 late
1746 1133 1824 1160 vaga-

1034 1178 1120 1207 retur,
1138 1178 1204 1201 tunc
1220 1173 1329 1200 demum
1347 1173 1460 1200 subdole
1475 1177 1565 1199 actum
1587 1171 1717 1198 Marcello
1735 1172 1824 1198 credi—

1034 1224 1090 1246 tum
1105 1223 1158 1250 est,
1175 1219 1289 1254 ipseque
1305 1219 1346 1245 sui
1360 1219 1496 1252 interpres
1513 1217 1612 1244 librum
1627 1224 1714 1251 prava
1734 1222 1824 1244 mente

1034 1265 1221 1299 conscriptum
1237 1264 1393 1291 declarasse
1409 1264 1526 1290 videtur.
1551 1262 1607 1290 Etsi
1623 1270 1707 1298 porro
1726 1270 1771 1290 res
1795 1263 1822 1289 in

1034 1311 1116 1338 dubio
1129 1317 1264 1342 versetur,
1277 1319 1341 1337 num
1358 1318 1420 1337 vere
1434 1309 1577 1336 Marcellus
1592 1310 1620 1336 in
1631 1317 1703 1341 eam,
1723 1309 1756 1336 de
1769 1317 1823 1344 qua

1033 1357 1194 1393 plerumque
1213 1362 1357 1384 accusatus
1384 1356 1446 1387 fuit,
1476 1356 1644 1391 impietatem
1667 1355 1821 1383 deciderit:

1034 1412 1097 1432 nam
1111 1412 1172 1431 cum
1189 1403 1358 1439 Epiphanius
1373 1403 1499 1430 Marcello
1515 1403 1639 1437 a-qualis,
1659 1403 1752 1430 varias
1772 1402 1823 1428 hac

1034 1450 1068 1477 de
1086 1458 1116 1478 re
1130 1449 1345 1477 orthodoxorum
1363 1448 1514 1476 sententias
1537 1452 1603 1475 tunc
1619 1448 1707 1480 fuisse
1726 1447 1823 1475 testiﬁ-

995 1508 1017 1536 c
1034 1500 1122 1527 cetur,
1143 1504 1194 1524 nec
1208 1495 1307 1522 audeat
1323 1497 1379 1530 ipse
1394 1495 1554 1522 alterutram
1578 1494 1605 1521 in
1623 1499 1728 1529 partem
1757 1501 1823 1521 con—

1035 1543 1140 1574 cedere,
1160 1542 1226 1576 quid
1239 1549 1386 1576 possumus
1402 1549 1453 1568 nos
1469 1545 1508 1567 tot
1523 1540 1557 1567 ab
1572 1540 1636 1567 inde
1650 1540 1754 1575 elapsis
1774 1548 1824 1567 sa:-

1033 1589 1103 1616 culis
1120 1588 1279 1616 aestimare?
1299 1595 1381 1622 grave
1397 1591 1486 1614 tamen
1513 1591 1708 1621 argumentum
1725 1591 1822 1613 contra

1034 1634 1189 1661 Marcellum
1205 1633 1268 1660 hinc
1284 1634 1400 1665 eruitur,
1425 1632 1498 1667 quod
1515 1633 1583 1659 tanti
1600 1632 1730 1660 doctores
1747 1632 1823 1660 Basi-

1033 1680 1088 1707 lius
1112 1683 1139 1707 et
1165 1679 1343 1711 Athanasius,
1363 1679 1464 1714 quibus
1480 1686 1534 1705 non
1558 1678 1639 1705 facile
1662 1683 1722 1705 erat
1740 1678 1823 1705 verba

1033 1726 1109 1758 dare,
1125 1733 1186 1753 eum
1215 1725 1257 1752 vel
1274 1733 1388 1760 prorsus
1413 1725 1584 1755 hacreticum,
1611 1725 1652 1751 vel
1674 1724 1824 1752 admodum

1034 1775 1191 1807 suspectum
1211 1771 1365 1799 habuerint.

1033 1838 1072 1863 IV.
1087 1838 1218 1863 Marcellus
1233 1840 1259 1862 et
1274 1838 1424 1863 Marcelliani
1445 1839 1470 1862 in
1485 1839 1541 1862 fidei
1558 1838 1755 1869 professionibus
1777 1845 1820 1863 ca-

1304 1869 1395 1893 tholico
1407 1870 1541 1900 loquuntur

1070 1934 1104 1961 Ut
1138 1938 1168 1961 ut
1199 1934 1235 1961 sit
1257 1935 1291 1962 de
1325 1934 1446 1962 Marcelli
1470 1935 1619 1968 opinione,
1647 1935 1820 1970 exploratum

1033 1988 1100 2008 sane
1121 1986 1163 2008 est
1186 1989 1248 2008 cum
1271 1981 1359 2013 illum,
1385 1985 1441 2008 tum
1466 1981 1616 2016 discipulos
1637 1982 1698 2015 ejus
1716 1982 1743 2008 in
1759 1982 1820 2009 tidei

1033 2025 1158 2054 formulis
1182 2034 1251 2062 quas
1273 2027 1407 2060 obtulere,
1428 2027 1475 2054 ubi
1498 2028 1549 2055 sibi
1568 2028 1720 2062 ascriptum
1743 2035 1821 2055 οπο·

1034 2080 1090 2099 rem
1103 2073 1235 2100 damnant
1250 2077 1276 2100 et
1292 2073 1447 2108 repudiarit,
1462 2082 1517 2101 non
1534 2074 1727 2108 pcenitentium
1744 2078 1771 2101 et
1785 2082 1821 2100 re-

1034 2118 1222 2152 sipiscentium
1244 2127 1320 2147 more
1352 2120 1378 2147 id
1403 2127 1499 2155 agere;
1528 2120 1575 2148 sed
1596 2120 1689 2147 addita
1712 2128 1822 2156 semper

1034 2167 1162 2194 cautione
1182 2168 1402 2195 adversariorum
1425 2169 1578 2196 calumnias
1603 2169 1753 2203 depellere,
1771 2176 1822 2196 nec

1032 2221 1061 2240 se
1073 2213 1110 2239 ita
1125 2214 1241 2241 sentisse
1269 2215 1403 2242 confiteri.
1414 2215 1442 2242 ld
1459 2215 1587 2242 observes
1604 2215 1678 2249 apud
1701 2214 1821 2250 Epipha-

1030 2257 1105 2284 nium
1131 2259 1158 2285 in
1183 2258 1309 2286 Formula
1326 2259 1385 2286 ﬁdei
1410 2259 1540 2292 Marcelli,
1555 2259 1629 2286 Julio
1650 2260 1754 2290 oblata.
1778 2260 1821 2286 ubi

1031 2306 1055 2332 is
1071 2313 1099 2332 se
1113 2305 1149 2331 ita
1165 2305 1286 2332 sensisse
1302 2310 1383 2340 negat
1398 2309 1428 2332 ut
1439 2305 1534 2332 Ariani
1549 2305 1714 2332 dictitabant
1732 2315 1738 2332 :
1755 2311 1782 2333 et
1796 2307 1821 2332 in

1031 2351 1171 2378 luculenta
1187 2351 1248 2378 fidei
1267 2351 1382 2379 formula
1404 2352 1431 2378 in
1446 2352 1581 2386 legatione
1597 2351 1726 2387 Eugenii,
1741 2359 1821 2386 quam

1032 2405 1106 2424 nunc.
1120 2398 1238 2432 primum
1254 2406 1269 2425 e
1286 2398 1405 2425 tenebris
1421 2399 1555 2429 eruimus,
1571 2398 1613 2425 sic
1628 2398 1749 2433 legitur:
1768 2397 1820 2424 Ne-

1032 2452 1080 2478 que
1101 2444 1170 2470 enint
1195 2452 1327 2470 censemus
1347 2444 1430 2470 alium
1454 2452 1510 2470 esse
1525 2443 1637 2474 Filium,
1663 2444 1750 2470 alium
1768 2452 1823 2470 esse

1038 2489 1162 2521 Verbum,
1181 2496 1209 2516 ut
1225 2489 1333 2525 quidam
1355 2497 1402 2516 nos
1424 2490 1521 2516 sentire
1538 2489 1642 2516 mentiti
1658 2494 1721 2516 sunt
1738 2497 1746 2515 :
1760 2490 1822 2516 item

1034 2536 1061 2564 in
1081 2535 1259 2571 Expositione
1279 2536 1341 2564 fidei
1367 2536 1401 2563 ad
1428 2536 1657 2564 Diocasarienscs
1678 2538 1823 2572 episcopos

1033 2583 1135 2614 oblata,
1154 2583 1232 2609 aiunt
1256 2582 1424 2610 Marcelliani
1450 2591 1480 2610 se
1501 2583 1619 2610 libenter
1631 2583 1762 2611 Patribus
1783 2592 1824 2611 re-

1034 2629 1171 2664 spondere
1192 2629 1408 2660 sciscitantibus,
1428 2633 1458 2656 ut
1475 2629 1544 2656 falso
1564 2630 1656 2656 oblata
1673 2630 1726 2657 sibi
1742 2634 1824 2657 teme-

1035 2680 1101 2703 ratae
1124 2675 1266 2710 religionis
1284 2675 1400 2703 crimina
1416 2675 1620 2710 propulsarent,
1642 2675 1690 2702 διὰ
1708 2676 1824 2711 μάλιστα

1034 2721 1096 2753 τοὺς
1108 2721 1287 2756 βουλομένους
1307 2721 1430 2756 ματαίως
1445 2719 1569 2756 Ορυλλεῖν
1586 2722 1653 2756 περὶ
1668 2721 1750 2757 ἡμῶν
1766 2730 1825 2748 τινα
