1905 3072
103 129 118 155 ί
122 129 174 155 3-93

101 235 285 262 orthodoxam
304 236 467 263 sententiam
482 235 543 263 ﬁdei
557 235 690 264 formulas
705 244 769 265 suas
782 245 890 272 semper

102 281 308 312 concinnarint,
332 287 358 308 et
381 282 492 309 aliunde
509 289 524 309 a
546 283 641 310 multis
658 287 816 311 sanctorum
838 283 890 311 Pa-

101 334 178 355 trum
196 328 323 355 Marcello
348 328 493 363 aequalium
513 336 562 363 pro
577 328 714 356 haereticis
729 330 772 356 vel
793 338 890 364 suspe-

101 375 158 403 ctis
173 375 257 402 habiti
274 375 386 406 fuerint,
401 383 457 402 non
475 375 574 402 mirum
589 375 613 403 si
631 379 708 402 tanta
721 375 802 402 fuerit
815 376 889 403 circa

102 419 226 447 Marcelli
253 421 332 447 fidem
362 420 558 447 sententiarum
585 420 726 453 varietas,
760 424 888 455 quantam

100 467 214 494 exhibet
230 466 410 502 Epiphanius.

410 535 525 563 CAPUT
549 535 581 562 V.

369 600 530 620 MARCELLO!
549 600 656 624 UNQUAM
683 601 700 620 Δ
718 600 888 621 (ΣΟΙΙΙΙυΝΙΟΝΕ

380 636 428 655 SUA
448 635 613 656 REIOVERIT.

99 600 158 620 NUH
180 599 344 620 ATHANASIUS

98 694 122 722 Ι.
145 695 307 722 Athanasius
332 693 489 722 Marcellum
513 704 530 722 α
553 695 734 723 communione
762 705 811 723 sua
837 705 889 724 non

139 729 292 767 removerat.
308 735 370 767 ante
385 739 489 767 annum
515 731 578 758 558.
604 731 636 758 ΙΙ.
663 730 720 758 Nec
745 732 889 767 instigante

137 771 227 799 postea
243 766 347 792 Basilio
363 765 390 792 id
405 766 466 801 egit.

98 821 122 847 Ι.
135 822 282 847 Athanasius
294 821 433 846 Marcellum
445 829 458 846 a
471 823 640 847 communione
655 830 697 848 sua
707 830 755 847 non
774 830 887 848 remove-

226 856 263 878 rat
274 856 331 877 ante
342 859 431 878 annum
443 853 496 877 558.
511 853 608 885 Fragm.
623 854 646 883 2,
659 861 683 885 p.
698 854 763 878 1300.

137 912 315 944 Athanasius,
337 913 384 947 qui
407 912 501 940 multis
525 913 604 940 annis
627 912 754 941 Marcello
769 913 888 941 fortuna-

97 967 164 987 rum
177 967 290 987 consors
305 964 332 987 et
352 959 455 987 amicus
471 959 576 992 fuerat,
593 959 702 988 demum
719 960 822 995 sparsis
841 968 888 987 ru—

97 1005 237 1037 moribus,
255 1009 282 1032 et
307 1005 444 1032 clarorum
461 1005 603 1032 hominum
624 1005 789 1033 testimoniis
804 1004 888 1032 abdu-

97 1041 175 1082 ctus,
191 1058 271 1085 quem
287 1050 365 1084 prius
379 1057 429 1084 pro
444 1049 576 1077 facultate
598 1050 768 1082 defenderat,
792 1058 889 1085 suspe-

96 1100 176 1124 ctum
193 1095 293 1122 habere
308 1095 401 1130 coepit.
413 1095 443 1122 id
461 1095 613 1130 Epiphanio
630 1099 700 1124 teste
718 1096 886 1124 ediscimus:

96 1141 158 1172 cui,
174 1145 268 1175 utpote
291 1140 325 1168 ab
358 1140 510 1168 Athanasio
535 1141 596 1175 ipso
627 1141 720 1168 audita
751 1141 886 1173 narranti.

96 1185 184 1213 ﬁdem
211 1186 344 1221 derogare
365 1194 420 1213 non
437 1187 510 1214 licet.
536 1186 637 1214 Verum
657 1186 792 1219 Hilarius,
822 1188 887 1214 item

96 1230 226 1266 aequalis,
253 1239 285 1258 eo
315 1236 426 1258 ventum
456 1239 517 1259 esse
542 1232 716 1264 testiﬁcatur,
746 1238 776 1260 ut
805 1233 886 1260 ctiam

97 1276 230 1304 Marcello
252 1278 471 1305 communionem
497 1278 662 1307 Athanasius
690 1283 812 1315 negaret.
835 1279 887 1307 Sed

97 1332 150 1351 cur
176 1324 312 1359 abnegata:
342 1325 545 1356 communionis,
576 1325 616 1352 sic
643 1325 700 1357 ille,
724 1326 887 1353 Athanasius

97 1378 161 1397 reus
177 1378 233 1397 esse
250 1370 425 1398 rescribitur?
441 1369 568 1405 Nunquid
586 1375 692 1406 propter
714 1371 775 1398 libri
795 1372 886 1398 vitium

98 1416 246 1444 Marcellus
260 1417 394 1443 abstentus
406 1418 466 1444 est?
480 1416 568 1444 Testes
581 1418 631 1452 ipsi
644 1421 715 1449 sunt,
730 1425 763 1444 ea;
778 1419 888 1445 iustitu-
925 1442 927 1445 .

99 1465 135 1491 tis
147 1464 204 1498 ejus
215 1463 357 1490 Photinum
368 1464 548 1498 perversitatis
560 1464 638 1491 istius
646 1464 722 1491 initia
733 1465 885 1499 sumpsisse.

98 1510 175 1537 Nam
205 1514 300 1544 negata
323 1509 375 1536 sibi
400 1509 432 1536 ab
460 1510 606 1536 Athanasio
629 1511 820 1542 communione,
845 1511 886 1537 in-

97 1564 193 1592 gressu
216 1564 272 1583 sese
293 1556 409 1582 ecclesia:
431 1555 575 1583 Marcellus
597 1557 734 1584 abstinuit.
751 1555 796 1583 Ita
816 1544 922 1583 com-C

97 1602 193 1628 munio
210 1609 269 1628 cum
292 1609 322 1628 eo
341 1602 368 1627 in
383 1602 446 1627 ista
464 1601 516 1635 ﬁde
534 1601 565 1628 de
580 1601 740 1634 subiectione
756 1607 780 1629 et
803 1602 889 1630 tradi-

97 1648 171 1675 lione
198 1648 270 1682 regni
301 1647 373 1674 docet
399 1655 408 1673 :
431 1652 525 1682 negata
555 1656 660 1674 rursum
687 1648 890 1682 pravitate_do-

97 1695 194 1721 ctrinw
217 1694 327 1721 alterius
353 1694 478 1721 ostendit.
503 1693 542 1720 Ex
568 1694 684 1727 Hilario,
713 1699 743 1721 ut
769 1695 887 1726 videtur,

97 1744 241 1768 mutuatus
262 1739 401 1776 Sulpicius
428 1740 556 1771 Severus,
585 1740 703 1775 idipsum
729 1745 823 1767 narrat
847 1741 888 1768 his

97 1786 190 1814 verbis
204 1795 210 1813 :
225 1785 367 1820 Interjecto
389 1785 481 1812 deinde
507 1790 630 1819 tempore,
642 1786 804 1813 Athanasius
829 1795 889 1814 cum

43 1856 50 1859 ς
97 1831 257 1859 Marcellam
282 1839 377 1866 parum
397 1839 470 1858 same
494 1831 556 1866 ﬁdei
577 1840 633 1858 esse
661 1833 846 1866 comperisset,
873 1841 889 1859 α

98 1878 282 1904 communione
296 1876 442 1911 suspendit.
458 1876 610 1912 llabuitque
621 1877 668 1904 ille
681 1877 749 1904 hanc
766 1886 889 1905 verecun-

98 1922 184 1955 diam,
197 1927 226 1949 ut
242 1924 310 1949 tanti
326 1923 375 1949 viri
383 1922 486 1957 judicio
499 1927 606 1950 notatus
621 1928 712 1957 sponte
726 1924 886 1952 concederet.

98 1967 234 1996 Caeterum
257 1973 336 1995 antea
356 1969 493 2000 innocens,
509 1973 601 2002 postea
616 1968 788 2002 deprauatus,
807 1969 889 1996 videri

98 2019 205 2050 poterat
223 2015 282 2049 jam
303 2020 359 2041 tum
385 2023 479 2042 nocens
496 2014 589 2048 fuisse,
613 2023 672 2042 cum
700 2015 732 2042 de
755 2024 785 2042 eo
801 2016 889 2049 fuerat

99 2061 260 2094 iudicatum.
279 2061 331 2088 Sed
347 2061 405 2088 hate
422 2060 554 2091 Hilarius,
572 2068 652 2095 quem
675 2060 814 2096 Sulpicius
835 2070 870 2088 au
882 2076 888 2082 -

99 2110 206 2134 ctorem
220 2107 310 2138 habet,
327 2114 362 2133 ex
379 2106 475 2141 synodi
496 2105 666 2138 Sirmiensis,
683 2107 710 2133 in
726 2114 780 2142 qua
795 2107 889 2135 Photi-

100 2160 156 2180 nus
172 2160 243 2180 anno
258 2152 310 2180 549
338 2152 484 2179 damnatus
504 2157 555 2184 est,
577 2153 711 2187 rescripto
734 2157 886 2181 mutuatur.

100 2198 170 2226 Cum
184 2203 274 2226 autem
292 2199 362 2225 hanc
377 2197 511 2233 synodum
527 2198 621 2225 Ariani
632 2199 806 2227 solummodo
819 2208 889 2235 prze-
902 2215 928 2245 Β

85 2245 176 2272 -sules
202 2244 411 2277 celebraverint,
433 2244 508 2271 nulla
528 2244 562 2271 iis
587 2244 654 2272 ﬁdes
683 2245 818 2278 habenda,
839 2247 886 2281 qui

100 2294 232 2318 sexcenta
248 2291 348 2318 similia
367 2294 463 2318 contra
478 2290 657 2318 Athanasium
673 2295 700 2318 et
717 2291 885 2325 Marcellum,

100 2342 160 2365 tum
177 2338 260 2364 verbo
278 2342 335 2364 tum
350 2338 462 2372 scripto.
480 2345 609 2373 spargere
623 2338 759 2366 solebant.
775 2339 815 2366 Ad
829 2340 886 2367 haec

99 2385 269 2413 Athanasius
292 2385 388 2412 saltem
413 2384 446 2411 ad
463 2392 564 2411 annum
591 2392 678 2419 usque
694 2385 756 2416 558,
775 2385 888 2414 Marcel-

100 2431 158 2458 lum
176 2435 205 2458 ut
220 2432 355 2459 insontem
377 2434 404 2457 et
425 2430 568 2459 fraudibus
583 2431 748 2458 Arianorum
769 2431 887 2459 circum-

99 2482 212 2505 ventum
228 2477 360 2509 defendit,
377 2481 407 2504 ut
422 2477 515 2505 videre
539 2482 582 2505 est
597 2479 624 2505 in
641 2479 771 2514 Apologia
795 2484 887 2506 contra

102 2525 229 2556 Arianos,
245 2525 273 2552 in
290 2524 422 2559 Apologia
444 2524 476 2551 de
490 2525 563 2559 fuga,
580 2529 606 2552 et
621 2525 647 2552 in
664 2525 784 2555 Historia
804 2526 886 2553 Aria-

101 2578 196 2596 norum
215 2570 249 2596 ad
265 2570 405 2597 monachos
419 2578 427 2596 :
440 2570 512 2597 unde
525 2571 664 2605 propalam
682 2572 717 2598 sit
736 2579 790 2598 non
806 2571 887 2599 modo

101 2616 306 2643 communionis
333 2616 490 2643 societatem
523 2623 585 2642 cum
617 2616 663 2643 illo
693 2617 810 2649 fovisse;
839 2617 887 2644 scd

101 2661 186 2688 etiam
207 2662 328 2688 nondum
350 2662 377 2688 in
395 2662 467 2688 illam
491 2661 599 2688 venisse
615 2665 709 2688 contra
732 2661 886 2689 Marcellum

102 2707 302 2741 suspicionem,
323 2715 404 2743 quam
426 2711 558 2735 memorat
575 2707 753 2742 Epiphanius.
771 2708 804 2734 Et
823 2716 887 2735 sane

102 2761 222 2780 concors
243 2759 285 2781 est
302 2762 371 2788 pene
395 2754 518 2781 omnium
535 2754 683 2786 sententia,
706 2754 769 2781 huic
791 2754 885 2781 Hilarii

103 2800 274 2831 testimonio,
293 2804 386 2834 utpote
400 2801 434 2828 ab
446 2800 556 2828 Arianis
573 2804 696 2836 accepto,
711 2801 814 2827 nullam
827 2808 888 2828 esse

103 2845 183 2873 ﬁdem
200 2845 363 2874 habendam.

753 131 926 159 MARCELLI
945 131 1131 161 ANCYRANI.

100 189 199 224 ψευδῆ.
215 189 282 216 Cum
297 192 386 216 autem
403 188 548 216 Marcellus
561 193 587 217 et
599 189 725 224 discipuli
738 191 887 218 secundum
903 194 925 222 Α

1659 135 1727 166 1296

1110 191 1140 216 ll.
1155 191 1206 216 Nec
1216 192 1348 223 instigante
1361 193 1450 218 Basilio
1463 194 1488 218 id
1497 195 1556 226 egit.

976 248 1035 276 Non
1062 248 1162 277 desunt
1184 251 1230 284 qui
1250 248 1407 277 Marcellum
1434 251 1545 286 quidem
1563 252 1590 278 in
1604 239 1738 288 tempore.

940 300 988 328 per
1021 293 1152 321 Hilarium
1187 298 1331 326 annotato,
1367 295 1489 322 nondum
1519 296 1553 323 ab
1578 296 1727 324 Athanasio

940 340 1100 367 damnatum
1117 341 1203 369 fuisse
1218 341 1377 368 existiment
1394 350 1402 375 ;
1424 341 1470 368 sed
1492 341 1590 369 deinde
1605 350 1726 369 commo-

939 389 1020 413 vente
1038 385 1151 419 Basilio,
1172 387 1206 414 ah
1228 387 1378 414 Athanasio
1398 386 1555 414 Marcellano
1569 391 1596 414 et
1611 387 1726 414 Marcel-

940 432 1030 459 lianos
1051 439 1065 458 a
1089 432 1283 460 communione
1302 437 1422 460 remotos
1447 433 1531 460 fuisse
1546 433 1724 460 arbitrentur.

940 477 972 504 Et
987 478 1045 505 haec
1061 478 1125 505 item
1145 482 1187 506 est
1201 477 1367 506 Tillemontii
1381 479 1484 513 opinio.
1498 478 1598 506 Verum
1614 479 1725 514 ignora-

939 523 1005 550 bant
1019 523 1058 550 illi
1074 523 1233 551 Marcellum
1248 528 1275 551 et
1292 525 1412 552 asseclas
1428 524 1541 560 Eugenii
1558 529 1586 552 et
1606 525 1724 553 aliorum
1755 551 1759 554 _

939 570 1114 605 deputatione
1132 570 1273 598 Athanasii
1296 571 1432 606 judicium
1455 571 1636 605 praevertisse.
1657 571 1724 598 Cum

940 615 1012 642 enim
1030 615 1144 642 instaret
1157 615 1284 647 Basilius,
1301 620 1430 651 urgerent
1448 616 1493 642 alii
1513 616 1634 652 episcopi
1649 616 1726 644 dam-

939 660 1114 696 nandumque
1146 661 1301 688 Marcellum
1321 662 1470 689 Athanasio
1498 663 1667 695 dictitarent,
1695 670 1726 690 re

939 711 1088 742 comperta.
1108 707 1264 739 Marcellus,
1291 713 1320 734 ut
1347 715 1442 735 eorum
1461 712 1577 736 conatus
1599 713 1626 736 et
1647 709 1726 735 moli-

939 753 1014 779 mina
1047 753 1246 788 interpellaret,
1277 757 1400 781 oratores
1433 755 1480 789 qui
1511 762 1622 782 causam
1653 755 1725 790 apud

938 798 1118 826 Athanasium
1145 807 1222 827 suam
1249 806 1371 836 agerent,
1396 809 1428 829 ac
1452 802 1494 829 sui
1518 802 1726 837 Ancyranmque

902 843 1070 892 BEcclesiat
1097 847 1209 874 nomine
1237 846 1299 874 fidei
1328 847 1527 882 professionem
1553 847 1725 878 emitterent,

938 891 1080 928 delegavit.
1097 892 1221 929 Cumque
1238 894 1387 928 legatorum
1405 894 1521 922 formula
1533 902 1626 922 sanam
1643 902 1724 930 pror—

939 946 987 966 sus
1002 942 1030 966 et
1051 939 1233 967 orthodoxam
1249 940 1330 968 ﬁdem
1349 940 1501 976 praeferret,
1521 941 1586 968 huic
1604 941 1726 969 Athana-

939 986 997 1014 sius
1017 994 1080 1014 cum
1102 987 1164 1015 aliis
1187 988 1234 1023 qui
1258 988 1371 1015 aderant
1390 989 1527 1023 episcopis
1549 989 1724 1024 astipulatus,

938 1033 1045 1061 litteras
1057 1033 1298 1062 commendatitias
1312 1032 1470 1070 rogantibus
1486 1035 1633 1063 concessit.
1646 1034 1724 1068 Quod

935 1079 992 1114 jam
1012 1079 1148 1107 neminem
1168 1078 1274 1106 inﬁcias
1289 1080 1391 1107 iturum
1411 1079 1538 1107 arbitror.

1251 1147 1365 1175 CAPUT
1384 1147 1428 1175 Vl.

937 1208 970 1227 DE
996 1208 1128 1228 IARCELLI
1154 1209 1189 1228 ΕΤ
1214 1209 1351 1229 ECCLESI/E
1379 1208 1522 1228 ANCYRANJE
1549 1206 1582 1228 Ab
1605 1209 1725 1229 ATHANA-

990 1244 1053 1265 SIUII
1073 1244 1237 1269 LEGATIONE,
1254 1245 1326 1268 QUAM
1350 1245 1418 1264 NUNC
1440 1245 1541 1264 PRIIIUII
1562 1245 1670 1265 EDllUS.

937 1292 957 1320 l.
975 1292 1063 1327 Hujus
1080 1293 1218 1329 legationis
1238 1294 1374 1328 exemplar
1393 1293 1462 1320 unde
1478 1293 1597 1328 prodeat.
1615 1293 1646 1320 ΙΙ.
1664 1293 1725 1326 Qua

972 1329 1109 1356 occasione
1138 1334 1163 1355 et
1189 1337 1240 1363 quo
1258 1337 1330 1355 anno
1352 1328 1425 1363 facta
1450 1328 1545 1363 legatio
1567 1328 1658 1361 fuerit.
1680 1329 1723 1355 ΙΙΙ.

971 1363 1010 1390 De
1024 1362 1086 1398 ﬁdei
1098 1364 1260 1398 professione
1277 1362 1398 1391 Marcelli
1422 1362 1527 1390 nomine
1544 1364 1665 1390 recitata.
1678 1363 1724 1391 IV.

972 1398 1011 1425 De
1040 1399 1276 1434 subscriptionibus
1298 1398 1485 1434 zEgyptiorum
1510 1399 1665 1432 prtcsulum.
1691 1399 1724 1426 ν.

973 1434 1025 1467 Qui
1040 1434 1121 1468 fuerit
1136 1434 1234 1469 κεροιὶί
1247 1435 1342 1461 exitus.

1029 1490 1048 1515 Ι.
1061 1490 1139 1521 Hujus
1152 1490 1283 1521 legationis
1295 1490 1423 1520 exemplar
1435 1490 1500 1514 unde
1512 1489 1621 1521 prodeat.

973 1541 1078 1569 Prodiit
1101 1550 1133 1568 ex
1158 1541 1322 1570 bibliotheca
1342 1541 1510 1569 Scorialensi
1532 1541 1630 1577 legatio
1654 1540 1725 1567 Mar-

940 1588 1002 1616 celli
1026 1592 1052 1615 et
1079 1588 1153 1615 Eccl.
1182 1588 1333 1624 Ancyranae
1363 1587 1396 1614 ad
1419 1587 1611 1615 Athanasium.
1637 1585 1725 1621 Hujus

940 1639 1030 1662 autem
1050 1635 1188 1669 exemplar
1201 1634 1344 1662 Mediolani
1359 1634 1387 1662 in
1400 1634 1525 1663 biblioth.
1543 1633 1725 1660 Ambrosians

940 1680 1012 1708 inter
1037 1681 1146 1708 codices
1160 1680 1269 1708 Grascos
1288 1681 1390 1708 recenti
1417 1687 1500 1707 manu
1523 1679 1656 1714 scriptum
1677 1678 1723 1706 de-

940 1727 1147 1762 prehendimus.
1163 1725 1264 1762 Estque
1287 1734 1400 1754 aureum
1415 1726 1468 1753 hoc
1484 1726 1646 1760 opusculum
1665 1732 1724 1751 om-

939 1773 1020 1800 nibus
1045 1773 1103 1800 suis
1126 1773 1247 1801 numeris
1266 1777 1293 1801 et
1314 1773 1437 1809 partibus
1459 1772 1613 1799 absolutum
1632 1780 1639 1798 :
1658 1771 1725 1798 sub-

939 1819 1104 1854 scriptiones
1129 1823 1219 1846 tamen
1236 1819 1425 1855 .Egyptiorum
1452 1818 1599 1854 praesulatu
1623 1818 1649 1844 in
1671 1818 1724 1845 line

940 1863 1080 1897 subnexus,
1104 1869 1249 1897 truncatas,
1281 1869 1309 1892 ut
1329 1865 1463 1900 liquidum
1491 1869 1542 1897 est,
1565 1871 1597 1891 ac
1621 1864 1724 1891 mutila:

940 1914 1022 1943 sunt;
1049 1910 1086 1936 ita
1108 1914 1137 1937 ut
1159 1911 1246 1945 ipsius
1270 1910 1413 1938 Athanasii
1436 1918 1546 1943 nomen,
1564 1909 1637 1945 quod
1661 1909 1723 1936 aliis

940 1956 1011 1982 haud
1024 1955 1107 1983 dubie
1122 1957 1294 1991 prtermissum
1309 1958 1378 1988 erat,
1399 1956 1542 1984 exciderit.
1563 1955 1626 1982 llazc
1641 1963 1724 1990 porro

940 2001 1172 2036 subscriptionum
1192 2010 1254 2030 sors
1268 2002 1329 2035 fuit,
1347 2004 1378 2030 ut
1394 2002 1600 2030 amanuensium
1617 2001 1724 2028 incuria

939 2047 1060 2082 perirent
1084 2057 1091 2074 :
1116 2048 1181 2082 quia
1210 2048 1249 2076 illi
1272 2056 1348 2076 mera
1376 2049 1486 2076 nomina
1516 2048 1550 2075 ad
1576 2057 1633 2076 rem
1656 2049 1724 2077 nihil

939 2093 1076 2128 pertinere
1100 2093 1306 2121 arbitrabantur
1335 2095 1426 2122 :inde
1453 2098 1505 2125 est,
1532 2094 1605 2130 quod
1634 2094 1725 2122 Sardi-

940 2146 1036 2167 censes
1075 2139 1292 2174 subscriptiones
1323 2141 1426 2168 mutila:
1462 2141 1533 2172 sint,
1567 2141 1725 2176 pariterque

941 2184 1132 2213 Alexandrinae
1148 2186 1212 2213 anni
1228 2182 1291 2213 32L
1309 2187 1338 2214 In
1350 2187 1549 2214 contestatione
1566 2190 1657 2213 autem
1675 2194 1725 2221 po-

941 2231 997 2266 puli
1019 2231 1197 2259 Alexandrini
1219 2239 1290 2259 anno
1312 2232 1364 2259 356
1384 2233 1466 2265 facta,
1494 2231 1723 2266 subscriptiones,

937 2285 998 2312 quas
1035 2285 1135 2312 magno
1162 2285 1277 2306 numero
1305 2282 1400 2309 erant,
1430 2285 1445 2304 a
1472 2277 1590 2305 librariis
1616 2278 1724 2314 penitus

937 2323 1045 2350 omissa:
1068 2327 1141 2350 sunt.
1170 2322 1214 2350 Nil
1235 2331 1299 2358 ergo
1319 2323 1418 2350 mirum
1443 2323 1487 2350 hic
1508 2322 1726 2358 subscriptiones

938 2377 1050 2397 maneas
1061 2373 1087 2397 et
1103 2370 1213 2397 mutilas
1230 2369 1333 2397 haberi.

994 2427 1022 2452 Il.
1038 2427 1089 2456 Qua
1099 2427 1227 2451 occasione
1237 2428 1322 2456 et.quo
1332 2432 1396 2450 anno
1406 2425 1468 2450 facta
1480 2425 1572 2457 legatio
1583 2426 1666 2450 fuerit.

974 2479 1040 2513 Quae
1062 2487 1156 2511 causa.
1179 2486 1274 2514 quaeve
1289 2479 1399 2506 occasio
1416 2478 1501 2513 hujus
1526 2478 1668 2506 mittendae
1686 2479 1722 2506 le-

938 2526 1057 2561 gationis
1080 2525 1209 2552 Marcello
1234 2523 1327 2555 fuerit.
1352 2523 1425 2550 haud
1444 2523 1552 2551 diﬁicile
1575 2528 1618 2551 est
1636 2532 1722 2559 augu-

938 2573 1004 2600 rari.
1028 2572 1096 2599 Cum
1122 2572 1194 2599 enim
1218 2578 1289 2598 anno
1315 2570 1424 2597 circiter
1438 2570 1487 2596 571
1503 2569 1622 2598 Basilius
1635 2575 1661 2598 et
1678 2570 1724 2597 alii

939 2617 1059 2652 episcopi
1089 2617 1160 2652 apud
1181 2616 1360 2643 Athanasium
1375 2615 1403 2642 id
1422 2615 1593 2648 molirentur,
1607 2619 1638 2642 ut
1653 2615 1720 2643 Mar-

939 2664 1037 2691 cellum
1048 2667 1178 2697 tanquam
1190 2670 1268 2689 novae
1278 2662 1413 2689 haereseos
1422 2660 1531 2688 Arianis
1544 2668 1576 2688 ex
1589 2661 1724 2688 diametro

939 2709 1070 2744 opposita?
1105 2712 1262 2739 auctorem,
1298 2708 1333 2734 ab
1365 2707 1495 2734 Ecclesiae
1530 2708 1724 2736 communione

940 2755 1132 2783 submoverent
1162 2763 1168 2780 ι
1189 2762 1242 2781 non
1264 2754 1376 2782 nescius
1405 2753 1549 2781 Marcellus
1568 2753 1596 2780 id
1620 2761 1667 2781 eos
1696 2754 1723 2781 in

940 2800 1089 2835 perniciem
1112 2807 1189 2827 suam
1224 2800 1390 2831 machinari,
1412 2803 1442 2826 ut
1464 2799 1618 2837 proximum
1653 2801 1724 2835 peri-

941 2853 973 2874 cu
987 2854 1032 2873 um
1058 2846 1227 2880 declinaret,
1264 2846 1505 2874 commendalitias
1532 2847 1726 2882 episcoporum
