1905 3072
213 119 283 147 4295

825 114 868 141 DE
890 115 967 142 \‘lTA
985 114 1026 141 ET
1047 113 1200 142 SCRIPTlS

1757 112 1830 140 19.95

213 177 322 203 Achaize
352 180 378 202 et
405 173 569 202 Macedoniae
607 173 640 200 ad
674 173 855 200 Athanasium
888 172 1078 204 litterasAiis
1100 173 1302 201 communionis
1332 172 1460 208 expetiit,
1488 177 1514 199 et
1539 171 1712 206 impetravit,
1747 172 1830 207 queis

184 221 192 231 '
213 221 369 256 cﬂ'lagitavit
390 228 397 246 :
414 227 475 246 nam
495 227 555 246 cum
572 219 615 246 his
640 218 757 246 maxime
774 219 923 246 Athanasio
944 219 995 245 do—

214 268 310 294 ctrinae
325 266 494 293 consortium
508 271 534 292 et
549 265 704 299 epistolaris
728 265 899 292 familiaritas
912 266 996 291 inter-

213 313 324 340 cedebat
345 322 351 340 :
369 312 424 338 Kal.
437 311 531 337 τούτου
562 311 608 337 τοῦ
638 311 780 345 δόγματος,
808 311 895 345 inquit
922 310 996 337 Basi-

214 359 267 386 lius
290 359 329 394 (Ξ)
345 359 377 385 de
399 358 557 388 Athanasio,
575 357 718 388 κοινωνούς
736 366 779 392 μοι
797 357 993 392 παρεχομένου,

212 405 274 436 τούς
289 413 316 430 τε
328 404 377 439 τῆς
389 403 568 434 Μακεδονίας,
582 403 628 429 καὶ
644 403 693 437 τῆς
711 403 818 437 Ἀχαΐας
830 402 994 433 ἐπισκόπους

214 450 347 482 ἅπαντας.
380 450 427 478 His
457 450 609 485 impetratis
635 450 731 476 litteris
760 449 905 476 Marcellus
936 453 994 475 tum

213 505 274 527 suo.
297 503 353 524 tum
378 497 462 524 totius
487 497 624 532 Ancyrani
645 496 711 523 cleri
735 495 856 527 nomine,
870 499 994 522 oratores

213 543 296 570 mittit
319 543 351 570 ad
377 543 553 570 Athanasium
571 551 578 574 ;
606 542 756 576 Eugenium
775 542 880 568 scilicet
900 541 994 568 diaco-

213 596 289 619 num,
305 589 436 623 aliosque,
451 589 497 623 qui
511 589 601 615 oblata
621 588 672 615 sibi
686 587 800 614 crimina
817 587 992 622 depellerent,

213 638 239 661 et
268 635 327 661 ﬁdei
359 635 554 669 professionem
580 642 671 661 coram
691 633 841 661 Athanasio
862 638 888 660 et
910 633 993 668 Egy—

213 680 277 714 ptiis
297 681 458 713 pratsulihus
490 682 643 707 recitarem.
665 680 727 707 “me
740 688 822 715 porro
844 680 941 715 legatio
964 680 991 706 in

213 733 313 752 annum
339 726 390 752 572
417 726 558 753 commode
591 725 735 758 referatur,
762 727 840 760 cujus
870 726 991 760 computi

213 772 281 799 ratio
302 772 353 799 hoc
379 773 458 799 modo
483 773 623 799 statuitur.
654 772 771 800 Basilius
793 779 864 799 anno
886 772 938 799 570
962 771 990 798 in

211 817 408 845 Caesariensem
435 819 592 854 episcopum
620 822 763 854 cooptatus
783 822 825 846 est
847 828 852 845 :
872 818 916 844 cui
936 818 990 845 fre-

211 872 298 899 quens
313 873 374 891 cum
388 865 534 893 Athanasio
551 866 726 900 epistolarum
741 873 807 893 usus
824 864 885 897 fuit,
905 864 931 891 in
945 872 992 891 ea-

212 917 270 936 rum
289 918 350 945 qua:
370 915 516 945 supersunt
534 915 671 946 postrema
689 911 722 938 de
742 910 897 938 damnando
919 909 990 937 Mar-

210 956 280 983 cello
295 957 394 992 agitur,
418 964 531 991 eamque
545 965 594 984 nos
609 958 637 984 in
659 964 758 984 annum
779 957 827 983 571
847 956 990 984 conferen-

210 1002 270 1028 dam
284 1006 421 1036 putamus.
445 1003 530 1037 llujus
551 1007 642 1030 autem
666 1003 811 1030 occasione
833 1005 990 1037 susceptam

210 1048 370 1082 legationem
388 1053 414 1076 ct
435 1049 579 1076 adventum
604 1048 716 1084 Eugenii
739 1048 932 1076 Alexandriam
961 1047 989 1074 in

209 1099 366 1129 sequentem
399 1103 501 1122 annum
532 1096 705 1131 conjieimus,
732 1096 795 1130 quia
828 1099 869 1122 tot
896 1094 989 1122 missis

209 1141 281 1167 ultro
308 1141 434 1175 citroque
453 1141 545 1168 Basilii
576 1141 609 1168 ad
631 1141 821 1173 Athanasium,
847 1139 989 1167 Athanasii

209 1186 242 1213 ad
262 1186 392 1215 Basilium
419 1187 527 1220 litteris,
549 1187 614 1214 anni
633 1187 684 1214 370
703 1187 793 1219 ﬁnem,
809 1190 836 1214 et
849 1186 988 1221 sequentis

210 1232 355 1260 maximam
381 1237 484 1267 partem
498 1234 618 1268 elapsam
639 1238 777 1268 putamus.
801 1233 829 1260 Id
847 1237 937 1260 autem
955 1240 987 1260 ex

209 1279 364 1314 conjectura
383 1284 487 1307 tantum
500 1280 628 1311 dicimus,
646 1281 708 1314 quia
722 1280 891 1314 exploratum
912 1279 987 1306 vide-

209 1327 254 1350 tur
277 1324 302 1351 id
325 1325 454 1353 extremis
475 1325 616 1353 Athanasii
637 1326 700 1352 vitro
716 1326 807 1357 annis,
828 1330 854 1352 et
872 1325 988 1353 fortasse

209 1370 347 1397 mensibus
365 1374 456 1397 actum
471 1379 541 1399 esse.
558 1372 682 1400 Attamen
692 1373 802 1400 nonnisi
816 1372 986 1407 augurando,

210 1414 361 1442 litterarum
384 1417 454 1443 ultro
479 1418 601 1452 citroque
621 1418 765 1446 missarum
794 1419 881 1453 spatia
910 1418 988 1445 meti-

209 1467 279 1486 mur.
293 1460 403 1488 Certum
426 1462 605 1490 nihilominus
624 1463 731 1490 videtur
745 1463 778 1490 ab
795 1471 866 1490 anno
883 1463 930 1489 571
953 1462 984 1489 ad

1048 217 1169 244 munitos
1196 218 1297 252 legatos
1333 225 1398 244 suos
1425 217 1459 243 ad
1479 216 1657 244 Athanasium
1680 215 1769 243 misit.
1799 215 1828 242 In

1046 263 1097 290 hac
1120 266 1210 290 autem
1239 263 1370 298 legatione
1393 262 1484 290 omnia
1509 261 1622 289 miriﬁce
1649 261 1792 296 quadrant
1821 272 1827 288 :

1049 315 1111 334 nam
1137 312 1235 342 prteter
1251 308 1311 335 illas
1331 315 1345 334 a
1364 306 1526 334 Macedonia:
1542 311 1568 333 et
1587 306 1697 333 Achaiae
1717 306 1829 341 episeo-

1045 353 1097 387 pis,
1124 361 1178 388 quo
1203 357 1324 389 tempore
1346 353 1384 380 illi
1417 360 1479 379 cum
1509 352 1656 379 Athanasio
1681 351 1715 379 de
1742 352 1828 379 rebus

1045 396 1108 423 lidei
1132 397 1286 431 conjunctis
1309 397 1409 424 animis
1439 397 1603 428 tractabant,
1626 397 1760 431 expetitas
1781 397 1829 423 lit~

1046 446 1142 475 teras;
1167 443 1194 468 in
1225 443 1285 469 fidei
1311 443 1481 477 professione
1514 443 1641 477 legationi
1662 443 1827 478 subjuncta.

1044 490 1142 512 contra
1164 486 1313 514 Anommos
1336 487 1463 517 maxime,
1480 487 1558 521 quasi
1576 491 1641 514 tunc
1655 488 1829 515 tumultuan-

1045 535 1087 558 tes
1110 533 1216 566 agitL-r,
1242 532 1315 567 quod
1338 533 1456 567 apprime
1479 533 1566 560 cidem
1591 535 1706 569 tempori
1723 542 1825 563 conve-

1043 577 1119 609 niat;
1147 580 1174 604 et
1204 584 1265 612 post
1293 577 1354 605 ﬁdei
1395 577 1539 605 formulam
1566 588 1580 606 a
1606 580 1702 615 legatis
1730 588 1825 608 coram

1043 621 1191 649 Athanasio
1228 624 1388 655 recitatam,
1428 624 1667 653 commendatitias
1704 626 1757 660 ipsi
1792 628 1826 653 ab

1042 667 1192 694 Athanasio
1210 667 1315 696 litteras
1335 670 1483 703 postulant,
1505 678 1573 704 quas
1594 670 1765 705 impetratasl
1782 680 1826 707 sy-

1043 713 1113 740 nodo
1133 713 1341 741 Diocmsariensi
1361 715 1543 749 protulerunt,
1559 721 1587 742 ut
1603 715 1674 742 infra
1694 716 1825 743 dicimus.

1094 769 1137 793 ill.
1149 769 1186 794 De
1199 770 1254 794 ﬁdei
1265 770 1416 800 professione
1429 770 1537 795 Marcelli
1547 772 1644 796 nomine
1653 773 1766 797 recitata.

1077 822 1253 854 Athanasius,
1273 823 1360 858 utqui
1381 823 1528 850 multorum
1549 828 1575 850 et
1596 823 1689 852 Basilii
1706 825 1827 851 maxime

1043 871 1154 895 narratu
1173 869 1319 901 abductus,
1337 874 1491 904 suspectam
1505 869 1624 897 Marcelli
1642 870 1723 897 ﬁdem
1740 870 1824 896 habe-

1043 916 1100 944 ret,
1130 918 1253 942 oratores
1275 914 1309 941 de
1329 914 1454 941 doctrina
1478 919 1664 950 percontatur.
1693 914 1736 941 llli
1765 914 1824 941 ﬁdei

1042 958 1187 985 formulam
1221 959 1324 992 edunt,
1363 959 1505 995 primoque
1540 960 1655 987 haeresin
1693 961 1824 988 Arianam

1041 1004 1172 1031 damnant
1191 1005 1361 1032 anathemate
1372 1026 1378 1037 ,
1396 1013 1427 1032 ac
1443 1006 1474 1031 τὸ
1491 1006 1630 1041 ὀμοούσιον
1649 1006 1824 1041 proﬁtentur.

1041 1049 1110 1077 Hinc
1137 1050 1189 1077 sibi
1211 1051 1358 1085 ascriptam
1378 1050 1438 1078 Filii
1461 1057 1486 1078 et
1508 1051 1590 1079 Verbi
1617 1052 1825 1080 distinctionem

1039 1096 1200 1130 repudiant,
1226 1096 1418 1131 aflirmantque
1439 1098 1620 1133 sycophantas
1641 1106 1712 1130 esse,
1732 1099 1780 1133 qui
1799 1107 1826 1125 ac

1039 1149 1071 1168 ca
1084 1142 1117 1168 de
1132 1150 1161 1169 re
1178 1143 1204 1169 in
1225 1143 1328 1170 crimen
1350 1147 1482 1170 vocarent
1502 1153 1507 1169 :
1530 1142 1678 1171 Sabellium
1702 1145 1825 1178 proscri-

1039 1189 1118 1218 bunt,
1136 1193 1247 1224 tresque
1262 1189 1288 1216 in
1307 1189 1439 1218 Trinitate
1452 1190 1632 1218 subsistentes
1648 1189 1823 1217 conﬁtentur.

1038 1233 1076 1259 Οὐ
1088 1233 1152 1268 γὰρ,
1168 1233 1305 1268 inquiunt,
1322 1234 1503 1260 ἀνυπόστατον
1517 1234 1565 1269 τὴν
1576 1234 1680 1269 Τριάδα
1690 1234 1807 1269 λέγομεν
1818 1244 1823 1248 ”

1038 1279 1094 1305 ἀλλ’
1110 1280 1138 1305 ὲν
1158 1279 1303 1306 ὑποστάσει
1325 1280 1408 1314 αὐτὴν
1436 1280 1621 1316 γινώσκομεν·
1647 1281 1675 1308 id
1688 1286 1741 1312 est.
1763 1281 1824 1308 Non

1038 1324 1106 1350 attint
1121 1323 1278 1351 Trinitatem
1294 1326 1350 1352 sine
1367 1324 1515 1352 substantia
1534 1325 1586 1352 sive
1607 1325 1745 1361 hypostan'
1759 1326 1825 1352 dici-

1038 1379 1094 1398 mus
1116 1380 1171 1398 esse
1184 1394 1191 1405 ,
1210 1380 1297 1398 verum
1318 1372 1344 1398 in
1367 1372 1501 1407 Itypostasi
1523 1372 1607 1406 ipsam
1630 1373 1823 1408 cognoscimus.

1038 1417 1088 1444 Ubi
1102 1417 1322 1445 animadvertere
1336 1422 1378 1445 cst
1397 1418 1551 1445 Marcellum
1575 1425 1625 1453 pro
1648 1423 1760 1446 assueto
1774 1418 1824 1445 sibi

1037 1471 1113 1492 more
1124 1472 1207 1491 unam
1222 1468 1328 1491 tantum
1347 1465 1508 1499 hypostasin
1529 1465 1556 1491 in
1578 1465 1712 1492 Trinitate
1728 1464 1823 1492 admit-

208 1507 260 1534 373
278 1515 332 1541 quo
355 1508 521 1536 Athanasius
542 1517 557 1536 e
574 1510 640 1538 vivis
667 1510 795 1542 excessit,
824 1510 985 1545 legationem
1001 1518 1021 1545 ο
1038 1513 1105 1541 tere.
1135 1510 1200 1544 quia
1227 1509 1375 1536 ὑπόστασιν
1401 1518 1450 1544 pro
1477 1510 1633 1538 substantia
1665 1509 1823 1545 accipiebat.

207 1561 269 1580 esse
286 1554 394 1581 factam.

243 1598 276 1625 Ut
306 1604 395 1626 autem
427 1608 487 1627 cum
520 1601 620 1635 negotii
640 1601 736 1632 series,
758 1606 815 1628 tum
844 1601 986 1636 legationis

206 1645 350 1681 γνησιότης
367 1648 487 1680 apertior
506 1647 613 1678 evadat,
630 1648 762 1674 nonnulla
779 1647 823 1674 hic
840 1648 986 1675 observare

206 1698 297 1724 operte
333 1693 450 1725 pretium
486 1692 576 1720 fuerit.
614 1693 748 1720 Nimirum
782 1701 835 1728 quo
865 1697 987 1728 tempore

207 1737 374 1766 Athanasius
400 1743 426 1766 et
441 1739 570 1772 Basilius,
589 1740 680 1768 missis
702 1741 830 1777 utrinque
851 1741 985 1775 epistolis,

207 1783 240 1809 de
260 1784 341 1811 rebus
363 1785 559 1812 ecclesiasticis
587 1786 712 1820 agebant,
738 1786 843 1813 scilicet
860 1787 894 1813 ab
916 1794 987 1813 anno

206 1827 258 1854 570
279 1828 311 1854 ad
329 1829 381 1856 ’575
405 1835 527 1856 mutuam
554 1830 618 1857 item
645 1831 795 1859 Athanasio
816 1831 900 1859 fuisse
925 1839 986 1858 eum

207 1869 329 1905 Epicteto
354 1872 478 1900 Corinthi
502 1878 529 1901 ct
558 1874 618 1902 aliis
642 1875 749 1902 Achaia:
770 1880 796 1903 et
823 1876 988 1904 Macedonia:

204 1915 340 1952 episcopis
360 1918 510 1945 litterarum
537 1919 571 1947 de
594 1920 676 1947 rebus
697 1921 774 1948 ﬁdem
803 1923 988 1956 spectantibus

207 1963 441 1994 consuetudinem,
466 1968 495 1990 ut
518 1965 544 1991 in
566 1965 679 2000 epistola
702 1966 843 1994 Athanasii
869 1968 902 1995 ad
926 1968 988 2003 Epi-

207 2011 307 2034 ctetum
323 2007 447 2036 Corinthi
466 2018 536 2037 anno
555 2011 603 2037 571
630 2012 713 2039 missa
735 2012 826 2039 videre
840 2018 891 2046 est,
910 2014 983 2041 item-

207 2060 259 2086 que
278 2061 309 2080 cx
323 2055 404 2080 allato
418 2063 499 2090 supra
520 2055 612 2084 Basilii
628 2057 687 2085 loco
701 2059 904 2093 comprobatur.
919 2059 986 2087 Cum

208 2106 273 2133 ergo
287 2100 348 2126 novi
372 2100 511 2135 quidpiam
533 2101 567 2129 de
592 2103 727 2130 catholica
745 2104 795 2132 ﬁde
814 2105 840 2132 in
859 2105 988 2133 Ecclesiis

207 2145 315 2172 Achaia:
341 2151 367 2173 et
392 2146 555 2174 Macedonia:
579 2149 737 2183 agitaretur,
768 2159 812 2178 res
843 2152 932 2178 statim
956 2152 987 2179 ad

206 2191 386 2220 Athanasium
399 2193 580 2227 deferebatur,
598 2199 626 2222 ut
643 2197 711 2223 tanti
733 2197 853 2225 (lectoris
867 2199 988 2226 auctori-
1005 2186 1025 2213 υ

207 2242 271 2268 tate,
284 2238 305 2265 si
321 2239 386 2273 quid
403 2240 464 2267 novi
481 2248 495 2266 a
508 2242 662 2269 temerariis
678 2243 842 2276 hominibus,
858 2244 904 2279 qui
921 2244 989 2272 bene

206 2284 285 2310 multi
305 2285 350 2311 illa
376 2291 535 2321 tempestate
553 2292 641 2320 erant,
665 2289 738 2316 circa
756 2289 858 2318 Christi
885 2291 989 2320 doctri-

207 2336 269 2356 nam
289 2329 457 2364 proferretur
476 2332 503 2358 in
523 2333 641 2360 medium
659 2342 666 2367 ;
694 2335 786 2361 statim
804 2335 844 2362 vel
868 2336 988 2370 compri-

207 2379 337 2406 meretur,
366 2376 405 2403 vel
430 2377 629 2411 confutaretur,
656 2387 690 2406 ne
718 2380 856 2414 vulgatum
886 2382 987 2407 malum

206 2419 288 2447 latius
305 2425 437 2455 serperet.
453 2422 491 2450 Ne
513 2425 607 2456 multa,
626 2426 698 2452 inter
722 2426 863 2461 episcopos
879 2427 988 2454 Achaize

205 2469 231 2491 et
252 2465 431 2494 Athanasium
457 2470 525 2495 mira
551 2474 610 2496 erat
640 2471 771 2498 doctrinm
797 2476 823 2498 et
847 2473 987 2507 religionis

205 2513 395 2539 consonantia.
408 2513 476 2540 Cum
490 2522 554 2550 ergo
569 2515 712 2544 Marcellus
733 2526 762 2545 se
779 2526 792 2544 a
812 2517 923 2550 Basilio,
940 2521 986 2554 qui

206 2557 269 2583 item
299 2566 395 2594 magna
422 2564 481 2586 erat
504 2561 577 2595 apud
606 2562 785 2590 Athanasium
813 2565 984 2597 auctoritate,

206 2603 304 2631 acriter
329 2605 480 2640 impetitum
499 2612 636 2639 cerneret,
661 2616 692 2635 ac
716 2609 865 2645 instigante
884 2611 985 2638 Basilio

207 2655 235 2674 se
252 2649 285 2676 ab
305 2649 453 2679 Athanasio
469 2653 654 2681 damnandum
671 2655 729 2682 fore
749 2657 938 2691 prospiceret;
958 2661 987 2684 ut

207 2693 274 2718 tanti
300 2696 411 2728 periculi
433 2697 544 2729 molem,
561 2699 751 2734 episcoporum
765 2701 875 2729 Achaiae
889 2706 916 2728 et
933 2702 987 2728 Ma-

208 2737 326 2765 cedonia:
353 2742 600 2774 commendatione.
629 2744 792 2777 declinaret,
819 2746 925 2773 litteras
954 2746 988 2773 ab

1038 1554 1096 1587 Qua
1111 1554 1144 1581 de
1160 1561 1190 1581 re
1209 1557 1301 1581 actum
1318 1557 1360 1581 est
1377 1554 1404 1580 in
1428 1555 1533 1589 synodo
1546 1553 1732 1581 Alexandrina
1753 1561 1823 1580 anno

1038 1600 1100 1632 562,
1117 1599 1162 1626 ubi
1176 1599 1268 1626 allatis
1286 1599 1358 1626 ultro
1380 1600 1508 1633 citroque
1524 1599 1689 1632 rationibus,
1714 1604 1768 1626 tam
1791 1599 1823 1626 iis

1038 1647 1084 1680 qui
1103 1653 1185 1672 unam
1203 1649 1319 1679 tantum,
1339 1654 1354 1673 e
1369 1653 1485 1680 quorum
1505 1653 1617 1673 numero
1635 1645 1822 1677 Marcelliani;

1038 1700 1118 1728 quam
1135 1693 1168 1720 iis
1182 1693 1228 1727 qui
1243 1696 1299 1720 tres
1311 1693 1472 1727 hypostases
1489 1692 1698 1727 proﬁtebantur,
1715 1695 1745 1719 ut
1761 1700 1825 1719 suas

1039 1738 1089 1765 sibi
1107 1738 1237 1765 formulas
1253 1739 1403 1766 retinerent
1420 1745 1582 1766 concessum
1599 1742 1657 1771 est;
1673 1738 1738 1765 dum
1750 1738 1768 1765 ii
1779 1738 1824 1772 qui

1039 1792 1133 1815 unam,
1150 1785 1231 1812 trimo
1258 1784 1484 1818 distinctionem;
1506 1785 1524 1812 ii
1541 1793 1604 1812 vero
1630 1785 1675 1820 qui
1700 1789 1760 1811 tres
1779 1785 1819 1819 hy-

1039 1833 1161 1863 postases
1194 1829 1334 1860 dicebant,
1366 1829 1497 1856 unitatem
1522 1828 1679 1856 substantiae
1716 1829 1823 1863 proﬁte-

1038 1880 1143 1902 rentur.
1163 1875 1219 1902 Sub
1243 1875 1299 1902 hmc
1323 1879 1412 1903 autem
1434 1879 1531 1903 contra
1551 1877 1700 1903 Anomwos
1724 1874 1822 1910 agitur,

1038 1922 1084 1957 qui
1105 1921 1202 1948 Filium
1220 1922 1293 1948 Patri
1318 1921 1489 1952 dissimilem,
1514 1920 1647 1956 Spiritum
1679 1928 1747 1948 vero
1761 1928 1822 1948 sat:-

1039 1970 1113 1993 ctum
1127 1970 1281 1994 creaturam
1295 1974 1356 1994 esse
1369 1967 1506 1994 dicebant.
1529 1965 1598 1994 Hinc
1616 1965 1777 2001 proeeditur
1792 1966 1822 1992 ad

1039 2019 1136 2039 eorum
1159 2011 1354 2047 repudiandam
1377 2012 1550 2044 sententiam,
1572 2012 1617 2046 qui
1638 2011 1765 2038 dicerent
1780 2010 1822 2037 Fi-

1040 2057 1106 2083 lium
1133 2055 1180 2084 Dei
1203 2057 1231 2084 in
1254 2061 1376 2084 sanctum
1400 2057 1536 2084 hominem
1563 2065 1595 2084 ex
1622 2056 1707 2082 Maria
1733 2061 1822 2083 natum

1043 2101 1157 2135 perinde
1176 2105 1257 2136 atque
1274 2102 1299 2128 in
1316 2102 1432 2137 aliquem
1452 2110 1483 2129 ex
1501 2102 1640 2137 prophetis
1655 2101 1801 2129 advenisse
1817 2113 1820 2127 ;

1041 2155 1122 2182 quam
1137 2147 1252 2174 hazrcsin
1268 2155 1282 2174 a
1302 2147 1387 2175 Paulo
1410 2146 1598 2179 Samosatcno,
1621 2151 1650 2174 ut
1667 2148 1822 2182 putabatur.

1041 2198 1144 2227 ortam,
1167 2200 1261 2229 postea
1283 2194 1476 2229 redintegravit
1499 2193 1652 2226 Nestorius,
1669 2202 1726 2230 qua
1747 2195 1780 2222 de
1799 2202 1822 2221 re

1042 2239 1134 2274 gravia
1157 2240 1183 2266 in
1205 2239 1316 2266 Oriente
1335 2239 1448 2266 dissidia
1468 2239 1583 2266 excitata
1606 2244 1671 2266 sunt
1683 2249 1695 2266 v:
1717 2239 1822 2267 demum

1042 2285 1169 2312 damnata
1198 2285 1273 2311 Pauli
1298 2283 1466 2312 Samosateni
1489 2288 1517 2311 et
1542 2284 1652 2312 Photini
1675 2285 1821 2320 impietate,

1041 2330 1177 2357 clauditur
1197 2330 1258 2357 ﬁdei
1275 2330 1401 2363 formula,
1416 2338 1469 2366 qua
1488 2331 1589 2358 nullam
1610 2336 1712 2366 quarto
1728 2333 1821 2359 sacqu

1042 2375 1248 2402 luculentiorem
1261 2395 1267 2407 ,
1286 2375 1402 2410 ﬁdeique
1420 2375 1566 2403 Catholica:
1582 2377 1820 2411 congruentiorem

1041 2428 1171 2448 νεοίη-ηις.

1090 2429 1171 2448 erras.

1071 2429 1089 2456 ρ
1108 2466 1146 2490 1V.
1159 2467 1196 2492 De
1208 2467 1426 2498 subscriptionibus
1437 2467 1606 2499 .‘Egypliorum
1618 2470 1763 2499 presulum.

1075 2517 1131 2546 Hac
1152 2518 1223 2545 edita
1241 2518 1430 2550 confessione,
1445 2523 1569 2547 oratores
1588 2520 1821 2547 commendatitias

1040 2564 1146 2590 litteras
1161 2564 1194 2591 ab
1210 2564 1359 2592 Athanasio
1371 2565 1510 2600 postulant
1523 2566 1739 2602 impetrantque.
1759 2567 1821 2593 Tum

1040 2610 1205 2638 Athanasius
1226 2611 1382 2646 caaterique,
1397 2611 1442 2646 qui
1463 2612 1608 2638 conventui
1631 2612 1834 2641 interfuerant..

1042 2655 1102 2683 fidei
1126 2655 1324 2690 professionem
1349 2656 1486 2691 suﬁragiis
1502 2661 1528 2684 et
1548 2657 1756 2692 subscriptione
1777 2666 1820 2686 sua

1042 2702 1177 2728 muniunt.
1197 2701 1242 2729 Hae
1257 2709 1338 2737 porro
1360 2702 1575 2737 subscriptiones
1598 2703 1705 2730 mutila;
1723 2703 1757 2730 ad
1776 2711 1820 2729 nos

1016 2765 1019 2767 -
1042 2747 1226 2780 devenerunt;
1247 2748 1284 2775 ita
1305 2753 1334 2776 ut
1349 2749 1490 2776 Athanasii
1509 2755 1621 2783 nomen,
1636 2750 1713 2785 quod
1727 2749 1819 2777 suffra~

235 2814 274 2848 (2)
290 2815 374 2850 Epist.
393 2819 435 2846 75.
457 2820 523 2847 Vide
542 2821 604 2847 item
616 2822 696 2855 epist.
715 2823 855 2850 Athanasii
873 2823 905 2850 ad
922 2824 1072 2856 Epictetum
1090 2825 1222 2852 Corinthi.
