1905 3072
82 119 93 146 Ι
101 119 150 147 297

699 124 868 152 MARCELLI
885 124 1060 152 ANUYRANI

1628 128 1637 153 i
1645 130 1692 154 23.5

78 178 134 213 giis
154 177 224 204 haud
238 178 318 205 dubie
328 180 496 214 pra‘missum
515 181 612 215 fuerat,
626 191 678 210 non
697 189 861 218 compareat,
878 187 899 214 Δ
914 193 965 211 non
983 189 1069 211 tamen
1093 185 1198 212 licuisse
1224 187 1292 213 vobis
1316 187 1379 220 ipsis
1399 195 1451 213 rem
1478 187 1544 213 tanti
1571 193 1692 214 momenti

80 228 256 260 quatuorque
281 229 384 252 tantum
406 228 551 262 praesulatu
581 230 692 256 nomina
712 230 860 264 supersint.

80 269 192 296 Primus
216 274 258 298 cst
278 270 434 300 'l‘hcotlulus
460 273 618 309 ()xyrint-hi.
637 276 716 310 cujus
737 276 862 310 nuspiam

83 317 219 344 memoria
249 319 378 345 occurrit.
410 320 483 347 Alter
506 324 563 353 est,
593 321 689 350 Plcnes
719 323 863 357 cpiscopus

82 362 244 396 llermothi,
267 364 323 392 sive
342 364 490 399 Hcrmcthi,
512 367 534 394 is
553 367 620 402 ipse,
641 372 670 394 ut
687 369 803 400 videtur,
818 369 863 404 qui

83 409 122 437 ab
142 409 297 438 Alexandro
319 411 471 444 ordinatus,
491 413 524 440 ab
539 414 647 441 Arianis
664 414 691 441 in
707 414 865 442 Ammonia-

83 463 147 483 cam
171 456 307 492 relegatus
333 457 419 485 fuerat
448 467 520 486 anno
540 460 601 492 356,
625 461 725 496 quique
751 461 807 496 jam
838 462 864 488 in

83 502 248 537 episcopatu
280 510 471 532 consenuerat.
506 505 614 533 Tertius
651 511 693 534 est
728 506 866 542 lschyrion

84 547 232 582 episcopus
249 546 362 581 Leonto,
381 550 437 577 sive
448 549 623 586 Lcontopolis
640 562 646 578 :
667 551 736 579 idem
753 553 867 580 fortasse

84 592 135 627 qui
156 593 183 619 in
200 593 304 628 synodo
321 594 401 629 Tyria
425 602 535 623 causam
556 597 698 625 Athanasii
721 606 783 624 cum
808 598 868 625 aliis

87 638 224 674 {Egyptiis
243 640 404 674 praesulibus
419 646 528 669 strenue
543 643 636 677 gessit.
654 643 810 671 Postremus
828 648 869 671 est

85 683 165 711 Isaae
186 685 342 720 episcopus.
362 684 447 716 Cuius
466 688 585 714 nominis
605 688 715 723 quidam
736 689 870 724 reperitur

86 731 161 756 inter
174 728 314 765 Egyptios
333 733 476 766 episcopos
499 732 526 760 in
546 733 794 769 subscriptionibu‘s
807 733 870 760 Sar-

86 773 259 802 dicensibus.
274 775 325 802 Alii
340 775 546 804 interciderunt.

295 852 323 877 V.
337 853 382 882 Qui
394 853 465 878 fuerit
477 856 569 886 negotii
581 856 670 881 exitus.

125 922 185 950 Jam
201 931 265 951 vero
281 928 375 957 restat,
391 930 421 953 ut
438 927 484 961 qui
501 927 567 954 tanti
590 929 690 964 negotii
710 930 798 958 exitus
813 931 871 959 fueﬁ

89 970 125 996 rit
144 970 308 1004 aperiamus.
327 972 492 1000 Athanasius
503 981 574 1002 anno
590 974 642 1002 575
651 975 796 1004 defunctus
812 983 869 1004 est:

91 1015 238 1044 Marcellus
263 1024 328 1044 vero
352 1019 475 1052 sequenti
491 1019 542 1046 3H
563 1024 592 1046 ut
607 1020 709 1047 dictum
735 1027 786 1048 est.
809 1022 872 1049 Post

89 1059 154 1093 ejus
169 1060 283 1094 obitum,
308 1062 390 1095 paulo
414 1066 558 1098 antequam
574 1063 607 1091 de
630 1063 754 1093 Marcello
770 1067 869 1094 scribe~

91 1109 134 1132 ret
151 1104 326 1140 Epiphanius,
347 1114 408 1134 nam
430 1116 486 1135 rem
519 1109 563 1136 ille
578 1110 722 1137 admodum
741 1120 872 1146 nuperam

91 1160 157 1180 esse
181 1153 352 1186 testificatur,
366 1155 476 1189 quidam
492 1154 627 1191 Ancyrani
644 1165 676 1184 ex
693 1157 810 1186 Marcelli
833 1160 874 1186 di-

92 1198 218 1233 scipulis,
245 1198 337 1226 Patres
363 1199 537 1228 Diocaasarea:
562 1209 611 1236 pro
641 1202 691 1230 ﬁde
721 1204 874 1233 exsulantes

93 1244 241 1278 adierunt;
270 1245 396 1274 videlicet
423 1246 570 1279 Photinus,
603 1248 778 1282 Eustathius,
807 1251 876 1278 alter

94 1291 246 1324 Photinus,
275 1291 406 1326 Sigerius,
433 1293 601 1328 presbyteri;
631 1293 753 1329 Hyginus
787 1296 877 1323 diaco-

94 1345 166 1369 nus,
193 1337 348 1365 ﬂeraclides
375 1338 574 1371 subdiaconus,
601 1339 731 1374 Cyriacus
761 1343 876 1377 προστά-

93 1391 157 1418 της,
170 1383 195 1409 id
208 1387 258 1415 est,
277 1387 407 1419 patronus
423 1385 465 1412 vel
476 1384 612 1417 defensor,
627 1386 794 1421 prolatisque
806 1395 877 1414 com-

94 1428 265 1456 mendatitiis
289 1433 316 1456 et
336 1430 587 1457 eommunieatoriis
613 1431 754 1458 Athanasii
780 1432 877 1460 litteris

94 1481 167 1508 quas
190 1481 205 1500 a
222 1474 318 1509 legatis
335 1475 483 1510 postulatus
500 1475 712 1511 impetratasque
728 1485 809 1512 supra
825 1485 878 1505 me-

913 231 1078 263 permittere;
1102 231 1146 258 sed
1168 233 1314 264 oportuisse
1328 241 1418 259 eorum
1436 233 1479 266 qui
1499 237 1551 258 tum
1574 234 1600 259 in
1621 233 1682 260 Orci

914 275 999 306 dente,
1024 284 1100 310 quam
1119 277 1145 303 in
1167 277 1273 304 Oriente
1288 283 1378 304 vestro:
1398 277 1587 304 ennmnnionis
1608 283 1694 305 erant.

914 321 1030 349 calculos
1054 326 1080 349 ει
1103 323 1257 350 sententiam
1283 324 1353 350 circa
1378 323 1566 350 restitutionem
1591 323 1692 349 illorun

914 373 1074 401 exspectare.
1096 367 1157 396 ΙΙωο
1185 368 1322 402 Basilius;
1351 369 1392 396 vel
1417 369 1545 403 ignorans
1570 376 1611 400 ea,
1637 376 1694 403 qua'

915 411 1086 440 Alexandria:
1110 411 1136 438 in
1161 413 1275 446 gratiam
1295 413 1411 440 Marcelli
1433 418 1459 440 et
1482 414 1646 440 asseclarum
1665 413 1695 439 ab

915 457 1064 485 Athanasio
1081 463 1155 493 gesta
1177 458 1301 490 fuerant;
1318 459 1369 489 vel,
1388 463 1417 485 ut
1431 467 1494 485 vero
1510 458 1635 490 similius,
1657 466 1685 484 ra

916 508 961 531 tus
979 503 1134 530 Marcellum
1160 507 1186 530 et
1215 503 1404 531 Marcellianos
1430 505 1454 530 in
1482 504 1540 531 lidci
1562 504 1695 535 formulis,

917 557 985 584 quas
1010 549 1159 576 Athanasio
1186 553 1212 576 et
1242 549 1499 577 Dioczcsarimsibus
1526 549 1696 580 obtulerant.

918 595 1031 622 subdole
1046 598 1072 622 ct
1089 595 1275 622 fraudulenter
1290 597 1386 631 egisse.
1411 596 1467 623 Etsi
1483 603 1546 622 vero
1566 595 1694 622 Dioczcsa-

918 639 1048 666 riensium
1065 639 1098 665 ad
1115 638 1243 666 llasilium
1262 648 1421 674 responsura
1440 648 1574 674 nusquam
1591 647 1692 674 compa

919 689 994 718 reat,
1018 693 1079 712 cum
1101 686 1182 712 rebus
1200 686 1275 720 ipsis,
1298 691 1354 713 tum
1372 686 1601 721 subsequentibus
1617 687 1698 721 gestis

920 732 1109 764 suadentibus,
1138 733 1308 767 exploratum
1340 733 1454 763 videtur,
1477 732 1699 759 Diocaasaricnses

922 777 1025 805 Basilio
1037 778 1191 813 reposuisse
1207 788 1213 804 2
1229 786 1283 805 non
1302 778 1410 806 licuisse
1426 779 1476 806 sibi
1494 779 1537 809 iis,
1551 777 1597 812 qui
1607 785 1700 804 onmcs

923 823 1049 851 Marcello
1069 823 1215 850 attributes
1229 831 1337 851 errores
1367 824 1583 858 proscripserant
1595 822 1696 849 anatho

922 877 1046 904 maleque
1058 869 1230 900 damnarant.
1248 870 1349 905 quique
1368 870 1482 905 symboli
1501 869 1602 896 Niczeni
1624 868 1700 895 ﬁdem

920 916 1046 951 professi,
1072 918 1183 950 insuper
1198 923 1212 942 a
1232 923 1329 950 magno
1347 916 1391 942 illo
1413 915 1562 942 Athanasio
1579 915 1694 948 aliisque

922 959 1056 997 Aigyptiis
1073 962 1207 996 episcopis
1232 962 1332 996 recepti
1357 961 1522 995 admissique
1542 960 1657 991 fuerant,
1674 963 1702 986 ul.

921 1007 1040 1041 ejusdem
1059 1006 1199 1034 Athanasii
1212 1007 1308 1034 littera:
1326 1006 1404 1034 ﬁdem
1424 1006 1568 1036 faciebant,
1583 1013 1703 1033 comatu-

922 1052 1030 1079 nionem
1060 1053 1273 1080 ecclesiasticam
1298 1052 1441 1087 denegare.
1467 1051 1513 1079 llis
1534 1051 1653 1079 demum.
1674 1055 1703 1078 ut

922 1098 1032 1125 credere
1058 1102 1110 1130 cst,
1136 1098 1275 1133 mitigatus
1308 1097 1444 1129 Basilius.
1472 1098 1534 1125 licet
1558 1105 1645 1132 :egrc,
1671 1097 1702 1123 ad

923 1143 1110 1170 Marcellianos
1125 1143 1293 1178 recipiendos
1308 1144 1428 1170 animum
1444 1143 1558 1178 appulit.
1571 1150 1601 1170 ea
1613 1147 1703 1169 tamen

923 1189 1049 1216 cautione
1060 1193 1129 1216 utne.
1138 1189 1274 1216 videretur
1281 1197 1310 1217 se
1323 1189 1356 1216 ad
1364 1188 1551 1216 Marcellianos
1558 1189 1704 1216 accessisse

924 1234 972 1262 sed
989 1233 1179 1262 Marcellianos
1192 1234 1218 1261 in
1234 1233 1384 1262 Ecclesiam
1399 1233 1446 1261 Dei
1467 1234 1594 1261 reductos
1610 1233 1703 1260 fuisse.

925 1279 987 1307 ΙΙωο
1000 1280 1100 1315 quippe
1119 1280 1215 1308 scribit
1232 1279 1323 1314 (epist.
1336 1280 1398 1312 5'2!)
1416 1279 1449 1306 ad
1466 1279 1572 1306 l’etrum
1591 1279 1706 1306 Alexan-

925 1325 1034 1353 drinum
1051 1326 1193 1361 prmsulem
1206 1336 1211 1353 :
1224 1325 1357 1358 Πολλάκις
1369 1324 1414 1353 οὖν
1427 1325 1549 1360 ὀχληοεὶς
1567 1325 1640 1360 παρὰ
1654 1325 1706 1352 τῶν

926 1371 1062 1402 Γαλατῶν,
1087 1371 1213 1398 οὐδέποτε
1236 1371 1370 1406 ὴδυνήοην
1395 1372 1485 1403 αὐτοῖς
1512 1370 1707 1405 ἀποκρίνασθαι

927 1417 1067 1452 ἀναμένων
1095 1417 1144 1448 τὰς
1172 1417 1307 1453 ὑμετέρας
1323 1417 1485 1452 ’ἐπικρίσεις
1514 1415 1706 1452 ιάποκρίσειςῖ.

927 1461 982 1487 Καὶ
996 1461 1052 1491 νῦν,
1066 1461 1112 1488 ἐὰν
1128 1462 1142 1487 ὁ
1155 1461 1255 1497 Κύριος
1268 1461 1314 1496 δῷ,
1328 1462 1374 1488 καὶ
1388 1461 1534 1496 θελήσωσιν
1547 1460 1708 1496 ἀναυέσθαι

95 1520 240 1553 minimus,
264 1521 325 1548 ﬁdei
349 1521 548 1550 confessionem
573 1523 656 1549 edunt
674 1523 722 1558 (ll,
743 1524 787 1550 cui
804 1531 876 1558 sym-

929 1506 1016 1542 ὴμῶν,
1034 1506 1179 1542 ἐλπίζομεν
1195 1507 1239 1533 τὸν
1253 1507 1315 1534 λαὸν
1332 1507 1475 1543 προτάξειν
1489 1509 1522 1542 τῇ
1543 1507 1690 1541 Ἐκκλησίᾳ.
1700 1515 1706 1521 ·

95 1566 191 1593 bolum
210 1566 347 1593 Nicazntun
371 1567 546 1594 subnectunt.
566 1567 612 1594 Est
636 1572 726 1595 autem
742 1567 877 1595 confessio

97 1619 156 1638 non
172 1611 303 1639 absimilis
330 1611 354 1638 ei
375 1619 455 1646 quam
476 1612 624 1640 Athanasio
640 1612 793 1640 obtulerant
809 1622 814 1639 :
832 1621 877 1640 vc-

97 1665 162 1684 rum
178 1657 206 1684 in
220 1657 270 1684 hac
283 1657 394 1690 diserte,
409 1658 472 1693 τρία.
485 1658 627 1694 πρόσωπα,
649 1659 706 1685 sive
720 1662 775 1686 tres
790 1666 879 1693 perso-

98 1711 152 1731 nas
175 1703 202 1730 in
229 1703 361 1730 Trinitate
382 1703 554 1736 conﬁtentur,
575 1703 645 1738 quod
664 1711 730 1730 sane
758 1704 879 1738 magistri

97 1748 144 1775 sui
166 1748 285 1775 Marcelli
308 1747 427 1782 opinioni
443 1747 565 1782 apprime
581 1751 713 1775 consonat
729 1757 735 1774 :
752 1755 813 1773 nam
835 1747 880 1774 ille

98 1794 187 1822 Deum
211 1794 411 1829 τριπρόσωπον,
429 1793 486 1820 sive
503 1793 706 1828 tripersonalem
723 1800 784 1820 esse
803 1792 878 1824 dicit,

99 1847 156 1875 qua
172 1840 205 1867 de
230 1848 259 1867 re
283 1844 425 1867 aecusatus
450 1839 484 1865 ab
506 1838 622 1866 Eusebio
640 1838 727 1865 fuerat
746 1847 752 1865 τ
773 1845 880 1865 errores

67 1905 73 1911 .
98 1893 167 1912 vero
191 1884 369 1912 Marcellianis
387 1885 518 1919 ascriptos
536 1885 708 1912 anathemate
739 1885 878 1911 damnant.

101 1930 152 1957 liis
165 1930 318 1965 conspectis
331 1929 555 1957 Dioczesarienses
571 1930 750 1963 confessores,
764 1930 810 1965 qui
827 1931 882 1965 ple-

101 1977 181 2011 rique
198 1984 292 2004 omnes
306 1977 454 2004 Athanasio
471 1976 617 2004 familiares
631 1976 747 2008 fuerant,
762 1977 836 2011 ipsos
848 1977 881 2003 ad

100 2022 321 2049 communionem
346 2022 490 2056 recipiunt.
516 2023 550 2049 At
577 2021 692 2050 Basilius
709 2022 800 2059 (epist.
820 2022 881 2057 295)

99 2068 242 2095 ardentior
263 2067 455 2095 ecciesiasticaa
469 2068 528 2095 ﬁdei
553 2059 721 2095 vindicanda)
745 2068 881 2102 cupidine,

100 2114 167 2148 quia
184 2114 267 2152 semel
281 2117 440 2148 conceptam
463 2113 496 2139 de
522 2112 638 2140 Marcelli
663 2114 802 2148 impietate
824 2114 884 2148 opi-

102 2162 213 2188 nionem
233 2160 276 2187 vix
295 2160 404 2186 missam
429 2159 517 2186 facere
533 2163 649 2194 poterat,
666 2167 727 2186 cum
749 2159 883 2186 Dioczesa-

101 2206 242 2233 riensihus
272 2205 395 2240 patribus
419 2213 472 2232 non
499 2205 592 2232 leviter
620 2205 783 2239 expostulat,
810 2204 881 2239 quod

101 2251 293 2278 Marcellianos
322 2251 355 2277 ad
383 2251 602 2279 communionem
633 2250 793 2277 inconsultis
825 2250 884 2277 aliis

104 2297 244 2331 episcopis
259 2296 417 2323 admiserint
433 2306 438 2323 :
457 2297 494 2323 ait
509 2304 573 2324 vero
587 2306 592 2323 :
609 2296 682 2328 Τέως
710 2295 738 2322 δὲ
755 2295 802 2322 νῦν
818 2304 884 2322 κατε

103 2342 238 2375 αξιώσατε
265 2343 330 2377 ἡμῖν
351 2343 507 2370 ἀποστεῖλαι
524 2343 573 2374 τὰς
588 2342 749 2376 προτάσεις,
775 2341 816 2375 ἐφ’
843 2337 885 2372 αἷς

103 2387 232 2420 ἐδέξασθε
253 2388 315 2418 τοὺς
340 2387 516 2423 Μαρκέλλου·
535 2389 621 2414 ἐκεῖνο
637 2387 746 2419 εἰδότες,
767 2387 818 2419 ὅτι,
835 2387 886 2413 κᾶν

104 2433 177 2459 πάνυ
198 2432 229 2458 τὸ
245 2431 305 2458 καθ’
321 2432 433 2463 ἑαυτοὺς
455 2432 648 2468 ἀσφαλίσησοε,
669 2432 759 2467 μόνοις
781 2432 886 2462 ἑαυτοῖς

104 2478 249 2513 ἐπιτρέψαι
266 2479 380 2513 πρᾶγμα
399 2478 523 2504 τοσοῦτον
539 2479 588 2504 οὐκ
604 2478 736 2512 ὀφείλετε·
755 2477 821 2504 ἀλλὰ
835 2478 887 2512 χρὴ

106 2524 232 2555 καὶτοὺς
255 2525 284 2549 ἐν
301 2525 333 2558 τῇ
357 2523 441 2556 δύσει,
463 2524 508 2550 καὶ
524 2524 585 2555 τοὺς
609 2524 678 2550 κατὰ
694 2523 742 2559 τὴν
758 2523 888 2558 ἀνατολὴν

107 2570 282 2601 κοινωνικοὺς
310 2569 470 2604 συμψήφους
494 2569 582 2595 αὐτῶν
608 2571 640 2604 τῇ
669 2569 888 2596 ancus-tactiost

107 2615 250 2649 γενέσθαι·
279 2615 305 2642 id
331 2621 371 2642 est
388 2625 394 2642 :
414 2615 456 2642 Vel
479 2623 546 2642 nunc
569 2615 662 2642 saltent
688 2615 761 2642 nobis
788 2616 889 2642 mittere

107 2662 251 2696 dignemini
267 2662 382 2688 rationes
399 2666 425 2687 et
439 2669 544 2692 causas,
560 2660 652 2695 quibus
673 2660 707 2687 ad
730 2660 888 2695 recipiendos

111 2706 232 2733 διακειὶί
250 2707 366 2742 gregales
387 2706 485 2733 inducti
498 2707 560 2733 estis
577 2714 584 2732 :
602 2715 651 2733 non
676 2707 766 2738 nescii,
784 2707 889 2733 etiamsi

111 2762 151 2780 res
172 2757 269 2780 vestras
294 2758 348 2779 toto
367 2758 391 2779 et
410 2752 572 2780 considerate
593 2753 716 2779 statuisse
740 2752 888 2784 ridemnini,

149 2821 186 2851 ll)
208 2819 338 2850 Eniphan.
358 2829 382 2850 ι).
400 2819 460 2847 8ιὸ.

929 1551 965 1583 ὡς
977 1552 1012 1587 μὴ
1021 1553 1116 1584 αὐτοὺς
1131 1553 1203 1588 ἡμᾶς
1216 1552 1608 1588 ὀνειδίζεσθαιΜαρκελλιανοίς
1624 1561 1708 1588 προσ-

929 1599 1125 1634 κεχωρηκέναι,
1141 1598 1197 1625 ἀλλ¹
1221 1598 1339 1630 ἐκείνους
1358 1598 1424 1634 μέλη
1445 1598 1569 1632 γενέσθαι
1586 1599 1632 1625 τοῦ
1659 1598 1709 1625 σώη

932 1652 1015 1679 ματος
1032 1644 1080 1679 τῆς
1111 1643 1273 1679 Ἐκκλησίας
1288 1643 1334 1670 τοῦ
1351 1643 1467 1679 Χριστοῦ
1479 1653 1485 1658 ·
1510 1643 1578 1670 ὥστε
1597 1644 1642 1671 τὸν
1659 1653 1707 1670 πο-

929 1691 1008 1726 νηρὸν
1026 1690 1107 1724 ψόγον
1128 1690 1173 1717 τὸν
1194 1690 1443 1717 κατασκεδασθέντσ.
1464 1691 1495 1717 ὲκ
1520 1691 1566 1726 τῆς
1581 1691 1710 1726 αἱρέσεως

930 1736 1139 1770 ἐναφανισοῆναι
1150 1737 1182 1770 τῇ
1199 1736 1319 1771 ἡμετέρᾳ
1333 1735 1490 1771 προσλήψειμ
1514 1736 1560 1762 καὶ
1583 1737 1620 1772 μὴ
1636 1737 1709 1771 ἡμᾶς

930 1783 1158 1817 καταισχυνοῆναι
1172 1783 1209 1813 ὡς
1229 1782 1438 1817 προσθεμένους.
1453 1782 1546 1810 Crteca
1557 1774 1656 1809 afferre
1670 1782 1710 1809 vi-

931 1836 990 1856 sum
1004 1834 1054 1860 est,
1078 1829 1140 1863 quia
1164 1828 1276 1863 insignis
1301 1828 1344 1856 hic
1365 1828 1440 1855 locus
1463 1836 1478 1854 a
1496 1827 1602 1854 lilicrzeo
1625 1828 1710 1854 inter-

932 1877 1007 1908 prete
1019 1877 1181 1908 prchostere
1192 1881 1287 1900 versus
1300 1873 1386 1900 fuerat
1401 1883 1408 1900 :
1427 1873 1467 1900 sic
1486 1880 1537 1900 nos
1552 1873 1708 1900 reddimus:

933 1918 1035 1945 Calatis
1052 1919 1199 1954 frequenter
1217 1923 1240 1945 et
1260 1918 1365 1946 moleste
1381 1918 1542 1953 urgentibus,
1562 1917 1646 1944 adhuc
1659 1926 1710 1944 non

932 1965 1004 1998 potui
1017 1964 1159 2000 quidquam
1181 1964 1343 1998 respondere,
1365 1964 1433 2000 quod
1455 1969 1565 1991 vestram
1582 1968 1712 1998 exspecta-

933 2019 986 2037 rem
1002 2011 1204 2045 responsionem.
1223 2009 1299 2037 Num:
1313 2015 1409 2042 autem,
1426 2012 1448 2037 si
1467 2011 1558 2045 faverit
1575 2010 1711 2042 Dominus,

934 2057 1057 2092 nobisque
1075 2057 1125 2090 ipsi
1143 2056 1263 2091 morigeri
1283 2064 1339 2082 esse
1357 2057 1443 2088 velint,
1459 2065 1592 2089 speramus
1607 2065 1652 2083 nos
1664 2064 1712 2090 po-

933 2103 1024 2137 pulant
1041 2103 1066 2128 in
1086 2102 1230 2128 Ecclesium
1254 2101 1406 2128 reducturos
1429 2110 1500 2133 esse;
1523 2107 1550 2128 ut
1569 2110 1600 2128 ne
1613 2102 1713 2135 possint

935 2150 1002 2176 illud
1019 2150 1093 2177 nobis
1110 2149 1278 2184 exprobrare,
1294 2157 1341 2175 nos
1359 2149 1392 2175 ad
1411 2141 1642 2175 Marcellionorum
1657 2157 1714 2182 par-

936 2201 973 2222 tes
990 2195 1146 2225 accessisse;
1156 2194 1200 2220 sed
1212 2202 1268 2220 nere
1277 2193 1383 2220 dicatur
1393 2194 1452 2220 illos
1466 2193 1581 2220 membra
1596 2200 1713 2227 corporis

936 2240 1058 2267 Ecclesiw
1065 2239 1163 2266 Christi
1171 2239 1254 2273 factos
1261 2248 1314 2266 esse
1321 2247 1329 2269 ;
1339 2240 1376 2266 ita
1384 2243 1411 2265 ut
1419 2241 1616 2273 circumquaque
1623 2246 1716 2272 sparsa

935 2287 1061 2313 Iurreseos
1071 2286 1143 2312 illius
1153 2286 1274 2319 infantia,
1282 2293 1326 2319 per
1341 2293 1429 2311 eorum
1438 2285 1472 2310 ad
1480 2293 1526 2311 nos
1543 2285 1715 2311 accessionem

936 2332 1169 2366 admissionemque
1178 2331 1208 2358 de
1219 2331 1301 2358 medio
1313 2331 1432 2361 tollatur,
1443 2338 1522 2364 neque
1531 2338 1577 2357 nos
1593 2335 1715 2365 tanquam

937 2377 970 2404 ad
983 2382 1070 2412 partes
1084 2385 1172 2404 eorum
1187 2377 1347 2407 accedentes,
1364 2376 1462 2409 pudore
1475 2385 1505 2403 ac
1520 2375 1644 2402 dedecore
1659 2377 1715 2410 oﬂi—

937 2423 1049 2449 ciamur.
1066 2421 1317 2453 Hteceondilio,hic
1334 2421 1430 2448 modus
1448 2428 1462 2447 a
1480 2421 1579 2448 Basilio
1592 2428 1641 2456 pro
1651 2421 1718 2447 Mar-

938 2468 1061 2496 cellianis
1079 2467 1243 2502 recipiendis
1267 2466 1431 2501 propositus,
1456 2469 1482 2492 et
1500 2465 1579 2493 Petro
1603 2465 1719 2492 Alexan-

938 2512 1017 2540 drino
1040 2512 1181 2540 Athanasii
1197 2511 1360 2543 successori,
1390 2515 1419 2538 ut
1447 2511 1592 2538 verisimile
1614 2515 1666 2543 est,
1693 2515 1719 2538 et

940 2557 1130 2590 Marcellianis,
1150 2557 1196 2592 qui
1223 2564 1316 2591 pacem
1338 2561 1362 2583 ct
1387 2555 1605 2583 communionem
1630 2560 1719 2583 tanto-

939 2610 1004 2637 pere
1026 2602 1193 2637 ﬁagitabant,
1213 2606 1356 2636 pergratus
1373 2608 1472 2636 perque
1492 2601 1630 2635 jucundus
1660 2601 1718 2628 fuit.

940 2647 1007 2675 Nam
1024 2649 1074 2676 sub
1086 2649 1141 2676 haec
1158 2649 1230 2676 nulla
1242 2648 1275 2675 de
1291 2648 1416 2675 Marcello
1426 2648 1465 2674 vel
1482 2647 1592 2675 asseclis
1607 2647 1721 2681 quaestio

941 2695 1069 2721 occurrit.
1088 2694 1163 2721 llunc
1182 2695 1318 2726 ordinem,
1335 2698 1362 2721 et
1378 2695 1480 2721 exitum
1497 2693 1662 2721 Marcelliani
1678 2697 1721 2720 tu-

941 2741 1042 2768 multus
1058 2740 1142 2768 fuisse
1159 2748 1262 2768 mecum
1281 2747 1361 2775 spero
1377 2739 1534 2767 fatebuntur
1547 2738 1656 2767 eruditi.
