1905 3072
193 117 260 144 1299
816 121 994 149 MARCELLI
1020 121 1192 149 ANCYRANI
1745 122 1815 148 I300

360 295 649 353 CHRIST.
694 296 912 354 HENB.
959 297 1215 355 GEOBG.
1266 298 1642 356 RETTBERG

834 416 1149 463 PRIEFATIO

253 512 307 542 Ad'
339 520 429 542 suam
464 513 638 543 editionem
680 513 732 544 cui
767 512 895 544 titulum
935 511 1009 543 fecit
1038 524 1044 542 :
1079 513 1301 549 Marcelliano,
1336 515 1492 554 Gottingaa
1520 514 1610 552 179A,
1646 516 1680 545 in
1718 515 1751 545 8.

229 649 363 683 Quidnam
380 649 488 677 consilii
504 649 659 686 inredendis
675 650 752 686 hisee
769 655 888 686 secutus,
896 650 946 678 sim
958 670 966 683 ,
983 650 1078 686 paucis
1091 655 1193 681 tamen,
1208 650 1405 686 expediendum
1418 650 1534 678 videtur.

229 686 297 712 Cum
314 686 340 711 in
355 685 559 719 perscrutandis
583 689 703 721 veterum
728 685 855 713 Ecclesia!
872 685 972 712 Graecm
984 685 1156 721 scriptorum
1181 686 1213 713 de
1236 685 1291 712 Deo
1306 686 1448 713 sententiis
1464 685 1498 713 ad
1513 686 1670 713 Marcellum
1694 685 1811 721 Ancyrae

194 728 237 755 ep.
256 720 436 755 devenissem,
451 727 578 754 perquam
601 720 803 748 incommodum
819 721 884 747 Inibi
902 720 1010 754 quidem
1024 721 1183 753 accidebat,

231 756 256 782 I.
275 754 351 788 Quod
369 762 448 782 nemo
466 759 590 790 veterum
608 755 668 788 ejus
684 761 800 783 mentem
817 761 864 783 aut
879 757 984 790 cepisse
999 756 1142 783 videbatur
1154 776 1160 787 ,
1184 759 1231 782 aut
1245 763 1308 782 vere
1319 755 1498 790 expressisse.
1524 755 1712 782 Conferantur
1726 757 1810 782 modo

195 791 349 818 testimonia
360 810 375 826 ,ν
385 797 443 824 quae
457 789 487 817 C.
502 789 535 816 ll.
550 789 633 824 Vogel
652 791 679 817 in
699 791 770 818 Diss.
787 791 818 817 de
835 790 960 817 Marcello
985 790 1135 826 Goettinga:
1148 791 1216 818 1757
1236 791 1269 818 ab
1285 789 1400 818 Eusebio
1414 791 1476 818 inde
1491 798 1577 825 usque
1587 791 1621 818 ad
1633 789 1807 818 Gennadium

194 826 320 860 colligere
335 825 429 856 voluit,
447 832 508 860 cum
530 825 571 852 his
588 833 648 860 qme
664 833 736 851 nunc
751 826 882 858 exhibeo;

229 858 354 893 2._Quod
369 860 429 896 libri
446 858 706 896 Eusebiani‘Cantra
723 860 879 887 Marcellum
889 864 916 888 et
930 861 966 888 De
981 861 1111 896 theologia
1131 860 1320 893 ecclesiastica,
1335 860 1368 887 ad
1380 861 1482 888 calcem
1495 858 1571 896 edit:
1586 859 1692 888 Morell.
1717 860 1807 888 Paris.

194 895 264 923 £628
277 895 351 924 editi.
365 895 510 931 admodum
525 895 632 931 contusi
646 915 653 931 ε
672 897 793 923 mendosi
809 896 973 930 obscurique
986 901 1050 923 Sunt
1061 897 1111 931 (α).
1132 896 1213 930 Atqui
1229 903 1259 923 ex
1279 896 1313 923 iis
1325 896 1460 930 praecipue
1473 904 1536 923 vera
1548 895 1667 923 Marcelli
1683 896 1807 923 eruenda

194 935 236 958 est
258 931 401 966 sententia,
418 930 470 966 tiisi
487 930 558 964 quod
575 929 708 966 Eusebius
724 931 872 958 fortissima
896 929 1011 966 quaeque
1040 929 1071 958 ac
1091 929 1289 965 'longe’optima
1305 931 1468 966 praeteriisse
1477 930 1562 966 videri
1583 931 1669 965 possit
1684 940 1691 957 :
1709 939 1804 958 eorum

193 965 387 1027 veroililibitus,
399 965 505 1026 (ιιῦῗιθιη
521 965 600 1004 modo
612 965 678 996 dixi,
693 965 720 992 in
732 972 816 992 causa
830 969 881 998 est,
896 965 968 1000 quod
985 966 1118 993 nonnulla
1133 966 1260 993 Marcello
1278 965 1379 992 tributa
1392 970 1465 998 sunt,
1477 970 1503 993 et
1521 965 1608 993 adhuc
1625 966 1787 993 tribuuntur
1798 987 1805 997 ,

194 1008 209 1027 a
225 1008 270 1027 aut
312 1008 325 1027 s
337 1007 393 1027 lose
403 1007 418 1025 a
448 1004 562 1027 torruit:

194 1008 209 1027 a
225 1000 325 1032 quibus
337 1000 393 1032 ipse
403 999 562 1032 abhorruit;

225 1008 668 1071 ἓξιηόιξιὸοέιβέῑῇιιζῗὲΐῖἰὲιξέειιἱειηει
692 1035 730 1062 ita
756 1036 880 1071 dispersa
904 1040 978 1067 sunt,
997 1041 1026 1064 ut
1044 1037 1119 1071 plura
1148 1036 1283 1063 volumina
1300 1035 1375 1063 adire
1403 1036 1439 1063 sit
1455 1043 1564 1063 necesse
1578 1057 1584 1067 ,
1602 1036 1636 1066 si,
1653 1043 1710 1071 qua
1722 1035 1808 1071 judex

191 1069 299 1106 juratus
312 1070 439 1104 religione
454 1069 543 1101 debet,
557 1071 584 1097 in
600 1078 695 1106 urnam
712 1071 778 1098 velis
792 1069 946 1099 tabularum
964 1069 1113 1103 demittere,
1125 1079 1241 1106 cumque
1256 1078 1287 1098 ea
1304 1071 1337 1098 de
1351 1071 1438 1105 capite
1450 1071 1516 1097 civis
1529 1069 1687 1098 decernere.

228 1105 349 1138 Quatuor
363 1109 453 1131 autem
465 1124 472 1135 ,
491 1110 621 1138 quantum
633 1105 757 1139 equidem
778 1107 835 1133 seio
845 1126 853 1138 ,
870 1114 903 1133 ex
917 1107 1032 1134 violenta
1051 1107 1095 1133 illa
1109 1114 1140 1133 ac
1154 1105 1387 1133 turbulentissima
1414 1109 1573 1140 tempestate
1583 1127 1590 1137 ,
1611 1110 1746 1140 tanquam
1764 1110 1806 1132 ta-

193 1140 265 1168 bula:
280 1140 313 1166 ad
329 1139 404 1176 littus
417 1143 481 1166 sunt
501 1140 603 1176 ejectae,
620 1140 684 1176 ipsa
705 1141 814 1168 levitate
842 1149 890 1168 sua
903 1161 910 1172 ,
934 1146 964 1168 ut
988 1142 1149 1176 quibusdam
1169 1142 1303 1168 videbitur
1315 1161 1321 1172 ,
1352 1139 1480 1167 [luctuum
1494 1141 1550 1167 'irze
1574 1139 1750 1167 insultantes.
1768 1141 1808 1167 Ae

194 1176 282 1210 prima
299 1179 363 1211 sunt
377 1174 526 1211 fragmenta
541 1175 603 1202 libri
618 1175 684 1210 Περὶ
694 1175 743 1210 τῆς
753 1175 800 1202 τοῦ
816 1176 881 1202 Υἱοῦ
903 1177 946 1203 ὺπι

1067 1177 1100 1204 ab
1124 1177 1201 1204 hoste
1214 1176 1330 1204 Eusebio
1354 1176 1381 1202 in
1395 1184 1476 1210 supra
1491 1176 1572 1203 dictis
1587 1176 1664 1211 libris
1674 1196 1681 1206 ,
1700 1176 1803 1211 partim

193 1209 276 1247 etiam
295 1210 329 1236 ab
346 1209 497 1247 Ep'pbanio
519 1210 546 1247 in
567 1209 703 1247 excerptis
716 1209 870 1243 Acaciauis,
887 1215 906 1238 t.
925 1211 943 1243 l,
962 1209 1000 1247 p.'
1015 1209 1066 1239 838
1083 1220 1155 1247 sqq.,
1175 1209 1486 1247 servataAlterum’est
1501 1211 1606 1247 libellus
1621 1210 1803 1247 Jitliorﬁom.

193 1221 276 1237 οτιιίηιι
295 1221 329 1236 HI)
346 1221 386 1244 LI)
399 1221 497 1244 μΙΙὶΠΙΙυ
519 1221 546 1236 Ill
567 1221 703 1244 CICCI'plIS
716 1221 870 1243 ACﬂCHHIIS,
887 1221 906 1238 ι.
925 1221 943 1243 Ι,
962 1221 989 1247 p-
1015 1221 1066 1239 δοῦ
1083 1221 1113 1245 Sq
1137 1232 1155 1242 .,
1175 1221 1290 1238 servata.
1308 1221 1428 1237 .‘UlCl'lllll
1445 1221 1486 1238 εει
1501 1221 1606 1238 IIUCIIUS
1631 1221 1705 1236 ιιιιιιυ
1722 1221 1803 1236 [\Ulll.

193 1246 310 1281 oblatus,
321 1253 399 1279 quem
412 1244 578 1281 Epiphanius
599 1245 678 1272 nobis
694 1247 813 1272 servavit
830 1247 848 1273 l.
865 1254 902 1277 c.,
919 1255 946 1280 p.
962 1247 1013 1274 854
1033 1255 1092 1281 sqq.
1109 1221 1241 1275 'Fertium.
1255 1246 1319 1272 mihi
1336 1245 1443 1280 quidem
1464 1245 1595 1281 dubium,
1616 1245 1731 1280 Eugenii
1745 1245 1806 1270 dia-

193 1281 254 1307 coni
278 1279 386 1315 Legatis
402 1281 436 1306 ad
455 1279 629 1306 Athanasium
648 1288 694 1314 pro
711 1288 793 1308 causa
816 1279 937 1308 Marcelli
962 1286 989 1309 et
1004 1279 1141 1308 conl'éssio
1158 1281 1220 1308 lidei
1236 1281 1308 1307 Eccl.
1326 1279 1485 1314 Ancyranze.
1512 1280 1577 1315 Ejus
1595 1279 1692 1312 nobis,
1715 1284 1745 1306 ut
1763 1284 1805 1306 est

193 1315 485 1351 praeclaredeﬁrgecis
501 1315 741 1351 litterisomniuo.
759 1323 791 1351 ae
817 1316 974 1351 singulatim
999 1316 1032 1344 de
1050 1317 1101 1343 hac
1124 1321 1200 1350 parte
1216 1316 1330 1343 meritus
1343 1337 1349 1348 ,
1375 1315 1594 1351 Moutlaueonius
1609 1316 1719 1351 copiam
1739 1314 1806 1351 fecit

193 1349 214 1377 ἰ.
232 1349 257 1385 Il_
271 1349 339 1376 Coll.
356 1349 393 1377 Ν.
413 1349 468 1385 PP.
484 1353 509 1376 et
520 1349 570 1377 SS.
585 1349 644 1381 Gn,
662 1350 754 1377 addita
768 1349 902 1378 Dialrfde
928 1359 1009 1378 causa
1036 1349 1168 1382 Marcelli,
1190 1351 1281 1378 multis
1299 1351 1354 1385 jam
1381 1351 1500 1378 laudata.
1522 1349 1654 1383 Quartum
1685 1350 1806 1384 denique

193 1382 329 1417 confessio
342 1389 384 1420 est
400 1384 465 1411 clcri
478 1384 613 1419 Ancyrani
631 1385 663 1411 ad
679 1386 835 1414 cxsulantes
855 1385 1031 1414 Diocaesareaa
1043 1387 1195 1420 episcopos,
1208 1393 1289 1420 quam
1300 1382 1373 1412 idem
1389 1382 1556 1420 Epiphanius
1570 1385 1659 1412 habet.

228 1419 405 1456 Commodum
422 1419 504 1456 igitur
516 1420 576 1446 aliis
592 1420 661 1456 forte
678 1420 828 1451 videbitur,
845 1421 868 1447 si
883 1423 1025 1456 superiora
1041 1419 1093 1448 tria
1111 1419 1154 1448 hie
1173 1421 1338 1455 colligerem,
1356 1421 1392 1456 ita
1407 1419 1617 1456 ut'fragmenta,
1636 1419 1806 1456 quaeprimo

193 1454 254 1481 Ioco
270 1455 359 1488 posui.
376 1462 392 1490 a
403 1454 509 1480 mendis
526 1455 693 1489 purgationi,
706 1462 738 1481 ac
756 1455 842 1482 sicubi
857 1454 968 1484 necesse
986 1456 1136 1486 videbatur,
1150 1463 1217 1483 nova
1232 1456 1357 1482 versione
1368 1454 1441 1490 (nam
1453 1463 1514 1490 qua:
1526 1455 1682 1482 Montacutii
1698 1454 1785 1490 fertur
1795 1474 1803 1484 .

193 1489 298 1521 nullum
321 1489 432 1525 omnino
457 1496 567 1525 sensum
583 1489 685 1525 pluries
699 1489 797 1523 fundit)
817 1491 1043 1525 uberioribusque
1060 1490 1340 1518 animadversionibus
1353 1490 1496 1524 explanata
1513 1495 1747 1525 proponerentur,
1761 1489 1803 1516 his

193 1523 447 1561 vero‘rcliquarduo
464 1523 636 1561 stibjicerein.
655 1524 700 1561 Sic
712 1524 887 1561 rluculentius
902 1523 1121 1561 utique'pateat,
1137 1525 1236 1560 quibus
1254 1525 1335 1552 veluti
1351 1523 1489 1559 gradibus,
1507 1523 1530 1552 si
1548 1523 1636 1552 tamen
1647 1545 1655 1558 ,
1681 1525 1715 1551 ad
1729 1525 1801 1559 ejus-

193 1559 265 1596 mo_i|i
279 1560 362 1596 verba
375 1559 665 1596 descenderit,_qute_et
676 1559 868 1596 Athanasianis
879 1559 959 1595 paulo
973 1559 1306 1596 mollioribus’approbare
1322 1564 1422 1596 posset.

229 1593 302 1630 Satis
316 1595 350 1621 de
366 1594 482 1630 consilio
495 1594 568 1630 quod
580 1595 607 1621 in
629 1594 811 1622 Mareellianis
826 1593 937 1623 secutus
952 1603 1023 1623 sum.
1040 1595 1137 1623 Paucis
1151 1593 1181 1622 te
1191 1593 1288 1623 adhuc
1301 1593 1402 1622 morari
1420 1595 1510 1626 liceat,
1524 1603 1584 1630 qua:
1599 1595 1692 1622 locum
1707 1594 1736 1621 in
1753 1593 1801 1621 ad-

193 1629 380 1657 notationibus
396 1636 449 1656 non
464 1629 610 1661 habebant,
627 1637 678 1656 nec
689 1633 780 1657 tamen
797 1631 985 1664 praztereunda
999 1631 1136 1658 videntur.

228 1664 360 1703 Eusebius
376 1665 445 1703 ibes".
461 1672 531 1703 saepe
547 1672 629 1699 parva
653 1672 759 1703 quoque
783 1663 931 1703 insectatur
943 1686 950 1697 ,
973 1674 999 1692 v.
1016 1674 1040 1693 e.
1057 1665 1128 1703 quod
1155 1665 1308 1703 Salomonis
1326 1665 1426 1703 scripta
1449 1665 1615 1703 πρᾳφητείαν
1635 1663 1801 1703 nominarit,

193 1701 264 1733 quod
285 1700 416 1727 nonnulla
430 1699 576 1734 Scriptura:
590 1705 691 1726 saneta:
707 1701 766 1726 loca
783 1701 870 1732 aliter,
887 1701 912 1728 h.
936 1709 962 1728 e.
986 1709 1019 1728 ex
1038 1699 1090 1727 alia
1115 1701 1182 1727 l'orte
1196 1701 1355 1728 recensione
1368 1699 1521 1735 protulerit,
1534 1699 1602 1731 'etc.,
1617 1707 1677 1735 qum
1692 1699 1802 1733 quidem

193 1735 437 1770 neglexitnisbuhi
453 1742 514 1761 cum
534 1735 658 1769 dogmate
682 1742 803 1762 connexa
828 1736 913 1762 videri
943 1736 1056 1770 possint.
1074 1734 1274 1770 Nonnunquam
1291 1743 1325 1762 ne
1350 1735 1484 1762 intellexit
1507 1734 1756 1770 quidem’verbat
1775 1738 1803 1760 ut

194 1770 290 1803 fragm.
308 1768 390 1802 XXIII
406 1769 454 1804 (ὁ),
471 1774 517 1796 aut
529 1768 638 1796 sensum
653 1777 746 1797 eorum
766 1772 904 1804 pervertit.
920 1768 1026 1805 Ubique
1042 1775 1131 1797 autem
1147 1768 1242 1798 eodem
1270 1770 1350 1797 modo
1375 1770 1495 1805 disputat
1508 1768 1523 1802 ,⁷
1541 1770 1587 1804 qui
1611 1774 1668 1796 tum
1691 1769 1804 1804 quidem

193 1805 286 1831 multis
303 1805 435 1839 placebat,
449 1812 498 1831 nec
511 1809 603 1832 nostra
616 1809 694 1832 attate
705 1805 847 1837 obsolevit,
863 1814 916 1833 non
935 1810 965 1832 ut
983 1804 1042 1832 rem
1063 1806 1148 1839 ipsam
1169 1805 1352 1840 aggrediatur,
1367 1804 1415 1832 sed
1429 1811 1457 1831 ut
1469 1813 1502 1832 ex
1516 1805 1664 1831 adversarii
1689 1804 1782 1840 verbis
1794 1823 1802 1832 .

194 1838 361 1875 quteeunque
376 1839 481 1866 libitum
495 1843 572 1875 erat,
591 1840 790 1875 eliciat,eaque
810 1841 987 1868 absurditatis
1003 1838 1117 1874 arguere
1130 1838 1252 1867 conetur.
1279 1840 1366 1867 Porro
1391 1839 1512 1874 undique
1536 1840 1653 1874 partium
1679 1838 1803 1865 studium

193 1875 340 1910 odiumque
354 1874 494 1905 elucescit,
508 1874 574 1901 adeo
589 1874 773 1910 inconsultum
785 1878 866 1910 atque
877 1877 1028 1907 immemor,
1041 1880 1069 1901 ut
1088 1875 1115 1901 in
1143 1875 1270 1902 Marcello
1287 1874 1396 1910 damnet
1417 1883 1477 1909 qua:
1488 1875 1549 1910 ipse
1562 1874 1626 1902 alibi
1641 1874 1803 1908 scripserat.
1840 1886 1842 1889 τ

195 1909 316 1944 Smupsit
329 1914 418 1936 autem
433 1910 586 1943 exemplum
600 1916 615 1935 a
629 1909 771 1940 Marcello,
788 1912 834 1944 qui
847 1919 900 1938 non
916 1911 1019 1938 minore
1033 1910 1096 1937 odio
1112 1910 1139 1936 in
1153 1910 1301 1942 Asterium,
1314 1909 1469 1940 Paulinum.
1485 1909 1626 1939 Eusebius.
1640 1914 1706 1938 εις..
1721 1916 1803 1944 ρξειτ-

193 1943 276 1975 serat.
288 1953 338 1972 nec
354 1943 462 1979 Origeni
474 1944 541 1971 adeo
555 1949 710 1980 pepercerat
720 1964 737 1980 ,_
746 1943 900 1980 quanquam
916 1945 980 1972 huic
995 1953 1050 1972 non
1065 1945 1183 1979 iniquus,
1198 1949 1224 1972 et
1238 1945 1272 1972 ab
1288 1953 1319 1972 eo
1332 1945 1467 1980 nonnulla
1481 1945 1562 1980 etiam
1576 1948 1727 1970 mutuatus.
1741 1943 1801 1970 Jam

193 1980 217 2014 si
235 1980 296 2014 quis
311 1978 420 2014 cogitet,
432 1986 513 2013 quam
529 1979 704 2006 vehementer
721 1978 864 2014 Origenem
881 1980 1014 2007 Eusebius
1032 1980 1066 2007 sit
1081 1978 1249 2012 admiratus,
1267 1979 1339 2014 quod
1363 1980 1405 2006 vel
1425 1979 1545 2014 exbllist.
1562 1979 1624 2006 eccl.
1650 1979 1698 2005 lib.
1725 1986 1753 2004 vi
1778 1983 1803 2004 et

194 2013 306 2042 Socrate
321 2013 355 2047 n,’
368 2014 412 2046 20,
431 2018 559 2048 apparet;
574 2021 655 2048 quem
670 2013 812 2046 honorem,
831 2016 966 2042 levissime
979 2015 1041 2042 dico
1052 2035 1059 2046 ,
1082 2014 1197 2041 Paulino
1212 2013 1347 2046 habuerit,
1364 2019 1393 2040 ut
1406 2021 1439 2041 ex
1453 2013 1526 2041 Hist.
1543 2014 1604 2040 eccl.
1621 2013 1669 2040 lib.
1687 2022 1703 2040 ι
1720 2013 1803 2039 intel-

194 2050 305 2083 ligitur;
326 2048 443 2083 denique
465 2048 645 2082 theologiam,
671 2057 751 2084 quam
769 2051 984 2077 ecclesiasticam
1005 2050 1126 2079 vocavit.
1157 2050 1191 2077 ab
1215 2050 1317 2077 Ariana
1346 2050 1479 2076 sententia
1503 2049 1673 2076 mollioribus
1694 2052 1802 2075 tantum

194 2084 284 2118 \erbis
298 2083 419 2111 distare:
435 2091 488 2111 non
507 2083 616 2118 quidem
631 2083 788 2111 excusatum
806 2085 928 2117 habebit,
947 2085 1022 2116 dabit
1037 2089 1126 2111 tamen
1142 2085 1304 2113 humanitati
1317 2085 1434 2111 veniam.

229 2117 301 2146 Inter
314 2126 361 2146 eos
378 2119 423 2153 qui
440 2117 557 2149 Marcelli
580 2120 741 2146 sententiam
756 2124 878 2147 evertere
893 2120 1067 2150 studuerunt,
1089 2120 1270 2147 Athanasium
1287 2126 1367 2146 nemo
1392 2123 1513 2146 veterum
1528 2122 1575 2145 aut
1591 2119 1779 2146 recentiorum
1794 2138 1801 2150 ,

193 2161 272 2189 quem
288 2152 411 2188 equidem
429 2153 555 2189 legerim.
573 2154 732 2180 nominavit.
749 2153 773 2181 Is
787 2160 886 2188 tamen,
908 2154 961 2181 nisi
975 2163 1016 2181 or.
1035 2154 1052 2180 5
1070 2159 1164 2181 contra
1181 2154 1296 2182 Arianos
1310 2154 1472 2188 panniculus
1487 2157 1540 2184 est,
1555 2158 1584 2180 ut
1600 2154 1653 2180 alia
1666 2154 1802 2188 plurima.

192 2187 319 2219 adsutus,
330 2189 418 2224 ipsum
430 2189 504 2215 illum
519 2187 559 2220 ,De
575 2188 734 2222 subjectione
750 2189 815 2216 Filii
832 2190 930 2216 librum
948 2190 1071 2216 refellere
1085 2190 1184 2224 voluit;
1203 2189 1275 2224 quod
1295 2187 1392 2224 cuique
1405 2189 1516 2223 patebit,
1528 2189 1574 2223 qui
1586 2187 1717 2223 perlectis
1730 2189 1806 2216 hisce

194 2225 351 2258 Iragmentis
365 2223 399 2250 ad
419 2224 496 2251 istius
512 2224 662 2259 orationem
685 2224 793 2251 demum
809 2225 965 2252 accesserit.
983 2224 1089 2257 Ubique
1113 2223 1259 2257 Sabellium
1277 2223 1385 2259 quidem
1406 2224 1544 2259 nominat,
1568 2223 1615 2251 sed
1640 2224 1806 2251 Marcellum

195 2259 338 2294 intelligit,
355 2263 384 2286 ut
401 2259 445 2285 alii
459 2258 579 2294 ejusdem
595 2259 681 2286 aetatis
698 2259 795 2291 solent,
811 2260 856 2294 qui
881 2268 933 2286 non
954 2259 1100 2286 Sabellium
1127 2259 1217 2291 modo,
1232 2258 1325 2286 scd’et
1341 2258 1475 2294 Sabellios
1490 2258 1626 2286 rhetorice
1641 2259 1781 2293 appellant
1797 2267 1803 2284 :

192 2294 264 2329 quod
281 2293 433 2328 neglectum
460 2293 609 2328 Epiphanio
636 2294 751 2328 aliisque
771 2293 890 2321 veterum
904 2314 912 2325 ,
938 2302 972 2321 ex
994 2295 1190 2321 recentioribus
1211 2302 1275 2321 vero
1292 2294 1324 2320 C.
1342 2293 1463 2320 Wormio
1479 2293 1536 2329 (qui
1554 2298 1645 2320 tamen
1662 2295 1706 2320 vel
1721 2294 1806 2321 semel

192 2328 218 2364 p.
234 2330 269 2356 40
284 2337 403 2363 errorem
420 2329 552 2364 agnoscit)
568 2332 594 2355 et
606 2329 652 2364 qui
671 2329 742 2355 hunc
756 2330 854 2356 incauti
871 2333 1021 2363 sequuntur
1034 2350 1041 2361 ,
1061 2329 1191 2358 mirarum
1213 2330 1353 2355 turbarum
1375 2328 1533 2364 caus-abfuit.
1558 2328 1722 2355 Arianorum
1745 2337 1807 2363 par-

191 2363 261 2395 eius.
271 2368 298 2391 ct
310 2369 437 2397 tanquam
449 2364 615 2398 praeteriens,
627 2371 775 2398 eorumque
786 2365 908 2399 exemplo
922 2371 1100 2391 commoneas
1110 2384 1118 2396 ,
1137 2364 1269 2391 meminit.
1282 2363 1362 2399 Under
1372 2364 1422 2399 hoc
1431 2363 1524 2390 saltem
1533 2364 1687 2394 conﬁcitur,
1697 2365 1806 2390 titulum

191 2400 263 2427 aliud
281 2400 448 2433 promittere,
463 2399 535 2425 aliud
546 2399 611 2425 dare
623 2399 753 2433 paginas;
769 2398 872 2426 deinde
882 2403 908 2426 et
925 2399 986 2431 hoc,
1000 2399 1155 2426 Marcellum
1171 2399 1275 2426 auctori
1291 2398 1457 2430 σαῦελλὶζειν
1469 2398 1568 2425 visunt.
1593 2399 1646 2426 Sed
1669 2400 1805 2433 pannicu-

192 2436 247 2461 lum
263 2436 380 2461 alienum
396 2441 456 2460 esse
468 2434 521 2464 aio,
536 2434 626 2468 qualis
639 2439 681 2461 est
698 2434 734 2460 De
747 2438 791 2462 ωε,
805 2434 887 2461 subst.
904 2433 936 2460 [ν’.
952 2438 975 2460 et
992 2434 1038 2468 Sp.
1051 2433 1080 2461 S.
1097 2433 1128 2460 de
1146 2433 1218 2462 hum.
1237 2439 1292 2460 nat.
1312 2442 1382 2460 susc.
1398 2433 1487 2468 qualis
1506 2438 1533 2460 et
1554 2433 1584 2460 C.
1606 2439 1696 2468 gentes
1719 2439 1746 2461 et
1770 2434 1807 2460 De

191 2471 292 2497 incarn.
306 2469 375 2496 verbi
391 2468 450 2498 Dei.
459 2473 512 2495 etc.

225 2504 354 2532 Basilium
366 2503 413 2535 LL,
429 2511 483 2538 quo
499 2511 582 2538 puero
596 2504 683 2530 adhuc
699 2503 839 2531 Marcellus
860 2504 958 2530 librum
976 2503 1012 2531 De
1033 2503 1190 2538 subjectione
1207 2502 1271 2530 Filii
1287 2503 1445 2538 scripserat,
1459 2503 1523 2537 quid
1545 2503 1680 2538 imprimis
1699 2511 1808 2538 permo-

189 2541 268 2571 verit,
283 2544 312 2566 ut
324 2539 449 2576 Marcello
460 2539 751 2576 ejusquesequacibus
762 2539 924 2576 pauloesset
934 2539 1070 2576 iniquior,
1090 2540 1248 2576 utAvidetur,
1261 2539 1283 2566 si
1299 2547 1332 2566 ex
1349 2546 1391 2564 me
1404 2546 1511 2576 qiucras
1525 2558 1531 2569 ,
1547 2539 1607 2576 _dno
1621 2539 1689 2576 mihi
1703 2547 1804 2576 occur-7

190 2547 268 2571 vent,
283 2547 312 2566 ut
324 2547 449 2570 Marcello
460 2547 572 2600 ejusgue
586 2547 751 2576 sequacibus
762 2547 841 2573 paulo
853 2547 924 2566 esset
941 2547 1070 2574 imquror,
1090 2547 1119 2565 ut
1131 2547 1248 2570 videtur,
1261 2547 1283 2566 Sl
1299 2547 1332 2566 ex
1349 2547 1391 2564 me
1404 2547 1511 2572 qiucras
1525 2558 1531 2569 ,
1552 2547 1607 2565 uno
1621 2547 1689 2566 mini
1703 2547 1804 2566 occur-

190 2578 303 2612 rerunt:
322 2575 447 2612 alterum,
462 2582 516 2612 quo
550 2574 715 2612 ﬁdei_,_q_i_i_am
734 2574 1028 2612 aterterisintbiherat,
1045 2574 1236 2612 tenacissimas
1253 2579 1342 2612 esset,
1365 2579 1393 2600 ut
1414 2574 1530 2612 ingenue
1545 2574 1691 2612 latetunin
1705 2582 1748 2609 ep.
1775 2575 1807 2600 ad

189 2609 438 2640 Neoca-sarienSL‘s,
455 2608 515 2643 qua:
527 2613 568 2636 est
585 2608 689 2639 LXXV,
715 2617 741 2643 p.
757 2609 808 2635 521i
820 2629 827 2640 ,
849 2609 917 2641 327;
934 2610 1047 2636 alterum
1059 2630 1066 2642 ,
1092 2610 1164 2643 quod
1182 2608 1326 2637 Marcellus
1341 2616 1402 2636 cum
1418 2610 1476 2636 suis
1492 2609 1615 2635 instituta
1632 2609 1696 2642 ejus
1712 2608 1810 2636 mona-

191 2645 257 2672 stica
269 2644 518 2680 reprehendissent,
532 2649 560 2670 ut
573 2649 645 2679 patet
659 2652 691 2670 ex
708 2653 750 2679 ep.
768 2643 884 2676 LXXIII,
905 2652 931 2678 p.
951 2644 1013 2671 5H.

227 2716 264 2749 (ιι)
281 2714 346 2751 Vide
359 2720 424 2743 tom.
439 2716 532 2743 XXIV.
550 2717 658 2744 Eusebii
679 2721 782 2745 textum
800 2725 860 2745 cum
878 2725 943 2745 mss.
963 2716 1104 2745 codicibus
1122 2720 1148 2743 et
1166 2717 1224 2751 ipsa
1241 2707 1286 2751 qui
1310 2716 1353 2743 hic
1371 2715 1501 2751 praefatur
1520 2714 1669 2748 Reltbergii
1687 2714 1808 2742 editione

190 2749 383 2781 conferendum
397 2753 561 2780 curavimus.
578 2752 653 2778 Ευιτ.
669 2752 753 2779 Pun.
1061 2752 1063 2754 ’

225 2786 263 2824 lli)
282 2784 346 2844 Virili:
360 2786 504 2813 editionem
521 2792 652 2815 nostram.
673 2787 896 2822 Fragiuentorum
913 2786 1064 2821 Rcttbergii
1082 2794 1210 2813 numeros
1225 2787 1295 2813 inter
1313 2786 1490 2821 parenthescs
1507 2785 1611 2819 positos
1627 2785 1716 2811 textui
1731 2785 1805 2815 inn-

226 2829 292 2845 llllll.‘
333 2827 361 2845 μυ.

192 2829 292 2855 {minus
327 2829 361 2845 ω.
