1905 3072
197 110 265 137 1503

798 100 975 139 MARCELLI
995 98 1169 128 ANCYRANI

1744 83 1822 111 £504

197 172 277 200 porro
293 165 325 192 de
341 165 419 191 nobis
441 164 586 199 loquimur,
608 163 750 190 universos
773 161 835 188 item
858 160 995 195 populos!

1051 165 1120 188 ιντας
1139 156 1210 190 ἡμᾶς
1233 154 1334 184 πάντας
1351 151 1440 182 λαούς
1459 150 1486 177 οὐ
1507 149 1562 184 γὰρ
1578 147 1678 180 ὀλίγοι,
1693 143 1759 170 ἀλλ’
1772 143 1822 169 ἁν-

197 211 242 245 qui
260 218 309 237 nos
327 210 470 242 miserunt,
491 210 536 245 qui
554 216 608 236 non
624 209 702 243 pauci
719 215 795 238 sane,
813 206 859 233 sed
877 204 977 240 ingenti

198 256 369 283 multitudine
383 260 458 287 sunt,
475 255 616 282 nobiseum
632 260 854 280 annumeramus.

232 302 259 328 ‘2.
281 300 336 328 Nos
357 301 440 336 igitur
463 301 489 327 in
513 301 608 334 primis
625 299 799 325 anathemate
816 297 979 323 damnamus

198 349 326 376 Arianam
340 347 481 380 hazrcsim;
496 347 698 380 credimusque,
717 342 942 380 quemadmodum
953 345 981 368 et

198 395 293 422 Patres
317 395 403 422 nostri
431 394 459 420 in
483 393 589 420 Nicmna
620 391 725 427 synodo
757 389 875 417 confessi
904 391 978 421 sunt,

199 451 232 469 ex
247 441 399 469 substantia
416 440 507 467 Patris
524 447 585 466 esse
601 438 699 465 Filium
717 441 743 464 ct
757 435 982 464 consubstantia-

199 489 251 515 lem
265 486 350 516 Patri.
367 486 509 521 ipsumque
524 492 610 520 neque
625 491 681 511 rem
692 486 810 510 creatam
823 489 910 516 neque
924 489 980 508 rem

201 533 298 558 I'actam
313 538 374 558 esse
388 540 394 556 :
411 537 504 557 verum
517 529 606 556 omnia
620 527 728 563 opiﬁcia
744 533 792 561 per
806 526 894 561 ipsum
910 525 982 552 facta

201 579 294 606 fuisse.
319 577 412 612 Neque
435 576 508 603 enim
527 582 671 602 censemus
691 573 772 600 alium
793 579 855 600 esse
872 571 981 603 Filium,

201 625 284 650 alium
298 631 359 650 esse
371 622 499 654 Verbum,
517 625 546 648 ut
562 618 672 655 quidam
690 627 741 646 nos
755 617 859 645 sentire
876 617 982 644 mentiti

202 673 284 700 sunt;
301 667 348 696 Sed
366 669 455 702 ipsum
477 665 594 693 Verbum
611 673 671 692 esse
688 663 796 695 Filium,
810 663 982 698 sapientiam,

202 715 329 740 virtutem
346 713 444 744 Patris,
465 713 491 739 in
511 719 564 746 qua
581 711 681 744 omnia,
697 714 726 736 ut
743 717 793 736 nos
805 708 898 736 docuit
912 709 985 743 Apo-

204 761 290 787 stolus
302 761 310 776 ι
335 767 396 786 cum
413 759 542 787 visibilia.
559 761 616 784 tum
636 755 793 788 invisibilia,
810 755 866 783 sive
882 754 984 786 throni,

205 807 261 833 sive
270 805 481 835 dominationes,
491 804 548 830 sive
558 803 736 838 principatus,
748 801 805 829 sive
819 803 984 835 potestates;

205 853 296 878 omnia
316 851 423 878 dcmtnn
441 858 487 885 per
503 850 591 885 ipsum
607 853 634 876 et
649 849 675 875 in
692 848 780 882 ipsum
800 850 891 874 creata
911 849 985 873 sunt.
1002 838 1022 865 Β

205 898 273 925 Cum
290 899 324 925 ita
344 905 424 932 porro
441 897 601 927 sentiamus,
620 894 793 921 anathemate
811 892 922 919 ferimus
938 899 987 918 no-

206 944 328 970 minatim
340 943 533 977 impiissimum
546 941 706 972 Sabellium,
723 944 823 967 etcum
840 939 899 973 ipso
910 942 989 972 quot-

207 992 273 1024 quot
292 988 350 1022 ejus
365 987 497 1014 doctrinm
513 985 707 1020 astipulantur,
723 988 750 1012 et
769 983 874 1013 dicunt,
901 983 989 1017 ipsum

206 1034 312 1060 Patrem
326 1040 386 1060 esse
401 1032 514 1064 Filium;
532 1031 676 1065 ipsumque
701 1029 810 1065 quando
834 1027 918 1056 Filius
934 1028 990 1055 elli—

208 1081 288 1112 citur,
308 1087 360 1106 non
379 1078 493 1105 ulterius
508 1085 570 1105 esse
589 1077 714 1108 Patrem;
732 1080 759 1103 et
773 1075 882 1111 quando
903 1075 992 1102 ﬁtPa-

208 1130 259 1157 ter,
277 1133 329 1152 non
344 1132 404 1151 esse
423 1129 487 1150 tunc
503 1121 610 1149 Filium.
634 1121 691 1148 Nos
711 1122 810 1156 quippe
833 1121 993 1148 conﬁtemur

208 1171 315 1199 Patrem
331 1175 472 1201 mter-num,
491 1169 559 1196 Filio
577 1172 680 1195 aeterno
699 1171 825 1195 exstante
848 1175 880 1194 ac
903 1167 995 1195 subsi-

210 1221 316 1250 stente;
335 1216 465 1252 Spiritum
489 1223 598 1251 quoque
622 1218 747 1242 sanetum
768 1214 932 1248 sempiterne
947 1221 994 1240 ex-

210 1267 326 1291 stantem
341 1267 422 1297 alque
435 1262 640 1289 subsistentem.
656 1259 714 1287 Non
739 1260 811 1286 enim
833 1258 994 1285 Trinitatem

211 1310 271 1336 sine
279 1308 455 1336 subsistentia
463 1308 520 1334 sive
532 1307 672 1342 hypostasi
686 1306 804 1333 dicimus
812 1313 872 1333 es»:
882 1325 889 1336 ,
901 1312 995 1332 verum

212 1355 239 1380 iu
257 1352 395 1389 hypostasi
411 1352 497 1386 ipsam
512 1351 717 1386 cognoscimus.

248 1399 274 1425 5.
296 1397 359 1429 Sed,
372 1397 479 1424 etiamsi
503 1397 560 1423 hazc
578 1396 646 1423 satis
664 1396 717 1422 sint
728 1395 762 1422 ad
778 1399 998 1422 commonstran--

213 1446 277 1472 dum
288 1444 382 1472 eadem
400 1451 450 1470 nos
466 1446 548 1477 atque
561 1441 654 1469 Patres
668 1442 753 1469 nostri
768 1441 902 1469 sententia
919 1448 996 1471 esse,

215 1495 334 1518 attamen
345 1490 408 1525 quia
423 1489 546 1516 nonnulli
564 1492 638 1518 sunt.
655 1489 700 1523 qui
717 1496 778 1515 cum
795 1487 998 1514 dissimulanter

215 1537 393 1573 proﬁteantur
409 1544 438 1563 se
458 1535 569 1562 minime
584 1543 646 1562 cum
666 1535 730 1561 Ario
745 1534 857 1566 sentire,
874 1533 944 1560 idem
959 1537 996 1559 ta-

215 1592 276 1611 men
287 1584 358 1618 quod
372 1583 418 1610 ille
433 1583 574 1615 sentiunt;
595 1585 676 1616 atque
696 1581 802 1613 dicunt,
819 1579 918 1606 Filium
936 1578 998 1613 qui-

216 1629 276 1657 dem
288 1628 445 1656 dissimilem
459 1635 519 1654 esse
530 1626 615 1659 Patri,
629 1626 758 1662 Spiritum
771 1630 860 1653 autem
874 1629 999 1652 sanctqu

217 1683 278 1703 esse
295 1683 350 1702 rem
368 1678 497 1706 creatam,
515 1681 651 1707 unamque
673 1680 705 1699 ex
730 1672 811 1699 rebus
826 1672 922 1704 factis;
937 1678 999 1698 cum

218 1730 278 1752 nos,
293 1726 349 1748 tum
363 1720 442 1756 ii.qui
461 1727 511 1746 nos
527 1719 580 1746 huc
592 1719 763 1753 delegarunt,
778 1717 933 1752 hujusmodi
947 1717 1002 1743 bte-

218 1775 293 1794 reses
310 1767 481 1794 anathemate
499 1766 620 1793 ferimus.
642 1764 735 1799 Neque
750 1764 823 1791 enim
841 1762 926 1791 Filius
943 1763 1001 1790 dis-

219 1812 318 1840 similis
329 1815 370 1839 est
381 1811 465 1844 Patri,
477 1811 523 1838 sed
541 1809 783 1838 consubstantialis
798 1809 849 1843 ipsi
861 1808 936 1835 Patri
949 1812 1001 1841 est;

220 1865 307 1892 neque
320 1856 438 1892 Spiritus
453 1859 564 1884 sanctus
580 1864 623 1883 res
644 1859 687 1882 est
706 1858 808 1886 creata,
831 1859 878 1881 aut
895 1861 949 1880 una
970 1862 1003 1881 ex

220 1904 301 1932 rebus
318 1902 443 1935 conditis,
473 1901 520 1929 sed
543 1904 644 1928 sanctae
665 1899 810 1927 Trinitatis
826 1903 867 1927 est
892 1910 898 1926 :
923 1905 1003 1934 atque

222 1949 387 1976 conﬁdenter
403 1947 571 1982 proﬁtemur,
589 1946 658 1973 nihil
675 1945 784 1972 aliunde
802 1945 943 1972 inductum
958 1949 1005 1972 aut

223 2000 342 2022 creatum
368 1995 394 2020 in
416 1998 510 2021 sancta
534 1991 666 2019 Trinitate
692 1999 761 2019 esse.
789 1990 855 2018 Nam
885 1990 1005 2026 Spiritus

224 2040 377 2067 sanctitatis
402 2043 454 2070 est,
483 2046 537 2065 non
569 2037 616 2072 qui
647 2037 843 2068 sanctiﬁcatur,
861 2044 954 2064 verum
978 2037 1005 2063 in

224 2094 278 2121 quo
298 2093 392 2113 omnes
411 2085 496 2112 sancti
512 2083 725 2111 sanctiﬁcantur.
742 2082 875 2110 Perfectio
903 2083 1003 2121 quippe

225 2117 318 2160 nostra
341 2133 367 2159 in
390 2131 469 2158 Patre
487 2134 514 2158 et
539 2129 607 2156 Filio
629 2134 656 2157 et
679 2128 783 2164 Spiritu
808 2117 1007 2156 sauetoidatur

1028 201 1175 237 αρίθμητον
1195 199 1294 234 πλῆθός
1309 199 1387 224 εἰσιν.

1063 302 1090 328 9..
1117 302 1213 336 Ἡμεῖς
1232 308 1320 326 τοινυν
1342 295 1551 333 προηγουμένως
1574 293 1623 328 μὲν
1645 287 1823 336 ἀναθεματίῗ

1030 348 1111 384 ζομεν
1129 348 1178 382 τὴν
1201 346 1339 381 Ἀρειανὴν
1359 345 1472 380 αἵρεσιν·
1489 339 1650 372 πιστεύομεν
1671 336 1714 366 δὲ,
1740 334 1782 365 ὡς
1799 334 1825 358 οἰ

1031 382 1150 430 Πατέρες
1166 393 1244 429 ἡμῶν
1261 391 1437 427 ὡμολόγησαν
1452 390 1479 415 ὲν
1497 388 1529 422 τῇ
1542 384 1612 412 κατὰ
1630 382 1758 430 Νίκαιαν
1777 387 1825 430 γε·

1031 425 1130 475 νομὲνῃ
1148 425 1258 473 σῦνόδῳ·
1279 425 1310 464 ἐκ
1329 425 1484 471 τῆςνοὺσίας
1499 432 1544 459 τοῦ
1559 429 1667 464 Πατρὸς
1684 425 1762 454 εἶναι
1777 425 1825 475 τὸν

1033 471 1094 514 Υξξιν
1108 471 1154 513 ἧχι
1165 471 1305 519 ὁμοοῦσιον
1317 483 1354 518 τῷ
1370 481 1468 516 Πατρὶ,
1483 479 1530 506 καὶ
1541 478 1610 513 μήτε
1627 474 1736 508 κτίσμα
1754 471 1825 519 μήτε

1033 533 1094 568 ποίη
1100 541 1137 568 μα
1148 531 1215 557 εἶναι
1234 530 1323 556 αὐτόν⁸
1336 527 1403 554 ἀλλὰ
1418 527 1450 553 δι’
1465 523 1546 552 αὐτοῦ
1560 523 1650 550 πάντα
1667 520 1703 546 τὰ
1717 516 1825 568 γενητὰ

1032 562 1203 613 γεγενῆσθαι.
1221 576 1259 612 (5)
1276 575 1311 602 Oti
1326 574 1379 609 γὰρ
1391 573 1468 600 ἄλλον
1482 571 1526 596 τὸν
1542 569 1606 595 Υἱὸν
1622 566 1671 592 καὶ

1033 607 1293 658 λόγον’(ρρονοῦμίεν,
1365 607 1442 650 ’τινες
1455 617 1526 652 ἡμᾶς
1537 613 1672 643 διέϐαλον,
1689 607 1825 658 τὶν

1034 651 1118 704 Λόγον
1132 651 1199 696 εἶναι
1215 651 1290 700 ἴέἱδνέ
1309 665 1412 700 σοφίαν,
1429 663 1540 697 δύναμιν
1555 659 1601 686 τοῦ
1623 656 1749 704 Πατρδςῖ
1764 655 1794 680 ἐν

1034 717 1068 743 τὰ
1087 716 1183 746 πάντα,
1206 715 1244 746 ὡς
1264 712 1381 744 ἐδίδαξεν
1399 712 1413 736 ὁ
1438 707 1606 738 ’Δπόστολος,
1628 705 1663 730 τά
1685 711 1715 728 τε
1738 700 1826 735 ὁρατὰ

1035 763 1081 789 καὶ
1101 762 1135 788 τὰ
1152 761 1264 797 ἀόρατα,
1288 759 1343 785 εἴτε
1367 757 1465 792 θρόνοι,
1490 756 1543 782 εἴτε
1565 751 1745 787 κυριότητες,
1771 747 1824 772 εἴτε

1036 808 1127 844 ἁρχαὶ,
1147 807 1201 834 εἴτε
1218 805 1347 839 ἐξουσίαι,
1364 803 1397 830 τα
1412 802 1498 829 πάντα
1512 801 1545 827 δι’
1562 798 1645 825 αὑτοῦ
1661 796 1710 823 καὶ
1724 795 1768 825 εἰς
1778 793 1825 819 αὐ-

1037 856 1081 881 τὸν
1100 853 1232 881 ἐκτίσθαι.
1257 852 1335 879 Οῦτω
1352 850 1381 877 δὲ
1405 847 1562 885 φρονοῦντες
1585 840 1826 878 ἁναθεματίζομεν

1038 903 1083 928 καὶ
1099 901 1128 933 ἐξ
1139 901 1269 935 ὀνόματος
1281 898 1326 924 τὸν
1339 896 1515 923 ἀσεϐέστατον
1527 891 1687 921 Σαϐἐλλιον,
1702 888 1754 914 καὶ
1770 886 1826 922 μετ’

1038 943 1119 973 αὺτὶιῦ
1135 947 1196 977 τοὺς
1211 945 1244 971 τὰ
1260 944 1362 971 ἐκείνου
1380 942 1552 978 φρονοῦντας,
1567 938 1614 965 καὶ
1627 936 1763 970 λέγοντας
1779 933 1826 958 αὺ-

1038 993 1084 1020 τὺν
1098 993 1143 1019 τὸν
1161 992 1269 1027 Πατέρα
1283 989 1432 1018 εἴναιΥἰόν·
1450 989 1496 1015 καὶ
1512 988 1555 1014 ὼε
1570 986 1618 1021 μὲν
1632 984 1742 1018 γίνεται
1755 980 1826 1020 17-15;,

1043 1039 1078 1075 μὴ
1096 1037 1165 1065 εἶναι
1181 1039 1239 1065 τότε
1257 1038 1337 1065 αὐτὸν
1352 1037 1471 1072 Πατέρα*
1489 1036 1531 1061 ὅτε
1546 1033 1575 1059 δὲ
1592 1032 1700 1066 γίνεται
1720 1029 1827 1062 Πατὴρ,

1097 1083 1166 1112 εἶναι
1176 1085 1236 1111 τότε
1250 1084 1322 1110 Υίόν.
1339 1083 1434 1118 Ἡμεῖς
1447 1081 1500 1118 γὰρ
1515 1077 1702 1115 ὁμολογοῦμεν
1720 1074 1827 1121 Πατερπ

1043 1130 1138 1162 ἀΐδιον,
1151 1129 1216 1156 Υἱοῦ
1231 1129 1315 1155 ἀϊδίου
1329 1128 1404 1159 ὖντος
1422 1128 1467 1153 καὶ
1482 1125 1646 1160 ὑφεστῶτος⁸
1656 1122 1705 1149 καὶ
1716 1120 1827 1154 Πνεῦμα

1044 1175 1119 1210 ἅγιον
1138 1175 1229 1206 ἁῐδίως
1247 1174 1276 1200 ὃν
1299 1173 1346 1200 καὶ
1363 1171 1485 1207 ὑφεστός.
1506 1171 1542 1197 Οὐ
1563 1168 1618 1203 γὰρ
1642 1165 1829 1193 ἀνυπόστατον

1043 1222 1092 1256 τὴν
1115 1221 1217 1256 Τριάδα
1237 1221 1368 1254 λέγομεν·
1391 1218 1429 1253 (ι)
1454 1217 1509 1243 ἀλλ’
1528 1217 1556 1242 ὲν
1577 1213 1730 1240 ὑποστάσει
1750 1210 1828 1244 αὐτὴν

1044 1266 1224 1301 γινώσκομεν.

1083 1401 1109 1427 5.
1130 1401 1183 1426 Καὶ
1195 1401 1219 1426 εἰ
1232 1399 1355 1434 αὐτάρκη
1365 1398 1452 1425 ταῦτα
1460 1397 1544 1430 δεῖξαι
1556 1396 1605 1433 τὴν
1617 1396 1689 1432 πρὸς
1700 1397 1766 1427 τοὺς
1778 1396 1828 1423 Πα-

1048 1447 1129 1482 τέρας
1148 1446 1227 1482 ἡμῶν
1249 1446 1444 1481 ὀμοφροσύνηψ
1465 1445 1547 1480 ὅμως,
1567 1444 1662 1479 ἐπειδή
1688 1452 1762 1475 τινες
1783 1443 1829 1474 τῶ)

1049 1492 1290 1527 ἐπαγγελλομένων
1312 1491 1348 1526 μὴ
1372 1492 1477 1526 φρονεῖν
1493 1490 1526 1516 τὰ
1551 1489 1668 1523 Ἀρείου,
1690 1488 1829 1524 ὑποκρινό-

1051 1548 1126 1575 μενοι
1143 1538 1280 1575 φρονοῦσι,
1293 1538 1416 1572 λέγοντες
1429 1537 1474 1564 τὸν
1489 1537 1539 1572 μὲν
1553 1537 1615 1562 Υἰὸν
1629 1536 1757 1571 ἀνόμοιον
1768 1533 1833 1562 εἶναι

1049 1585 1096 1611 τοῦ
1116 1585 1230 1621 Πατρέις,
1248 1585 1278 1611 τὸ
1299 1584 1327 1610 δὲ
1345 1583 1456 1618 Πνεῦμα
1474 1583 1504 1608 τὸ
1520 1583 1596 1616 ἅγιον
1616 1583 1721 1617 κτίσμα
1743 1582 1789 1608 καὶ
1807 1582 1832 1607 ἓν

1050 1630 1104 1656 τῶν
1121 1630 1278 1665 ποιημάτων
1294 1629 1365 1655 ἐστὶν
1375 1630 1391 1643 ³·
1404 1627 1646 1662 ἀναθεματίζομεν,
1657 1627 1741 1661 ἡμεῖς
1754 1627 1832 1652 τεκαὶ

1050 1677 1075 1702 οἱ
1098 1675 1304 1706 ἀποστείλαντες
1324 1676 1407 1710 ἡμᾶς,
1429 1674 1476 1705 τὰς
1492 1673 1610 1710 αἱρέσεις
1631 1673 1746 1704 ταύτας.
1770 1672 1832 1698 Οὔτε

1052 1723 1106 1758 γὰρ
1125 1722 1249 1757 ἀνόμοιος
1264 1723 1278 1747 ὁ
1296 1721 1360 1752 Υἱὸς
1376 1720 1415 1756 τῷ
1434 1721 1532 1755 [Ia-cpt,
1553 1719 1609 1746 ἀλλ’
1623 1718 1770 1754 ὁμοούσιός
1783 1719 1832 1744 ἐστι

1053 1767 1091 1802 τῷ
1113 1767 1208 1802 Πατρὶ·
1228 1766 1290 1793 οὔτε
1306 1766 1337 1793 τὸ
1357 1766 1469 1801 Πνεῦμα
1486 1766 1516 1791 τὸ
1534 1766 1610 1799 ἅγιον
1630 1765 1752 1796 κτιστὸν,
1777 1765 1792 1799 ἦ
1810 1764 1833 1790 ἐν.

1053 1814 1107 1840 ’τῶν
1119 1813 1276 1848 ποιημάτων
1295 1813 1378 1845 ἐστὶν,
1396 1812 1464 1839 ἀλλὰ
1479 1812 1527 1847 τῆς
1540 1812 1621 1846 ἁγίας
1635 1811 1754 1847 Τριάόος
1770 1810 1833 1837 ἐστί-

1054 1859 1100 1885 καὶ
1111 1858 1330 1894 τεθαρρήκαμεν,
1344 1858 1384 1884 ὅτι
1400 1858 1476 1884 οὐδὲν
1490 1856 1650 1883 ἐπείσακτον
1664 1857 1727 1883 οὐδὲ
1739 1856 1832 1890 mla-ps

1055 1905 1127 1931 ἐστὶν
1143 1905 1170 1931 ὲν
1190 1905 1223 1939 τῇ
1245 1904 1347 1939 Τριάδι.
1369 1903 1480 1938 Πνεῦμα
1499 1903 1552 1939 γὰρ
1577 1903 1735 1937 ἁγιωσύνης
1756 1902 1832 1928 ἐστίν·

1055 1951 1104 1986 οὐχ
1123 1950 1312 1985 ἁγιαζόμενον,
1332 1950 1388 1976 ἀλλ’
1408 1951 1437 1976 ἐν
1457 1949 1531 1984 αὐτῷ
1555 1949 1663 1976 πάντων
1684 1949 1739 1975 τῶν
1758 1948 1833 1983 ἁγίων

1056 1996 1252 2031 ἀγιαζομένων.
1270 1996 1324 2022 Καὶ
1338 1995 1392 2030 γὰρ
1413 1997 1429 2030 ἡ
1449 1995 1586 2030 τελειότης
1604 1994 1684 2030 ἡμῶν
1706 1995 1734 2020 ἐν
1754 1994 1833 2029 Πατρδ

1057 2041 1174 2077 καΐΥίῴ
1186 2041 1233 2068 καὶ
1243 2041 1313 2077 ἁγίῳ
1325 2041 1463 2076 Πνεῦματι
1473 2041 1584 2072 δίδοται,
1600 2041 1646 2066 καὶ
1659 2040 1775 2074 γίνεται.
1787 2040 1832 2066 Kal

1059 2087 1106 2122 μία
1124 2087 1214 2120 πίστις
1235 2088 1308 2114 ἐστὶν
1326 2089 1364 2119 εἰς
1379 2087 1426 2113 ἕνα
1442 2087 1507 2113 Θεὸν
1523 2087 1557 2113 δι’
1570 2085 1634 2112 Υίοῦ
1653 2087 1683 2112 ὲν
1704 2085 1832 2119 Hvsdput'

1058 2133 1136 2168 ἁγίῳ.
1154 2133 1240 2168 ’Υπὲρ
1257 2132 1377 2164 πλείονος
1389 2132 1453 2166 γοῦν
1470 2131 1631 2168 μαρτυρίας,
1644 2131 1833 2167 ἀναθεματίζο-

226 2184 306 2214 atque
327 2177 451 2205 elﬁcitur.
477 2176 590 2210 Unaque
612 2175 679 2202 ﬁdes
699 2177 740 2202 est
761 2175 788 2201 in
807 2182 891 2201 unum
920 2174 995 2202 Deun

1061 2187 1110 2214 μεν
1121 2179 1184 2210 τοὺς
1199 2178 1361 2213 φρονοῦντας
1377 2178 1423 2204 καὶ
1438 2178 1574 2212 λέγοντας·
1590 2175 1643 2203 Ἦν
1660 2185 1728 2203 ποτε
1738 2178 1834 2212 μονὰς,

227 2233 274 2260 per
305 2223 403 2252 Filium
432 2224 460 2250 in
490 2222 591 2257 Spiritu
619 2225 724 2249 sancto.
756 2221 891 2248 Plenioris
915 2221 1008 2256 itaque

227 2271 393 2306 maiorisque
427 2269 573 2297 testimonii
611 2276 711 2299 causa,
741 2268 913 2294 anathemate
945 2267 1009 2295 l'cri—

227 2325 289 2344 mus
307 2323 355 2344 eos
371 2315 416 2351 qui
439 2308 558 2342 sentiunt
577 2321 608 2341 ac
626 2313 721 2340 dicunt
745 2322 751 2338 :
776 2311 838 2339 Fuit
858 2312 1008 2347 aliquando

228 2370 331 2394 "tonas,
352 2362 410 2389 sive
424 2361 524 2392 unitas,
548 2367 610 2387 cum
632 2359 751 2386 nondum
772 2363 845 2385 esset
862 2357 964 2391 Filius;
983 2362 1010 2386 el.

229 2408 280 2436 fuit
291 2406 437 2442 aliquando
449 2407 526 2441 dyas,
540 2405 617 2440 quasi
629 2405 735 2432 dicatur
749 2403 849 2435 duitas,
863 2411 924 2431 cum
938 2412 1007 2432 non-

230 2453 293 2481 dum
309 2457 381 2481 esset
395 2452 512 2487 Spiritus
529 2455 650 2479 sanctus.
668 2450 775 2477 Scimus
793 2449 866 2476 enim
881 2455 1005 2478 sanctam

1062 2224 1098 2260 μὴ
1114 2224 1188 2256 ὄντος
1204 2224 1278 2251 Υῐοῖν
1301 2225 1346 2251 καὶ
1365 2223 1397 2260 ἦν
1418 2233 1482 2251 ποτε
1501 2224 1584 2256 δυὰς.
1607 2224 1645 2260 μὴ
1667 2224 1747 2255 ὄντος
1769 2224 1834 2257 ἁγίου

1061 2270 1225 2306 Πνεύματος·
1246 2271 1329 2297 ἀΐδιον
1349 2270 1403 2306 γὰρ
1419 2271 1466 2297 καὶ
1484 2270 1631 2297 ἁειτελείαν
1654 2270 1778 2305 οἴδαμεν,
1798 2269 1833 2295 κατ

1061 2316 1190 2348 ὡσαύτως
1206 2316 1318 2351 ἔχουσαν
1335 2316 1382 2352 τὴν
1400 2317 1480 2350 ἁγίαν
1500 2316 1611 2352 Τριάδα.
1633 2316 1681 2342 Διὸ
1703 2316 1825 2343 χαὶ·ἀλλο

1061 2361 1152 2396 τρίους
1166 2363 1214 2396 τῆς
1235 2361 1397 2396 Ἑκκλησίας
1415 2361 1512 2397 ἔχομεν
1533 2362 1596 2393 τοὺς
1614 2360 1781 2397 φρονοῦντας
1799 2362 1834 2387 καὶ

1061 2407 1198 2441 λέγοντας·
1215 2406 1267 2434 Ἦν
1281 2417 1345 2434 ποτε
1358 2409 1403 2434 ὅτε
1417 2408 1466 2435 οὐκ
1480 2406 1514 2443 ἦν
1529 2408 1544 2434 ὁ
1556 2408 1631 2439 Υἱὸς,
1643 2408 1692 2435 καὶ
1705 2408 1746 2434 ὅτι
1757 2407 1784 2440 ἐξ
1796 2408 1834 2433 οὖν

1062 2453 1145 2480 ὄντων
1159 2454 1266 2488 ἐγένετο
1279 2454 1310 2481 τὸ
1323 2454 1433 2489 Πνεῦμα
1449 2453 1479 2480 τὸ
1495 2454 1581 2488 ἆγιον.

230 2501 389 2528 Trinitatem
403 2500 604 2535 sempiternam,
621 2506 726 2533 semper
739 2497 885 2533 perfectam
902 2497 996 2531 fuisse,
1015 2508 1046 2528 ac
1058 2501 1151 2529 eodem
1164 2502 1257 2529 'modo
1277 2510 1307 2530 se
1323 2503 1462 2530 habuisse.
1496 2501 1683 2535 Quamobrem
1705 2501 1740 2528 ab
1759 2501 1834 2527 Eccle

231 2547 271 2573 sia
295 2547 429 2574 catholica
452 2547 554 2574 alienos
576 2552 731 2580 reputamus
755 2554 802 2573 eos
822 2546 868 2580 qui
900 2548 1023 2574 sentiunt
1042 2553 1121 2583 atque
1137 2549 1248 2577 dicunt:
1274 2549 1338 2577 Fuit
1355 2558 1416 2577 eum
1442 2557 1495 2577 non
1513 2553 1586 2577 esset
1603 2548 1704 2582 Filius,
1722 2555 1797 2584 atque
1811 2557 1834 2576 ex

231 2602 286 2623 non
300 2595 470 2623 exstantibus
485 2594 572 2621 factus
588 2597 629 2620 est
646 2593 763 2627 Spiritus
775 2597 897 2620 sanctus.

269 2643 277 2657 ³
292 2641 398 2670 Coloss.
416 2650 435 2675 ι,
454 2641 497 2668 l6.

268 2701 308 2771 (5;
321 2701 390 2729 Vide
402 2702 549 2730 Diatribam
566 2707 686 2729 nostram
703 2701 736 2728 de
751 2701 886 2728 Marcello.

269 2736 298 2770 (4
323 2736 438 2764 Licitum
454 2742 512 2764 erat
528 2738 578 2764 hoc
595 2742 714 2771 tempore
739 2736 886 2771 hypostasil

269 2736 438 2776 (£)_Lieitum
454 2742 512 2776 enat
528 2738 583 2776 hoc
595 2742 714 2776 tempore
739 2736 1008 2776 hypostasim'unam

235 2779 263 2811 in
277 2771 409 2811 Trinitate
421 2772 556 2811 conﬁteri,
568 2772 631 2799 dum
651 2770 803 2811 liypostasis
818 2779 866 2804 pro
877 2770 1008 2811 substanﬁ-

235 2806 272 2828 εἰς.
297 2806 460 2835 haberetur;
476 2807 654 2839 similiterque
670 2804 729 2833 'trcs
752 2807 910 2841 bypostascs
931 2804 1015 2832 conﬁ-

1061 2704 1124 2736 teri,
1140 2702 1203 2730 dum
1219 2706 1273 2730 tres
1298 2709 1421 2737 personae
1436 2701 1600 2737 exsistentes
1618 2703 1646 2737 et
1663 2699 1836 2737 _subsis_tentes

1062 2735 1383 2773 intelligerenturﬂVide
1411 2737 1438 2773 in
1467 2735 1582 2771 epistola
1598 2735 1632 2762 ad
1656 2735 1836 2762 Antiocheam,

1062 2776 1127 2801 tom.
1140 2771 1283 2808 l‘Operum
1297 2771 1450 2799 Athanasii.
