1905 3072
86 130 156 158 1505

583 128 764 158 EXPOSITIO
781 127 871 155 FIDE]
888 127 933 154 AD
948 127 1183 155 ATHANASani.

1623 130 1634 157 Ι
1640 130 1691 157 506

121 190 150 216 4.
165 189 222 216 Ἵνα
234 188 262 215 δὲ
274 189 310 224 μή
322 189 364 220 τίς
380 197 443 215 ποτε
456 189 528 224 ἡμᾶς
539 188 584 215 καὶ
598 189 661 224 περὶ
674 188 721 224 τῆς
737 188 866 224 ὲνσᾱιρκου

952 187 978 214 4.
998 187 1036 215 Ne
1053 188 1114 222 quis
1130 194 1193 214 vero
1210 187 1276 214 falsa
1293 187 1421 221 jactitans
1438 195 1486 215 nos
1505 188 1604 216 frustra
1616 189 1693 216 incu-

85 235 238 271 παρουσίας
252 234 298 261 τοῦ
312 235 435 270 Σωτῆρος
447 234 523 270 ἡμῶν
537 233 649 270 διαϐάλῃ
663 234 846 269 ματαιολογῶν
856 242 864 250 ο

86 278 244 314 ἀναγκαίως
264 278 311 305 καὶ
327 279 390 314 περὶ
402 279 495 305 τούτου
510 278 659 314 γράφομεν,
674 280 714 306 ὃτι
730 281 744 306 ὁ
763 279 866 315 Κύριος

86 323 137 350 καὶ
149 322 242 358 Σωτὴρ
252 323 328 359 ἡμῶν
337 323 351 349 ὁ
363 324 487 358 Χριστὸς,
501 323 550 359 οὐχ
562 323 654 359 ὥσπερ
670 325 709 356 εἰς
723 325 785 356 τοὺς
799 334 865 361 προ-

87 369 179 404 φήτας
195 370 318 404 ἐγίνετο,
330 368 415 401 οὕτως
429 369 475 396 καὶ
489 369 534 396 ἐπὶ
546 370 681 405 συντελείᾳ
694 370 748 397 τῶν
762 371 865 398 αἰώνων

87 413 171 449 ἦλθεν
182 415 220 446 εἰς
231 415 306 449 ἆγιον
319 414 468 450 ἄνθρωπον.
481 415 561 441 Ἀλλὰ
567 415 739 451 πιστεύομεν,
748 417 788 443 ὅτι
796 417 866 444 κατὰ

87 459 137 485 τὸν
157 459 281 495 Ἰωάννην
298 461 312 486 ό
327 460 410 494 Λόγος
424 460 491 496 σὰρξ
513 460 629 494 ἐγένετο,
652 462 699 488 καὶ
726 462 795 489 κατὰ
821 463 867 490 τὸν

94 505 255 532 Ἀπόστολον
278 506 306 532 ὲν
325 506 412 541 μορφῇ
432 506 498 532 Θεοῦ
524 506 652 542 ὑπάρχων
675 507 752 534 ἔλαϐε
777 508 866 536 δούλου

89 550 208 586 μορφὴν,
223 550 252 576 τὸ
265 550 335 577 κατὰ
347 551 434 586 σάρκα
448 551 584 586 γεννηθεὶς
596 552 628 577 ἐκ
642 552 749 587 Μαρίας
763 552 867 588 ἄνθρω-

89 605 143 628 πος
154 595 188 622 δι’
203 597 275 632 ἡμᾶς
284 604 290 610 ·
303 596 354 626 ἴνα,
366 596 403 628 ὡς
419 594 493 624 εἷπεν
504 597 594 629 αὐτὸς,
606 597 734 634 τελειώσῃ
747 599 776 625 τὺ
790 598 868 633 ἔργον

87 640 137 666 τοῦ
151 641 269 676 Πατρός⁶
282 642 326 668 καὶ
345 641 430 674 οὕτως
445 642 474 668 τὸ
489 642 655 678 ἀνθρώπινον
666 644 741 677 γένος
758 645 786 670 ὲν
797 644 869 679 αὑτῷ

88 684 236 717 τελειώσας
249 686 295 712 καὶ
310 686 428 720 συνάψας
439 687 470 722 τῇ
484 686 599 722 θεότητι,
615 687 748 724 εἰσαγάγῃ
765 689 803 718 είς
820 688 869 722 τὴν

91 730 230 764 βασιλείαν
244 730 296 757 τῶν
307 731 438 767 οὐρανῶν.
451 732 504 758 Καὶ
520 734 544 759 εί
554 733 640 760 ταῦτα
656 733 734 759 πάλιν
748 733 869 769 αὐτάρκη

88 775 176 809 δεῖξαι
188 777 237 811 τὴν
253 777 318 812 πρὸς
340 776 384 802 τὸν
408 777 508 813 Κύριον
529 778 607 813 ἡμῶν
634 778 734 813 Ἰησοῦν
754 778 870 814 Χριστὸν

91 821 198 847 πίστινυ
213 822 286 856 ὅμως
296 822 367 856 ὑπὲρ
379 822 498 854 πλείονος
514 823 660 856 ἀσφαλείας
673 823 870 858 ἀναλαμϐάνον-

89 875 138 898 τες
153 867 237 894 ταῦτα
249 867 372 903 λέγομεν,
392 868 438 895 καὶ
456 868 687 904 ἀναθεματίξομεν
703 869 764 901 τοὺς
778 869 870 903 λέγον-

90 921 142 943 τας
157 913 202 938 καὶ
216 913 388 947 φρονοῦντας,
400 914 464 940 ποτὲ
478 914 522 940 τὸν
531 914 639 949 Πατέρα
650 913 716 941 εἶναι
730 915 813 950 χωρὶς
822 914 868 941 τοῦ

91 957 169 989 Υἱοῦ,
197 958 243 984 καὶ
265 959 327 985 ποτὲ
343 959 387 985 τον
410 959 516 996 Πατέρα
529 960 630 986 καὶτὸν
653 960 717 986 Υἰδν
729 961 810 996 χωρὶς
823 960 869 986 τοῦ

91 1002 171 1037 ἁγίου
188 1004 352 1039 Πνεύματος.
368 1004 480 1041 Πνεῦμα
492 1006 545 1040 γὰρ
556 1006 622 1032 Θεοῦ
640 1007 707 1038 ἐστι,
722 1006 767 1032 καὶ
782 1006 870 1032 τελεία

885 857 906 883 Β

91 1049 140 1075 καὶ
159 1049 243 1081 ἀῖδιός
263 1051 336 1077 ἐστιν
353 1051 368 1086 ἠ
393 1051 485 1086 Τριὰς.
511 1051 751 1087 Ἀναθεματίζομέν
774 1061 804 1079 τε
825 1052 872 1079 καὶ

91 1096 157 1126 τοὺς
170 1095 216 1121 νῦν
232 1095 396 1129 ἐξελθόντας,
405 1097 451 1123 καὶ
465 1097 626 1132 λεγομένους
643 1098 798 1133 Ἀνομοίους
807 1105 814 1111 ·
824 1099 871 1125 καὶ

94 1141 146 1167 σὺν
158 1141 249 1173 αὐτοῖς
264 1141 313 1176 τὴν
325 1141 372 1168 τοῦ
390 1142 566 1177 Σαμοσατέως
578 1143 623 1169 καὶ
634 1143 764 1170 Φωτείνου
782 1152 871 1179 παρα-

93 1186 240 1222 φροσύνην,
253 1186 299 1213 καὶ
313 1186 376 1218 τοὺς
391 1186 425 1213 τὰ
438 1187 506 1214 αὐτὰ
523 1188 684 1223 φρονοῦντας
699 1188 797 1220 αὐτοῖς,
812 1190 872 1216 Ὅτι

95 1231 134 1266 μὴ
146 1231 253 1264 λέγουσι
265 1231 310 1257 τὸν
321 1231 367 1257 τοῦ
378 1231 445 1257 Θεοῦ
457 1232 541 1265 Λόγον
552 1231 639 1263 ζῶντα
650 1233 734 1267 Λόγον
747 1232 814 1260 εἶναι
827 1235 873 1261 καὶ

93 1276 205 1312 ἐνεργῆ,
222 1275 254 1302 δι’
268 1273 298 1303 οῦ
310 1276 344 1303 τὰ
363 1277 449 1304 πάντα
463 1277 579 1311 ἐγένετο,
597 1277 663 1304 ἀλλὰ
675 1279 712 1310 ὡς
731 1279 872 1314 ἀνθρώπου

93 1321 172 1355 λόγον
189 1322 354 1357 προφορικὺν
381 1322 475 1358 μόνον·
491 1324 538 1350 καὶ
557 1324 597 1350 ὅτι
624 1324 660 1359 μὴ
686 1325 810 1360 φρονοῦσι
829 1326 873 1353 τὸν

94 1366 162 1393 rm
172 1366 218 1392 τοῦ
233 1367 298 1393 Θεοῦ
308 1367 387 1394 αὑτὸν
400 1365 469 1394 εἶναι
480 1368 524 1395 τὸν
534 1368 619 1403 Λόγον
627 1377 633 1383 ’
647 1369 714 1396 ἀλλὰ
726 1370 873 1406 διαιροῦσιν

94 1411 210 1445 ἀλόγως,
228 1411 274 1438 καὶ
294 1411 380 1448 ἀρχὴν
393 1411 431 1447 τῷ
442 1412 497 1448 Υἱῷ
514 1412 628 1439 διδοῦσιν
645 1414 698 1440 ἀπὸ
710 1415 758 1449 τῆς
771 1415 803 1440 ὲκ
816 1415 875 1443 Μα-

97 1455 157 1490 ρίας
171 1455 240 1482 κατὰ
252 1456 340 1490 σάρκα
351 1457 492 1491 γενέσεως,
505 1456 724 1493 βλασφημοῦντες
733 1468 739 1474 ·
752 1459 792 1485 ὅτι
808 1459 874 1496 μηδὲ

94 1505 162 1532 Θεὸν
173 1506 297 1542 ἀληθινὸν
313 1507 392 1534 αὐτὸν
411 1506 479 1535 εἶναι
494 1509 673 1537 πιστεύουσιν.

916 238 957 260 set
978 233 1050 260 circa
1071 233 1207 260 carnalem
1234 232 1386 261 Servatoris
1410 233 1565 266 adventura,
1582 242 1694 262 necesse

916 286 1023 313 quoque
1040 278 1121 305 fuerit
1139 282 1168 305 ut
1187 286 1217 306 ea
1237 279 1270 306 de
1286 286 1315 304 re
1334 279 1456 312 quaedam
1481 279 1578 307 litteris
1601 281 1693 308 consi-

916 331 1046 359 gnemus;
1062 324 1134 360 quod
1148 325 1256 352 scilicet
1275 324 1406 352 Dominus
1421 328 1446 351 et
1464 324 1588 351 Salvator
1602 329 1694 353 noster

916 369 1051 401 Christus,
1070 377 1124 396 non
1140 369 1366 404 quemadmodum
1386 370 1419 396 ad
1442 370 1586 404 prophetas
1608 371 1694 404 factus

917 419 965 446 est,
981 414 1018 441 ita
1035 415 1061 441 in
1080 415 1313 442 consummatione
1330 415 1490 442 saeculorum
1516 415 1654 443 advenerit
1668 417 1694 443 in

917 463 1041 486 sanctum
1061 460 1206 487 hominem.
1226 458 1434 492 Sederedimus,
1447 461 1530 495 quod,
1546 461 1695 488 secundum

916 503 1047 532 Joannem
1059 506 1080 538 ¹,
1090 504 1207 532 Verbum
1225 514 1289 533 caro
1307 506 1405 533 factum
1427 507 1473 537 sit.
1498 511 1524 533 et
1547 506 1695 533 secundum

918 551 1078 585 Apostolum
1087 551 1107 583 ³,
1122 551 1193 586 quod
1211 559 1271 578 cum
1287 552 1313 578 in
1329 551 1414 578 forma
1431 552 1476 578 Dei
1490 555 1572 583 esset,
1588 554 1696 586 propter

917 604 968 624 nos
983 597 1117 630 acceperit
1129 597 1200 623 servi
1218 596 1343 627 formam,
1359 596 1508 623 secundum
1527 604 1637 623 carnem
1650 604 1697 631 ge-

918 642 993 669 nitus
1008 641 1088 668 homo
1110 649 1142 668 ex
1159 641 1242 668 Maria
1266 641 1392 676 Virgine;
1413 645 1452 673 ut,
1471 641 1695 676 quemadmodum

919 688 976 723 ipse
1000 687 1037 714 ait
1049 687 1069 719 ⁵,
1095 687 1235 722 perﬁceret
1259 695 1328 721 opus
1351 687 1458 720 Patris;
1483 690 1564 721 atque
1580 687 1616 713 ita
1635 694 1716 713 cum~

918 743 1003 770 genus
1033 735 1179 761 humanum
1208 734 1236 761 in
1267 735 1356 768 seipse
1384 734 1545 768 perfecerit,
1579 741 1610 761 ac
1636 741 1696 761 cum

919 780 1059 807 divinitate
1084 780 1267 814 conjunxcrit,
1294 780 1383 813 ipsum
1413 778 1568 805 introducat
1601 779 1627 804 in
1656 785 1699 805 re-

920 834 1002 861 gnum
1026 826 1170 853 caelorum.
1194 826 1230 852 Ae
1256 825 1362 852 etiamsi
1388 825 1481 852 istlucc
1501 825 1568 852 satis
1587 825 1640 852 sint
1665 824 1698 851 ad

921 871 1113 898 declarandam
1138 871 1216 898 ﬁdem
1236 871 1263 898 in
1291 871 1433 897 Dominum
1460 874 1582 897 nostrum
1607 869 1698 898 Jesum

920 915 1059 944 Christum
1073 936 1081 948 ,
1113 920 1232 942 attamen
1250 915 1362 950 majoris
1385 915 1540 942 securitatis
1557 921 1620 949 ergo
1642 913 1700 940 hanc

920 963 1067 997 repetimus
1078 969 1109 988 ac
1119 962 1246 993 dicimus,
1261 965 1342 996 atque
1353 961 1523 987 anathemate
1539 960 1699 986 damnamus

921 1016 967 1036 eos
984 1008 1030 1043 qui
1048 1008 1143 1036 dicunt
1160 1011 1187 1035 et
1203 1007 1328 1038 credunt,
1350 1006 1457 1034 Patrem
1483 1006 1627 1041 aliquando
1643 1007 1701 1033 sine

921 1054 990 1082 Filio
1005 1054 1109 1087 fuisse;
1126 1054 1289 1088 Patremque
1302 1061 1333 1080 ac
1347 1052 1444 1080 Filium
1458 1052 1604 1087 aliquando
1619 1051 1701 1078 fuisse

922 1103 981 1130 sine
998 1100 1102 1136 Spiritu
1117 1104 1223 1127 sancto.
1241 1099 1358 1134 Spiritus
1374 1099 1445 1126 enim
1461 1097 1505 1125 Dei
1526 1101 1578 1128 est,
1594 1104 1626 1123 ac
1641 1105 1702 1131 per-

922 1149 991 1176 fecta
1017 1153 1098 1182 atque
1119 1146 1283 1180 sempiterna
1307 1149 1349 1173 est
1370 1144 1498 1171 Trinitas.
1526 1143 1702 1170 Anathemate

923 1202 1031 1229 quoque
1052 1193 1212 1221 damnamus
1231 1199 1278 1218 eos
1303 1191 1350 1225 qui
1373 1197 1460 1223 nuper
1480 1190 1565 1216 exorti
1586 1192 1660 1219 stitit,
1675 1191 1702 1215 et

922 1239 1046 1268 Anommi
1076 1239 1212 1270 dicuntur,
1243 1246 1274 1265 ac
1301 1244 1362 1264 cum
1386 1236 1452 1271 ipsis
1483 1234 1650 1262 Samosateni
1675 1239 1703 1262 et

923 1279 1030 1313 l’ltotini
1046 1286 1177 1312 insaniam
1188 1304 1196 1316 ,
1219 1292 1323 1311 necnon
1341 1291 1388 1310 eos
1404 1283 1449 1317 qui
1471 1283 1545 1316 paria
1560 1289 1622 1308 cum

923 1331 1054 1359 sentiunt.
1079 1330 1146 1363 Quia
1170 1336 1223 1356 non
1248 1329 1351 1361 dicunt,
1375 1327 1493 1354 Verbum
1520 1327 1577 1358 Dei,
1591 1326 1702 1353 verbum

924 1384 984 1404 esse
998 1376 1093 1403 vivens
1110 1378 1136 1402 et
1148 1374 1252 1406 eﬂicax,
1272 1382 1321 1409 per
1335 1373 1407 1408 quod
1424 1373 1515 1400 omnia
1530 1373 1599 1399 farta
1619 1375 1682 1399 sunt
1695 1380 1701 1398 :

924 1421 972 1450 sed
985 1421 1062 1457 quasi
1080 1421 1198 1448 hominis
1211 1420 1323 1447 verbum
1341 1419 1507 1454 prolatitium
1520 1418 1663 1449 duntaxat,
1678 1420 1706 1443 et

925 1467 989 1502 quia
1006 1474 1060 1494 non
1079 1466 1247 1493 arbitrantur
1273 1464 1371 1492 Filium
1394 1464 1439 1491 Dei
1461 1465 1548 1499 ipsum
1570 1471 1631 1490 esse
1645 1469 1705 1489 ver—

929 1513 1008 1542 bum:
1036 1519 1130 1539 verum
1152 1515 1253 1538 temere
1273 1514 1300 1538 et
1320 1511 1379 1538 sine
1396 1510 1501 1536 ratione
1521 1509 1654 1539 dividunt,
1680 1511 1706 1534 et

96 1560 259 1595 principium
275 1561 344 1588 Filio
360 1570 374 1588 a
406 1563 546 1592 nativitate
577 1565 724 1592 secundum
739 1573 847 1594 carnem
863 1574 895 1594 ex
916 1567 999 1594 Maria
1014 1565 1171 1601 blaspheme
1190 1572 1238 1592 ore
1253 1564 1386 1595 tribuunt,
1409 1563 1472 1598 quia
1493 1563 1555 1589 item
1572 1570 1626 1589 non
1645 1569 1706 1589 cre-

96 1606 165 1633 dunt
175 1607 264 1641 ipsum
283 1615 374 1634 verum
392 1615 452 1636 esse
467 1609 562 1636 Deum.

134 1653 160 1680 5.
177 1653 268 1680 Ταῦτα
293 1654 436 1690 τοιγαροῦν
462 1655 632 1691 φρονοῦντες,
660 1657 707 1683 καὶ
732 1657 913 1693 ἐγγράφωςσ⁴

97 1697 300 1733 ὁμολογοῦντες,
313 1699 543 1735 διαϐεϐαιούμενοί
561 1710 590 1727 τε
604 1701 689 1728 ταῦτα
712 1704 817 1738 φρονεῖν
831 1703 877 1730 καὶ

97 1744 162 1775 τοὺς
183 1743 391 1775 ἀποστείλαντας
411 1745 493 1780 ἡμᾶς,
515 1745 642 1781 ἀξιοῦμεν
658 1745 707 1781 τὴν
724 1747 772 1782 σὴν
785 1747 876 1773 Θεοσέ-

98 1789 175 1815 ϐειαν
187 1789 283 1824 μηκέτι
293 1789 430 1816 πιστεύειν
439 1791 494 1821 τοῖς
504 1791 564 1817 καθ’
574 1790 650 1826 ἡμῶν
661 1790 783 1826 λέγουσιν
793 1801 799 1806 ·
811 1792 878 1819 ἀλλὰ

101 1833 200 1870 μᾶλλον
216 1836 270 1866 τοῖς
289 1835 477 1862 ἀποστείλασιν
490 1836 562 1871 ἡμᾶς
577 1836 662 1862 ταῦτα
675 1837 815 1872 γνωρίσαι,
832 1837 878 1864 καὶ

99 1880 204 1915 γράψαι
225 1881 271 1906 καὶ
286 1878 326 1912 οἷς
341 1881 374 1908 ἂν
390 1880 524 1917 γινώσκῃς
541 1881 688 1917 ὁρθοδόξοις
706 1883 877 1914 ὲπισκόποιςυ

100 1924 155 1956 ἵνα,
172 1925 196 1950 εί
209 1925 256 1951 καὶ
265 1924 333 1960 πρὸς
344 1925 441 1957 αὐτοὺς
452 1927 469 1960 ἠ
480 1925 541 1952 καθ’
552 1927 568 1960 ἡ
573 1925 630 1961 μῶν
642 1925 751 1961 διαϐολὴ
761 1927 877 1960 ἐγένετο,

102 1969 231 2005 μαθόντες
253 1970 301 2006 τὴν
324 1970 466 2006 ὁμολογίαν
490 1971 567 2006 ἡμῶν
591 1971 700 2006 ταύτην,
725 1972 878 2006 καταγνῶσι

100 2015 155 2041 τῶν
168 2014 334 2050 θελησάντων
347 2016 411 2051 ἡμῖν
423 2015 514 2048 ἁπλῶς
531 2016 626 2050 φθόνον
639 2016 756 2051 κινῆσαι.
770 2017 880 2043 Θεόδου-

101 2060 147 2092 λος
161 2060 305 2092 ἐπίσκοπος
322 2061 495 2097 Ὀξυρύγχου,
506 2061 612 2097 Πλήνης
623 2062 769 2093 ἐπίσκοπος
787 2062 882 2097 Ἑρμο-

103 2107 156 2139 οιὲ,
179 2107 314 2142 ἰσχυρίων
326 2107 471 2138 ἐπίσκοπος
481 2107 597 2141 Λεοντῶ,
619 2107 711 2134 Ἰσαὰκ
721 2108 879 2139 ἐπίσκοπος.

113 2151 205 2188 ⁷Λμήν.

140 2229 150 2244 ‘
165 2228 242 2256 Joan.
261 2229 336 2260 1,14.
374 2230 384 2246 ⁸
404 2230 499 2265 Philip.
519 2238 547 2262 ιι,
561 2229 588 2262 6,
607 2229 632 2257 ’1.
671 2229 681 2246 ⁸
697 2229 774 2257 Joan.
793 2238 830 2263 IV,
846 2230 891 2257 5L

142 2305 179 2340 (5)
197 2305 233 2333 De
252 2306 294 2342 his
311 2307 555 2342 subscriptionibus
575 2306 635 2334 vide
661 2306 687 2333 in
711 2306 879 2334 Diatriba'de

107 2340 242 2377 Marcello.
268 2340 314 2368 Hae
336 2340 426 2377 porro'
442 2342 654 2377 subscriptiones
683 2342 784 2368 mutila:
808 2341 879 2368 haud

107 2376 187 2402 dubie
203 2379 274 2409 sunt,
293 2376 353 2404 cum
372 2377 511 2404 Athanasii
526 2384 624 2403 nomen
641 2383 696 2403 non
714 2381 878 2410 compareat,

107 2411 152 2444 qui
169 2417 234 2438 sane
250 2411 311 2438 huic
327 2411 386 2438 ﬁdei
407 2411 570 2438 confessioni
587 2411 743 2445 suti‘ragium
763 2411 836 2438 dedit
849 2418 881 2437 ac

108 2445 283 2481 subscripsit;
300 2446 366 2473 alias
381 2453 453 2478 vero,
471 2445 624 2481 refragante
638 2446 798 2481 Athanasio.
819 2452 880 2471 eam

108 2480 218 2508 minime
236 2481 404 2515 probassent,
429 2480 571 2515 additaque
590 2481 698 2508 nomine
721 2480 882 2508 conﬁrmas-

964 1656 989 1682 5.
1011 1654 1071 1681 llaec
1085 1653 1175 1687 itaque
1185 1659 1246 1679 cum
1265 1651 1414 1678 sentiamus
1431 1654 1512 1686 atque
1529 1651 1631 1686 scripto
1645 1660 1707 1686 pro-

930 1698 1063 1728 ﬁteamur,
1075 1702 1283 1729 asseramusque
1298 1694 1413 1729 idipsum
1431 1695 1532 1722 sentire
1543 1703 1589 1723 eos
1601 1696 1646 1730 qui
1658 1704 1708 1723 nos

930 1743 1019 1770 isthuc
1034 1742 1164 1770 miserunt
1178 1751 1184 1768 :
1204 1745 1276 1768 tuam
1292 1748 1417 1775 rogamus
1434 1740 1570 1774 pietatem,
1583 1749 1617 1768 ne
1629 1741 1706 1768 (idem

929 1790 962 1817 iis
977 1789 1078 1815 habeas
1095 1788 1140 1822 qui
1160 1795 1209 1813 nos
1227 1786 1402 1818 insimulant;
1421 1785 1501 1819 idque
1518 1786 1552 1813 iis
1572 1786 1708 1821 significes

928 1834 973 1869 qui
992 1841 1042 1861 nos
1063 1833 1116 1860 huc
1141 1833 1315 1867 delegarunt;
1336 1831 1471 1858 rescribas
1496 1831 1559 1858 item
1587 1831 1620 1859 iis
1639 1840 1708 1867 quos

929 1879 1093 1915 orthodoxos
1105 1879 1246 1913 episcopos
1260 1884 1321 1904 esse
1333 1877 1456 1909 noveris;
1474 1880 1502 1903 ut
1518 1876 1539 1903 si
1554 1876 1588 1904 ad
1605 1884 1651 1904 eos
1662 1885 1709 1904 ca-

930 1925 1031 1952 lumnia
1045 1925 1188 1952 adversum
1200 1931 1249 1951 nos
1262 1922 1376 1950 conﬂata
1388 1923 1549 1957 pervenerit,
1563 1927 1707 1958 conspecta

930 1970 982 1997 hac
995 1974 1088 1997 nostra
1103 1970 1163 1996 ﬁdei
1176 1968 1356 2000 confessione,
1369 1969 1497 1996 malitiam
1508 1976 1601 1995 eorum
1617 1969 1707 2003 depre-

931 2014 1061 2046 hendant,
1076 2014 1122 2049 qui
1143 2017 1244 2040 temere
1267 2013 1395 2040 invidiam
1417 2014 1495 2039 nobis
1521 2020 1628 2039 movere
1653 2016 1710 2039 stu-

931 2060 1048 2087 duerunt
1058 2059 1105 2094 (5).
1127 2058 1285 2085 Theodulus
1302 2059 1445 2093 episcopus
1473 2058 1638 2093 Oxyrynehi,
1650 2057 1710 2085 Ple-

931 2113 980 2132 nes
991 2105 1135 2139 episcopus
1150 2103 1301 2137 Hcrmothi,
1316 2104 1454 2139 lsehyrion
1473 2104 1617 2138 episcopus
1629 2103 1712 2130 Leon-

932 2156 971 2185 to,
992 2151 1066 2178 Isaac
1078 2151 1230 2188 episcopus.
1247 2151 1342 2178 Amen.

930 2310 990 2335 sent
1011 2307 1130 2342 episcopi
1157 2307 1202 2334 hic
1226 2307 1377 2334 memorati.
1404 2306 1556 2342 Verisimile
1579 2305 1712 2342 item_est

930 2343 997 2369 alios
1011 2340 1152 2377 [Egyptios
1166 2342 1318 2376 episcopos,
1330 2349 1445 2377 quorum
1454 2341 1576 2368 cecidere
1589 2340 1711 2377 nomina,

931 2374 1130 2405 eamdenf'ti'dei
1143 2374 1346 2403 confessionem
1359 2375 1487 2411 sttﬂ‘ragio
1501 2383 1552 2403 suo
1567 2374 1710 2411 rmuniisse.

933 2411 1041 2439 Solebat
1058 2412 1129 2438 enim
1144 2411 1306 2438 Athanasius
1324 2411 1356 2437 ad
1377 2409 1589 2445 lanti'pontleris
1606 2409 1712 2443 negotia

932 2454 947 2474 e
961 2447 1137 2474 vicinioribus
1153 2447 1253 2473 multos
1269 2453 1420 2473 accersere.
