1920 3070
164 77 217 106 I59

641 76 670 106 8.
691 77 857 106 METIIODII
874 77 1028 106 EPISCOPI
1047 77 1090 105 ET
1104 76 1284 105 MABTYRIS

1738 76 1797 103 100

179 135 302 165 Christus
312 143 358 163 rea:
369 144 378 162 :
391 135 481 162 multis
493 136 586 172 quippe
598 137 680 163 exilio
699 136 762 171 fuit.
778 145 823 163 nec
839 137 936 171 ferendt

1032 135 1159 170 Χριστὸς
1174 135 1251 168 ἄναξ
1263 143 1269 149 ·
1288 133 1422 167 πολλοὺς
1449 133 1504 169 γὰρ
1526 133 1696 172 datin/181785
1710 133 1799 172 οὐδὲ

773 173 813 198 uis
823 177 879 198 erat

773 173 813 198 uis
823 177 879 198 erat

179 206 266 239 Quam
282 213 314 233 es:
329 206 400 240 genis
418 213 526 232 noxiam
538 214 658 240 spumam
670 172 821 239 eructquat;
883 193 890 204 ’

160 274 213 302 nisi
229 273 397 309 profligatam
411 272 538 300 Christus
548 274 624 307 prius
635 272 809 303 debellasset,
819 279 947 306 prorsus-

159 328 212 355 que
235 320 373 347 infirmam
398 324 481 355 atque
500 322 685 354 contemptam
699 318 792 352 ‘nohis
809 317 946 346 reddidis-

159 371 210 394 set.

1032 206 1151 240 Λοίγιον
1176 205 1210 232 ἐκ
1235 205 1348 240 γενύων
1367 204 1463 239 ἁρμὸν
1484 169 1752 239 ἑρευγοὲἓίξαὲτῖιψ

1000 275 1025 301 εὶ
1042 273 1079 309 μὴ
1101 273 1232 310 πρότερον
1256 274 1373 306 ἐκλύσας
1394 273 1478 309 αὑτὴν
1499 274 1711 309 κατειργάσατο,
1739 274 1794 300 καὶ

999 319 1100 355 ἀσθενῆ
1116 321 1163 347 καὶ
1176 320 1413 356 εὐκαταφρόνητον
1426 320 1491 355 ἡμῖν
1511 319 1654 351 παντελῶς
1672 319 1791 354 εποίησε

999 366 1128 402 Χριστός.
1606 374 1609 378 λ

157 424 223 453 Cu».
238 423 307 453 XIII.
323 425 421 453 Bestia:
432 425 586 453 diademata
600 431 710 461 septem,
723 426 829 462 victrice
844 426 968 453 castitate
996 426 1123 454 tollenda.
1142 427 1272 454 Draconis
1286 435 1386 454 cornua
1402 426 1501 459 decem,
1517 425 1648 462 Decalogo
1664 426 1791 460 opposita

702 462 776 490 uitia.
793 460 858 488 Fati
870 462 967 496 opinio,
984 462 1084 489 malum
1100 463 1255 490 maximum.

192 517 283 551 Quare
299 519 422 546 masculo
437 519 584 554 sobrioque
609 523 751 555 assumpto
767 520 868 552 animo,
887 519 944 547 fru-

156 567 213 592 Itra
231 563 348 599 ringenti
363 564 458 592 belluze
473 572 504 592 ac
515 566 628 592 tumenti
641 573 716 592 arma
733 566 870 601 opponite.
879 565 944 601 Ejus

156 609 224 636 nihil
241 610 489 644 oppugnationibus
500 611 598 643 cedite,
614 616 694 638 autve
707 611 770 639 hinc
784 613 942 646 turbemini,

156 655 228 689 quod
245 654 420 683 ferocientem
434 655 560 684 videatis.
580 655 717 684 Inﬁnitam
733 657 805 684 enim
818 657 943 686 referetis

157 701 282 735 g'oriam,
301 701 324 728 si
339 701 452 728 victoria
465 702 566 736 potitae.
579 710 648 737 quas
663 706 751 738 gestat
773 707 877 738 septem
893 711 942 731 co-

158 753 241 773 ronas
252 754 284 773 ac
298 746 464 780 diademata,
475 747 510 775 ab
527 748 572 774 illa
588 748 775 782 abstuleritis;
793 749 827 777 de
841 750 941 784 qu'bus

157 791 236 819 nobis
251 796 390 820 certamen
408 800 440 820 ac
454 793 526 820 lucta
547 794 687 829 proposita
701 799 754 828 est,
767 799 796 822 ut
813 795 944 830 magister

158 843 249 866 noster
260 838 360 866 Paulus
373 839 464 867 tradit.
481 839 548 873 Quae
561 841 634 868 enim
645 841 780 869 debellato
794 842 870 876 prius
883 842 944 869 dia-

155 883 228 916 bolo,
244 889 346 919 septem
368 885 456 920 capita
473 888 620 919 necaverit,
634 891 737 922 septem
759 888 868 916 virtutis
896 896 943 916 co-

156 937 238 958 ronas
258 931 435 965 adipiscetur,
453 937 555 966 septem
579 933 686 968 magnis
699 933 841 968 perfuncta
858 934 942 962 casti-

156 975 219 1002 tatis
229 977 438 1004 certaminibus.
456 976 545 1012 Caput
556 978 628 1006 enim
645 979 774 1007 draconis
789 983 832 1007 est
844 979 942 1007 intem-

155 1023 277 1056 perantia
292 1026 319 1050 et
334 1023 414 1051 luxus
426 1033 433 1056 ;
445 1024 492 1059 qui
503 1024 555 1052 hoc
568 1029 651 1060 caput
665 1024 842 1061 confregerit.
858 1026 942 1054 casti-

154 1068 216 1095 tatis
229 1075 330 1095 corona
343 1070 496 1097 ornabitur.
513 1070 599 1106 Caput
614 1074 656 1098 est
667 1075 694 1098 et
710 1071 827 1106 ignavia,
847 1071 942 1099 fracti-

154 1120 206 1147 que
221 1114 305 1140 animi
321 1115 437 1142 imbellis
451 1123 552 1150 pavor;
574 1117 620 1150 qui
646 1116 698 1144 hoc
723 1117 791 1152 pede
814 1125 941 1152 premens

153 1159 267 1191 eliserit,
283 1166 411 1187 coronam
423 1160 529 1188 auferet
546 1162 679 1197 martyrii.
701 1161 789 1196 Caput
806 1167 887 1190 estet
899 1163 941 1190 in-

153 1204 270 1232 ﬁdelitas
286 1209 313 1232 et
328 1206 455 1240 stultitia,
468 1211 495 1234 et
516 1208 620 1242 reliqua
636 1208 663 1235 id
677 1216 763 1244 genus
779 1209 941 1244 improbita-

153 1250 188 1278 tis
203 1255 343 1282 monstra:
358 1253 405 1287 qui
417 1260 448 1279 ea
468 1252 616 1281 confecerit
627 1261 658 1281 ac
674 1254 833 1289 perdiderit,
849 1256 940 1290 opima

151 1295 185 1322 de
201 1297 255 1324 illis
271 1297 390 1325 victoria:
406 1299 517 1333 prmmia
530 1301 690 1336 reportabit,
707 1301 856 1330 multifaric
872 1310 940 1330 con-

153 1348 213 1370 lusa
226 1344 346 1378 potentia
366 1345 504 1374 draconis.
523 1346 590 1377 Nam
603 1351 628 1375 et
645 1347 737 1375 decem
756 1356 859 1376 cornua
876 1357 940 1377 acu-

152 1389 241 1423 leique
253 1397 313 1424 qua:
326 1390 352 1418 in
368 1391 504 1426 capitibus
516 1392 587 1420 ferre
598 1393 682 1420 draco
698 1394 788 1422 dictus
808 1398 860 1427 est,
872 1403 938 1423 con-

1032 520 1091 553 Διδ,
1109 520 1195 556 θυμὸν
1207 521 1309 556 ἄρρενα
1323 519 1452 546 λαϐοῦσαι
1467 518 1515 545 καὶ
1529 518 1657 553 νήφοντα,
1675 518 1790 545 ἐναντία

997 565 1075 592 (it-5605
1097 565 1136 601 τῷ
1153 565 1216 601 θηρὶ
1236 564 1384 600 σφριγῶντι
1402 563 1437 590 τὰ
1457 564 1541 590 ὅπλα·
1561 563 1621 599 μηδ’
1641 564 1791 599 ὑποχωρή-

989 619 1062 648 ’σητε
1087 612 1117 638 τὸ
1133 611 1260 642 σύνολον,
1283 612 1325 646 ἐφ’
1347 608 1388 642 οἷς
1410 610 1572 646 Θρασύνεται
1589 609 1786 645 ταραχθεῖσαι·

998 658 1094 694 μυρίον
1109 658 1163 694 γὰρ
1175 657 1249 690 ἕξετε
1261 657 1350 688 κλέος,
1366 657 1413 683 ἐὰν
1430 655 1547 691 ἀφέλητε
1562 656 1707 691 νικήσασαι
1719 656 1788 688 τοὺς

995 705 1037 731 ἐπ’
1051 704 1132 731 αὑτοῦ
1148 703 1296 738 στεφάνους
1309 702 1390 734 ἑπτὰ,
1407 703 1441 729 δι’
1455 701 1502 733 οὒς
1515 703 1529 728 ὁ
1544 701 1618 737 ὰγςυν
1635 703 1700 737 ἡμῖν
1717 702 1787 737 πρό-

994 760 1083 778 κειται
1096 751 1144 777 καὶ¹
1159 751 1176 786 ἡ
1189 750 1272 785 πάλη,
1287 749 1357 776 κατὰ
1370 748 1416 775 τὸν
1433 748 1590 775 διδάσκαλον
1613 749 1728 775 Παῦλον.
1751 749 1784 775 'Il

993 798 1048 833 γὰρ
1073 795 1313 833 καταγωῃσαμένη
1339 794 1385 821 τοῦ
1408 794 1532 822 διαϐόλου
1561 795 1710 831 πρότερον,
1735 796 1785 822 καὶ

993 842 1155 878 νεκρώσασα
1171 842 1219 873 τὰς
1238 841 1308 868 ἑπτὰ
1326 840 1457 876 κεφαλὰς,
1474 841 1528 868 τῶν
1551 841 1622 867 ἑπτὰ
1642 842 1785 875 στεφάνων

993 889 1042 924 τῆς
1068 888 1169 924 ἀρετῆς
1194 887 1329 924 ἐγκρατὴς
1358 887 1477 921 γίνεται,
1507 887 1642 922 μεγάλους
1673 887 1783 922 ἁγῷνας

992 933 1159 971 διαθλῄσασα
1170 933 1217 968 τῆς
1234 933 1356 966 ἁγνείας.
1371 933 1483 968 Κεφαλὴ
1497 933 1550 969 γὰρ
1567 933 1615 959 τοῦ
1636 932 1783 969 δράκοντός

992 981 1066 1007 ἐστιν
1084 981 1100 1015 ἡ
1115 979 1234 1015 ἀκρασία
1253 979 1301 1006 καὶ
1315 980 1332 1014 ἡ
1356 980 1465 1015 τρυφή·
1484 980 1498 1006 ὁ
1511 979 1613 1015 ταύτην
1632 980 1784 1012 συνθλάσας

992 1026 1128 1053 ἀναδεῖται
1153 1026 1199 1052 τὸν
1221 1026 1352 1061 στέφανον
1379 1026 1430 1061 τῆς
1453 1026 1638 1062 σωφροσύνης.
1666 1027 1782 1062 Κεφαλὴ

991 1073 1049 1098 ἐστι
1066 1073 1112 1099 καὶ
1127 1073 1143 1108 ή
1160 1072 1245 1099 δειλία
1262 1073 1309 1099 καὶ
1324 1073 1340 1108 ἡ
1362 1072 1478 1108 Θρύψις·
1500 1073 1515 1098 ὁ
1531 1071 1633 1108 ταύτην
1655 1073 1784 1108 πατήσας

990 1119 1036 1145 τὸν
1047 1119 1178 1153 στέψανον
1193 1119 1343 1154 ἀναιρεῖται
1357 1119 1402 1146 τοῦ
1421 1119 1580 1155 μαρτυρίου.
1595 1119 1705 1155 Κεφαλή
1721 1120 1783 1146 ἐστι

991 1165 1066 1199 καὶὴ
1081 1165 1193 1191 ἀπιστία
1210 1165 1256 1191 καὶ
1267 1166 1284 1200 ἠ
1299 1164 1385 1198 ἄνοια,
1400 1165 1490 1191 καὶτὰ
1505 1165 1571 1192 ἄλλα
1585 1166 1714 1197 ὡσαύτως
1730 1165 1784 1201 τῆς

991 1211 1120 1246 πονηρίας
1143 1211 1380 1246 πλεονεκτήματα’
1399 1212 1413 1237 ὁ
1428 1211 1514 1237 ταῦτα
1539 1211 1782 1247 κατεργασάμενος

990 1258 1037 1284 καὶ
1052 1257 1153 1284 ἀνελὼν
1166 1257 1217 1288 τὰς
1232 1258 1275 1283 ἐπ’
1297 1258 1388 1288 αὐτοῖς
1403 1257 1485 1292 τιμὰς
1502 1257 1680 1293 ἀποφέρεται,
1698 1257 1782 1284 πολυ-

989 1304 1097 1339 τρόπως
1117 1303 1348 1338 ὲκκεραῐζομὲνης
1368 1302 1416 1329 τοῦ
1439 1303 1585 1338 δράκοντος
1606 1304 1656 1338 τῆς
1676 1304 1779 1338 ἰσχύος.

989 1350 1044 1377 Καὶ
1056 1349 1109 1385 γὰρ
1129 1349 1175 1376 καὶ
1186 1348 1220 1375 τὰ
1235 1348 1300 1375 δέκα
1321 1348 1424 1384 κέρατα
1448 1349 1493 1375 καὶ
1510 1349 1622 1384 κέντρα,
1641 1349 1712 1384 ἅπερ
1731 1348 1783 1375 ἐπὶ

988 1398 1048 1428 ταῖς
1060 1395 1188 1429 κεφαλαῖς
1202 1394 1298 1429 ἐλέχθη
1313 1395 1416 1430 φέρειν,
1425 1395 1452 1421 αἱ
1463 1395 1528 1421 δέκα
1538 1394 1687 1426 ἀντιθέσεις
1698 1394 1780 1426 εἰσὶν,

151 1435 236 1462 traria
248 1435 341 1464 decem
359 1436 492 1473 Decalogo
506 1443 668 1474 argumenta
682 1444 756 1472 sunt,
771 1448 787 1468 ο
801 1442 936 1476 ρνωςιθτειε

989 1439 1010 1469 ὦ
1026 1440 1243 1476 καλλιπάρθενοι,
1262 1440 1309 1466 τοῦ
1328 1440 1490 1474 Δεκαλόγου,
1511 1437 1554 1472 αἷς
1572 1439 1781 1475 ἁνακερατίζειν

151 1480 282 1516 virgines,
296 1483 395 1517 quibus
413 1484 531 1512 arietare
555 1486 700 1521 acriusque
715 1490 807 1521 petere
820 1493 852 1514 ac
870 1487 938 1522 deji-

151 1533 213 1554 cere
229 1528 408 1562 plurimorlttn
437 1531 542 1558 animos
566 1533 728 1565 consuevit;
751 1540 847 1567 nempe
870 1533 936 1560 huic

151 1578 285 1609 praecepto
300 1584 306 1602 :
324 1575 422 1611 Diliges
438 1576 580 1604 Dominum
591 1577 674 1604 Deum
691 1584 764 1604 tuum
779 1579 811 1610 ⁶¹,
826 1586 859 1606 ac
873 1579 938 1606 reli-

150 1620 212 1654 quis
220 1620 348 1656 deinceps
364 1622 499 1650 mandatis
514 1624 651 1651 contraria
667 1624 776 1660 sapiens
789 1625 938 1660 ipse,aliis-

149 1672 203 1699 que
227 1666 374 1694 obtrudere
399 1673 536 1704 satagens.
562 1668 627 1697 Vide
657 1671 730 1698 enim
757 1670 830 1698 illius
851 1679 936 1698 cornu

151 1711 211 1745 igne
223 1720 370 1741 accensum
382 1722 413 1741 ac
430 1716 640 1748 amarulentum,
651 1717 871 1750 fornicationem,
881 1725 935 1753 quo

150 1757 363 1792 intemperantes
379 1759 440 1786 ferit
455 1770 461 1788 :
479 1761 539 1790 vide
553 1762 729 1795 adulterium,
748 1762 808 1791 vide
824 1764 936 1791 menda-

149 1804 233 1835 cium,
250 1804 312 1832 vide
334 1806 484 1840 avaritiam,
505 1808 566 1836 vide
592 1809 707 1841 furtum,
725 1813 806 1845 atque
829 1811 935 1845 reliqua

149 1848 192 1876 his
205 1857 334 1885 germana
347 1855 374 1878 et
393 1851 499 1887 aflinia,
513 1858 615 1889 quanta
639 1854 713 1882 circa
732 1855 806 1883 illius
823 1855 936 1891 parrici-

185 1923 207 1939 ⁶¹
227 1922 307 1951 Deut.
323 1931 361 1957 v1,
373 1923 402 1952 5.

149 2001 190 2029 vel
206 2002 273 2034 veri,
287 2003 329 2041 vel
343 2003 414 2030 ficti:
434 2011 484 2041 nec
499 2006 572 2041 tanta
595 2002 723 2041 Methodii
744 2003 930 2041 ἀνιστορῃσία,

150 2041 180 2063 ut
189 2045 249 2074 quae
261 2038 341 2074 unius
354 2043 418 2065 sunt
434 2040 475 2074 (re
484 2039 523 2074 sic
533 2038 608 2070 trita,
623 2043 650 2065 et
667 2039 695 2065 in
707 2040 804 2073 patria,
818 2038 932 2074 cui'ipsc

151 2072 258 2109 prazluit
277 2072 444 2109 cpiscopus)‘
460 2073 586 2109 tribuerit
600 2083 606 2100 :
623 2073 672 2101 sed
694 2072 838 2109 a’ntiqtmrii
857 2072 930 2102 istud

151 2108 269 2144 plagium
281 2108 342 2139 I'uit,
359 2107 388 2135 ut
402 2107 431 2144 et
444 2109 515 2144 quod
529 2107 676 2136 Vaticanus
683 2107 931 2144 antiqitariustse

153 2142 304 2180 ridiculus,
313 2143 433 2180 subdidit
441 2142 461 2175 ,7
472 2143 644 2180 [(atértstpva,
670 2142 776 2180 Πατρὶς
787 2142 931 2180 τεράτεσσι

153 2177 270 2215 mili)“;
284 2179 400 2215 Χριστὸς
420 2178 511 2215 ἄναξλ·
528 2177 607 2214 quasi
623 2177 748 2207 Christus
768 2177 830 2207 vere
846 2180 932 2215 ipsius

153 2213 287 2240 chimame
299 2213 418 2241 domitor
429 2213 510 2242 fuerit
523 2213 638 2248 eamque
652 2215 793 2246 occiderit,
808 2213 864 2242 non
871 2216 931 2242 dia-

153 2248 244 2285 bolum
268 2253 295 2276 et
311 2249 468 2281 draconem,
488 2251 568 2284 cujus
582 2250 626 2277 ille
639 2254 702 2285 typo
714 2251 870 2277 chimaeram
886 2258 931 2278 as-

153 2283 237 2321 sumit
251 2294 257 2311 :
270 2284 321 2321 qui
331 2293 428 2312 sensus
442 2285 626 2318 perabsurdus
641 2283 692 2321 est,
709 2294 763 2321 quo
777 2285 859 2313 etiam
878 2286 933 2312 hiat

151 2319 249 2350 oratio,
266 2320 420 2347 desiderata
430 2321 514 2346 altera
528 2325 603 2354 parte
620 2319 781 2348 adversante
794 2330 800 2347 :
818 2329 879 2347 nam
891 2321 931 2353 τὸ,

151 2355 201 2392 τὴν
216 2355 345 2392 μὲνλτὴνν
356 2355 384 2381 δέ
393 2355 511 2390 postulat
521 2355 579 2382 sive
590 2356 671 2392 etiam
686 2355 731 2382 τὸν
744 2356 871 2392 δέλφιοἀ
884 2356 933 2382 ha-

134 2414 142 2421 ,
154 2389 243 2426 huerit
256 2389 347 2417 Allatii
358 2389 461 2423 codex;
477 2396 571 2425 estque
591 2391 702 2421 indicio.
722 2391 794 2426 quod
809 2389 932 2418 'mascu-

153 2424 209 2452 lino
219 2433 317 2460 genere
332 2426 510 2460 ἐρευγόμενον
527 2426 617 2458 habet,
629 2427 708 2460 quasi
722 2424 866 2454 referendo
887 2427 933 2452 τὸν

151 2460 286 2494 δράκοντα
303 2465 330 2488 et
342 2460 495 2488 diabolum:
514 2468 595 2496 quam
612 2462 753 2489 lectionem
767 2462 858 2489 minus
870 2469 933 2496 pro-

155 2496 200 2523 bat
214 2495 302 2522 editor
319 2496 431 2530 Lupar.,
455 2504 505 2531 ego
521 2495 606 2530 magis
629 2497 724 2531 probo,
739 2498 885 2531 malimque
898 2497 932 2524 ad

155 2538 214 2567 eam
230 2531 471 2567 omniacmnponi,
485 2532 536 2558 etsi
553 2532 680 2559 feminine
692 2532 756 2559 ferri
771 2536 931 2566 potest,qua

153 2565 295 2593 Chimaerae
312 2565 408 2601 figura,
424 2566 523 2594 Christi
543 2567 576 2594 de
593 2567 709 2594 dracone
727 2573 754 2594 et
771 2565 879 2594 diabolo
889 2565 933 2593 ⁷νί-

155 2601 270 2638 ctoriam
286 2601 426 2635 describit,
444 2602 489 2637 qui
511 2602 547 2638 sit
561 2603 677 2638 mystica
691 2602 833 2630 Chimaera.
848 2602 933 2629 Porro

154 2637 288 2673 Cltiimera
315 2644 394 2673 mons
408 2641 449 2665 est
463 2638 489 2664 in
514 2637 593 2673 Lycia
621 2638 785 2673 ignivomus.
807 2639 834 2664 in
856 2638 932 2672 cujus

155 2671 297 2707 cacumine
314 2671 405 2700 leones
419 2671 587 2705 habitarent,
607 2671 643 2700 in'
654 2673 743 2700 medio
763 2673 807 2700 ubi
824 2671 932 2707 pascuis

157 2706 286 2743 abundat,
297 2714 387 2743 caprae
399 2716 406 2741 ;
423 2708 450 2735 in
465 2708 612 2739 radicibus,
626 2706 933 2743 serpentes,queniliel-

158 2741 286 2776 Ierophon
310 2742 483 2771 habitabilem
507 2741 682 2776 reddideritf
705 2741 822 2777 hincque
847 2743 932 2777 poetis

156 2777 310 2813 edomuisse
321 2777 480 2806 Chimaeram
488 2783 639 2807 monstrum
650 2787 698 2813 per
712 2778 829 2805 fabulam
843 2777 932 2805 dictus

159 2813 203 2841 sit.
220 2812 341 2841 Meminit
354 2814 434 2842 etiam
449 2814 508 2850 ejus
526 2814 626 2843 montis
638 2812 766 2850 ignivomi
780 2813 932 2841 Methodius

991 1487 1068 1514 εἴωθε
1094 1487 1140 1514 καὶ
1164 1486 1270 1521 βάλλειν
1295 1485 1343 1517 τὰς
1368 1485 1421 1523 τῶν
1450 1485 1582 1513 πλείστων
1606 1485 1707 1521 ψυχάς·
1723 1487 1779 1520 τῇ,

997 1533 1188 1570 Ἀγαπήσεις,
1204 1532 1309 1568 ἐντολῇ,
1326 1531 1378 1558 τὸν
1394 1532 1503 1565 Κύριόν
1520 1540 1594 1564 σου,
1616 1532 1651 1558 τὰ
1666 1531 1782 1559 ἐναντία

991 1579 1095 1616 φρονῶν
1112 1579 1158 1606 καὶ
1178 1579 1395 1613 τεκταινόμενος,
1409 1578 1456 1604 καὶ
1472 1579 1528 1610 τοῖς
1548 1578 1611 1613 ἑξῆς
1631 1579 1780 1614 νομοθετή-

992 1634 1069 1662 μασι.
1094 1625 1142 1652 Ἱδὲ
1156 1625 1210 1660 γὰρ
1234 1624 1317 1659 κέρας
1341 1623 1424 1650 αὑτοῦ
1450 1624 1580 1659 διάπυρον
1596 1626 1644 1651 καὶ
1667 1625 1777 1661 πικρὸν,

989 1671 1039 1707 τὴν
1056 1671 1200 1706 πορνείαν,
1265 1669 1328 1701 τοὺς
1351 1669 1508 1705 ἀκράτορας
1534 1669 1638 1704 βάλλει·
1667 1671 1703 1697 ἰδὲ
1727 1671 1779 1698 τὴν

987 1719 1121 1755 μοιχείαν,
1136 1717 1174 1743 ἰδὲ
1188 1716 1218 1744 τὸ
1233 1716 1340 1752 ψεῦδος,
1354 1716 1391 1742 [δὲ
1404 1715 1452 1752 τὴν
1468 1716 1657 1752 φιλαργυρίαν,
1675 1716 1712 1742 ἰδὲ
1725 1717 1779 1752 τὴν

985 1764 1098 1799 κλοπὴν,
1121 1763 1168 1790 καὶ
1183 1763 1217 1789 τὰ
1240 1762 1308 1789 ἄλλα
1329 1761 1435 1794 τούτοις
1454 1761 1557 1796 ἀδελφὰ
1576 1762 1623 1788 καὶ
1645 1762 1776 1797 συγγενῆ,

984 1811 1070 1838 ὁπόσα
1105 1808 1313 1844 ὑπερισχύουσιν
1345 1807 1417 1843 ἀμφὶ
1447 1809 1508 1840 ταῖς
1530 1807 1660 1842 κεφαλαῖς
1690 1807 1776 1835 αὐτοῦ

984 1855 1044 1886 ταῖς
1068 1852 1299 1890 ἀνθρωποκτόνοις
1329 1852 1488 1888 πεφυκότα”
1517 1851 1551 1884 ἃς
1567 1853 1644 1888 ὑμεῖς
1664 1861 1777 1888 συμμα-

985 2005 1057 2039 apud
1071 2003 1252 2040 Epiphaniam
1275 2002 1354 2040 ILDe
1375 2003 1575 2040 resurrectione.
1604 2002 1774 2040 plantasque

985 2037 1058 2077 haud
1076 2037 1170 2077 procul
1186 2038 1501 2077 ab_ebulli_entihus_ejus
1518 2037 1633 2077 ﬂammis
1644 2037 1771 2077 miratur.

986 2074 1054 2102 Nota
1069 2073 1121 2102 alia
1137 2074 1170 2102 de
1187 2074 1405 2109 Bellerophonte,
1423 2073 1549 2107 datisque
1570 2073 1666 2100 litteris
1679 2078 1707 2100 ut
1721 2083 1773 2102 oc-

985 2109 1131 2142 cideretur,
1161 2118 1223 2137 cum
1245 2108 1409 2145 impudicam
1431 2109 1572 2145 mulierem
1598 2115 1612 2134 a
1640 2115 1670 2135 se
1689 2116 1772 2144 repu-

986 2145 1082 2178 lisset;
1108 2152 1161 2178 qua
1181 2150 1271 2172 tamen
1284 2143 1435 2171 ’molitione
1450 2144 1490 2170 sic
1507 2143 1599 2170 clarus
1622 2143 1742 2171 evaserit
1760 2154 1768 2178 ;

985 2180 1057 2216 haud
1069 2178 1181 2216 pro‘rndc
1193 2179 1368 2216 importunus
1381 2178 1424 2206 vel
1436 2178 1538 2216 Christi
1552 2178 1667 2216 figura:L
1674 2180 1715 2206 vel
1736 2180 1770 2206 li-

984 2215 1024 2242 bri
1041 2213 1200 2250 argutilento
1214 2213 1247 2241 de
1260 2214 1414 2250 virginitate
1427 2218 1453 2241 et
1466 2214 1640 2250 castimonia.
1651 2213 1768 2243 Perseus

984 2251 1052 2277 nihil
1066 2248 1294 2285 ejusuiodi,_ipse
1306 2248 1416 2276 Danaes
1431 2256 1462 2276 ac
1478 2248 1554 2285 Iovis
1580 2253 1674 2283 stupro
1700 2257 1767 2276 con-

983 2283 1088 2320 ceptus,
1105 2290 1131 2312 et
1143 2285 1189 2320 qui
1203 2283 1356 2320 Medusam,
1364 2292 1445 2320 unam
1460 2292 1493 2312 ex
1507 2284 1689 2319 Gorgonibus,
1707 2284 1766 2312 orci

983 2318 1174 2355 clipeojtecttis
1182 2320 1321 2347 occiderit.
1334 2318 1385 2347 Ubi
1398 2318 1474 2348 Iovis
1483 2318 1654 2354 assumptum
1666 2327 1767 2348 nomen

983 2357 1016 2382 ad
1030 2356 1172 2391 tegendam
1185 2355 1259 2390 proci
1278 2362 1434 2391 personam:
1448 2356 1494 2390 qui
1509 2355 1569 2381 auri
1586 2355 1609 2381 vi
1627 2356 1765 2390 corruptis

984 2389 1155 2422 custodibus,
1180 2389 1207 2416 in
1228 2389 1320 2417 arcem
1344 2398 1398 2425 qua
1417 2389 1510 2418 Danae
1533 2391 1685 2421 tenebatur,
1712 2389 1765 2418 Sibi

983 2427 1053 2452 viam
1071 2426 1165 2452 fecerit
1176 2426 1347 2460 puellamque
1362 2426 1523 2460 corruperit.
1544 2425 1764 2459 Facessantergo

984 2460 1159 2496 impudicitiae
1170 2460 1304 2496 exempla,
1322 2469 1357 2488 ne
1365 2469 1419 2488 non
1431 2461 1561 2488 illustrari
1574 2461 1700 2496 splendor
1711 2462 1766 2487 vir-

984 2496 1107 2531 ginitatis
1121 2495 1371 2532 peroranteThecla
1382 2496 1487 2532 virgine
1501 2495 1649 2531 earumque
1661 2496 1765 2532 princi-

984 2539 1026 2565 pe,
1042 2531 1176 2563 videatur,
1193 2531 1240 2559 sed
1263 2530 1359 2558 foedari
1378 2541 1385 2558 :
1402 2530 1583 2565 maneantque
1606 2530 1668 2566 qua:
1686 2531 1764 2557 forti-

983 2567 1087 2594 tudinis
1095 2575 1171 2602 :cque
1177 2574 1209 2594 ac
1217 2566 1351 2594 castitatis
1358 2567 1464 2602 illustre
1475 2566 1612 2602 specimen
1631 2565 1761 2602 habeant,

983 2602 1008 2630 ei
1024 2599 1136 2637 prorsus
1156 2602 1272 2637 gemina,
1289 2602 1362 2636 quod
1385 2602 1418 2630 de
1445 2599 1537 2628 divino
1558 2599 1686 2637 ipsepho,
1702 2601 1762 2635 ipso

983 2635 1083 2665 Christi
1098 2635 1182 2673 ﬁgura
1197 2635 1337 2673 praenobili
1349 2657 1356 2670 ,
1378 2635 1599 2673 sacris_oracu_lis
1620 2636 1763 2673 olim‘p‘ro-

984 2673 1069 2699 ditum
1083 2670 1148 2700 cst':
1166 2670 1239 2707 quod
1268 2672 1356 2706 ipsum
1374 2672 1442 2698 forte
1456 2671 1540 2698 Graeci
1558 2670 1584 2697 in
1599 2678 1648 2698 suo
1676 2671 1762 2698 Belle—

985 2708 1116 2742 rophonte
1129 2706 1322 2742 reprmsentare
1339 2706 1483 2737 voluerint,
1497 2709 1526 2742 ut
1541 2709 1606 2732 sunt
1626 2710 1719 2742 nostra
1734 2710 1762 2733 et

985 2741 1062 2770 sacra
1078 2741 1290 2777 longc’prolanis
1301 2741 1456 2769 Graecorum
1472 2741 1636 2775 antiquiora,
1652 2741 1761 2775 illisque

986 2779 1148 2812 przeivcrunt
1165 2787 1171 2804 ;
1185 2784 1238 2811 qua
1257 2777 1290 2803 de
1311 2785 1340 2803 re
1354 2784 1415 2803 cmn
1427 2781 1537 2812 veteres
1552 2780 1608 2803 tum
1624 2780 1650 2804 cl
1663 2784 1761 2804 recen-

984 2811 1067 2841 tiores
1079 2813 1228 2840 luculenter
1244 2815 1402 2839 tractavcrc.
1418 2811 1562 2839 COIBEI'IS.
