1905 3072
32 134 103 161 1599

780 125 812 152 IN
833 124 967 161 lSAlAM.|

1598 127 1666 153 1510

30 199 137 220 sxum
159 192 231 228 μέρη
249 199 295 218 του
315 197 413 221 παντος
433 189 544 224 κόσμου,
568 188 681 224 οὐρανὸν
692 185 772 213 αὑτὸν
786 192 832 212 τον

894 184 931 212 )ei
957 192 1097 212 sermones
1115 189 1247 213 convocat
1269 186 1416 220 propheta,
1444 186 1542 214 coelum
1561 186 1666 214 scilicet

30 240 81 271 τὰς
93 239 178 271 θείας
191 239 316 273 δυνάμεις
328 236 506 271 ἀπειληφότα,
517 235 563 261 καὶ
571 234 657 270 γῆντὸ
663 233 717 260 τῶν
725 232 828 267 θνητῶν

31 285 212 321 οἰκητήριον·
235 283 282 310 καὶ
298 280 404 318 οὐρανῷ
426 281 474 317 μὲν
497 280 616 311 ἀκούειν,
635 280 670 314 γῇ
691 278 719 305 δὲ
739 277 831 304 ἐνωτί-

33 330 134 362 ξεσθαι
159 327 391 364 παρακελεύεται,
407 327 440 353 δι’
453 325 541 352 αὐτῶν
556 324 606 355 τὰς
625 324 737 359 ἀφανεῖς
752 322 832 349 δυνά-

37 383 100 411 μεις
139 375 172 400 ὲν
202 373 294 404 αὐτοῖς
318 370 543 405 ἀνακαλούμενος.
572 369 626 395 Καὶ
660 368 717 403 μετ’
743 366 829 400 ὀλίγα,

34 419 134 455 ἐπειδὴ
158 418 271 454 κέντρον
297 418 405 453 μνήμης
425 414 612 450 παρασχέσθαι
635 413 725 444 αὐτοῖς
750 411 831 447 ήϐού-

34 467 98 493 λετο
107 465 170 492 τῶν
182 463 333 500 λεγομένων
344 464 358 489 ὀ
370 461 521 497 προφήτης,
533 460 680 494 ἀναγκαῖον
690 457 735 485 τοῦ
748 458 831 492 οὐρα-

35 513 82 540 νοῦ
94 513 147 540 καὶ
162 512 215 547 γῆς
228 509 379 546 μαρτυρίαν
391 507 607 544 παραλαμὸάνει·
621 506 675 537 ἵνα,
686 505 737 532 κᾶν
746 505 831 541 λήθην

37 558 211 594 ποιήσωνται
227 555 282 582 τῶν
297 553 445 590 λεχθέντων
461 551 535 588 παρά
554 551 602 579 τοῦ
622 551 770 587 προφήτου,
788 549 832 575 οὑ-

39 604 122 640 ρανὺς
134 603 186 629 καὶ
198 603 234 638 γῆ
251 600 382 637 όρὼμενοι
397 600 624 635 ὑπομιμνήσκωσι
636 597 690 624 τῶν
702 595 748 623 τοῦ
765 594 831 622 Θεοῦ

38 652 71 687 (ir,
77 650 179 686 μάτων

73 695 152 722 Υἱῶν
164 695 276 730 μνήμην
287 693 442 729 πεποίηται,
454 692 501 718 καὶ
513 690 704 726 γεγεννηκέναι
722 689 832 724 φάσκει,

36 741 162 772 δεικνὺς,
175 741 212 772 ὡς
225 741 275 766 οὐκ
287 739 441 774 ἀλλοτρίους
453 738 651 772 εἰσεποιήσατο,
667 736 723 763 ἀλλ’
737 736 775 767 ὡς
786 736 833 761 αὒ-

38 789 86 816 τοῦ
108 788 195 819 ὄντας
213 788 365 822 ποιήματα,
384 784 518 820 πατρικῆς
541 783 700 819 κηδεμονίας
722 781 830 817 ἠξίωσε·

39 836 86 862 καὶ
107 834 250 870 ὑψωκέναι
270 833 298 859 δὲ
316 832 389 866 λέγει
411 830 626 866 ὑπομιμνήσκων
645 829 693 863 τῆς
709 829 756 854 ἀπ’
776 828 831 853 Ἀἰ-

39 880 148 915 γύπτου
167 879 274 911 ἐξόδου,
289 876 399 904 καὶτῶν
415 877 443 902 ὲν
459 875 533 911 μέσῳ
549 875 704 909 θαυμάτων,
719 874 764 900 καὶ
777 872 830 899 τῶν

40 926 144 962 ἑφεξῆς
157 926 250 956 αὐτοῖς
266 923 395 951 δοθέντων
408 923 471 958 παρ’
486 921 577 949 αὑτοῦ·
598 920 725 955 ἀθέτησιν
745 919 771 947 δὲ
787 928 834 945 κυ-

43 973 110 1008 ρίως
131 971 213 998 καλεῖ
228 971 278 1006 τὴν
292 969 381 997 αὐτῶν
395 968 578 999 ἀποστασίαν,
597 967 642 994 καὶ
662 967 710 1002 τὴν
724 966 787 1002 περὶ
801 965 835 992 τὰ

42 1019 141 1046 εἴδωλα
152 1018 296 1054 πλάνησιν.

78 1066 217 1101 Σημαὶνει
230 1065 280 1100 τὴν
299 1062 416 1098 παντελῆ
440 1061 529 1088 αὐτῶν
547 1061 693 1096 ἀκαρπίαν·
714 1060 766 1091 ἕως
786 1059 835 1094 μὲν

42 1112 96 1148 γὰρ
126 1111 245 1147 καρπῶν
273 1109 381 1144 ἀγαθῶν
406 1108 582 1144 πεπλήρωται
607 1106 756 1142 ἀμπελὼν,
789 1105 835 1132 τὸν

42 1158 217 1195 φρουροῦντα
229 1157 275 1184 καὶ
287 1157 453 1191 φυλάττοντα
465 1155 606 1190 κέκτηται,
618 1153 656 1185 ὃς,
671 1152 771 1187 σκηνὴν
784 1161 836 1187 πη-

41 1205 179 1239 ξάμενος,
199 1202 300 1231 ἀνωθεν
318 1203 364 1236 ἀφ’
379 1200 481 1236 ὑψηλοῦ
497 1201 596 1234 ἀφορᾷ,
614 1200 661 1226 καὶ
675 1199 836 1234 περισκοπεῖ

43 1251 88 1277 καὶ
100 1250 233 1286 φυλάττει
241 1249 286 1276 τὸν
295 1248 451 1284 ἀμπελῶνα·
468 1246 529 1274 εἰδὲ
539 1246 632 1273 τούτου
641 1245 744 1280 καρπὸς
755 1245 836 1279 ἀφαι-

44 1296 147 1332 ρεθείη.
165 1296 318 1331 τηνικαῦτα
331 1296 345 1321 ὁ
359 1294 460 1329 φύλαξ,
474 1294 511 1325 ὡς
528 1293 564 1328 μὴ
582 1293 620 1323 εἰς
634 1292 745 1326 μάταιον
762 1291 836 1325 κάμ-

43 1352 92 1374 νοι,
106 1343 157 1379 τὴν
177 1343 279 1378 σκηνὴν
293 1342 394 1378 ἔρημον
409 1339 559 1372 ἀπολιπὼν,
576 1340 711 1374 ἀναχωρεῖ
724 1338 772 1373 τῆς
787 1346 836 1372 φυ-

44 1389 140 1423 λακῆς.

83 1435 199 1469 Ἐπειδὴ
216 1434 270 1469 γὰρ
281 1435 295 1460 ὁ
311 1434 358 1468 μὲν
374 1432 480 1468 Ἰσραὴλ
497 1431 577 1458 αὐτὸν
592 1431 642 1457 οὐκ
659 1430 744 1465 ἔγνω,
762 1428 808 1455 καὶ
821 1429 835 1454 ὁ

44 1482 108 1514 λαὸς
133 1480 219 1508 αὑτὸν
238 1480 268 1506 οὐ
295 1479 409 1514 συνῆκε,
428 1478 458 1504 τὸ
479 1478 507 1504 δὲ
530 1477 560 1509 ἐξ
582 1476 677 1503 αὐτῶν
691 1475 801 1510 σπέρμα
822 1473 836 1499 ὁ

47 1528 227 1560 ἁποστολικὸς
246 1528 324 1563 χορὸς
341 1526 441 1562 συνῆκέ
457 1535 485 1552 τε
507 1526 587 1552 αὑτὸν
604 1526 650 1551 καὶ
667 1523 782 1558 ἐπέγνω·
798 1523 835 1548 εξ-

48 1576 133 1607 κότως
149 1574 311 1613 ἀφορίζεται
329 1571 376 1598 τοῦ
391 1571 518 1607 πλήθους·
538 1570 636 1597 ἄτοπον
653 1569 707 1604 γὰρ
720 1569 749 1595 τὸ
762 1568 837 1603 νομί-

49 1622 104 1652 ζειν
121 1621 186 1651 τοὺς
204 1617 368 1649 ἀποστόλους
384 1617 438 1643 τῶν
452 1615 557 1642 ἀσεϐῶν
574 1615 684 1650 σπέρμα
696 1614 837 1648 λέγεσθαι,

49 1667 112 1702 ’περὶ
133 1663 172 1692 ὧν
195 1665 323 1700 ἀνωτέρω
339 1663 424 1697 ἔλεγε·
443 1672 452 1688 ι
467 1663 503 1689 Τὸ
523 1662 632 1697 σπέρμα
652 1661 769 1697 πονηρὸν
786 1660 839 1686 υἱοὶ

48 1714 153 1748 ἐνομοι·
171 1722 181 1737 ι
200 1711 300 1747 πρέπει
320 1710 348 1736 δὲ
366 1709 419 1735 τῶν
442 1707 589 1744 προφητῶν
613 1707 724 1745 σπέρμα
743 1706 841 1735 αὐτοὺς

49 1758 118 1785 εἶναι
132 1758 270 1795 ἡγεῖσθαι.

89 1807 126 1833 Οὐ
148 1806 273 1841 λουτροῖς
293 1806 347 1836 τοῖς
369 1802 527 1837 καθαίρουσι
546 1800 593 1837 τὴν
615 1799 775 1834 ἐπιφάνειαν
794 1797 841 1824 τοῦ

52 1852 188 1888 σώματος·
203 1851 264 1877 οὐδὲ
276 1850 329 1886 γὰρ
342 1849 420 1876 τοῦτο
432 1847 594 1874 ὲϐέὸλαπτο·
612 1845 679 1872 ἀλλά
694 1852 842 1879 πνευματι-

52 1900 109 1930 κοῖς
121 1897 281 1933 δυναμένοις
296 1896 425 1931 ἀφανίσαι
440 1895 488 1930 μὲν
503 1893 601 1928 γνόφον
617 1890 823 1927 ἁμαρτημάτων
834 1909 842 1922 ,

53 1946 174 1981 καθᾶραι
188 1944 216 1970 δὲ
229 1943 316 1979 ψυχῆς
336 1942 420 1969 κακὸν
441 1940 567 1971 συνειδός·
588 1939 635 1965 καὶ
651 1937 736 1964 ταῦτα
756 1939 842 1963 ποιεῖν

53 1992 99 2025 ἀφ’
114 1990 229 2018 ἑαυτῶν.

37 2059 42 2064 .
88 2035 292 2066 Καταλιπόντες
313 2034 366 2070 γὰρ
382 2034 427 2060 τὸν
446 2032 592 2068 εὐεργέτην
610 2039 639 2056 τε
661 2030 709 2057 καὶ
725 2030 842 2065 σωτῆρα,

54 2083 209 2119 ὲπήλπισαν
224 2083 279 2114 τοῖς
296 2080 409 2116 ἀψύχοις
425 2079 473 2106 καὶ
491 2078 670 2112 ἀναισθήτοις·
692 2076 731 2103 διὸ
746 2075 845 2110 γυμνοὶ

55 2128 146 2163 πάσης
159 2126 265 2161 ἀγαθῆς
276 2126 354 2160 δόξης
367 2124 513 2159 ἐτύγχανον
524 2144 530 2155 ,
548 2123 625 2157 δίκην
646 2121 772 2148 στυπείου
796 2129 845 2147 κα-

54 2174 303 2210 τακαυθησόμενοι,
325 2172 371 2199 καὶ
388 2172 438 2198 οὐκ
454 2171 528 2197 ἔσται
550 2171 563 2196 ὁ
584 2169 704 2196 σϐέσωνο
725 2168 766 2199 τίς
789 2167 844 2203 γὰρ

56 2222 195 2254 ἐξελέσθαι
206 2221 326 2252 δυνατὸς,
340 2219 386 2246 τοῦ
397 2218 462 2245 Θεοῦ
476 2217 523 2253 τὴν
535 2217 594 2243 κατ’
608 2215 697 2242 αὐτῶν
709 2214 844 2248 ἀπόφασιν

56 2267 258 2304 ἐξενηνοχότοςς
271 2267 326 2302 Τὴν
342 2266 370 2293 ἐν
381 2267 414 2301 τῇ
428 2263 599 2299 αἰχμαλωσίᾳ
613 2262 700 2288 τοίνυν
715 2260 844 2294 αἰσχύνην

56 2315 204 2341 αἰνίττεται
222 2315 235 2340 ὁ
252 2313 340 2347 λόγος’
358 2312 466 2338 πάντων
484 2308 603 2337 ἐκποδὼν
620 2306 775 2342 γενομένων
791 2306 845 2332 τῶν

57 2361 274 2397 ἐπιθυμημάτων
293 2359 392 2386 αὐτῶν
415 2356 612 2393 ματαιωθείσης
629 2355 656 2382 δὲ
674 2355 720 2380 καὶ
735 2353 785 2388 τῆς
803 2352 846 2379 ἐλ-

59 2408 133 2439 πίδος
151 2407 241 2434 αὐτῶν
254 2407 302 2441 τῆς
319 2407 365 2432 ἐπὶ
374 2408 429 2437 τοῖς
445 2404 572 2435 εἰδώλοις.

93 2454 153 2480 Κᾶν
166 2453 254 2487 λόγος,
270 2452 322 2478 κᾶν
337 2452 429 2486 ὅρασις
444 2450 572 2484 λέγηται,
587 2447 662 2474 οὐδὲν
678 2446 781 2473 διοίσει¹
800 2444 846 2471 καὶ

59 2500 113 2536 γὰρ
131 2501 160 2526 ἐν
178 2499 253 2534 ὂψεσι
268 2507 293 2524 τι
310 2497 451 2532 φαίνεται·
465 2495 550 2526 οὕτως
567 2495 583 2529 ἡ
597 2493 696 2528 γνῶσις
715 2490 847 2518 διαϐαίνει

61 2547 100 2578 εἰς
111 2546 212 2581 ψυχὴν,
227 2546 266 2571 ὅτ’
281 2544 313 2571 ἂν
335 2543 400 2574 Θεὸς
420 2541 538 2577 δεικνύῃ,
558 2540 594 2571 ὡς
613 2539 762 2574 δεξαμένης
778 2537 848 2563 κατὰ

61 2593 180 2619 διάνοιαν
195 2593 256 2623 τοὺς
273 2590 374 2617 τούτων
390 2589 495 2623 λόγους
517 2587 568 2613 κᾶν
586 2586 630 2613 διὰ
648 2586 734 2619 λόγων
751 2584 847 2620 ἀκούῃ,

62 2637 148 2669 οὕτως
163 2636 316 2672 βεϐαιοῦται
326 2635 374 2670 τὴν
386 2634 520 2663 διάνοιαν,
534 2633 572 2664 ὡς
584 2632 688 2667 ἀθρόως
703 2630 849 2665 δεχομένης

64 2683 112 2718 τὴν
127 2684 234 2718 πάντων
250 2682 360 2716 γνῶσιν.
375 2697 408 2702 -
423 2678 552 2706 Ἐνταῦθα
561 2679 592 2704 οὐ
603 2677 675 2712 λέγει
688 2676 766 2708 κατδι⁷
783 2674 850 2702 αλλὰ

65 2730 138 2764 περὶ,
157 2729 273 2763 δεικνὺς,
296 2728 333 2759 ὡς
351 2728 408 2753 ἐκεῖ
427 2726 474 2762 μὲν
494 2724 587 2759 ἐδήλου
609 2723 657 2760 τὴν
679 2724 737 2750 κατ’
761 2721 849 2749 αὐτῶν

66 2775 199 2811 ἐσομένην
213 2775 260 2803 καὶ
274 2774 328 2802 τῶν
342 2774 431 2802 τόπων
447 2771 594 2808 ἐρήμωσιν.

882 231 989 260 divinas
1003 232 1121 260 virtutes
1136 233 1329 267 complectens,
1353 237 1380 260 et
1398 237 1497 260 terram
1512 240 1525 259 a
1541 233 1666 260 mortali-

881 279 933 306 bus
947 282 1118 312 occupatam.
1137 278 1204 306 Dum
1220 283 1308 306 autem
1322 279 1420 306 cmlum
1433 277 1528 304 audire
1539 277 1626 312 jubet,
1638 282 1666 305 et

881 328 982 350 terram
1000 324 1112 351 auribus
1128 325 1277 359 percipere,
1294 324 1409 351 latentes
1425 323 1451 350 in
1462 323 1530 358 ipsis
1544 327 1665 357 potesta-

881 373 922 397 tes
937 369 1107 397 adhortatur.
1125 370 1157 396 Et
1173 370 1254 405 paulo
1274 374 1335 404 post
1351 379 1357 396 :
1375 369 1581 396 lncitamentum
1593 376 1666 403 qua:-

882 416 951 443 renti
967 417 1106 451 propheta:
1116 424 1171 451 quo
1183 415 1291 443 Judazos
1311 415 1345 442 ad
1357 415 1490 442 dictorum
1507 415 1664 442 memoriam

882 462 1049 495 concitaret,
1068 461 1260 497 proferendum
1278 466 1336 488 erat
1357 460 1419 488 cteli
1434 465 1461 487 et
1482 464 1563 487 teme
1588 459 1666 486 testi—

882 509 1022 540 monium,
1044 512 1090 541 ut,
1112 508 1220 535 etiamsi
1238 507 1339 534 fuerint
1353 505 1504 541 prophetici
1531 505 1665 533 sermonis

883 553 971 586 obliti,
990 553 1144 588 conspectis
1167 553 1237 579 cado
1269 556 1295 579 et
1321 555 1405 583 terra,
1421 551 1502 578 verba
1516 549 1561 577 Dei
1585 549 1667 577 remi-

883 599 1063 627 nis-:ercntur.

921 687 1004 714 Vens.
1032 686 1060 713 2.
1085 686 1225 720 {Filiorum
1255 688 1418 712 mentionem
1445 683 1509 709 facit
1535 681 1666 708 Dominus

884 739 911 762 et
928 741 976 761 eos
991 733 1117 769 genuisse
1139 732 1256 763 fatetur,
1273 731 1397 758 indicatis
1422 738 1474 756 non
1497 729 1600 755 alienos
1619 728 1668 755 ad-

884 779 1062 814 optivosque,
1087 777 1132 805 sed
1158 781 1298 804 creaturas
1327 784 1391 803 snas
1410 779 1521 810 paterna
1542 782 1607 800 cura
1630 773 1668 800 ἷυ·

885 822 967 849 visse.
994 821 1162 848 Exaltavisse
1183 828 1230 848 eos
1248 820 1315 846 dicit
1341 827 1469 859 quoque,
1495 818 1610 859 reditum
1634 824 1666 844 ex

851 860 873 887 Β
885 864 1002 900 Egypto
1017 865 1146 896 innuens,
1162 868 1188 891 et
1204 864 1333 890 miracula
1352 867 1416 890 tunc
1439 856 1569 896 tetriporis
1585 862 1666 892 edita,

885 910 934 942 vel
943 914 1036 945 postea
1053 909 1153 936 Judzcis
1167 916 1308 936 concessa.
1330 908 1520 942 Contemptum
1543 908 1604 942 jure
1620 915 1669 934 ve-

885 955 1119 983 catdefcctionem
1131 955 1238 982 illorum
1254 959 1279 982 et
1294 954 1365 981 circa
1380 954 1525 981 simulacra
1537 960 1667 980 errorem.

883 1060 887 1066 -
922 1042 1004 1070 Vens.
1032 1042 1058 1069 8.
1078 1041 1218 1076 Significat
1239 1048 1370 1067 summam
1396 1039 1550 1067 Judmorum
1570 1039 1670 1067 sterili-

885 1095 979 1117 tatem.
1000 1090 1090 1116 Donec
1105 1089 1178 1115 enim
1195 1088 1274 1115 bonis
1291 1087 1424 1114 fructibus
1443 1087 1571 1113 exuberat
1584 1086 1648 1112 vitis
1661 1106 1668 1117 ,

887 1143 936 1163 nec
952 1143 966 1162 a
983 1135 1154 1170 vigilantibus
1182 1133 1356 1164 destituitur,
1382 1141 1432 1160 nec
1453 1141 1468 1158 a
1490 1132 1669 1160 custodienti-

886 1181 948 1213 bus,
960 1182 1017 1216 qui,
1038 1180 1214 1208 tabernaculo
1230 1179 1389 1210 constituto,
1401 1178 1517 1212 desuper
1529 1186 1543 1204 e
1560 1177 1668 1205 sublimi

887 1227 1079 1262 speculantur,
1103 1231 1130 1253 et
1155 1224 1394 1260 circumspiciunt,
1422 1228 1447 1251 et
1471 1224 1552 1251 vilem
1582 1228 1671 1250 custo-

887 1273 983 1305 diunt;
1001 1272 1134 1299 fructibus
1159 1276 1248 1298 autem
1267 1270 1396 1301 sublatis,
1421 1279 1455 1297 ne
1472 1270 1499 1297 in
1517 1277 1616 1296 vanum
1632 1270 1671 1296 la-

887 1319 963 1346 boret
978 1323 1081 1350 custos,
1098 1318 1235 1345 desertum
1252 1316 1395 1352 dereliquit
1412 1316 1628 1347 tabernaculum,
1645 1320 1672 1342 et

886 1364 919 1392 de
933 1365 1050 1391 statione
1061 1363 1178 1391 decedit.

915 1408 1006 1438 'Vens.
1022 1411 1048 1437 9.
1067 1410 1133 1437 Cum
1149 1410 1231 1438 Israel
1247 1410 1332 1437 Deum
1342 1417 1396 1436 non
1406 1408 1572 1443 cognoverit,
1586 1402 1673 1441 neque

887 1464 950 1483 eum
966 1457 1082 1492 populus
1101 1456 1273 1489 intellexerit,
1291 1456 1336 1483 sed
1356 1464 1389 1482 ex
1415 1455 1481 1490 ipsis
1494 1462 1597 1486 semen,
1609 1461 1674 1488 apo—

891 1503 1004 1531 stolicus
1019 1503 1131 1535 chorus,
1150 1512 1211 1531 eum
1235 1508 1262 1530 et
1278 1504 1434 1538 cognoverit
1452 1507 1479 1530 et
1499 1503 1672 1534 intellexerit,

891 1549 990 1576 merito
1007 1557 1021 1576 ιι
1033 1550 1112 1584 plebe
1128 1549 1314 1584 distinguitur.
1341 1548 1433 1584 inepte
1452 1549 1551 1584 quippe
1568 1549 1674 1576 diceres

891 1595 1030 1630 apostolos
1046 1602 1137 1622 semen
1154 1594 1239 1622 fuisse
1258 1595 1416 1629 impiorum,
1430 1595 1463 1622 de
1476 1595 1576 1629 quibus
1592 1596 1674 1623 modo

890 1640 993 1667 dictum
1009 1639 1103 1675 (Vens.
1116 1639 1144 1674 4)
1160 1649 1166 1666 :
1184 1649 1193 1665 ι
1219 1638 1315 1666 Semen
1328 1647 1443 1674 nequam
1456 1639 1502 1666 lilii
1518 1640 1642 1668 scelesti-
1663 1651 1671 1666 ι

892 1686 981 1721 aptius
995 1693 1042 1713 eos
1058 1692 1149 1713 semen
1168 1685 1360 1719 prophetarum
1383 1685 1532 1712 vocaveris.

928 1775 1010 1803 Vens.
1030 1774 1073 1803 16.
1094 1774 1152 1801 Non
1181 1775 1215 1802 iis
1242 1774 1412 1809 (iavamini)
1435 1773 1592 1805 lotionibus,
1616 1781 1677 1807 qua:

892 1821 1015 1856 corporis
1033 1824 1121 1847 cutem
1139 1819 1296 1852 emundant,
1316 1826 1370 1846 non
1385 1819 1456 1846 enim
1473 1818 1536 1844 huic
1562 1818 1677 1845 munda-

893 1870 967 1896 tione
979 1877 1064 1904 opus;
1076 1868 1123 1896 scd
1137 1867 1333 1903 spiritualibus,
1346 1875 1406 1902 qua:
1416 1871 1590 1902 peccatorum
1611 1866 1678 1893 cali-

894 1915 983 1950 ginem
1002 1915 1110 1942 auferre
1125 1913 1242 1949 possint,
1256 1917 1283 1940 et
1298 1913 1394 1940 sordes
1410 1912 1493 1939 animi
1508 1912 1637 1944 abluere;
1652 1916 1679 1938 et

894 1961 964 1988 mala
980 1967 1094 1995 quaeque
1108 1959 1203 1995 procul
1218 1959 1360 1994 depellere.

931 2006 1013 2033 Vens.
1038 2006 1083 2033 ἓξ).
1107 2005 1174 2032 Nam
1200 2005 1330 2032 derelicto
1349 2004 1521 2032 benefactore
1540 2008 1566 2030 et
1585 2003 1679 2029 Salva-

895 2059 964 2086 tore,
981 2053 1060 2081 idolis
1078 2052 1173 2080 conﬁsi
1200 2055 1264 2079 sunt
1286 2052 1375 2078 anima
1398 2055 1424 2078 et
1447 2054 1538 2077 mente
1562 2049 1680 2076 carenti-

896 2103 947 2129 bus
959 2111 965 2134 ;
987 2100 1089 2127 idcirco
1097 2100 1170 2126 omni
1184 2099 1254 2126 bona
1265 2099 1336 2125 fama
1351 2097 1483 2129 destituti,
1497 2096 1537 2124 vel
1546 2101 1575 2123 ut
1583 2099 1680 2130 stuppa

897 2148 1092 2175 comburenlur
1104 2145 1206 2180 (Vens.
1225 2145 1257 2172 3i
1271 2145 1280 2180 )
1299 2154 1308 2170 ι
1327 2149 1354 2171 et
1379 2151 1432 2170 non
1449 2143 1500 2170 erit
1516 2142 1563 2178 qui
1577 2142 1682 2169 exstin—

861 2201 882 2228 ι)
897 2198 971 2228 gnat.
996 2201 1004 2218 ι
1031 2191 1099 2224 Quis
1117 2191 1188 2218 enim
1205 2194 1296 2225 posset
1310 2197 1357 2216 eos
1374 2189 1494 2223 eripere,
1522 2187 1577 2214 Deo
1602 2187 1680 2213 incu-

897 2239 994 2267 sante?
1011 2237 1100 2265 lnnuit
1112 2237 1194 2272 igitur
1209 2244 1299 2264 sermo
1315 2235 1505 2262 confusionem
1522 2234 1548 2260 in
1565 2232 1680 2268 captivi-

897 2288 951 2311 tate
981 2283 1120 2315 futuram,
1147 2289 1208 2309 cum
1239 2282 1309 2308 bono
1333 2288 1441 2315 quoque
1469 2279 1555 2306 Judrei
1581 2279 1681 2306 fuerint

896 2330 992 2361 exuti,
1015 2334 1041 2357 et
1063 2337 1111 2364 spe
1141 2328 1267 2364 depulsi,
1297 2335 1376 2362 quam
1404 2327 1431 2353 in
1464 2326 1543 2352 idolis
1564 2325 1683 2352 colloca—

898 2380 1001 2404 verant.

934 2424 997 2452 Car.
1013 2423 1045 2456 il,
1059 2422 1143 2450 Vens.
1161 2423 1186 2449 1.
1208 2420 1260 2448 Seu
1273 2419 1385 2447 verbum
1395 2440 1401 2452 ,
1418 2426 1465 2446 seu
1480 2418 1548 2445 visio
1561 2417 1678 2448 dicatur,

899 2471 965 2498 nihil
992 2471 1123 2502 interest;
1145 2476 1206 2496 nam
1231 2471 1258 2495 et
1276 2466 1427 2494 visionibus
1444 2465 1544 2500 aliquid
1563 2464 1680 2491 auditur.

902 2516 1016 2550 Quando
1037 2516 1108 2543 Deus
1128 2514 1194 2550 quid
1217 2513 1304 2540 oculis
1319 2512 1444 2546 subiicit,
1464 2511 1621 2546 cognitione
1641 2511 1682 2536 in-

903 2564 1018 2591 struitur
1035 2563 1152 2593 animus,
1170 2561 1242 2587 haud
1256 2567 1334 2587 secus
1356 2566 1387 2585 ac
1408 2558 1431 2585 si
1444 2560 1533 2584 mente
1545 2557 1682 2583 visionum

901 2616 1054 2636 sermonem
1069 2609 1238 2642 perciperet;
1252 2613 1278 2634 et
1293 2605 1385 2632 audito
1396 2604 1478 2631 verbo
1491 2623 1498 2635 ,
1524 2603 1560 2629 ita
1581 2602 1683 2628 illumi-

901 2659 983 2682 natur
1005 2662 1100 2687 mens,
1125 2653 1202 2688 quasi
1228 2659 1281 2678 uno
1304 2650 1402 2678 intuitu
1419 2655 1580 2676 cunctorum
1597 2647 1684 2674 scien-

903 2702 968 2729 tiam
985 2700 1222 2735 complecteretur.
1238 2713 1272 2718 ——
1287 2697 1336 2724 Hic
1349 2697 1406 2731 jam
1420 2703 1475 2722 non
1489 2698 1583 2722 contra
1598 2693 1686 2727 loqui-

902 2753 956 2792 tur.
974 2749 1020 2776 sed
1037 2748 1071 2775 de
1086 2747 1277 2782 (Jerusalem),
1303 2745 1428 2772 indicans
1443 2751 1471 2771 se
1487 2743 1562 2778 prius
1575 2741 1686 2768 calami-

905 2789 976 2823 tates
988 2793 1193 2821 denuntiarisse
1210 2795 1306 2820 contra
1325 2798 1372 2821 eos
1390 2791 1495 2818 futuras
1521 2792 1547 2818 et
1564 2789 1687 2818 locorum

904 2840 1091 2871 vastationem.
