1905 3072
53 132 133 160 1315

798 134 828 162 IN
850 134 975 164 ISAIAM.

1610 137 1677 164 15H

50 190 151 225 τήτως
179 189 244 215 αὺτὺ
261 189 376 225 ἔχωμεν,
397 190 490 227 ὥσπερ
513 189 558 218 οὖν
573 192 602 218 τὸ
618 192 726 228 βλέπειν
740 193 756 228 ἢ
772 193 844 229 βαδί-

902 194 963 221 riosi
980 201 1190 229 consequamur,
1203 193 1430 228 quemadmodum
1446 193 1677 220 oculisiutucuuir

53 235 120 267 ζειν
131 243 138 250 ⁸
153 234 210 261 ἀλλ’
220 235 325 270 ἑκάστῳ
337 237 416 271 χρεία
431 237 555 273 σπουδῆς,
574 238 641 273 πρὸς
654 239 685 265 τὸ
694 239 843 275 ἀποστῆσαι

55 281 112 316 μὲν
123 281 172 316 τὴν
189 281 306 308 διάνοιαν
317 282 432 315 ἀδικίας,
445 284 606 319 προσλαϐεῖν
619 285 646 312 δὲ
662 285 842 321 δικαιοσύνην

55 326 119 353 ἰδοὺ
135 327 188 362 γὰρ
202 328 226 353 οἱ
240 328 268 354 ὲν
281 329 393 364 ἀσεϐείᾳ
407 330 538 364 ζήσαντες
558 330 678 357 ἐκποδὼν
691 333 842 367 γεγόνασιν·

53 373 122 399 οὐδὲ
134 373 187 409 γὰρ
206 372 260 400 οἶόν
275 375 304 401 τέ
324 375 396 402 ἐστιν
410 376 536 410 ἀληθείας
562 379 680 413 ἐργάτην
703 379 844 414 εὑρεθῆναι

54 419 107 445 τὸν
131 419 168 455 μὴ
182 419 353 456 δικαιοσύνην
367 420 559 457 μελετήσαντα.
578 439 612 443 -
631 423 845 459 Ἐκλαμϐάνεται

55 464 150 490 ταῦτα
164 465 211 491 καὶ
222 466 261 497 είς
275 465 319 492 τὸν
335 465 466 497 διάϐολον,
490 468 536 494 καὶ
553 469 591 500 εἰς
608 469 670 501 τοὺς
686 470 845 505 ἀγνώμονας

63 510 226 543 Ἰουδαίους,
256 511 303 544 ὡς,
331 512 433 538 πολλῶν
461 514 622 549 εὐεργεσιῶν
643 516 778 550 τυχόντες,
806 516 845 542 ἔτι

57 555 195 590 ἐπέμενον
216 556 246 582 τὸ
262 556 338 591 δμμα
353 557 401 592 τῆς
422 558 541 590 διανοίας
559 560 767 594 κεκαμμυκότες
779 569 785 575 ·
798 561 844 587 τοῦ

58 600 119 636 γὰρ
141 601 242 636 Κυρίου
261 603 337 637 ἡμῶν
359 604 444 639 Ἰησοῦ
470 605 586 640 Χριστοῦ
617 606 844 642 ἐπιδημήσαντος,

58 646 111 671 καὶ
139 646 192 672 τῶν
216 646 300 673 ὲθνῶν
317 649 527 679 πιστευσάντων,
550 646 621 676 οὗτοι
639 650 668 676 οὐ
686 651 764 685 μόνον
783 651 846 686 περὶ

57 690 108 716 τὸν
123 691 268 726 εὐεργέτην
290 691 443 727 ἀγνώμονες
460 695 612 727 γεγόνασιν,
633 694 698 721 ἀλλὰ
717 695 764 721 καὶ
775 695 846 730 ζήλῳ

59 744 131 770 πονη
137 735 362 772 ρῷὲκκαιόμενοι,
373 738 546 773 περίκαυστοι
557 739 682 774 γενέσθαι
691 740 844 775 ἠϐούλοντο,

59 780 138 815 ἥπερ
149 781 214 816 ὁρᾷν
229 781 264 807 τὰ
277 781 339 817 ἑθνη
353 782 501 818 σωζόμενα.

105 825 236 852 Ἐνταῦθα
261 826 309 862 τὴν
336 828 510 855 ἀνταπόδοσιν
528 829 612 863 λέγει,
632 830 679 866 τὴν
690 832 749 857 κατ’
769 831 847 864 ἀξίαν

60 870 119 895 τῶν
149 871 354 908 ἁμαρτημάτων
368 874 532 910 ἐπαχθεῖσαν
551 875 628 911 δίκην
640 885 646 890 ·
667 877 777 904 ἐκείνων
792 877 846 914 γὰρ

59 917 184 949 πάντων,
212 919 302 954 φησιν,
330 921 394 955 ἡμῖν
418 921 533 952 ’δικαίως
551 922 782 950 ἀνταποδοθέντων
801 919 847 950 καὶ

59 961 159 997 ὥσπερ
176 963 254 998 χρέος
270 964 444 996 ὲκτισάντων,
460 965 557 996 ἀπόδος
571 966 637 1000 ἡμῖν
654 966 698 992 τὸν
715 967 846 1001 μονογενῆ

60 1008 129 1035 Υἰόν
158 1017 203 1034 σου
213 1017 219 1023 ⁸
238 1008 297 1036 οὐδὲ
312 1009 365 1046 γὰρ
393 1010 471 1042 ἄλλος
482 1011 524 1042 τίς
536 1012 609 1037 ἐστιν
628 1010 696 1047 ἴαμα
712 1011 818 1048 ήμῶνῆ
833 1013 847 1039 ὁ

62 1055 213 1088 μονογενής
227 1062 272 1080 σου
285 1055 348 1086 Υίὸς
361 1056 581 1091 παραγενόμενος
606 1057 652 1083 ἐπὶ
665 1057 726 1093 γῆς.

99 1100 161 1126 ’Ότι
193 1100 241 1135 μὲν
258 1102 273 1137 ή
297 1101 403 1128 πάντων
422 1102 563 1130 δεσποτεία
583 1104 703 1139 προσῆκε
725 1105 763 1140 τῷ
778 1105 844 1141 Θεῷ,

59 1144 147 1171 παντὶ
169 1145 255 1180 δῆλον,
284 1146 330 1172 καὶ
348 1147 396 1172 οὐκ
412 1147 443 1174 ἄν
459 1156 500 1179 τις
515 1148 688 1183 ὑπονοήσειεν
708 1150 785 1181 ἐκτὸς
799 1151 847 1185 τῆς

59 1191 221 1223 δεσποτείας
234 1191 279 1218 τοῦ
288 1192 355 1219 Θεοῦ
369 1191 438 1219 εἷναί
448 1202 518 1221 τινα.
530 1194 566 1221 Τὸ
574 1192 629 1227 οὖν,
645 1195 751 1230 Κτῆσαι
763 1196 845 1231 ἡμᾶς,

59 1236 178 1262 ἐνταῦθα
205 1236 338 1270 λέλεκται,
356 1238 395 1264 ὃτι
414 1238 456 1265 διὰ
473 1239 523 1274 τῆς
538 1239 583 1266 τοῦ
608 1241 765 1275 μονογενοῦς
782 1241 847 1268 Υῐοῦ

61 1290 112 1308 σου
142 1283 291 1317 παρουσίας
314 1283 521 1319 λυτρωσάμενος
542 1287 629 1321 ἡμᾶς,
656 1287 776 1321 ᾠκείωσε
802 1288 846 1315 καὶ

61 1328 241 1364 περιεποίησε
257 1329 442 1364 νεκρωθέντας
457 1332 517 1362 ταῖς
533 1332 688 1367 ἁμαρτίαις.

99 1374 132 1400 Ol
155 1374 210 1409 γὰρ
227 1375 421 1410 νενεκρωμένοι
449 1378 506 1408 ταῖς
531 1377 678 1412 ἁμαρτίαις
694 1378 723 1403 οὐ
744 1379 847 1413 μήποτε

62 1419 208 1447 θεάσονταί
233 1429 280 1447 σε·
294 1421 397 1457 νεκρῶν
418 1422 471 1457 γὰρ
503 1422 586 1449 ὄντων
609 1423 662 1449 τῶν
679 1423 747 1449 κατὰ
768 1424 848 1458 φύσιν

62 1466 219 1501 γενομένων
248 1466 362 1502 νεκρῶν,
391 1468 438 1493 καὶ
461 1467 564 1503 νεκρῶν
574 1467 633 1494 τῶν
656 1468 848 1503 νεκρωσάντων

895 246 942 267 aut
969 240 1083 275 pedibus
1108 240 1276 272 incedimus;
1300 239 1347 266 sed
1376 239 1467 266 studio
1483 239 1581 273 cuique
1608 247 1677 274 opus

895 288 937 312 est
949 306 956 318 ,
978 290 1007 312 ut
1031 284 1172 320 iniustitia:
1192 291 1303 312 sensum
1319 283 1395 318 prius
1409 286 1499 315 exuat,
1517 287 1543 309 et
1558 282 1620 310 dein
1635 283 1677 310 iu-

895 330 962 357 duat
976 330 1122 364 justitiam.
1144 330 1212 358 Ecce
1229 334 1320 358 autem
1336 329 1418 357 ablati
1435 333 1499 357 sunt
1513 329 1605 364 impii;
1621 338 1676 357 non

895 377 967 403 enim
996 380 1084 410 potest
1103 376 1171 409 lieri,
1187 381 1216 403 ut
1245 376 1383 404 veritatem
1404 375 1505 408 faciat,
1525 376 1570 411 qui
1596 376 1677 410 justi-

896 422 959 448 tiam
974 429 1027 448 non
1041 421 1176 448 didicerit.
1193 421 1358 449 Rcl'eruntur
1379 421 1436 449 haec
1452 429 1559 456 quoque
1575 421 1603 448 in
1617 421 1678 448 dia-

895 465 997 498 bolum,
1014 469 1042 492 ct
1057 465 1085 492 in
1103 466 1225 501 ingratOs
1249 465 1366 498 Iudaeos,
1382 466 1427 501 qui
1446 467 1509 494 licet
1526 466 1675 493 innumeris

897 510 997 538 fuerint
1011 511 1150 539 beneﬁciis
1164 512 1247 544 aucti,
1262 519 1374 540 aversos
1390 516 1481 539 tamen
1495 512 1594 539 mentis
1608 519 1671 538 ocu-

895 557 936 584 los
961 556 1141 591 reﬂexerunt;
1168 566 1231 584 nam
1260 558 1420 585 adveniente
1446 558 1560 585 Domino
1582 561 1676 585 nostro

895 602 959 631 Jcsu
975 603 1093 636 Christo,
1110 605 1236 639 gentibus
1251 605 1284 632 ad
1301 605 1379 632 ﬁdem
1395 606 1545 637 conversis,
1562 605 1607 632 isti
1623 613 1676 632 non

896 650 976 676 modo
989 651 1110 685 ingratos
1126 659 1154 678 se
1170 651 1342 686 praebuerunt
1366 651 1394 677 in
1419 650 1584 678 Salvatorem
1597 671 1604 683 ,
1629 651 1676 677 sed

897 703 979 730 pravo
991 696 1048 723 zelo
1059 695 1202 731 ﬂagrantes
1217 697 1267 731 ipsi
1286 696 1410 723 comburi
1427 697 1581 723 maluerunt
1596 703 1677 730 quam

897 745 992 776 gentes
1008 743 1165 776 conspicere
1181 742 1269 768 salute
1280 742 1404 769 donatas.

934 830 1016 858 Vens.
1045 831 1088 858 1‘2.
1117 830 1166 857 Hic
1196 830 1280 857 Deum
1311 830 1462 858 reddidisse
1484 830 1563 862 dicit,
1584 837 1678 865 pwnas

898 876 1002 904 scilicet
1016 876 1126 903 meritas
1138 883 1186 910 pro
1201 876 1319 910 peccatis
1332 885 1339 909 ;
1356 884 1416 902 cum
1432 875 1504 902 enim
1521 876 1611 902 omnia
1622 883 1678 903 no—

897 923 939 950 bis
952 943 958 953 ,
977 923 1080 958 inquit,
1107 922 1168 956 jure
1185 921 1344 954 reddidisti,
1369 925 1396 948 et
1410 923 1487 956 quasi
1501 922 1620 949 debitum
1636 929 1679 949 re-

897 967 1012 998 misisti,
1043 966 1076 993 da
1102 967 1182 994 nobis
1197 967 1367 1002 unigenitum
1383 966 1481 993 Filium
1509 971 1603 1000 tuum;
1624 974 1677 994 non

897 1014 969 1041 enim
983 1017 1024 1040 est
1039 1013 1108 1040 alius
1130 1013 1209 1040 nobis
1235 1013 1327 1047 saluti,
1343 1013 1396 1040 nisi
1411 1012 1569 1048 unigenitus
1593 1012 1678 1040 Filius

898 1064 960 1087 tuus
974 1060 1000 1086 in
1019 1064 1118 1087 terram
1137 1058 1274 1094 delapsus.

932 1106 1014 1134 Vens.
1033 1106 1075 1133 15.
1092 1105 1188 1133 Omnia
1216 1104 1243 1132 in
1268 1105 1395 1131 manibus
1413 1103 1458 1130 Dei
1475 1111 1552 1135 esse,
1580 1110 1679 1137 cuique

897 1152 1089 1186 perspicuum,
1106 1157 1158 1178 nec
1176 1149 1360 1184 suspicaberis
1387 1155 1550 1184 quemquam
1574 1155 1605 1175 ex
1632 1147 1678 1174 Dei

898 1197 1011 1232 imperio
1026 1204 1080 1224 non
1106 1195 1232 1230 pendere.
1259 1194 1309 1222 llic
1331 1195 1413 1230 igitur
1431 1202 1462 1221 ea
1476 1194 1510 1221 de
1525 1201 1608 1221 causa
1630 1200 1679 1220 nos

897 1242 1029 1277 inmittere
1043 1241 1152 1272 dicitur,
1171 1240 1244 1275 quod
1259 1240 1390 1275 unigeniti
1414 1239 1476 1266 Filii
1488 1239 1547 1273 ejus
1562 1238 1678 1266 adventu

899 1288 1065 1323 puriﬁcatos,
1078 1291 1106 1314 et
1123 1287 1157 1314 de
1173 1290 1260 1313 morte
1276 1289 1451 1320 peccatorum
1473 1284 1612 1317 liberatos,
1627 1284 1679 1312 sibi

898 1333 1065 1368 comparavit
1080 1336 1106 1360 et
1122 1332 1251 1359 devinxit.

932 1378 1014 1406 Vsus.
1034 1379 1076 1405 M.
1098 1377 1242 1412 Nunquam
1267 1377 1337 1404 enim
1367 1376 1497 1403 videbunt
1522 1380 1548 1403 te
1569 1379 1680 1411 peccato

898 1424 1014 1458 mortui;
1032 1431 1093 1450 nam
1107 1423 1209 1449 mortui
1226 1425 1301 1454 sunt,
1317 1421 1418 1456 quibus
1441 1428 1542 1455 corpus
1559 1420 1679 1452 interiit;

898 1470 998 1497 mortui
1011 1473 1075 1497 sunt
1089 1473 1115 1496 et
1132 1468 1177 1494 alii
1195 1468 1242 1503 qui
1258 1467 1377 1494 membra
1388 1475 1436 1494 sua
1449 1466 1546 1494 mediis
1561 1466 1588 1493 in
1602 1465 1678 1492 volu-

62 1511 98 1537 τὰ
113 1510 218 1536 ἑαυτῶν
234 1511 300 1546 μέλη
312 1512 340 1538 ἑν
352 1513 412 1543 ταῖς
429 1512 548 1547 ἡδοναῖς,
567 1513 613 1538 καὶ
629 1513 663 1539 τὰ
689 1513 761 1540 κακὰ
788 1514 847 1540 δια-

902 1516 1020 1551 ptatibls
1036 1517 1173 1546 coercent,
1191 1517 1218 1541 et
1232 1512 1344 1540 aﬂ‘ectus
1360 1520 1459 1547 pravos
1476 1511 1558 1538 animi
1571 1511 1681 1546 impios—

62 1558 189 1592 νοήματα
210 1557 244 1584 τὰ
256 1557 327 1584 κατὰ
342 1557 408 1584 Θεὸν
423 1559 628 1594 νεκρωσάντων.
650 1559 782 1587 Ἐνταῦθα
795 1560 848 1587 τῶν

63 1604 195 1630 ἐναντίων
220 1604 365 1639 μέμνηται,
395 1604 449 1631 τῶν
469 1605 673 1633 ἀποϐαλλόντων
687 1607 735 1642 μὲν
760 1608 848 1634 πᾶσαν

63 1650 185 1685 ζωτικῆς
205 1650 411 1686 δικαιοπραγίας
433 1651 515 1687 ζωὴν,
527 1653 721 1688 νεκρωσάντων
737 1654 764 1680 δὲ
786 1655 849 1681 ἐαυ-

63 1697 129 1728 τοὺς
137 1696 176 1731 τῷ
187 1697 245 1732 Θεῴ
255 1697 306 1723 ὑπὸ
321 1696 367 1723 τοῦ
383 1697 501 1733 πλήθους
513 1698 566 1725 τῶν
584 1699 725 1734 ἁμαρτιῶν
742 1700 789 1726 καὶ
800 1709 849 1726 κα-

63 1742 219 1779 κοπραγίας
231 1742 452 1778 ἀποϐεϐληκότας
463 1744 511 1779 τὴν
526 1744 654 1776 ζωοποιδν
667 1745 847 1781 δικαιοσύνην·

63 1789 107 1815 διὸ
127 1789 172 1815 καὶ
189 1789 354 1824 φειδόμενος,
371 1791 385 1815 ὀ
402 1790 477 1822 Θεὸς,
496 1791 542 1817 καὶ
556 1791 702 1826 ἁγαθότητι
723 1792 849 1827 κινούμε-

63 1844 121 1868 νος,
132 1835 261 1870 ἐνέκοῴας
273 1835 467 1871 ἁμαρτάνουσι.

101 1881 244 1916 Σημαίνει,
259 1880 309 1908 ’ὃτι
332 1881 486 1916 φειδόμενος
507 1883 520 1908 ὁ
534 1882 598 1913 Θεὸς
613 1882 659 1908 τοῦ
670 1883 786 1917 Χριστοῦ
802 1884 850 1918 τῆς

65 1926 140 1961 ζωῆς
154 1926 242 1953 αὐτῶν
268 1926 428 1962 ὑπετὲμετο,
456 1927 498 1954 ἵνα
524 1928 559 1963 μὴ
581 1928 621 1959 είς
638 1928 732 1963 χρόνον
748 1928 850 1964 μακρὸν

65 1971 272 2006 παραμένοντες
289 1971 574 2006 συμπαρεκτείνωνται
590 1973 622 2008 τῇ
638 1972 730 2008 κακία,
747 1974 793 1999 καὶ
807 1973 850 2000 αὖ-

66 2017 150 2049 ξωσιν
166 2017 254 2044 αὐτῶν
266 2018 315 2053 τὴν
329 2018 459 2053 πονηρίαν
469 2027 475 2033 ·
489 2018 533 2045 διὰ
551 2019 604 2054 γὰρ
620 2019 773 2054 ἀγαθότητα
786 2020 851 2052 Θεὸς

65 2064 114 2091 καὶ
134 2065 246 2100 χρόνους
268 2065 353 2100 ὁρίζει
376 2066 415 2096 εἰς
435 2063 569 2101 τιμωρίαν
584 2075 590 2080 ·
613 2066 691 2093 τοῦτο
715 2067 763 2102 μὲν
782 2067 851 2102 μετὰ

66 2109 166 2136 ἑκατὸν
178 2109 278 2135 εἴκοσιν
307 2110 365 2144 ἔτη,
393 2110 486 2144 ὥσπερ
518 2108 564 2137 οὖν
585 2111 630 2137 καὶ
648 2112 694 2138 ἐπὶ
711 2112 756 2138 τοῦ
769 2121 852 2140 κατα-

67 2154 202 2190 κλυσμοῦ,
228 2155 305 2181 τοῦτο
328 2155 356 2181 δὲ
374 2156 514 2191 ἐξήκοντα.
538 2157 592 2183 Καὶ
608 2157 642 2183 δι’
656 2157 736 2184 αὑτοῦ
757 2158 850 2185 τούτου

899 1570 952 1598 que
970 1565 1156 1596 compescunt.
1175 1560 1225 1588 llic
1251 1564 1345 1587 contra
1369 1560 1403 1586 de
1424 1559 1477 1586 illis
1499 1558 1608 1593 agitur,
1635 1558 1680 1592 qui

900 1616 994 1636 omnes
1010 1611 1143 1634 exuerunt
1161 1606 1252 1633 vitalis
1280 1605 1394 1639 justitiae
1414 1611 1521 1635 mores,
1550 1603 1596 1638 qui
1629 1602 1681 1629 Deo

899 1655 999 1682 mortui
1013 1659 1085 1685 sunt,
1111 1655 1221 1688 propter
1243 1649 1443 1677 multitudinem
1467 1651 1639 1683 peccatorum
1654 1651 1681 1674 ct

900 1701 1098 1736 nequitiarum,
1119 1698 1192 1725 vitali
1210 1696 1317 1732 iustitia
1336 1694 1445 1730 spoliati
1464 1693 1585 1720 :idcirco
1601 1691 1681 1719 misc-

900 1746 1018 1774 ricordia
1034 1745 1116 1776 Deus,
1132 1748 1157 1770 et
1170 1741 1337 1777 benignitate
1354 1742 1487 1770 movetur,
1499 1737 1607 1772 quando
1619 1743 1681 1771 pec-

900 1791 1038 1819 catoribus
1053 1789 1152 1816 obstat.

935 1882 1018 1909 Vens.
1036 1881 1078 1907 lli.
1099 1879 1203 1906 Iudicat
1215 1875 1317 1905 Christi
1335 1875 1407 1902 Deus
1420 1881 1448 1902 se
1465 1879 1513 1908 per
1528 1870 1680 1905 benignita-

900 1932 954 1956 tem
971 1927 1053 1954 vitam
1071 1933 1164 1953 eorum
1187 1923 1347 1953 rescidisse,
1364 1928 1397 1947 ne
1413 1919 1515 1946 diutius
1536 1918 1680 1946 durantes.

901 1973 1002 2000 malitia
1027 1980 1075 1999 sua
1100 1975 1212 1998 czcteros
1233 1968 1370 1997 iuliciant,
1408 1970 1538 1998 suamque
1567 1966 1681 1996 augeant

901 2019 1063 2053 nequitiam;
1080 2024 1142 2043 nam
1155 2023 1202 2050 per
1217 2012 1412 2048 benignitatem
1432 2009 1502 2036 Deus
1517 2011 1544 2035 et
1559 2011 1681 2053 tempora

901 2051 994 2093 deiinit
1011 2064 1037 2090 in
1055 2069 1161 2097 poenam
1182 2069 1188 2087 :
1220 2066 1294 2086 nunc
1321 2060 1383 2092 post
1409 2060 1517 2082 centum
1534 2056 1560 2081 et
1587 2051 1682 2087 viginti

902 2117 988 2138 annos
1004 2113 1030 2136 ut
1048 2105 1215 2141 temporibus
1229 2103 1322 2131 diluvii
1336 2102 1365 2134 ³;
1383 2107 1455 2127 nunc
1473 2102 1534 2134 post
1544 2097 1684 2132 sexaginta

903 2157 959 2192 (aut
977 2154 1065 2189 potius
1075 2151 1243 2187 septuaginta
1253 2150 1263 2165 ‘
1272 2149 1291 2184 ).
1301 2148 1344 2175 Fit
1354 2147 1445 2179 etiam,
1460 2144 1554 2173 eodem
1567 2146 1685 2170 testante

66 2201 115 2227 τοῦ
129 2201 265 2237 προφήτου
282 2202 329 2227 καὶ
345 2201 397 2237 πρὸ
409 2202 457 2237 τῆς
469 2202 635 2237 προθεσμίας
648 2203 744 2237 ἐπάγει
754 2204 803 2239 τὴν
817 2204 848 2230 δί-

904 2201 1057 2237 propheta,
1093 2203 1124 2225 ut
1154 2197 1196 2224 vel
1232 2199 1294 2223 ante
1323 2198 1429 2228 tempus
1460 2198 1557 2226 pcenas
1582 2191 1685 2239 repetat

68 2255 132 2281 κην,
146 2246 286 2280 ὲγκόπτων
304 2246 391 2273 αὐτῶν
415 2248 470 2278 τοῖς
485 2247 674 2283 ἁμαρτήμασι,
694 2248 741 2275 καὶ
758 2248 851 2276 παύων

68 2291 168 2323 αὐτοὺς
182 2291 231 2326 τῆς
246 2292 426 2327 παρανομίας,
449 2293 620 2329 ἁμετανόητα
639 2293 797 2326 νοσοῦντας·
811 2294 852 2321 διό

69 2347 151 2374 φησιν
180 2339 194 2365 ὁ
223 2338 404 2373 πεντηκοστὸς
417 2339 546 2374 τέταρτος
567 2339 690 2375 ψαλμός·
710 2349 720 2365 (
739 2339 851 2375 ’Ἄνδρες

68 2384 193 2420 αἱμάτων
205 2383 251 2410 καὶ
267 2383 418 2419 δολιὸτητος
439 2384 467 2410 οὐ
483 2384 519 2419 μὴ
535 2384 702 2419 ἡμισεὺσωσι
719 2385 767 2416 τὰς
783 2386 852 2421 ήμέ-

70 2439 135 2466 ρας·
160 2439 169 2455 ›
191 2430 238 2456 καὶ
261 2429 357 2456 πάλιν·
379 2439 388 2455 ι
403 2429 448 2465 Μὴ
470 2429 610 2467 ἀναγάγῃς
634 2439 667 2466 με
701 2431 730 2457 ἐν
760 2431 853 2463 ἡμίσει

69 2475 192 2511 ἡμερῶν.
211 2485 221 2501 ›

111 2520 246 2547 Ἐνταῦθα
277 2520 350 2547 κακὰ
364 2519 438 2554 λέγει
464 2520 524 2554 οὐχὶ
540 2520 574 2546 τὰ
595 2521 622 2547 ὲν
639 2521 753 2557 πράξεσι
771 2522 852 2555 κακὰ,

69 2567 139 2594 ἀλλὰ
164 2566 200 2593 τὰ
226 2567 367 2594 κακωτικά
378 2575 384 2581 ·
405 2566 475 2592 οὕτω
490 2566 544 2601 γὰρ
565 2567 611 2593 καὶ
624 2567 662 2594 ὅτ’
676 2567 708 2594 ἂν
724 2568 852 2604 ἀκούσῃς,

73 2621 81 2636 ι
94 2611 124 2637 '0
132 2609 230 2642 κτίζων
244 2610 326 2641 κακὰ,
342 2620 350 2636 ι
365 2609 529 2645 ἐκλὰμϐανε.
544 2610 597 2646 Τὴν
607 2611 697 2637 τοίνυν
712 2612 854 2647 ὑπερηφα-

69 2655 130 2682 νίαν
158 2653 211 2680 τῶν
237 2654 390 2689 λεγομένων
420 2654 530 2687 ἐνδόξων
549 2654 592 2680 διὰ
620 2654 672 2680 τῶν
694 2655 854 2682 κακωτικῶν

69 2700 316 2736 καθαιρεθήσεσθαι
341 2700 477 2736 σημαίνει.

906 2233 986 2278 Deus,
1002 2245 1110 2273 modum
1125 2242 1243 2278 peccatis
1255 2248 1350 2268 eorum
1370 2242 1502 2268 statuens,
1518 2241 1612 2263 eorum
1632 2233 1685 2260 ini-

903 2293 1020 2328 quitatcs
1039 2289 1163 2317 inhibens
1179 2287 1286 2315 insania
1303 2284 1494 2312 laborantium.
1512 2281 1572 2328 Ideo
1588 2279 1686 2328 legitur

904 2326 931 2366 in
951 2338 1056 2374 psalmo
1071 2345 1124 2369 LIV,
1139 2335 1196 2361 2i:
1218 2343 1226 2359 ι
1248 2332 1306 2359 Viri
1323 2331 1486 2366 sanguinum
1511 2331 1536 2355 et
1555 2326 1686 2374 dolosita-

904 2371 1016 2416 tim—non
1033 2381 1214 2410 dimidiabunt
1231 2380 1288 2406 dies
1309 2384 1391 2410 suos;
1413 2385 1421 2401 ι
1439 2379 1465 2402 et
1483 2374 1599 2400 iterum:
1620 2381 1629 2397 ι
1647 2371 1686 2398 Ne

906 2437 1018 2458 revoces
1030 2436 1072 2456 me
1089 2428 1116 2455 in
1131 2425 1243 2454 dimidio
1257 2424 1360 2451 dierum
1373 2427 1494 2449 meorum
1512 2419 1562 2446 ⁵,.»

919 2530 923 2535 ·
941 2518 1024 2545 Vsus.
1041 2517 1084 2544 15.
1114 2515 1164 2542 Hic
1184 2521 1230 2549 per
1252 2512 1322 2539 mala
1337 2518 1392 2537 non
1407 2515 1492 2543 opera
1507 2507 1577 2534 mala
1595 2506 1686 2532 inten-

906 2564 957 2596 dit,
983 2563 1030 2590 sed
1053 2561 1204 2596 supplicia;
1229 2565 1291 2585 nam
1314 2560 1341 2583 et
1369 2555 1396 2581 in
1420 2554 1500 2581 istaut
1525 2550 1684 2596 Sententiam

906 2594 1026 2637 eamdem
1038 2594 1128 2635 vocem
1142 2608 1267 2640 usurpat,
1276 2610 1337 2630 cum
1350 2601 1430 2628 dicit:
1442 2608 1451 2624 ι
1464 2594 1682 2625 εῖοιιιιεῐιιίιιαθη

911 2654 1034 2681 Declarat
1058 2653 1141 2688 igitur
1162 2659 1191 2679 se
1213 2658 1260 2686 per
1277 2648 1411 2684 supplicia
1425 2646 1577 2681 superbiam
1591 2649 1685 2672 eorum

908 2701 955 2735 qui
972 2698 1088 2734 gloriosi
1103 2698 1238 2725 habentur
1253 2696 1454 2730 deprcssurum.

109 2842 197 2870 ‘Gen.
212 2850 249 2873 vr.
263 2842 288 2869 5.
327 2843 337 2858 ⁸
349 2842 420 2870 Psal.
442 2850 552 2875 uxxtx,
568 2841 610 2868 10.
645 2842 654 2857 ⁵
668 2841 740 2871 Psal.
757 2849 792 2874 CI,
809 2841 853 2869 ‘23.
893 2840 965 2868 ‘lsa.
983 2847 1042 2871 xtv,
1063 2839 1086 2864 7.
