1905 3072
202 124 271 152 4295

814 116 856 143 DE
878 116 956 143 \‘lTA
973 115 1014 142 ET
1036 114 1188 142 SCRIPTIS

1743 111 1755 137 1
1761 109 1813 137 295

202 181 310 208 Achaiae
341 184 367 207 et
394 177 557 206 Macedoniae
596 176 628 203 ad
663 175 844 202 Athanasium
877 172 1066 205 litterasAiis
1089 173 1291 200 communionis
1321 171 1450 207 expetiit,
1477 175 1504 198 et
1529 168 1700 204 impetravit,
1735 169 1814 204 queis

173 226 182 236 '
203 225 358 261 efﬂagitavit
379 232 386 251 :
403 231 464 251 nam
484 231 545 250 cum
561 223 604 250 bis
630 221 747 248 maxime
763 221 912 248 Athanasio
933 219 984 246 do-

203 273 299 299 ctrinae
314 270 483 297 consortium
497 274 524 296 et
539 268 694 303 epistolaris
718 267 889 294 familiaritas
901 267 984 292 inter-

203 318 314 344 cedebat
335 326 341 344 :
359 316 413 342 Καὶ
426 315 520 341 τούτου
551 314 598 340 τοῦ
627 313 769 348 δόγματος,
798 313 884 347 inquit
911 311 985 338 Basi-

204 364 257 391 lius
279 363 319 398 ('2)
335 363 367 390 de
389 362 547 392 Athanasio,
564 360 707 390 κοινωνούς
726 368 769 395 μοι
787 358 983 394 παρεχομένου,

202 409 264 440 τούς
279 417 306 435 τε
319 409 367 444 τῆς
379 406 559 438 Μακεδονίας,
572 407 618 432 καὶ
634 406 683 440 τῆς
701 405 808 439 Ἀχαΐας
820 403 984 434 ἐπισκόπους

204 455 337 487 ἅπαντας.
370 455 418 482 His
447 453 599 488 impetratis
625 453 721 479 litteris
751 451 896 478 Marcellus
926 455 984 476 tum

188 510 264 532 ¹δυο,
289 507 344 528 tmn
369 501 453 528 totius
478 499 614 534 Ancyrani
635 498 701 526 cieri
726 497 846 529 nomine,
860 500 984 523 oratores

204 548 286 574 mittit
310 548 342 574 ad
368 547 544 573 Athanasium
562 555 568 578 ;
598 545 747 579 Eugenium
766 543 870 570 scilicet
891 542 984 569 diaco-

205 601 280 625 num,
296 593 427 626 aliosque,
442 592 488 627 qui
503 592 591 618 oblata
612 591 663 617 sibi
678 590 791 616 crimina
808 589 982 623 depellerent,

204 643 231 665 et
259 639 318 665 ﬁdei
351 639 546 673 professionem
571 645 662 664 coram
682 636 832 663 Athanasio
853 639 879 662 et
901 634 984 669 JEgy—

205 685 268 719 ptiis
288 684 449 718 przesulibus
482 685 635 710 recitarent.
657 682 718 709 Hmc
731 690 813 717 porro
835 681 932 716 legatio
955 681 982 707 in

205 737 304 756 annum
330 730 382 756 572
409 729 549 756 commode
583 728 727 760 referatur,
753 728 832 762 cujus
861 727 982 761 computi

205 777 273 803 ratio
294 776 345 803 hoc
370 775 450 802 modo
475 776 615 802 statuitur.
646 774 762 802 Basilius
784 781 855 801 anno
877 773 929 800 570
954 773 982 799 in

204 822 400 849 Caesariensem
426 822 584 857 episcopum
612 825 755 856 cooptatus
775 823 817 848 est
839 829 845 847 :
864 819 909 846 cui
929 819 982 846 frc-

204 877 290 903 quens
305 877 366 895 eum
380 869 526 896 Athanasio
543 869 718 903 epistolarum
733 875 799 894 usus
816 866 877 898 fuit,
897 866 923 892 in
937 872 984 892 ea-

204 922 263 941 rum
282 922 342 949 quae
362 919 508 948 supersunt
528 918 663 948 postrema
681 913 714 940 de
735 911 889 940 damnando
911 911 983 938 Mar-

203 961 273 987 cello
288 961 386 995 agitur,
410 967 523 995 eamque
537 967 587 987 nos
602 960 629 986 in
652 966 751 986 annum
772 959 820 985 571
839 957 983 984 conferen-

203 1006 263 1032 dam
277 1010 414 1040 putamus.
437 1006 523 1040 Hujus
544 1010 635 1033 autem
658 1004 804 1032 occasione
827 1006 982 1038 susceptam

203 1052 363 1087 legationem
381 1057 407 1079 et
429 1052 572 1079 adventum
597 1051 710 1086 Eugenii
731 1049 925 1078 Alexandriam
953 1048 982 1075 in

203 1104 359 1134 sequentem
393 1107 494 1126 annum
525 1098 699 1133 conjicimus,
726 1098 789 1132 quia
821 1100 862 1123 tot
889 1095 983 1123 missis

203 1146 274 1171 ultro
302 1145 427 1179 citroque
446 1144 539 1171 Basilii
569 1143 602 1170 ad
624 1143 815 1175 Athanasium,
841 1140 982 1168 Athanasii

202 1190 236 1217 ad
256 1190 386 1219 Basiliam
412 1191 521 1223 litteris,
543 1190 607 1216 anni
627 1189 678 1217 370
697 1189 787 1220 ﬁnem,
803 1191 830 1215 et
843 1187 982 1222 sequentis

204 1237 348 1264 maximam
375 1241 477 1271 partem
492 1236 612 1270 elapsam
633 1240 771 1270 putamus.
794 1234 823 1261 ld
841 1238 931 1261 autem
949 1241 980 1261 ex

203 1284 359 1318 conjectura
378 1287 482 1310 tantum
494 1283 622 1313 dicimus,
640 1283 702 1316 quia
716 1281 885 1316 exploratum
906 1279 981 1307 vide—

203 1332 248 1354 tur
271 1328 297 1355 id
320 1329 449 1356 extremis
470 1328 610 1355 Athanasii
632 1328 694 1355 vitm
711 1327 801 1358 annis,
821 1331 848 1354 ct
866 1326 982 1354 fortasse

204 1374 342 1401 mensibus
360 1377 450 1401 actum
466 1382 535 1402 esse.
552 1374 676 1402 Attamen
687 1374 797 1402 nonnisi
810 1373 980 1408 augurando,

204 1419 356 1446 litterarum
379 1420 449 1447 ultro
474 1420 596 1455 citroque
615 1421 760 1448 missarum
789 1420 876 1454 spatia
905 1419 982 1446 meti—

204 1472 274 1490 mur.
288 1464 398 1492 Certum
421 1465 600 1493 nihilominus
619 1465 726 1492 videtur
741 1465 773 1492 ab
790 1473 861 1491 anno
877 1464 925 1490 '57!
948 1463 980 1490 ad

1037 217 1158 245 munitos
1185 217 1287 252 legatos
1323 224 1387 244 suos
1415 215 1448 242 ad
1468 215 1647 242 Athanasium
1670 213 1758 241 misit.
1784 212 1813 240 ln

1035 263 1086 290 hac
1110 267 1199 290 autem
1228 262 1360 298 legatione
1383 261 1474 289 omnia
1500 259 1612 287 mirifice
1639 259 1779 294 quadrant
1806 269 1811 286 :

1038 315 1100 335 nam
1127 312 1224 342 praeter
1241 307 1302 335 illas
1321 315 1335 333 a
1353 305 1517 333 Macedoniae
1533 308 1559 331 et
1578 304 1688 331 Achaiae
1707 304 1814 338 episco-

1034 354 1087 388 pis,
1114 361 1168 388 quo
1193 357 1314 388 tempore
1336 352 1373 379 illi
1407 359 1469 378 cum
1500 350 1647 377 Athanasio
1671 349 1706 376 de
1731 348 1814 376 rebus

1036 397 1098 424 ﬁdei
1122 397 1276 431 conjunctis
1299 397 1399 423 animis
1429 396 1593 426 tractabant,
1616 395 1752 430 expetitas
1771 394 1815 420 lit--

1036 447 1132 475 teras;
1157 443 1184 469 in
1215 443 1275 469 tidei
1301 441 1471 476 professione
1505 441 1631 476 legationi
1653 441 1813 475 subiuncta,

1035 490 1132 513 contra
1155 487 1303 513 Auomaeos
1326 485 1454 515 maxime,
1471 485 1549 519 quasi
1568 489 1631 512 tunc
1646 486 1815 512 tumultuan-

1035 536 1078 559 tes
1100 533 1206 567 agitur,
1233 532 1305 566 quod
1328 532 1447 566 apprime
1470 531 1558 558 eidem
1581 533 1698 567 tempori
1715 540 1812 560 convc-

1034 577 1110 610 niat;
1138 581 1166 604 et
1195 583 1255 612 post
1284 577 1344 604 ﬁdei
1386 575 1531 603 formulam
1558 585 1572 604 a
1598 578 1694 613 legatis
1722 585 1813 605 coram

1033 622 1182 649 Athanasio
1219 623 1380 654 reeitatam,
1420 623 1659 650 commendatitias
1696 623 1749 658 ipsi
1782 625 1814 650 ab

1033 667 1183 694 Athanasio
1201 667 1306 694 litteras
1327 668 1475 702 postulant,
1496 676 1565 703 quas
1586 669 1758 703 impetratas,
1774 677 1815 704 5)-

1034 713 1104 740 nodo
1124 713 1332 740 Diocaesariensi
1353 714 1535 748 protulerunt,
1551 719 1579 740 ut
1595 713 1666 739 infra
1687 713 1815 740 dicimus.

1087 769 1129 794 Ill.
1140 769 1178 794 De
1190 769 1246 793 ﬁdei
1258 769 1408 800 professione
1421 769 1530 794 Marcelli
1539 770 1637 793 nomine
1647 770 1759 794 recitata.

1069 822 1245 855 Athanasius,
1265 826 1293 849 ut
1306 822 1352 857 qui
1374 822 1520 849 multorum
1542 825 1568 848 et
1588 821 1682 849 Basilii
1700 822 1817 848 maxime

1035 872 1146 895 narratu
1165 868 1311 900 abductus,
1329 872 1484 903 suspectam
1498 867 1617 895 Marcelli
1635 867 1716 894 ﬁdem
1732 867 1816 894 habe-

1035 916 1092 945 ret,
1122 918 1245 941 oratores
1267 913 1301 940 de
1322 913 1447 940 doctrina
1472 917 1657 948 percontatur.
1687 911 1729 939 llli
1758 911 1816 938 ﬁdei

1035 958 1180 985 formulam
1214 959 1316 991 edunt,
1355 959 1497 994 primoque
1533 958 1649 985 haeresin
1687 959 1816 985 Arianam

1034 1004 1165 1031 damnant
1183 1004 1354 1031 anathemate
1365 1025 1371 1036 ,
1389 1011 1420 1031 ac
1436 1004 1467 1030 τὸ
1484 1004 1624 1039 ὁμοούσιον
1642 1003 1816 1038 proﬁtentur.

1034 1049 1103 1077 Hinc
1129 1050 1183 1077 sibi
1204 1050 1352 1085 ascriptam
1371 1049 1431 1077 Filii
1455 1055 1479 1077 et
1501 1049 1583 1077 \‘erbi
1611 1050 1818 1077 distinctionem

1032 1095 1193 1130 repudiant,
1219 1096 1411 1130 affirmantque
1432 1096 1614 1131 sycophantas
1634 1103 1707 1127 esse,
1726 1095 1773 1130 qui
1791 1104 1819 1122 μθ

1032 1149 1064 1168 ea
1078 1141 1110 1168 de
1126 1150 1154 1168 re
1171 1142 1198 1168 in
1218 1142 1322 1168 crimen
1344 1145 1475 1168 vocarent
1495 1151 1500 1168 :
1524 1141 1672 1169 Sabellium
1698 1141 1818 1176 proscri-

1033 1189 1111 1218 bunt.
1130 1193 1241 1223 tresque
1255 1189 1281 1215 in
1299 1188 1433 1216 Trinitate
1445 1188 1626 1216 subsistentes
1641 1187 1817 1215 conﬁtentur.

1032 1234 1070 1259 Uti
1082 1233 1145 1268 γὰρ,
1161 1233 1298 1267 inquiunt,
1316 1232 1497 1259 ἀνυπόστατον
1511 1232 1560 1267 τὴν
1570 1231 1673 1268 Τριάδα
1684 1231 1800 1266 λέγομεν
1812 1240 1817 1246 '

1032 1279 1087 1305 ἀλλ’
1104 1280 1132 1305 ἐν
1152 1279 1296 1305 ὑποστάσει
1319 1278 1402 1313 αὐτὴν
1431 1278 1615 1314 γινώσκομεν·
1642 1278 1668 1305 id
1682 1283 1735 1309 est,
1759 1277 1819 1305 Non

1031 1324 1100 1350 enim
1115 1324 1273 1350 Trinitatem
1288 1324 1344 1350 sine
1361 1323 1509 1350 substantia
1528 1323 1581 1350 sive
1602 1323 1739 1358 hypostasi
1754 1323 1820 1349 dici-

1032 1380 1089 1398 mus
1110 1379 1165 1398 esse
1179 1394 1185 1404 ,
1205 1379 1291 1398 verum
1312 1371 1338 1397 in
1362 1371 1496 1406 hyposlasi
1518 1371 1603 1404 ipsam
1625 1371 1818 1405 cognoscimus.

1031 1417 1083 1444 Ubi
1097 1417 1316 1445 animadvertere
1331 1421 1372 1444 est
1391 1416 1546 1444 Marcellum
1570 1423 1620 1451 pro
1643 1420 1754 1443 assueto
1769 1415 1820 1442 sibi

1032 1472 1108 1492 more
1119 1472 1201 1491 unam
1217 1467 1323 1491 tantum
1342 1463 1502 1498 hypostasin
1524 1463 1551 1490 in
1573 1462 1708 1490 Trinitate
1723 1461 1820 1489 admit-

203 1512 255 1538 575
273 1519 327 1546 quo
351 1512 516 1539 Athanasius
537 1520 552 1540 e
569 1512 635 1540 vivis
662 1511 790 1543 excessit,
819 1511 1015 1546 legationemc
1033 1513 1101 1541 tere,
1130 1510 1195 1544 quia
1222 1509 1370 1535 ὑπόστασιν
1397 1515 1445 1542 pro
1472 1507 1628 1536 substantia
1659 1506 1819 1542 accipiebat.

203 1565 264 1585 esse
282 1557 389 1585 factam.

238 1603 272 1630 Ut
302 1608 391 1630 autem
423 1611 483 1630 cum
515 1603 615 1638 negotii
635 1603 731 1634 series,
754 1607 810 1630 tum
840 1602 981 1636 legationis

202 1649 346 1684 γνησιότης
363 1651 483 1684 apertior
501 1650 609 1680 evadat,
626 1649 758 1676 nonnulla
775 1649 819 1675 hic
836 1649 982 1676 observare

203 1702 292 1729 opera:
329 1696 446 1729 pretium
482 1695 573 1722 fuerit.
610 1695 744 1722 Nimirum
778 1702 832 1729 quo
861 1698 982 1729 tempore

203 1741 370 1770 Athanasius
396 1747 423 1770 ct
438 1742 566 1775 Basilius,
586 1743 677 1770 missis
699 1742 826 1779 utrinque
848 1741 982 1776 epistolis,

203 1788 236 1814 de
256 1788 337 1815 rebus
359 1788 555 1815 ecclesiasticis
583 1788 709 1823 agebant,
735 1787 840 1815 scilicet
857 1787 890 1814 ab
912 1794 983 1813 anno

203 1832 255 1858 570
275 1832 308 1859 ad
326 1833 378 1860 575
402 1838 523 1859 mutuam
551 1833 614 1860 item
642 1833 792 1860 Athanasio
813 1833 897 1860 fuisse
922 1839 982 1859 cum

203 1874 325 1910 Epicteto
351 1875 476 1903 Corinthi
499 1881 526 1904 et
555 1877 615 1904 aliis
639 1877 746 1904 Achaia:
767 1882 794 1904 ct
820 1877 985 1904 Macedonia!

201 1920 338 1956 episcopis
358 1922 507 1948 litterarum
534 1922 567 1949 dc
592 1922 673 1949 rebus
694 1922 772 1950 ﬁdem
800 1924 985 1958 spectantibus

204 1966 439 1997 consuetudinem,
464 1971 493 1994 ut
515 1968 542 1994 in
563 1968 677 2002 cpistola
700 1968 841 1995 Athanasii
866 1969 899 1996 ad
923 1969 985 2004 Epi-

204 2015 305 2039 ctetum
321 2012 444 2039 Corinthi
463 2021 534 2039 anno
553 2014 601 2040 571
628 2014 711 2041 missa
732 2014 823 2041 videre
837 2019 889 2047 est,
908 2015 981 2042 item-

204 2065 257 2091 que
275 2066 306 2084 cx
321 2059 401 2084 allato
416 2067 496 2093 supra
518 2059 610 2086 Basilii
625 2060 684 2087 loco
698 2061 902 2094 comprobatur.
917 2060 984 2087 Cum

206 2111 270 2138 ergo
284 2104 346 2130 novi
370 2104 508 2139 quidpiam
531 2104 564 2131 de
590 2105 725 2132 catholica
743 2106 793 2133 ﬁde
811 2106 839 2132 in
857 2106 986 2134 Ecclesiis

205 2150 313 2176 Achaia:
339 2155 365 2177 et
389 2150 553 2177 Macedonia:
577 2151 736 2186 agitaretur,
767 2160 810 2179 res
841 2153 930 2179 statim
954 2153 986 2180 ad

1033 1554 1092 1587 Qua
1106 1554 1140 1581 de
1155 1561 1186 1581 re
1205 1557 1296 1580 actum
1314 1556 1355 1580 est
1373 1553 1399 1579 in
1423 1553 1528 1587 synodo
1542 1551 1728 1579 Alexandrina
1748 1558 1821 1578 anno

1033 1600 1096 1632 562,
1113 1599 1158 1626 ubi
1172 1599 1264 1626 allatis
1281 1599 1354 1625 ultro
1376 1599 1503 1632 citroque
1520 1597 1685 1630 rationibus,
1711 1601 1765 1623 tam
1787 1596 1822 1623 iis

1034 1647 1080 1680 qui
1099 1653 1181 1672 unam
1199 1649 1316 1678 tantum,
1336 1653 1350 1672 e
1365 1652 1481 1680 quorum
1501 1651 1614 1671 numero
1631 1643 1821 1674 Marcelliani;

1034 1700 1114 1727 quam
1131 1692 1164 1720 iis
1179 1692 1224 1727 qui
1240 1696 1295 1719 tres
1307 1692 1468 1727 hypostases
1485 1690 1695 1726 proﬁtebantur,
1712 1692 1741 1716 ut
1757 1697 1823 1716 suas

1035 1738 1086 1765 sibi
1103 1738 1234 1765 formulas
1249 1738 1400 1765 retinerent
1416 1744 1578 1764 concessum
1596 1740 1654 1769 est;
1669 1736 1734 1763 dum
1746 1735 1764 1762 ii
1775 1735 1823 1770 qui

1035 1792 1129 1816 unam,
1147 1785 1228 1812 trimn
1255 1783 1480 1816 distinctionem;
1503 1783 1520 1810 ii
1537 1791 1601 1811 vero
1626 1783 1672 1818 qui
1698 1786 1757 1809 tres
1774 1782 1818 1816 hy

1035 1833 1158 1864 postases
1191 1829 1331 1859 dicebant,
1362 1828 1494 1855 unitatem
1519 1826 1676 1854 substantiae
1713 1826 1823 1860 proﬁte-

1035 1880 1140 1903 rentur.
1160 1875 1216 1902 Sub
1240 1875 1296 1902 hwc
1320 1879 1409 1902 autem
1431 1878 1527 1901 contra
1548 1875 1697 1901 Anomazos
1721 1872 1823 1908 agitur.

1035 1922 1081 1957 qui
1102 1921 1198 1948 Filium
1217 1921 1290 1948 Patri
1316 1920 1486 1952 dissimilem,
1511 1919 1645 1954 Spiritum
1676 1925 1743 1946 vero
1757 1926 1822 1945 sau-

1037 1971 1110 1993 ctum
1125 1969 1278 1993 creaturam
1292 1974 1353 1994 esse
1367 1966 1504 1992 dicebant.
1526 1964 1595 1992 Hinc
1613 1963 1774 1999 proceditur
1789 1964 1823 1989 ad

1036 2019 1133 2039 eorum
1156 2011 1352 2046 repudiandam
1375 2011 1547 2042 sententiam,
1569 2010 1615 2044 qui
1636 2009 1761 2036 dicerent
1776 2007 1823 2035 Fi-

1038 2058 1104 2084 lium
1131 2055 1177 2084 Dci
1201 2057 1228 2083 in
1252 2061 1374 2084 sanctum
1398 2056 1534 2082 hominem
1561 2063 1593 2082 ex
1620 2054 1705 2080 Maria
1729 2058 1823 2080 natum

1040 2101 1155 2136 perinde
1174 2105 1255 2136 atque
1271 2101 1297 2128 in
1313 2101 1430 2136 aliquem
1450 2109 1481 2128 ex
1499 2100 1638 2136 prophetis
1654 2099 1800 2127 advenisse
1818 2109 1822 2125 :

1039 2155 1120 2182 quam
1135 2147 1250 2174 haeresin
1266 2154 1280 2173 a
1301 2146 1385 2173 Paulo
1408 2145 1597 2178 Samosateno,
1619 2149 1648 2172 ut
1664 2145 1823 2180 putabatur.

205 2196 384 2224 Athanasium
397 2197 579 2230 deferebatur,
595 2202 624 2224 ut
642 2199 710 2224 tanti
732 2198 852 2226 doctoris
866 2200 987 2226 auctori-
1003 2187 1024 2214 Π
1039 2199 1143 2227 ortam,
1165 2200 1260 2228 postea
1281 2193 1474 2228 redintegravit
1497 2192 1650 2224 Nestorius,
1667 2200 1721 2228 qua
1743 2192 1777 2219 de
1797 2200 1823 2218 rc

206 2247 269 2274 late,
282 2243 304 2269 si
319 2243 385 2278 quid
401 2243 462 2270 novi
479 2251 494 2270 a
507 2245 661 2271 temerariis
677 2245 840 2277 hominibus,
857 2245 903 2280 qui
920 2245 987 2273 bene

205 2289 284 2315 multi
304 2289 349 2316 illa
374 2294 534 2324 tempestate
551 2295 640 2322 erant,
664 2291 737 2318 circa
755 2291 857 2319 Clitisti
885 2291 988 2321 doctri—

205 2341 268 2360 nam
287 2333 456 2369 proferretur
476 2335 502 2362 in
522 2335 640 2363 medium
658 2345 665 2369 ;
693 2336 785 2363 statim
803 2336 844 2363 vel
867 2337 987 2371 compri-

206 2383 336 2410 meretur,
366 2380 404 2407 vel
430 2379 628 2413 confutaretur,
656 2389 690 2408 ne
717 2382 855 2416 vulgatum
886 2383 986 2408 malum

205 2424 287 2451 latius
305 2429 436 2459 serperet.
453 2425 491 2454 Ne
513 2427 606 2458 multa,
626 2428 698 2454 inter
721 2427 864 2462 episcopos
878 2428 988 2455 Achaiae

204 2474 230 2496 et
251 2470 431 2498 Athanasium
456 2473 524 2498 mira
550 2477 610 2499 erat
639 2473 771 2500 doctrinm.
796 2478 822 2500 et
847 2474 987 2508 religionis

205 2517 395 2544 consonantia.
407 2516 475 2544 Cum
490 2525 554 2553 ergo
569 2518 713 2546 Marcellus
733 2527 762 2547 se
779 2527 792 2546 a
812 2519 923 2552 Basilio,
940 2522 986 2555 qui

205 2562 269 2588 item
298 2571 395 2599 magna
422 2568 481 2590 erat
505 2564 577 2599 apud
606 2565 785 2593 Athanasimn
813 2566 985 2597 auctoritate,

205 2608 304 2636 acriter
329 2610 480 2645 impetitum
499 2615 636 2642 cerneret,
661 2619 692 2638 ac
716 2612 866 2647 instigante
884 2612 986 2640 Basilio

206 2662 234 2681 se
252 2655 285 2681 ab
304 2655 454 2684 Athanasio
470 2657 654 2684 damnandum
672 2657 730 2685 fore
749 2658 939 2693 prospiceret;
958 2663 987 2685 ut

207 2699 274 2724 tanti
300 2701 412 2734 periculi
434 2702 544 2734 molem,
562 2702 752 2737 episcoporum
766 2703 875 2731 Achaiae
890 2707 916 2730 et
934 2703 988 2730 Ma~

207 2743 327 2771 ccdonim
353 2746 601 2778 commendatione,
629 2747 793 2780 declinaret,
820 2748 926 2774 litteras
955 2747 989 2774 ab

1041 2239 1133 2274 gravia
1155 2240 1182 2266 in
1204 2238 1314 2266 Oriente
1333 2238 1446 2266 dissidia
1466 2238 1582 2265 excitata
1605 2242 1669 2264 sunt
1680 2246 1692 2264 γε
1713 2237 1823 2264 demum

1041 2285 1168 2312 damnata
1198 2284 1271 2311 Pauli
1297 2283 1465 2311 Samosateni
1488 2287 1516 2310 et
1541 2282 1650 2310 Photini
1672 2283 1822 2318 impietate,

1040 2330 1177 2358 clauditur
1196 2329 1256 2357 ﬁdei
1275 2329 1400 2362 formula,
1415 2337 1468 2364 qua
1487 2329 1588 2356 nullam
1609 2333 1709 2364 quarto
1724 2330 1823 2356 smculo

1041 2375 1247 2402 luculentiorem
1260 2395 1267 2407 ,
1285 2375 1401 2409 ﬁdeique
1419 2374 1567 2402 Catholica:
1582 2374 1822 2410 congruentiorem

1040 2422 1171 2456 reperias.

1108 2467 1146 2491 [ν.
1159 2467 1196 2492 De
1207 2466 1425 2498 subscriptionibus
1436 2466 1605 2497 .Egyptiorum
1617 2467 1760 2497 praesulum.

1075 2517 1132 2546 Hac
1151 2518 1223 2546 edita
1241 2518 1430 2549 confessione,
1445 2522 1569 2545 oratores
1588 2517 1824 2544 commendatitias

1041 2564 1146 2591 litteras
1161 2564 1194 2591 ab
1210 2564 1360 2591 Athanasio
1371 2564 1510 2599 postulant
1523 2564 1735 2599 impetrantque.
1756 2563 1823 2590 Tum

1040 2611 1205 2638 Athanasius
1226 2611 1382 2645 ceterique,
1397 2610 1442 2645 qui
1463 2609 1608 2636 conventui
1630 2609 1840 2639 interfuerant..

1042 2656 1103 2684 ﬁdei
1127 2656 1324 2690 professionem
1350 2655 1486 2690 suﬁragiis
1502 2659 1529 2682 et
1548 2655 1754 2690 subscriptione
1777 2663 1823 2682 sua

1042 2702 1178 2729 muniunt.
1198 2701 1243 2728 Hae
1257 2709 1339 2736 porro
1360 2701 1575 2736 subscriptiones
1597 2701 1702 2727 mutilat
1721 2700 1756 2727 ad
1776 2708 1823 2726 nos

1044 2747 1227 2781 devenerunt;
1249 2749 1285 2774 ita
1306 2752 1335 2775 ut
1350 2747 1491 2775 Athanasii
1510 2754 1620 2780 nomen,
1635 2747 1710 2783 quod
1725 2746 1822 2774 suifra-

235 2821 274 2854 (2)
291 2822 374 2856 Epist.
458 2825 523 2851 Vide,
543 2825 605 2851 item
617 2825 697 2859 epist.
716 2825 855 2852 Athanasii
875 2825 907 2852 ad
923 2825 1074 2858 Epictetum
1091 2825 1224 2853 Corinthi.
