1905 3072
103 105 112 131 l
120 104 170 133 297

720 119 889 148 MARCELLI
906 122 972 149 AM.)
980 123 1080 151 YltANl

1648 137 1712 162 1273ιὲ

99 164 154 198 Elis
173 164 244 192 hand
257 166 338 194 dubie
348 170 516 203 pralmissum
535 173 632 208 fuerat,
645 185 698 204 non
717 185 880 214 compareat,
897 184 919 210 A
934 190 985 208 non
1002 188 1088 211 tamen
1113 186 1218 214 licuisse
1243 191 1311 217 vobis
1335 191 1398 224 ipsis
1418 201 1470 219 rem
1497 195 1563 219 tanti
1590 201 1711 221 momenti

101 214 273 224 .........‘_-..-
516 219 523 224 .
668 223 671 224 ,

100 214 274 247 quatuorque
300 218 403 242 tantum
425 219 570 252 przesulum
600 223 710 250 nomina
730 227 879 260 supersint.

100 255 210 284 Primus
235 262 276 285 est.
297 259 453 290 Tln-o.lulus
479 264 636 301 Oxyrint-hi,
656 270 735 304 cujus
756 255 880 306 Iiuspiam

101 305 237 331 memoria
267 308 396 335 occurrit.
428 310 501 338 Alter
524 316 581 345 est,
611 313 707 344 Plenes
737 305 881 353 episcopus

100 348 260 384 llermothi,
285 352 340 381 sive
358 354 506 390 Hcrmethi,
529 359 551 386 is
570 359 638 395 ipse,
658 366 687 388 ut
704 363 820 396 videtur,
835 365 881 400 qui

100 396 138 423 ab
158 396 313 427 Alexandro
336 401 488 435 ordinatus,
508 405 541 432 ab
555 406 663 434 Arianis
681 409 708 435 in
724 396 881 438 Ammonia-

99 450 162 469 cam
186 444 322 479 relegatus
350 446 435 475 fuerat
464 457 536 477 anno
556 452 617 485 556,
641 455 741 490 quique
767 456 822 491 jam
855 458 880 484 in

99 489 263 524 episcopatu
295 500 486 523 consenuerat.
521 497 629 526 Tertius
667 505 708 528 est
743 501 881 538 lschyrion

99 534 246 569 episcopus
264 534 376 570 Leonto,
395 540 452 567 sive
463 540 638 579 Leontopoiis
655 555 660 572 :
682 546 751 573 idem
767 534 882 576 fortasse

99 579 148 613 qui
169 579 197 606 in
214 582 319 616 synodo
335 583 414 619 Tyria
439 593 549 615 causam
570 589 712 619 Athanasii
735 601 796 619 cum
821 595 882 622 aliis

101 624 238 661 {Egyptiis
256 629 417 662 praesulibus
432 636 542 660 strenue
557 636 650 669 gessit.
667 637 823 666 Postremus
841 645 882 668 est

99 669 178 697 Isaac
199 672 354 708 episcopus.
375 674 459 706 Cuius
479 679 598 707 nominis
618 682 728 716 quidam
749 685 882 719 reperitur

99 716 173 742 inter
186 716 326 752 Egyptios
345 723 488 757 episcopos
511 724 539 751 in
559 716 806 762 subscriptionibus
819 729 882 757 Sar-

98 759 270 790 dicensibus.
285 763 337 790 Alii
352 764 558 796 interciderunt.

306 841 334 866 V.
348 842 393 871 Qui
405 843 475 869 fuerit
487 848 579 878 negotii
591 849 680 875 exitus.

135 908 195 936 Jam
210 919 274 939 vero
291 917 384 947 restat,
401 920 430 943 ut
448 918 493 952 qui
510 920 576 946 tanti
600 923 700 956 negotii
720 925 808 954 exitus
823 927 881 955 fue—

99 955 133 982 rit
153 958 317 991 aperiamus.
335 961 500 991 Athanasius
512 972 583 993 anno
599 967 650 994 575
660 969 805 999 defunctus
821 979 878 1000 est:

99 1000 246 1031 Marcellus
272 1013 335 1032 vero
361 1009 483 1042 sequenti
499 1010 550 1037 5H
571 1016 600 1039 ut
616 1013 717 1041 dictum
744 1022 794 1044 est.
817 1017 881 1045 Post

98 1045 161 1079 ejus
176 1047 290 1082 obitum,
317 1051 398 1084 paulo
422 1057 566 1089 antequam
581 1056 615 1084 de
637 1056 762 1087 Marcello
778 1062 876 1090 scribe-

99 1096 141 1117 ret
158 1091 334 1127 Epiphanius,
354 1104 415 1124 nam
437 1106 493 1126 rem
526 1101 570 1128 ille
585 1103 729 1132 admodum
748 1114 879 1141 nuperam

99 1146 162 1166 esse
188 1140 358 1175 testiﬁcatur,
373 1145 482 1178 quidam
498 1146 634 1183 Ancyrani
651 1159 682 1177 ex
699 1140 816 1181 Marcelli
839 1156 880 1183 di-

99 1184 224 1219 scipulis,
250 1186 343 1216 Patres
368 1189 542 1220 Diocaasareae
567 1202 616 1228 pro
647 1196 697 1224 [ide
727 1199 880 1229 exsulantes

99 1230 246 1266 aJierunt;
275 1233 400 1263 videlicet
428 1236 575 1271 Photinus,
607 1240 783 1278 Eustathius,
812 1247 881 1274 alter

99 1277 250 1311 Photinus,
279 1279 410 1315 Sigerius,
438 1284 606 1319 presbyteri;
636 1287 757 1323 Hyginus
791 1291 881 1319 diaco-

98 1331 170 1356 nus,
197 1324 351 1354 Heraclides
379 1328 579 1364 subdiaconus,
605 1332 735 1367 Cyriacus
764 1339 880 1372 προστά-

98 1378 160 1404 της,
173 1370 199 1396 id
211 1374 262 1403 est,
280 1376 411 1407 patronus
426 1375 468 1402 vel
479 1375 616 1410 tlefensor,
630 1370 797 1416 prolatisque
809 1391 880 1410 com-

99 1415 268 1444 mendatitiis
292 1422 318 1445 et
338 1420 589 1450 eommunicatoriis
616 1415 759 1453 Athanasii
782 1427 879 1456 litteris

99 1467 169 1494 quas
192 1469 207 1488 a
224 1461 320 1497 legatis
337 1465 485 1498 postulatas
503 1466 713 1504 impetratasque
730 1479 811 1506 supra
827 1481 879 1501 me-

99 1507 242 1541 minimus,
265 1509 327 1537 lidei
350 1511 549 1541 confessionem
575 1515 657 1541 edunt
676 1516 724 1551 (ll,
744 1519 787 1545 cui
806 1527 877 1554 sym-
892 1515 913 1544 C

98 1553 192 1579 bolum
212 1553 348 1582 Nicaenum
372 1557 547 1585 snbncctunt.
567 1559 613 1586 Est
637 1565 726 1588 autem
743 1553 878 1591 confessio

99 1605 154 1624 non
173 1599 303 1627 absimilis
331 1601 354 1628 ei
375 1609 455 1636 quam
476 1602 624 1632 Athanasio
640 1606 815 1635 obtulerant:
833 1617 877 1636 ve-

99 1652 161 1671 rum
177 1645 205 1671 in
219 1645 269 1672 hac
282 1646 393 1680 diserte,
409 1649 471 1684 τρια
484 1650 627 1685 πρόσωπα,
649 1652 706 1679 sive
720 1656 774 1680 tres
790 1662 878 1688 perso-

98 1697 149 1718 nas
174 1691 202 1717 in
228 1690 360 1720 Trinitate
381 1694 553 1728 confitentur,
574 1696 644 1730 quod
663 1705 729 1724 sane
757 1699 878 1734 magistri

98 1735 141 1762 sui
164 1735 283 1763 Marcelli
307 1737 426 1771 opinioni
441 1739 563 1773 apprime
580 1745 712 1768 consonat
727 1751 733 1768 :
749 1750 812 1768 nam
834 1743 878 1770 ille

98 1780 184 1808 Deum
209 1783 408 1818 τριπρόσωπον,
427 1784 484 1812 sive
501 1785 704 1820 tripersonalem
721 1795 782 1815 esse
802 1788 876 1820 dicit,

97 1834 152 1861 qua
169 1827 202 1854 de
227 1836 256 1855 re
279 1834 422 1856 accusatus
447 1830 481 1857 ab
503 1830 619 1859 Eusebio
637 1832 725 1860 fuerat
743 1842 749 1860 :
770 1841 877 1862 errores

68 1891 73 1896 .
96 1880 164 1899 vero
187 1872 365 1901 Marcellianis
383 1876 515 1911 ascriptos
533 1878 705 1906 anathemate
735 1879 875 1907 damnant.

97 1917 147 1944 liis
160 1919 313 1953 conspectis
327 1919 551 1950 Dioczesarienses
567 1923 745 1958 eonfessores,
761 1926 806 1960 qui
823 1927 878 1961 ple-

96 1964 176 1998 rique
193 1972 287 1993 omnes
302 1966 449 1994 Athanasio
466 1967 613 1998 familiares
626 1970 742 2004 fuerant,
758 1972 831 2007 ipsos
843 1974 876 2000 ad

95 2011 316 2038 communionem
341 2013 484 2047 recipiunt.
510 2015 545 2041 At
571 2015 686 2044 Basilius
705 2017 794 2053 (epist.
815 2018 876 2054 295)

93 2055 236 2082 ardentior
257 2056 448 2086 ecclesiasticae
463 2059 522 2086 fidei
547 2054 716 2089 vindicandae
739 2064 875 2098 cupidine,

93 2101 161 2135 quia
178 2102 260 2128 semel
274 2108 433 2138 conceptam
457 2104 490 2131 de
515 2105 632 2134 Marcelli
657 2108 796 2143 impietate
818 2110 877 2144 opi-

93 2148 206 2174 nionem
226 2148 269 2175 vix
288 2149 397 2176 missam
421 2150 509 2178 facere
526 2157 642 2187 poterat.
660 2162 720 2180 cum
742 2154 876 2182 Diocmsa—

93 2193 235 2221 riensibus
264 2195 388 2229 patribus
411 2204 464 2223 non
491 2197 585 2225 leviter
613 2200 776 2232 expostulat,
803 2201 874 2235 quod

92 2238 284 2266 Marcellianos
313 2240 347 2267 ad
375 2244 593 2270 communionem
624 2245 785 2272 inconsultis
817 2246 876 2274 aliis

94 2284 235 2318 episcopis
250 2285 408 2313 admiserint
423 2296 429 2314 :
447 2288 485 2315 ait
501 2297 583 2316 vero:
600 2289 673 2321 Τέως
702 2290 730 2316 δὲ
747 2291 793 2317 νῦν
809 2300 875 2318 κατ-

93 2329 229 2361 αξιώσατε
255 2332 320 2365 ἡμῖν
341 2332 497 2360 (insecandi
514 2335 563 2366 τὰς
579 2336 739 2370 προτάσεις,
765 2337 807 2370 ἐφ’
833 2334 876 2368 αἷς

92 2374 221 2406 ἐδέξασοε
242 2377 304 2407 τοὺς
329 2377 506 2413 Μαρκέλλου”
526 2381 611 2407 ἐκεῖνο
627 2381 735 2414 εἰδότες,
757 2382 807 2414 ὅτι,
825 2383 876 2410 κᾶν

92 2420 166 2445 πάνυ
187 2420 217 2446 τὺ
234 2420 294 2446 καθ’
309 2422 422 2453 ἑαυτοὺς
443 2424 638 2460 aequalia-11303,
658 2426 748 2460 μόνοις
771 2427 876 2458 ἑαυτοῖς

91 2465 237 2500 ἐπιτρέψαι
254 2468 368 2503 πρᾶγμα
387 2469 511 2496 τοσοῦτον
528 2472 577 2497 οὐκ
592 2471 725 2504 fiscellas?
744 2473 810 2499 ἀλλὰ
824 2474 875 2509 χρὴ

93 2511 219 2543 καὶτοὺς
243 2513 271 2538 ἐν
289 2515 320 2548 τῇ
345 2513 428 2547 δύσει,
450 2516 495 2542 καὶ
512 2516 574 2548 τοὺς
597 2518 666 2544 κατὰ
682 2518 730 2553 τὴν
747 2518 876 2554 ἀνατολὴν

93 2558 269 2590 κοινωνικοὺς
297 2559 457 2595 συμψήφους
481 2562 569 2588 αὐτῶν
596 2565 627 2598 τῇ
657 2564 875 2592 ἁποκαταστάσει

91 2603 236 2636 γενέσθαι·
265 2604 292 2631 id
317 2611 357 2633 est
374 2615 380 2633 :
400 2606 443 2633 νει
465 2615 533 2634 nunc
556 2609 648 2635 saltent
674 2610 748 2637 nobis
774 2612 876 2638 mittere

91 2649 237 2682 dignemini
252 2651 367 2678 rationes
385 2656 411 2678 et
424 2660 529 2685 causas,
546 2653 638 2688 quibus
660 2655 693 2681 ad
717 2656 875 2691 recipiendos

94 2693 217 2720 Marcelli
235 2697 350 2730 gregales
372 2697 470 2724 inducti
483 2699 545 2725 estis
562 2707 570 2725 :
587 2708 637 2726 non
662 2702 752 2733 nescii,
770 2702 875 2729 etiamsi

94 2749 135 2767 rex
156 2745 254 2768 vestras
278 2747 333 2769 tato
352 2748 376 2770 et
395 2744 556 2772 considerate
578 2747 701 2773 statuisse
724 2747 873 2781 videamini,

131 2809 169 2838 (ll
191 2808 322 2839 Epipltan.
341 2818 365 2840 ιι.
384 2810 443 2837 853.

931 229 1097 262 permittere;
1120 233 1165 258 sed
1187 237 1332 266 oportuisse
1347 245 1435 264 eorum
1454 239 1497 272 qui
1516 244 1569 265 tant
1592 241 1618 266 in
1639 241 1700 267 Occi

932 272 1017 305 dente,
1042 283 1119 309 quam
1137 278 1164 304 in
1185 278 1291 306 Oriente
1306 288 1396 309 ινρδινιε
1415 285 1604 311 crmmnnionis
1625 291 1712 314 erant.

932 320 1048 348 calculos
1072 326 1097 348 et
1120 325 1275 352 sententiam
1301 328 1370 354 circa
1395 330 1582 357 restitutionem
1607 331 1710 358 illormr

931 372 1090 400 exspectare.
1113 367 1174 396 Hmc
1201 370 1339 406 Basilius;
1368 375 1408 401 vel
1433 375 1561 409 ignorans
1585 384 1627 408 ea,
1653 385 1710 411 qua‘

931 410 1102 439 Alexandria:
1126 412 1153 439 in
1177 415 1291 448 gratiam
1312 416 1427 445 Marcelli
1449 423 1475 446 et
1497 421 1661 447 asscclarum
1680 421 1710 448 ab

931 455 1080 484 Athanasio
1097 463 1171 493 gesta
1193 460 1316 494 fuerant;
1334 463 1385 493 vel,
1404 468 1432 490 ut
1447 472 1509 491 vero
1525 466 1650 498 similius,
1672 474 1700 493 ra

932 505 976 529 tus
994 502 1149 530 Marcellum
1175 509 1201 531 ct
1230 505 1418 536 Marcellianos
1445 510 1470 535 in
1496 511 1554 538 fidei
1576 511 1709 544 formulis,

931 554 999 581 quas
1024 548 1173 576 Athanasio
1200 555 1226 577 et
1256 551 1514 582 Dioczcsarimsibus
1540 557 1710 589 obtulerant,

932 593 1045 620 subdole
1059 598 1085 621 ct
1103 595 1289 624 fraudulenter
1304 601 1400 634 egisse.
1425 601 1480 628 litsi
1497 609 1559 628 vero
1580 602 1707 630 Diocazsa-

932 637 1061 664 riensium
1079 639 1111 665 ad
1129 639 1256 667 [lasilium
1275 650 1434 677 responsum
1453 654 1587 680 nusquam
1604 655 1704 682 compa

932 687 1006 717 real,
1030 692 1091 711 cum
1113 686 1194 713 rebus
1212 687 1287 721 ipsis,
1311 694 1366 716 tum
1385 691 1614 727 subsequentibus
1630 695 1710 729 gestis

932 730 1121 764 suadentibus,
1149 734 1320 768 exploratum
1352 737 1466 769 videtur,
1489 738 1710 768 Diocaasarienses

934 774 1036 803 Basilio
1049 779 1202 812 reposuisse
1219 789 1224 806 :
1241 789 1293 807 non
1314 781 1422 810 licuisse
1437 785 1487 811 sibi
1506 784 1548 815 iis,
1563 785 1608 819 qui
1619 792 1711 812 onmes

934 820 1060 849 Marcello
1080 824 1225 852 attributus
1239 834 1347 854 errores
1377 829 1594 863 proscripscrant
1605 830 1707 857 anathe-

933 875 1056 903 mateque
1068 869 1240 902 damnarant,
1258 873 1359 907 quique
1378 875 1492 909 symboli
1510 875 1612 903 Νιρεηηί
1633 876 1710 904 fidem

929 913 1056 948 professi,
1081 916 1192 951 insuper
1208 925 1222 944 a
1242 925 1338 953 magno
1356 919 1400 946 illo
1422 920 1571 947 Athanasio
1588 922 1704 957 aliisque

931 956 1065 994 iﬁgyptiis
1081 962 1216 997 episcopis
1241 965 1340 998 recepti
1365 965 1530 1000 admissique
1551 967 1666 999 fuerant,
1683 972 1711 994 ut

929 1004 1048 1039 ejusdem
1067 1006 1208 1034 Athanasii
1221 1008 1316 1036 littera:
1334 1009 1412 1037 fidem
1433 1011 1576 1043 faciebant,
1591 1021 1710 1040 comunt-

930 1050 1038 1077 nionem
1067 1052 1281 1081 ecclesiasticam
1306 1055 1448 1090 denegare.
1474 1056 1521 1084 His
1541 1058 1660 1087 demum.
1682 1064 1710 1086 ut

929 1096 1040 1124 credere
1065 1101 1116 1129 est,
1143 1099 1282 1134 mitigatus
1315 1100 1451 1134 Basilius,
1479 1103 1541 1130 licet
1565 1112 1651 1139 τρεῖς,
1677 1106 1710 1132 ad

930 1140 1116 1170 Mareellianos
1131 1144 1300 1178 recipiendos
1315 1147 1435 1174 animum
1451 1149 1563 1183 appulit.
1576 1157 1607 1177 ea
1619 1154 1709 1178 tamen

929 1187 1055 1215 cautione
1066 1192 1093 1215 nt
1101 1196 1135 1216 ne
1144 1190 1280 1218 videretur
1287 1200 1316 1219 se
1329 1193 1361 1219 ad
1370 1192 1556 1222 Marcellianos
1563 1196 1710 1224 accessisse

930 1232 977 1259 sed
995 1232 1184 1262 Marcellianos
1197 1235 1223 1263 in
1239 1235 1389 1265 Ecclesiam
1405 1238 1451 1265 Dei
1472 1239 1598 1268 reductos
1615 1240 1707 1269 fuisse.

930 1276 992 1304 Haec
1005 1279 1105 1314 quippe
1124 1281 1220 1308 scribit
1236 1281 1327 1316 (epist.
1340 1284 1403 1316 39.1)
1420 1284 1453 1310 ad
1470 1285 1576 1312 Petrum
1594 1286 1710 1314 Alexan-

929 1323 1038 1351 drinum
1055 1326 1196 1360 praesulem
1209 1337 1215 1354 :
1228 1328 1360 1361 Πολλάκις
1372 1328 1418 1357 οὖν
1431 1330 1552 1366 ὁχληθεὶς
1570 1332 1643 1368 παρὰ
1657 1333 1710 1360 τῶν

930 1368 1066 1401 Γαλατῶν,
1091 1371 1216 1399 οὐδέποτε
1239 1374 1373 1410 ἠδυνήθην
1397 1376 1488 1408 αὐτοῖς
1515 1377 1709 1412 ἀποκρίνασθαι

930 1414 1070 1450 ἀναμένων
1098 1417 1147 1449 τὰς
1174 1419 1309 1455 ὑμετέρας
1325 1422 1487 1457 ·ἐπικρίσεις
1516 1421 1707 1459 [ἀποκρίσεις].

929 1459 984 1485 Καὶ
999 1460 1054 1491 νῦν,
1068 1461 1114 1488 ἐὰν
1131 1463 1144 1488 ὀ
1156 1463 1256 1498 Κύριος
1269 1464 1315 1499 δῷ,
1329 1466 1375 1492 καὶ
1389 1466 1536 1502 θελήσωσιν
1548 1468 1709 1504 ἀναο)ἑσ9αι

931 1505 1017 1539 ἡμῶν,
1036 1506 1180 1542 ἐλπίζομεν
1196 1508 1240 1535 τὸν
1253 1509 1316 1536 λαὸν
1332 1512 1475 1547 προσάξειν
1490 1515 1521 1548 τῇ
1544 1514 1706 1550 Ἐκκλησιᾳ·

930 1549 966 1581 ὡς
977 1550 1012 1586 μὴ
1021 1552 1117 1584 αὐτοὺς
1132 1554 1203 1588 ἡμᾶς
1217 1555 1608 1593 ὀνειδίζεςθαιΜαρκελλιανοῖς
1624 1570 1708 1596 προσ-

930 1598 1125 1632 κεχωρηκέναι,
1142 1599 1198 1626 ἀλλ⁸
1222 1601 1338 1634 ὲκείνθυς
1357 1603 1423 1639 μέλη
1445 1604 1569 1637 γενέσθαι
1585 1606 1631 1633 τοῦ
1658 1607 1708 1634 σώ-

931 1650 1014 1676 ματος
1031 1644 1081 1678 τῆς
1110 1644 1273 1680 Ἐκτελησίας
1288 1647 1334 1674 τοῦ
1350 1649 1483 1683 Χριστοῧ’
1508 1650 1577 1677 ὥστε
1596 1652 1640 1679 τὸν
1658 1661 1707 1679 πο-

928 1689 1008 1724 νηρὸν
1025 1689 1106 1724 ψόγον
1126 1691 1172 1718 τὴν
1193 1694 1441 1722 κατασκεδασθὲντα
1462 1697 1493 1723 ὲκ
1519 1697 1564 1733 τῆς
1579 1699 1709 1734 αἱρέσεως

928 1733 1138 1770 ὲναιφανιποῆναι
1148 1739 1180 1772 τῇ
1198 1738 1318 1774 ἡμετέρᾳ
1331 1741 1488 1777 προσλήψεη
1512 1743 1557 1770 καὶ
1581 1733 1617 1780 μή
1633 1746 1707 1780 ἡμᾶς

928 1782 1156 1817 καταισχυνθῆναι
1170 1784 1207 1816 ὡς
1228 1786 1435 1822 προσθεμένους.
1450 1788 1543 1816 Crteca
1555 1781 1653 1818 'all‘crre
1667 1791 1707 1818 vi-

928 1834 987 1853 sum
1001 1832 1051 1859 est,
1075 1829 1136 1863 quia
1161 1829 1274 1865 insignis
1299 1831 1342 1860 ltic
1362 1833 1436 1860 locus
1460 1842 1474 1860 a
1492 1833 1599 1862 Micrmo
1622 1836 1706 1864 inter-

929 1875 1004 1905 prete
1016 1877 1178 1907 prmpostere
1189 1883 1283 1903 versus
1296 1876 1383 1904 fuerat
1398 1888 1404 1905 :
1424 1879 1464 1906 sic
1482 1887 1532 1907 nos
1548 1881 1704 1910 reddimus:

929 1915 1030 1943 Calatis
1047 1917 1194 1953 frequenter
1212 1926 1236 1947 et
1256 1922 1361 1950 moleste
1377 1924 1538 1958 urgentibus,
1557 1925 1641 1953 adhuc
1654 1935 1705 1954 non

927 1963 999 1996 ponii
1012 1963 1154 1998 quidquam
1176 1967 1338 2000 respondere,
1360 1970 1429 2004 quod
1450 1975 1560 1997 vestram
1576 1976 1706 2006 exspecta-

927 2017 981 2035 rent
996 2011 1198 2044 responsionem.
1217 2011 1294 2039 Nunc
1307 2019 1404 2047 autem,
1420 2017 1443 2043 si
1461 2017 1552 2051 faverit
1568 2018 1704 2051 Dominus,

928 2055 1050 2090 nobisque
1069 2057 1119 2089 ipsi
1136 2058 1257 2092 morigeri
1277 2067 1332 2085 esse
1350 2062 1437 2094 velint,
1453 2071 1585 2096 speramus
1599 2073 1645 2091 nos
1657 2072 1704 2098 po-

927 2101 1016 2134 pulant
1034 2102 1060 2127 in
1079 2101 1223 2129 Ecclesium
1247 2103 1399 2132 reducturox
1421 2116 1494 2139 esse;
1516 2114 1543 2135 ut
1562 2118 1592 2135 ne
1605 2111 1705 2143 possint

928 2148 994 2174 illud
1012 2149 1086 2176 nobis
1102 2149 1271 2184 eIprobrarc,
1287 2159 1332 2178 nos
1351 2153 1384 2178 ad
1403 2148 1633 2183 Marcellianorum
1648 2165 1705 2190 par-

928 2198 965 2219 tes
982 2194 1138 2226 accessisse;
1148 2194 1193 2221 sed
1204 2203 1260 2222 nere
1270 2194 1374 2222 dicatur
1384 2198 1443 2225 illos
1458 2201 1573 2228 membra
1588 2209 1704 2235 corporis

927 2237 1050 2265 Ecclesitc
1056 2238 1155 2266 Christi
1163 2240 1245 2274 [actos
1252 2249 1320 2272 esse;
1330 2242 1367 2268 ita
1375 2248 1402 2268 ut
1410 2246 1607 2281 circumquaque
1614 2255 1706 2281 sparsa

926 2284 1051 2311 Ita'rescos
1062 2285 1134 2312 illitis
1144 2287 1264 2320 infantia.
1273 2295 1317 2320 per
1331 2295 1419 2315 eorum
1428 2291 1462 2316 ad
1471 2299 1517 2318 nos
1534 2294 1704 2320 accessionem

927 2331 1159 2366 admissionemque
1168 2332 1199 2358 de
1209 2333 1291 2360 medio
1304 2334 1422 2365 tollatur,
1433 2343 1512 2370 neque
1521 2346 1567 2365 nos
1583 2344 1704 2374 tanquam

927 2375 961 2402 ad
973 2381 1060 2410 partes
1074 2385 1162 2404 eorum
1177 2378 1337 2410 accedentes,
1353 2380 1452 2412 pudore
1465 2391 1494 2408 ac
1510 2383 1633 2412 dedecore
1649 2387 1704 2420 alli—

927 2421 1038 2448 ciamur.
1055 2421 1115 2449 Haec
1124 2423 1254 2454 mndilio,
1264 2423 1307 2450 hic
1323 2425 1419 2452 modus
1437 2433 1451 2452 a
1469 2426 1567 2454 Basilio
1582 2437 1630 2463 pro
1640 2430 1706 2457 Mar-

927 2467 1049 2495 cellianis
1068 2467 1232 2503 recipiendis
1256 2470 1420 2504 propositus,
1444 2475 1471 2497 et
1488 2471 1567 2500 Petro
1590 2474 1707 2502 Alexan-

926 2510 1005 2538 drino
1029 2511 1169 2540 Athanasii
1186 2514 1348 2546 successori,
1379 2520 1406 2541 ut
1435 2516 1579 2545 verisimile
1601 2524 1652 2552 est,
1680 2525 1706 2548 et

928 2555 1117 2590 Marcellianis,
1139 2558 1184 2592 qui
1211 2566 1304 2592 pacem
1326 2564 1350 2586 et
1375 2561 1591 2589 communionem
1616 2568 1706 2592 tanto-

926 2607 990 2634 pere
1012 2600 1180 2635 flagitabant,
1200 2608 1342 2638 pergratus
1360 2613 1459 2640 perque
1479 2606 1616 2640 jucundus
1645 2609 1704 2637 fuit.

927 2645 993 2673 Nant
1010 2647 1060 2675 sub
1072 2648 1128 2676 haec
1144 2650 1217 2676 nulla
1229 2650 1262 2678 de
1278 2650 1402 2679 Marcello
1412 2652 1452 2679 vel
1468 2653 1578 2680 asseelis
1593 2656 1706 2688 quaestio

926 2693 1054 2720 occurrit.
1073 2693 1149 2721 Hunc
1168 2696 1304 2729 ordinem,
1322 2701 1348 2725 et
1363 2699 1465 2726 exitum
1482 2698 1647 2727 Marcelliani
1663 2705 1705 2728 tu-

927 2739 1027 2767 multus
1043 2738 1127 2767 fuissc
1143 2749 1247 2768 mecum
1267 2750 1346 2777 spero
1363 2743 1518 2772 fatebuntur
1531 2745 1639 2772 eruditi.
