1919 3075
201 102 269 130 1503

802 93 979 132 MARCELLI
999 90 1173 120 ANCYBANI

1743 75 1816 103 1504

201 165 281 193 porro
296 157 329 184 de
345 157 423 184 nobis
446 157 591 191 loquimur,
612 155 754 182 universos
776 154 839 180 item
862 152 999 187 populos)

1052 157 1124 180 ιντας
1143 148 1214 183 ἡμᾶς
1237 147 1338 176 πάντας
1355 143 1443 175 λαούς·
1462 143 1490 169 οὐ
1512 141 1566 176 γὶρ
1583 139 1680 173 ὀλίγοι,
1696 135 1756 162 ἀλλ’
1769 135 1816 162 ἀν-

201 204 246 238 qui
264 211 313 230 nos
331 203 473 234 miserunt,
495 203 541 237 qui
558 209 612 228 non
628 201 705 236 pauci
723 207 799 230 sane,
817 198 863 226 sed
881 197 981 232 ingenti

202 248 373 275 multitudine
387 253 462 279 sunt,
479 248 619 274 nobiscum
636 252 858 273 annumeramus.

236 295 263 321 2.
284 293 340 320 Nos
362 293 444 328 igitur
467 293 493 320 in
517 293 612 326 primis
629 291 803 318 anathemate
820 289 983 316 damnamus

202 341 330 368 Arianam
345 340 485 372 haeresim;
500 339 702 373 credimusque,
721 335 946 372 quemadmodum
957 338 985 361 et

203 387 297 415 Patres
321 387 408 414 nostri
436 387 463 413 in
486 385 593 412 Nicaena
624 383 729 420 synodo
761 381 880 409 confessi
908 383 982 414 sunt,

203 443 236 462 ex
251 434 403 461 substantia
420 432 512 459 Patris
528 439 588 459 esse
605 431 703 458 Filium
721 433 747 457 et
761 427 986 456 consubstantia-

204 481 255 507 lem
269 479 354 509 Patri.
372 479 514 514 ipsumque
527 485 614 512 neque
629 483 685 503 rem
696 478 814 502 creatam
827 481 914 508 neque
928 481 984 500 rem

206 525 302 551 factam
317 531 378 550 esse
392 532 398 549 :
416 529 508 549 verum
521 521 610 548 omnia
625 519 732 555 opiﬁcia
748 526 796 554 per
810 519 898 553 ipsum
915 517 986 544 facta

205 571 299 598 fuisse.
323 569 416 604 Neque
440 568 512 595 enim
531 574 675 595 censemus
695 565 776 592 aliutn
797 572 859 592 esse
875 563 985 596 Filium,

206 617 288 643 alium
302 623 363 643 esse
375 614 503 647 Verbum,
521 617 550 640 ut
566 611 676 648 quidam
694 619 745 638 nos
759 610 863 638 sentire
879 609 987 637 mentiti

206 665 288 693 sunt;
306 660 352 688 sed
371 661 459 694 ipsum
481 658 599 685 Verbum
615 665 675 685 esse
692 655 800 687 Filium,
814 655 986 690 sapientiam,

206 709 333 733 virtutem
350 705 448 736 Patris,
468 705 495 731 in
515 711 568 739 qua
585 703 686 736 omnia,
702 706 731 729 ut
747 709 797 729 nos
809 701 902 728 docuit
916 702 989 735 Apo-

208 753 314 780 stolus‘
339 760 400 778 cum
417 751 546 779 visibilia.
563 754 620 777 tum
640 748 798 780 invisibilia,
814 748 870 775 sire
886 747 988 779 throni,

209 799 265 826 sive
274 797 484 828 dominationes,
495 797 552 823 sive
562 795 740 830 principatus,
752 793 810 821 sive
823 796 988 828 potestates;

209 846 300 871 omnia
321 844 427 870 demum
445 850 491 878 per
507 843 595 877 ipsum
612 845 638 868 et
653 841 679 867 iu
697 840 784 875 ipsum
804 843 895 866 creata
915 842 989 866 sunt.
1006 831 1026 857 Β

209 891 277 917 Cum
294 891 328 917 ita
347 897 428 924 porro
445 889 605 918 sentiamus,
624 886 797 913 anathemate
814 884 926 912 ferimus
942 891 991 911 no-

210 936 332 963 minatim
344 935 536 970 impiissimum
550 933 710 964 Sabellium,
727 936 753 959 et
766 939 828 958 cum
844 931 903 965 ipso
914 934 993 965 quot-

211 985 277 1016 quot
296 980 354 1014 ejus
369 979 501 1006 doctrinae
517 978 711 1012 astipulantur,
727 980 753 1004 et
773 976 878 1005 dicunt,
905 975 993 1009 ipsum

210 1026 316 1053 Patrem
330 1032 390 1052 esse
405 1024 518 1056 Filium;
536 1024 680 1058 ipsumque
705 1021 814 1057 quando
839 1020 923 1048 Filius
938 1020 994 1048 elﬁ—

212 1074 293 1105 citur,
311 1080 364 1098 non
383 1071 497 1098 ulterius
512 1077 574 1097 esse
593 1069 718 1100 Patrem;
736 1073 763 1095 et
777 1067 886 1103 quando
908 1067 936 1094 ﬁt
945 1067 996 1094 Pa-

212 1123 263 1150 ter,
281 1125 333 1145 non
348 1125 408 1144 esse
427 1121 491 1143 tunc
507 1114 614 1141 Filium.
639 1114 695 1141 Nos
716 1114 814 1148 quippe
837 1113 997 1140 conﬁtemur

212 1163 319 1191 Patrem
335 1167 476 1194 aeternum,
495 1161 563 1188 Filio
581 1165 684 1188 aeterno
703 1164 829 1188 exstante
853 1167 884 1186 ac
907 1159 999 1187 subsi-

214 1214 320 1241 stente;
339 1209 469 1244 Spiritum
494 1216 602 1243 quoque
626 1211 751 1235 sanctum
773 1206 936 1240 sempiterna
951 1213 999 1233 ex-

214 1259 330 1284 stantem
346 1260 426 1289 atque
439 1254 644 1281 subsistentem.
661 1252 718 1279 Non
743 1252 816 1278 enim
837 1251 998 1278 Trinitatem

216 1302 275 1329 sine
283 1300 460 1329 subsistentia
467 1300 524 1327 sive
536 1299 676 1334 hypostasi
691 1298 808 1325 dicimus
816 1305 876 1325 esu:
886 1317 893 1329 ,
905 1305 999 1325 verum

217 1348 243 1372 iu
261 1345 399 1381 liypostasi
415 1345 502 1379 ipsam
516 1344 721 1378 cognoscimus.

252 1391 278 1418 5.
300 1390 363 1422 Sed,
376 1389 483 1416 etiamsi
507 1389 564 1415 haec
582 1389 650 1416 satis
669 1388 721 1415 sint
733 1387 766 1414 ad
782 1390 1002 1414 commonstran-~

217 1438 281 1465 dum
292 1436 386 1464 eadem
404 1443 454 1462 nos
470 1439 552 1469 atque
565 1434 658 1462 Patres
672 1434 758 1462 nostri
772 1433 906 1462 sententia
923 1441 1000 1464 esse,

219 1487 338 1510 attamen
349 1483 412 1518 quia
427 1481 550 1509 nonnulli
569 1485 642 1510 sunt.
659 1481 704 1515 qui
722 1488 783 1508 cum
799 1479 1002 1507 dissimulanter

220 1530 398 1566 proﬁteantur
413 1537 443 1556 se
462 1528 573 1555 minime
588 1535 650 1555 cum
671 1527 734 1554 Ario
749 1527 861 1558 sentire,
878 1525 947 1553 idem
963 1529 1001 1552 ta-

220 1585 281 1604 men
292 1576 362 1611 quod
377 1575 422 1603 ille
438 1575 579 1607 sentiunt;
600 1578 681 1608 atque
700 1573 806 1605 dicunt,
823 1571 922 1599 Filium
940 1571 1002 1605 qui—

220 1621 281 1649 dem
292 1621 449 1649 dissimilem
463 1627 524 1647 esse
535 1619 619 1651 Patri,
633 1619 763 1654 Spiritum
775 1622 864 1645 autem
878 1622 1003 1644 sanctum

221 1675 282 1696 esse
300 1675 355 1694 rem
373 1671 502 1698 creatam,
519 1673 656 1700 unamque
677 1672 710 1692 ex
735 1664 815 1691 rebus
831 1663 926 1696 factis;
942 1670 1004 1690 cum

222 1722 282 1744 nos,
298 1719 354 1740 tum
367 1713 446 1748 ii.qui
465 1719 515 1739 nos
532 1711 585 1738 huc
597 1711 767 1745 delegarunt,
782 1709 937 1744 hujusmodi
951 1709 1006 1735 llat-

222 1768 297 1787 reses
315 1759 486 1786 anathemate
504 1757 625 1786 ferimus.
646 1756 739 1791 Neque
755 1756 827 1783 enim
845 1754 931 1782 Filius
947 1755 1005 1782 dis-

224 1805 322 1833 similis
334 1807 375 1831 est
386 1803 469 1836 Patri,
482 1804 528 1830 sed
545 1801 788 1830 consubstantialis
802 1801 853 1835 ipsi
865 1800 940 1827 Patri
953 1804 1005 1833 est;

224 1858 311 1885 neque
325 1849 443 1884 Spiritus
457 1853 569 1876 sanctus
585 1855 627 1875 res
649 1851 691 1874 est
711 1850 812 1877 creata,
836 1851 882 1873 aut
899 1853 953 1872 una
974 1853 1007 1873 ex

224 1897 306 1924 rebus
322 1895 448 1927 conditis,
477 1894 524 1921 sed
548 1896 648 1920 sanctae
670 1891 814 1919 Trinitatis
830 1895 872 1919 est
896 1902 902 1919 :
927 1897 1008 1926 atque

226 1942 392 1969 ccuﬁdenter
407 1939 576 1974 proﬁtemur,
593 1938 662 1965 nihil
679 1938 788 1964 aliunde
806 1937 948 1964 inductum
962 1941 1009 1964 aut

227 1993 347 2015 creatum
372 1987 399 2013 in
420 1989 514 2014 sancta
538 1984 670 2011 Trinitate
696 1991 766 2011 esse.
793 1982 859 2010 Nam
889 1982 1009 2018 Spiritus

229 2033 382 2060 sanctitatis
407 2035 458 2063 est,
488 2038 541 2057 non
573 2030 620 2065 qui
651 2028 847 2060 sanctiﬁcatur,
865 2036 958 2056 verum
982 2029 1010 2055 in

229 2088 283 2114 quo
302 2086 397 2106 omnes
415 2078 501 2105 sancti
516 2076 730 2104 sanctiilcautur.
746 2074 880 2102 Perfectio
907 2075 1007 2114 quippe

230 2109 322 2153 nostra
346 2126 372 2152 in
394 2124 473 2150 Patre
491 2127 518 2150 et
543 2121 612 2149 Filio
633 2126 661 2149 et
683 2120 787 2156 Spiritu
812 2109 1012 2148 sanctordatur

231 2177 310 2206 atque
331 2170 455 2198 elﬁcitur.
481 2169 594 2203 llnaque
617 2167 683 2194 ﬁdes
703 2170 744 2194 est
766 2167 793 2193 in
812 2175 895 2194 unum
925 2166 1010 2194 Deum
1027 2165 1049 2193 D

231 2226 279 2253 per
309 2216 407 2244 Filium
437 2216 464 2242 in
494 2215 595 2250 Spiritu
624 2217 728 2241 sancto.
760 2213 896 2240 Plenioris
920 2213 1012 2248 itaque

232 2264 398 2298 majorisque
431 2261 578 2290 testimonii
615 2268 716 2291 causa,
745 2260 918 2287 anathemate
949 2260 1014 2287 feri—

232 2317 293 2336 mus
312 2315 359 2336 eos
375 2308 420 2343 qui
443 2300 563 2335 sentiunt
581 2314 612 2333 ac
631 2305 726 2332 dicunt
749 2314 756 2331 :
780 2304 842 2331 Fuit
863 2305 1013 2339 aliquando

232 2363 335 2386 "tonas,
357 2355 414 2381 sive
428 2354 528 2384 unitas,
552 2359 614 2379 cum
636 2351 755 2378 nondum
777 2355 850 2377 esset
866 2349 969 2383 Filius;
988 2355 1014 2378 et

234 2400 285 2428 t'uit
296 2399 441 2435 aliquando
454 2399 530 2433 dyas,
544 2398 621 2432 quasi
633 2397 739 2424 dicatur
753 2395 854 2428 duitas,
867 2403 929 2423 cum
942 2405 1012 2424 non.

234 2446 297 2473 dum
314 2449 386 2474 esset
400 2445 517 2479 Spiritus
533 2447 654 2471 sanctus.
673 2442 780 2470 Scimus
797 2442 870 2469 enim
885 2448 1010 2470 sanctam

1016 1500 1038 1528 Ε

1032 193 1179 230 αρίθμητον
1199 191 1298 227 πλῆθός
1313 191 1390 216 εἰσιν.

1067 295 1094 320 ‘2.
1122 294 1216 329 Ἡμεῖς
1236 300 1324 319 τοινυν
1346 287 1555 326 προηγουμένως
1578 285 1626 320 μὲν
1649 279 1817 329 ἀναθεματίῖ

1034 340 1115 376 ζομεν
1134 340 1182 375 τὴν
1205 338 1343 373 Ἀρειανὴν
1362 337 1476 373 αἵρεσιν·
1493 331 1654 365 πιστεύομεν
1673 328 1715 359 δὲ,
1737 327 1777 357 ὡς
1794 326 1818 351 οἰ

1034 375 1155 422 Πατὲρες
1169 385 1248 421 ἡμῶν
1265 384 1440 419 ὡμολόγησαν
1456 382 1484 407 ὲν
1501 380 1533 414 τῇ
1546 376 1616 404 κατὰ.
1633 375 1753 422 Nimim
1773 380 1819 422 γε-

1035 417 1134 468 νομένῃ
1152 417 1262 465 συνόδῳ·
1282 417 1314 456 ἐκ
1333 417 1487 464 τῆςούσίας
1503 424 1548 451 τοῦ
1563 421 1674 468 Πατρὸς
1686 417 1758 446 εἶναι
1773 417 1819 468 τὸν

1037 464 1098 506 Υῐ-ὺν
1112 464 1158 505 aia).
1169 464 1309 512 ὁμοοῦσιον
1320 475 1358 510 τῷ
1374 473 1472 509 Πατρὶ,
1487 471 1533 498 καὶ
1546 470 1614 505 μήτε
1630 466 1734 501 κτίσμα
1750 464 1820 512 μήτε

1037 525 1098 560 ποίη
1103 533 1141 560 μα
1152 509 1219 550 εἶναι
1238 522 1327 549 αὐτόν’
1340 509 1406 546 ἀλλὰ
1421 519 1454 545 δι’
1469 516 1550 544 αὐτοῦ
1564 515 1653 542 πάντα
1669 512 1709 560 ιιτᾲ⁸
1718 509 1821 560 γενητὰ

1036 554 1207 605 γεγενῆσθαι.
1226 568 1263 604 (5)
1280 567 1316 594 Οὺ
1330 566 1383 601 γὰρ
1395 565 1472 592 ἄλλον
1486 562 1530 589 τὸν
1546 561 1610 587 Υἱὺν
1625 559 1673 585 καὶ
1775 554 1821 605 τξν

1037 599 1297 650 λόγονίφρονοῦμεν,
1368 599 1446 641 ⁷’τινες
1459 609 1530 644 ἡμᾶς
1541 605 1674 636 διέϐαλον,
1690 599 1822 650 αλλὰ-τὸν

1038 642 1122 696 Λόγον
1136 642 1203 688 εἶναι
1219 642 1295 692 ἴίίδνέ
1314 657 1416 692 σοφίαν,
1433 642 1544 689 δύνομιν
1560 652 1606 679 τοῦ
1626 649 1746 696 Πατρὸςἶ
1761 648 1791 673 ὲν

1038 709 1072 735 τὰ
1091 709 1187 739 πάντα,
1210 707 1247 738 ὡς
1268 704 1386 736 ἐδίδαξεν
1404 704 1417 729 ὁ
1441 699 1609 730 Ἀπόστολος,
1631 696 1666 723 τά
1685 703 1716 721 τε
1736 692 1823 727 ὁρατὰ

1039 755 1085 781 καὶ
1105 754 1139 781 τὰ
1157 754 1268 789 ἀόρατα,
1292 751 1347 778 εἴτε
1372 750 1469 784 θρόνοι,
1493 748 1547 774 εἴτε
1569 743 1742 779 κυριότητες,
1769 739 1823 765 εἴτε

1040 801 1132 836 ἁρχαὶ,
1151 800 1205 826 εἴτε
1222 797 1351 832 ἐξουσίαι,
1368 796 1401 822 τὰ
1416 795 1502 821 πάντα
1516 793 1548 819 δι’
1566 790 1648 818 αὑτοῦ
1664 789 1712 815 καὶ
1725 788 1766 818 εἰς
1777 786 1824 812 αὖ·

1041 833 1236 874 ἐκτίσθαι.
1261 844 1339 871 Οῦτω
1356 843 1385 869 δὲ
1409 839 1566 877 φρονοῦντες
1588 833 1825 870 ἀναθεματίζομεν

1042 895 1088 921 καὶ
1103 893 1132 925 ἐξ
1143 893 1273 927 ὀνόματος
1286 891 1330 916 τὸν
1343 888 1520 915 ἀσεϐέστατον
1531 884 1688 912 Σαϐἐλλιον,
1704 881 1753 907 καὶ
1770 878 1826 914 μετ’

1042 935 1123 966 αὑτοῦ
1139 939 1200 969 τοὺς
1215 937 1248 964 τὰ
1264 937 1366 963 ἐκείνου
1384 934 1556 970 φρονοῦντας,
1570 931 1618 958 καὶ
1629 929 1762 962 λέγοντας
1780 925 1827 951 αὑ-

1043 985 1087 1012 τὸν
1102 985 1147 1011 τὸν
1165 984 1273 1020 Πατέρα
1287 981 1436 1010 εἷναιΥίόν·
1454 981 1500 1007 καὶ
1516 980 1559 1006 ὅτε
1574 979 1621 1013 μὲν
1635 976 1742 1011 γίνεται
1755 973 1827 1012 Υνὶδς,

1047 1031 1083 1067 μὴ
1100 1029 1169 1058 εἶναι
1185 1031 1244 1057 τότε
1261 1030 1341 1057 αὑτὸν
1356 1029 1475 1064 Πατέρα·
1492 1028 1535 1054 ὅτε
1551 1025 1578 1052 δὲ
1595 1024 1703 1058 γίνεται
1723 1021 1828 1055 Πατὴρ,

1048 1079 1084 1113 μὴ
1102 1075 1170 1105 εἶναι
1180 1077 1241 1104 τότε
1254 1076 1327 1103 Υίόν.
1343 1076 1438 1110 Ἡμεῖς
1451 1074 1503 1110 γὰρ
1519 1069 1705 1107 ὁμολογοῦμεν
1723 1067 1829 1113 Πατέρα

1047 1112 1142 1155 ἀΐδιον,
1156 1121 1220 1148 Υίοῦ
1234 1121 1319 1148 ἀϊδίου
1333 1121 1408 1151 ὃντος
1426 1119 1471 1146 καὶ
1486 1117 1649 1153 ὑφεστῶτοςε
1660 1114 1710 1141 καὶ
1722 1112 1829 1146 Πνεῦμα

1048 1168 1123 1202 ἂγιον
1142 1167 1233 1198 ἁῖδίως
1251 1166 1280 1192 ὃν
1303 1165 1349 1192 καὶ
1367 1164 1489 1199 ὐφεστός,
1510 1163 1546 1189 Οὐ
1567 1161 1622 1195 γὰρ
1645 1157 1830 1186 ἀνυπόστατον

1047 1214 1096 1249 τὴν
1119 1213 1221 1249 Τριάδα
1241 1213 1372 1247 λέγομεν·
1395 1211 1433 1245 (4)
1458 1209 1513 1236 ἀλλ”
1532 1209 1560 1234 ὲν
1581 1205 1734 1233 ὑποστάσει
1753 1202 1830 1236 αὐτὴν

1049 1267 1228 1293 γινωσκομεν.

1087 1393 1113 1419 5.
1134 1393 1187 1418 Καὶ
1199 1393 1223 1418 εἰ
1236 1391 1359 1426 αὐτάρκη
1369 1390 1456 1418 ταῦτα
1464 1389 1548 1422 δεῖξαι
1561 1389 1610 1425 τὴν
1622 1388 1692 1425 πρὸς
1704 1389 1769 1420 τοὺς
1783 1389 1831 1415 [Ια-

1052 1440 1134 1474 τέρας
1153 1438 1231 1474 ἡμῶν
1253 1438 1448 1474 ὁμοφροσύνην
1469 1438 1552 1472 ὅμως,
1572 1436 1667 1472 ἐπειδή
1691 1444 1766 1468 τινες
1787 1435 1832 1466 τῶ)

1054 1483 1294 1519 ἐπαγγελλομένων
1315 1484 1352 1519 μὴ
1375 1484 1481 1518 φρονεῖν
1497 1482 1530 1508 τὰ
1555 1481 1672 1516 Ἀρείου,
1694 1480 1833 1516 ὑποκρινό-

1056 1540 1130 1567 μενοι
1147 1531 1284 1567 φρονοῦσι,
1297 1530 1419 1565 λέγοντες
1433 1529 1477 1556 τὸν
1494 1529 1543 1564 μὲν
1557 1529 1620 1555 Υίὸν
1632 1529 1761 1564 ἀνόμοιον
1773 1526 1836 1554 εἶναι

1054 1577 1100 1604 τοῦ
1121 1577 1234 1613 Πατρὸς,
1252 1577 1282 1603 τὸ
1303 1576 1331 1603 δὲ
1348 1575 1459 1610 Πνεῦμα
1478 1575 1508 1601 τὸ
1525 1576 1600 1609 ἆγιον
1621 1575 1727 1609 κτίσμα
1747 1575 1795 1601 καὶ
1811 1574 1836 1600 ἒν

1054 1622 1107 1649 τῶν
1125 1622 1282 1657 ποιημάτων
1298 1622 1370 1648 ἐστίν
1379 1623 1396 1635 “·
1409 1619 1651 1654 ἀναϐεματίζομεν,
1663 1619 1745 1654 ἡμεῖς
1758 1627 1787 1644 τε
1795 1619 1836 1645 καὶ

1055 1669 1080 1695 οἱ
1102 1667 1308 1698 ἀποστείλαντες
1328 1668 1411 1702 ἡμᾶς,
1432 1667 1480 1698 τὰς
1496 1665 1614 1702 αἱρέσεις
1634 1665 1751 1696 ταύτας.
1775 1664 1837 1691 Οῦτε

1056 1716 1110 1750 γὰρ
1128 1714 1253 1749 ἀνόμοιος
1268 1715 1282 1739 ὁ
1300 1713 1364 1744 Υἱὸς
1381 1712 1419 1748 τῷ
1438 1713 1536 1748 Πατρὶ,
1557 1711 1614 1738 ἀλλ’
1628 1711 1774 1746 ὁμοούσιός
1788 1711 1838 1736 ἐστι

1057 1759 1096 1794 τῷ
1117 1759 1213 1794 Πατρὶ·
1232 1759 1294 1785 οὔτε
1310 1759 1341 1785 τὸ
1361 1758 1473 1793 Πνεῦμα
1490 1758 1520 1784 τὺ
1538 1758 1614 1791 ἆγιον
1633 1757 1757 1788 κτιστὺν,
1783 1758 1799 1791 ἦ
1816 1756 1839 1782 ἓν

1057 1806 1111 1832 τῶν
1123 1805 1280 1840 ποιημάτων
1299 1805 1382 1837 ἐστὶν,
1400 1805 1467 1832 ἀλλὰ
1484 1804 1532 1839 τῆς
1544 1804 1625 1838 ἁγίας
1639 1804 1758 1839 Τριάδος
1775 1803 1840 1829 ἐστί’

1059 1852 1104 1877 καὶ
1116 1850 1335 1886 τεθαρῤήκαμεν,
1349 1850 1389 1876 ὅτι
1405 1850 1480 1876 οὐδὲν
1494 1849 1654 1875 ἐπείσακτον
1670 1849 1733 1875 οὐδὲ
1744 1848 1840 1882 κτίσμα

1059 1897 1132 1923 ἐστὶν
1147 1897 1175 1923 ἐν
1195 1897 1227 1932 τῇ
1249 1897 1351 1932 Τριάδι.
1373 1895 1484 1931 Πνεῦμα
1503 1895 1556 1931 γὰρ
1581 1895 1740 1930 ἁγιωσύνης
1762 1894 1839 1921 ἐστίν·

1059 1943 1108 1978 οὺχ
1128 1942 1316 1977 ἁγιαζόμενον,
1336 1942 1392 1968 ἀλλ’
1413 1943 1441 1968 ὲν
1462 1941 1535 1977 αὑτῴ
1559 1941 1668 1968 πάντων
1688 1941 1744 1968 τῶν
1763 1941 1842 1975 ἁγίων

1060 1988 1256 2023 ἀγιαζυμένων.
1274 1988 1328 2014 Καὶ
1342 1987 1396 2023 γὰρ
1418 1989 1434 2023 ἡ
1454 1987 1590 2022 τελειότης
1608 1986 1688 2022 ἡμῶν
1710 1987 1739 2013 ἐν
1760 1987 1842 2021 Πατρὶ

1062 2033 1178 2069 καΥΥίῷ
1190 2033 1238 2060 καὶ
1247 2033 1317 2069 ἁγίῳ
1330 2033 1467 2068 Πνεῦματι
1478 2033 1587 2064 δίδοται,
1604 2033 1651 2058 καὶ
1664 2032 1781 2066 γίνεται.
1795 2033 1842 2058 Καὶ

1064 2079 1111 2115 μία
1129 2079 1219 2111 πίςτις
1239 2080 1312 2106 ἐστὶν
1330 2081 1369 2111 είς
1383 2079 1431 2105 ἕνα
1446 2079 1512 2105 Θεὸν
1528 2079 1561 2105 δι’
1574 2078 1638 2104 Υἱοῦ
1658 2079 1686 2104 ἐν
1708 2077 1842 2112 Πνεύματι

1062 2125 1140 2160 ἁγίῳ.
1159 2125 1244 2160 Ὑπὲρ
1262 2125 1381 2156 πλείονος
1394 2125 1457 2158 γοῦν
1474 2124 1634 2160 μαρτυρίας,
1648 2123 1842 2158 ἀναθεματίξο-

1065 2179 1114 2206 μεν
1126 2171 1188 2202 τοὺς
1203 2170 1365 2205 φρονοῦντας
1381 2170 1427 2196 καὶ
1443 2170 1578 2204 λέγοντας·
1594 2167 1647 2195 Ἦν
1664 2177 1733 2195 ποτε
1743 2170 1843 2203 panic,

1066 2217 1102 2252 μὴ
1118 2217 1193 2248 ὕντος
1209 2216 1283 2243 Υῐοῦ·
1305 2217 1351 2243 καὶ
1369 2215 1402 2252 ἦν
1423 2225 1486 2243 ποτε
1505 2216 1588 2249 δυὰς,
1612 2216 1648 2252 μὴ
1672 2216 1752 2247 ὄντος
1775 2216 1843 2249 ἁγίου

1065 2262 1229 2298 Πνεύματος·
1251 2263 1334 2289 ἀΐδιον
1354 2263 1407 2298 γὰρ
1424 2263 1471 2289 καὶ
1489 2262 1635 2289 ἀειτελεῐαν
1659 2262 1784 2297 οἴδαμεν,
1805 2261 1842 2287 11"

1065 2308 1194 2340 ὡσαύτως
1211 2308 1323 2343 ἔχουσαν
1339 2308 1387 2344 τὴν
1405 2309 1485 2342 ἁγίαν
1504 2308 1616 2344 Τριάδα.
1637 2308 1684 2334 Διὸ
1706 2307 1834 2334 καὶ”ἀλλο

1065 2354 1156 2388 τρίους
1170 2354 1218 2388 τῆς
1239 2353 1402 2388 Ἐκκλησίας
1420 2353 1516 2389 ἔχομεν
1538 2354 1600 2385 τοὺς
1618 2353 1788 2389 φρονοῦντας
1806 2354 1842 2379 καὶ

1066 2399 1202 2433 λέγοντας·
1219 2398 1272 2426 Ἦν
1286 2409 1350 2427 ποτε
1363 2401 1407 2426 ὅτε
1422 2400 1470 2426 οὐκ
1485 2398 1518 2435 ἦν
1534 2400 1548 2426 ὁ
1560 2400 1634 2431 Υἱὸς,
1646 2401 1694 2426 καὶ
1708 2400 1750 2426 ὅτι
1762 2400 1791 2432 ἐξ
1805 2400 1844 2426 οὖν

1067 2446 1149 2472 ὅντων
1163 2446 1270 2480 ἐγένετο
1284 2447 1314 2473 τὸ
1329 2446 1438 2481 Πνεῦμα
1454 2446 1484 2472 τὸ
1499 2446 1585 2480 ἆγιον.

235 2493 393 2521 Trinitatem
407 2493 608 2527 sempiternam,
625 2498 730 2525 semper
744 2489 890 2525 perfectam
906 2489 1000 2523 fuisse,
1020 2500 1051 2521 ac
1062 2493 1156 2521 eodem
1168 2494 1261 2521 ’modo
1282 2502 1311 2522 se
1328 2495 1466 2522 habuisse.
1501 2493 1686 2527 Quamobrem
1707 2493 1745 2520 ab
1766 2492 1842 2519 EccltL

235 2539 275 2566 sia
299 2540 434 2568 catholica
456 2539 558 2566 alienos
580 2543 736 2573 reputamus
760 2545 807 2565 eos
825 2539 872 2572 qui
905 2540 1028 2567 sentiunt
1047 2544 1126 2575 atque
1141 2542 1252 2569 dicunt:
1279 2541 1342 2569 Fuit
1360 2550 1420 2570 cum
1447 2549 1500 2569 non
1517 2545 1590 2569 esset
1607 2540 1707 2574 Filius,
1725 2546 1806 2576 atque
1819 2549 1843 2568 ex

236 2595 290 2616 non
304 2587 474 2615 exstantibus
490 2586 576 2614 factus
593 2590 633 2613 est
651 2585 767 2620 Spiritus
779 2589 901 2613 sanctus.

273 2636 281 2650 ¹
296 2634 403 2663 Coloss.
420 2642 440 2667 ι,
459 2634 501 2660 16.

272 2694 312 2764 (ὃζ
325 2694 394 2722 Vide
407 2695 554 2722 Diatribam
570 2699 691 2721 nostram
707 2694 740 2721 de
755 2693 890 2720 Marcello.

274 2729 301 2762 (Δ
327 2729 442 2756 Licitum
458 2734 517 2757 erat
533 2731 582 2757 hoc
599 2734 719 2764 tempore
743 2729 890 2764 hypostasii

274 2729 311 2764 (Δ)
327 2729 442 2756 Licitum
458 2734 517 2757 erat
533 2731 582 2757 hoc
599 2734 719 2764 tempore
743 2729 921 2764 hypostasim
932 2735 1012 2755 unam

240 2771 267 2803 in
282 2762 414 2803 T_'rir_titate
426 2764 560 2803 conﬁteri,
573 2765 636 2791 dum
655 2762 807 2803 liypostasis
823 2771 871 2797 pro
882 2762 1012 2803 substan:

240 2798 276 2820 oin
301 2799 464 2827 haberetur:
481 2800 658 2832 similiterque
674 2796 734 2826 tres
757 2796 915 2833 Iiypostascs
936 2796 1020 2825 conﬁ-

1066 2696 1129 2728 teri,
1144 2694 1208 2722 dum
1223 2699 1278 2722 tres
1303 2701 1425 2729 personae
1440 2693 1603 2729 exsisientes
1622 2694 1650 2729 et
1667 2691 1845 2729 subsistentes

1067 2726 1388 2765 intelligerenturCYide
1415 2729 1442 2765 in
1471 2727 1586 2763 epistola
1601 2726 1636 2754 ad
1659 2726 1845 2754 Antiachenos.

1067 2768 1132 2793 tom.
1145 2763 1288 2800 IVOpcrum
1302 2763 1454 2791 Athanasii.
