1919 3075
89 133 157 162 I305

585 130 766 160 EXPOSITIO
783 128 873 157 FIDE]
889 128 934 155 AD
949 128 1184 156 ATHANASIUM.

1624 129 1691 157 1306

124 194 151 220 ι.
166 193 224 219 Ἵνα
235 192 263 219 δὲ
276 193 312 228 μή
324 192 365 223 τίς
382 200 445 218 ποτε
458 192 530 227 ἡμᾶς
541 191 586 217 καὶ
600 191 663 227 περὶ
675 191 723 226 τῆς
738 190 868 226 ὲνσᾶρκου

953 187 980 214 4.
999 187 1038 216 Ne
1054 189 1115 222 quis
1131 195 1194 215 vero
1211 188 1277 216 falsa
1294 187 1422 222 jactitans
1438 195 1487 216 nos
1505 187 1605 216 frustra
1617 188 1694 216 incu-

89 239 240 275 παρουσίας
254 238 300 264 τοῦ
314 238 436 273 Σωτῆρος
448 237 524 273 ἡμῶν
539 236 651 272 διαϐάλῃ
665 236 848 271 ματαιολογῶν
857 243 865 251 ⁸

90 282 246 317 ἀναγκαίως
266 282 312 308 καὶ
329 282 392 317 περὶ
404 281 497 308 τούτου
512 281 661 316 γράφομεν,
676 281 716 307 ὅτι
732 283 746 307 ὁ
765 281 868 316 Κύριος

90 327 138 354 καὶ
151 326 244 362 Σωτὴρ
254 326 330 362 ήμῶν
339 327 353 352 ὁ
365 326 489 362 Χριστὸς,
503 326 552 361 οὐχ
564 326 656 361 ὥσπερ
672 327 711 358 είς
725 327 787 358 τοὺς
801 335 867 362 προ-

91 373 181 408 φήτας
198 373 320 408 ἐγίνετο,
333 372 417 404 οὕτως
431 372 477 399 καὶ
491 372 536 398 ἐπὶ
548 372 682 407 συντελείᾳ
697 372 750 399 τῶν
764 372 867 400 αἰώνων

90 416 173 453 ἦλθεν
184 419 223 450 είς
233 419 308 452 ἅγιον
322 418 470 453 ἄνθρωπον.
483 417 563 444 Ἀλλὰ
570 417 741 453 πιστεύομεν,
750 418 790 444 ὅτι
798 419 868 445 κατὰ

91 463 139 489 τὸν
160 463 284 498 Ἰωάννην
301 465 315 490 ὀ
329 463 413 498 Λόγος
427 463 494 498 σὰρξ
515 463 631 497 ἐγένετο,
654 464 701 490 καὶ
728 464 798 490 κατὰ
823 464 869 491 τὸν

99 508 257 535 Ἀπόστολον
281 510 309 535 ὲν
328 509 415 544 μορφῇ
434 509 501 535 Θεοῦ
527 509 654 544 ὑπάρχων
678 509 755 536 ἐλαὸε
779 509 869 537 δούλου

94 554 212 589 μορφὴν,
226 553 256 580 τὸ
268 553 338 580 κατὰ
350 554 437 589 σάρκα
451 553 587 589 γεννηθεὶς
599 554 630 580 ἐκ
644 554 752 589 Μαρίας
766 554 870 590 ἄνθρω-

93 608 147 631 πος
158 599 191 626 δι’
207 602 223 635 ἠ
228 600 293 634 μᾶς·
306 600 358 629 ἵνα,
369 600 406 631 ὡς
422 597 496 627 εἶπεν
507 600 596 632 αὐτὸς,
610 599 737 636 τελειώσῃ
749 600 779 627 τὸ
793 600 871 635 ἔργον

91 644 140 670 τοῦ
154 645 272 680 Πατρός·
285 645 330 671 καὶ
348 645 433 676 οὕτως
448 645 478 671 τὺ
492 645 658 680 ἀνθρώπινον
668 645 744 679 γένος
761 646 788 672 ἐν
800 645 872 681 αὺτῷ

93 688 240 720 τελειώσας
253 689 299 715 καὶ
314 689 432 723 συνάψας
442 691 474 724 τῇ
487 689 602 725 θεότητι,
618 689 751 726 εἰσαγάγῃ
768 690 806 720 εἰς
823 690 872 724 τὴν

95 734 234 768 βασιλείαν
249 733 301 760 τῶν
311 734 441 770 οὐρανῶν.
454 735 507 761 Καὶ
523 736 547 761 εί
557 735 643 762 ταῦτα
659 735 737 761 πάλιν
751 735 872 770 αὐτάρκη

93 780 180 813 δεῖξαι
193 780 241 814 τὴν
257 779 322 815 πρὸς
344 779 388 806 τὸν
411 779 511 815 Κύριον
533 780 610 815 ἡμῶν
637 780 738 815 Ἰησοῦν
757 780 873 816 Χριστὸν

95 825 203 851 πίστιν·
218 825 290 860 ὅμως
300 825 371 859 ὑπὲρ
383 824 502 856 πλείονος
517 825 664 859 ἀσφαλείας
677 825 874 860 ἀναλαμϐάνον-

93 879 142 902 τες
157 870 242 897 ταῦτα
254 870 376 906 λέγομεν,
396 871 442 897 καὶ
461 871 691 906 ἁναθεματίζομεν
707 871 768 903 τοὺς
782 871 874 904 λέγον-

94 924 147 947 τας
161 916 207 942 καὶ
220 915 392 951 φρονοῦντας,
404 917 468 943 ποτὲ
482 917 526 943 τὸν
535 917 643 952 Πατέρα
653 915 720 943 εἶναι
734 917 817 952 χωρὶς
827 915 872 942 τοῦ

94 961 174 993 Υἱοῦ,
201 962 248 988 καὶ
269 961 332 988 ποτὲ
348 962 391 988 τὸν
414 962 520 998 Πατέρα
533 962 634 989 καὶτὸν
658 962 721 989 Υἱὸν
733 962 814 997 χωρὶς
827 962 874 988 τοῦ

95 1006 176 1040 ἁγίου
193 1007 357 1042 Πνεύματος.
373 1006 484 1043 Πνεῦμα
496 1008 549 1042 γὰρ
561 1007 626 1034 Θεοῦ
644 1009 711 1039 ἐστι,
726 1008 771 1034 καὶ
787 1008 875 1034 τελεία

95 1052 145 1079 καὶ
164 1052 248 1084 άῖδιός
269 1054 373 1088 ἐστινὴ
397 1054 418 1080 Τ
422 1054 489 1088 ριάς.
515 1054 755 1089 Ἀναθεματίζομέν
779 1062 808 1080 τε
830 1054 876 1081 καὶ

94 1099 162 1130 τοὺς
175 1098 222 1125 νῦν
237 1098 401 1131 ἐξελθόντας,
410 1099 456 1125 καὶ
470 1099 631 1134 λεγομένους
648 1099 802 1134 Ἀνομοίους
812 1107 818 1113 ·
829 1100 876 1126 καὶ

97 1145 151 1171 σὺν
164 1144 254 1176 αὐτοῖς
270 1144 318 1179 τὴν
330 1143 377 1171 τοῦ
395 1144 571 1179 Σαμοσατέως
583 1144 628 1171 καὶ
639 1145 769 1172 Φωτείνου
787 1154 876 1180 παρα-

97 1189 246 1225 φροσύνην,
258 1189 304 1216 καὶ
319 1189 382 1221 τοὺς
396 1189 430 1216 τὰ
443 1189 511 1216 αὐτὰ
528 1189 689 1225 φρονοῦντας
704 1190 802 1222 αὐτοῖς.
817 1191 878 1218 Ὅτι

99 1235 139 1270 μὴ
151 1234 259 1268 λέγουσι
270 1234 315 1260 τὸν
326 1234 372 1260 τοῦ
384 1233 450 1260 Θεοῦ
462 1234 546 1268 Λόγον
558 1233 644 1266 ζῶντα
655 1235 739 1268 Λόγον
752 1233 820 1261 εἶναι
832 1236 878 1262 καὶ

97 1280 210 1315 ὲνεργῆ,
227 1279 260 1305 δι’
274 1276 304 1306 οὗ
316 1279 350 1306 τὰ
368 1280 455 1306 πάντα
469 1279 584 1314 ἐγένετο,
602 1279 668 1306 ἀλλὰ
681 1280 717 1312 ὡς
737 1280 878 1316 ἀνθρώπου

97 1325 178 1358 λόγον
194 1325 360 1360 προφορικὺν
387 1325 480 1360 μόνον·
497 1326 543 1352 καὶ
563 1325 603 1351 ὅτι
630 1326 666 1361 μὴ
692 1326 816 1362 φρονοῦσι
835 1327 879 1354 τὸν

98 1370 168 1396 Υίὺν
177 1370 224 1396 τοῦ
238 1370 304 1396 Θεοῦ
314 1370 393 1397 αὐτὸν
406 1367 475 1396 εἶναι
485 1370 529 1397 τὸν
540 1370 639 1405 Λόγον·
653 1371 720 1397 ἀλλὰ
732 1372 880 1408 διαιροῦσιν

98 1414 215 1449 ἀλόγως,
234 1415 280 1441 καὶ
300 1415 385 1450 ἀρχὴν
400 1414 438 1450 τῷ
447 1414 503 1450 Υἱῷ
520 1414 635 1441 διδοῦσιν
651 1415 703 1442 ἀπὸ
717 1416 765 1451 τῆς
777 1416 809 1441 ὲκ
823 1416 881 1444 Μα-

102 1459 162 1494 ρίας
176 1459 246 1486 κατὰ
258 1459 346 1494 σάρκα
357 1459 498 1494 γενέσεως,
512 1459 730 1495 βλασφημοῦντες
740 1469 746 1476 ·
759 1460 798 1486 ὅτι
814 1461 880 1496 μηδὲ

99 1509 168 1536 Θεὸν
179 1510 303 1546 ἀληθινὺν
319 1510 398 1538 αὑτὸν
417 1508 486 1538 εἶναι
500 1512 679 1538 πιστεύουσιν.

889 858 909 884 Β

918 239 959 261 set
980 234 1051 261 circa
1073 234 1208 261 carnalem
1235 232 1386 262 Servatoris
1410 234 1565 266 adventum,
1582 241 1694 262 necesse

918 287 1024 314 quoque
1042 279 1123 306 fuerit
1140 283 1170 305 ut
1188 286 1219 306 ea
1239 279 1271 306 de
1288 287 1316 305 re
1335 280 1456 313 quaedam
1481 279 1579 307 litteris
1602 280 1693 307 consi-

919 332 1048 360 gnemus;
1063 325 1135 360 quod
1151 325 1258 352 scilicet
1278 325 1407 352 Dominus
1422 329 1447 352 et
1465 325 1588 352 Salvator
1603 329 1695 352 noster

918 370 1054 401 Christus,
1072 378 1126 397 non
1142 369 1368 405 quemadmodum
1388 371 1420 397 ad
1443 371 1586 405 prophetas
1609 370 1694 404 factus

919 420 967 446 est,
984 415 1020 441 ita
1038 416 1063 442 in
1082 416 1316 442 consummatione
1332 415 1491 442 saeculorum
1516 415 1655 442 advenerit
1668 417 1695 442 in

920 464 1044 487 sanctum
1063 461 1209 487 imminent.
1229 460 1280 488 Sed
1289 458 1437 492 credimus,
1449 461 1530 495 quod,
1547 461 1696 488 secundum

919 505 1049 533 Joannem
1062 507 1083 538 ²,
1093 505 1210 532 Verbum
1228 514 1291 533 caro
1309 506 1408 533 factum
1430 506 1475 537 sit,
1500 511 1526 532 et
1548 506 1696 533 secundum

921 552 1081 586 Apostolum
1090 551 1110 584 ³,
1125 551 1196 586 quod
1214 559 1273 578 cum
1290 552 1316 578 in
1332 551 1417 578 forma
1435 552 1479 578 Dei
1493 554 1573 582 esset,
1589 553 1698 585 propter

921 605 971 625 nos
985 597 1121 631 acceperit
1132 597 1203 623 servi
1221 595 1346 627 formam,
1362 596 1511 623 secundum
1530 603 1638 623 carnem
1652 603 1698 630 ge-

921 643 996 670 nitus
1011 642 1091 669 homo
1113 649 1145 669 ex
1162 641 1245 668 Maria
1268 641 1396 676 Virgine;
1416 645 1456 673 ut,
1474 641 1697 675 quemadmodum

922 689 979 725 ipse
1003 687 1072 720 ait",
1098 688 1238 722 perﬁceret
1262 695 1331 721 opus
1354 686 1461 720 Patris;
1486 690 1567 720 atque
1583 685 1619 712 ita
1638 693 1718 712 cum-

922 744 1006 771 genus
1036 736 1182 762 humanum
1212 734 1239 761 in
1270 734 1360 768 seipso
1388 733 1548 768 perfecerit,
1583 740 1614 760 ac
1640 740 1700 760 cum

923 781 1063 808 divinitate
1088 780 1270 814 conjunxerit,
1298 779 1387 813 ipsum
1417 778 1572 804 introducat
1605 777 1630 803 in
1659 784 1702 803 re-

924 835 1005 862 gnum
1030 827 1173 854 ocelorum.
1198 826 1234 852 Ac
1259 825 1365 852 etiamsi
1392 824 1485 851 istha-c
1505 825 1572 851 satis
1591 824 1644 851 sint
1669 823 1701 850 ad

925 872 1117 900 declarandam
1142 871 1220 898 ﬁdem
1240 871 1266 898 in
1295 871 1437 897 Dominum
1463 873 1586 897 nostrum
1610 868 1701 896 Jesum

924 917 1063 945 Christum
1077 937 1084 949 ,
1117 920 1236 943 attamen
1254 915 1366 949 majoris
1390 914 1544 941 securitatis
1562 920 1624 947 ergo
1646 912 1703 939 hate

925 964 1071 998 repetimus
1082 969 1112 989 ac
1123 962 1249 993 dicimus,
1266 965 1346 996 atque
1357 960 1527 987 anathemate
1543 958 1703 985 damnamus

925 1017 972 1037 eos
988 1009 1034 1044 qui
1053 1009 1147 1036 dicunt
1164 1011 1191 1035 et
1207 1007 1332 1038 credunt,
1355 1006 1461 1033 Patrem
1487 1005 1632 1040 aliquando
1647 1005 1705 1032 sine

926 1055 994 1083 Filio
1009 1055 1113 1088 fuisse;
1130 1055 1293 1088 Patremque
1307 1061 1337 1080 ac
1351 1052 1448 1079 Filium
1463 1051 1608 1086 aiiquando
1623 1050 1705 1077 fuisse

927 1103 986 1132 sine
1003 1101 1106 1136 Spiritu
1122 1103 1228 1128 sancto.
1245 1099 1363 1135 Spiritus
1378 1099 1449 1125 enim
1466 1097 1510 1124 Dei
1530 1100 1582 1127 est,
1599 1103 1631 1122 ac
1645 1103 1706 1130 per-

927 1150 996 1177 fecta
1021 1154 1102 1183 atque
1123 1146 1288 1180 sempiterna
1313 1150 1353 1172 est
1374 1143 1503 1170 Trinitas.
1530 1142 1706 1168 Anathemate

928 1202 1035 1230 quoque
1057 1194 1217 1221 damnamus
1236 1199 1283 1218 eos
1308 1190 1355 1225 qui
1378 1197 1464 1223 nuper
1484 1188 1570 1215 exorti
1590 1191 1664 1218 sunt,
1680 1190 1707 1213 ct

927 1239 1051 1268 Anomcei
1081 1240 1217 1270 dicuntur,
1249 1245 1280 1265 ac
1306 1244 1367 1264 cum
1390 1235 1456 1271 ipsis
1487 1234 1655 1260 Samosatcni
1681 1237 1708 1260 et

929 1279 1035 1314 Photini
1051 1286 1182 1313 insaniam
1194 1305 1201 1317 ,
1224 1291 1328 1311 necnon
1347 1290 1393 1310 eos
1409 1282 1454 1316 qui
1476 1282 1550 1315 paria
1565 1287 1628 1307 cum
1640 1279 1707 1314 ipsis

930 1332 1060 1360 sentiunt.
1084 1330 1152 1363 Quia
1176 1337 1229 1356 non
1254 1329 1356 1360 dicunt,
1381 1327 1498 1354 Verbum
1525 1325 1708 1357 Dci,verbuiu

929 1385 991 1404 esse
1004 1377 1098 1404 vivens
1115 1379 1141 1402 et
1154 1374 1257 1405 elﬁcax,
1278 1381 1327 1409 per
1341 1373 1412 1408 quod
1429 1372 1520 1400 omnia
1534 1371 1604 1398 facta
1624 1374 1707 1398 sunt:

931 1422 978 1450 sed
991 1421 1068 1457 quasi
1085 1421 1204 1448 hominis
1217 1420 1329 1447 verbum
1347 1418 1512 1453 prolatitium
1526 1417 1668 1448 duntaxat,
1683 1419 1711 1442 ct

932 1468 994 1503 quia
1012 1475 1066 1494 non
1085 1466 1253 1493 arbitrantur
1279 1464 1377 1491 Filium
1400 1463 1445 1491 Dei
1466 1463 1554 1498 ipsum
1575 1470 1637 1489 esse
1650 1468 1711 1488 ver—

936 1515 1015 1543 bum;
1042 1519 1136 1539 verum
1158 1515 1259 1538 temere
1279 1514 1306 1538 et
1326 1510 1384 1537 sine
1401 1509 1506 1536 ratione
1527 1508 1660 1538 dividunt,
1685 1509 1712 1532 ct

102 1564 265 1599 principium
281 1564 350 1592 Filio
366 1573 381 1592 a
413 1566 552 1594 nativitate
583 1567 730 1594 secundum
746 1574 854 1595 carnem
869 1575 901 1595 ex
923 1567 1005 1594 Maria
1021 1566 1178 1601 blaspheme
1197 1572 1244 1592 ore
1260 1564 1391 1594 tribuunt,
1415 1563 1478 1596 quia
1499 1562 1560 1588 item
1578 1569 1631 1588 non
1652 1567 1712 1587 cre-

102 1610 171 1637 dunt
182 1611 270 1645 ipsum
290 1618 380 1638 verum
398 1618 458 1639 esse
474 1611 568 1639 Deum.

140 1657 166 1684 5.
184 1657 275 1683 Ταῦτα
300 1657 442 1693 τοιγαροῦν
469 1657 639 1693 φρονοῦντες,
667 1659 714 1685 καὶ
739 1658 878 1694 ἐγγράφως

971 1656 995 1683 5.
1018 1654 1078 1681 Haec
1092 1654 1182 1686 itaque
1192 1659 1252 1678 cum
1272 1650 1420 1678 sentiamus
1438 1653 1518 1684 atque
1536 1649 1638 1684 scripto
1651 1658 1713 1684 pm-

103 1701 306 1737 ὁμολογοῦντες,
320 1702 550 1738 διαϐεϐαιούμενοι
567 1712 596 1730 τε
611 1703 696 1731 ταῦτα
718 1705 824 1740 φρονεῖν
838 1704 884 1731 καὶ

103 1748 169 1779 τοὺς
191 1747 398 1778 ἀποστείλαντας
418 1748 500 1783 ἡμᾶς,
522 1747 648 1783 ἀξιοῦμεν
665 1747 713 1783 τὴν
731 1748 779 1783 σὴν
792 1748 883 1774 θεοσέ-

104 1793 182 1819 ϐειαν
194 1793 290 1828 μηκέτι
300 1793 437 1819 πιστεύειν
447 1794 502 1824 τοῖς
511 1793 571 1820 καθ’
581 1792 657 1828 ἡμῶν
668 1793 790 1827 λέγουσιν
800 1802 806 1808 ·
819 1793 886 1820 ἀλλὰ

107 1837 208 1874 μᾶλλον
223 1840 277 1870 τοῖς
296 1838 484 1865 ἀποστείλασιν
498 1838 570 1874 ἡμᾶς
585 1838 669 1865 ταῦτα
682 1838 822 1873 γνωρίσαι,
839 1839 886 1865 καὶ

105 1884 212 1919 γράψαι
233 1884 278 1910 καὶ
294 1881 333 1916 οἷς
349 1884 381 1911 ἂν
397 1883 532 1920 γινώσκῃς
548 1883 695 1919 ὁρθοδόξοις
713 1885 885 1916 ἐπισκόποιςο

106 1928 162 1960 ἴνα,
180 1929 204 1954 εί
217 1929 263 1954 καὶ
273 1928 340 1964 πρὸς
352 1929 449 1960 αὐτοὺς
459 1929 476 1963 ἡ
488 1927 548 1955 καθ’
560 1927 638 1963 ἡμῶν
649 1927 758 1963 διαϐολὴ
769 1928 885 1962 ἐγένετο,

109 1973 239 2009 μαθόντες
261 1974 309 2009 τὴν
332 1974 474 2009 ὁμολογίαν
498 1973 575 2009 ἡμῶν
599 1973 708 2008 ταύτην,
732 1974 886 2007 καταγνῶσι

107 2018 164 2045 τῶν
176 2018 342 2054 Θελησάντων
355 2019 419 2054 ἡμῖν
431 2018 522 2051 ἁπλῶς
539 2018 634 2053 φθόνον
647 2018 764 2053 κινῆσαι.
778 2018 888 2044 Θεόδου-

108 2064 155 2096 λος
169 2064 313 2095 ἐπίσκοπος
331 2064 503 2099 Ὀξυρύγχου,
513 2064 620 2100 Πλήνης
631 2064 777 2095 ἐπίσκοπος
795 2064 889 2099 Ἑρμο-

110 2110 165 2142 οιὲ,
187 2110 322 2146 Ἰσχυρίων
335 2110 479 2141 ἐπίσκοπος
490 2110 605 2143 Λεοντῶ,
627 2110 720 2136 Ἰσαὰκ
731 2109 887 2140 ἐπίσκοπος.

120 2154 148 2182 ’Λ
152 2155 214 2191 μήν.

149 2233 159 2248 ¹
173 2231 251 2260 Joan.
271 2232 345 2264 ι,14.
383 2233 393 2248 ³
413 2232 508 2268 Philip,
527 2240 556 2265 ιι,
570 2231 597 2265 6,
616 2232 641 2260 7.
680 2232 690 2248 ⁸
705 2232 783 2259 Joan.
802 2239 839 2264 ιν,
855 2232 899 2258 5i.

150 2309 188 2344 (ες)
206 2309 242 2336 De
261 2309 303 2345 his
320 2309 564 2345 subscriptionibus
584 2308 645 2345 vide
670 2308 697 2335 in
720 2308 888 2345 Diatriba'de

117 2344 251 2371 Marcello.
277 2344 324 2371 Ha:
345 2343 435 2380 porro'
451 2344 663 2379 subscriptiones
691 2344 793 2370 mutila:
817 2343 888 2370 haud

117 2380 196 2406 dubie
212 2383 284 2412 sunt,
302 2379 363 2407 cum
381 2379 520 2406 Athanasii
535 2386 633 2406 nomen
651 2385 706 2405 non
723 2382 888 2412 compareat,

117 2415 162 2448 qui
178 2422 243 2442 sane
259 2415 321 2441 huic
337 2414 395 2441 ﬁdei
416 2414 580 2441 confessioni
597 2412 753 2447 Suﬁ‘ragium
772 2412 845 2438 dedit
858 2419 890 2438 ac

118 2447 292 2484 subscripsit;
309 2449 376 2476 alias
390 2456 462 2481 vero,
480 2448 634 2483 refragante
648 2447 808 2484 Athanasio,
829 2454 890 2473 eam

118 2482 233 2512 minime
246 2484 413 2518 probassent,
438 2482 581 2518 additoqiic
600 2483 708 2510 nomine
731 2482 892 2510 conﬁrmas-

937 1698 1070 1728 ﬁteamur,
1082 1701 1290 1728 asseramusque
1305 1693 1420 1728 idipsum
1437 1694 1539 1720 sentire
1549 1701 1596 1721 eos
1608 1694 1653 1728 qui
1665 1702 1715 1721 nes

937 1744 1026 1771 isthuc
1041 1743 1171 1770 miserunt
1185 1751 1190 1767 :
1211 1744 1282 1767 tuam
1299 1747 1424 1774 rogamus
1440 1739 1577 1772 pietatem,
1590 1747 1624 1766 ne
1636 1739 1713 1766 ﬁdem

936 1790 969 1818 iis
985 1788 1085 1815 habeas
1103 1787 1147 1822 qui
1167 1794 1216 1813 nos
1234 1785 1408 1817 insimulant;
1428 1784 1509 1818 idque
1525 1784 1559 1811 iis
1580 1785 1715 1819 signiﬁces

936 1835 980 1870 qui
999 1841 1049 1861 nos
1071 1833 1123 1860 huc
1149 1832 1322 1866 delegerunt;
1343 1829 1478 1857 rescribas
1503 1829 1566 1856 item
1594 1830 1627 1857 iis
1646 1838 1715 1865 quos

936 1879 1101 1915 orthodoxos
1112 1878 1253 1913 episcopos
1268 1883 1328 1903 esse
1340 1875 1463 1908 noveris;
1481 1879 1509 1901 ut
1525 1874 1547 1902 si
1562 1875 1595 1901 ad
1612 1882 1658 1902 eos
1670 1883 1716 1902 ca-

937 1926 1039 1953 lumnia
1052 1925 1195 1952 adversum
1208 1931 1257 1950 nos
1270 1921 1384 1949 conflata
1396 1921 1556 1956 pervenerit,
1570 1925 1714 1956 conspecta

937 1971 990 1998 hac
1002 1975 1096 1998 nostra
1110 1970 1171 1997 ﬁdei
1184 1967 1364 1999 confessione,
1376 1968 1504 1994 malitiam
1515 1975 1608 1994 eorum
1625 1967 1715 2001 deprc:

938 2015 1068 2046 hendant,
1083 2014 1130 2048 qui
1151 2017 1252 2040 temere
1275 2012 1404 2039 invidiam
1425 2012 1503 2038 nobis
1528 2018 1636 2038 movere
1661 2015 1718 2038 stu-

938 2060 1113 2094 duerunt(5).
1135 2058 1293 2085 Theodulus
1310 2058 1453 2092 episcopus
1481 2057 1646 2092 Oxyrynchi,
1658 2055 1718 2083 Ple-

939 2114 988 2133 nes
999 2105 1143 2140 episcopus
1158 2103 1310 2137 Hermothi,
1324 2103 1463 2139 ischyrion
1481 2103 1625 2138 cpiscopus
1637 2101 1720 2129 Leon-

940 2158 979 2186 ιο,
1000 2152 1074 2179 lsaac
1087 2151 1238 2188 episcopus.
1255 2150 1350 2178 Amen.

939 2311 999 2336 sent
1020 2307 1139 2343 episcopi
1166 2307 1216 2343 hie
1235 2306 1386 2334 memorati.
1413 2305 1565 2343 Verisimile
1588 2304 1650 2331 item
1665 2308 1721 2343 'est

939 2344 1006 2370 alios
1019 2338 1161 2378 Egyptios
1176 2342 1327 2378 episcopos,
1339 2348 1454 2378 quoer
1463 2340 1586 2378 cecidere
1598 2338 1720 2378 nomina,

940 2373 1138 2405 eamdenf'ﬁ'dei
1152 2373 1496 2412 coril‘essionenisul‘fragio
1511 2382 1561 2412 suo
1576 2373 1719 2412 inuniisse.

942 2413 1051 2440 Solebat
1067 2413 1138 2439 enim
1154 2411 1315 2438 Athanasius
1333 2410 1366 2436 ad
1386 2411 1451 2437 tanti
1470 2409 1598 2445 ponderis
1615 2409 1722 2442 negotia

941 2455 956 2475 e
971 2448 1146 2475 vicinioribus
1162 2447 1262 2473 multos
1278 2453 1429 2472 accersere.
