1919 3075
53 131 125 160 1509

794 122 826 150 IN
846 121 981 158 lSAlAM.|

1611 125 1677 152 1510

50 197 155 218 sunt:
175 189 245 226 μέρη
263 197 309 216 του
329 195 427 218 παντος
447 186 558 222 κόσμου,
583 185 695 221 οὐρανὸν
706 183 786 210 αὐτὸν
800 189 845 210 τον

909 182 945 209 )ei
971 189 1112 209 sernones
1129 188 1260 210 convocat
1282 185 1429 219 propheta,
1456 184 1555 212 malum
1573 183 1678 212 scilicet

49 238 104 269 τὰς
115 237 191 269 θείας
204 236 330 271 δυνάμεις
342 233 520 269 ἀπειληφότα,
531 233 577 259 καὶ
585 231 671 266 γῆντο
677 231 731 258 τῶν
739 230 843 265 θνητῶν

51 284 226 319 οἰκητήριον·
249 282 296 308 καὶ
312 278 418 316 οὐρανῷ
440 279 488 314 μὲν
511 277 630 309 ἀκούειν,
649 278 684 311 γῇ
705 276 733 302 δὲ
753 275 845 302 ἐνωτί-

53 328 154 360 ζεσθαι
175 325 404 362 παρακελεύεται,
421 324 454 350 δι’
467 323 556 350 αὐτῶν
570 321 619 353 τὰς
639 322 752 356 ἀφανεῖς
766 319 846 346 δυνά-

58 381 121 408 μεις
157 373 187 398 ὲν
216 370 308 402 αὐτοῖς
332 368 557 402 ἀνακαλούμενος.
586 366 641 393 Καὶ
674 366 732 401 μετ’
757 363 843 398 ὀλίγα,

54 417 154 453 ἐπειδὴ
174 416 285 452 κέντρον
310 415 419 450 μνήμης
439 412 626 448 παρασχέσθαι
649 411 739 441 αὐτοῖς
764 409 846 444 ἠϐού-

54 466 119 491 λετο
129 463 184 490 τῶν
196 461 348 497 λεγομένων
359 462 372 487 ό
384 459 536 495 προφήτης,
547 458 694 492 ἀναγκαῖον
704 455 749 482 τοῦ
763 455 845 490 οὐρα-

55 511 104 538 νοῦ
116 511 164 537 καὶ
178 510 229 545 γῆς
242 506 392 544 μαρτυρίαν
406 504 622 542 παραλαμϐάνει·
635 504 689 534 ἴνα,
700 502 751 529 κᾶν
760 501 845 538 λήθην

57 556 225 591 ποιήσωνται
241 552 296 580 τῶν
311 551 458 587 λεχθέντων
475 549 550 586 παρὰ
569 549 616 576 τοῦ
636 548 784 584 προφήτου,
802 547 846 572 οὐ-

59 601 143 638 ρανὸς
153 602 200 628 καὶ
212 601 248 635 γῆ
265 598 396 635 ὁρώμενοι
411 597 639 632 ὐπομιμνήσκωσι
650 594 704 621 τῶν
715 593 762 620 τοῦ
779 591 845 619 Θεοῦ

58 651 93 684 ρη
99 648 193 683 μάτων

95 693 170 720 Υἱῶν
180 693 290 728 μνήμην
301 690 457 726 πεποίηται,
469 689 515 716 καὶ
527 687 718 724 γεγεννηκέναι
736 687 846 721 φάσκει,

55 739 179 770 δεικνὺς,
189 738 226 770 ὡς
240 738 289 764 οὐκ
301 736 455 772 ἀλλοτρίους
467 735 665 770 εἰσεποιήσατο,
681 733 738 760 ἀλλ’
752 733 790 764 ὡς
801 733 847 758 αὒ-

57 787 107 814 τοῦ
130 786 208 817 ὄντας
227 785 379 820 ποιήματα,
398 781 532 817 πατρικῆς
556 780 715 816 κηδεμονίας
736 778 845 814 ἠξίωσε·

58 834 108 860 καὶ
129 832 264 867 ὑψωκέναι
283 831 312 857 δὲ
330 830 403 864 λέγει
425 827 640 863 ὑπομιμνήσκων
659 826 708 861 τῆς
724 826 770 851 ἀπ’
790 825 846 851 Ἀἰ-

58 878 166 912 γύπτου
183 877 287 909 ἐξόδου,
303 873 414 902 καὶτῶν
429 874 458 900 ἐν
473 873 547 908 μέσῳ
563 872 719 906 θαυμάτων,
733 871 779 897 καὶ
791 869 844 896 τῶν

59 924 163 959 ὲφεξῆς
174 923 264 954 αὐτοῖς
280 921 409 948 δοθέντων
422 921 485 956 παρ’
500 918 592 946 αὑτοῦ·
613 917 740 952 ἀθέτησιν
759 916 786 943 δὲ
802 925 849 943 κυ-

62 970 131 1006 ρίως
151 969 228 995 καλεί
242 969 292 1003 τὴν
307 967 395 994 αὐτῶν
410 966 593 996 ἀποστασίαν,
611 964 657 992 καὶ
677 963 725 999 τὴν
739 963 802 999 περὶ
815 962 849 989 τὰ

61 1016 160 1044 εἴδωλα
170 1016 311 1051 πλάνησιν.

99 1063 231 1098 Σημαενει
245 1062 294 1098 τὴν
313 1060 430 1095 παντελῆ
454 1059 543 1086 αὐτῶν
561 1058 708 1094 ἀκαρπίαν·
729 1057 780 1088 ’ἐως
801 1057 850 1091 μὲν

59 1110 118 1146 γὰρ
147 1108 260 1144 καρπῶν
287 1107 395 1142 ἀγαθῶν
421 1106 596 1141 πεπλήρωται
622 1103 771 1140 ἀμπελὼν,
804 1103 849 1129 τὸν

59 1155 231 1193 φρουροῦντα
244 1154 289 1182 καὶ
302 1154 467 1189 φυλάττοντα
479 1152 620 1187 κέκτηται,
632 1151 670 1183 ὃς,
685 1149 785 1184 σκηνὴν
799 1158 851 1184 πη-

59 1203 193 1238 ξάμενος,
214 1199 315 1228 ἅνωθεν
333 1200 379 1234 ἀφ’
394 1197 495 1233 ὑψηλοῦ
511 1197 611 1232 ἀφορᾷ,
629 1197 676 1223 καὶ
689 1196 850 1231 περισκοπεῖ

61 1249 110 1275 καὶ
121 1247 247 1283 φυλάττει
256 1247 300 1273 τὸν
310 1245 466 1281 ἀμπελῶνα·
483 1246 506 1271 εἰ
515 1244 544 1271 δὲ
553 1243 646 1271 τούτου
656 1243 759 1277 καρπὸς
770 1242 851 1276 ἀφαι-

65 1294 167 1330 ρεθείη,
183 1293 333 1329 τηνικαῦτα
346 1293 359 1319 ὁ
374 1291 475 1326 φύλαξ,
489 1291 526 1322 ὡς
543 1291 579 1326 μὴ
596 1290 635 1321 είς
649 1289 760 1324 μάταιον
777 1288 850 1322 κάμ-

61 1350 113 1372 νοι,
127 1341 176 1377 τὴν
191 1340 294 1376 σκηνὴν
308 1340 409 1375 ἔρημον
424 1337 574 1369 ἀπολιπὼν,
591 1337 726 1371 ἀναχωρεῖ
739 1335 787 1370 τῆς
801 1343 851 1369 φυ-

63 1387 162 1420 λακῆς.

104 1433 214 1468 Ἐπειδὴ
231 1432 310 1467 γάρό
325 1432 373 1466 μὲν
388 1430 495 1466 Ἰσραὴλ
512 1429 591 1456 αὐτὸν
607 1429 657 1455 οὐκ
674 1428 758 1462 ἔγνω,
777 1425 822 1452 καὶ
836 1426 850 1452 ὁ

60 1480 127 1511 λαὸς
153 1478 234 1506 αὐτὸν
253 1477 282 1504 οὐ
309 1477 424 1512 συνῆκε,
443 1476 473 1502 τὸ
494 1475 521 1502 δὲ
545 1474 574 1507 ἐξ
597 1473 692 1500 αὐτῶν
706 1472 816 1508 σπέρμα
837 1470 851 1496 ό

61 1526 241 1557 ἁποστολικὺς
260 1526 339 1561 χορὸς
356 1524 455 1559 συνῆκέ
472 1533 500 1550 τε
522 1523 602 1549 αὑτὸν
618 1523 665 1549 καὶ
682 1520 797 1554 ὲπέγνωο
813 1520 850 1546 εί-

62 1575 152 1605 κάτως
167 1572 326 1611 ἀφορίζεται
344 1569 390 1596 τοῦ
405 1569 533 1604 πλήθους
553 1568 651 1594 ἄτοπον
668 1566 721 1602 γὰρ
735 1566 764 1592 τὺ
777 1565 853 1600 νομί-

63 1620 122 1652 ζειν
139 1619 201 1649 τοὺς
219 1615 383 1646 ἀποστόλους
399 1614 453 1641 τῶν
467 1612 573 1640 ἀσεὸῶν
588 1613 698 1648 σπέρμα
711 1611 852 1646 λέγεσθαι,

63 1665 130 1700 περὶ
152 1660 188 1690 ὧν
210 1663 338 1698 ἀνωτέρω
353 1661 438 1695 ἔλεγε·
458 1669 466 1686 ι
482 1660 518 1687 Τὸ
538 1659 646 1694 σπέρμα
667 1658 783 1695 πονηρὸν
801 1657 854 1683 υἱοὶ

61 1713 171 1746 ἄνομοι·
188 1719 197 1734 ι
215 1709 314 1745 πρέπει
335 1708 362 1733 δὲ
380 1707 434 1733 τῶν
457 1705 604 1742 προφητῶν
629 1704 738 1742 σπέρμα
757 1703 855 1732 αὐτοὺς

63 1756 137 1784 εἶναι
151 1755 285 1792 ἡγεῖσθαι.

106 1804 145 1830 Οὐ
165 1804 288 1839 λουτροῖς
307 1803 362 1834 τοῖς
384 1800 541 1835 καθαίρουσι
561 1798 608 1835 τὴν
630 1796 789 1831 ἐπιφάνειαν
808 1794 855 1821 τοῦ

66 1850 204 1885 σώματος·
218 1848 278 1875 οὐδὲ
290 1848 344 1883 γάρ
357 1846 435 1874 τοῦτο
447 1845 609 1872 ἐϐέϐλαπτου
627 1843 694 1870 ἀλλά
709 1850 857 1876 πνευματι-

66 1898 128 1928 κοῖς
140 1895 296 1931 δυναμένοις
311 1893 440 1928 ἀφανίσαι
455 1893 503 1928 μὲν
518 1891 615 1926 γνόφου
632 1888 837 1925 ἁμαρτημάτων
848 1907 856 1919 ,

66 1943 190 1978 καθᾶραι
203 1941 231 1968 δὲ
244 1941 332 1976 ψυχῆς
351 1939 435 1966 κακὸν
456 1937 582 1969 συνειδός”
602 1936 751 1963 καὶταῦτα
771 1936 857 1960 ποιεῖν

67 1990 117 2024 ἀφ’
132 1987 244 2015 ἑαυτῶν.

106 2032 308 2063 Καταλιπόντες
328 2031 382 2067 γὰρ
397 2031 442 2058 τὸν
461 2029 607 2065 εὐεργέτην
625 2036 654 2054 τε
676 2028 724 2055 καὶ
740 2027 858 2062 σωτῆρα,

67 2081 224 2116 ὲπήλπισαν
239 2081 294 2111 τοῖς
311 2078 424 2113 ἀψύχοις
440 2076 488 2103 καὶ
507 2075 686 2110 ἀναισθήτοις·
707 2074 746 2100 διὸ
761 2073 859 2108 γυμνοὶ

69 2126 164 2160 πάσης
176 2124 280 2159 ἀγαθῆς
291 2123 369 2158 δόξης
383 2122 529 2156 ἐτύγχανον
539 2141 546 2152 ,
563 2120 641 2154 δίκην
661 2119 787 2146 στυπείου
812 2127 861 2145 κα-

68 2172 318 2208 τακαυθησόμενοι,
340 2169 386 2196 καὶ
403 2169 453 2195 οὐκ
469 2169 543 2194 ἔσται
565 2168 578 2193 ὁ
599 2167 719 2193 σὸέσων-
740 2166 782 2197 τίς
805 2165 860 2201 γὰρ

71 2219 211 2253 ἐξελέσθαι
221 2218 341 2249 δυνατὸς,
355 2216 400 2243 τοῦ
412 2215 477 2242 Θεοῦ
491 2214 539 2250 τὴν
551 2214 609 2240 κατ’
624 2212 712 2239 αὐτῶν
724 2212 859 2246 ἀπόφασιν

70 2266 274 2301 ἐξενηνοχότος;
287 2264 341 2299 Τὴν
357 2263 386 2290 ὲν
396 2264 429 2298 τῇ
444 2259 614 2296 αἰχμαλωσίᾳ
629 2259 716 2285 τοίνυν
730 2257 860 2292 αἰσχύνην

71 2312 220 2340 αἰνίττεται
237 2312 251 2337 ό
267 2310 355 2344 λόγος·
373 2309 481 2335 πάντων
500 2305 618 2334 ἐκποδὼν
635 2303 789 2339 γενομένων
806 2303 860 2329 τῶν

71 2358 290 2394 ἐπιθυμημάτων
308 2356 407 2383 αὐτῶν·
430 2353 628 2390 ματαιωοείσης
644 2352 672 2378 δὲ
690 2352 735 2377 καὶ
751 2350 800 2385 τῆς
818 2349 862 2376 έλ-

73 2406 150 2437 πίδος
168 2405 256 2431 αὐτῶν
269 2405 317 2439 τῆς
334 2404 380 2430 ἐπὶ
389 2405 445 2434 τοῖς
460 2401 587 2432 εἰδώλοις.

110 2451 169 2478 Κᾶν
181 2450 269 2484 λόγος,
286 2449 337 2476 κᾶν
353 2449 445 2483 ὅρασις
459 2447 588 2481 λέγηται,
602 2444 678 2470 οὐδὲν
694 2443 796 2469 διοίσει·
815 2441 862 2468 καὶ

73 2499 130 2534 γὰρ
148 2499 176 2523 ὲν
193 2496 269 2532 ὕψεσί
283 2505 308 2522 τι
325 2494 466 2529 φαίνεται·
481 2493 566 2523 οὕτως
583 2492 598 2526 ή
612 2490 711 2524 γνῶσις
731 2487 862 2515 διαϐαίνει

75 2547 116 2577 εἰς
128 2544 227 2579 ψυχὴν,
243 2543 281 2569 ὅτ’
296 2541 328 2568 ἂν
351 2540 416 2571 Θεὸς
435 2538 553 2574 δεικνύῃ,
573 2537 610 2576 ᾡς
629 2535 778 2571 δεξαμένης
793 2534 863 2560 κατὰ

75 2591 196 2618 διάνοιαν
211 2590 271 2621 τοὺς
288 2588 389 2614 τούτοιν
405 2586 511 2620 λόγους*
532 2584 583 2611 κᾶν
602 2583 646 2610 διὰ
664 2583 750 2616 λόγων
767 2581 862 2617 ἀκούῃ,

76 2637 163 2667 οὕτως
178 2634 331 2670 βεϐαιοῦται
342 2633 390 2668 τήν
401 2631 535 2660 διάνοιαν,
550 2630 588 2661 ὡς
600 2629 703 2665 ἀθρόως
719 2627 864 2662 δεχομένης

77 2683 128 2718 τὴν
142 2681 249 2715 πάντων
266 2680 375 2714 γνῶσιν.
391 2694 424 2699 --
438 2675 568 2704 Ἐνταῦοα
577 2676 607 2702 οὺ
618 2675 690 2709 λέγει
703 2673 781 2704 κατὰ,
798 2671 866 2698 αλλὰ

78 2729 153 2764 περὶ,
172 2727 288 2761 δεικνὺς,
311 2725 349 2756 ὡς
367 2725 424 2751 ἐκεῖ
442 2723 490 2759 μὲν
510 2721 603 2756 ἐδήλου
625 2720 672 2758 τὴν
694 2721 753 2748 κατ’
777 2718 865 2746 αὐτῶν

78 2774 214 2809 ἐσομένην
229 2773 276 2800 καὶ
290 2772 344 2799 τῶν
357 2771 446 2799 τόπων
462 2769 610 2806 ἐρήμωσιν.

896 229 1002 257 divinas
1016 230 1135 257 virtutes
1149 231 1342 265 complectens,
1366 237 1392 259 et
1411 236 1510 258 terram
1524 239 1538 257 a
1553 231 1677 258 mortali-

896 276 947 303 bus
961 280 1132 309 occupatam.
1150 275 1218 302 Dum
1234 281 1321 303 autem
1335 277 1433 304 ccelum
1446 276 1540 303 audire
1550 276 1638 310 jubet,
1650 279 1677 302 et

896 326 996 348 terram
1014 321 1126 348 auribus
1142 322 1290 356 percipere,
1308 322 1422 349 latentes
1437 323 1464 348 in
1475 322 1542 357 ipsis
1557 326 1676 356 potesta-

895 370 937 394 tes
951 367 1121 394 adhortatur.
1139 367 1172 394 Et
1187 368 1268 402 paulo
1288 372 1349 402 post
1364 377 1370 394 2
1388 368 1592 394 incitamentum
1604 374 1678 401 quaa-

896 413 965 440 renti
981 414 1119 448 propheta
1131 421 1184 449 quo
1197 413 1306 441 Judazos
1325 413 1359 440 ad
1370 413 1503 440 dictorum
1519 413 1677 440 memoriam

895 459 1063 492 concitaret,
1082 458 1274 494 proferendum
1292 463 1350 485 erat
1370 458 1433 485 coeli
1448 463 1473 485 et
1495 462 1575 485 teme
1601 457 1678 484 testi-

896 506 1037 537 monium,
1058 509 1104 538 ut,
1126 505 1234 532 etiamsi
1252 504 1352 531 fuerint
1367 503 1516 539 prophetici
1543 503 1677 531 sermonis

897 550 985 584 obliti,
1004 550 1159 585 conspectis
1182 550 1251 576 cmlo
1282 554 1309 576 et
1335 553 1418 581 terra,
1435 548 1515 575 verba
1529 546 1574 575 Dei
1597 548 1679 575 remi-

897 597 1077 624 nis-:erentur.

935 684 1017 711 Vens.
1046 683 1073 710 2.
1099 682 1240 717 [Filiorum
1270 685 1432 708 mentionem
1459 680 1523 707 facit
1549 679 1679 706 Dominus

899 736 925 760 et
943 739 990 759 eos
1005 730 1131 766 genuisse
1154 729 1270 760 fatetur,
1287 728 1411 755 indicans
1435 735 1488 753 non
1511 726 1613 752 alienos
1632 725 1681 752 ad-

898 776 1076 811 optivosque,
1101 774 1146 801 sed
1172 779 1313 802 creaturas
1342 781 1405 799 suas
1424 776 1534 806 paterna
1556 779 1620 797 cura
1643 770 1682 797 fu-

899 819 981 846 visse.
1008 818 1176 845 Exaltavisse
1197 825 1245 844 eos
1262 817 1329 843 dicit
1355 823 1484 850 quoque,
1509 815 1623 856 reditum
1647 821 1679 840 ex

865 857 887 884 Β
899 861 1016 898 [Egypto
1031 863 1160 894 innucns,
1176 865 1202 888 et
1218 861 1348 887 miracula
1366 864 1430 886 tunc
1453 853 1583 893 tetnporis
1599 858 1680 889 edita,

900 907 948 939 vel
957 911 1050 942 postea
1068 906 1167 934 Judaeis
1181 913 1322 933 concessa.
1345 905 1534 938 Contemptum
1557 904 1618 938 jure
1634 911 1682 930 vo-

900 952 1133 980 catdefcctionem
1145 953 1252 979 illorum
1268 956 1294 978 et
1308 951 1379 978 circa
1394 950 1539 977 simulacra
1551 957 1680 977 errorem.

897 1057 901 1064 .
936 1039 1019 1066 Vens.
1047 1040 1072 1066 8.
1093 1038 1232 1073 Significat
1253 1045 1385 1064 summam
1410 1036 1564 1063 Judteoruin
1585 1035 1684 1062 sterili-

900 1091 994 1114 tatem.
1015 1087 1104 1113 Donec
1119 1086 1192 1112 enim
1209 1085 1288 1112 bonis
1305 1084 1438 1110 fructibus
1458 1083 1586 1109 exuberat
1600 1082 1662 1108 vitis
1675 1102 1682 1113 ,

901 1140 951 1160 nec
967 1140 981 1159 a
998 1132 1169 1167 vigilantibus
1196 1130 1371 1162 destituitur,
1397 1138 1447 1156 nec
1467 1137 1482 1155 a
1504 1128 1684 1156 custodienti-

901 1179 963 1211 bns,
975 1179 1032 1212 qui,
1052 1177 1229 1204 tabernaculo
1244 1176 1404 1207 constituto,
1415 1168 1531 1209 desuper
1543 1182 1558 1201 e
1574 1173 1684 1201 sublimi

902 1224 1093 1259 speculantur,
1118 1228 1144 1250 et
1169 1221 1409 1257 circumspiciunt,
1436 1224 1462 1247 et
1485 1220 1567 1247 vitem
1596 1224 1686 1246 custo-

902 1270 998 1302 diunt;
1016 1270 1149 1296 fructibus
1174 1273 1263 1295 autem
1281 1267 1411 1298 sublatis,
1436 1276 1469 1294 ne
1487 1267 1514 1294 in
1531 1274 1630 1293 vanum
1647 1266 1685 1292 la-

901 1317 978 1343 boret
993 1319 1095 1347 custos,
1113 1315 1250 1342 desertum
1267 1314 1410 1348 dereliquit
1426 1312 1642 1344 tabernaculum,
1659 1316 1686 1339 et

902 1361 934 1389 de
948 1362 1064 1389 statione
1076 1360 1193 1388 decedit.

939 1406 1021 1435 Vens.
1037 1408 1063 1434 9.
1081 1407 1148 1434 Cum
1163 1407 1245 1435 lsrael
1261 1407 1346 1434 Deum
1357 1414 1411 1433 non
1420 1404 1586 1440 cognoverit,
1600 1411 1687 1438 neque

903 1461 965 1481 eum
981 1454 1097 1488 populus
1116 1453 1288 1486 intellexerit,
1305 1453 1351 1481 sed
1370 1460 1403 1479 ex
1430 1452 1495 1486 ipsis
1508 1459 1611 1482 semen,
1623 1458 1688 1485 apo-

906 1501 1018 1528 stolicus
1034 1501 1145 1533 chorus,
1165 1509 1226 1528 eum
1249 1505 1276 1528 et
1292 1501 1448 1536 cognoverit
1466 1504 1493 1528 et
1514 1499 1686 1530 intellexerit,

906 1547 1005 1574 merito
1022 1554 1036 1573 a
1048 1547 1126 1581 plebe
1143 1546 1328 1581 distinguitur.
1356 1545 1448 1581 Inepte
1467 1546 1566 1582 quippe
1582 1546 1688 1573 diceres

905 1593 1045 1627 apostolos
1061 1599 1152 1619 semen
1169 1591 1254 1619 fuisse
1273 1591 1431 1626 impiorum,
1444 1592 1478 1619 de
1491 1592 1590 1627 quibus
1607 1593 1689 1620 modo

905 1637 1008 1665 dictum
1024 1636 1118 1672 (Vens.
1131 1636 1159 1671 4)
1175 1646 1181 1663 :
1198 1646 1207 1662 c
1233 1636 1330 1663 Semen
1343 1645 1457 1671 nequam
1471 1637 1517 1664 lilii
1533 1637 1656 1665 scelesti'
1677 1647 1686 1663 ι

907 1683 996 1718 aptius
1010 1690 1057 1710 eos
1073 1689 1165 1710 semen
1183 1681 1375 1716 prophetarum
1398 1682 1547 1709 vocaveris.

942 1772 1025 1800 Vens.
1044 1772 1088 1800 16.
1109 1771 1167 1798 Non
1196 1771 1230 1799 iis
1257 1771 1428 1806 (lavamini)
1450 1770 1607 1802 lotionibus,
1631 1778 1691 1804 qua:

907 1818 1030 1852 corporis
1047 1821 1136 1844 cutem
1154 1816 1312 1849 emundant,
1330 1823 1385 1843 non
1400 1816 1471 1843 enim
1488 1815 1551 1842 huic
1577 1815 1692 1842 munda-

907 1867 982 1893 tione
994 1873 1078 1901 opus;
1091 1865 1138 1892 scd
1152 1864 1348 1900 spiritualibus,
1361 1872 1421 1899 qua:
1431 1869 1606 1898 peccatorum
1626 1863 1693 1890 cali-

909 1913 998 1947 ginem
1017 1912 1125 1939 auferre
1140 1910 1257 1946 possint,
1271 1914 1298 1937 et
1313 1910 1410 1937 sordes
1425 1909 1508 1936 animi
1523 1909 1652 1941 abluere;
1667 1913 1694 1935 et

909 1958 979 1985 mala
994 1965 1109 1992 qumque
1122 1956 1218 1992 procul
1232 1955 1374 1991 depellere.

946 2004 1028 2031 Vens.
1052 2003 1098 2030 29.
1121 2002 1189 2029 Nam
1215 2002 1344 2029 derelicto
1364 2001 1536 2028 benefactore
1555 2005 1582 2028 et
1600 1999 1694 2026 Salva-

910 2055 978 2083 tore,
996 2051 1075 2078 idolis
1092 2049 1188 2077 confisi
1215 2052 1279 2076 sunt
1301 2049 1390 2075 anima
1413 2052 1439 2074 et
1463 2050 1552 2074 mente
1578 2046 1695 2073 carenti-

911 2101 961 2126 bus
974 2108 980 2131 ;
1002 2097 1103 2124 idcirco
1112 2097 1185 2123 omni
1199 2096 1268 2123 bona
1280 2095 1351 2122 fama
1366 2094 1498 2126 destituti,
1513 2094 1695 2127 velutstnppa

912 2142 1220 2177 eomburentur(Vens.
1240 2142 1294 2177 51)
1314 2151 1323 2167 ί
1342 2146 1369 2168 et
1394 2148 1447 2167 non
1465 2140 1515 2167 erit
1531 2139 1578 2175 qui
1592 2139 1696 2166 exstin-

876 2198 897 2226 ι)
912 2195 985 2226 gnat.
1011 2199 1019 2215 ι
1046 2188 1114 2222 Quis
1131 2188 1203 2216 enim
1220 2191 1311 2223 posset
1325 2194 1372 2213 eos
1389 2187 1510 2220 eripere,
1538 2184 1592 2211 Deo
1617 2184 1695 2210 incu-

912 2236 1010 2265 sante?
1026 2235 1115 2262 lnnuit
1127 2234 1210 2269 igitur
1224 2241 1314 2261 sermo
1330 2231 1520 2260 confusionem
1538 2231 1564 2257 in
1580 2229 1695 2264 captivi—

912 2286 966 2308 tate
997 2281 1135 2312 futuram,
1162 2286 1224 2306 cum
1255 2279 1324 2305 bono
1348 2285 1456 2312 quoque
1485 2276 1570 2303 Judzei
1597 2276 1697 2302 fuerint

912 2328 986 2354 exuti
1000 2347 1007 2358 ,
1030 2331 1056 2354 et
1079 2335 1139 2361 spe.
1156 2325 1282 2361 depulsi,
1312 2332 1392 2359 quam
1420 2324 1446 2350 in
1479 2323 1559 2350 idolis
1579 2323 1698 2349 colloca-

913 2377 1016 2402 verant.

949 2421 1013 2449 CAP.
1029 2420 1061 2454 ll,
1075 2420 1158 2447 Vens.
1176 2420 1202 2446 l.
1223 2418 1275 2445 Seu
1289 2417 1400 2444 verbum
1410 2437 1416 2449 ,
1433 2423 1481 2443 seu
1496 2415 1564 2442 visio
1577 2415 1694 2445 dicatur,

914 2469 981 2495 nihil
1007 2469 1139 2499 interest;
1161 2473 1222 2493 nam
1247 2468 1273 2492 et
1292 2463 1442 2491 visionibus
1459 2462 1560 2496 aliquid
1579 2461 1696 2488 auditur.

917 2514 1031 2547 Quando
1052 2513 1124 2540 Deus
1144 2511 1209 2548 quid
1233 2510 1319 2538 oculis
1334 2509 1459 2544 subjicit,
1479 2508 1637 2543 cognitione
1657 2507 1698 2534 in-

919 2561 1034 2588 struitur
1050 2559 1168 2590 animus,
1186 2558 1258 2585 haud
1271 2565 1350 2585 secus
1371 2563 1402 2582 ac
1423 2555 1446 2582 si
1459 2558 1549 2581 mente
1561 2554 1698 2580 visionum

917 2613 1069 2634 sermonem
1084 2605 1254 2640 perciperet;
1268 2610 1294 2631 et
1309 2603 1401 2630 audito
1412 2601 1494 2629 verbo
1507 2621 1514 2632 ,
1539 2600 1576 2627 ita
1596 2599 1699 2625 illumi-

916 2656 998 2679 natur
1021 2659 1116 2684 mens,
1141 2650 1218 2684 quasi
1243 2657 1297 2676 uno
1319 2648 1418 2675 intuitu
1434 2652 1595 2673 cunctorum
1612 2644 1700 2671 scien-

919 2700 984 2726 tiam
1001 2697 1237 2732 complecteretur.
1253 2710 1289 2714 ——
1303 2694 1352 2721 llic
1365 2694 1422 2728 jam
1436 2701 1490 2720 non
1505 2695 1599 2719 contra
1614 2690 1701 2724 loqui-

918 2750 972 2776 tur.
990 2746 1036 2773 scd
1053 2745 1086 2772 de
1102 2743 1274 2779 (Jerusalem)
1286 2763 1292 2775 ,
1319 2742 1443 2769 indicans
1459 2749 1488 2769 se
1503 2740 1578 2775 prius
1591 2738 1702 2766 calami-

921 2786 991 2820 tates
1004 2791 1209 2818 denuntiavisse
1225 2792 1321 2817 contra
1341 2795 1387 2817 eos
1406 2789 1511 2815 futuras
1536 2790 1563 2816 et
1580 2785 1703 2816 locorum

920 2837 1107 2869 vastationem.
