1919 3075
219 106 284 134 1511

814 97 986 128 THEODORI
1007 95 1264 124 [IERACLEENSIS

1777 92 1848 120 1512

254 163 336 192 Vsus.
350 165 376 191 5.
390 163 481 198 ipsum
499 160 649 190 Salvator’is
677 159 763 186 nostri
787 165 938 186 sermonem
963 156 1001 182 le-

1089 152 1177 187 Νόμον
1192 152 1220 178 δὲ
1233 152 1310 178 καλεῖ
1326 152 1372 178 καὶ
1388 151 1465 185 λόγον
1481 150 1528 177 τοῦ
1543 151 1670 184 Σωτηρος
1683 147 1780 182 ημὶἷιν·
1801 156 1848 175 και

218 218 277 245 gem
296 209 421 237 vocavit:
439 207 538 243 quippe
566 206 611 241 qui
637 206 671 233 de
695 205 845 232 Jerusalem
861 202 1000 238 profectus

217 260 341 284 errantes
355 259 451 290 gentes
477 254 584 289 arguit,
607 261 661 280 non
676 254 803 288 judicans
827 253 940 285 dociles,
953 253 1001 279 sed

217 309 330 329 munera
344 301 463 336 largiens
479 300 691 334 agnoscentibus
705 306 775 326 enini.

251 346 336 374 Vsus.
356 346 399 373 18.
423 345 554 372 Malorum
579 352 661 372 causa
690 344 836 378 (idolorum
859 344 1000 380 eversio):

218 399 284 420 tunc
303 392 456 427 intelligent
485 399 514 419 se
540 391 642 418 frustra
671 390 755 417 Deum
775 390 950 423 deseruisse,
975 394 1002 417 et

217 439 364 467 inservisse
388 438 559 471 simulacris;
585 445 646 465 nam
662 441 811 472 agnoscent
836 436 1002 472 vespertilio-

217 491 266 512 nes
292 484 345 512 sibi
365 485 455 520 potius
483 484 610 512 colendas
638 483 722 511 fuisse
743 491 825 510 sensu
854 483 1000 518 praeditas,

217 537 298 565 quam
315 530 449 565 imagines
461 538 554 557 eorum
563 537 645 557 sensu
657 534 791 557 carentes.
804 528 890 561 Tunc,
903 529 1000 564 inquit,

219 577 369 605 imminenti
385 577 500 612 judicio,
521 585 574 604 non
588 580 695 604 astante
708 577 754 612 qui
772 577 917 608 liberaret,
944 584 1002 603 me-

219 623 271 651 rito
286 631 316 651 se
332 624 358 650 in
384 628 474 658 petras
490 623 670 654 abscondent.
687 622 721 650 de
737 623 849 658 quibus,
865 623 912 655 ait,
930 623 1001 650 idola

219 669 272 696 sibi
286 668 493 696 fabricaveram.
508 668 565 697 Non
578 668 704 704 poteritis
721 669 805 699 enim.
818 668 922 703 adjicit,
933 668 1001 695 iram

219 715 266 742 Dei
280 715 308 742 in
322 722 371 742 vos
386 719 549 742 commotam
561 714 686 745 sufferre,
703 714 750 741 sed
768 713 1003 741 demonstrabitur

219 760 351 796 fragilitas
368 765 467 794 vestra,
485 760 531 788 Dei
547 769 610 788 vero
624 761 751 796 majestas
763 760 913 795 apparebit.

253 891 316 919 CAP.
334 891 377 926 IV,
396 892 480 921 Vens.
494 894 520 920 4.
541 894 646 926 Quibus
660 894 748 922 verbis
765 894 892 922 salutaris
909 899 1002 922 noster

220 939 370 973 baptismus
388 939 575 974 significatur,
592 948 640 974 per
654 948 735 975 quem
749 940 898 976 prmserlim
913 941 1001 968 denuo

220 985 312 1012 mundi
325 986 535 1020 conspiciemur.
680 1016 685 1024 ί

252 1030 316 1057 Car.
333 1029 364 1062 V,
388 1030 470 1058 Vens.
489 1031 513 1058 1.
536 1031 622 1059 Voces
640 1032 698 1060 ista:
717 1041 726 1057 ‹
745 1033 771 1060 in
786 1040 883 1065 cornu,
897 1033 922 1060 in
943 1034 1002 1061 loco

219 1077 322 1112 pingui,
338 1087 348 1103 ι
362 1078 490 1105 selectum
511 1078 596 1106 fuisse
616 1078 704 1106 locum
732 1079 888 1112 declarant,
905 1079 1002 1108 distin-

218 1128 354 1158 clumque.
377 1123 464 1151 Vitem
491 1125 610 1159 sepsisse
633 1124 711 1157 dicit,
730 1130 757 1152 et
788 1126 946 1159 vallavisse,
976 1131 1003 1154 et

219 1169 400 1203 plantavissc,
429 1173 456 1196 ct
475 1169 653 1198 :edilicavisse
679 1171 795 1203 turrim,
817 1175 847 1198 ut
872 1177 1003 1199 memoret

219 1215 311 1249 quanti
336 1214 445 1243 Judzeos
471 1215 582 1249 fecerit,
600 1221 702 1251 quanta
729 1217 890 1244 custodierit
914 1225 1001 1250 cura,

218 1265 320 1295 quanto
334 1262 424 1289 studio
446 1270 494 1297 per
514 1262 663 1297 prophetas
679 1263 814 1291 docuerit.
833 1263 872 1290 ita
887 1264 1003 1291 excultis

219 1314 272 1332 non
289 1306 373 1341 spina:
387 1307 504 1334 ferendae
518 1312 606 1340 erant,
629 1307 676 1334 sed
693 1308 844 1343 condignus
860 1308 965 1335 fructus
976 1313 1004 1335 et

219 1352 358 1380 laboribus
371 1354 545 1381 conveniens.
564 1355 657 1381 Talem
673 1358 763 1382 autem
779 1354 898 1382 fructum
915 1355 949 1382 ab
962 1355 1002 1382 cis

221 1405 272 1424 non
289 1397 374 1425 fuisse
386 1399 487 1426 editum
504 1403 619 1426 testatur
641 1400 727 1435 spinae
745 1408 845 1427 corona
869 1400 1003 1428 Salvatori

221 1443 348 1479 Imposita
360 1464 367 1477 ,
386 1444 470 1479 figura
489 1445 629 1480 spinarum
649 1446 676 1472 in
701 1446 799 1474 animis
814 1447 966 1474 latentium.

252 1544 316 1572 Car.
335 1545 429 1577 XXIII.
446 1545 527 1574 Vens.
548 1547 591 1574 17.
620 1546 745 1582 (Tyrum)
760 1547 826 1574 dicit
843 1555 857 1574 a
872 1547 926 1575 Deo
942 1552 1004 1583 post

220 1595 344 1626 acceptas
368 1599 464 1627 pinnas
484 1592 647 1620 visitandam
665 1601 726 1621 esse
739 1614 746 1626 ,
773 1597 799 1621 et
815 1594 842 1621 in
864 1595 1002 1629 antiquam

220 1637 318 1666 famam
339 1639 590 1674 restituendamLut
606 1639 661 1667 Deo
676 1640 773 1675 opibus
801 1641 943 1672 inserviat,
956 1648 1004 1675 per

220 1686 430 1721 negotiationem
453 1687 612 1721 requisitis:
632 1695 692 1722 quae
705 1686 856 1715 Jerusalem
879 1688 1004 1715 habitan-

220 1730 292 1758 tibus
315 1732 456 1766 perutilia.
485 1736 515 1759 ut
530 1733 558 1759 in
576 1731 726 1768 Seripturis
744 1733 831 1761 sacris
844 1753 851 1766 ,
874 1740 1004 1769 regnante

221 1776 331 1810 Iliram,
351 1777 499 1813 contigisse
515 1783 643 1806 narratur
659 1779 677 1805 '.

253 1823 318 1851 CAP.
336 1823 524 1856 XXVI,Vens.
542 1824 568 1852 9.
589 1825 701 1853 Animas
715 1825 751 1852 ita
765 1825 913 1860 dispositas
935 1827 1004 1854 dicit

221 1876 299 1897 mane
317 1877 482 1906 consurgere
500 1871 532 1898 ad
549 1871 718 1899 exhibendas
737 1871 771 1899 de
799 1874 941 1908 prmteritis
958 1882 1003 1902 rc-

221 1915 270 1942 bus
293 1915 396 1950 gratias
410 1925 417 1942 :
434 1923 522 1951 neque
538 1915 611 1943 enim
626 1924 690 1948 nox,
708 1916 810 1944 homini
831 1918 864 1944 ad
878 1925 1005 1945 rerream

220 1962 284 1988 dum
301 1970 401 1998 corpus
413 1963 487 1996 data,
504 1963 672 1991 dormientes
697 1964 809 1992 reﬁcere
831 1969 933 1999 posset,
950 1965 1003 1992 nisi

221 2007 316 2035 fuisset
331 2008 382 2034 hoc
397 2015 412 2034 a
427 2007 481 2035 Deo
495 2008 688 2041 constitutum;
701 2009 801 2043 optime
816 2009 898 2044 igitur
909 2013 935 2036 et
947 2017 1004 2035 ma-

221 2051 339 2078 tutinum
369 2057 476 2087 tempus
506 2057 621 2088 occupat
647 2054 708 2080 tatis
737 2054 842 2085 anima,
866 2058 892 2081 ut
923 2058 948 2081 et
971 2054 1004 2082 de

221 2098 366 2133 praeteritis
387 2099 470 2126 rebus
494 2099 595 2134 gratias
621 2100 741 2133 referat,
759 2105 786 2127 et
806 2100 839 2127 ad
858 2100 928 2127 diem
946 2100 1004 2135 jam

220 2145 388 2173 exorientem
415 2153 493 2180 opem
523 2145 635 2181 ﬂagitet.
656 2146 802 2181 Praeceptis
826 2146 870 2173 Dei
888 2152 1003 2175 mentem

222 2192 328 2226 piorum
358 2192 516 2224 illuminari,
549 2191 738 2227 manifestum;
774 2201 837 2220 nam
871 2196 900 2219 ut
928 2193 1000 2220 omni
1018 2191 1040 2216 D

202 2249 208 2254 -
221 2238 305 2266 verbo
318 2237 364 2266 Dei
380 2239 462 2265 alitur
481 2239 571 2266 anima
582 2239 604 2272 ¹,
619 2239 655 2266 ita
669 2245 696 2267 et
709 2240 781 2266 omni
794 2243 928 2274 praecepto
943 2239 1004 2267 illu-

222 2287 323 2311 stratur
337 2288 364 2312 et
380 2285 558 2312 illuminatur.

258 2415 339 2444 Vens.
358 2416 400 2443 10.
419 2417 515 2444 Studio
530 2417 613 2454 igitur
623 2419 721 2454 cuique
742 2419 777 2447 sit
790 2423 817 2447 ct
830 2428 912 2453 curse,
923 2421 1004 2456 justi-

223 2462 287 2488 tiam
303 2461 419 2490 discere.
436 2463 494 2490 Non
509 2463 582 2491 enim
601 2465 727 2500 justitia,
752 2467 829 2501 quasi
847 2471 940 2495 nostra
956 2476 1007 2502 na;

222 2513 282 2534 tura
295 2507 448 2542 inhaereret,
461 2510 496 2536 ita
506 2509 674 2539 nobisinsita
688 2515 740 2545 est,
753 2516 782 2540 ut
796 2521 855 2541 eam
871 2514 912 2541 vel
927 2514 1004 2542 incu-

257 2583 307 2611 ¹111
322 2584 385 2620 Reg.
404 2593 442 2620 xl,
462 2586 490 2613 11
507 2595 570 2622 sqq.
606 2589 723 2618 ’Matth.
740 2597 776 2622 tv,
792 2590 820 2619 4.

261 2662 299 2698 (2)
320 2664 478 2701 Sequuntur
497 2666 620 2701 ingentes
638 2667 664 2695 in
685 2667 845 2696 Heracleota
860 2674 954 2698 nostro
969 2671 1008 2698 la-

224 2705 300 2737 cunae
314 2703 370 2737 tum
382 2700 413 2737 in
424 2700 474 2727 hoc
489 2700 545 2728 tum
563 2702 589 2728 in
604 2703 702 2733 altero,
716 2712 796 2737 quem
812 2706 949 2737 Consului.
962 2713 1007 2733 ca—

225 2735 293 2775 tena:
314 2733 346 2760 ad
363 2734 464 2775 lsaiam
479 2743 530 2763 ms.
541 2738 706 2775 exemplari.
723 2733 755 2765 Et
777 2740 887 2773 quidem
903 2733 952 2775 par
965 2746 1007 2768 cst

225 2769 368 2807 utriusque
380 2770 481 2807 codicis
497 2771 577 2803 ratio,
593 2769 668 2799 ita'ut
683 2773 751 2801 alter
762 2769 794 2800 ei
810 2775 896 2801 altero
905 2769 1007 2802 exscri-

226 2804 288 2834 ptus
302 2802 434 2830 videatur.
446 2804 500 2832 Cur
515 2802 603 2834 autem
619 2811 692 2834 tanta
706 2809 836 2836 omissioE
862 2809 1003 2838 iicraclco-

1053 204 1107 235 γάρ
1132 199 1185 226 ἀπὸ
1203 197 1379 234 Ἰερουσαλὴμ
1398 197 1499 232 φανεὶς,
1523 195 1618 230 ἤλεγξε
1643 195 1694 230 μὲν
1720 194 1758 220 τὰ
1782 193 1848 230 ἔθνη

1053 245 1230 280 πλανώμεναο
1258 245 1289 270 οὐ
1318 242 1490 278 κατακρίνων
1517 241 1759 276 ὁμολογήσαντας,

1053 292 1240 326 ἐπεγνωκότας
1250 289 1410 326 εὐεργετῶν.

1087 349 1127 375 Τὰ
1143 348 1196 375 τῶν
1219 347 1310 375 κακῶν
1328 347 1412 374 αῐτια·
1433 347 1472 378 εἰς
1492 345 1664 380 συναίσθησιν
1687 342 1848 379 ἐρχόμενοι,

1051 395 1090 422 ὅτι
1108 394 1151 428 δὴ,
1169 395 1255 430 μάτην
1274 393 1466 424 καταλιπόντες
1486 393 1528 419 τὸν
1552 391 1634 422 Θεὸν,
1651 390 1748 421 αὐτοῖς
1764 397 1850 425 προσ-

1052 441 1174 468 εκύνουν⁶
1191 441 1394 474 ἁναλογίσονται
1409 439 1463 474 γὰρ
1474 459 1481 469 ,
1491 439 1531 464 ὅτι
1545 437 1576 472 δὴ
1587 436 1688 472 μᾶλλον
1702 435 1849 470 νυκτερίσι

1053 485 1236 522 προσεκύνουν
1248 486 1307 518 ταῖς
1318 486 1346 512 ὲν
1357 484 1461 516 τούτοις
1476 482 1701 519 ὲμφωλευούσαις
1716 480 1850 515 αἴσθησιν

1053 531 1234 567 κεκτημέναις
1252 531 1268 566 ἦ
1285 532 1340 562 τοῖς
1355 530 1455 557 τούτων
1473 529 1654 563 καταγωγίοις
1668 526 1851 561 ἀναισθήτοξ

1051 576 1121 604 οὖσι.
1141 578 1195 613 Τῆς
1210 576 1302 612 δίκης,
1319 576 1410 612 φησὶν,
1423 576 1494 611 ὑμᾶς
1513 573 1734 608 καταλαϐούσης,
1753 572 1802 599 καὶ
1815 571 1850 606 μή

1053 623 1128 656 ὄντος
1139 623 1185 650 τοῦ
1199 622 1390 659 βοηθήσαντος,
1403 621 1546 649 ἀκόλουθον
1560 622 1600 652 εἰς
1611 619 1662 652 τὰς
1675 620 1787 655 πέτρας
1803 627 1850 644 κα-

1052 669 1266 705 τακρύπτεσθαι·
1283 668 1313 700 ὲξ
1332 665 1423 703 ὦνπερ
1434 689 1441 699 ,
1456 668 1530 703 φησὶ,
1549 667 1595 693 καὶ
1609 666 1645 693 τὰ
1662 665 1766 692 εἴδωλα
1788 665 1848 690 ἐλα-

1054 715 1175 748 ξεύσατε·
1189 715 1249 741 οὐδὲ
1263 714 1316 749 γὰρ
1329 713 1439 747 ἐνέγκαι
1454 711 1610 747 δυνήσεσθε,
1624 711 1705 745 φησὶ,
1722 710 1775 745 τὴν
1791 709 1849 736 καθ’

1053 761 1129 796 ὑμῶν
1145 760 1300 796 κινηθεῖσαν
1316 759 1391 794 παρὰ
1406 758 1452 785 τοῦ
1468 757 1536 784 Θεοῦ
1551 758 1644 793 ὀργήν·
1668 756 1741 782 ἀλλὰ
1756 756 1788 782 τὸ
1803 755 1850 790 μὲν

1054 807 1185 842 ὑμέτερον
1200 805 1311 837 ἀσθενὲς
1322 803 1562 840 ὁμολογηθήσεται’
1579 803 1705 837 φανεῖται
1725 801 1755 828 δὲ
1769 802 1786 836 ἡ
1805 809 1848 836 μία

1051 852 1190 887 γαλειότης
1206 851 1251 878 τοῦ
1267 851 1332 877 Θεοῦ

1088 899 1125 924 Τὸ
1140 898 1200 924 καθ’
1216 898 1289 932 ἡμᾶς
1305 897 1439 932 σωτήριον
1459 896 1600 931 βάπτισμα
1625 894 1794 930 σημαίνεται
1808 894 1849 919 διὰ

1051 943 1168 970 τούτων*
1181 943 1214 970 δι’
1230 939 1260 969 οὗ
1275 943 1392 978 μάλιστα
1409 941 1523 977 καθαροὶ
1539 941 1568 973 ἐξ
1587 940 1719 975 ὑπαρχῆς
1744 939 1847 966 ἀναδει-

1052 988 1175 1024 κνὺμεθα

1087 1046 1123 1072 Τὸ
1144 1046 1182 1079 δὲ,
1205 1055 1214 1071 ι
1226 1046 1256 1072 ἐν
1271 1046 1376 1081 κέρατι,
1392 1046 1420 1071 ἐν
1435 1045 1509 1080 τόπῳ
1530 1044 1612 1076 πίονι,
1635 1053 1645 1069 ι
1663 1043 1695 1069 τὸ
1710 1043 1847 1077 ἐξαίρετον

1053 1091 1099 1117 καὶ
1123 1090 1323 1126 κεχωρισμένον
1347 1089 1393 1116 τοῦ
1416 1090 1499 1116 τόπου
1513 1089 1596 1124 δηλοῖ.
1610 1087 1747 1124 Φραγμὺν
1761 1087 1790 1113 δὲ
1805 1088 1847 1114 καὶ

1055 1135 1178 1170 χάρακας
1191 1137 1237 1162 καὶ
1251 1135 1376 1170 φύτευμα
1387 1135 1433 1161 καὶ
1441 1134 1584 1169 οἰκοδομὴν
1597 1134 1676 1167 λέγει
1692 1134 1746 1167 τήν
1761 1141 1791 1158 τε
1805 1131 1847 1158 τοῦ

1053 1181 1146 1215 γένους
1173 1181 1347 1216 περιποίησιν
1363 1181 1409 1207 καὶ
1430 1180 1479 1216 τὴν
1503 1179 1586 1206 αὑτοῦ
1605 1179 1734 1215 φρουρὰν
1747 1179 1795 1205 καὶ
1809 1178 1846 1204 διὰ

1056 1226 1202 1261 προφητῶν
1221 1226 1389 1261 ἐπιμέλειαν,
1406 1227 1439 1253 δι’
1456 1223 1493 1252 ὧν
1513 1225 1622 1252 πάντων
1640 1224 1845 1259 γεωργούμενοι

1054 1271 1104 1297 οὐκ
1115 1271 1236 1304 ἀκάνθας
1254 1272 1346 1308 φέρειν
1365 1272 1504 1307 ἠδύναντο,
1529 1271 1597 1298 ἀλλὰ
1612 1271 1660 1298 τὸν
1674 1271 1790 1303 ἐπάξιον
1803 1272 1845 1296 καὶ

1057 1318 1232 1353 προσήκοντα
1249 1317 1304 1344 τῶν
1322 1317 1410 1344 πόνων
1432 1318 1547 1353 καρπόν.
1564 1318 1626 1344 Ὅτι
1641 1317 1669 1343 δὲ
1684 1318 1714 1343 οὗ
1728 1316 1844 1346 τοιοῦτος

1056 1363 1069 1388 ὁ
1082 1364 1222 1399 κομισθεὶς
1235 1364 1298 1400 παρ’
1316 1364 1406 1390 αὐτῶν
1421 1363 1539 1399 καρπὸς,
1553 1365 1691 1398 μαρτυρεί
1707 1364 1721 1388 ὁ
1736 1362 1776 1397 τῷ
1794 1363 1842 1388 Σω-

1055 1409 1119 1444 τῆρι
1137 1410 1216 1445 ἡμῶν
1242 1410 1376 1442 ἐπιτεθεὶς
1399 1410 1543 1441 ἁκάνθινος
1566 1409 1712 1443 στέφανος,
1730 1409 1840 1442 ἐγκαλύ-

1055 1463 1129 1482 πτων
1151 1455 1197 1482 τὸν
1210 1456 1300 1491 ἀφανῆ
1321 1457 1350 1482 ὲν
1374 1455 1474 1490 ψυχαῖς
1501 1455 1648 1490 ἀκανθώδη
1670 1453 1763 1481 αὐτῶν
1785 1454 1842 1489 τρὸ-

1016 1508 1037 1536 ε
1055 1510 1105 1527 πον
1124 1501 1171 1537 (ε).

1096 1558 1151 1592 Τὴν
1183 1558 1326 1593 ἐπίσκεψιν
1353 1559 1398 1585 τοῦ
1421 1559 1487 1586 Θεοῦ
1511 1559 1558 1595 τὴν
1589 1558 1659 1594 μετᾶ
1675 1558 1724 1593 τὴν
1743 1558 1842 1592 πληγὴν

1057 1604 1206 1640 γενομένην
1219 1605 1304 1639 λέγει,
1320 1605 1358 1636 ὡς
1372 1607 1410 1637 εἰς
1422 1606 1470 1640 τὴν
1484 1605 1602 1641 ἀρχαίαν
1620 1604 1754 1640 ἐπανήξει
1769 1602 1843 1635 δόξαν

1056 1643 1248 1685 δωροφόροῦσα
1272 1650 1309 1685 τῷ
1327 1650 1386 1686 Θεῷ
1410 1651 1442 1685 ὲκ
1458 1651 1503 1677 τοῦ
1525 1650 1761 1685 ὲπισυναγομένου
1779 1650 1842 1684 αὐτῇ

1058 1695 1159 1730 σπόρου
1172 1696 1204 1722 ἐκ
1226 1696 1275 1731 τῆς
1295 1697 1440 1732 ὲμπορξας,
1453 1696 1469 1722 ἂ
1486 1696 1561 1722 ἔσται
1577 1698 1632 1728 ταῖς
1645 1697 1674 1722 ἐν
1692 1697 1725 1730 τῇ
1750 1696 1843 1730 Ἰερου-

1058 1741 1148 1776 σαλὴμ
1178 1741 1334 1768 κατοικοῦσι
1360 1742 1507 1777 πρόσοδος·
1529 1742 1624 1777 ὥσπερ
1646 1740 1694 1768 οὖν
1725 1741 1774 1768 καὶ
1803 1742 1844 1767 ἐπὶ

1056 1786 1102 1813 τοῦ
1118 1781 1225 1822 Χειράμ
1237 1787 1376 1823 ἱστόρηται
1395 1787 1470 1822 παρὰ
1483 1788 1533 1822 τῆς
1549 1787 1625 1818 θείας
1647 1787 1771 1822 Γραφῆς.

1100 1833 1258 1859 Ἀκόλουθον
1272 1833 1320 1864 τὰς
1333 1832 1404 1859 οὕτω
1426 1833 1600 1868 διακειμένας
1613 1832 1705 1867 ψυχας
1723 1831 1843 1858 σπεύδει-ι

1057 1878 1085 1903 ἐν
1097 1879 1153 1909 τοῖς
1178 1878 1284 1914 ὃρθροις
1304 1878 1457 1905 ἀποδιδόναι
1480 1879 1526 1910 τὰς
1542 1878 1719 1913 εὐχαριστίας
1731 1878 1778 1903 ἐπὶ
1794 1877 1843 1903 τῶν

1058 1924 1298 1960 παρεληλυθότων·
1319 1925 1378 1951 οὐδὲ
1393 1925 1446 1960 γὰρ
1463 1924 1512 1956 νὺξ
1526 1926 1542 1959 ὴ
1561 1925 1601 1956 εὶς
1617 1924 1779 1950 ἀνάπαυλαν
1796 1924 1843 1950 τῶν

1058 1969 1191 2004 σωμάτων
1212 1969 1318 1995 δοθεῖσα
1335 1969 1490 1996 ἀναπαῦσαι
1509 1969 1652 2004 δυνήσεται
1669 1969 1714 1996 τὸν
1738 1969 1766 1994 ἐν
1781 1969 1842 2002 αὐτῇ

1058 2015 1241 2047 ὑπνώττοντα,
1271 2017 1294 2042 εὶ
1321 2017 1357 2052 μή
1384 2015 1433 2042 πού
1457 2024 1487 2049 γε
1515 2015 1620 2041 ἐκείνου
1643 2015 1772 2050 σύνθημα
1794 2014 1860 2048 εἴη·

1064 2061 1232 2096 Ἀναγκαίως
1257 2059 1303 2088 οὖν
1317 2063 1334 2096 ἡ
1355 2062 1465 2097 τοιαύτη
1495 2061 1567 2096 ψυχὴ
1584 2062 1632 2088 καὶ
1643 2062 1707 2092 τοὺς
1735 2060 1842 2096 ὄρθρους

1059 2107 1254 2142 προλαμϐάνει,
1267 2107 1309 2134 ἴνα
1318 2107 1364 2133 καὶ
1380 2108 1443 2143 περὶ
1454 2107 1507 2134 τῶν
1526 2106 1756 2142 παρεληλυθότων
1770 2107 1841 2141 εὐχα-

1061 2153 1186 2189 ριστήσῃ,
1203 2153 1250 2179 καὶ
1266 2154 1329 2188 περὶ
1344 2153 1392 2188 τῆς
1410 2153 1560 2188 μελλούσης
1574 2153 1657 2179 αὑτὸν
1676 2152 1840 2184 διαδέξασθαι

1058 2199 1163 2233 ἡμέρας
1174 2199 1361 2234 παρακαλέσῃ.
1381 2199 1449 2225 Ὑπὸ
1465 2199 1492 2225 δὲ
1501 2198 1555 2225 τῶν
1564 2198 1787 2235 προσταγμάτων
1800 2197 1838 2224 τοῦ

1056 2244 1123 2270 Θεοῦ
1138 2242 1302 2278 φωτὶζεσθαι
1319 2244 1368 2280 τὴν
1387 2244 1505 2271 διάνοιαν
1519 2244 1572 2271 τῶν
1589 2244 1712 2270 εὐσεϐῶν
1727 2243 1836 2279 εὔδηλον·

1056 2289 1149 2324 ὥσπερ
1163 2289 1215 2325 γὰρ
1230 2290 1258 2315 ὲν
1279 2290 1360 2315 παντὶ
1381 2290 1482 2325 ῥήματι
1498 2289 1565 2315 Θεοῦ
1585 2289 1719 2324 τρέφεται
1732 2290 1748 2324 ἡ
1763 2289 1836 2324 ψυχὴ,

1055 2334 1142 2366 οὕτως
1155 2335 1201 2361 καὶ
1222 2335 1250 2360 ὲν
1276 2335 1355 2362 παντὶ
1369 2335 1560 2371 προστάγματι
1582 2335 1838 2369 καταυγάζεταικαὶ

1057 2380 1210 2414 φωτίζεται.

1093 2427 1197 2462 Σπουδὴ
1210 2427 1298 2453 τοίνυν
1313 2427 1437 2454 ἑκάστων
1452 2427 1509 2453 ἐστὶ
1524 2427 1571 2454 καὶ
1587 2427 1690 2463 μελέτη
1706 2427 1737 2454 τὸ
1751 2427 1828 2454 δικαίη

1059 2473 1141 2506 σύνην
1171 2472 1266 2508 μαθεῖν
1279 2481 1285 2488 ·
1312 2473 1372 2499 οὐδὲ
1402 2473 1456 2508 γὰρ
1473 2472 1510 2504 ὡς
1524 2472 1553 2498 ’ἐν
1565 2481 1591 2498 τι
1608 2472 1665 2498 τῶν
1679 2473 1710 2499 ὲν
1725 2474 1758 2508 τῇ
1772 2472 1837 2507 ιξὺπι

1058 2517 1191 2552 κειμένων
1224 2518 1271 2544 καὶ
1290 2518 1368 2544 τοῦτο
1391 2518 1456 2553 ἡμῖν
1477 2518 1667 2553 συμπέφυκεν.
1690 2518 1736 2544 ἵνα
1757 2518 1837 2553 ἀμελε-

1062 2675 1117 2698 tam
1142 2671 1252 2706 quidem
1278 2671 1413 2706 integrum
1442 2671 1672 2706 commentarium
1701 2671 1836 2699 confecisse

1062 2714 1115 2733 non
1131 2705 1244 2738 dubito;
1260 2706 1306 2733 sed
1318 2705 1421 2733 catenae
1432 2711 1527 2733 auctor
1537 2705 1634 2734 codice
1645 2707 1742 2741 aliquo
1755 2714 1835 2734 maneo

1063 2742 1179 2769 fortasse
1208 2741 1353 2773 utebatur;
1381 2749 1469 2776 neque
1493 2741 1566 2768 enim
1594 2746 1635 2768 tot
1660 2742 1836 2770 commentarii

1062 2781 1153 2811 partes
1169 2780 1265 2811 sponte
1285 2777 1491 2811 praetermisisse
1510 2776 1632 2804 videtur.
