1919 3075
66 132 141 159 1315

807 135 837 163 ΙΝ
859 135 985 166 ISAIAM.

1619 139 1686 166 15H

63 190 161 225 τήτως
189 188 254 215 αὐτὸ
271 189 386 224 ἔχωμεν,
406 190 499 227 ὥσπερ
522 190 567 218 οὖν
582 192 611 219 τὸ
627 193 734 228 βλέπειν
749 194 765 229 ἦ
781 194 854 229 βαδί-

909 195 973 222 riosi
989 203 1200 230 consequamur,
1212 195 1438 230 quemadmodum
1454 195 1686 223 oculisintucmur

65 234 128 266 ζειν
140 243 146 249 ·
162 234 220 261 ἀλλ’
230 235 334 270 ἑκάστῳ
347 237 425 272 χρεία
440 238 564 273 σπουδῆς,
583 238 650 274 πρὸς
664 239 694 266 τὸ
703 240 852 275 ἀποστῆσαι

66 280 120 315 μὲν
132 281 181 316 τὴν
198 281 315 309 διάνοιαν
326 283 441 315 ἀδικίας,
454 285 615 319 προσλαϐεῖν
628 286 656 312 δὲ
671 286 851 322 δικαιοσύνην·

67 326 127 353 ἰδοὺ
144 327 198 362 γὰρ
212 327 236 354 ot
249 328 277 354 ἐν
290 329 402 364 ἀσεϐείᾳ
416 329 547 364 ζήσαντες
567 330 687 358 ἐκποδὼν
700 333 851 368 γεγόνασιν·

65 372 131 399 οὐδὲ
143 373 196 409 γὰρ
215 371 269 400 οἷόν
283 375 312 401 τέ
333 376 405 402 ἐστιν
419 375 545 410 ἀληθείας
571 379 688 414 ἐργάτην
712 379 853 414 εὑρεθῆναι

66 419 116 445 τὸν
140 419 176 455 μὴ
191 419 362 456 δικαιοσύνην
375 420 568 457 μελετήσαντα.
587 440 620 444 -
640 424 854 460 Ἐκλαμϐἁνεται

66 464 159 491 ταῦτα
173 465 220 491 καὶ
231 466 270 496 είς
283 465 328 492 τὸν
344 465 475 498 διάϐολον,
499 468 544 494 καὶ¹
561 469 601 500 εἰς
616 470 678 502 τοὺς
695 471 854 506 ἀγνώμονας

74 510 235 543 Ἰουδαίους,
265 511 311 544 ὡς,
339 512 442 539 πολλῶν
470 514 631 549 εὐεργεσιῶν
652 516 787 550 τυχόντες,
815 516 854 543 ἔτι

68 554 203 590 ἐπέμενον
224 556 254 581 τὸ
270 555 346 591 ὄμμα
361 558 410 593 τῆς
431 559 549 590 διανοίας
568 561 776 595 κεκαμμυκότες
788 570 794 576 ·
807 562 853 588 τοῦ

68 600 126 635 γὰρ
149 601 251 636 Κυρίου
269 603 345 638 ἡμῶν
368 604 453 640 Ἰησοῦ
478 605 594 640 Χριστοῦ
626 607 852 642 ἐπιδημήσαντος,

68 645 119 670 καὶ
147 646 200 672 τῶν
224 645 308 673 ἐθνῶν
325 649 535 680 πιστευσάντων,
558 646 629 677 οὗτοι
647 651 677 677 οὐ
694 652 772 685 μόνον
791 653 854 687 περὶ

68 690 116 716 τὸν
130 690 276 725 εὐεργέτην
298 692 451 727 ἀγνώμονες
469 695 621 728 γεγόνασιν,
641 695 707 722 ἀλλά
725 696 772 722 καὶ
783 695 854 731 ζήλῳ

69 735 183 770 πονηρῷ
189 736 370 771 ἐκκαιόμενοι,
381 747 413 764 πε
417 739 554 773 ρίκαυστοι
565 740 690 774 γενέσθαι
699 741 852 776 ἠϐούλοντο,

69 779 146 815 ἤπερ
157 781 222 816 ὁρᾷν
237 781 272 807 τὰ
286 781 347 817 ἔθνη
361 782 509 818 σωζόμενα.

113 825 244 852 Ἐνταῦθα
270 826 317 862 τὴν
344 827 518 855 ἀνταπόδοσιν
536 830 620 863 λέγει,
639 831 687 866 τὴν
698 833 758 858 κατ⁸
777 832 855 865 ἀξίαν

70 869 128 895 τῶν
157 871 363 908 ἁμαρτημάτων
376 875 540 910 ἐπαχθεῖσαν
559 876 653 911 δίκην·
675 878 785 905 ἐκείνων
800 879 854 915 γὰρ

70 917 192 950 πάντων,
220 920 310 954 φησὶν,
338 921 402 955 ἡμῖν
425 921 541 952 ’δικαίως
558 923 790 950 ἁνταποδοθέντων
808 920 854 951 καλ.

70 961 167 997 ὥσπερ
183 962 262 998 χρέος
277 964 452 996 ὲκτισάντων,
468 965 565 996 ἀπόδος
578 967 644 1000 ἡμῖν
661 966 706 992 τὸν
723 968 854 1001 μονογενῆ

70 1007 137 1035 Υίόν
166 1017 226 1034 σου·
246 1009 305 1036 οὐδὲ
319 1009 373 1046 γὰρ
401 1010 479 1042 ἄλλος
490 1012 531 1043 τίς
544 1012 617 1038 ἐστιν
635 1011 704 1047 ἴαμα
720 1012 797 1047 ἡμῶν
810 1013 825 1048 ἢ
841 1014 855 1040 ό

73 1055 220 1088 μονογενής
234 1062 279 1080 σου
292 1055 356 1086 Υἱὸς
369 1057 588 1092 παραγενόμενος
614 1057 660 1084 ἐπὶ
672 1058 734 1093 γῆς.

108 1099 169 1126 Ὅτι
200 1101 249 1135 μὲν
265 1102 281 1137 ἡ
304 1102 411 1129 πάντων
429 1103 571 1130 δεσποτεία
591 1105 711 1140 προσῆκε
732 1106 771 1141 τῷ
785 1106 852 1142 Θεῷ,

71 1144 155 1171 παντὶ
177 1144 263 1180 δῆλον,
292 1146 338 1172 καὶ
355 1147 404 1172 οὐκ
419 1147 451 1174 ἄν
466 1157 508 1179 τις
523 1149 696 1183 ὑπονοήσειεν
716 1151 793 1182 ἐκτὸς
807 1152 854 1187 τῆς

71 1191 228 1223 δεσποτείας
241 1191 287 1218 τοῦ
295 1192 363 1219 Θεοῦ
377 1191 445 1220 εἷναί
455 1203 525 1221 τινα.
537 1195 573 1221 Τὸ
581 1193 637 1227 οὖν,
652 1196 758 1231 Κτῆσαι
770 1197 852 1232 ἡμᾶς,

72 1235 186 1262 ἐνταῦθα
212 1236 346 1270 λέλεκται,
363 1238 402 1264 ὅτι
421 1238 464 1265 διὰ
481 1239 530 1275 τῆς
545 1240 590 1266 τοῦ
616 1242 773 1276 μονογενοῦς
789 1242 854 1269 Υἱοῦ

73 1289 120 1308 σου
149 1283 299 1317 παρουσίας
321 1283 528 1320 λυτρωσάμενος
549 1287 636 1322 ἡμᾶς,
663 1287 783 1322 ᾠκείωσε
809 1289 854 1316 καὶ

72 1328 249 1364 περιεποίησε
264 1329 449 1365 νεκρωθέντας
464 1333 524 1363 ταῖς
540 1333 695 1368 ἁμαρτίαις.

107 1374 139 1399 Οἱ
163 1373 216 1409 γὰρ
234 1375 428 1410 νενεκρωμένοι
456 1378 514 1408 ταῖς
539 1378 686 1413 ἁμαρτίαις
701 1379 730 1405 οὐ
751 1380 854 1414 μήποτε

70 1419 215 1447 θεάσονταί
241 1429 287 1447 σε·
301 1421 404 1456 νεκρῶν
425 1422 479 1457 γὰρ
510 1423 594 1450 ὅντων
616 1423 670 1450 τῶν
686 1424 754 1450 κατὰ
775 1424 854 1459 φύσιν

70 1466 226 1502 γενομένων
255 1466 369 1502 νεκρῶν,
398 1468 445 1494 καὶ
468 1468 571 1504 νεκρῶν
581 1468 640 1494 τῶν
663 1469 854 1504 νεκρωσάντων

904 247 951 267 aut
978 241 1093 276 pedibus
1118 241 1285 274 incedimus;
1309 241 1357 269 sed
1384 241 1476 268 studio
1492 241 1590 275 cuique
1617 249 1685 277 Opus

904 290 946 313 est
958 307 965 318 ,
987 291 1016 313 ut
1040 286 1181 321 iniustitia;
1201 293 1312 313 sensum
1328 285 1404 320 prius
1418 289 1508 317 exuat,
1525 290 1552 312 et
1566 285 1628 312 dein
1644 286 1685 312 iu-

904 331 972 358 duat
985 331 1131 366 justitiam.
1153 332 1221 360 Ecce
1238 336 1329 359 autem
1345 332 1426 359 ablati
1443 335 1507 360 sunt
1521 332 1613 367 impii;
1629 341 1685 360 non

904 377 977 404 enim
1005 381 1092 412 potest
1112 377 1180 410 lieri,
1195 382 1225 404 ιιι
1254 378 1392 405 veritatem
1413 377 1513 410 faciat,
1533 378 1579 413 qui
1604 379 1686 413 justi-

905 423 969 449 tiam
983 430 1036 449 non
1049 422 1185 450 didicerit.
1201 423 1366 450 Rcferuntur
1388 423 1444 450 hmc
1460 431 1567 458 quoque
1583 424 1611 450 in
1625 424 1685 450 dia-

904 466 1005 499 bolum,
1023 470 1050 493 ct
1066 466 1093 494 in
1112 467 1234 502 ingratOs
1257 467 1375 501 Judaaos,
1391 468 1436 503 qui
1454 469 1517 496 licet
1534 469 1683 496 innumeris

905 511 1006 539 fuerint
1020 512 1158 540 beneﬁciis
1173 514 1256 545 aucti,
1271 521 1383 541 aversos
1399 518 1489 541 tamen
1503 515 1602 541 mentis
1616 522 1679 541 ocu-

904 558 945 585 los
970 557 1150 592 reﬂexerunt;
1176 567 1239 586 nam
1268 559 1428 588 adveniente
1454 560 1568 588 Domino
1590 564 1684 588 nostro

903 604 968 632 Jcsu
983 604 1101 638 Christo,
1118 606 1244 640 gentibus
1259 606 1292 633 ad
1309 607 1388 634 ﬁdem
1403 608 1553 639 conversis,
1570 607 1615 634 isti
1630 615 1684 634 non

904 650 985 677 modo
997 652 1118 686 ingratos
1134 660 1162 679 se
1177 652 1351 687 praebuerunt
1375 652 1402 679 in
1427 652 1592 680 Salvatorem
1605 673 1612 685 ,
1637 654 1684 680 sed

905 704 987 731 pravo
999 697 1056 724 zelo
1067 697 1210 732 ﬂagrantes
1225 698 1275 732 ipsi
1294 698 1419 725 comburi
1435 699 1590 726 maluerunt
1604 705 1685 733 quam

906 746 999 776 gentes
1016 744 1173 778 conspicere
1189 744 1276 770 salute
1288 744 1412 770 donatas.

942 831 1023 860 Vsus.
1053 832 1096 859 12.
1126 832 1174 858 Hic
1204 831 1288 859 Deum
1318 832 1470 860 reddidisse
1492 832 1571 865 dicit,
1592 840 1686 867 poenas

906 878 1010 905 scilicet
1024 877 1134 904 meritas
1147 885 1194 912 pro
1209 878 1327 912 peccatis
1340 887 1347 911 ;
1363 885 1424 905 cum
1440 877 1511 905 enim
1529 879 1618 905 omnia
1630 886 1686 906 no—

905 924 947 951 bis
961 944 966 955 ,
985 924 1088 959 inquit,
1115 923 1176 958 jure
1192 923 1332 951 reddidisti
1345 943 1352 956 ,
1376 927 1403 950 et
1418 926 1495 958 quasi
1509 924 1628 952 debitum
1643 932 1687 952 re-

905 968 1020 1000 misisti,
1050 967 1083 994 da
1110 969 1190 996 nobis
1205 969 1375 1004 unigenitum
1391 968 1488 995 Filium
1517 974 1611 1002 tuum;
1632 977 1685 996 non

904 1014 976 1042 enim
990 1017 1032 1042 est
1047 1015 1116 1042 alius
1138 1014 1217 1042 nobis
1243 1015 1335 1049 saluti,
1351 1015 1404 1042 nisi
1419 1015 1576 1050 unigenitus
1600 1014 1686 1042 Filius

905 1066 967 1088 tuus
982 1061 1008 1088 iu
1026 1066 1126 1088 terram
1144 1060 1282 1095 delapsus.

940 1107 1022 1135 Vsus.
1041 1108 1083 1135 15.
1099 1106 1196 1134 Omnia
1223 1106 1251 1133 in
1275 1106 1402 1133 manibus
1421 1105 1466 1132 Dei
1482 1113 1560 1137 esse,
1588 1112 1686 1139 cuique

905 1153 1096 1188 perspicuum,
1114 1159 1165 1179 nec
1183 1151 1367 1186 suspicaberis
1395 1158 1556 1186 quemquam
1581 1158 1613 1177 ex
1639 1149 1685 1176 Dei

905 1199 1018 1233 imperio
1033 1206 1088 1225 non
1114 1197 1239 1232 pendere.
1267 1196 1316 1224 Hie
1338 1197 1420 1231 igitur
1438 1204 1469 1223 ea
1484 1196 1517 1224 de
1532 1203 1614 1223 causa
1637 1203 1686 1222 nos

904 1243 1036 1278 possidere
1050 1242 1158 1274 dicitur,
1179 1241 1251 1276 quod
1266 1241 1397 1276 unigeniti
1421 1241 1483 1268 Filii
1495 1241 1554 1275 ejus
1569 1240 1686 1268 adventu

905 1289 1072 1324 puriﬁcatos,
1085 1292 1113 1316 et
1131 1289 1164 1316 de
1180 1291 1267 1315 morte
1283 1291 1458 1322 peccatorum
1480 1287 1619 1319 liberatos,
1635 1286 1686 1314 sibi

905 1335 1071 1370 comparavit
1087 1338 1113 1361 et
1128 1334 1258 1360 devinxit.

940 1380 1021 1408 Vsus.
1041 1380 1083 1406 M.
1105 1378 1248 1413 Nunquam
1274 1378 1344 1405 enim
1374 1378 1504 1405 videbunt
1528 1382 1555 1406 te
1576 1382 1687 1413 peccato

905 1425 1021 1458 mortui;
1038 1432 1100 1451 nam
1114 1424 1216 1451 mortui
1233 1427 1308 1456 sunt,
1324 1423 1425 1458 quibus
1448 1431 1549 1458 corpus
1566 1422 1686 1455 interiit;

905 1471 1005 1498 mortui
1018 1475 1081 1498 sunt
1095 1474 1121 1497 et
1139 1470 1184 1496 alii
1202 1469 1248 1504 qui
1264 1469 1384 1496 membra
1395 1477 1443 1496 sua
1456 1468 1554 1496 mediis
1567 1468 1595 1495 in
1608 1468 1685 1495 volu—

70 1511 106 1537 τὰ
120 1510 224 1537 ἑαυτῶν
241 1511 308 1547 μέλη
319 1512 346 1538 ἐν
359 1513 419 1543 ταῖς
436 1513 555 1548 ἡδοναῖς,
574 1514 621 1540 καὶ
636 1514 669 1540 τὰ
696 1514 768 1541 κακὰ
794 1515 853 1542 δια-

909 1517 1026 1552 ptatibls
1043 1519 1179 1548 coercent,
1198 1519 1225 1542 et
1239 1514 1350 1542 aﬂ‘cctus
1367 1522 1465 1549 pravos
1483 1514 1565 1541 animi
1577 1514 1688 1548 impios—

69 1558 196 1592 νοήματα
217 1557 251 1584 τὰ
263 1558 334 1584 κατὰ
348 1558 415 1584 Θεὸν
430 1559 635 1594 νεκρωσάντων.
657 1560 788 1587 Ἐνταῦοα
801 1561 854 1588 τῶν

70 1604 202 1630 ἐναντίων
227 1605 372 1640 μέμνηται,
402 1605 456 1631 τῶν
476 1605 680 1633 ἀποϐαλλόντων
694 1607 741 1642 μὲν
767 1609 855 1635 πᾶσαν

70 1650 191 1684 ζωτικῆς
212 1651 417 1686 δικαιοπραγίας
439 1651 521 1687 ζωὴν,
534 1654 727 1688 νεκρωσάντων
743 1654 770 1681 δὲ
792 1655 855 1682 ἐαυ-

69 1697 136 1728 τοὺς
144 1696 182 1732 τῷ
193 1697 251 1732 Θεῷ
261 1697 313 1724 ὑπὸ
327 1697 374 1723 τοῦ
390 1697 508 1733 πλήθους
519 1699 573 1725 τῶν
591 1699 731 1734 ἁμαρτιῶν
749 1701 795 1727 καὶ
806 1710 855 1727 κα-

70 1742 225 1778 κοπραγίας
238 1742 459 1778 ἀποϐεϐληκότας
469 1744 518 1779 τὴν
532 1745 661 1776 ζωοποιὸν
673 1746 854 1782 δικαιοσύνην-

69 1788 114 1814 διὸ
133 1789 179 1814 καὶ
195 1788 360 1824 φειδόμενος,
377 1791 391 1816 ὁ
408 1790 483 1822 Θεὸς,
503 1791 548 1818 καὶ
562 1791 708 1827 ἀγαοότητι
729 1793 855 1828 κινούμε-

70 1843 127 1867 νος,
139 1835 267 1870 ἐνέκοψας
280 1835 473 1871 ἁμαρτάνουσι.

108 1880 249 1915 Σημαίνει,
265 1880 315 1908 ’ὅτι
338 1882 493 1917 φειδόμενος
513 1883 526 1908 ὀ
539 1882 605 1914 Θεὸς
619 1883 666 1909 τοῦ
676 1883 793 1918 Χριστοῦ
808 1884 857 1919 τῆς

71 1925 147 1961 ζωῆς
161 1926 248 1952 αὐτῶν
274 1926 434 1962 ὑπετὲμετο,
462 1928 505 1954 ἵνα
529 1928 566 1963 μὴ
587 1928 627 1960 εἰς
644 1928 738 1964 χρόνον
754 1929 856 1964 μακρὸν

70 1970 278 2005 παραμένοντες
295 1971 580 2006 συμπαρεκτείνωνται
596 1974 628 2008 τῇ
644 1973 736 2008 κακίᾳ,
753 1974 799 2000 καὶ
813 1974 857 2000 αὕ-

71 2017 156 2048 ξωσιν
173 2017 261 2044 αὐτῶν
272 2018 321 2053 τὴν
334 2018 465 2053 πονηρίαν
475 2027 481 2033 ·
495 2018 538 2045 διὰ
557 2019 611 2055 γὰρ
626 2019 779 2054 ἁγαοότητα
793 2021 857 2053 Θεὸς

70 2063 121 2090 καὶ
141 2064 252 2099 χρόνους
274 2065 359 2100 ὁρίζει
382 2066 421 2096 είς
441 2063 596 2101 τιμωρίαν·
619 2066 697 2094 τοῦτο
721 2067 769 2103 μὲν
788 2068 857 2103 μετὰ

72 2108 172 2135 ἑκατὸν
184 2109 284 2135 εἴκοσιν
313 2109 370 2145 ἔτη,
399 2109 492 2145 ὥσπερ
524 2108 570 2137 οὖν
591 2112 636 2137 καὶ
654 2112 700 2138 ἐπὶ
717 2112 762 2138 τοῦ
775 2122 858 2141 κατα-

72 2154 208 2189 κλυσμοῦ,
233 2154 311 2181 τοῦτο
334 2155 362 2181 δὲ
380 2156 520 2191 ἐξήκοντα.
544 2158 598 2183 Καὶ
614 2157 648 2184 δι’
661 2158 742 2185 αὑτοῦ
763 2159 856 2186 τούτου

906 1571 958 1599 que
976 1566 1162 1597 compescunt.
1182 1561 1231 1589 ilic
1258 1567 1352 1589 contra
1376 1562 1409 1588 de
1431 1561 1484 1588 illis
1506 1560 1614 1595 agitur,
1642 1560 1687 1594 qui

906 1617 1001 1638 omnes
1016 1612 1149 1636 exuerunt
1168 1607 1258 1634 vitalis
1286 1607 1401 1642 justitiac
1420 1613 1528 1637 mores,
1557 1606 1603 1640 qui
1636 1604 1688 1631 Deo

905 1656 1005 1684 mortui
1019 1660 1092 1686 sunt,
1117 1656 1227 1689 propter
1250 1651 1450 1679 multitudinem
1474 1654 1646 1685 peccatorum
1661 1653 1688 1676 et

906 1702 1104 1737 ncquitiarum,
1125 1700 1199 1726 vitali
1217 1697 1322 1734 justitia
1342 1696 1452 1732 spoliati
1470 1695 1591 1723 :idcirco
1608 1694 1688 1721 misc-

905 1747 1024 1775 ricordia
1039 1746 1122 1778 Deus,
1138 1749 1164 1772 et
1177 1743 1343 1779 benignitate
1360 1744 1494 1773 movetur,
1505 1739 1614 1775 quando
1626 1745 1688 1773 pec-

906 1792 1044 1820 catoribus
1059 1791 1158 1818 obstat.

941 1883 1024 1910 Vens.
1043 1883 1084 1909 M.
1105 1881 1209 1908 indicat
1221 1877 1322 1907 Christi
1341 1877 1413 1904 Deus
1426 1884 1454 1903 se
1472 1882 1519 1910 per
1534 1873 1686 1908 benignita-

906 1933 959 1957 tem
977 1929 1059 1955 vitam
1077 1934 1170 1955 eorum
1194 1925 1353 1956 rescidisse,
1370 1930 1403 1949 ne
1419 1921 1521 1948 diutius
1542 1920 1686 1947 durantes.

907 1975 1009 2001 malitia
1032 1981 1081 2001 sua
1106 1976 1218 2000 emtcros
1239 1969 1375 1999 iulieiant.
1414 1973 1544 2000 suamque
1573 1968 1687 1999 augeant

907 2020 1069 2055 nequitiam;
1086 2025 1147 2044 nam
1160 2025 1208 2052 per
1223 2015 1418 2050 benignitatem
1437 2011 1508 2038 Deus
1523 2014 1549 2037 et
1564 2015 1687 2055 tempora

907 2066 1000 2094 deﬁnit
1017 2065 1043 2091 in
1061 2071 1167 2098 poenam
1188 2071 1194 2088 :
1226 2068 1299 2088 nunc
1326 2062 1388 2094 post
1415 2062 1523 2084 centum
1540 2059 1566 2083 et
1592 2054 1688 2089 viginti

908 2118 993 2138 annos
1010 2115 1036 2137 ut
1053 2107 1220 2142 temporibus
1235 2105 1328 2133 diluvii
1342 2104 1371 2137 ';
1390 2110 1461 2129 nunc
1477 2105 1540 2136 post
1550 2099 1690 2134 sexaginta

908 2158 965 2192 (aut
983 2156 1071 2190 potius
1081 2152 1249 2188 septuaginta
1259 2151 1297 2186 δ).
1306 2149 1349 2177 Fit
1360 2149 1451 2180 ctiam,
1466 2147 1560 2174 eodem
1573 2149 1690 2172 testante

71 2200 121 2226 τοῦ
135 2201 272 2236 προφήτου
288 2202 334 2227 καὶ
351 2202 403 2237 πρὸ
414 2203 463 2237 τῆς
474 2203 640 2237 προθεσμίας
655 2203 751 2238 ἐπάγει
760 2205 809 2239 τὴν
823 2205 854 2231 δί-

909 2202 1062 2239 propheta,
1099 2204 1129 2226 ut
1160 2198 1201 2225 vel
1237 2201 1300 2224 ante
1329 2200 1434 2230 tempus
1466 2200 1562 2228 pwnas
1587 2194 1690 2239 repetat

73 2254 138 2281 κην,
152 2246 291 2280 ὲγκόπτων
310 2246 397 2273 αὐτῶν
421 2248 476 2278 τοῖς
491 2247 680 2283 ἁμαρτήμασι,
700 2249 746 2275 καὶ
763 2249 856 2276 παύων

73 2290 174 2322 αὐτοὺς
188 2291 236 2326 τῆς
252 2292 432 2328 παρανομίας,
454 2293 626 2329 ἀμετανόητα
645 2293 803 2326 νοσοῦντας·
817 2294 857 2321 διό

73 2346 157 2373 φησιν
185 2339 200 2364 ὁ
229 2338 409 2372 πεντηκοστὸς
422 2339 552 2374 τέταρτος
572 2339 678 2375 ψαλμός
690 2348 696 2354 ·
716 2349 725 2365 (
745 2339 857 2375 ’Ἄνδρες

73 2384 198 2419 αἱμάτων
210 2383 256 2410 καὶ
272 2383 424 2419 summm;
444 2384 473 2410 οὐ
488 2384 525 2419 μὴ
541 2384 708 2419 ἡμισεὺσωσι
724 2386 773 2417 τὰς
789 2386 857 2421 ἡμέ-

75 2438 141 2465 ρας·
165 2439 174 2455 ι
197 2430 243 2456 καὶ
267 2429 362 2457 πάλιν·
385 2439 393 2455 ι
409 2429 453 2465 Μὴ
475 2430 616 2467 ἀναγάγῃς
639 2440 672 2466 με
707 2432 735 2458 ἐν
766 2431 858 2464 ἡιιίσει

74 2474 197 2510 ἡμερῶν.
216 2485 226 2501 ι

117 2520 250 2547 Ἐνταῦθα
283 2520 355 2547 κακὰ
369 2519 443 2554 λέγει
469 2520 529 2555 οὐχὶ
545 2520 580 2547 τὰ
600 2521 628 2547 ἐν
644 2522 758 2558 πράξεσι
776 2523 857 2556 κακὰ,

75 2566 144 2593 ἀλλὰ
170 2566 205 2593 τὰ
231 2566 372 2594 κακωτικά
383 2575 389 2582 '
410 2566 480 2592 οὕτω
495 2566 549 2602 γὰρ
570 2568 617 2594 καὶ
630 2568 667 2594 ὅτ’
681 2568 713 2595 ἂν
729 2569 856 2605 ἀκούσῃς,

78 2620 86 2635 ι
99 2610 130 2636 '0
138 2609 235 2641 κτίζων
249 2610 331 2641 κακὰ,
347 2620 355 2636 ι
370 2610 534 2645 ὲκλάμϐανε.
549 2610 603 2646 Τὴν
613 2611 702 2638 τοίνυν
718 2612 859 2648 ὑπερηφα-

73 2654 135 2681 νίαν
163 2654 216 2680 τῶν
242 2654 395 2689 λεγομένων
424 2654 535 2688 ἐνδόξων
555 2654 598 2681 διὰ
625 2655 678 2682 τῶν
699 2657 859 2684 κακωτικῶν

74 2700 321 2735 καθαιρεθήσεσθαι
346 2700 482 2736 σημαίνει.

113 2841 201 2870 ’Gen.
218 2850 254 2873 vr.
267 2842 293 2869 5.
332 2843 425 2870 ‘Psal.
446 2850 557 2875 unlx,
574 2842 615 2869 l0.
650 2843 659 2858 ⁵
673 2841 744 2872 Psal.
762 2850 797 2875 οι,
813 2842 857 2870 ‘33.

911 2235 991 2280 Deus,
1007 2246 1115 2274 modum
1130 2243 1248 2279 peccatis
1261 2249 1355 2270 eorum
1375 2244 1507 2270 statuens,
1523 2244 1617 2265 eorum
1637 2235 1690 2262 ini-

909 2293 1024 2328 quitatcs
1044 2290 1169 2318 inhibens
1185 2289 1292 2316 insania
1308 2285 1499 2314 laborantium.
1518 2283 1578 2310 Ideo
1594 2281 1691 2316 legitur

909 2340 936 2367 in
957 2339 1061 2374 psalmo
1077 2346 1130 2371 ων,
1145 2336 1180 2363 24
1196 2345 1202 2362 :
1223 2345 1231 2360 ‹
1254 2333 1311 2361 Viri
1329 2332 1492 2368 sanguiuum
1516 2333 1541 2357 et
1560 2328 1691 2374 dolosita-

909 2373 1021 2417 tis,7non
1039 2383 1220 2412 dimidiabunt
1236 2381 1294 2408 dics
1314 2387 1396 2411 suos;
1418 2387 1426 2403 ι
1444 2380 1470 2404 et
1488 2376 1583 2402 iterum
1598 2383 1604 2401 :
1625 2383 1634 2399 ι
1652 2373 1691 2400 Ne

911 2438 1023 2459 revoces
1035 2438 1078 2457 me
1095 2429 1122 2456 in
1136 2427 1248 2455 dimidio
1262 2425 1366 2453 dierum
1379 2429 1499 2450 meorum
1517 2421 1567 2448 ⁸..»

924 2531 929 2535 ν
947 2520 1029 2546 Vsus.
1046 2519 1088 2546 15.
1119 2516 1169 2544 llic
1189 2523 1235 2551 per
1257 2513 1327 2541 mala
1343 2519 1397 2539 non
1411 2517 1496 2545 opera
1512 2509 1582 2536 mala
1600 2508 1690 2535 inten-

912 2565 962 2597 dit,
988 2564 1035 2592 scd
1057 2563 1209 2598 supplicia;
1234 2567 1295 2587 nam
1319 2562 1346 2586 et
1373 2557 1401 2583 in
1425 2556 1505 2583 istam
1531 2553 1689 2598 sententiam

911 2609 1031 2638 eamdem
1042 2597 1132 2636 vocem
1147 2610 1272 2642 usurpat,
1281 2611 1342 2632 cum
1355 2602 1435 2630 dicit:
1447 2610 1456 2626 ι
1469 2599 1571 2627 Crcans
1579 2597 1687 2625 malam

916 2655 1039 2682 Declarat
1063 2654 1146 2689 igitur
1167 2661 1196 2680 se
1218 2660 1265 2688 per
1281 2650 1416 2686 supplicia
1430 2647 1582 2684 superbiam
1596 2651 1689 2674 eorum

913 2701 960 2736 qui
976 2699 1092 2735 gloriosi
1108 2699 1242 2727 habentur
1257 2698 1459 2733 deprcssurum.

898 2842 908 2858 ⁸
918 2841 969 2868 lsa.
987 2849 1046 2873 xcv,
1067 2840 1091 2866 'i.
