1919 3075
69 129 148 157 1517

811 127 845 155 1N
864 127 991 156 lSAlAM.

1627 135 1695 162 1518

69 187 187 213 λεκται·
207 186 250 213 ἵνα
264 187 317 222 γὰρ
333 186 370 222 μὴ
388 187 428 218 εἰς
446 186 619 213 ἀνελπιστίαν
646 186 760 221 παντελῆ
785 194 853 212 κατα

917 194 990 221 spem
1017 195 1126 215 omnem
1153 188 1292 223 abjiciant,
1318 189 1491 217 liberatorem
1516 193 1693 225 praenuntiat.

73 232 192 265 πέσωσι,
203 232 380 268 προαγορεύει
395 232 439 259 τὸν
457 232 586 268 μέλλοντα
611 232 656 258 ἐπὶ
674 231 793 267 σωτηρίᾳ
813 230 859 257 τοῦ

73 279 173 312 γένους
188 277 453 313 παραγενησόμενον,
470 277 591 304 τουτέστι
611 277 655 303 τὸν
670 277 766 312 Κύριον
783 276 859 312 ἡμῶν

77 324 188 360 Ἰησοῦν
204 324 249 350 τὸν
264 323 379 358 Χριστὸν
403 323 447 350 τὸν
462 323 595 359 ἡμέτερον
617 323 739 358 Σωτῆρα,
756 322 784 354 ὃς
801 322 859 348 στέ-

72 380 162 406 φανος
171 371 220 406 τῆς
237 369 316 405 δόξης
334 370 409 396 ἔσται
430 370 508 401 πᾶσι,
531 369 623 404 φανεὶς
644 370 672 395 εν
697 369 790 404 κόσμῳ
814 369 859 395 καὶ

71 416 219 444 ἀναλαϐὼν
233 416 283 452 τὴν
300 417 437 452 ἡμετέραν
457 416 555 452 σάρκα.

111 462 169 498 Τὴν
193 462 240 488 τοῦ
270 461 336 488 Θεοῦ
367 462 523 493 ἐποπτείαν,
548 463 593 488 καὶ
620 462 669 497 τὴν
686 462 791 489 δικαίαν
812 463 860 488 αὺ-

71 507 123 533 τοῦ
140 507 229 543 κρίσιν
245 506 329 542 δηλοῖ,
347 506 385 538 ὡς
408 507 457 533 οὑκ
478 506 596 542 ἀκρίτως
619 507 718 538 πάντες
732 507 756 533 οί
771 516 860 542 παρα-

71 553 200 584 δοθέντες
218 554 249 588 τῇ
267 551 437 587 αἰχμαλωσίᾳ
456 551 662 584 ἀποθανοῦνται,
687 552 743 578 ἀλλ’
762 553 859 579 ἐκεῖνοι

72 597 350 633 περιποιηθὴσονται,
363 596 409 628 οὓς
422 596 460 631 τῷ
474 597 532 632 Θεῷ
547 597 610 633 δόξῃ
626 597 768 630 σώζεσθαι,
782 598 858 633 ήμῶν

74 643 116 679 μὴ
132 643 285 678 δυναμένων
305 642 452 678 ἀνιχνεύειν
474 643 536 674 τοὺς
553 642 648 677 λόγους
666 643 697 669 δι’
713 643 759 675 οὒς
780 652 858 679 περι-

72 689 282 725 ποιηθήσονται.
676 689 679 692 ’

113 735 212 770 Φάσμα
226 734 279 770 γὰρ
298 734 345 761 καὶ
359 733 489 768 ἔκπληξις
502 733 574 759 τοῦτ’
588 733 620 760 ἂν
637 733 679 769 εἴη
700 734 811 770 κυρίως,
829 734 859 761 τὸ

71 780 198 812 τούτους,
225 780 310 811 οὕτως
334 779 588 815 παιδαγωγηθέντας
617 779 690 815 παρὰ
712 780 758 806 τοῦ
779 780 856 813 Θεοῦ,

73 826 126 851 καὶ
137 825 269 851 τοσούτων
284 825 492 856 ἀπολαύσαντας
506 823 559 850 τῶν
575 824 693 858 ἀγαθῶν,
711 826 751 856 είς
766 825 858 851 τοσαύ-

72 879 129 906 την
144 870 313 906 παρανομίαν
330 870 463 905 χωρῆσαι.

113 916 207 951 Θλίψιν
222 915 337 942 ἐνταῦθα
350 916 423 949 λέγει
447 915 480 942 τὰ
495 916 523 942 ὲν
535 917 566 951 τῇ
580 915 751 951 αἰχμαλωσίᾳ
770 916 857 942 δεινά·

74 961 236 997 προσθήκην
252 961 280 987 δὲ
295 960 411 995 θλίψεως
430 960 479 996 τὴν
496 961 669 996 συναίσθησιν
685 960 737 987 τῶν
755 961 859 992 αἰτίων,

73 1008 109 1035 δι’
127 1007 159 1038 ἃς
173 1008 219 1033 καὶ
248 1006 281 1033 τὰ
300 1007 371 1033 κακὰ
395 1007 485 1038 αὔτοῖς
513 1007 706 1041 ὲπενήνεκται’
727 1006 787 1041 ἦτις
811 1007 860 1032 ἐπ-

70 1053 185 1088 ωφελὴς
199 1054 245 1080 καὶ
258 1053 387 1088 ὀνήσιμος
403 1053 493 1084 αὐτοῖς
504 1052 615 1086 ἐγίνετο.

113 1144 169 1179 Τὴν
193 1144 298 1170 δικαίαν
326 1144 399 1179 παρὰ
433 1153 480 1170 του
517 1144 583 1170 Θεοῦ
611 1143 786 1170 ἀνταπόδοσιν
811 1144 859 1170 ἐπ-

72 1189 269 1224 ενεχθήσεσθαι
288 1189 379 1220 αὐτοῖς
392 1180 525 1223 προλέγει⁴
535 1188 640 1225 γλώττῃ
654 1189 702 1224 μὲν
713 1189 859 1222 φαυλιςάν-

72 1243 131 1260 των
144 1234 174 1260 τὸ
187 1234 274 1266 Θεῖον,
286 1235 314 1261 ὲν
331 1235 358 1261 δὲ
375 1237 407 1270 τῇ
422 1234 528 1270 γλώττῃ
546 1235 696 1270 δεχομένων
707 1234 754 1270 τὴν
771 1243 857 1269 τιμω-

73 1280 139 1316 ρίαν
151 1287 158 1295 ⁸
176 1280 228 1306 ὑπὸ
244 1280 297 1315 γὰρ
316 1280 503 1315 αἰχμαλωσίαν
521 1280 700 1315 πράττοντες,
720 1279 811 1306 οὐκέτι
825 1281 856 1314 τῇ

75 1325 187 1361 συνήθει
201 1325 330 1360 διαλέκτῳ
352 1326 508 1361 ἐκέχρηντο,
524 1325 590 1352 ἀλλὰ
605 1326 637 1360 τῇ
657 1325 710 1351 τῶν
728 1324 858 1361 κρατούν-

70 1378 130 1396 των
142 1371 216 1405 φωνῇ
234 1369 322 1396 λαλεῖν
333 1370 526 1404 ἠναγκάζοντο.

111 1424 164 1450 Τὸν
182 1424 213 1450 ἐκ
228 1423 282 1449 τῶν
297 1423 384 1449 πόνων
407 1424 497 1454 αὐτοῖς
521 1422 716 1458 ἐπιγενηοέντα
741 1423 855 1458 καρπον,

73 1469 105 1496 ὃν
119 1469 263 1505 ἐριστικῶς
289 1469 378 1501 αὐτοῖς
394 1468 572 1495 ἐπιδείκνυσιν
588 1470 602 1495 ὁ
623 1468 773 1503 προφήτης,
791 1468 857 1495 ἀνά-

74 1522 176 1540 παυσιν
187 1513 235 1549 τὴν
248 1513 380 1548 τιμωρίαν
389 1513 478 1540 καλῶν
489 1522 495 1529 ·
509 1511 559 1540 Ὠν
570 1513 632 1548 γὰρ.
645 1515 736 1548 φησὶν,
749 1515 855 1545 ἑαυτοῖς

72 1559 290 1595 ἐθησαυρίσατε,
323 1559 424 1585 τούτων
456 1559 494 1590 ὡς
523 1560 552 1585 ὲν
579 1559 658 1595 ἡδονῇ
689 1559 854 1592 ἀπολαύετε,

74 1605 279 1641 συντριϐόμενοι
292 1606 320 1631 ὲν
335 1606 394 1636 ταῖς
409 1606 564 1640 τιμωρίαις.

110 1662 166 1697 Τὴν
190 1663 222 1688 ὲκ
247 1662 296 1696 τῆς
319 1662 441 1693 παιδείας
464 1662 596 1696 ὠφέλειαν
627 1662 773 1697 γενομένην
796 1663 856 1693 ταῖς

70 1707 173 1742 ψυχαῖς
192 1707 280 1733 αὐτῶν
294 1707 379 1741 λέγει·
398 1707 539 1742 λαϐόμενοι
557 1707 610 1742 γὰρ
629 1708 742 1740 ἑαυτῶν,
759 1708 800 1742 ἐφ’
815 1706 855 1739 οἷς

70 1753 262 1788 διεπράξαντο,
277 1753 325 1787 τὴν
341 1753 468 1788 ἐπικερδῆ
490 1754 550 1784 ταῖς
566 1753 664 1787 ψυχαῖς
686 1753 777 1779 αὐτῶν
793 1753 854 1779 ὀδύ-

71 1807 123 1833 νην
139 1807 168 1824 τε
185 1799 230 1824 καὶ
255 1799 341 1833 θλίψιν
363 1799 450 1833 ἔσχον,
479 1799 669 1834 συνεργοῦντος
694 1799 784 1831 αὐτοῖς
807 1799 853 1825 τοῦ

70 1843 141 1870 Θεοῦ
164 1844 209 1870 καὶ
227 1844 422 1875 ἀνακόπτοντος
442 1843 531 1870 αὐτῶν
552 1843 599 1875 τὰς
621 1844 733 1878 ἀλόγους
746 1845 852 1879 ὁρμὰς’

70 1889 117 1915 ἵνα
134 1889 166 1923 τῇ
184 1888 229 1923 βίᾳ
243 1889 291 1923 τῆς
305 1888 526 1919 ἁντανακλάσεως
544 1888 786 1923 παιδαγωγηθῶσιν
805 1889 853 1923 ὀψέ

69 1942 150 1965 ποτε,
167 1934 206 1964 είς
227 1933 292 1967 ὕψος
312 1932 426 1968 ἄραντες
445 1933 507 1963 τοὺς
524 1933 687 1968 ὀφθαλμοὺς,
707 1933 852 1967 ἐπιγνῶναι

69 1981 117 2006 τὸν
133 1979 235 2005 ἑαυτῶν
246 1978 407 2014 δημιουργόν
417 1987 446 2004 τε
463 1977 509 2004 καὶ
527 1979 649 2013 ποιητήν.

106 2035 184 2062 Μετὰ
197 2035 246 2070 τὴν
262 2035 314 2062 τῶν
332 2034 453 2069 φοϐερῶν
475 2034 587 2069 ἀπειλὴν
603 2031 639 2060 ὧν
656 2034 724 2066 ἄξιοι
740 2034 852 2069 ἐτύγχα-

67 2089 127 2114 νον,
148 2080 227 2107 πάλιν
258 2079 474 2114 ἀνακαλούμενος
496 2079 593 2111 αὐτοὺς
620 2081 634 2106 ὁ
655 2079 719 2111 Θεὸς
747 2080 783 2115 μὴ
813 2081 852 2111 είς

67 2125 244 2152 ἀνελπιστίαν
268 2126 440 2156 καταπεσεῖν,
463 2126 495 2159 τῇ
516 2124 543 2150 δὲ
563 2124 643 2150 αὑτοῦ
665 2125 852 2160 φιλανθρωπίᾳ

67 2171 263 2206 προσδραμεῖν,
284 2171 409 2206 προλέγει
428 2170 458 2196 τὸ
481 2170 574 2205 μέλλον
593 2171 850 2206 οίκονομηθήσεσθαι

67 2218 111 2248 είς
132 2217 266 2252 σωτηρίαν
287 2216 392 2242 αὐτῶν·
421 2215 574 2242 Ἀποστελῶ
595 2215 649 2251 γὰρ
662 2238 668 2246 ,
698 2217 779 2251 φησὶ,
803 2216 849 2242 τὸν

64 2263 203 2299 μονογενῆ
234 2263 290 2289 rte
328 2271 376 2298 μου
404 2263 433 2288 ὲν
462 2263 542 2298 σαρκὶ
567 2262 751 2298 φανησόμενον
766 2271 772 2277 ⁸
805 2263 850 2288 οὑ-

66 2309 114 2335 δὲν
130 2308 220 2344 ἕτερον
236 2309 422 2343 ἀπαιτήσαντα
440 2308 510 2343 ὑμᾶς
526 2308 543 2343 ἢ
563 2308 653 2334 πίστιν
674 2308 722 2343 τὴν
741 2309 780 2340 είς
800 2309 848 2335 αὑ-

65 2355 126 2385 τὸν,
145 2354 191 2380 καὶ
204 2353 387 2389 ἀντιδὲχεσθαι
407 2354 477 2389 ὑμᾶς
491 2354 625 2389 σωτηρίαν
637 2362 643 2367 ·
660 2354 690 2380 τὸ
709 2354 761 2389 γὰρ
777 2354 848 2380 λίθον

65 2399 211 2434 πολυτελῆ,
238 2399 373 2431 ἐκλεκτὸν,
400 2401 604 2434 ἀκρογωνιαῖον,
631 2399 748 2434 ἔντιμον,
773 2400 847 2426 οὐδὲν

63 2444 159 2479 ἕτερόν
174 2445 246 2470 ἐστιν
266 2444 282 2480 ἦ
299 2444 407 2476 ἔπαινος
424 2445 501 2478 παρὰ
521 2445 627 2480 Πατρὸς
648 2445 687 2476 είς
700 2445 762 2471 Υίὺν
776 2445 847 2479 γινό-

63 2499 163 2526 μενος·
189 2491 241 2517 τίνι
266 2491 320 2526 γὰρ
345 2490 446 2524 ἔπρεπε
472 2492 618 2526 μαρτυρεῖν
645 2491 682 2526 τῷ
708 2493 846 2526 μονογενεῖ

64 2536 125 2571 Υἱῷ
144 2536 160 2571 ἢ
186 2537 273 2572 Πατρὶ
301 2536 340 2571 τῷ
365 2536 464 2568 αὐτοῦ;
483 2551 517 2556 ——
540 2536 575 2562 Τὸ
598 2537 709 2572 ἀκριϐὲς
731 2538 779 2572 τῆς
797 2537 843 2563 τοῦ

61 2581 133 2608 Θεοῦ
149 2581 309 2617 κηδεμονίας
326 2580 442 2607 ἐνταῦθα
464 2581 554 2616 δηλοῖ·
579 2582 618 2607 ὅτι
641 2582 672 2617 δὴ
692 2583 721 2608 οὐ
744 2582 843 2614 πάντες

35 2628 37 2654 ἶ
62 2627 257 2662 ἁξιωθήσονται
270 2627 317 2653 τοῦ
330 2627 420 2658 ἐλέους
435 2627 481 2653 τοῦ
497 2627 574 2659 Θεοῦ,
589 2628 651 2654 ἀλλ’
665 2629 688 2654 οἱ
711 2630 749 2660 είς
762 2630 842 2656 αὑτὸν

60 2674 96 2708 τῇ
112 2672 196 2698 ἐλπίδι
209 2673 387 2708 ἀνακείμενοι.

60 2750 61 2753 η
103 2730 209 2765 Ἐπειδὴ
220 2730 284 2765 γὰρ,
303 2730 393 2766 φησὶν,
407 2730 512 2764 ἐδόξατε
527 2730 654 2765 δαίμονας
675 2731 839 2766 τεθεραπευ-

59 2775 138 2802 κέναι
153 2775 219 2812 πρὸς
232 2776 451 2811 ἀιποτροπιασμὸν
467 2776 521 2803 τῶν
532 2775 622 2802 κακῶν
632 2776 718 2810 ὑμῶν,
731 2777 777 2802 καὶ
794 2777 839 2802 ἐπὶ

59 2823 92 2856 τῇ
113 2821 212 2857 ματαίᾳ
228 2821 312 2856 ταύτῃ
332 2821 419 2848 ἑλπίδι
434 2821 611 2852 ὲπεποίθειτε,
628 2821 784 2855 γινώσκετε,
798 2821 835 2853 ὡς

875 864 895 891 Β

865 2195 888 2222 Ι)

915 233 947 258 ad
969 233 1128 260 salvandum
1153 241 1238 268 genus
1249 239 1402 266 venturum,
1422 234 1473 262 hoc
1483 241 1534 268 est,
1549 235 1693 264 Dominum

913 282 1037 305 nostrum
1047 278 1140 305 Jesum
1158 279 1296 306 Christum
1311 279 1480 307 Salvatorem
1495 285 1630 314 nostrum,
1646 283 1693 317 qui

913 325 1039 351 omnibus
1062 333 1162 352 corona
1185 325 1241 360 spei
1261 326 1322 357 erit,
1341 326 1397 358 ubi,
1413 334 1495 353 carne
1515 331 1609 354 nostra
1631 335 1693 356 sus-

913 375 999 405 cepta,
1013 371 1083 398 inter
1094 371 1217 399 homines
1232 371 1399 406 apparuerit.

947 457 1028 485 Vens.
1050 458 1077 485 6.
1099 459 1145 486 Dei
1167 460 1366 494 providentiam
1382 464 1409 487 et
1424 461 1527 495 justum
1546 462 1605 496 ejus
1619 462 1692 496 judio

913 503 984 529 cium
1009 503 1141 538 declarat,
1168 512 1231 531 cum
1254 512 1310 531 non
1336 513 1434 532 omnes
1453 506 1502 538 illi,
1522 507 1567 541 qui
1586 507 1692 534 fuerant

912 548 939 575 in
966 550 1151 583 captivitatem
1178 549 1302 582 redacti,
1329 550 1486 578 indistincte
1522 552 1692 585 moriantur;

913 595 1062 622 liberentur
1085 603 1150 623 vero
1166 604 1236 631 quos
1260 596 1314 623 Deo
1338 605 1447 624 servare
1469 597 1611 632 placuerit,
1630 599 1693 625 licet

912 641 963 676 ipsi
989 648 1039 668 nos
1068 641 1222 676 perspicere
1247 649 1303 668 non
1315 643 1471 676 possimus,
1490 650 1542 677 qua
1563 643 1596 670 de
1610 650 1691 670 causa

912 686 1070 713 liberantur.

946 731 1029 759 Vens.
1049 732 1075 759 7.
1095 731 1212 760 Phasma
1239 740 1305 760 sane
1330 737 1403 760 esset
1429 737 1456 760 et
1480 738 1644 766 monstrum,
1668 735 1691 761 si

910 777 949 804 ita
966 785 980 804 a
1005 777 1059 805 Deo
1081 778 1200 810 educati,
1224 779 1307 806 tantis
1328 780 1400 806 aucti
1423 780 1572 811 beneﬁciis,
1589 781 1617 807 in
1630 784 1692 808 tan-

911 827 965 849 tam
980 823 1143 857 impietatem
1159 823 1359 851 delaberentur.

946 911 1107 942 Vens‘io.
1135 913 1351 940 'l'ribulatiouem
1368 913 1412 940 hic
1427 918 1506 941 vocat
1522 914 1692 942 calamitates

911 958 1041 992 captivos'
1057 958 1212 991 invasurus,
1233 959 1435 986 tribulationem
1455 967 1520 986 vero
1534 968 1616 995 super
1640 962 1691 988 tri-

910 1003 1093 1035 bulationem.
1121 1005 1316 1032 conscientiam
1338 1005 1494 1036 criminum,
1517 1005 1617 1040 quibus
1638 1007 1690 1033 sibi

910 1049 962 1075 ista
988 1049 1060 1075 mala
1075 1055 1303 1084 promeruerunt;
1320 1058 1380 1085 quae
1395 1054 1422 1078 et
1437 1050 1512 1077 utilis
1527 1051 1582 1078 illis
1598 1050 1648 1077 l'uit
1664 1055 1691 1078 ct

909 1095 1048 1123 salutaris.

945 1140 1027 1168 Vens.
1041 1142 1084 1168 ll.
1104 1141 1183 1169 Justa
1204 1149 1252 1169 eos
1275 1150 1289 1168 a
1311 1141 1365 1169 Deo
1388 1142 1508 1169 vindicta
1533 1141 1690 1177 plectendos

910 1190 1099 1222 prmnuntiat:
1118 1188 1210 1223 lingua
1229 1188 1292 1223 quia
1317 1188 1400 1214 Deum
1422 1188 1578 1220 irriserunt,
1598 1188 1689 1223 lingua

908 1240 1003 1268 poenas
1019 1233 1141 1266 dabunt;
1166 1234 1266 1260 etenim
1289 1234 1316 1260 in
1341 1227 1525 1268 captivitatem
1549 1233 1687 1265 abductis,

906 1278 961 1312 jam
979 1286 1033 1306 non
1053 1280 1142 1314 patrio
1157 1287 1283 1307 sermone
1306 1279 1383 1306 licuit
1406 1280 1455 1312 uti,
1481 1279 1528 1307 sed
1550 1279 1609 1314 ipsa
1631 1279 1690 1306 edir

907 1324 1007 1351 scenda
1025 1324 1076 1350 fuit
1089 1324 1287 1351 dominantium
1303 1324 1403 1359 lingua.

948 1421 1032 1450 Vens.
1055 1423 1099 1451 12.
1128 1422 1258 1450 Fructum
1284 1424 1354 1459 ipsis
1377 1432 1410 1451 ex
1432 1423 1572 1451 laboribus
1599 1428 1687 1451 ortum

912 1469 1014 1496 indicat
1028 1469 1160 1504 propheta
1184 1469 1297 1502 ironice,
1315 1470 1378 1496 dum
1396 1470 1515 1504 requiem
1531 1477 1624 1504 pinnas
1640 1478 1688 1504 ap-

907 1514 989 1548 pellat
1007 1514 1091 1547 :Quae
1117 1514 1201 1545 enim,
1220 1514 1316 1549 inquit,
1340 1515 1418 1542 vobis
1440 1515 1686 1547 thesaurizavistis,

909 1559 968 1586 istis
985 1559 1114 1586 fruamini
1131 1564 1160 1586 ut
1177 1560 1204 1586 in
1223 1560 1333 1595 gaudio,
1347 1560 1490 1595 suppliciis
1505 1560 1607 1587 alllicti.

947 1658 1030 1685 Vens.
1048 1659 1091 1685 1'5.
1118 1658 1176 1692 Qua
1193 1659 1299 1686 ratione
1319 1658 1463 1693 disciplina
1484 1659 1569 1693 prosit
1588 1659 1685 1686 animis

906 1711 1010 1735 eorum,
1028 1704 1133 1737 innuit;
1157 1712 1218 1731 nam
1236 1703 1399 1738 cupiditates
1418 1703 1608 1737 refrenantes,
1625 1705 1686 1739 qni-

905 1750 956 1776 bus
972 1749 1166 1782 inserviebam,
1182 1749 1328 1776 salutarem
1344 1749 1436 1776 animo
1451 1749 1574 1777 dolorem
1587 1751 1684 1777 conci-

905 1795 983 1829 piunt
1001 1799 1028 1822 et
1049 1795 1269 1828 tribulationem;
1287 1794 1342 1822 Deo
1358 1795 1516 1829 adiuvante,
1531 1800 1558 1822 el.
1573 1796 1684 1823 insanos

906 1844 996 1868 motus
1016 1841 1193 1875 reprimente,
1209 1843 1239 1866 ut
1254 1844 1363 1875 propter
1378 1839 1430 1865 vim
1449 1847 1583 1874 pressurae
1602 1841 1682 1875 quasi

905 1885 1069 1919 repercussi,
1085 1884 1191 1911 discant
1204 1883 1312 1911 tandem
1326 1884 1420 1910 oculos
1436 1884 1468 1910 ad
1485 1884 1612 1911 sublimia
1626 1885 1679 1912 eri-

903 1938 975 1965 gere,
990 1930 1135 1957 Dominum
1147 1937 1226 1957 suum
1238 1937 1389 1964 agnoscere
1403 1933 1429 1956 et
1442 1928 1610 1956 Creatorem.

938 2029 1022 2057 Vens.
1039 2028 1081 2056 16.
1110 2029 1283 2056 Denuntiatis
1309 2028 1601 2064 calamitatihns'quas
1630 2030 1680 2058 sibi

902 2080 1120 2112 promeruerant,
1132 2076 1256 2108 hortum,
1272 2083 1318 2103 eos
1334 2075 1405 2102 Deus
1420 2084 1454 2102 ne
1469 2076 1495 2102 in
1512 2076 1681 2111 desperatio-

902 2130 963 2148 nem
980 2120 1111 2152 l'erantur,
1130 2120 1216 2155 ipsius
1231 2128 1295 2147 vero
1308 2120 1522 2147 misericorditer
1532 2121 1679 2153 conﬁdant,

902 2167 1017 2201 explicat
1036 2166 1100 2201 quid
1119 2166 1146 2192 in
1163 2173 1257 2192 eorum
1273 2166 1387 2192 salutem
1406 2167 1547 2193 statuerit:
1565 2167 1679 2200 Mittam,

902 2213 1000 2247 inquit,
1013 2212 1181 2247 unigenitum
1202 2211 1299 2238 Filium
1322 2220 1410 2239 meum
1435 2211 1462 2238 in
1485 2220 1567 2239 carne
1582 2219 1675 2240 ventu-

901 2266 960 2284 rum
973 2267 980 2290 ;
1007 2258 1074 2284 nillil
1091 2257 1163 2284 aliud
1178 2265 1192 2283 a
1207 2257 1288 2284 vobis
1302 2257 1441 2292 deposcet,
1455 2258 1506 2284 nisi
1527 2262 1556 2284 ut
1572 2259 1598 2284 in
1613 2267 1675 2285 etim

899 2302 1027 2335 credatis,
1046 2307 1072 2329 et
1098 2302 1214 2329 salutem
1240 2302 1278 2328 ita
1303 2302 1454 2336 cxcipiatis_
1476 2302 1553 2335 Quod
1571 2303 1594 2329 si
1614 2304 1677 2330 hinc

900 2347 1019 2381 lapidem
1035 2346 1184 2382 pretiosum
1199 2350 1286 2377 vocet,
1301 2347 1428 2377 electum,
1440 2347 1676 2381 singula.rem,ho-

899 2393 1059 2424 norabilem,
1087 2393 1144 2419 haec
1168 2392 1235 2419 nihil
1261 2392 1333 2418 aliud
1350 2396 1413 2419 sunt
1428 2396 1526 2426 prmter
1550 2392 1645 2420 laudes
1661 2400 1676 2419 a

898 2439 980 2466 Patre
1004 2438 1075 2465 Filio
1098 2439 1223 2465 tributas.
1241 2437 1325 2470 Quem
1342 2438 1414 2465 enim
1430 2437 1543 2464 decebat
1558 2438 1592 2465 de
1607 2438 1675 2465 Filio

897 2485 1005 2516 testari,
1021 2485 1073 2511 nisi
1087 2484 1174 2519 ipsius
1190 2483 1316 2510 Patrem?
1329 2499 1363 2503 —
1376 2484 1495 2517 Apparet
1508 2491 1616 2518 quoque
1631 2485 1676 2510 hic

901 2537 981 2564 quam
1011 2534 1167 2555 accuratum
1195 2529 1230 2556 sit
1253 2528 1298 2555 Dei
1317 2528 1469 2563 judicium;
1499 2536 1551 2555 non
1577 2535 1676 2556 omnes

894 2575 965 2602 enim
983 2574 1198 2601 miserimrdiam
1218 2573 1264 2601 Dei
1280 2577 1492 2608 consequentur,
1509 2574 1556 2601 sed
1574 2574 1593 2601 ii
1607 2578 1670 2602 tan-

894 2625 962 2651 tum.
978 2620 1023 2654 qui
1039 2628 1112 2654 spem
1127 2628 1203 2646 suam
1223 2619 1250 2646 in
1264 2627 1325 2646 eum
1344 2620 1493 2654 posuerint.

926 2729 1008 2756 Vens.
1029 2729 1069 2756 Π.
1097 2729 1212 2761 Quando
1236 2730 1319 2761 enim,
1344 2729 1441 2764 inquit,
1465 2729 1601 2755 daemones
1624 2735 1671 2755 co-

891 2775 983 2802 luistis
999 2775 1030 2801 ad
1046 2776 1219 2809 tlepcllcndas
1241 2776 1410 2802 calamitates
1425 2779 1540 2807 vestras,
1556 2778 1674 2802 ctvana:

893 2823 957 2849 huic
982 2822 1038 2857 spei
1064 2822 1225 2854 contidistis,
1244 2824 1338 2850 sciatis
1352 2831 1400 2851 vos
1417 2823 1484 2850 nihil
1503 2830 1595 2850 eorum
1610 2828 1671 2856 quae
