1919 3075
240 105 308 132 1319

827 97 1003 127 THEODORI
1024 97 1282 127 HERACLEENSIS

1789 99 1852 127 i320

238 164 316 192 vobis
358 163 498 190 imminent
525 160 686 195 vitaturos,|
709 163 868 194 tempestate
899 166 962 186 rero
996 161 1017 185 cl

1075 157 1149 184 οὐδὲν
1161 159 1215 185 τῶν
1234 158 1409 193 ἐπαγομένων
1427 157 1609 193 διαφεύξεσθε,
1623 159 1656 193 τῇ
1675 166 1705 184 τε
1719 157 1852 192 καταιγίδι

239 214 326 237 morte
342 207 535 244 opprimendos
548 214 619 234 esse.

273 253 357 281 Vens.
372 253 414 280 t9.
438 252 486 279 llic
510 251 696 278 misericordia
711 255 850 286 permotus
870 253 1002 285 propneta
1016 269 1023 280 ,

239 303 265 326 et
280 297 448 325 calamitates
470 297 629 323 recordatus
644 296 697 323 illis
714 296 896 326 imminentes,
909 302 1024 321 monen-

239 344 288 371 dos
302 351 350 370 eos
369 343 499 377 suscipit,
516 346 545 369 ut
563 349 636 368 nunc
656 341 803 376 prudenter
824 340 952 373 audiant;
969 348 1022 368 non

239 390 310 418 enim
328 389 383 416 fieri
401 393 500 425 potest,
517 392 546 416 ut
563 389 645 415 tantis
667 388 844 424 voraginibus
868 387 1022 420 submersi,

239 437 323 463 tantis
334 436 455 471 oppressi
470 435 682 466 calamitatibus,
696 434 750 462 Deo
762 435 939 467 resistamus;
957 437 1022 460 tunc

238 484 310 509 enim
327 490 376 509 nec
388 486 495 510 nosmet
514 481 588 516 ipsos
602 488 710 508 movere
727 481 889 512 valebimus,
905 480 956 508 nisi
972 481 1023 507 im-

238 529 354 563 pellente
369 527 432 555 Deo.

270 619 352 646 Vsus.
370 618 415 645 2|.
440 619 508 645 iram
530 618 576 645 Del
602 626 663 645 cum
686 622 777 645 monte
792 625 938 653 impiorum
956 625 1022 645 con-

239 664 310 696 fert,
328 665 354 690 in
370 672 399 691 se
412 664 525 691 invicem
545 664 776 698 consurgentium.
799 664 875 696 Quod
890 665 913 691 si
932 664 1022 691 furere

238 709 347 739 dicitur,
359 714 386 736 et
404 709 594 736 amaritudinis
605 716 674 743 opus
693 709 791 740 facere,
805 717 839 736 nc
851 709 954 736 idcirco
970 708 1022 736 Do-

239 756 340 782 minum
354 756 461 782 incuses
475 764 480 781 :
496 762 553 781 non
583 755 655 782 enim
680 755 771 782 furore
794 755 911 790 agitatur
931 755 1021 788 Deus.

237 809 298 828 cum
315 805 412 828 natura
431 801 559 828 immotus
576 805 716 829 remaneat
736 805 764 828 et
785 801 892 829 all'eetu.
910 801 1019 828 Amari-

1075 203 1121 230 καὶ
1132 203 1171 238 τῷ
1184 203 1289 239 Θανάτῳ
1304 204 1527 239 ὑποϐαλλόμενοι.

1109 250 1156 282 El;
1184 250 1352 285 συμπάθειαν
1378 250 1562 285 ὲπικαμφθεὶς
1589 251 1603 276 ὁ
1630 251 1787 285 προφήτης,
1810 250 1853 276 καὶ

1074 294 1144 320 κατὰ
1154 295 1214 321 νοῦν
1226 294 1314 322 λαϐὼν
1327 295 1361 322 τὰ
1383 295 1512 330 μέλλοντα
1529 296 1625 327 αὐτοὺς
1639 295 1852 330 καταλήψεσθαι,

1075 339 1265 375 συμϐουλεύειν
1288 340 1421 377 προήχθη,
1450 342 1491 367 ὅτι
1510 341 1569 367 Κᾶν
1591 341 1638 368 νῦν
1664 341 1731 376 γοῦν
1750 341 1853 367 συνέσει

1074 387 1223 413 ἀκούσατε-
1248 387 1308 413 οὐδὲ
1338 387 1393 423 γὰρ
1418 385 1472 414 οἷόν
1496 387 1526 414 τέ
1551 389 1636 419 ἐστιν,
1663 388 1702 419 εἰς
1732 386 1854 414 τοσοῦτον

1075 431 1152 466 βυθὸν
1174 432 1246 467 ὑμᾶς
1266 432 1358 458 κακῶν
1378 433 1555 468 ἐμπεσόντας,
1575 433 1621 459 καί
1637 432 1854 467 στενοχωρουμέ-

1073 485 1134 508 νους
1157 479 1216 508 ταῖς
1233 479 1394 513 συμφοραῖς,
1417 477 1591 504 ἀνθίστασθαι
1610 477 1678 513 Θεῷ·
1699 477 1783 504 ὁπότε
1800 478 1854 504 ait}.

1074 523 1219 558 ἰσχύσομεν
1251 524 1364 555 ἑαυτοὺς
1397 524 1507 557 συνάξαι
1535 524 1599 550 ἄνευ
1627 525 1677 559 τῆς
1712 523 1761 550 τοῦ
1792 523 1853 549 Θεοῦ

1074 569 1168 604 ῥοπῆς-
1390 599 1397 603 ς

1109 615 1165 650 Τὴν
1181 615 1255 651 παρὰ
1268 615 1316 642 τοῦ
1332 615 1398 642 Θεοῦ
1423 616 1516 651 ὀργὴν,
1544 616 1582 647 ὡς
1608 617 1647 647 εἰς
1666 616 1730 652 ὁρος
1754 616 1853 642 ἀσεϐῶν

1073 662 1132 688 κατ’
1154 661 1243 687 αὐτῶν
1266 661 1440 696 ἐπαγομένων
1462 661 1552 696 δηλοῖ·
1580 661 1665 696 θυμοῦ
1681 662 1711 688 δὲ
1742 662 1853 693 ἁκούων,

1073 708 1119 733 καὶ
1144 707 1255 742 πικρίαν
1283 707 1366 743 ὀργὴν
1395 708 1448 742 (5),
1469 708 1505 742 μὴ
1535 707 1604 734 κατὰ
1641 707 1688 734 τοῦ
1722 708 1853 734 Δεσπότου

1073 755 1213 791 γυμνάσῃς
1231 754 1346 790 μέμψιν·
1366 754 1425 781 οὐδὲ
1451 753 1503 789 γὰρ
1520 754 1556 785 ὡς
1572 755 1601 780 ἐν
1618 753 1698 788 θυμῷ
1719 755 1853 789 τραπήσε-

1073 809 1116 826 ται
1136 801 1213 831 Θεὸς,
1245 800 1367 835 μένοντος
1391 798 1472 826 αὐτοῦ
1498 799 1631 834 ἁτρέπτου
1658 799 1742 832 φύσει
1763 808 1791 825 τε
1813 802 1854 826 καὶ

237 847 357 874 tudinem
372 847 479 882 quidem
508 847 553 874 isti
579 848 712 879 sentient,
737 855 799 874 cum
828 848 1017 883 corrigentur;

1075 845 1184 880 γνώμῃ·
1209 844 1267 870 ἀλλ’
1297 845 1338 871 ὅτι
1362 845 1471 880 πικρίας
1491 841 1562 870 οὗτοι
1593 844 1773 879 αἰσθήσονται
1799 853 1854 871 παι-

238 893 295 928 ipse
320 897 410 920 autem
432 892 503 920 Deus
520 893 707 920 misericordia
732 901 780 921 eos
804 898 830 921 et
855 894 1021 929 bgignitate

238 902 295 928 Ipse
320 902 410 920 autem
432 902 503 920 ueus
520 902 707 920 misericordia
732 902 780 921 eos
804 902 830 921 et
855 902 871 921 ι)
908 902 1019 929 rgnnate

237 938 366 973 corrigit,
389 942 417 964 ιιι
436 939 524 973 pinnis
543 938 678 972 deterriti,
698 946 746 974 per
765 902 952 974 pmnitenﬁam
969 939 1019 967 sibi

237 984 350 1011 salutem
363 988 520 1018 operentur.

271 1029 353 1057 Vens.
375 1030 420 1056 2'2.
439 1030 534 1057 Sermo
560 1030 604 1057 hic
628 1030 661 1057 ad
680 1030 816 1058 lsraelitas
833 1038 943 1066 quoque
959 1039 1020 1066 spe-

235 1079 299 1106 ctat,
313 1074 430 1101 maxime
445 1081 509 1101 vero
526 1074 557 1100 ad
575 1079 680 1109 gentes.
700 1073 838 1102 lsraelitas
848 1075 957 1110 quidem
972 1075 1021 1102 ad-

236 1124 347 1152 monet,
371 1128 404 1147 ne
429 1124 602 1154 peccatorum
616 1122 756 1155 voluptate
772 1120 965 1153 detineantur,
987 1129 1021 1149 ne

235 1167 341 1194 delictis
355 1167 544 1201 opprimantur
555 1187 562 1198 .
578 1170 624 1193 aut
638 1167 844 1199 devinciuntur,
864 1168 911 1195 sed
926 1168 959 1195 ad
975 1168 1019 1202 ju-

235 1213 336 1240 dicium
358 1221 438 1240 aures
463 1206 652 1244 intendentes,
682 1214 763 1241 saluti
787 1222 844 1241 sua:
865 1215 1018 1242 consulant.

235 1259 369 1287 Gentibus
385 1267 447 1286 vero
461 1259 592 1291 declarat,
611 1260 664 1287 illis
678 1268 731 1287 non
753 1267 813 1288 esse
830 1260 864 1287 de
879 1261 1018 1287 lsraelita—

237 1313 295 1332 rum
313 1307 453 1341 suppliciis
478 1306 621 1334 ltetandum
632 1327 640 1340 ,
657 1315 718 1334 cum
733 1311 760 1334 ct
777 1307 844 1342 ipsis
859 1307 1019 1334 immineant

237 1360 322 1387 mena:
337 1361 384 1387 pro
398 1354 516 1387 peccatis
525 1353 632 1381 debitae.

270 1443 334 1470 CAP.
350 1443 444 1475 XXIX,
461 1443 542 1470 Vens.
565 1444 608 1470 M.
628 1443 670 1471 Ab
685 1435 805 1479 Assyriis
824 1451 871 1471 eos
894 1444 921 1470 in
934 1444 1019 1478 capti-

235 1492 344 1517 vitatem
370 1491 543 1518 deducnndos
568 1498 629 1517 esse
655 1490 772 1523 nuntiat,
786 1490 857 1525 quod
888 1490 915 1517 in
943 1490 1018 1517 cultu

235 1536 281 1563 Dei
297 1545 454 1571 permanere
468 1537 628 1567 noluerunt,
658 1537 690 1563 ad
720 1537 792 1563 idola
817 1544 880 1564 vero
907 1536 1019 1564 deflexe-

235 1586 298 1608 runt
323 1581 502 1614 Quamobrem
519 1582 575 1616 ipse
599 1589 645 1609 eos
661 1582 809 1608 transferre
823 1589 876 1608 non
894 1582 1018 1613 dubitat,

234 1627 311 1661 quasi
327 1627 359 1654 de
376 1627 434 1654 loco
453 1628 478 1654 in
502 1628 584 1654 alium
609 1628 710 1660 locum,
725 1635 757 1654 ac
773 1635 805 1655 eo
821 1627 929 1664 quidem
945 1635 1020 1654 sum-

235 1681 305 1699 mam
321 1673 461 1707 proﬁtetur
478 1673 695 1700 misericordiam
708 1683 715 1706 ;
728 1674 828 1708 quippe
843 1681 913 1708 quos
931 1673 1020 1708 patria

234 1725 332 1752 pravos
348 1719 497 1753 praebuerat
522 1719 547 1745 in
576 1719 690 1746 alienam
719 1722 820 1745 terram
837 1717 1018 1745 transferendi

234 1767 321 1796 erant,
338 1767 366 1790 ut
378 1763 457 1795 forte,
470 1764 580 1791 mutatis
591 1764 668 1795 locis,
686 1767 860 1791 mutarentur
874 1768 901 1790 et
913 1771 1013 1790 mores-

271 1852 352 1879 \'Ens.
380 1852 420 1878 l7.
448 1852 573 1879 Chermel
600 1860 678 1879 mons
706 1855 765 1883 est,
794 1851 837 1878 cui
866 1851 1016 1878 Jerusalem

235 1905 318 1933 prope
332 1898 490 1933 subjacebat
501 1917 508 1930 ,
533 1906 612 1932 quem
629 1897 757 1925 lsraelitae
774 1898 899 1926 colebant
913 1907 920 1931 ;
935 1888 1020 1934 _Liba-'

235 1951 300 1971 num
318 1952 382 1971 vero
400 1949 518 1970 montem
545 1944 674 1970 tenebant
689 1947 794 1978 gentes.
810 1943 939 1971 Testatur
953 1952 1019 1979 ergo

235 1989 279 2016 hic
296 1989 365 2016 Deus
379 1989 462 2016 lsrael
478 1989 655 2023 rejicicndum
669 1998 730 2018 esse
748 1995 858 2025 propter
874 1990 1016 2018 innumera

235 2039 344 2068 peccata
369 2038 394 2061 et
416 2035 579 2069 impietatem
602 2043 689 2067 suam,
707 2043 739 2062 ac
762 2036 842 2063 unius
859 2036 917 2063 loco
930 2036 1018 2070 gentis

234 2083 348 2106 cunctas
378 2084 472 2114 gentes
494 2081 630 2116 eligendae
660 2089 721 2108 esse
745 2088 771 2109 et
799 2089 815 2108 a
843 2082 899 2109 Deo
929 2082 1016 2109 susci-

234 2125 356 2160 picndas.

269 2171 350 2219 Vens.
367 2171 392 2198 8.
414 2171 547 2219 Loquitur
561 2175 588 2200 et
602 2173 698 2219 iterum
715 2173 751 2208 (4)
766 2173 799 2201 de
813 2174 919 2209 signato
936 2174 1015 2208 libro,
1031 2189 1056 2219 υ

233 2224 287 2251 quo
305 2215 454 2244 Salvatoris
480 2217 624 2244 adventum
651 2217 748 2245 innuit.
776 2228 784 2244 ι
801 2218 917 2246 Audient
938 2220 1014 2247 surdi

233 2263 316 2290 verba
332 2263 410 2295 libri,
429 2273 438 2288 ι
456 2263 506 2290 hcc
523 2268 582 2295 est,
604 2264 649 2298 qui
665 2272 718 2291 non
736 2269 914 2292 occurrerunt
930 2266 1012 2301 lapidi

234 2308 354 2336 seandali
364 2309 385 2340 ⁷,
399 2309 445 2344 qui
461 2317 514 2336 non
533 2309 726 2337 dubitaverunt
740 2311 840 2337 astanti
856 2311 995 2345 signaculo
1006 2332 1014 2345 ,

232 2354 342 2382 Christo
367 2354 482 2387 scilicet,
507 2355 628 2382 credere.
649 2354 716 2382 Nam
743 2355 771 2382 in
789 2356 908 2384 tenebris
933 2361 960 2384 et
985 2357 1012 2384 in

232 2401 332 2428 nebqu
349 2401 487 2436 degentes,
509 2401 535 2427 in
549 2401 739 2436 excipiendum
754 2402 903 2429 Salvatoris
913 2403 1015 2430 adven-

231 2452 288 2474 tum
301 2447 482 2482 prospicient;
498 2452 524 2474 et
534 2447 580 2482 qui
596 2447 689 2481 (Vens.
703 2448 746 2479 19)
763 2448 857 2483 inopes
869 2448 1008 2481 dicuntur,

231 2493 462 2528 perlapparentem
479 2492 617 2520 Christum
631 2493 792 2522 ditabuntur
808 2503 815 2521 :
838 2502 933 2522 omnes
961 2495 1012 2522 im-

231 2539 374 2573 plebuntur
388 2538 479 2566 laetitia
496 2540 652 2575 quicunque
667 2540 694 2566 in
710 2548 771 2568 eum
789 2541 965 2568 crediderint.

229 2662 233 2668 Ι
268 2674 338 2710 ἠδη.
355 2691 414 2714 vm,
430 2683 503 2716 M;l
523 2683 594 2711 Petr.
616 2694 631 2716 I,
647 2686 672 2714 8.

269 2757 305 2792 (5)
322 2757 401 2797 Forte
420 2761 558 2797 legendtun
571 2762 655 2797 θυμὸν
669 2763 695 2789 δὲ
711 2763 815 2791 ἀκούων
829 2766 875 2792 καὶ
891 2766 1003 2797 πικρίας

235 2792 323 2825 ἔργον,
344 2799 371 2820 ιιι
383 2791 497 2822 innuunt
511 2796 592 2824 LXX.
607 2791 612 2797 ”
904 2791 907 2792 ν
941 2791 946 2801 ⁸

1071 889 1224 924 δευόμενοι·
1240 888 1283 915 διὰ
1304 888 1386 923 φειδὼ
1405 889 1432 915 δὲ
1450 889 1494 915 καὶ
1507 889 1711 924 φιλανθρωπίαν
1730 889 1778 915 τοῦ
1793 889 1853 916 Θεοῦ

1071 935 1242 967 παιδεύοντος
1264 935 1380 967 αὐτούς·
1401 935 1454 968 ἵνα,
1479 935 1655 971 συσχεθέντες
1676 937 1736 968 τοῖς
1753 936 1853 968 δεινοῖς,

1070 981 1113 1008 διὰ
1136 981 1277 1017 μετανοίας
1300 982 1403 1013 ἑαυτοῖς
1423 981 1556 1018 σωτηρίαν
1579 982 1853 1017 πραγματεὺσωνται.

1113 1029 1238 1064 Ἀρμόζει
1251 1030 1265 1055 ὁ
1281 1029 1359 1063 λόγος
1375 1029 1422 1055 καὶ
1442 1028 1509 1064 πρὸς
1524 1029 1586 1060 τοὺς
1600 1029 1631 1055 ἐκ
1654 1029 1703 1055 τοῦ
1719 1029 1853 1065 Ἰσραήλ·

1070 1076 1100 1102 οὐ
1116 1075 1169 1110 μὴν
1185 1075 1252 1102 ἀλλὰ
1275 1075 1322 1102 καὶ
1344 1075 1410 1110 πρὸς
1428 1075 1462 1102 τὰ
1482 1075 1562 1110 ἔθνη·
1591 1075 1637 1102 καὶ
1657 1075 1704 1101 ἐπὶ
1732 1076 1783 1110 μὲν
1806 1075 1854 1101 τῶν

1076 1121 1248 1157 Ἰσραηλιτῶν
1263 1122 1300 1157 μὴ
1310 1122 1449 1156 ἐπιμένειν
1466 1122 1562 1153 αὐτοὺς
1581 1121 1765 1157 συμϐουλεύει
1779 1124 1811 1157 τῇ
1827 1123 1854 1148 ὲκ

1070 1167 1122 1193 τῶν
1138 1168 1342 1203 ἁμαρτημάτων
1357 1167 1448 1203 ἡδονῇ,
1465 1168 1532 1203 μηδὲ
1551 1168 1727 1202 ὲπισφίγγειν
1745 1169 1851 1199 ἑαυτοὺς

1070 1214 1128 1244 ταῖς
1147 1213 1302 1248 ἁμαρτίαις,
1329 1213 1394 1249 μηδὲ
1416 1213 1613 1249 ἐπιδεσμεὺειν,
1636 1214 1707 1241 ἀλλὰ
1730 1214 1800 1250 πρὸς
1811 1214 1853 1250 τὴν

1071 1259 1154 1294 ἀκοὴν
1168 1260 1217 1295 τῆς
1238 1260 1354 1296 κρίσεως
1371 1260 1561 1292 συσταλέντας,
1577 1260 1741 1296 ἐπιμέλειαν
1755 1261 1852 1287 ἑαυτῶν

1071 1305 1256 1340 ποιήσασθαι·
1282 1306 1338 1337 τοῖς
1359 1305 1387 1331 δὲ
1409 1305 1522 1338 ἔθνεσιν,
1550 1305 1590 1332 ὃτι
1613 1306 1643 1332 οὐ
1670 1306 1726 1341 χρὴ
1754 1306 1852 1344 χαίρειν

1072 1352 1142 1387 ὑμᾶς
1159 1352 1205 1378 ἐπὶ
1227 1352 1259 1386 τῇ
1274 1351 1327 1378 τῶν
1349 1351 1522 1387 Ἰσραηλιτῶν
1542 1352 1678 1387 τιμωρία·
1701 1351 1853 1387 διαϐήσεται

1070 1399 1124 1433 γὰρ
1141 1400 1186 1426 καὶ
1202 1399 1240 1430 είς
1257 1399 1328 1434 ὑμᾶς
1341 1398 1374 1425 τὰ
1389 1399 1436 1434 τῆς
1451 1399 1546 1430 τίσεως
1562 1399 1782 1434 ἁμαρτάνοντας.

1107 1444 1162 1480 Τὴν
1175 1445 1215 1476 εἰς
1237 1444 1394 1480 ’Δσσυρίους
1409 1445 1595 1480 αἰχμαλωσίαν
1613 1444 1704 1471 αὐτῶν
1717 1444 1802 1479 δηλοῖ,
1820 1445 1852 1479 μὴ

1071 1489 1240 1524 θελησάντων
1271 1490 1359 1516 αὐτῶν
1391 1490 1439 1526 μὲν
1469 1491 1596 1526 ἐμμεῖναι
1625 1491 1682 1522 τοῖς
1712 1490 1761 1517 τοῦ
1792 1490 1852 1516 Θεοῦ

1071 1536 1273 1571 προστάγμασι,
1297 1535 1487 1571 μεταθεμένων
1508 1536 1536 1563 δὲ
1555 1537 1594 1568 είς
1617 1536 1851 1572 εἱδωλολατρείαν·

1070 1579 1129 1606 ὅθεν
1140 1581 1186 1606 καὶ
1201 1580 1363 1616 μεταθήσειν
1377 1581 1475 1612 αὐτοὺς
1488 1582 1503 1607 ὁ
1515 1580 1581 1612 Θεὸς
1592 1581 1672 1614 ἀξιοῖ,
1686 1581 1725 1612 ὡς
1744 1578 1798 1607 ἀπὸ
1812 1581 1853 1606 τό·

1071 1633 1119 1651 που
1150 1627 1189 1657 εἰς
1215 1626 1312 1653 τόπον·
1337 1626 1383 1653 καὶ
1411 1626 1489 1653 τοῦτο
1526 1626 1694 1661 ἀγαθότητος
1719 1626 1854 1661 ὑπερϐολῇ

1071 1670 1170 1697 ποιῶν·
1195 1670 1241 1702 οὒς
1267 1671 1321 1707 γὰρ
1341 1671 1493 1707 μοχθηροὺς
1515 1671 1613 1704 ἔδειξεν
1634 1673 1650 1707 ἡ
1669 1672 1723 1706 γῆ,
1745 1671 1855 1698 ἀκόλου-

1070 1716 1115 1743 θον
1129 1717 1238 1749 τούτους
1253 1719 1293 1749 εἰς
1311 1718 1407 1753 ἑτέραν
1429 1718 1596 1754 μεταχθῆναι
1609 1719 1671 1753 γῆν,
1692 1718 1718 1744 εἴ
1737 1727 1790 1744 που
1807 1718 1856 1752 ἄρα

1070 1764 1102 1798 τῇ
1128 1763 1268 1798 μεταθέσει
1290 1763 1343 1790 τῶν
1368 1764 1458 1790 τόπων
1480 1764 1625 1799 ἁμείψουσι
1644 1765 1692 1790 καὶ
1712 1764 1777 1795 τοὺς
1799 1764 1855 1799 τρά-

1070 1817 1146 1841 πους.

1105 1857 1141 1883 Τὸ
1155 1857 1262 1892 Χερμὲλ
1276 1858 1338 1893 ὅρος
1352 1856 1385 1894 ἦν
1399 1859 1594 1894 προσκείμενον
1608 1860 1641 1894 τῇ
1664 1859 1855 1894 Ἰερουσαλὴμ,

1069 1904 1083 1930 ὂ
1095 1906 1219 1940 κατεῖχον
1230 1906 1254 1932 οἱ
1265 1907 1318 1932 υἱοὶ
1340 1905 1446 1941 Ἰσραήλ
1457 1915 1463 1921 ·
1482 1907 1496 1932 ὀ
1514 1906 1542 1933 δὲ
1559 1907 1674 1938 Λίϐανος
1694 1907 1763 1941 ὅρος
1781 1905 1826 1943 ἦν.
1846 1907 1857 1933 Ξ

1069 1952 1191 1985 κατεῖχον
1205 1951 1238 1978 τὰ
1260 1951 1337 1986 ἔθνη·
1363 1952 1437 1987 δηλοῖ
1460 1951 1549 1978 τοίνυν
1573 1952 1618 1979 διὰ
1647 1952 1766 1985 τούτων,
1789 1954 1827 1986 ὡς
1846 1954 1857 1979 ὁ

1075 1996 1181 2032 Ἰσραὴλ
1194 1997 1344 2033 ἀπόϐλητος
1356 1999 1475 2033 ἐγεγόνει
1486 1999 1529 2025 διὰ
1545 1999 1594 2030 τὰς
1609 2000 1662 2034 πλη
1668 2000 1856 2036 μμε).ηθείσα;

1069 2042 1156 2068 αὐτῶν
1174 2044 1343 2078 παρανομίας
1362 2045 1407 2070 καὶ
1422 2045 1547 2071 ἀσέϐειαν
1564 2045 1611 2080 τὴν
1631 2046 1671 2077 εἰς
1687 2046 1774 2072 Θεόν·
1792 2047 1855 2072 ἅντ-

1068 2085 1284 2123 εισενεχθὴσετὰι
1301 2089 1329 2115 δὲ
1354 2090 1414 2116 ἀντὶ
1428 2089 1522 2116 τούτου
1545 2090 1591 2116 τοῦ
1607 2090 1703 2122 ἔθνους
1718 2091 1812 2118 πάντα
1828 2094 1856 2117 τὰ

1068 2132 1141 2168 ἔθνη,
1156 2133 1201 2159 καὶ
1215 2133 1435 2169 ἀντιδεχθήσεται
1448 2135 1521 2170 παρὰ
1537 2135 1583 2162 τοῦ
1595 2135 1675 2163 Θεοῦ.

1111 2178 1216 2213 ’Λνάγει
1235 2179 1280 2206 τὸν
1299 2180 1377 2214 λόγον
1394 2181 1441 2207 καὶ
1458 2179 1535 2212 αὖθις
1551 2182 1598 2207 ἐπὶ
1615 2181 1646 2208 τὸ
1666 2182 1856 2217 ἐσφραγισμέ-

1068 2231 1112 2249 νον
1130 2223 1240 2258 βιϐλίον,
1265 2225 1298 2251 δι’
1312 2222 1342 2252 οὗ
1355 2227 1480 2262 σημαίνει
1497 2227 1546 2263 τὴν
1569 2227 1614 2254 τοῦ
1631 2228 1764 2264 Σωτῆρος
1789 2237 1856 2263 παρ-

1068 2269 1175 2295 ουσίαν·
1191 2278 1200 2295 ‹
1221 2270 1393 2298 ’Ᾱκούσονται
1410 2271 1464 2307 γὰρ
1481 2272 1568 2307 κωφοὶ
1586 2273 1687 2306 λόγους
1707 2273 1824 2308 βιϐλίου,
1847 2283 1854 2298 ι

1067 2313 1202 2341 τουτέστιν
1217 2316 1242 2341 οἱ
1259 2315 1295 2350 μὴ
1313 2315 1496 2350 προκόψαντες
1513 2316 1552 2352 τῷ
1567 2316 1634 2352 λίθῳ
1654 2317 1704 2343 τοῦ
1720 2319 1855 2353 προσκόμ-

1069 2367 1150 2394 ματος
1160 2369 1167 2375 ·
1177 2361 1202 2386 οἱ
1215 2362 1247 2396 τῇ
1265 2361 1428 2398 ἐπικειμένῃ
1442 2363 1579 2397 σφραγῖδι,
1597 2363 1628 2394 ὂς
1643 2363 1704 2390 ἐστι
1730 2364 1855 2399 Χριστὸς,

1069 2405 1105 2440 μὴ
1122 2407 1353 2441 προφασισάμενοι
1371 2407 1530 2434 πιστεῦσαι·
1543 2408 1568 2434 οἱ
1585 2408 1640 2443 γὰρ
1651 2410 1681 2435 ὲν
1704 2410 1798 2444 σκότῳ
1813 2410 1856 2435 καὶ

1066 2450 1161 2486 ἀγνοίᾳ
1181 2451 1317 2485 διάγοντες
1337 2452 1541 2487 ἁναϐλέψουσιν,
1568 2453 1652 2489 ἡνίκα
1670 2454 1705 2481 ἂν
1736 2455 1786 2490 τὴν
1813 2455 1855 2481 τοῦ

1066 2496 1190 2532 Σωτῆρος
1223 2497 1426 2533 παραδέξωνται
1455 2499 1619 2535 παρουσίαν·
1650 2501 1702 2527 καὶ
1731 2501 1758 2528 οἱ
1790 2510 1856 2527 πτω-

1066 2541 1189 2576 χεύοντες
1212 2544 1241 2569 ὲν
1260 2543 1298 2578 τῷ
1316 2543 1386 2579 λόγῳ
1407 2544 1587 2579 πλουτήσουσι
1607 2545 1654 2572 διὰ
1675 2546 1724 2573 τὸν
1746 2547 1856 2582 φανέντα

1066 2587 1196 2622 Χριστόν·
1215 2588 1261 2615 καὶ
1277 2590 1376 2620 πάντες
1394 2590 1561 2626 εὐφροσύνης
1578 2591 1815 2628 πληρωθήσονται
1835 2592 1855 2618 οἱ

1067 2633 1105 2664 εἰς
1120 2634 1199 2660 αὑτὸν
1216 2635 1416 2667 πιστεύσαντες.

1096 2766 1133 2801 (4)
1154 2765 1214 2795 Vid.
1229 2775 1326 2802 supra,
1343 2775 1416 2796 vers.
1432 2767 1476 2796 ΙΙ.
