1919 3075
107 116 176 147 1521

829 117 861 145 ΙΝ
880 116 1009 144 ISAIAM.

1665 118 1738 144 1:727.

141 178 235 214 Θλίψιν
248 179 363 207 ἐνταῦθα
377 179 451 214 λέγει
472 179 522 215 τὴν
542 179 636 214 ἔφοδον
650 179 704 206 τῶν
734 179 892 214 Ἀσσυρίων,

983 177 1048 204 Cu».
1066 177 1148 208 XXX,
1165 176 1247 204 Vens.
1263 177 1291 204 6.
1304 176 1357 204 Per
1373 176 1577 204 tribulationem
1593 175 1637 203 hic
1651 175 1737 211 Assy-

104 226 138 252 ὲν
183 225 355 261 συνεχόμενοι
380 225 430 258 τὰς
450 225 617 261 ἀνηκέστους
635 225 771 261 ὑπέμενον
793 233 898 260 συμφο-

105 272 174 308 ράς·
192 271 304 304 τούτους
317 271 407 298 τοίνυν
427 271 471 298 διὰ
481 272 530 307 τὴν
548 271 692 298 κακόνοιαν
715 271 769 297 τῶν
789 271 898 306 τρόπων

104 317 157 343 καὶ
177 316 286 349 λέοντας
305 317 352 344 καὶ
376 316 512 352 σκύμνους
535 316 649 343 λεόντων
669 316 762 343 ἐκάλει
786 316 834 343 καὶ
853 315 897 342 ἔκ-

103 371 175 397 γονα
197 362 327 389 ἀσπίδων.
350 364 455 398 Ὥσπερ
478 361 525 390 οὖν
551 362 625 390 καὶὸ
643 362 777 398 μακάριος
808 362 898 388 Ἰωάν-

103 417 166 444 νης,
182 409 197 434 ό
215 409 369 444 πρόδρομος
384 409 430 435 τοῦ
446 408 581 444 ἡμετέρου
599 408 735 444 Σωτῆρος,
751 408 829 443 ὄφεις
849 407 898 434 καὶ

102 455 265 490 γεννήματα
278 454 389 490 ἐχιδνῶν
406 454 515 489 ἔλεγεν·
533 455 563 481 οὐ
587 455 641 490 μὴν
662 454 729 481 ἀλλὰ
754 454 800 481 καὶ
819 454 897 480 ἵπποι

102 499 271 535 Θηλυμανείς
298 499 478 535 ἐγενήθησαν,
503 499 550 526 καὶ
577 500 634 530 τοῖς
655 498 744 530 ἄλλοις
768 498 897 532 ὀνόμασιν

100 547 210 580 ἐκάλει,
230 547 337 578 δεικνὺς
351 546 400 582 τὴν
411 546 524 573 ἐκείνων
546 546 664 573 κακίαν·
688 545 761 572 οὕτω
783 545 830 572 καὶ
848 544 896 572 νῦν

101 591 313 628 χαρακτηρίζων
335 591 424 618 αὐτῶν
445 592 509 622 τοὺς
530 591 659 627 τρόπους,
682 591 766 627 θηρία
786 591 894 625 ἔλεγεν-

100 638 210 669 οἵτινες
238 637 291 664 ὑπὸ
314 637 368 663 τῶν
394 636 489 663 δεινῶν
516 636 698 672 συνεχόμενοι,
716 636 766 663 οὐκ
787 637 833 662 ἐπὶ
850 635 895 662 τὸν

100 682 172 709 Θεὸν
183 682 351 717 κατέφευγον
363 681 409 708 τὸν
420 682 474 708 τῶν
489 681 578 709 καλῶν
593 682 688 713 αἴτιον,
703 680 752 717 τὴν
766 681 821 708 τῶν
832 681 896 715 ἀγα-

100 727 160 755 Θῶν
174 728 280 764 πηγήν·
299 727 356 754 ἀλλ’
373 727 512 760 ἐπιθέντες
535 728 580 754 ἐπὶ
595 727 671 758 ὅνους
691 727 738 754 καὶ
757 727 896 762 καμήλους

99 775 150 801 τὸν
173 773 277 800 ἑαυτῶν
310 773 439 806 πλοῦτον,
463 773 609 809 πρεσϐείαν
638 774 707 809 πρὸς
730 773 895 807 Αἰγυπτίους

99 820 326 848 ἀποστέλλουσιν.

140 888 237 915 Φθάνει
254 887 320 919 Θεὸς
331 886 379 913 καὶ
393 885 446 921 πρὸ
460 885 510 920 τῆς
527 884 581 912 τῶν
601 892 772 920 πραγματων
794 885 893 921 πείρας

99 934 336 971 διαμαρτύρεσθαι
350 933 396 961 τὸν
415 932 568 968 προφήτην,
592 931 630 964 ὡς
643 932 718 958 οὐδὲν
740 932 832 967 ὀνήσει
846 932 895 958 αὺ-

100 982 168 1013 τοὺς
185 981 202 1016 ὴ
222 980 379 1007 ὲλπισΟεῖσα
399 978 463 1014 παρ’
489 977 579 1004 αὐτῶν
598 977 755 1013 ἀνθρωπίνη
774 977 893 1013 βοήθεια,

99 1028 142 1054 ὅτ’
159 1027 192 1054 ἂν
216 1026 321 1063 ἀπείπῃ
345 1026 362 1061 ἡ
385 1024 432 1051 τοῦ
454 1023 521 1050 Θεοῦ
547 1024 628 1059 ῥοπή.
648 1039 683 1043 -
699 1023 754 1050 Καὶ
778 1022 894 1050 ἐνταῦθα

99 1073 189 1109 πολλὴ
204 1075 221 1109 ὴ
235 1072 281 1099 τοῦ
297 1071 365 1098 Θεοῦ
378 1070 513 1106 ἀγαθάτης
531 1070 680 1105 μηνύεται·
709 1069 818 1106 Ἐπειδὴ
829 1069 894 1105 γὰρ,

99 1120 180 1155 φησι,
200 1119 278 1153 λόγος
296 1118 326 1145 οὐ
345 1117 472 1144 τοσοῦτον
488 1116 656 1143 καθικνεῖται
677 1116 732 1142 τῶν
753 1116 895 1143 νουθετου-

102 1167 193 1202 μένων
217 1166 255 1198 ὡς
278 1165 416 1200 ἔγγραφος
442 1163 527 1199 φωνὴ,
552 1163 697 1198 ἐγγράφως
719 1163 818 1195 αὐτοὺς
838 1163 895 1190 δια-

102 1212 273 1248 μαρτύρεται
291 1211 404 1247 γράφων
425 1210 459 1236 τὰ
478 1209 607 1245 μέλλοντα
627 1209 724 1240 αὐτοὺς
745 1208 896 1244 καταλήψε-

100 1258 166 1285 σθαι
178 1259 218 1289 είς
232 1257 326 1290 πυξίον
342 1256 389 1283 καὶ
404 1256 444 1286 εἰς
460 1254 570 1289 βιϐλίον.

146 1324 256 1360 Ἐπειδὴ
271 1324 326 1360 γὰρ
348 1324 396 1351 καὶ
421 1322 489 1359 μετὰ
503 1323 551 1358 τὴν
572 1323 674 1349 τούτων
696 1322 893 1358 προαγόρευσιν

100 1373 161 1404 τοῖς
189 1372 280 1404 αὐτοῖς
308 1371 481 1407 ἐπεμείνατε,
509 1371 577 1406 μήτε
601 1370 648 1405 ἀφ’
677 1369 781 1396 ἑαυτῶν
809 1378 893 1397 κατα-

99 1419 251 1453 νοήσαντες
264 1417 298 1443 τὰ
320 1417 504 1453 συμφέροντα,
526 1417 593 1452 μήτε
617 1416 693 1452 παρὰ
711 1415 768 1443 τῶν
785 1424 891 1451 προφη-

99 1462 159 1488 τῶν
188 1462 350 1498 θελήσαντες
379 1462 577 1498 ὀμματωοῆναι
601 1463 641 1493 εἰς
663 1461 790 1497 θεωρίαν,
826 1470 891 1488 κατ-

100 1508 235 1543 εδράμετε
254 1508 282 1535 δὲ
301 1509 340 1540 εἰς
355 1508 492 1542 Αἴγυπτον
508 1507 545 1540 ὡς
561 1509 600 1540 είς
623 1508 734 1543 ἰσχυρὰν
754 1507 891 1542 βοήθειαν-

100 1555 148 1581 διὰ
163 1554 241 1581 τοῦτο
257 1555 304 1581 καὶ
331 1554 365 1581 τὰ
390 1555 449 1581 κατ’
474 1554 610 1588 Αἴγυπτον
627 1553 781 1580 ἀκούσατε·
801 1553 817 1589 ἡ
837 1552 891 1588 γὰρ

100 1589 261 1628 ὲλπιᾏθεῖσα
285 1602 350 1636 παρ’
364 1601 441 1636 ὑμῶν
461 1600 553 1636 ἄμυνά
575 1609 605 1627 τε
629 1601 676 1627 καὶ
691 1599 800 1636 βοήθεια
813 1600 892 1635 γενή-

102 1647 200 1674 σεσθαι
230 1647 294 1683 ὑμῖν
324 1647 410 1679 οὕτως
431 1647 506 1674 ἔσται
532 1647 658 1681 ἀσθενὴς,
688 1646 782 1682 ὥσπερ
794 1645 892 1680 τεῖχος

99 1693 220 1725 πόλεως
233 1694 344 1719 πίπτον-
356 1692 546 1728 παραχρῆμα.

141 1761 196 1796 οὐχ
211 1761 225 1786 ὁ
244 1760 401 1792 ἐπιπόλαιος
416 1761 566 1796 στεναγμὸς
583 1760 630 1786 καὶ
647 1761 664 1795 ἡ
681 1759 728 1787 τοῦ
745 1759 891 1796 προσώπου

100 1806 263 1841 ἀποστροφὴ
286 1805 415 1840 ὀνίνησιν,
435 1805 492 1831 ἀλλ’
514 1806 531 1840 ἡ
552 1805 605 1832 τῶν
626 1805 735 1841 τρόπων
757 1804 891 1840 μεταὸολὴ

100 1852 153 1878 καὶ
182 1852 195 1886 ἡ
223 1850 277 1878 τῶν
304 1850 512 1887 ἁμαρτημάτων
547 1849 720 1886 ἀναχώρησις
755 1850 892 1886 σωτηρίαν

101 1897 340 1933 πραγματεύεται.
361 1912 384 1916 -
401 1896 457 1932 Τὴν
481 1896 550 1932 μετὰ
573 1896 622 1931 τὴν
644 1895 817 1931 ἀναχώρησιν
837 1895 891 1922 τῶν

103 1944 311 1979 ἁμαρτημάτων
342 1942 466 1978 καθαρὰν
488 1942 663 1978 συναίσθησιν
687 1941 802 1976 φάσκει·
830 1941 891 1968 τότε

100 1990 159 2025 γάρ
183 1998 225 2022 τις
247 1988 412 2025 ἐπιγνώμων
436 1988 532 2016 ἑαυτοῦ
560 1988 676 2024 ἀκριϐὴς
689 1987 775 2019 ἔσται,
795 1988 833 2014 ὅτ’
846 1987 890 2020 ἂν,

100 2035 200 2070 ὥσπερ
214 2035 290 2061 νόσου
305 2034 377 2066 τινος
391 2033 442 2069 τῆς
458 2034 555 2070 ἡδονῆς
567 2043 597 2060 τε
612 2034 659 2060 καὶ
670 2033 890 2069 είδωλολατρείας

101 2080 282 2115 ἀπαλλαγεὶς,
309 2079 498 2116 καθαρώτερον
515 2080 550 2107 τὰ
566 2080 618 2115 πρὸ
639 2079 734 2107 τούτου
750 2079 825 2115 αὐτῷ
844 2087 892 2106 πε-

100 2125 324 2162 πλημμελημένα
333 2125 380 2153 καὶ
392 2125 550 2161 ἠσεϐημένα
564 2124 674 2151 κατίδοι.

140 2182 195 2218 Τὴν
209 2183 248 2215 εἰς
270 2183 345 2209 οὐδὲν
371 2182 466 2218 δφελος
483 2183 574 2214 αὐτοῖς
599 2181 744 2217 κληθεῖσαν
766 2181 891 2218 βοήθειαν

100 2229 302 2265 προαγορεύει·
320 2229 377 2256 ἀλλ’
400 2229 432 2255 ὲκ
454 2228 500 2255 τοῦ
523 2228 644 2255 ἐναντίου
669 2228 774 2263 ἑφόδιον
800 2229 891 2260 αὐτοῖς

101 2275 198 2303 κακῶν
214 2275 372 2311 γενομένην,
393 2275 487 2311 ὥσπερ
504 2275 547 2301 ἐπ’
563 2275 668 2301 ἐκείνου
685 2274 891 2310 καταφευξόμε-

100 2331 155 2352 νοι,
173 2323 227 2354 τοῖς
252 2331 282 2349 τε
310 2322 403 2354 ἵπποις
423 2322 527 2349 ἑαυτῶν
548 2322 710 2358 χρησόμενοι
726 2322 766 2353 εἰς
791 2321 891 2356 φυγὴν,

101 2368 200 2404 ἔμενον
221 2368 355 2395 ἀνένδοτοι
381 2368 428 2394 καὶ
455 2368 565 2404 ἀνήκοοι
589 2369 657 2404 πρὸς
680 2368 715 2394 τὰ
740 2367 816 2403 παρὰ
838 2368 892 2395 τῶν

102 2414 252 2451 προφητῶν
266 2414 412 2449 λεγόμενα’
432 2414 493 2441 ὅθεν
509 2413 655 2449 γνώσεσθε,
675 2414 712 2445 ὡς
729 2415 827 2440 ἐκεῖνοι
842 2415 891 2441 αύ-

98 2460 146 2487 τοὶ
157 2460 181 2486 οι
204 2460 246 2494 ἐφ’
263 2459 335 2494 ὑμᾶς
363 2458 479 2492 ἐξιόντες
501 2459 644 2495 ταχύτεροι
666 2459 712 2486 καὶ
733 2460 891 2495 κουφότεροι

102 2506 220 2538 ἔσονται,
237 2505 362 2541 σύνθημα
381 2506 581 2541 συγχωρήσεως
599 2505 675 2542 παρὰ
689 2505 736 2532 τοῦ
754 2505 808 2532 τῶν
824 2506 891 2533 ὅλων

102 2552 171 2579 Θεοῦ
189 2552 345 2588 δεξάμενοι·
368 2552 447 2587 ὑμεῖς
472 2551 500 2578 δὲ
525 2551 611 2587 δειλίᾳ
636 2551 889 2588 κατασχεθήσεσϐε·

99 2597 190 2633 τόλμα
205 2598 258 2633 γὰρ
272 2599 319 2625 καὶ
332 2598 418 2625 δειλία
429 2599 494 2633 παρ’
514 2597 596 2624 αὑτοῦ
609 2598 837 2634 χορηγηθήσεται.

139 2654 217 2682 Μετὰ
228 2655 328 2687 τοίνυν,
342 2655 417 2690 φησὶ,
430 2655 465 2681 τὰ
476 2654 660 2690 ἀπειλούμενα
671 2654 808 2687 ἐκδέξεται
820 2655 892 2690 ὑμᾶς

102 2702 119 2729 ὁ
135 2701 211 2733 Θεὸς,
227 2702 274 2728 καὶ
297 2703 427 2737 ἀναμενεί
445 2702 484 2733 εἰς
495 2699 596 2731 οἶκτον.
612 2702 659 2728 ἐάν
681 2710 734 2738 περ
760 2703 891 2737 μετανοή-

102 2755 169 2783 σητε
180 2755 187 2763 ο
202 2747 226 2774 εἰ
240 2747 267 2774 δὲ
290 2748 442 2783 ἑπιμενεῖτε
460 2749 493 2783 τῇ
516 2746 620 2774 ἑαυτῶν
634 2747 727 2783 κακίᾳ,
751 2748 890 2783 ἀσυγγνὼε

139 2826 257 2855 ‘Matth.
280 2836 322 2859 ιιι,
341 2828 372 2861 7;
386 2837 438 2860 xu.
454 2829 497 2861 3i;
514 2836 593 2859 χχιιι,
611 2828 655 2856 53.

244 2876 379 2906 Pnnot.
396 2877 454 2906 (in.
469 2875 583 2907 XVII],

949 224 1053 251 riorum
1072 223 1202 251 incursus
1219 223 1351 256 intendit,
1372 222 1474 258 quibus
1488 222 1613 257 oppressi
1625 222 1736 257 gravis-

949 269 1034 297 simas
1047 269 1217 297 calamitates
1227 269 1411 304 pertulerunt.
1427 269 1504 303 Ipsos
1516 268 1610 303 igitur,
1626 272 1738 304 propter

948 323 1055 342 morum
1078 315 1258 350 pravitatem,
1286 319 1313 342 et
1337 315 1431 343 leones
1455 319 1551 347 vocat,
1575 318 1603 342 et
1625 315 1732 342 catulos

948 362 1056 389 leonum
1067 381 1075 394 ,
1094 365 1122 389 et
1138 361 1275 397 genimina
1291 362 1427 397 aspidum.
1445 362 1482 390 lta
1497 366 1524 389 et
1539 362 1636 390 beatus
1652 362 1735 390 Joan-

947 415 1008 440 nes,
1024 407 1174 435 Salvator-is
1191 408 1277 436 nostri
1294 416 1457 444 prmcursor,
1473 408 1583 437 Judmos
1596 414 1735 444 serpentes

947 453 1024 487 dicit,
1039 458 1066 481 et.
1082 454 1219 489 genimina
1233 454 1387 489 viperarum
1398 454 1419 480 ⁸.
1436 453 1504 489 (Ubi
1517 454 1593 481 verba
1610 454 1666 482 hac
1683 463 1735 481 non

947 510 963 528 a
985 501 1089 528 Joanne
1105 501 1150 529 sed
1178 501 1210 528 ab
1237 502 1293 536 ipso
1322 501 1428 529 Christo
1455 502 1640 537 usurpentur.)
1661 501 1735 528 Prm-

947 548 1040 575 sertim
1055 555 1120 575 vero
1140 548 1278 575 libidinosi
1301 548 1363 583 equi
1380 547 1556 580 exstiterant,
1574 552 1601 575 et
1619 548 1672 574 alia
1685 555 1735 574 no—

947 594 1018 621 mina
1034 594 1250 629 usurpabantur,
1271 594 1372 630 quibus
1394 594 1549 621 declaretur
1565 602 1659 621 eorum
1675 601 1734 620 ma—

946 639 1015 667 litia.
1041 639 1088 666 Sic
1113 643 1140 667 et
1157 647 1231 667 nunc
1255 647 1347 667 mores
1370 647 1465 667 eorum
1490 639 1640 670 deﬁniens,
1661 638 1734 666 feras

945 693 992 713 eos
1004 689 1085 713 vocat
1099 686 1145 720 qui
1161 685 1366 712 calamitatibus
1382 684 1516 719 oppressi,
1535 691 1589 711 non
1602 684 1636 711 ad
1649 683 1732 710 Deum

946 731 1141 766 confugeruntl
1153 732 1218 759 doni
1232 731 1367 766 cujusque
1381 735 1531 764 auctorem,
1545 731 1734 765 bonorumque

947 774 1066 811 fontem;
1091 777 1138 805 sed
1164 778 1191 804 in
1218 776 1311 804 asinos
1337 781 1364 804 et
1390 776 1510 804 camelos
1534 776 1644 804 divitias
1669 783 1733 804 suas

946 825 1125 860 imponentes,
1136 825 1296 860 legationem
1310 824 1345 851 ad
1361 824 1504 861 Egyptios
1519 825 1660 852 miserunt.

982 880 1064 908 Vens.
1079 881 1105 908 8.
1121 880 1273 909 Confestim
1287 885 1313 909 et
1328 886 1473 917 antequam
1488 889 1533 909 res
1548 887 1646 909 eventu
1658 889 1733 910 com-

946 929 1086 964 probetur,
1102 928 1178 963 jubet
1200 928 1282 961 Deus,
1305 932 1423 956 testante
1443 928 1574 964 propheta
1585 948 1592 961 ,
1609 929 1677 956 nihil
1691 929 1732 956 eis

946 975 1131 1010 profecturum
1145 975 1368 1010 auxilium,quod
1384 975 1418 1002 ab
1432 975 1588 1002 hominibus
1603 974 1654 1003 sibi
1669 982 1732 1009 spe-

946 1025 1084 1054 raverunt,
1099 1021 1145 1048 ubi
1159 1021 1230 1048 Deus
1245 1029 1323 1056 opem
1342 1021 1526 1057 denegaverit.
1541 1020 1731 1049 —Commen-

945 1068 1027 1095 datur
1050 1075 1160 1103 quoque
1180 1067 1225 1094 hic
1252 1075 1349 1103 magna
1371 1067 1419 1095 Dei
1444 1067 1651 1101 misericordia;
1669 1075 1730 1095 cum

945 1114 1035 1146 enim,
1055 1114 1161 1150 inquit,
1180 1122 1232 1142 vox
1251 1122 1306 1142 non
1328 1117 1434 1141 tantum
1453 1114 1542 1142 valeat
1561 1114 1595 1141 ad
1608 1121 1730 1141 commo-

945 1159 1049 1187 vendos
1065 1160 1191 1192 animos,
1215 1164 1349 1195 quantum
1364 1159 1539 1195 conscriptus
1555 1167 1661 1193 sermo,
1683 1168 1731 1195 per

945 1205 1047 1241 scripta
1068 1212 1115 1233 eos
1137 1209 1292 1232 commonet
1308 1209 1335 1232 et
1350 1204 1525 1232 imminentes
1539 1204 1606 1240 ipsis
1619 1204 1731 1232 calami-

945 1256 1015 1280 tates
1032 1259 1115 1287 super
1130 1251 1232 1279 buxum
1246 1255 1273 1279 et
1288 1252 1317 1279 in
1330 1251 1400 1280 libro
1414 1251 1554 1279 describit.

981 1319 1064 1348 Vens.
1082 1321 1126 1348 12.
1140 1320 1267 1354 Quando,
1284 1321 1327 1348 his
1341 1320 1489 1356 praedictis,
1506 1320 1688 1348 nihilominus
1703 1320 1731 1347 in

943 1366 1040 1394 iisdem
1055 1367 1253 1402 perseverastis
1263 1387 1270 1399 ,
1285 1374 1337 1395 nec
1355 1371 1453 1402 sponte
1469 1366 1548 1394 utilia
1565 1368 1729 1397 sentientes.

944 1421 994 1441 nec
1011 1414 1085 1449 passi
1109 1421 1159 1442 vos
1179 1422 1228 1449 per
1250 1414 1445 1449 prophetarum
1466 1413 1584 1441 visiones
1605 1413 1729 1444 edoceri;

944 1459 977 1487 ad
1002 1460 1145 1495 XEg-yptios
1172 1468 1236 1488 vero
1262 1459 1444 1495 confugistis,
1467 1460 1541 1487 velut
1564 1460 1597 1487 ad
1624 1460 1729 1487 iirmum

945 1506 1093 1540 auxilium;
1110 1506 1212 1534 idcirco
1225 1509 1252 1534 et
1264 1505 1453 1542 Egyptioi'um
1474 1506 1528 1533 fata
1543 1506 1645 1534 audite.
1661 1506 1730 1534 Ecce

945 1552 1088 1587 imperium
1110 1552 1177 1580 illud
1193 1560 1209 1579 a
1221 1560 1276 1587 quo
1291 1552 1454 1580 muniendos
1471 1560 1519 1580 vos
1539 1552 1730 1588 juvandosque

945 1598 1105 1633 speravistis
1117 1618 1124 1631 ,
1142 1603 1197 1625 tam
1214 1597 1297 1626 inane
1307 1599 1379 1630 erit,
1396 1605 1479 1633 quam
1504 1606 1595 1624 murus
1608 1598 1730 1625 decidens

944 1645 1032 1671 subito
1048 1644 1163 1672 civitatis
1181 1643 1277 1680 (Vens.
1292 1644 1347 1680 15).

979 1755 1064 1783 Vens.
1083 1755 1126 1783 15.
1149 1755 1210 1783 Non
1226 1756 1418 1784 clamorestibi
1435 1756 1596 1791 proderunt,
1613 1765 1664 1785 nec
1682 1765 1729 1792 ge-

943 1804 1038 1836 mitus,
1054 1810 1105 1831 nec
1119 1805 1176 1830 oris
1190 1803 1345 1830 immutatio
1355 1824 1364 1836 ,
1379 1803 1426 1831 sed
1442 1803 1584 1831 conversis
1595 1804 1728 1837 moribus,

943 1850 1073 1877 derelicta
1090 1853 1265 1885 peccatorum
1280 1849 1323 1877 via
1334 1870 1342 1883 ,
1357 1849 1475 1877 salutem
1495 1851 1683 1886 consequeris.
1696 1867 1729 1873 —-

943 1896 1105 1932 Repudiatis
1117 1897 1249 1932 peccatis,
1262 1900 1335 1924 recte
1347 1896 1413 1924 dicit
1424 1900 1542 1924 mentem
1559 1897 1708 1925 illuminari
1721 1907 1727 1930 ;

943 1951 1005 1971 nam
1028 1947 1094 1971 tunc
1108 1947 1255 1971 accuratus
1268 1943 1324 1970 eris
1342 1943 1382 1970 tui
1399 1943 1486 1978 ipsius
1505 1944 1606 1978 judex,
1632 1952 1693 1971 cum
1714 1953 1729 1970 a

942 1989 1126 2025 cupiditatum
1151 1989 1266 2025 imperio
1286 1993 1314 2017 et
1337 1989 1472 2017 idolorum
1500 1990 1592 2022 cultu,
1614 1990 1688 2018 velut
1714 1999 1729 2017 a

941 2035 1038 2063 morbo
1064 2035 1212 2068 liberatus,
1240 2036 1338 2063 melius
1352 2043 1383 2063 ea
1397 2035 1545 2071 perspicies
1566 2043 1627 2071 quae
1654 2036 1729 2071 prius

942 2082 1001 2117 ipse
1017 2081 1170 2117 neglexeris
1184 2086 1212 2109 et
1225 2081 1384 2117 deliqueris.

979 2183 1062 2210 Vens.
1079 2182 1123 2210 16.
1149 2182 1275 2210 Ριιθίίίοἰι
1299 2183 1368 2210 nihil
1384 2183 1425 2212 eis
1448 2184 1632 2219 proiecturam
1647 2193 1729 2220 quam

943 2229 1125 2265 implorabant
1143 2236 1222 2264 opem
1244 2238 1251 2256 :
1278 2229 1402 2264 quinimo
1419 2230 1554 2257 malorum
1570 2231 1671 2258 fontem
1688 2231 1730 2258 fu-

941 2281 1031 2304 turam
1043 2296 1050 2309 ,
1070 2275 1143 2310 quod
1160 2275 1188 2302 in
1203 2283 1262 2303 eam
1280 2275 1376 2302 conﬁsi
1394 2279 1421 2303 et
1433 2277 1513 2311 quasi
1528 2277 1607 2312 equis
1621 2278 1679 2306 suis
1695 2277 1729 2304 ad

941 2323 1033 2359 fugam
1046 2323 1123 2350 usuri
1133 2342 1140 2353 ,
1160 2321 1278 2349 indocile
1291 2326 1319 2349 et
1333 2322 1488 2349 contumaci
1506 2323 1597 2350 animo
1611 2323 1730 2359 prophe-

942 2375 1033 2398 tarum
1057 2370 1140 2397 verba
1162 2368 1348 2396 fastidierunt.
1374 2367 1438 2395 ldco
1462 2369 1636 2403 cognoscetis
1659 2370 1730 2397 cele-

942 2417 1030 2444 riores
1054 2416 1161 2443 futuros
1178 2419 1205 2442 ct
1226 2415 1359 2446 leviores.
1381 2415 1429 2450 qui
1444 2423 1493 2442 vos
1510 2421 1729 2451 persequentur;

941 2461 1002 2496 ipse
1024 2461 1098 2489 enim
1120 2468 1168 2488 eos
1189 2460 1295 2495 juvabit
1318 2468 1464 2494 supremus
1489 2468 1579 2488 rerum
1608 2462 1729 2489 omnium

944 2507 1094 2540 Dominus,
1119 2514 1168 2534 vos
1190 2510 1280 2533 autem
1298 2506 1407 2533 invadet
1431 2510 1538 2540 metus;
1572 2514 1634 2534 nam
1659 2507 1729 2536 Deus

943 2553 1059 2585 animos,
1073 2555 1152 2588 prout
1167 2552 1287 2583 libuerit,
1301 2551 1386 2587 eriget
1400 2555 1447 2578 aut
1463 2552 1606 2586 deprimet.

979 2654 1064 2684 Vens.
1082 2655 1125 2683 18.
1151 2655 1296 2684 lntentatis
1318 2656 1400 2691 igitur
1416 2656 1518 2688 minis,
1541 2657 1658 2692 excipiet
1682 2665 1729 2685 vos

945 2702 1036 2734 Deus,
1057 2702 1162 2737 inquit.
1180 2707 1207 2730 et
1223 2703 1413 2731 misericordia
1437 2703 1540 2732 fovebit
1562 2704 1626 2732 dum
1641 2705 1716 2740 pmni

946 2749 1057 2777 tentiam
1075 2749 1204 2785 egeritis;
1222 2750 1295 2785 quod
1319 2750 1341 2779 si
1365 2755 1454 2779 autem
1472 2751 1500 2778 in
1516 2751 1617 2779 malitia
1637 2758 1726 2787 perse-

1573 2877 1610 2906 Ir).
