1919 3075
224 110 234 135 1
239 108 293 136 323

822 96 1276 135 rnuouoaluEaACLuuxss

1778 111 1843 138 1524

223 166 382 194 veraveritis
405 168 510 198 vestra,
539 164 790 192 immisericorditer
823 165 928 194 meritis
957 173 1004 192 vos

1063 173 1126 196 ςτως
1143 164 1171 191 ὲν
1183 165 1215 199 τῇ
1232 164 1320 199 κρίσει
1331 164 1383 190 τῶν
1396 165 1458 199 ὑμῖν
1474 166 1686 200 ἑτοιμασιίὲντων
1701 166 1845 202 ἐκδέξησθε

224 213 313 249 penis
327 211 423 239 aﬂiciet
438 221 443 238 :
459 210 544 238 .ludex
558 209 630 237 enim
646 210 767 237 omnium
784 209 865 238 Deus.

261 303 343 331 Vnus.
360 303 405 332 l9.
431 302 547 329 Sanctos
564 304 645 328 vocat
666 300 727 327 illos
747 300 792 335 qui
810 307 858 334 per
875 299 1009 333 pmniten-

224 349 488 377 tiam-sanctitatem
513 347 565 374 sibi
585 349 824 381 comparaverunt.
854 344 1009 371 Plorantem

223 395 464 430 Jerusalem-ﬁngit
476 394 618 429 propheta,
635 391 707 429 quod
721 399 780 419 eam
796 391 886 426 reipsa
901 389 1009 425 plorare

224 442 381 470 misericors
392 441 506 468 animus
521 442 639 468 ontaret.

258 499 342 527 Vens.
356 498 401 525 20.
418 497 581 527 Jerusalem,
597 495 639 522 vel
653 494 686 522 ad
703 498 810 529 tempus
823 493 905 520 breve
917 491 1008 518 tribu-

224 545 373 574 lationibus
394 543 508 575 amicta,
532 546 559 569 te
575 541 719 576 lintelligas
740 539 794 567 Deo
818 539 934 566 alienam
948 544 1009 564 esse

211 592 342 623 'l'a'ctam;
360 590 393 617 de
409 596 463 624 quo
476 588 522 615 ubi
540 587 630 622 egeris
644 585 834 621 paenitentiam
849 603 856 616 ,
871 584 906 610 ab
920 583 1008 610 homi-

214 638 306 665 ‘nibus
321 635 488 663 liberaberis‘
499 633 548 670 qui
565 638 591 662 te
604 632 754 668 decipiunt.

260 695 343 722 Vens.
358 686 418 721 21.‘
430 692 567 720 llluminat
588 690 737 719 Jerusalem
762 688 796 716 ad
820 685 1008 724 agnoscendos

224 747 349 772 errores;
374 738 510 766 vaticiniis
539 737 613 764 enim
644 735 744 763 ﬁdebat
770 741 819 770 per
848 733 1008 767 deceptores

225 781 433 822 prolatis.’Cum
450 784 492 811 via
514 783 547 810 ad
561 783 699 811 dexteram
717 781 765 808 tibi
784 783 874 811 esset,
890 779 924 806 ad
939 778 1008 806 sini-

225 836 309 859 stram
340 831 492 863 dellexisti,
517 830 559 866 ab}
581 830 642 857 istis
669 827 796 859 seducta‘,
821 826 888 854 mihi
918 830 1007 853 autem
1025 838 1045 865 Β

224 884 363 911 nunquam
391 875 552 907 credidisti,
578 880 717 909 nunquam
741 880 782 899 me
809 872 836 898 in
861 871 1006 898 consilium

225 912 444 950 muMmm.
954 925 1023 951 κ.

260 1013 393 1040 “215.22.
409 1011 587 1039 lllustrandos
601 1010 703 1037 indicat
719 1016 764 1036 res
782 1007 880 1034 animis
893 1012 1006 1033 conver-

223 1059 276 1092 sis;
287 1059 342 1094 jam
359 1067 425 1090 non.
438 1058 536 1093 inquit,
547 1057 666 1084 vanitate
679 1055 813 1082 idolorum
822 1051 1005 1088 decipiemini,

223 1105 270 1132 sed
286 1104 419 1139 dejiciens
439 1111 482 1135 ea.
501 1106 528 1130 et
539 1101 738 1129 conculcabitis
753 1107 803 1131 ea,
828 1103 854 1126 et
868 1096 1007 1133 apparebit

222 1158 317 1177 eorum
339 1149 519 1182 imbecillitas,
534 1153 561 1175 et
574 1151 696 1175 stercore
710 1146 806 1173 viliora
821 1143 1004 1172 habebuntur.

258 1207 339 1235 Vens.
356 1207 401 1234 ‘25.
419 1205 674 1240 Converso'populo
689 1208 716 1232 et
735 1203 870 1239 justitiam
891 1205 986 1237 agente
997 1220 1004 1229 .

223 1254 363 1281 solventur
393 1260 564 1287 quzecunque
602 1256 762 1287 peccantem
802 1248 1005 1284 opprimebant.

222 1300 347 1333 Quandiu
367 1300 438 1327 enim
454 1303 566 1334 peccato
582 1301 609 1325 et
625 1297 704 1324 idolis
725 1295 897 1327 indulsislis,
921 1294 1007 1320 fames

222 1354 270 1373 vos
291 1350 318 1373 et
339 1345 558 1373 necessariorum
585 1344 676 1379 inopia
692 1343 848 1378 premebat;
873 1342 910 1368 ita
934 1347 1007 1367 nunc

221 1399 284 1418 cum
299 1390 371 1418 idola
401 1390 520 1425 fregistis
531 1410 538 1421 ,
556 1393 583 1416 et
599 1390 628 1416 in
644 1389 719 1416 nullo
736 1387 824 1423 pretio
853 1386 1006 1416 habuistis.

223 1435 404 1464 servientibus
419 1435 472 1462 sibi
488 1434 563 1462 dabit
578 1433 650 1461 Deus
671 1433 748 1460 vobis
770 1432 887 1467 pluviam
906 1430 1007 1458 bonam

222 1487 249 1510 ct
265 1482 356 1518 fruges
371 1489 466 1509 omnes
479 1485 558 1509 terra:
571 1481 597 1507 in
611 1487 690 1507 usum
705 1482 842 1510 vestrum;
858 1485 919 1512 qua:
930 1476 1007 1504 vobis

222 1509 410 1563 copiosissime
427 1526 566 1562 largietur.
585 1524 700 1560 Propter
721 1531 770 1551 vos
790 1531 852 1550 cum
869 1523 925 1550 sint
949 1509 1042 1549 haec

221 1573 330 1605 omnia,
361 1573 501 1600 vobiscum
535 1579 645 1607 quoque
673 1571 765 1606 vigent
791 1574 838 1596 aut
866 1568 1006 1596 deﬁciunt.

221 1621 339 1655 Apparet
356 1620 438 1647 etiam
462 1627 494 1647 ex
519 1619 562 1646 his
579 1618 663 1646 Deum
685 1625 746 1645 esse
770 1624 861 1643 rerum
884 1615 1006 1642 omnium

220 1666 376 1693 Creatorem
388 1685 395 1697 ,
410 1673 465 1692 non
489 1664 630 1691 hominum
656 1663 752 1694 modo,
769 1662 816 1689 sed
839 1660 1007 1688 omnimodo-

221 1719 282 1738 rum
296 1711 379 1739 etiam
395 1710 566 1738 animalium.

262 1799 340 1826 Vens.
355 1798 400 1826 26.
429 1800 487 1826 Non
511 1799 615 1826 indicat
639 1798 684 1825 hic
706 1798 824 1824 luceme
836 1799 1005 1823 ementorum

222 1845 372 1880 augendam
387 1853 459 1877 esse,
473 1845 521 1872 sed
536 1845 670 1876 laetitiam,
684 1852 744 1879 qua:
754 1843 851 1871 diebus
865 1843 919 1870 illis
932 1843 1006 1878 ipsos

221 1891 323 1919 eITeret.
345 1893 384 1919 Ita
399 1892 472 1919 enim
493 1891 669 1919 exsultabunt
691 1890 774 1917 animi
790 1897 902 1923 eorum;
919 1894 948 1917 ut
965 1889 1007 1916 ιυ-

222 1945 284 1965 men
310 1938 364 1965 diei
387 1942 498 1965 auctum
515 1937 650 1969 credant,
675 1940 705 1964 ut
727 1937 869 1967 illustrior.
885 1935 1007 1971 splendi-

222 1985 337 2019 diorque
360 1984 419 2011 dies
442 1984 534 2010 lucere
563 1983 705 2016 videatur;
737 1981 909 2010 sanabuntur
933 1981 1006 2009 enim

222 2030 304 2058 animi
318 2038 412 2058 eorum
424 2050 432 2061 ,
454 2030 643 2065 spiritualibus
656 2028 794 2057 emendati
817 2028 1007 2064 reprehensio-

223 2076 313 2107 nibus,
331 2083 345 2102 a
360 2075 462 2102 doloris
476 2075 651 2102 tribulatione
665 2074 784 2102 liberati.

1060 210 1094 236 τὰ
1118 209 1264 245 ἀμοιϐαῖα·
1284 209 1380 244 κριτὴς
1403 209 1457 245 γὰρ
1474 210 1527 236 τῶν
1551 211 1658 237 πάντων
1684 211 1819 238 καθιείται
1833 213 1846 238 ὁ

1060 255 1172 291 Κύριος.

1101 301 1207 334 Ἀγίους
1220 301 1297 328 καλεῖ
1304 301 1368 333 τοὺς
1379 301 1423 328 διὰ
1437 301 1487 336 τῆς
1502 302 1644 336 μετανοίας
1657 302 1703 329 τὸν
1713 302 1845 337 ἀγιασμδν

1059 345 1307 381 ὲφελκυσαμένους·
1322 345 1468 372 κλαίουσαν
1486 346 1514 372 δὲ
1530 348 1580 383 τὴν
1598 347 1780 382 Ἰερουσαλὴμ
1800 348 1846 373 sls-

1060 391 1121 425 ἀγει
1136 392 1150 417 ὁ
1165 392 1316 426 προφήτης,
1333 391 1530 427 προανατυπῶν
1545 391 1628 428 αὐτὴν
1639 392 1771 427 τοιαύτην
1782 393 1846 419 κατὰ

1059 435 1122 463 νοῦν
1136 436 1233 463 ἑαυτοῦ
1251 438 1305 468 τοῖς
1317 436 1367 472 τῆς
1384 437 1555 473 συμπαθείας
1567 437 1744 473 σπλάγχνοις.

1096 494 1164 526 Ἵνα,
1181 494 1232 520 κᾶν
1243 493 1309 528 γοῦν
1332 494 1400 530 πρὸς
1416 494 1505 529 ὀλίγον
1526 494 1658 527 θλιϐεἰσα,
1675 496 1770 532 εὖροις
1789 497 1847 523 ἑαυ-

1059 539 1108 574 τὴν
1125 539 1265 575 ἀλλοτρίαν
1293 539 1361 566 Θεοῦ
1384 542 1580 575 πεποιηκυῖαν·
1599 541 1641 575 ἐφ’
1661 538 1703 573 οἷς
1720 550 1847 576 μετανοη-

1061 586 1146 621 σάσης
1160 594 1217 617 σου,
1229 585 1408 621 ἀπαλλαγήσῃ
1421 586 1475 613 τῶν
1490 586 1652 613 πλανώντων
1666 595 1707 614 σε.

1101 685 1234 720 Ὀμματοῖ
1249 684 1298 720 τὴν
1323 685 1500 721 Ἰερουσαλὴμ
1519 686 1588 722 πρὸς
1612 687 1780 722 κατανόησιν
1802 688 1846 723 τῆς

1062 730 1129 762 ἰδίας
1144 730 1230 765 αὐτῆς
1256 731 1358 767 πλάνης
1371 740 1377 746 ·
1395 732 1489 767 ὑπεῖχε
1505 732 1559 768 γὰρ
1581 731 1681 768 ἑαυτὴν
1706 735 1765 765 τοίς
1784 734 1842 769 μάν-

1060 785 1118 803 τεσι
1138 777 1302 804 πιστεύουσα
1320 779 1376 809 τοῖς
1391 780 1456 815 παρ’
1474 779 1587 806 ἐκείνων
1611 779 1791 815 λεγομένοις-
1806 782 1847 808 καὶ

1059 822 1119 849 ὀδοῦ
1133 831 1174 849 σοι
1194 823 1376 860 προκειμένης
1387 824 1433 851 ἐπὶ
1450 824 1483 851 τὰ
1499 824 1584 858 δεξιὰ,
1599 825 1793 861 ἁνεκάμπτετε
1807 828 1847 853 ἐπὶ

1058 869 1093 895 τὰ
1107 869 1248 905 ἀριστερὰ,
1269 869 1381 897 ἐκείνων
1405 870 1644 906 συμϐουλευόντων
1667 881 1728 898 σοι·
1748 874 1808 908 ἐμοὶ
1822 873 1846 899 δὲ

1061 914 1162 950 σαυτὴν
1183 915 1310 942 οὐδέποτε
1332 914 1438 947 ἀνέθου,
1458 916 1518 943 οὐδὲ
1532 915 1684 952 σύμϐουλον
1700 916 1757 943 τῶν
1783 925 1847 953 πρασ

1058 960 1144 987 κτέων
1155 960 1260 992 ἔλαϐες,

1093 1005 1148 1041 Τὴν
1171 1006 1240 1041 μετὰ
1264 1006 1312 1042 τὴν
1327 1006 1475 1041 ἐπίγνωσιν
1497 1007 1672 1044 συναίσθησιν
1702 1009 1844 1044 σημαίνει⁸

1057 1051 1104 1083 ὡς,
1116 1052 1223 1084 Οὐκέτι,
1236 1052 1328 1087 φησὶν,
1344 1052 1471 1085 ἀνέξεσθε
1485 1054 1535 1089 τῆς
1550 1054 1734 1090 ματαῐοτητος
1747 1055 1802 1081 τῶν
1814 1057 1847 1082 εἱ-

1057 1098 1157 1125 δώλων·
1176 1099 1243 1126 ἀλλὰ
1257 1099 1437 1127 καταλάϐετε⁶
1451 1101 1497 1127 καὶ
1507 1101 1677 1136 συντρίψετε,
1692 1101 1725 1128 τὸ
1738 1101 1847 1133 ἀσθενὲς

1057 1144 1145 1171 αὐτῶν
1156 1145 1318 1177 δεικνύντες,
1331 1147 1377 1174 καὶ
1388 1147 1509 1182 κοπρίων
1521 1147 1672 1183 ἀτιμότερα
1687 1148 1844 1184 ἡγούμενοι.

1092 1200 1133 1227 Τὰ
1149 1201 1183 1228 δι’
1200 1202 1336 1238 ἁμαρτίαν
1352 1203 1509 1238 ὲπαγόμενα
1525 1204 1559 1230 δι’
1572 1204 1746 1240 ἐπιστροφῆς
1761 1213 1790 1231 τε
1805 1205 1846 1231 καὶ

1057 1248 1228 1284 δικαιοσύνης
1241 1249 1342 1277 λύεται.
1356 1250 1461 1286 Ὥσπερ
1471 1250 1535 1286 γὰρ,
1547 1251 1763 1287 ἁμαρτανόντων
1775 1251 1845 1286 ὑμεῖν

1057 1294 1104 1320 καὶ
1116 1295 1173 1326 τοῖς
1185 1294 1303 1326 είδώλοις
1318 1295 1507 1328 δουλευόντων,
1528 1296 1605 1332 λιμος
1618 1297 1666 1323 καὶ
1682 1297 1784 1328 σπάνις
1796 1296 1845 1322 τῶν

1057 1339 1213 1373 ἀναγκαίων
1227 1340 1383 1376 ἐπεκράτει·
1396 1341 1492 1373 οὕτως,
1507 1342 1681 1377 ἐκκοψάντων
1694 1342 1731 1368 τὰ
1743 1341 1843 1373 εἴδωλα,

1058 1384 1105 1411 καὶ
1120 1385 1196 1411 οὐδὲν
1211 1386 1301 1412 ἐκεῖνα
1320 1386 1500 1422 ἡγησαμένων
1520 1385 1601 1419 εἶναι,
1618 1387 1688 1414 ἀλλά
1710 1388 1845 1414 δουλευόνο

1057 1438 1110 1457 των
1123 1431 1161 1466 τῷ
1184 1431 1254 1467 Θεῷ,
1271 1432 1351 1458 δώσει
1364 1433 1427 1468 ὑμῖν
1446 1433 1492 1459 καὶ
1513 1433 1588 1460 ὑετὺν
1610 1433 1725 1468 ἀγαθὸν,
1744 1435 1791 1461 καὶ
1815 1435 1844 1460 τὰ

1058 1476 1090 1502 ὲκ
1112 1476 1164 1511 γῆς
1181 1477 1269 1504 πάντα
1296 1477 1364 1514 πρὸς
1381 1478 1528 1505 ἀπόλαυσιν
1554 1479 1703 1515 ὑμετέραν.
1731 1480 1844 1515 Παρέξει

1059 1521 1112 1558 γὰρ
1129 1522 1192 1557 ὑμῖν
1209 1524 1249 1554 εἰς
1263 1524 1342 1560 κόρον
1352 1532 1359 1539 ·
1374 1525 1405 1551 οὺ
1421 1524 1500 1560 μόνον
1513 1525 1542 1551 δὲ
1557 1525 1632 1560 ὑμῖν,
1646 1525 1718 1552 ἀλλὰ
1734 1526 1845 1557 καὶτοῖς

1059 1569 1185 1602 κτήνεσιν
1204 1569 1297 1604 ὑμῶν’
1315 1569 1348 1596 τὰ
1365 1570 1420 1606 γὰρ
1433 1570 1466 1597 δι’
1485 1571 1556 1606 ὑμᾶς
1571 1572 1707 1606 γενόμενα
1723 1572 1772 1598 καὶ
1789 1580 1845 1598 τέν-

1057 1617 1217 1652 τιμωρεῖται
1232 1616 1280 1643 καὶ
1299 1617 1476 1643 συναπολαύει
1493 1617 1546 1644 τῶν
1565 1617 1687 1652 ἀγαθῶν.
1704 1618 1845 1644 Δείκκωται

1057 1662 1084 1689 δὲ
1100 1662 1148 1689 καὶ
1172 1662 1217 1689 διὰ
1235 1662 1341 1694 τούτου,
1356 1663 1394 1694 ὡς
1407 1663 1421 1689 ὁ
1445 1662 1510 1694 Θεὸς
1531 1662 1586 1689 τῶν
1607 1663 1718 1690 πάντων
1735 1662 1847 1698 ποιητὴς

1057 1708 1236 1744 καθέστηκεν,
1251 1709 1281 1735 οὐ
1296 1709 1376 1744 μόνον
1388 1708 1536 1744 ἀνθρώπιον
1548 1709 1615 1736 ἀλλὰ
1627 1709 1675 1736 καὶ
1689 1708 1770 1741 ζώων
1785 1717 1848 1735 παν-

1057 1755 1188 1782 τοδαπῶν.

1097 1801 1229 1829 Ἐνταῦθα
1239 1801 1270 1828 οὐ
1287 1802 1445 1838 προσθήκην
1461 1801 1507 1828 τοῦ
1525 1802 1614 1836 φωτὸς
1630 1803 1686 1827 τῶν
1708 1800 1850 1836 στοιχείων

1057 1847 1139 1883 δηλοῖ,
1154 1847 1221 1875 ἀλλά
1237 1848 1286 1883 τῆς
1308 1848 1533 1884 καταληψομένης
1559 1848 1657 1878 αὐτοὺς
1677 1848 1707 1873 ὲν
1729 1847 1850 1878 ἐκείναις

1056 1895 1117 1925 ταῖς
1133 1893 1252 1929 ἡμέραις
1267 1893 1436 1929 εὐφροσύνης
1446 1901 1452 1907 ·
1467 1893 1538 1919 οὕτω
1559 1892 1613 1928 γὰρ
1631 1893 1671 1924 εἰς
1687 1893 1849 1927 ἀγαλλίασιν

1056 1938 1234 1966 ἐπιδώσουσιν
1244 1939 1334 1965 αὐτῶν
1344 1939 1372 1965 at
1387 1939 1482 1974 ψυχαὶ,
1495 1939 1532 1970 ὡς
1542 1939 1591 1965 καὶ
1602 1937 1768 1974 προσθήκην
1780 1939 1849 1970 ἕξειν

1057 1985 1154 2016 αὐτοὺς
1161 1984 1285 2020 ἡγεῖσθαι
1298 1984 1332 2011 τὰ
1339 1985 1416 2019 φῶτα
1431 1985 1480 2020 τῆς
1493 1983 1610 2020 ἡμέρας,
1619 1985 1667 2010 καὶ
1683 1984 1849 2020 λευκοτέρας

1057 2031 1148 2062 αὐτοῖς
1157 2030 1203 2057 καὶ
1212 2030 1391 2066 φαιδροτέρας
1397 2030 1564 2066 ὀφθήσεσθαι
1575 2030 1623 2062 τὰς
1636 2031 1750 2066 ἡμέρας
1760 2039 1768 2047 ⁸
1780 2031 1849 2058 facta

1056 2076 1109 2112 γὰρ
1117 2076 1282 2109 ὲπιδέξονται
1294 2075 1364 2103 κατά
1370 2076 1468 2112 ψυχὴν,
1475 2076 1688 2112 θεραπευόμενοι
1698 2077 1767 2109 τοὺς
1773 2078 1849 2113 ψυχι-

1057 2121 1121 2151 κοὺς
1129 2121 1251 2157 μώμους,
1260 2121 1307 2148 καὶ
1313 2121 1545 2157 ἀπαλλαττόμενοι
1552 2121 1599 2157 τῆς
1605 2121 1847 2157 θλιϐερὶςόδύνης.

257 2179 340 2207 Vsus.
354 2179 400 2208 28.
427 2180 522 2207 Divina
547 2180 717 2214 providentia
738 2182 838 2206 cuncta
858 2178 913 2213 regi
938 2185 1003 2204 con-

1092 2179 1148 2214 Τὴν
1161 2179 1232 2206 κατὰ
1245 2179 1354 2206 πάντων
1380 2179 1507 2206 θεοπτίαν
1521 2179 1572 2206 κάν
1592 2179 1682 2215 τούτῳ
1699 2180 1847 2212 δείκνυσιν,

223 2225 331 2252 ﬁrmant
351 2225 402 2252 ista
416 2245 423 2256 .
441 2233 502 2252 cum
521 2225 561 2251 ira
584 2223 630 2251 Dei
649 2231 703 2251 non
724 2223 757 2250 ad
772 2222 882 2250 Iudaeos
898 2226 1004 2248 tantum

223 2275 344 2307 spectet,
366 2271 412 2299 sed
428 2275 454 2298 et
478 2270 620 2305 suppliciis
636 2269 710 2305 ipsas
727 2273 822 2305 gentes
845 2268 954 2295 alliciat.
973 2266 1005 2293 Ni

221 2318 290 2347 alios
307 2317 378 2344 enim
403 2317 641 2352 reprehendisset,
660 2316 783 2344 licuisset
806 2314 939 2343 lsraelitis
961 2314 1004 2340 di—

219 2371 285 2393 cere
296 2365 370 2392 solos
384 2368 493 2399 propter
506 2368 616 2398 peccata
631 2371 646 2390 a
658 2363 713 2390 Deo
730 2362 833 2397 puniri.
851 2361 908 2388 Hoc
925 2361 1007 2395 igitur

219 2415 251 2439 ut
265 2415 424 2446 pra-caveat,
437 2414 529 2437 monet
539 2418 568 2437 se
580 2414 675 2445 gentes
688 2417 796 2444 quoque
807 2408 1005 2443 judicaturum,

221 2457 298 2484 etab
321 2457 360 2484 eis
388 2463 482 2491 pmnas
506 2456 683 2491 repetiturum
708 2463 755 2490 per
778 2462 898 2482 errorem
923 2454 1005 2481 meri-

221 2506 273 2530 “IS.

255 2591 337 2620 Vens.
352 2591 398 2619 29.
415 2591 462 2618 llis
475 2590 609 2618 discimus
626 2591 706 2619 nobis
721 2598 776 2618 non
791 2591 866 2618 omni
883 2594 1005 2625 tempore

219 2636 319 2663 laetitia:
343 2636 538 2671 indulgendum
564 2644 642 2669 esse;
676 2637 732 2663 noli
758 2637 830 2663 enim
856 2640 952 2670 putare
978 2639 1005 2662 te

220 2682 361 2716 splendida
387 2683 456 2711 festa
487 2683 668 2716 celebrando,
695 2687 722 2710 et
750 2683 871 2710 animum
896 2682 1004 2718 gaudiis

223 2727 405 2760 Iidundendo,
413 2729 564 2756 mercedem
576 2730 623 2756 tibi
635 2728 924 2764 promeriturum.Non
937 2736 1001 2763 pec-

221 2780 282 2800 care
296 2775 405 2808 quidem
419 2775 526 2802 videtur
536 2776 582 2810 qui
596 2775 672 2803 festis
682 2775 852 2806 convivatur.
868 2780 895 2802 at
905 2775 1004 2803 exinde

221 2819 371 2846 mercedum
397 2821 474 2847 nobis
500 2821 619 2848 futuram
650 2830 684 2850 ne
707 2830 857 2857 speremus.
875 2822 1003 2854 Quiuimo

1058 2226 1097 2251 ὅτι
1109 2225 1158 2260 οὺχ
1178 2225 1230 2257 ἕως
1250 2225 1352 2252 τούτων
1373 2226 1501 2261 στήσεται
1516 2226 1550 2252 τὰ
1574 2225 1625 2260 τῆς
1640 2226 1742 2261 ὀργῆς,
1759 2227 1850 2262 διαϐῆ-

1059 2280 1134 2298 σεται
1148 2272 1175 2298 δὲ
1193 2272 1240 2298 καὶ
1253 2273 1292 2303 εἰς
1307 2271 1341 2298 τὰ
1354 2271 1416 2307 ἔθνη
1434 2272 1450 2306 ἡ
1463 2272 1582 2307 τιμωρία
1592 2280 1598 2285 ·
1612 2272 1656 2298 ἵνα
1672 2272 1730 2308 γὰρ
1748 2273 1786 2309 μὴ
1805 2273 1848 2307 ἐξῇ

1058 2319 1113 2350 τοῖς
1133 2317 1313 2352 Ἰσραηλίταις
1335 2318 1424 2352 μόνοις
1438 2318 1489 2344 ὑπὸ
1507 2318 1553 2344 τοῦ
1567 2317 1639 2344 Θεοῦ
1657 2318 1849 2354 ἐλεγχομένοις

1058 2364 1146 2398 λέγειν
1163 2365 1261 2396 αὐτοὺς
1283 2364 1361 2400 μόνον
1383 2365 1428 2391 τὸν
1441 2365 1507 2391 Θεὸν
1521 2365 1568 2391 ἐπὶ
1589 2367 1647 2397 τοῖς
1666 2366 1849 2402 ἁμαρτήμασι

1057 2411 1246 2446 τιμωρεῖσθαι,
1262 2411 1322 2445 οὐχὶ
1336 2411 1364 2437 δὲ
1377 2411 1424 2438 καὶ
1438 2411 1471 2438 τὰ
1484 2411 1558 2447 ἔθνη,
1570 2412 1733 2445 ἀναγκαίως
1746 2414 1794 2439 καὶ
1804 2413 1849 2447 τὴν

1057 2457 1104 2483 ἐπὶ
1117 2457 1151 2484 τὰ
1164 2456 1228 2492 ἔθνη
1241 2457 1417 2492 διαϐήσεσθαι
1432 2457 1552 2484 ἐκδικίαν
1573 2458 1686 2492 φάσκει,
1705 2460 1755 2486 καὶ
1769 2469 1849 2486 καπ-

1057 2503 1191 2538 λὴψεσοαι
1205 2503 1303 2534 αὐτοὺς
1315 2503 1364 2538 τὴν
1378 2503 1410 2529 ὲκ
1428 2503 1479 2537 τῆς
1503 2503 1664 2538 πλανήσεως
1682 2504 1764 2540 δίκην
1786 2514 1848 2539 προ-

1057 2549 1192 2584 myope-35¢.

1092 2594 1142 2620 Διά
1153 2594 1253 2620 τούτων
1271 2593 1462 2629 διδασκόμεθα,
1484 2594 1522 2625 ὼς
1536 2594 1567 2620 οὑ
1583 2594 1637 2631 χρὴ
1655 2596 1778 2623 πάντοτε
1792 2597 1848 2627 sui;

1057 2641 1164 2667 ἀνέσεσι
1177 2641 1281 2676 χαίρειν
1290 2649 1297 2655 ”
1311 2641 1371 2667 οὐδὲ
1386 2640 1440 2676 γὰρ
1453 2642 1481 2667 ὲν
1492 2642 1552 2672 ταῖς
1565 2642 1675 2676 ἑορταῖς
1689 2642 1848 2678 ἀμείϐοντες

1056 2686 1166 2722 ἐσθῆτα,
1183 2687 1230 2713 καὶ
1255 2686 1422 2721 διαχεόμενοι
1447 2685 1496 2721 τὴν
1518 2686 1607 2721 ψυχὴν
1633 2687 1664 2712 ὲν
1681 2688 1846 2723 εὐφροσύνῃ.

1055 2732 1092 2763 ὼς
1109 2732 1202 2767 μισθὸν
1219 2732 1283 2766 ἡμῖν
1299 2731 1444 2766 προξενῶν
1458 2731 1661 2767 μεταδιώξομεν
1671 2741 1678 2746 -
1695 2733 1756 2759 ἀλλ’
1768 2735 1792 2759 εξ
1806 2734 1849 2759 καὶ

1056 2777 1245 2812 ἀναμάρτητον
1259 2777 1332 2803 δοκεῖ
1345 2775 1413 2804 εἶναι
1431 2777 1461 2804 τὸ
1477 2778 1506 2803 ὲν
1523 2779 1582 2809 ταῖς
1598 2779 1710 2814 ἑορταῖς
1739 2780 1849 2814 εὐωχεῖ-

1058 2823 1127 2853 σθαι,
1145 2821 1201 2848 ἀλλ’
1219 2821 1277 2847 οὑδέ
1290 2830 1341 2848 που
1355 2821 1392 2853 ὡς
1408 2822 1502 2858 μισθὸν
1518 2822 1600 2849 αὑτοῦ
1614 2824 1714 2851 τούτου
1725 2824 1848 2861 ληψόμε-
