1919 3075
123 131 138 158 ἱ
144 131 197 159 325

851 135 884 161 IN
904 135 1029 163 ISAIAM.

1672 145 1686 170 ‘I
1692 144 1742 171 596

124 197 167 215 νοι
180 188 341 224 ὲκδεξόμεθα
352 198 358 205 ·
373 190 453 216 ὁπότε
469 189 523 216 οἶδε
541 190 671 222 πολλάκις
687 191 733 218 καὶ
749 193 828 228 ἑορτὴ
844 193 896 228 ἁμέ

961 193 1061 228 saepius
1080 194 1162 221 etiam
1188 202 1331 229 peccamus
1352 204 1413 224 cum
1431 199 1519 225 nimia
1544 199 1579 226 ibi
1605 201 1742 237 voluptate

122 242 198 269 τρως
207 235 247 266 εἰς
259 234 356 269 ἡδονὴν
368 235 512 271 ἐκχυθεῖσα
526 236 573 262 καὶ
585 237 721 272 ἁμαρτίαν
732 237 905 272 προξενῆσαι.

123 280 172 306 Δεῖ
185 277 231 307 οὖν
255 280 380 316 ἀσμένως
405 281 504 317 μᾶλλον
518 282 567 314 τὰς
588 282 691 317 θλίψεις
706 283 843 316 δέξασθαι,
870 284 908 316 ὡς

121 325 273 361 ἐμμίσθους
289 327 430 362 ἐσομένας.

159 372 197 399 Τὸ
222 372 383 405 ἐξάκουστον
397 374 445 409 τῆς
459 373 610 410 μελλούσης
631 375 729 407 αὐτοὺς
752 375 908 411 καταλήψε-

123 419 187 446 σθαι
199 419 277 454 δίκης
287 419 386 455 δηλοῖό
405 420 501 454 λόγος·
516 420 576 447 οὐδὲ
597 420 653 457 γὰρ
682 421 720 453 ὡς
741 421 840 454 ἀδίκως
863 423 908 448 ἐπ-

121 465 307 501 αχθησόμενον
324 465 412 501 κρυφῆ
435 465 481 492 καὶ
498 465 527 492 ἐν
538 465 623 501 γωνίᾳ.
637 465 834 502 πραχθήσεται,
849 467 906 494 ἀλλ’

121 510 235 546 ἔκδηλος
259 510 333 537 ἔσται
356 512 412 542 τοῖς
437 512 502 538 πᾶσι
517 512 534 546 ἡ
556 510 626 546 μετὰ
651 511 754 538 δικαίου
775 512 907 548 κρίματος

119 556 190 592 ὀργὴ
204 556 369 592 ἐπαγομένη.

157 602 252 637 Τοῦτο,
268 603 338 630 κατὰ
361 603 414 630 τῶν
434 604 584 638 Ἀσσυρίων
606 604 715 639 ὀλέθρου
740 613 908 640 προαγορευ-

120 649 223 683 θέντος,
234 649 283 676 καὶ
297 649 346 684 τῆς
359 651 419 676 κατ’
433 649 515 676 αὐτοῦ
531 650 608 686 δίκης
620 650 795 685 δηλωθείσης,
809 650 907 677 δικαιό-

117 701 189 721 τατα
204 695 228 721 οἰ
252 694 414 730 Ἰσραηλῖται
429 694 631 726 ταλανίζονται·
650 695 717 731 πρὸς
742 696 792 731 μὲν
811 695 906 722 τοῦτον

118 740 295 776 ἐπτοημένοι,
315 740 389 777 παρὰ
414 740 443 767 δὲ
457 741 612 775 Αἰγυπτίων
627 741 805 776 βοηθήσεσθαι
827 750 908 777 προσ-

117 786 261 818 δοκῶντες,
283 787 330 813 καὶ
356 787 393 822 μὴ
416 786 631 822 καταφεύγοντες
646 787 692 813 ἐπὶ
711 787 756 813 τὸν
769 787 823 814 τῶν
838 788 905 814 ὅλων

117 833 186 859 Θεόν
202 842 232 859 τε
251 833 296 859 καὶ
311 833 436 868 Σωτῆρα,
451 833 480 859 ὃν
501 834 550 868 οὐχ
564 833 680 869 ἡγοῦντο
696 833 765 869 πρὸς
779 834 828 869 τὴν
843 833 905 870 βοή-

118 879 194 906 θειαν
215 878 304 906 αὐτῶν
330 880 516 915 ἀνταρκέσειν,
535 879 603 906 ἀλλὰ
620 881 652 915 τῇ
677 880 731 907 τῶν
751 880 842 906 ἵππων
858 880 905 907 καὶ

116 925 250 961 ἁρμάτων
263 925 363 961 πληθύῖ
384 925 543 957 πεποιθότες
564 925 629 962 παρ’
648 926 760 952 ἐκείνων
785 925 904 960 σωθήσε-

117 971 181 998 σθαι
198 971 378 1008 προσεδόκων.

153 1018 208 1054 Τὴν
222 1019 311 1053 σοφῶς
325 1018 399 1053 παρὰ
416 1018 462 1045 τοῦ
483 1018 550 1045 Θεοῦ
569 1017 741 1054 ἁρμόζουσαν
758 1017 904 1054 θεραπείαν

114 1063 176 1093 ταῖς
199 1061 298 1097 ψυχαῖς
320 1062 410 1089 αὐτῶν
435 1062 671 1098 προσαχθήσεσθαι
694 1063 839 1098 σημαίνει·
864 1063 902 1090 ὅτι

115 1108 165 1135 καὶ
185 1104 259 1136 αὐτὰ
282 1108 367 1136 ταῦτα
392 1109 544 1142 κακωτικὰ,
571 1110 665 1145 ὥσπερ
684 1109 787 1144 ἀγαθοῦ
810 1110 903 1145 ἰατροῦ

115 1154 297 1187 ἐκκόπτοντας
309 1155 385 1182 νόσον
399 1155 446 1182 καὶ
470 1156 585 1191 ίωμένου
605 1156 803 1192 ἁμαρτήματα,
818 1164 903 1192 προσ-

115 1201 178 1235 άγει
189 1210 195 1216 ·
215 1201 305 1235 σοφῶς
317 1201 365 1228 τοῦ
380 1201 448 1228 Θεοῦ
462 1201 506 1229 διὰ
516 1202 569 1229 τῶν
580 1202 728 1229 δοκούντων
736 1200 804 1229 εἶναι
817 1202 902 1238 λυπη-

115 1247 173 1282 ρῶν
197 1247 407 1282 σωφρονίζοντος
432 1248 493 1280 τοὺς
510 1249 724 1285 ἁμαρτάνοντας,
745 1250 792 1276 καὶ
809 1250 902 1285 καιρὸν

111 1293 261 1328 μετανοίας
273 1293 462 1329 χαριζομένου.
774 1318 780 1322 ,

158 1338 237 1366 Ἀλλὰ
261 1339 307 1366 καὶ
335 1339 535 1375 μετανοούντων
559 1340 723 1375 ὑπερασπιεῖ
747 1341 836 1377 ἡμῶν,
854 1341 902 1368 καὶ

108 1384 353 1421 ἀντιποιηθήσεται
379 1385 429 1421 τῆς
451 1385 636 1422 Ἰερουσαλὴμ,
659 1386 704 1413 ἶσα
719 1388 776 1418 τοῖς
798 1387 902 1423 ὀρνέοις

110 1432 171 1462 τοῖς
185 1429 313 1467 βοηθοῦσι
324 1432 380 1463 τοῖς
392 1431 495 1459 ἑαυτῶν
511 1433 627 1464 νεοττοῖς
637 1441 643 1448 '
659 1433 705 1459 καὶ
722 1432 776 1468 γὰρ
787 1433 901 1460 κάκεῖνα

111 1476 180 1512 παρ’
192 1475 274 1502 αὑτοῦ
290 1476 411 1504 δέδεκται
425 1476 512 1504 ταῦτα
524 1477 558 1504 τὰ
573 1477 674 1512 φυσικὰ
688 1478 855 1514 συνθήματα.

149 1523 218 1554 Τοὺς
230 1523 259 1549 ὲν
271 1523 327 1554 τοῖς
340 1525 433 1556 κακοῖς
448 1523 649 1560 ὲμὸαθύνοντας
661 1524 709 1551 καὶ
724 1525 752 1552 ἐν
763 1526 818 1557 τοῖς
831 1525 900 1552 κατὰ

111 1567 180 1594 Θεὸν
202 1567 377 1600 ἐπιπολαίους
390 1569 561 1604 ἐπιστρέφων
573 1569 587 1595 ὁ
600 1569 689 1604 λόγος,
708 1569 742 1596 τὰ
757 1571 817 1597 καθ’
837 1571 899 1597 ἐαυ-

110 1614 177 1646 τοὺς
192 1615 307 1651 συνορᾷν
329 1615 515 1651 συμϐουλεύει,
540 1615 658 1648 κακίζων
683 1616 772 1644 αὐτῶν
789 1617 834 1643 καὶ
849 1618 898 1653 τὴν

110 1660 285 1696 πεποίθησιν,
300 1661 332 1696 ἢν
349 1662 391 1688 ἐπ’
407 1662 571 1696 Αἰγυπτίους
588 1663 744 1698 ἐκέκτηντο.

155 1706 235 1733 Ἀλλὰ
247 1707 332 1734 ταῦτα
355 1708 414 1743 μὲν,
430 1709 491 1735 ὅσον
504 1706 570 1744 ἧκεν
587 1709 626 1741 είς
647 1709 695 1744 τὴν
715 1710 844 1746 ἱστορίαν,
859 1710 898 1742 εἰς

104 1751 158 1778 ⁴τὸν
176 1752 299 1785 Ἐζεκίαν
321 1754 497 1790 λεχθήσονται
507 1764 513 1769 ·
528 1755 630 1790 κυρίως
641 1755 669 1781 δὲ
688 1755 847 1792 νοηθήσεται
859 1757 899 1788 εἰς

109 1798 194 1824 αὑτὸν
206 1798 252 1826 τὸν
266 1799 380 1835 Σωτῆρα
390 1808 397 1816 ι
411 1799 444 1826 iv‘
465 1800 572 1834 ἔχοιμεν
587 1801 667 1831 νοεῖν,
681 1801 722 1826 ὅτι
742 1800 772 1827 τὸ
791 1801 898 1836 ἀληθῶς

110 1843 249 1879 μακάριον
264 1844 339 1871 ἐσται
351 1845 408 1876 τοῖς
423 1844 604 1880 προκεκοπόσι
622 1846 692 1872 κατὰ
712 1845 778 1873 Θεὸν
792 1846 838 1873 καὶ
849 1846 898 1882 τὴν

108 1889 169 1916 ἄνω
182 1889 258 1916 ἕΣιὼν
272 1890 386 1922 οἰκοῦσι,
403 1891 449 1917 καὶ
469 1890 579 1926 βασιλέα
603 1892 833 1928 ἐπιγραφομένοις
853 1893 898 1920 τὸν

108 1934 214 1970 Κύριον
225 1935 303 1970 ἡμῶν
320 1935 423 1971 Ἰησοῦν
439 1936 565 1971 Χριστὸν,
585 1937 624 1968 εἰς
637 1937 666 1963 ὃν
681 1937 753 1964 κατὰ
765 1938 816 1973 γῆν
830 1939 898 1974 ἡμε-

107 1979 193 2015 τέραν
204 1981 250 2007 καὶ
267 1982 283 2016 ἡ
297 1981 369 2016 ἄκρα
382 1981 536 2016 δικαιοσύνη
552 1982 721 2017 νοηθήσεται.

146 2026 197 2053 Τὸν
210 2026 260 2058 τὰς
271 2026 380 2059 ἐντολὰς
394 2026 439 2053 τοῦ
452 2027 518 2054 Θεοῦ
529 2036 561 2063 τη
567 2028 691 2063 ρήσοντα,
706 2028 753 2055 καὶ
765 2028 858 2064 ὥσπερ
869 2029 897 2055 ἐν

108 2072 199 2108 ἑαυτῷ
211 2072 275 2104 τοὺς
296 2073 391 2107 λόγους
403 2072 450 2099 τοῦ
473 2072 540 2100 Θεοῦ
563 2074 774 2109 κατακρύψαντα
797 2075 842 2101 ἐπὶ
856 2075 895 2101 δι-

108 2118 250 2156 καιοσύνῃ,
264 2119 358 2146 τοῦτον
378 2120 424 2146 καὶ
437 2120 490 2146 ἀπὸ
505 2119 589 2155 ὀργῆς
606 2120 781 2157 ’ὲπαγομένης
796 2129 896 2148 σκεπα-

109 2165 258 2200 σθήσεσθαι
268 2165 351 2202 δηλοῖ,

962 238 1140 266 detineamur.
1158 239 1358 270 Tribulationes
1385 243 1466 278 igitur
1483 245 1574 279 potius
1593 248 1741 283 suscipias,

962 288 1053 318 utpote
1068 284 1161 319 plenas
1177 287 1310 315 mercede.

995 371 1076 400 Vens.
1093 372 1138 400 50.
1153 373 1279 401 Auditam
1295 375 1398 403 scilicet
1414 376 1494 405 faciat
1507 378 1577 407 Deus
1593 380 1739 409 vindictam

959 425 1053 449 suam;
1070 419 1170 455 quippe
1185 428 1245 455 qua:
1260 429 1314 448 non
1340 429 1444 451 secreto
1465 429 1492 451 et
1514 426 1541 453 in
1564 427 1662 462 angulo
1678 428 1738 460 (iet,

957 463 1035 498 quasi
1055 469 1128 493 esset
1145 473 1214 501 opus
1231 468 1373 503 iniquum,
1389 469 1436 497 sed
1451 472 1578 500 omnibus
1596 475 1739 509 perspicua

957 509 1009 536 erit
1025 509 1065 538 ira
1083 519 1144 538 cum
1155 511 1232 547 justo
1246 512 1350 548 judicio
1363 519 1486 543 ventura.

993 599 1057 627 CAP.
1076 600 1176 635 XXXI,
1194 602 1276 631 Vens.
1295 604 1320 631 I.
1337 605 1405 632 Cum
1421 606 1596 643 Assyriorum
1611 609 1738 639 incursus

957 646 1124 680 praedixerit,
1140 654 1166 675 et
1182 649 1329 677 vindictam
1345 651 1380 678 ab
1396 652 1455 687 ipso
1473 655 1668 689 exercendam,
1681 664 1737 684 me-

956 692 1009 719 rito
1030 692 1101 721 Deus
1116 693 1252 722 Israelitas
1276 695 1359 723 dolet.
1383 697 1449 724 Nam
1471 702 1583 734 stupore
1598 706 1737 734 amentes,

956 741 982 765 et
990 738 1121 766 auxilium
1131 740 1164 767 ab
1174 739 1310 776 Egyptiis
1327 747 1529 777 exspectantes,
1541 745 1573 771 ad
1590 745 1672 773 Deum
1682 755 1737 774 non

955 783 1136 820 confugerunt
1170 787 1290 814 omnium
1321 786 1464 816 Dominum
1496 794 1522 818 et
1552 791 1736 825 Salvatorem,

956 831 1034 865 quasi
1050 830 1147 859 fuisset
1168 832 1249 861 inane
1263 833 1323 868 ejus
1343 836 1516 870 praesidium;
1539 837 1586 865 sed
1605 846 1737 873 equorum

917 871 941 900 υ
956 879 982 903 et
997 884 1128 904 curruum
1143 879 1318 907 multitudine
1332 881 1437 916 confisi,
1449 890 1478 910 se
1489 884 1523 910 ab
1537 884 1576 911 eis
1591 871 1738 914 sal—vandos

955 928 1016 948 esse
1031 928 1217 957 speraverunt.

989 1010 1072 1038 VERS.
1087 1012 1116 1039 4.
1134 1013 1248 1042 Animos
1270 1022 1363 1042 eorum
1382 1015 1531 1051 prudenter
1548 1025 1563 1045 a
1579 1018 1634 1046 Deo
1648 1019 1736 1047 infor-

954 1058 1068 1087 mandos
1092 1067 1153 1087 esse
1182 1060 1319 1096 declarat;
1346 1070 1409 1090 nam
1444 1064 1564 1092 vindicta
1587 1064 1634 1093 Dei
1663 1066 1736 1093 velut

953 1104 1051 1133 medici
1069 1107 1212 1141 prudentia
1228 1109 1353 1136 morbum
1371 1110 1536 1143 recidentis,
1558 1116 1586 1139 et
1612 1113 1736 1141 sanantis

953 1150 1080 1185 vulnera;
1105 1153 1242 1188 sapienter
1259 1158 1417 1189 peccatores
1440 1156 1473 1183 ad
1500 1156 1608 1185 saniora
1626 1164 1735 1186 revocat

952 1195 1024 1224 Deus
1036 1217 1044 1229 ,
1061 1201 1088 1225 et
1103 1202 1210 1235 tempus
1224 1201 1390 1235 poenitentim
1402 1207 1546 1237 praeparat,
1560 1203 1624 1231 dum
1639 1204 1734 1232 laedere

952 1241 1069 1270 videtur.

989 1330 1072 1360 Vens.
1097 1332 1124 1360 5.
1146 1331 1339 1362 Ρωηὶιθηιίειηι
1367 1340 1476 1371 agentes
1502 1341 1624 1372 proteget
1650 1337 1731 1368 Deus.

951 1381 978 1406 et
994 1377 1145 1406 Jerusalem
1163 1379 1300 1413 defendet,
1324 1381 1414 1409 avium
1442 1382 1474 1409 ad
1501 1390 1625 1410 normam
1641 1384 1734 1418 pullos

951 1431 1016 1451 suos
1041 1424 1190 1452 foventium
1212 1435 1218 1458 ;
1248 1426 1335 1461 ipsam
1359 1428 1432 1455 enim
1453 1432 1531 1456 tanto
1560 1429 1650 1456 studio
1672 1437 1733 1464 pro-

951 1470 1084 1504 sequitur.

987 1513 1071 1542 Vr-zns.
1093 1516 1119 1542 6.
1137 1516 1215 1545 Malis
1235 1517 1376 1546 demersos
1394 1522 1422 1546 et
1445 1519 1576 1554 impietati
1596 1522 1622 1548 in
1647 1522 1731 1550 Deum

913 1548 933 1576 ί)
950 1560 1057 1588 deditos
1081 1562 1228 1595 allocutus.
1244 1567 1274 1590 ut
1299 1564 1351 1591 sibi
1377 1548 1522 1593 consulant
1546 1568 1642 1594 suadet
1667 1576 1729 1603 pro-

950 1607 1040 1641 pheta,
1054 1612 1080 1635 et
1098 1608 1223 1636 fiduciam
1239 1611 1384 1645 exprobrat
1399 1619 1451 1646 qua
1470 1613 1496 1639 in
1514 1611 1648 1649 (Εεγρῑίἱε
1662 1622 1729 1642 con-

950 1652 1077 1680 lidebant.

985 1700 1050 1727 Car.
1067 1699 1174 1733 XXXII,
1198 1701 1278 1730 Vens.
1306 1703 1332 1730 I.
1355 1703 1492 1731 IIistorico
1515 1705 1625 1739 quidem
1645 1714 1729 1734 sensu

949 1746 1006 1773 haec
1026 1746 1059 1773 ad
1079 1746 1222 1775 Ezechiam
1238 1753 1373 1784 spectant,
1389 1755 1462 1777 recte
1479 1755 1569 1779 tamen
1583 1752 1616 1779 ad
1640 1753 1728 1788 ipsum

949 1791 1117 1829 Salvatorem
1138 1795 1298 1822 referentur.
1317 1796 1423 1825 Sentias
1442 1797 1525 1832 igitur
1549 1806 1611 1827 vere
1636 1799 1729 1828 beatos

947 1848 1009 1868 esse
1021 1841 1068 1876 qui
1082 1841 1232 1869 secundum
1246 1842 1331 1870 Deum
1345 1844 1530 1879 profecerunt,
1543 1851 1570 1874 et
1581 1855 1729 1882 supernam

949 1885 1014 1914 Sion
1042 1893 1188 1922 occupant,
1211 1893 1238 1916 et
1264 1896 1354 1924 regem
1381 1890 1481 1918 habent
1506 1891 1651 1920 Dominum
1681 1901 1729 1921 no-

947 1938 1034 1960 strum
1072 1933 1166 1961 Iesum
1209 1934 1348 1963 Christum
1378 1937 1421 1963 cui
1457 1937 1538 1964 etiam
1585 1939 1612 1965 in
1649 1939 1729 1968 terris

947 1985 1053 2005 summa
1065 1978 1171 2013 justitia
1186 1980 1325 2015 competit.

983 2023 1063 2051 Vens.
1080 2024 1107 2051 2.
1124 2024 1254 2053 Homines
1272 2027 1319 2061 qui
1336 2033 1446 2054 servant
1465 2028 1512 2056 Dei
1534 2034 1679 2065 praecepta,
1701 2037 1728 2059 et

946 2069 993 2097 Dei
1013 2077 1153 2098 sermones
1172 2078 1228 2106 prae
1244 2072 1351 2106 justitia
1367 2073 1394 2100 in
1412 2075 1564 2110 semetipsis
1578 2078 1726 2109 occultant.

946 2117 980 2143 ah
997 2116 1037 2143 ira
1049 2121 1163 2144 ventura
1175 2117 1361 2148 defendendos
1371 2120 1501 2148 declarat.

144 2212 214 2244 Τοὺς
236 2212 393 2248 Ἀσσυρίους
418 2212 607 2248 ἐπικειμένους
621 2213 661 2244 είς
681 2213 807 2248 πόλεμον,
830 2213 896 2240 ἀκό-

984 2205 1063 2234 Vens.
1080 2206 1107 2238 4,
1121 2206 1147 2233 5.
1165 2206 1325 2235 Imminente
1336 2208 1509 2244 Assyriorum
1526 2209 1606 2242 bello,
1620 2218 1728 2246 aequum

106 2257 201 2284 λουθον
213 2255 247 2293 ἦν
260 2258 323 2289 τοὺς
340 2257 407 2293 πρὸς
420 2257 465 2283 τὸν
481 2257 546 2284 Θεὸν
561 2257 696 2289 τείνοντας
710 2257 740 2284 τὸ
754 2258 830 2293 ὄμμα
843 2267 893 2285 κα-

102 2305 251 2339 ταφρονεῖν
264 2304 312 2339 μὲν
322 2303 372 2339 τῆς
385 2303 558 2339 ἀνθρωπίνης
573 2303 707 2339 βοηθείας,
721 2303 791 2338 λέγω
803 2303 834 2339 δὴ
843 2304 893 2339 τῆς

105 2350 161 2376 τῶν
173 2350 348 2384 Αἰγυπτίων·
363 2349 405 2376 ἐπ’
417 2349 532 2376 αὑτὸνδὲ
544 2349 593 2381 τὰς
610 2348 720 2380 ἐλπίδας
734 2349 891 2384 κεκτῆσθαι,

105 2397 154 2423 καὶ
166 2396 240 2431 αὐτῷ
254 2396 396 2432 προσέχειν
413 2395 458 2422 τὸν
472 2395 535 2422 νοῦν
548 2404 554 2411 ·
569 2395 631 2427 τοὺς
643 2395 697 2431 γὰρ
710 2395 842 2431 πρότερον
855 2396 891 2431 μὴ

103 2441 268 2477 δυναμένους
281 2441 326 2467 τὸν
337 2441 386 2476 τῆς
397 2440 550 2473 θεοσεϐείας
562 2440 728 2477 διαρθρῶσαι
742 2440 819 2475 λόγον
832 2441 892 2467 τότε

104 2489 168 2524 ἐνῆν
187 2488 249 2515 ἰδεῖν
265 2487 394 2514 δύνασθαι
417 2489 502 2523 τρανῇ
517 2489 549 2523 τῇ
563 2487 668 2523 γλώττῃ
693 2487 832 2523 ὁμολογεῖν
846 2488 892 2515 τὸν

104 2535 153 2569 τῆς
167 2536 277 2570 εἰρήνης
298 2534 459 2570 βραϐευτὴν,
473 2534 520 2560 καὶ
531 2533 621 2560 οὐκέτι
638 2534 774 2569 αἱρεῖσθαι
791 2534 836 2560 τὸν
846 2534 892 2560 Αἰ-

104 2579 217 2613 γύπτιον
238 2579 328 2606 αὐτῶν
347 2579 451 2614 ἄρχειν,
475 2579 503 2605 ὃν
523 2579 613 2614 μωρὸν
637 2579 748 2611 δικαίως
764 2580 780 2614 ἡ
798 2579 891 2615 Γραφὴ

105 2625 254 2659 ὠνόμασεν.

139 2670 192 2697 Τοῦ
209 2672 346 2707 τάγματος
368 2671 423 2698 τῶν
452 2671 556 2705 ἀνδρῶν
585 2672 716 2705 ἀνηκοΐαν
738 2671 890 2703 νοσοῦντος,

105 2716 216 2751 μετάγει
233 2718 278 2743 τὸν
293 2717 371 2751 λόγον
383 2718 397 2743 ό
414 2718 555 2754 προφήτης
569 2718 616 2744 ἐπὶ
629 2718 677 2749 τὰς
688 2719 832 2751 γυναῖκας,
843 2717 891 2744 καὶ

104 2761 257 2796 νομοθετεῖν
283 2761 354 2794 ἀξιοῖ
373 2763 493 2793 ταύτας·
520 2763 566 2789 καὶ
591 2762 707 2797 μάλιστα
730 2762 779 2793 τὰς
797 2761 890 2796 κομώ-

104 2815 154 2839 σας
187 2807 304 2844 πλούτῳ,
321 2808 348 2834 αἶ
373 2807 420 2835 τοῦ
452 2809 499 2844 μὲν
529 2808 633 2834 ἑαυτῶν
664 2808 766 2843 κόσμου
791 2807 890 2843 πολλὴν

103 2853 261 2888 ἐπιμέλειαν
293 2854 471 2890 ἐποιήσαντο,
504 2853 594 2886 καθὼς
627 2854 673 2882 καὶ
703 2855 731 2881 ὲν
756 2855 812 2887 τοῖς
841 2853 890 2890 5y.—

945 2255 1004 2279 erat
1038 2255 1068 2278 ut
1090 2251 1177 2278 oculis
1195 2252 1222 2278 in
1239 2252 1323 2279 Deum
1347 2252 1453 2286 intenti,
1480 2253 1626 2281 humanam
1648 2262 1727 2290 opem

945 2303 1131 2331 spernerent;
1155 2306 1233 2333 opem
1260 2298 1323 2326 dico
1349 2298 1559 2334 [Egyptiorum;
1584 2300 1612 2327 in
1638 2300 1727 2335 ipsum

946 2352 1009 2371 vero
1026 2343 1206 2376 conﬁderent,
1229 2352 1311 2371 unum
1333 2353 1394 2372 eum
1416 2346 1599 2374 intuerentur.
1621 2346 1728 2382 Quippe

944 2392 989 2425 qui
1023 2391 1098 2425 prius
1120 2391 1167 2418 Dei
1193 2399 1290 2419 nomen
1322 2391 1367 2418 vix
1389 2391 1525 2419 haesitanti
1547 2392 1640 2428 lingua
1669 2393 1727 2420 bal-

944 2437 1034 2465 butire
1054 2441 1210 2472 potuerant,
1229 2445 1303 2465 nunc
1325 2438 1437 2465 eosdem
1454 2438 1556 2466 videris
1576 2439 1726 2474 principem

944 2484 1020 2518 pacis
1047 2484 1177 2512 distincta
1205 2492 1271 2512 voce
1297 2484 1455 2517 confessos,
1481 2490 1508 2512 et
1534 2484 1726 2521 [Egyptiorum

943 2531 1087 2565 imperium
1103 2531 1159 2566 jam
1176 2531 1355 2559 abhorrentes
1376 2538 1445 2566 quos
1463 2532 1560 2558 merito
1583 2531 1727 2567 Scriptura

944 2576 1043 2603 stultos
1063 2580 1151 2603 vocat.

976 2666 1058 2694 Vens.
1074 2666 1100 2693 9.
1123 2666 1191 2693 Cum
1214 2667 1335 2695 virorum
1357 2667 1424 2695 ordo
1448 2667 1633 2695 inobedientia
1648 2667 1725 2695 labo-

943 2717 994 2746 rct,
1012 2713 1140 2741 mulieres
1157 2713 1256 2740 allatnr
1276 2714 1419 2748 propheta.
1443 2714 1557 2749 illasque
1576 2714 1727 2742 informan-

942 2759 992 2787 das
1008 2759 1122 2794 suscipit
1141 2769 1148 2792 ;
1167 2761 1318 2793 praesertim
1335 2769 1400 2788 vero
1424 2760 1526 2788 divitiis
1543 2761 1726 2792 abundantes,

942 2814 1002 2839 qua:
1024 2812 1124 2841 corpus
1144 2813 1224 2832 suum
1245 2813 1352 2833 summo
1369 2806 1461 2833 studio
1482 2807 1669 2839 exornabant,
1687 2807 1726 2833 uti

942 2857 968 2880 ct
984 2859 1065 2888 supra
1086 2852 1215 2888 propheta
1234 2853 1425 2880 contirntavit-
1444 2860 1536 2880 verum
1555 2857 1645 2880 autem
1666 2852 1726 2880 σω.
