1919 3075
211 127 279 154 1227

816 122 987 150 THEODORI
1008 121 1268 148 HERACLEENHS

1764 119 1829 146 13-23

207 193 278 220 tum,
306 187 475 222 spiritualem
503 185 619 216 scilicet,
650 184 833 220 negligebant,
853 191 907 218 quo
937 182 988 209 sibi

1049 179 1157 216 τροσθεν
1173 180 1316 213 κατέλεξεν
1331 183 1345 205 o
1364 179 1506 214 προφήτης
1516 187 1522 193 ’
1540 179 1586 205 τοῦ
1602 178 1630 204 δὲ
1646 177 1766 213 ἀληθοῦς
1779 177 1830 212 ψυ-

206 235 322 263 salutem
342 233 458 260 fuissent
478 235 641 259 consecutae.
663 230 737 263 Quas
753 230 835 265 igitur
853 230 926 256 velut
948 236 991 255 ex-

206 279 408 317 pergefaciens,
433 282 460 306 et
483 278 608 305 excitans
627 283 753 304 sermone
772 285 778 302 :
801 284 809 300 ι
825 275 934 306 Audite,
949 275 990 301 in-

208 327 277 361 quit,
296 325 424 352 mulieres
440 323 563 356 divites;
588 332 596 348 )
620 329 674 349 non
694 321 768 356 ipsas
793 329 858 348 sane
882 320 991 347 divitias

209 374 376 405 insectatur,
398 375 493 406 utpote
511 377 572 405 qum
591 369 658 404 ipsis
681 367 789 395 fuerant
816 375 831 394 a
852 366 906 394 Deo
931 373 992 393 cre-

208 419 281 451 ditae,
301 417 347 445 sed
364 423 454 443 mores
469 415 539 442 male
553 415 653 450 opibus
667 413 726 441 suis
738 412 884 440 utentium.

244 507 327 536 Vens.
351 506 509 534 15.1ndicat
524 505 569 533 hic
584 505 662 532 locos
677 511 738 532 esse
755 501 989 533 vastandos;nam

208 554 331 582 Chermel
347 560 425 579 mons
441 555 483 579 est
499 550 640 578 Samaria.

241 611 305 645 Cn,
324 608 444 642 XXXIII,
472 607 555 635 Vens.
577 607 604 633 2.
634 606 702 634 Cum
726 606 753 633 in
775 605 833 632 dies
853 604 939 638 magis
960 610 991 629 ac

209 656 294 691 magis
318 657 482 690 angerentur
506 652 597 688 populi
624 655 746 686 peccata,
771 657 822 677 nec
850 649 931 676 minis
957 648 991 674 ad

209 702 394 737 paenitentiam
418 699 550 731 deterriti,
567 705 615 726 nec
639 706 687 733 spe
708 697 840 724 bonorum
873 695 905 722 ad
928 695 992 730 pie-

210 752 290 775 tatem
322 747 445 778 excitati,
469 745 657 773 misericordia
683 748 822 779 permotus
844 742 901 777 ipse
933 749 992 776 pro-

210 795 301 830 pheta,
319 793 390 820 haud
411 800 491 820 secus
506 799 538 819 ac
553 791 576 819 si
594 791 650 826 jam
669 797 731 817 eum
749 792 873 816 cerneret
887 788 990 815 meritis

211 839 348 875 suppliciis
362 838 524 870 contritum,
543 836 656 864 salutem
672 835 772 862 civium
790 842 805 860 a
822 833 876 860 Deo
895 832 989 866 depre-
1006 855 1027 882 Β

210 889 295 912 catur.
312 883 370 917 Qua
395 882 501 910 ratione
519 882 639 909 declarat
668 880 742 916 ipsos
766 879 803 906 nil
828 879 990 906 intentatum

208 929 452 962 intemeratumque
479 926 641 961 reliquisse,
666 933 717 952 nec
740 923 814 951 aliud
845 923 897 951 sibi
926 929 991 957 pro-

207 975 350 1006 meruisse,
367 974 419 1001 nisi
436 981 541 1009 ptenas.
556 972 675 1007 Equum
689 975 731 998 est
751 974 781 998 ut
799 969 879 997 nobis
894 975 990 1004 parcas

208 1024 234 1052 et
253 1020 409 1049 miserearis
423 1028 429 1034 ·
446 1020 475 1046 in
494 1023 520 1046 te
537 1019 609 1046 enim
625 1017 797 1045 c0nlidimus.

245 1108 326 1136 Vens.
350 1108 377 1136 5.
400 1107 463 1135 “(eo
477 1106 543 1134 dicit
560 1106 702 1142 propheta,
719 1113 774 1133 non
797 1109 826 1132 ut
847 1103 991 1138 .ndignan-

209 1158 261 1181 tem
278 1153 362 1180 Deum
374 1154 473 1188 placet,
490 1152 537 1180 sed
550 1156 578 1179 nt
592 1152 720 1188 populum
737 1151 844 1183 doceat,
860 1149 925 1185 quid
940 1149 992 1184 ipsi

209 1199 242 1226 ad
259 1199 480 1234 consequendam
494 1199 610 1226 salutem
626 1197 760 1234 agendum
777 1198 823 1224 sit.
839 1196 904 1229 Qua:
918 1195 992 1223 enim

209 1246 251 1274 sui
276 1245 388 1273 conscio
409 1245 509 1280 populo
531 1244 564 1271 ad
588 1243 671 1271 Deum
693 1243 828 1270 fundenda
849 1245 938 1273 erant,
959 1247 991 1268 ea

210 1295 272 1319 vota
296 1290 362 1318 facit
387 1290 520 1326 propheta
544 1289 617 1325 apud
639 1297 733 1317 eorum
759 1288 928 1320 Dominum;
954 1286 992 1313 ita

210 1339 310 1365 docens
335 1345 383 1365 eos
411 1337 475 1372 quid
498 1336 550 1365 sibi
575 1336 617 1372 pia
641 1341 730 1364 mente
756 1335 887 1370 ﬂagitent,
912 1337 941 1360 ut
966 1336 993 1360 et

210 1384 261 1419 Ipsi
284 1384 326 1411 vel
355 1383 514 1418 prophetam
539 1382 654 1414 imitati,
676 1389 787 1409 causam
814 1387 890 1408 suam
921 1377 993 1414 apud

211 1429 294 1456 Deum
314 1432 405 1463 agant.

245 1484 327 1513 Vens.
348 1484 375 1512 5.
401 1483 581 1519 Progressum
602 1483 714 1516 mentis,
737 1487 764 1511 et
783 1483 882 1510 bonam
909 1478 993 1507 animi

211 1531 361 1559 doctrinam
389 1530 491 1557 indicat
525 1537 646 1565 presens
672 1529 731 1557 haec
763 1529 894 1564 precatio.
923 1525 1026 1555 NamC

212 1578 281 1605 Dcus
293 1584 348 1604 non
365 1584 397 1604 eo
415 1577 488 1611 quod
510 1576 638 1611 procedat
660 1575 687 1602 in
712 1575 868 1606 sanctitate,
880 1579 992 1602 sanctus

212 1627 332 1655 vocatur,
360 1624 407 1650 sed
426 1623 484 1657 ipse
500 1623 546 1657 qui
570 1625 697 1657 precatur
713 1620 819 1656 proﬁcit
841 1620 868 1647 in
891 1620 993 1647 sancti-

211 1674 284 1702 tate,
311 1673 338 1697 et
357 1668 528 1704 maiestatem
550 1668 799 1702 sublimitatemque
821 1666 868 1694 Dei
892 1665 993 1693 intelli-

211 1716 303 1751 gentia
323 1715 510 1750 conscquitur.
529 1714 605 1741 Tune
620 1714 693 1742 enim
715 1712 866 1748 praesertim
881 1715 993 1739 sanctus

211 1770 273 1789 vere
299 1765 326 1789 et
350 1761 476 1789 sublimis
499 1767 560 1788 esse
585 1759 657 1787 Deus
683 1763 856 1794 agnoscetur,
885 1756 994 1792 quando

211 1808 356 1844 perfectior
372 1807 478 1834 animus
498 1806 642 1841 perspiciet
654 1804 728 1839 justa
743 1812 804 1833 esse
820 1807 919 1831 cuncta
938 1802 994 1830 veri

212 1854 260 1882 Dei
274 1853 388 1889 judicia.
402 1853 467 1886 Quae
484 1852 592 1888 quidem
608 1860 681 1879 nunc
693 1851 726 1878 ad
741 1850 903 1882 Jerusalem,
921 1856 995 1876 nunc

213 1899 245 1925 ad
266 1906 373 1926 onmem
393 1903 546 1925 creaturam
562 1901 694 1932 spectant.
710 1896 810 1924 Patrias
824 1895 896 1923 enim
914 1895 995 1922 dabat

207 1945 289 1984 .nrbs,
304 1952 359 1971 non
378 1948 408 1971 ut
428 1943 550 1971 funditus
566 1948 718 1975 erueretur,
736 1943 783 1970 sed
804 1946 832 1970 ut
852 1941 995 1969 erudiren-

214 1993 269 2021 tur,
291 1992 568 2023 converterenturque
584 1989 678 2016 incolae
693 1988 762 2023 ejus.

249 2044 333 2072 Vens.
348 2045 374 2072 9.
391 2044 477 2073 Locos
492 2052 541 2080 pro
558 2045 680 2072 locorum
697 2044 849 2073 cultoribus
865 2048 996 2080 usurpat;

215 2098 298 2118 sensu
314 2091 435 2118 carentia
458 2091 485 2118 in
501 2091 619 2119 medium
641 2090 757 2127 profert,
773 2095 800 2118 ut
826 2099 909 2119 sensu
929 2098 998 2125 prae—

215 2137 289 2164 ditos
322 2136 428 2171 pudore
457 2135 579 2170 alliciat;
601 2144 662 2172 qtne
688 2136 761 2164 enim
782 2137 816 2164 de
840 2136 998 2164 hominibus

214 2182 342 2210 valebant
367 2186 469 2210 sortem
502 2190 580 2211 suam
605 2182 779 2215 dedentibus,
803 2190 835 2210 ea
862 2182 896 2210 ad
921 2183 996 2210 locos

215 2228 290 2263 ipsos
315 2228 398 2256 refert
423 2229 643 2264 ingemiscenles,
664 2229 869 2265 propemodum,
889 2232 916 2256 et
934 2236 998 2263 par-

215 2273 359 2306 turientes,
375 2277 404 2301 ut
418 2276 454 2302 ait
474 2274 642 2310 Apostolus“
656 2284 663 2308 ;
689 2282 805 2310 quorum
817 2274 899 2302 simul
915 2274 997 2301 deso-

216 2319 345 2347 lationem
368 2325 500 2348 memorat
523 2321 650 2348 omnibus
674 2321 849 2356 perspicuam
882 2319 996 2347 manife-

216 2369 340 2400 stamque
354 2366 483 2393 futuram;

252 2421 334 2450 Vsns.
359 2422 400 2449 15.
424 2421 557 2456 Populum
578 2423 747 2458 opprimente
772 2423 825 2450 Deo
849 2431 898 2458 per
915 2423 998 2459 Assy-

216 2468 285 2501 rios,
303 2476 357 2496 non
376 2468 474 2496 vicinia
499 2473 604 2496 tantum
623 2470 780 2505 stupebunt,
797 2470 844 2498 sed
863 2474 890 2497 et
902 2471 948 2504 qui
965 2470 998 2497 de

217 2514 296 2549 longe
321 2513 452 2547 audient;
488 2515 691 2542 confundentnr
722 2515 798 2550 impii
834 2516 860 2542 in
889 2515 998 2543 Jerusa-

217 2559 279 2587 lem.

253 2650 317 2677 CAP.
332 2649 452 2682 XXXIV,
467 2650 551 2678 VEns.
568 2651 612 2685 12,
628 2652 670 2679 l3.
683 2651 839 2688 Rhapsaces
852 2653 953 2680 dicitur
966 2662 997 2680 ex

219 2695 375 2730 captivitate
395 2696 480 2724 fuisse
508 2697 600 2725 decem
629 2698 761 2731 tribuum,
786 2703 812 2726 et
835 2699 886 2727 hoc
911 2708 942 2727 ex
968 2708 1000 2728 eo

218 2741 420 2775 comprobatur,
440 2743 511 2777 quod
531 2743 647 2777 potuerit
661 2743 773 2772 Judaice
786 2746 870 2780 loqui.

255 2821 267 2837 θ
276 2819 353 2848 Rom.
373 2829 430 2853 \‘lll,
451 2822 495 2848 22.

1042 225 1119 261 χικοῦ
1131 225 1278 261 κόσμου,δς
1290 225 1427 260 σωτηρίαν
1435 226 1529 256 αὐταῖς
1541 224 1689 259 προεξένει,
1699 223 1829 258 ἠμέλουν.

1042 271 1149 306 Ὥσπερ
1160 268 1206 297 οὖν
1221 270 1378 304 ἀφυπνίζων
1388 269 1471 301 αὐτὰς
1482 270 1528 297 καὶ
1539 269 1681 296 διανιστῶν
1694 269 1735 304 τῷ
1748 268 1830 304 λόγῳ,

1044 326 1054 342 ι
1078 316 1234 348 Ἀκούσατε,
1257 316 1370 351 ἐφασκε,
1388 317 1516 350 γυναῖκες
1535 315 1675 342 πλούσιαι·
1697 324 1708 340 ι
1725 314 1777 341 οὐκ
1793 315 1830 346 εις

1041 362 1155 389 πλοῦτον
1170 361 1253 393 αὐτὰς
1279 361 1477 393 ἀποσκώπτων,
1494 361 1523 393 ὃς
1535 362 1582 387 καὶ
1596 361 1677 392 αὐτὸς
1691 361 1772 396 παρὰ
1784 361 1830 387 τοῦ

1040 408 1108 435 Θεοῦ
1123 407 1234 440 ἐδέδοτο,
1246 407 1301 434 ἀλλ’
1319 408 1359 439 εἰς
1370 407 1469 442 τρόπον
1485 406 1539 433 τῶν
1555 407 1647 439 κακῶς
1665 407 1706 442 τῷ
1723 407 1831 441 πλούτῳ

1042 453 1200 490 χρωμένων.

1076 499 1131 534 Τὴν
1146 498 1368 535 καταληψομένην
1384 499 1447 531 τοὺς
1461 499 1560 530 τόπους
1576 499 1695 534 ἐρημίαν
1714 498 1830 526 ἐνταῦθα

1043 545 1170 581 σημαίνει
1180 553 1186 560 ·
1202 544 1313 581 Χερμὲλ
1329 547 1382 580 γὰρ
1395 545 1456 580 ὅρος
1467 545 1525 571 ἐστὶ
1545 544 1595 580 τῆς
1607 545 1778 580 Σαμαρείας.

1077 602 1124 633 Et;
1137 601 1276 637 ἀπέραντα
1301 601 1521 637 παρανομοῦντος
1540 601 1586 628 τοῦ
1606 601 1684 632 λαοῦ,
1702 601 1750 627 καὶ
1765 602 1830 636 μήτε

1040 649 1074 684 τῇ
1087 647 1142 674 τῶν
1171 647 1343 683 σκυθρωπῶν
1362 646 1512 683 ἐπαγγελίᾳ
1534 646 1739 682 καμπτομένων
1765 647 1831 681 πρὸς

1043 693 1196 729 μετάνοιαν,
1215 694 1284 729 μήτε
1299 695 1332 729 τῇ
1351 692 1405 719 τῶν
1422 692 1547 729 χρηστῶν
1563 692 1652 719 ἐλπίδι
1663 691 1832 726 διεγειρομέ-

1041 746 1093 764 νων
1110 737 1177 773 πρὸς
1194 737 1357 770 θεοσέϐειαν,
1372 738 1411 768 εἰς
1434 737 1604 772 συμπάθειαν
1627 735 1803 771 κατενεχθεὶς
1818 736 1832 762 ό

1041 784 1193 819 προφήτης,
1205 783 1242 815 ὡς
1257 783 1370 819 μηδενὸς
1386 783 1480 819 ἐτέρου
1491 783 1652 818 λειπομένου
1664 782 1680 818 ἢ
1697 782 1832 817 τιμωρίας

1041 831 1091 866 τῆς
1106 829 1309 864 ἐπαχθήσεσθαι
1328 830 1420 861 αὐτοῖς
1436 829 1585 865 μελλούσης
1601 829 1662 857 κατ’
1681 828 1773 861 ἀξίαν,
1788 829 1831 854 εὑ-

1040 875 1090 911 χὴν
1105 876 1175 911 ὺπέρ
1186 875 1275 902 αὐτῶν
1289 876 1447 911 ἀναπέμπει
1461 876 1530 911 πρὸς
1540 875 1585 902 τὸν
1596 875 1652 901 τῶν
1665 874 1736 901 ὅλων
1750 874 1829 901 Θεὸν·

1039 922 1120 949 τοῦτο
1133 922 1232 958 δηλῶν,
1251 922 1293 948 ὃτι
1306 921 1342 948 τὰ
1358 922 1406 957 μέν
1427 923 1491 956 παρ’
1506 921 1589 949 αὐτοῦ
1608 921 1663 948 τῶν
1677 922 1720 953 είς
1733 921 1831 946 κακίαν

1042 968 1287 1003 συμπεπλήρωται,
1310 968 1357 994 καὶ
1380 967 1456 994 οὐδὲν
1480 968 1572 1004 ἓτερον
1594 967 1830 1002 κεχρεωστήσεται

1041 1014 1131 1044 αὐτοῖς
1154 1013 1171 1048 ἢ
1186 1013 1248 1048 δίκη
1258 1021 1264 1027 ·
1286 1013 1365 1049 χρεία
1379 1013 1407 1040 δέ
1420 1013 1475 1040 τῶν
1486 1013 1540 1040 σῶν
1557 1012 1708 1048 οἰκτιρμῶν
1723 1012 1772 1038 καὶ
1786 1011 1828 1038 τοῦ

1042 1059 1088 1085 σοῦ
1104 1058 1190 1090 ἐλέου,
1208 1059 1245 1090 ὡς
1259 1059 1306 1086 ἐπὶ
1317 1059 1358 1086 συὶ
1372 1058 1539 1086 πεποιθότων

1077 1105 1169 1132 Ταῦτα
1179 1105 1208 1132 δὲ
1219 1107 1233 1132 ό
1245 1107 1387 1142 προφήτης
1400 1105 1503 1140 ἔλεγεν,
1516 1106 1564 1140 οὐχ
1577 1106 1615 1136 ὡς
1625 1104 1832 1139 ἀγανακτοῦντα

1041 1152 1086 1179 τὸν
1093 1152 1158 1179 Θεὸν
1166 1152 1309 1185 διδάσκων,
1326 1152 1382 1179 ἀλλ’
1395 1152 1433 1184 ὡς
1440 1151 1478 1187 τῷ
1483 1151 1539 1187 λαῷ
1548 1152 1700 1187 προφάσεις
1706 1149 1832 1186 παρέξων

1043 1198 1098 1225 τῶν
1107 1197 1265 1234 ἀρκούντων
1278 1199 1370 1231 αὐτοῖς
1379 1199 1419 1230 εἰς
1435 1207 1506 1234 σωτη
1511 1199 1580 1234 ρίαν.
1593 1197 1689 1232 Ἃγὰρ
1698 1197 1783 1231 ἐχρῆν
1788 1195 1832 1222 τὸν

1042 1243 1105 1271 λαὸν
1118 1244 1187 1280 ὑπὲρ
1198 1244 1294 1271 ἑαυτοῦ
1303 1245 1343 1276 εἰς
1360 1243 1535 1279 συναίσθησιν
1548 1243 1695 1279 ἐρχόμενον
1708 1242 1777 1278 πρὸς
1788 1242 1831 1268 τὸν

1043 1290 1109 1316 Θεὸν
1132 1290 1231 1325 λέγειν,
1246 1290 1321 1317 ταῦθ’
1334 1291 1348 1317 ό
1369 1290 1511 1326 προφήτης
1532 1291 1573 1322 εἰς
1596 1289 1717 1324 ἐπήκοον
1743 1288 1830 1315 αὐτῶν

1043 1335 1188 1371 εὐχόμενος
1206 1336 1345 1363 ἐδίδασκεν
1362 1336 1460 1367 αὐτοὺς
1479 1335 1650 1371 ἐρανίζεσθαι
1667 1335 1714 1361 τὸν
1733 1333 1831 1368 εὐσεόἧ

1044 1382 1105 1408 νοῦν
1115 1390 1122 1396 ·
1135 1382 1178 1408 ἵνα
1192 1382 1240 1409 καὶ
1254 1382 1341 1415 αὐτοὶ,
1355 1381 1406 1409 κᾶν
1421 1382 1485 1416 γοῦν
1503 1381 1690 1417 μιμησάμενοι
1703 1380 1751 1407 τὸν
1769 1388 1832 1414 προ-

1044 1430 1142 1466 φήτην,
1157 1430 1227 1465 ὺπέρ
1242 1429 1345 1456 ἐαυτῶν
1365 1429 1432 1465 πρὸς
1447 1429 1492 1455 τὸν
1508 1428 1574 1455 Θεὸν
1589 1427 1771 1462 φθέγξωνται.

1079 1486 1223 1523 Προκοπὴν
1240 1485 1376 1518 διανοίας,
1400 1485 1446 1512 καὶ
1468 1485 1586 1520 δίδαγμα
1610 1484 1702 1520 ψυχῆς
1731 1483 1832 1518 ἀγαθὸν

1042 1534 1117 1570 δηλοῖ
1142 1534 1158 1569 ή
1188 1533 1355 1569 προκειμένη
1386 1532 1531 1569 προσευχή.
1559 1532 1614 1567 Οὐχ
1639 1532 1678 1563 ὡς
1702 1531 1759 1567 γὰρ
1786 1531 1832 1558 τοῦ

1043 1580 1110 1606 Θεοῦ
1125 1580 1165 1611 εἰς
1187 1579 1321 1614 ἀγιασμὸν
1339 1579 1553 1614 προκόπτοντος,
1564 1577 1595 1604 τὺ
1614 1577 1700 1612 ἅγιος
1711 1577 1831 1612 ἐλέγετο,

1043 1625 1099 1652 ἀλλ’
1124 1623 1206 1652 αὑτοῦ
1225 1623 1271 1650 τοῦ
1288 1623 1504 1659 προσευχομένου
1526 1623 1567 1654 είς
1580 1623 1717 1658 ἀγιασμὸν
1733 1631 1832 1658 προκε-

1044 1671 1157 1702 κοπότος
1171 1691 1177 1702 ,
1208 1671 1255 1697 καὶ
1286 1670 1316 1696 τὸ
1341 1670 1483 1706 μεγαλεῖον
1500 1669 1548 1697 τοῦ
1566 1669 1634 1696 θεοῦ
1657 1670 1706 1696 καὶ¹
1729 1670 1832 1706 ὑψηλὸν

1045 1716 1252 1751 κατειληφότος·
1269 1716 1329 1742 τότε
1353 1716 1406 1752 γὰρ
1427 1716 1544 1751 μάλιστα
1562 1715 1672 1752 ἀληθῶς
1689 1717 1768 1750 ἆγιος
1788 1718 1834 1742 καὶ

1046 1763 1145 1798 ὑψηλὸς
1158 1762 1267 1798 νοηθείη
1293 1760 1360 1788 εἶναι
1381 1761 1456 1794 Θεὸς,
1471 1762 1508 1789 ὅτ’
1528 1762 1561 1789 ἂν
1583 1762 1747 1797 προκύψασα
1761 1762 1835 1797 ψυχὴ

1045 1807 1125 1834 ἐνίδοι
1144 1807 1189 1833 τὸν
1213 1806 1297 1839 ὅντως
1323 1807 1388 1834 ὅντα
1411 1807 1477 1834 Θεὸν
1503 1807 1615 1838 δικαίως
1639 1807 1771 1843 μετιόντα
1787 1809 1837 1839 τὰς

1044 1853 1163 1890 κρίσεις·
1193 1853 1271 1880 τοῦτο
1296 1854 1344 1888 μὲν
1369 1853 1413 1879 ἐπ’
1438 1853 1523 1888 αὐτῆς
1545 1853 1595 1888 τῆς
1634 1853 1835 1888 Ἰερουσαλὴμ,

1045 1899 1123 1926 τοῦτο
1136 1899 1164 1926 δὲ
1188 1900 1234 1926 ἐπὶ
1251 1899 1303 1926 τῶν
1325 1899 1454 1926 καθόλου·
1471 1899 1628 1926 ἐπαιδεύετο
1642 1899 1697 1934 γὰρ
1722 1901 1740 1935 ὴ
1759 1900 1836 1932 πόλις

1045 1946 1095 1972 οὐκ
1116 1947 1156 1977 εἰς
1180 1946 1299 1980 παντελῆ
1321 1945 1507 1981 ἐξολόθρευσιν
1521 1965 1529 1977 ,
1555 1945 1611 1972 ἀλλ’
1629 1947 1669 1977 είς
1686 1945 1837 1981 θεραπείαν

1046 1991 1094 2017 καὶ
1108 1990 1275 2026 ἐπιστροφὴν
1296 1990 1351 2017 τῶν
1366 1990 1542 2017 ἐνοικούντων
1559 1991 1652 2027 αὐτήν.

1081 2046 1151 2077 Τοὺς
1167 2045 1265 2077 τόπους
1283 2045 1342 2072 ἀντὶ
1367 2045 1421 2072 τῶν
1437 2046 1586 2082 οἰκητόρων
1607 2047 1838 2082 παραλαμϐάνει,

1047 2092 1095 2118 καὶ
1120 2091 1153 2118 τὰ
1170 2091 1320 2126 ἀναίσθητα
1344 2091 1474 2127 αἰσχύνην
1487 2091 1541 2118 τῶν
1555 2092 1710 2128 αἰσθητῶν·
1730 2094 1766 2120 τὰ
1785 2094 1839 2128 γὰρ

1047 2137 1200 2173 ἁρμόζοντα
1221 2138 1264 2164 ἐπ’
1284 2137 1434 2173 ἀνθρώπων
1460 2138 1510 2174 τὴν
1531 2139 1635 2166 ἑαυτῶν
1651 2139 1763 2176 πληγὴν
1777 2149 1839 2167 πεν-

1049 2182 1166 2209 θούντων
1176 2203 1183 2215 ,
1199 2183 1285 2210 ταῦτα
1304 2184 1457 2219 μετήγαγεν
1472 2184 1485 2209 ὁ
1500 2184 1579 2218 λόγος
1600 2186 1645 2212 ἐπ’
1658 2186 1763 2218 αὐτοὺς
1778 2188 1839 2218 τοὺς

1048 2229 1146 2261 τόπους
1158 2229 1298 2265 μονονουχὶ
1310 2229 1485 2262 στενάζοντας
1496 2231 1543 2258 καὶ
1558 2231 1758 2265 συνωδίνοντας
1771 2233 1839 2260 κατὰ

1048 2275 1093 2302 τὸν
1114 2275 1274 2302 Ἀποστόλου
1289 2276 1366 2310 λόγον
1376 2284 1382 2290 ·
1394 2272 1431 2302 ὧν
1444 2276 1491 2312 τὴν
1502 2277 1642 2312 ἐρήμωσιν
1657 2279 1781 2312 φανερὰν
1795 2281 1839 2306 καὶ

1049 2320 1159 2356 ἔκδηλον
1176 2322 1233 2352 τοῖς
1249 2321 1315 2347 πᾶσι
1334 2320 1441 2356 μηνύει.

1091 2423 1152 2449 Ἐπὶ
1177 2424 1209 2458 τῇ
1235 2421 1369 2458 μελλούσῃ
1388 2422 1462 2458 παρὰ
1489 2422 1536 2448 τοῦ
1564 2423 1634 2450 Θεοῦ
1649 2425 1743 2461 πληγῇ
1766 2427 1837 2462 παρὰ

1048 2468 1105 2495 τῶν
1133 2469 1281 2504 Ἀσσυρίων
1309 2468 1510 2504 ἐπαχθήσεσθειι
1549 2470 1580 2496 οὐ
1612 2471 1695 2505 μόνον
1720 2474 1745 2498 οἱ
1776 2474 1841 2508 πλη-

1053 2515 1109 2542 σίον
1135 2514 1219 2550 χῶροι
1243 2515 1476 2552 ἐκπλαγήσονται,
1501 2517 1570 2543 ἀλλὰ
1585 2517 1633 2544 καὶ
1649 2519 1675 2544 οἱ
1700 2519 1840 2555 πόρρωθεν

1053 2559 1236 2592 ἀκούσαντες·
1265 2561 1289 2586 οἱ
1304 2560 1354 2596 τῆς
1373 2561 1550 2597 Ἰερουσαλὴμ
1566 2563 1678 2594 ἀσεϐεῖς
1695 2565 1840 2600 αἰσχυνθή-

1055 2614 1153 2632 σονται.

1095 2652 1123 2678 ’0
1146 2651 1284 2686 Ῥαψάκης
1308 2652 1415 2686 λέγεται
1443 2654 1475 2680 ἐκ
1491 2653 1538 2689 τῆς
1560 2654 1756 2690 αἰχμαλωσίας
1778 2655 1840 2683 εἶναι

1054 2697 1108 2725 τῶν
1122 2697 1186 2724 δέκα
1212 2697 1313 2732 φυλῶν,
1340 2699 1388 2725 καὶ
1408 2697 1487 2725 τοῦτο
1508 2700 1660 2735 τεκμήριον
1678 2699 1751 2730 εἶναι
1764 2703 1794 2731 τὸ
1809 2705 1840 2731 εί-

1054 2745 1127 2772 δέναι
1147 2744 1228 2772 αὑτὸν
1250 2744 1399 2771 Ἰουδαῑστί.
