1920 3070
176 77 228 105 165

645 73 674 101 S.
693 72 857 101 ΜΕΤΗοοΠ
876 71 1029 100 EPISCOPI
1049 71 1093 98 ET
1111 71 1290 99 MARTYRIS

1739 75 1803 102 164

175 134 214 162 ris
228 133 273 164 sit,
288 131 402 160 servatis
416 139 522 166 semper
535 130 631 158 iisdem
646 131 765 166 partium
790 131 951 162 intervallis,

1008 130 1131 165 ἀνάγκη,
1158 130 1243 164 φασὶ,
1269 129 1338 156 κατὰ
1364 130 1412 162 τὰς
1433 130 1527 165 ὁμοίας
1559 130 1712 164 διαστάσεις
1735 132 1803 159 τῶν

175 179 292 207 mediam
315 178 429 212 hujusce
448 184 538 204 rerum
555 176 741 204 universitatis
752 181 852 203 terram
865 176 957 203 consi-

177 225 242 252 dere
264 231 377 251 necesse
390 227 442 256 est,
458 224 532 249 circa
547 230 628 257 quam
643 222 702 256 ipso
718 222 853 249 seniorem
875 221 958 248 νωιιὶ-

176 272 222 296 tur
234 268 344 296 calum.
371 267 438 294 Nam
463 267 487 294 si
514 274 547 293 ex
567 269 668 302 puncto
684 270 712 293 et
733 269 827 293 centro
849 269 958 293 constat

176 315 288 351 sphaerae
302 313 524 344 circumductus,’
540 313 587 347 qui
608 312 701 347 utique
718 312 793 339 orbis
810 319 871 339 esse
883 311 958 339 vide-

163 353 168 391 Ῐ
177 366 222 389 tur
237 364 264 388 et
279 359 415 387 circulus:
428 366 490 386 cum
506 358 563 385 lieri
578 365 631 385 non
643 358 730 392 possit
744 362 772 384 ut
786 358 845 385 sine
856 361 957 393 puncto

175 407 297 434 circulus
315 405 497 435 describatur,
515 411 565 430 nec
581 403 701 431 circulus
716 411 776 431 esse
792 405 878 438 possit
894 405 958 431 abs-

175 460 229 488 que
252 456 364 487 puncto,
386 445 497 485 quinam
525 449 583 476 fieri
611 453 716 484 potest,
735 449 821 482 aiunt,
844 453 873 476 ut
903 457 956 476 non

176 497 303 524 omnibus
317 497 392 531 prior
408 499 479 522 terra
492 495 637 526 exstiterit,
649 495 763 529 ejusque
778 495 863 529 ipsius
873 495 957 522 chaos

176 546 204 570 et
216 541 398 577 profundum?
412 541 493 568 Plane
505 540 577 567 enim
595 540 621 567 in
639 541 740 568 erroris
756 540 920 575 profundum
931 544 957 568 et

177 589 261 615 chaos
276 587 367 615 miseri
389 587 508 622 prolapsi
535 591 607 614 sunt.
626 586 703 619 Quod
728 595 786 613 cum
812 586 891 613 Deum
912 595 956 613 co-

177 635 335 670 gnovissent,
350 643 401 661 non
421 635 488 661 sicut
507 633 588 660 Deum
604 634 827 668 gloriﬁcaverunt.
839 639 884 660 aut
895 643 957 669 gra-

179 681 231 708 tias
247 678 371 716 egerunt;
383 679 426 707 sed
446 684 606 706 evanuerunt
626 680 652 706 in
675 679 874 714 cogitationibus
889 681 955 712 suis,

177 729 203 752 et
218 725 386 752 obscuratum
408 729 446 751 est
464 724 590 758 insipiens
614 732 659 750 cor
677 732 765 750 eorum
776 724 814 755 ⁶¹;
839 724 881 751 vel
906 724 956 751 hoc

178 771 298 798 maxime
312 771 384 806 quod
400 778 495 798 eorum
521 769 658 804 sapientes
671 769 739 796 nihil
754 777 815 797 esse
840 769 955 797 terrenis

1007 176 1096 203 αὐτῶν
1119 177 1202 203 ὄντων
1225 176 1430 212 διαστημάτων,
1447 177 1532 212 μέσην
1554 176 1600 203 τοῦ
1627 179 1727 210 παντὸς
1741 179 1804 214 τὴν

1008 224 1059 259 γῆν
1076 223 1229 258 τυγχάνειν,
1247 223 1310 258 περὶ
1337 223 1369 258 ἢν
1384 224 1398 248 ὁ
1414 223 1526 259 οὐρανὸς
1542 223 1704 259 περιδίνεται
1721 233 1802 260 προε-

1008 269 1169 305 γενεστέραν
1184 267 1276 296 οὖσαν.
1297 269 1329 295 Εἰ
1344 269 1398 304 γὰρ
1417 270 1448 295 ὲκ
1472 269 1584 304 σημείου
1607 270 1654 296 καὶ
1676 270 1801 306 κέντρου

1009 315 1169 351 περιφέρεια
1186 315 1358 349 συνέστηκεν.
1375 314 1389 340 ὃ
1401 314 1433 350 δὴ
1446 314 1543 346 κύκλος
1555 315 1609 350 (29)
1627 313 1695 342 εἶναι
1716 316 1804 343 δοκεῖ

1009 361 1146 396 (ἀδύνατον
1169 361 1196 387 δὲ
1219 361 1303 396 χωρὶς
1326 360 1436 395 σημείου
1461 361 1660 397 περιγραφῆναι
1679 362 1798 393 κύκλον,

1009 407 1106 434 κύκλον
1129 406 1150 433 δ’
1164 406 1272 432 ἔσεσθαι
1294 405 1421 432 ἀδύνατον
1444 406 1506 433 ἄνευ
1531 406 1666 442 σημείου),
1682 407 1741 439 πῶς
1758 407 1799 434 οὐ

1009 453 1062 488 πρὸ
1073 453 1179 479 πάντων
1194 454 1210 488 ἡ
1222 453 1268 487 γῆ,
1277 453 1353 487 φησὶ,
1365 452 1522 486 συνέστηκε,
1534 452 1581 478 καὶ
1591 452 1621 478 τδ
1634 453 1693 479 κατ’
1705 452 1800 489 αὐτὴν

1008 499 1072 534 χάος
1086 498 1132 525 καὶ
1143 498 1241 533 βάθος;
1255 498 1302 529 Εἰς
1315 497 1396 532 βάθος
1410 497 1463 533 γὰρ
1480 497 1527 524 καὶ
1542 497 1607 532 χάος
1623 498 1706 530 ὅντως
1721 507 1799 525 κατ-

1006 543 1158 578 ωλίσθησαν
1167 543 1189 569 οξ
1197 543 1311 578 σχέτλιοι
1318 542 1430 577 πλάνης.
1439 541 1472 569 Οἳ
1479 543 1527 577 (al.
1537 543 1599 576 ὅτι),
1606 544 1728 578 γνόντες
1736 544 1799 571 τὸν·

1009 590 1096 621 Θεὸν,
1113 591 1168 624 οὐχ
1188 589 1227 622 ὡς
1245 589 1318 615 Θεὸν
1334 589 1485 620 ἐδόξασαν
1508 589 1527 623 ἦ
1549 590 1798 624 εὐχαρίστησαν,

1007 635 1076 662 ἀλλ’
1099 633 1324 668 ἐματαιώθησαν
1342 633 1377 659 ἐν
1403 632 1465 664 τοῖς
1493 632 1714 667 διαλογισμοῖς,
1740 633 1796 660 καὶ

1007 681 1167 713 ἐσκοτίσθη
1184 680 1203 713 ἡ
1216 679 1363 712 ἀσύνετος
1378 677 1475 705 αὐτῶν
1497 678 1618 712 καρδία”
1643 679 1690 705 καὶ
1703 679 1797 705 ταῦτα.

1008 726 1055 752 καὶ
1076 726 1129 752 τῶν
1145 726 1209 761 παρ’
1226 725 1318 757 αὐτοῖς
1344 724 1492 760 εἰρηκότων
1514 724 1620 758 σοφῶν,
1647 725 1684 757 ὡς
1715 725 1795 752 οὐδὲν

1014 771 1168 806 Ὀλυμπίων
1198 771 1370 806 ἐντιμότερον
1402 770 1516 805 γηγενὲς
1541 769 1557 804 ἥ
1595 770 1794 806 πρεσϐύτερον,

177 815 205 842 in
215 816 296 843 rebus
306 804 463 844 cielestibus
475 815 593 843 nobilius
610 819 656 842 aut
668 815 803 850 antiquius
816 815 953 843 dixerunt.

1008 816 1088 842 ’Ὀθεν
1103 816 1151 843 οὐκ
1172 816 1216 842 ἀεὶ
1234 816 1327 847 παῖδες
1344 815 1428 847 ὅντως
1443 817 1467 842 οἱ
1488 816 1604 852 Χριστὸν
1629 816 1792 850 ἐγνωκότες,

175 860 260 890 Plane
277 862 359 897 igitur
372 870 426 889 non
443 869 552 896 semper
563 861 639 896 pueri
660 861 705 894 qui
723 861 863 888 Christum
875 869 957 896 agno-

177 915 252 940 vere,
267 907 341 934 velut
356 907 442 934 Graeci
457 907 505 942 qui
527 906 626 934 fabulis
641 906 732 941 potius
752 914 784 933 ac
812 906 956 947 (igniculis,

176 960 257 988 quam
276 952 438 980 eruditionis
459 956 517 980 arte
534 952 587 979 ulla
603 955 650 978 aut
667 951 794 979 facundia
816 953 957 980 veritatem

177 998 341 1029 obruentcs,
358 996 735 1034 huinanasque_calamitates
755 997 832 1024 cmlis
854 997 958 1026 adscri-

175 1041 282 1075 bentes,
298 1049 348 1069 nec
358 1042 607 1074 erubescunt,dum
617 1046 697 1070 terra:
711 1043 841 1069 ambitum
854 1051 959 1078 geome-

175 1088 253 1116 tricis
276 1088 394 1116 inventis
408 1088 557 1123 iigurisque
573 1088 777 1122 describentes,
788 1089 886 1116 caelum
908 1089 958 1117 do-

174 1138 248 1166 cent.
270 1135 415 1162 volucrum
431 1134 642 1169 natatiliumque
661 1142 693 1161 ac
713 1135 882 1162 terrestrium
898 1137 957 1163 ani-

179 1181 291 1208 malium
316 1181 471 1209 simulacris
502 1185 629 1207 ornatum
655 1188 733 1212 esse.
764 1181 957 1216 stellarumque

174 1227 321 1262 qualitates
334 1228 377 1261 fex
398 1226 550 1262 priscorum
573 1226 712 1253 hominum
730 1226 853 1254 cladibus
869 1234 900 1254 ac
915 1228 957 1254 iu-

173 1272 304 1301 fortuniis
320 1272 449 1300 habuisse
471 1275 562 1303 ortum
576 1281 582 1298 ε
597 1272 664 1300 adeo
680 1275 710 1298 ut
728 1279 761 1299 ex
784 1272 880 1299 horum
900 1281 959 1301 sen-

174 1319 270 1350 tentia,
284 1318 336 1353 ipsi
350 1318 517 1353 planetarum
534 1321 624 1344 motus
643 1325 676 1344 ex
693 1317 826 1352 ejusmodi
840 1319 959 1354 corpori-

175 1363 228 1390 ιω
239 1363 383 1398 pendeant.
396 1362 500 1398 Gyrare
514 1362 640 1389 videlicet
655 1363 728 1389 circa
741 1364 882 1399 signorum
894 1365 960 1391 duo-

176 1409 265 1437 decim
285 1411 409 1435 naturam
421 1407 513 1435 stellas
530 1407 615 1439 aiunt,
635 1408 728 1443 rapida
745 1409 848 1437 zodiaci
862 1410 958 1437 circuli

177 1458 279 1482 tractas
301 1453 456 1489 vertigine:
480 1457 562 1488 atque
581 1460 614 1480 ex
638 1453 734 1480 harum
766 1456 957 1489 temperatione

1007 860 1131 896 καθάπερ
1144 860 1281 895 Ἕλληνες,
1298 860 1333 891 οἳ,
1349 860 1442 895 μύθοις
1458 860 1555 895 μᾶλλον
1573 861 1618 887 καὶ
1636 861 1793 896 πλάσμασιν

1007 906 1024 941 ἢ
1042 906 1122 941 τέχνῃ
1139 906 1193 933 τῶν
1207 906 1292 939 λόγων
1308 906 1356 941 τὴν
1368 906 1494 941 ἀλήθειαν
1509 907 1656 942 χώσαντες,
1669 907 1717 934 καὶ
1732 909 1793 938 τοῖς

1006 953 1130 988 οὐρανοῖς
1147 952 1195 984 τὰς
1209 952 1262 978 τῶν
1285 951 1435 988 ἀνθρώπων
1458 953 1698 989 προσαρμόσαντες
1722 962 1794 988 συμ-

1007 998 1106 1034 φορὰς,
1136 998 1211 1024 οὐδὲν
1234 997 1404 1033 αἰσχύνονται
1421 999 1641 1034 καταγράφοντες
1666 999 1715 1035 τὴν
1739 999 1792 1034 τῆς

1007 1043 1167 1079 οἰκουμένης
1182 1043 1332 1080 περιφορὰν
1346 1046 1540 1079 γεωμετρικοῖς
1560 1045 1716 1081 θεωρήμασι
1741 1045 1794 1071 καὶ

1008 1092 1139 1124 σχήμασι,
1156 1089 1204 1116 καὶ
1222 1089 1268 1115 τὸν
1288 1089 1400 1124 οὐρανὸν
1414 1089 1532 1121 εἰδώλοις
1551 1090 1660 1126 πτηνῶν
1675 1090 1722 1124 καὶ
1741 1098 1793 1125 νη-

1007 1134 1079 1160 κτῶν
1096 1135 1143 1161 καὶ
1156 1134 1289 1170 χερσαίων
1309 1134 1496 1170 εἰσηγούμενοι
1522 1135 1723 1171 κεκοσμῆσθαι,
1742 1135 1794 1161 καὶ

1008 1179 1057 1211 τὰς
1076 1180 1219 1215 ποιότητας
1241 1180 1295 1206 τῶν
1316 1180 1437 1216 ἀστέρων
1454 1181 1486 1207 ὲκ
1500 1181 1553 1207 τῶν
1578 1181 1641 1216 περὶ
1653 1181 1715 1212 τοὺς
1738 1181 1793 1216 ἀρ-

1008 1224 1100 1259 χαίους
1123 1224 1280 1259 ἀνθρώπους
1302 1225 1447 1261 συμφορῶν
1466 1225 1694 1259 κατεσκευάσθαι,
1717 1225 1792 1252 ὥστε

1007 1270 1056 1302 τὰς
1069 1271 1122 1297 τῶν
1134 1271 1275 1306 πλανητῶν
1289 1271 1379 1303 αὐτοῖς
1391 1272 1510 1308 κινήσεις
1521 1273 1554 1299 ἐκ
1564 1272 1690 1298 τοιούτων
1705 1272 1786 1308 ἠρτῆ-

1009 1315 1070 1342 σθαι
1088 1317 1236 1351 σωμάτων·
1253 1316 1416 1343 είλίσσεσθαι
1432 1317 1485 1353 γὰρ
1506 1318 1570 1354 περὶ
1590 1318 1639 1354 τὴν
1663 1318 1715 1344 τῶν
1738 1317 1794 1344 δὼ-

1008 1362 1070 1390 δεκσ
1089 1361 1190 1394 ζωδίων
1207 1361 1286 1396 φύσιν
1303 1362 1369 1395 φασὶ
1397 1362 1460 1394 τοὺς
1476 1363 1604 1399 ἀστέρας,
1628 1363 1794 1398 ἑλκομένους

1008 1406 1054 1432 τοῦ
1076 1405 1206 1437 ζωδιακοῦ
1222 1405 1320 1432 κύκλου
1340 1407 1373 1441 τῇ
1394 1407 1473 1442 φορᾷ,
1488 1407 1525 1438 ὼς
1542 1407 1588 1434 καὶ
1606 1407 1650 1433 διὰ
1667 1408 1792 1443 συγκρά-

1009 1459 1077 1482 σεως
1095 1450 1183 1476 αὐτῶν
1208 1451 1319 1487 ὁρᾶσθαι
1334 1451 1368 1478 τὰ
1389 1452 1570 1479 ἀποϐαίνοντα
1588 1453 1705 1485 πολλοῖς,
1717 1454 1793 1480 κατὰ

176 1499 313 1534 provideri
331 1507 391 1534 qua:
406 1498 484 1533 vulgo
499 1502 629 1525 eventura
648 1502 711 1526 sunt
729 1508 735 1525 :
750 1507 799 1534 pro
808 1507 900 1526 earum
916 1501 955 1527 in-

1008 1496 1056 1527 τάς
1080 1496 1148 1531 πρὸς
1161 1496 1291 1531 ἀλλήλους
1305 1497 1395 1523 αὐτῶν
1422 1498 1566 1533 συναφείας
1586 1507 1616 1525 τε
1637 1499 1683 1526 καὶ
1702 1499 1794 1535 ἀττορ-

175 1549 218 1572 ter
231 1552 260 1572 se
273 1545 382 1572 diversa
395 1544 568 1576 coluerentia,
585 1544 692 1579 alioque
716 1547 743 1571 et
766 1544 820 1571 alio
843 1545 957 1580 inﬂuxu,

176 1594 292 1625 ortuque
306 1593 333 1617 et
345 1597 458 1617 occasu.

211 1635 279 1663 Cum
293 1635 366 1663 enim
381 1636 480 1662 ccelum
505 1642 585 1662 omne
612 1635 640 1662 in
655 1634 749 1662 orbem
765 1635 956 1670 conglobatum

175 1682 222 1714 sit,
245 1686 394 1716 centroque
416 1689 447 1708 ac
463 1685 564 1715 puncto
581 1685 653 1707 terra
667 1684 770 1713 utatur,
791 1685 821 1708 ut
842 1681 881 1708 illi
899 1681 957 1708 exi-

176 1727 300 1758 stimant,
314 1725 388 1761 quod
403 1733 497 1753 omnes
512 1726 590 1753 linere
602 1729 683 1752 rectas
692 1725 726 1752 ab
741 1726 844 1753 ambitu
861 1726 888 1752 in
902 1732 956 1753 ier-

175 1779 234 1798 ram
255 1771 418 1803 incidentes,
433 1771 506 1799 inter
524 1779 554 1798 se
571 1771 691 1806 aequales
707 1771 772 1804 sint,
789 1772 823 1799 ab
839 1772 956 1799 ambien-

176 1818 249 1844 tibus
267 1817 356 1852 ipsum
380 1818 491 1846 circulis
519 1818 642 1846 dominio
667 1821 795 1854 praevalet
817 1827 955 1855 :quorum

176 1863 343 1891 meridianus
357 1862 428 1891 inter
439 1864 571 1892 maximos
587 1866 714 1894 emineat.
736 1866 777 1894 Ab
793 1867 845 1893 hoc
859 1873 957 1894 secun-

175 1908 228 1936 dus
243 1909 288 1941 sit,
302 1909 349 1944 qui
367 1912 394 1936 et
419 1909 476 1944 ipse
499 1910 526 1937 in
551 1914 642 1945 partes
663 1913 781 1947 aquales
796 1912 953 1939 universum

174 1960 259 1987 secet,
272 1963 352 1990 quem
368 1955 536 1983 horizontem
555 1957 593 1991 (id
616 1962 658 1984 est
677 1958 819 1992 finitorem)
834 1953 951 2002 int:

177 2000 274 2028 tertius
291 2001 340 2029 hos
352 2002 530 2034 intersecans,
542 2002 749 2036 aequinoctialis.
766 2000 955 2038 Istorum'por-

178 2053 209 2072 ro
228 2045 291 2072 hinc
312 2046 374 2074 inde
389 2046 423 2073 ad
444 2047 530 2074 latera
545 2048 642 2082 tropici
660 2048 724 2080 duo,
741 2049 852 2076 aestivus
871 2053 898 2075 et
913 2048 954 2075 hi-

179 2090 295 2123 bernus;
312 2091 356 2118 hic
369 2099 385 2118 a
401 2090 602 2127 Septentrione,
612 2093 657 2121 ille
672 2093 706 2121 ab
723 2094 833 2122 Austro.
849 2094 889 2122 Ad
903 2095 952 2121 hos

212 2169 235 2185 ⁶²
252 2168 328 2196 Rom.
343 2177 363 2202 1,
377 2169 423 2197 2L

1008 1542 1092 1577 poiag,
1106 1542 1236 1574 ἀνατολάς
1251 1551 1280 1569 τε
1295 1543 1341 1569 καὶ
1355 1542 1453 1576 δύσεις.

1040 1633 1216 1670 Σφαιροειδὴς
1242 1632 1295 1669 γὰρ
1319 1633 1448 1669 ὑπάρχων
1472 1635 1486 1660 ὁ
1509 1634 1563 1666 πᾶς
1581 1634 1713 1670 οὐρανὸς,
1741 1636 1793 1662 καὶ

1005 1680 1110 1717 κέντρῳ
1137 1681 1183 1707 καὶ
1204 1680 1308 1716 σημείῳ
1331 1681 1390 1706 κατ’
1411 1681 1508 1712 αὐτοὺς
1526 1683 1559 1716 τῇ
1581 1683 1616 1717 γῇ
1638 1681 1790 1717 χρώμενος,

1006 1726 1049 1753 διὰ
1061 1727 1090 1752 τὸ
1102 1726 1190 1757 πάσας
1209 1726 1261 1752 ἀπὸ
1276 1726 1324 1761 τῆς
1342 1727 1518 1762 περιφερείας
1531 1727 1584 1762 (50)
1605 1727 1661 1758 τὰς·
1671 1735 1790 1762 προσπι-

1008 1773 1126 1804 πτούσας
1153 1772 1257 1804 εὐθείας
1279 1773 1324 1799 ἐπὶ
1339 1772 1387 1808 τὴν
1405 1773 1457 1808 γῆν
1476 1774 1535 1805 ῐσας
1556 1774 1684 1809 ἀλλήλαις
1706 1772 1788 1805 εἶναι,

1009 1821 1062 1847 ἀπὸ
1075 1819 1129 1846 τῶν
1147 1819 1326 1854 περιεχόντων
1342 1819 1422 1846 αὐτὸν
1446 1820 1587 1855 διακρατεῖ
1610 1820 1716 1846 κύκλων
1727 1829 1733 1835 ·
1750 1818 1790 1848 ὧν

1010 1863 1110 1900 μείζων
1139 1864 1186 1899 μὲν
1208 1865 1222 1890 ό
1249 1864 1430 1900 μεσημερινδς
1451 1864 1540 1891 δοκεῖ·
1559 1865 1606 1891 καὶ
1627 1865 1749 1901 δεύτερος
1774 1867 1790 1892 ὁ

1006 1912 1046 1942 είς
1063 1910 1108 1936 ἴσα
1121 1910 1225 1944 τέμνων
1244 1909 1323 1945 μέρη,
1339 1902 1504 1944 καλούμενος
1520 1911 1618 1946 ὁρίζων
1629 1919 1636 1926 ’
1653 1912 1744 1946 τρίτος
1759 1912 1789 1938 δὲ

1007 1957 1022 1983 ὀ
1040 1957 1150 1988 τούτους
1170 1955 1326 1990 ὲπιδιαιρῶν
1346 1955 1514 1991 ἰσημερινός·
1538 1957 1603 1991 παρ’
1624 1957 1740 1992 ἑκάτερα
1760 1957 1790 1983 δὲ

1007 2002 1101 2029 τούτου
1125 2002 1248 2037 τροπικοὶ
1265 2001 1321 2033 δύο,
1337 2001 1440 2037 θερινὸς
1459 2001 1506 2027 καὶ
1520 2002 1688 2037 χειμερινός“
1710 2002 1757 2028 καὶ
1774 2004 1790 2029 ὁ

1009 2048 1057 2083 μὲν
1080 2047 1148 2082 πρὸς
1170 2048 1225 2078 τοῖς
1241 2046 1371 2081 ἀρκτίοις,
1384 2047 1398 2072 ὁ
1418 2046 1447 2072 δὲ
1460 2046 1528 2081 πρὸς
1551 2047 1606 2077 τοῖς
1621 2047 1718 2078 νοτίοις
1741 2048 1791 2083 μὲ-

1008 2101 1075 2128 ρεσι.
1085 2092 1192 2119 Τούτων
1201 2093 1214 2119 ὁ
1224 2091 1368 2127 λεγόμενος
1375 2091 1455 2124 ἄξων,
1465 2091 1529 2126 περὶ
1541 2091 1570 2118 ὃν
1583 2091 1614 2118 αἵ
1624 2100 1652 2118 τε
1664 2093 1788 2128 Ἀρκτοι,

177 2228 249 2264 enim
258 2232 334 2264 certe
350 2236 446 2257 sensus
460 2229 588 2264 postulat,
601 2227 776 2264 habebatque
785 2226 846 2255 Vat.
860 2230 886 2264 et
899 2231 957 2254 red-
972 2234 994 2264 ο
1007 2228 1180 2264 συνέστηκεν,
1197 2228 1231 2256 ad
1250 2229 1364 2264 alterum
1377 2227 1448 2263 quod
1463 2235 1527 2264 mox
1541 2227 1789 2264 subsequitur,»in-

177 2263 245 2290 didit
258 2263 410 2296 Possinius,
428 2262 480 2292 etsi
496 2265 576 2298 longo
592 2263 737 2290 verborum
754 2262 953 2294 circumductu,

177 2299 246 2325 nihil
260 2299 320 2334 ipso
334 2300 499 2327 necessario.
517 2298 695 2334 Allatiorvero
713 2298 759 2334 qui
773 2298 903 2333 γηγενοῦς
918 2299 955 2324 Ie-

197 2337 233 2368 at.
245 2333 304 2359 ἀντὶ
314 2333 361 2360 τοῦ
371 2334 495 2368 γηγενές,
508 2333 662 2361 contrarius
676 2333 786 2360 omnino
796 2340 892 2360 Sensus
902 2337 954 2365 est,

209 2368 254 2394 iliil
264 2376 350 2395 rerum
359 2368 500 2396 caelestium
514 2368 622 2395 terrenis
635 2376 689 2395 esse
703 2369 841 2402 pretiosius
850 2373 895 2394 aut
906 2376 956 2394 an-

179 2404 292 2437 tiquius;
309 2405 381 2438 quod
399 2404 491 2431 nescio
507 2411 541 2430 an
559 2403 604 2430 ulli
620 2404 758 2437 sapientiae
774 2402 852 2429 laude
865 2403 955 2436 aliqum

178 2438 280 2466 Grmcis
295 2439 431 2466 celebrato
448 2439 476 2465 in
497 2443 614 2465 mentem
636 2439 748 2469 venerit,
766 2442 812 2464 aut
831 2438 867 2464 ita
885 2438 955 2464 scri-

197 2474 272 2500 serit.
286 2474 366 2501 Certe
379 2482 433 2501 non
445 2473 560 2505 Platoni,
576 2481 630 2500 non
643 2473 779 2500 Aristoteli
793 2473 886 2499 aliisve
899 2473 956 2506 phi-

189 2509 318 2542 osophis;
334 2517 383 2536 nec
398 2517 447 2543 par
468 2508 584 2539 videtur,
603 2508 654 2535 levi
679 2509 720 2535 vel
744 2507 890 2542 antiquarii
912 2508 953 2534 vel

176 2544 356 2571 exscribeutis
372 2542 459 2578 lapsu,
477 2548 523 2570 aut
539 2543 617 2570 etiam
632 2542 739 2570 fallente
755 2543 843 2573 oculo,
857 2543 883 2569 in
898 2546 952 2578 tam

178 2578 256 2604 devia
267 2577 441 2613 interpretem
456 2579 508 2612 agi,
524 2584 570 2604 aut
581 2586 611 2605 ea
622 2578 727 2613 magnis
735 2578 860 2604 Patribus
872 2577 955 2603 ascri-

179 2613 241 2640 bere
256 2621 315 2648 qme
328 2612 406 2640 nemo
417 2620 490 2641 sana
500 2614 598 2640 mentis
613 2612 795 2640 somniaverit.
808 2612 951 2639 Conueris.

212 2647 272 2683 (ξω
291 2649 321 2673 Ὃ
337 2647 375 2681 δὴ
392 2649 510 2683 κύκλος,
525 2657 551 2675 κ.
565 2657 590 2675 τ.
603 2647 627 2675 λ.
650 2648 777 2683 Supplcla
799 2648 842 2674 hic
860 2648 953 2673 mutila

177 2690 210 2709 ex
225 2682 338 2710 Leontio
354 2687 380 2710 et
391 2682 494 2710 Joanne
508 2683 602 2710 Rerum
619 2682 755 2710 sacrarum
772 2683 817 2709 lib.
836 2690 862 2708 ιι.
883 2683 954 2708 Alla-

178 2718 231 2754 tius
242 2722 267 2744 et
276 2717 416 2746 Possinius
425 2726 458 2746 ex
469 2718 615 2754 cod.7Vat.,
628 2719 787 2754 περιφέρεια
796 2717 952 2754 συνέστηκε,

178 2753 264 2789 καὶτὸ
277 2753 334 2779 κατ’
351 2754 433 2789 αὐτὴν
446 2754 520 2789 χάος.
532 2753 664 2780 Nimirum
679 2753 806 2780 librarius
821 2753 893 2778 illius
907 2760 953 2789 eo-

178 2787 247 2816 dicis
261 2787 421 2824 exscriplor,
440 2787 534 2816 oeulos
554 2794 713 2816 convertens
734 2798 748 2814 ιι
764 2789 854 2823 priore
871 2787 952 2813 vcrLo

1007 2262 1136 2290 lci-media
1150 2264 1287 2298 praeteriit.
1304 2262 1430 2298 Idemque
1444 2263 1538 2290 vitium
1556 2263 1583 2290 in
1598 2263 1718 2290 codicem
1731 2262 1788 2289 Ma-

1005 2299 1175 2325 zarmlanum
1200 2299 1341 2333 irrepsisse
1363 2299 1470 2325 videtur
1486 2307 1491 2325 :
1507 2306 1594 2333 neque
1615 2298 1687 2325 enim
1705 2298 1790 2333 hujus

1005 2333 1162 2360 omissionis
1173 2332 1295 2360 meminit
1309 2333 1397 2360 editor
1413 2332 1559 2368 Lupareus}
1573 2333 1612 2360 in.

1041 2368 1097 2403 ('50)
1118 2368 1184 2394 Ἀπὸ
1195 2367 1248 2401 τῆς
1258 2367 1461 2402 περιφερείαςξ
1469 2368 1500 2394 Et
1510 2369 1552 2395 hic
1567 2368 1733 2403 ineptissime
1744 2377 1789 2395 πε-

1007 2404 1120 2438 ριιρορᾶς
1135 2408 1203 2434 erat,
1220 2403 1339 2437 mihique
1357 2404 1515 2430 mutandum
1527 2404 1642 2430 indulsi:
1658 2403 1789 2438 graviori-

1006 2446 1058 2472 que
1068 2438 1286 2474 mendoAllatius
1299 2438 1388 2470 πάσας
1402 2439 1450 2471 τὰς
1461 2438 1620 2474 περιφοράς,
1633 2438 1703 2474 δίενεί
1715 2446 1790 2473 περι-

1007 2473 1087 2507 φοραί
1103 2473 1179 2499 linere
1191 2477 1293 2504 essent,
1307 2481 1366 2508 quae
1378 2475 1417 2500 sic
1431 2473 1511 2501 recta:
1524 2473 1641 2508 mqiiales
1654 2473 1719 2505 sint,
1734 2481 1788 2500 non

1006 2508 1153 2534 circulares
1170 2509 1219 2542 ips:
1233 2514 1322 2536 motus
1334 2513 1360 2536 et
1376 2509 1500 2536 lationes.
1520 2508 1558 2535 Ex
1573 2516 1605 2535 e0
1620 2508 1702 2542 igitur
1716 2508 1788 2542 quod

1007 2543 1048 2581 sic
1063 2543 1137 2581 circa
1154 2547 1252 2581 terram
1263 2549 1296 2581 _ut
1313 2549 1434 2570 centrum
1450 2544 1547 2581 coelum
1560 2551 1646 2581 _om_r_ic
1661 2544 1787 2574 volvitur,

1006 2577 1185 2613 cujusincam
1198 2577 1226 2604 u'l.
1236 2579 1270 2605 ad
1285 2584 1408 2606 centrum
1418 2580 1534 2613 aequales
1545 2579 1599 2605 sint
1609 2579 1694 2609 lineae.
1708 2582 1789 2612 atque

1006 2613 1074 2639 adeo
1087 2612 1244 2650 inﬂuentiw,
1256 2613 1314 2650 ἀπὸ
1327 2614 1380 2640 τῶν
1396 2612 1574 2650 περιεχόντων
1586 2613 1665 2650 αὑτὸν
1675 2613 1788 2650 διακρα-

1006 2649 1048 2674 τεῖ
1061 2647 1165 2688 κύκλων
1181 2648 1263 2688 (quod
1278 2649 1367 2688 ipsum
1378 2649 1412 2688 ita
1427 2647 1646 2688 emendavi-61:6)
1662 2647 1786 2688 continet,

1007 2683 1170 2715 dominatur,
1183 2682 1327 2716 iuﬂuentiis
1339 2684 1413 2718 regit,
1425 2693 1440 2709 a
1451 2683 1557 2709 circulis
1572 2683 1656 2716 ipsum
1672 2682 1789 2708 anibien-

1006 2719 1095 2745 tibus:
1110 2725 1169 2752 quae
1187 2717 1438 2745 mathematicorum
1458 2718 1581 2745 doctrina
1606 2722 1660 2744 tam
1684 2717 1789 2744 erudite

1007 2753 1142 2780 Methodio
1161 2754 1304 2787 explicata,
1329 2761 1410 2788 quam
1437 2754 1536 2781 misere
1551 2752 1682 2780 Vaticano
1704 2753 1788 2779 inter-

1006 2788 1073 2823 preti
1089 2789 1234 2823 discerpta.
1256 2789 1291 2815 Ιι).
1792 2795 1799 2818 l

1802 2829 1807 2840 l
