1919 3075
97 161 172 187 £329

835 160 867 188 IN
888 159 1012 188 ISAIAM.

1654 151 1720 177 1330

136 218 317 253 Σημειωτεον,
335 218 372 250 ὼς
387 220 414 245 ὲν
433 220 464 254 τῇ
493 219 659 254 προκειμένῃ
683 219 787 254 ἱστορίᾳ
799 217 843 244 ’λὲν
857 220 890 254 τῇ

975 217 1040 244 CAP.
1058 213 1201 245 XXXVIII,
1220 213 1302 240 Vens.
1321 213 1346 244 ί,
1365 211 1391 238 2.
1419 209 1568 237 Notandum
1587 213 1628 236 est
1649 213 1678 235 ut
1694 209 1722 236 in

98 263 187 298 βίϐλῳ
209 264 264 290 τῶν
295 265 539 300 Παραλειπομένων
564 265 709 301 δεδήλωται
726 284 732 291 .
749 285 755 291 .
770 284 776 291 .
791 264 886 300 ἀρθέν‹

94 318 148 341 τος
162 310 209 336 καὶ
224 309 421 345 ὑψηλαυχενίαν
445 312 606 347 νοσήσαντος
621 318 627 325 ·
653 311 805 348 γέγραπται
817 311 885 347 γάρ’

101 363 112 379 ι
141 354 324 390 Ἐταπεινώθη
345 355 469 388 Ἐζεκίας
499 357 554 383 ἀπὸ
582 356 629 383 τοῦ
644 356 726 391 ὕψους
746 357 796 393 τῆς
821 365 889 392 καρ-

96 398 163 430 δίας
176 398 292 426 αὐτοῦ...
305 409 314 426 ι
325 400 387 427 νοῦν
394 401 531 432 λαϐόντος·
547 402 588 427 ὅτι
601 401 632 437 δὴ
644 402 744 434 ἐκεῖνός
759 403 826 428 ἐστι·
842 402 889 428 καὶ

98 446 144 476 εις
165 445 259 471 ἑαυτὸν
285 445 320 472 τὰ
336 467 342 473 .
355 467 361 474 .
375 467 381 473 .
411 446 540 481 ἀγγελίας
560 448 752 483 περιστήσεται
775 447 824 479 τὰς
849 447 888 479 εἰς

98 491 149 518 τὸν
163 492 275 527 Σωτῆρα
288 493 304 527 ή
310 491 367 528 μῶν
390 492 490 528 προλεχ
510 491 627 528 [θείσας]
638 500 645 508 ·
669 492 715 519 τοῦ
731 492 786 527 γὰρ
803 493 890 527 Ἀχαζ

99 536 207 571 πατρὸς
220 535 301 563 αὑτοῦ
314 536 502 571 διαδεξαμένου
513 536 560 572 τὴν
572 537 794 573 προφητείαν,τὺ,
805 547 813 563 t
825 538 889 565 Ἰδοὺ

99 583 119 618 ὴ
135 581 269 617 παρθένος
285 583 313 609 ὲν
327 583 425 617 γαστρὶ
437 582 567 618 λήψεται,
594 583 641 609 καὶ
663 582 770 616 τέξεται
784 583 857 609 υἱόν·
878 592 887 609 ›

98 627 244 662 τεχθέντος
263 627 292 653 δὲ
308 627 401 654 τούτου
422 627 491 663 μετὰ
517 628 567 664 τὴν
596 629 762 664 προφητείαν
775 648 782 661 ,
811 628 891 664 ἔμενε

99 672 176 699 τοῦτ’
192 672 260 708 ἔχων
274 673 342 699 κατὰ
355 673 472 700 διάνοιαν
492 675 533 708 ἐφ’
548 674 644 700 ἑαυτοῦ
658 694 665 706 ,
696 675 763 710 μήτε
792 675 891 710 γάμοις

101 717 208 753 ὁμιλῶν
233 718 279 744 καὶ
303 718 453 754 παρθενίαν
478 719 569 746 ἀσκῶν
583 729 589 734 -
619 720 656 751 ὡς
675 719 706 756 δὴ
727 721 773 746 καὶ
796 720 826 747 τδ
841 728 890 756 ση-

104 764 184 798 μεῖον
198 762 248 798 τῆς
266 763 396 795 πτώσεως
410 764 463 791 τῶν
479 767 536 800 ρπε¹
553 764 678 800 χιλιάδων
692 765 822 799 ἐγεγόνει,
843 765 891 801 τὴν

102 808 205 835 ἑαυτοῦ
221 809 383 844 κηδεμονίαν
404 810 626 846 ἐπιδεικνυμένου
640 811 687 837 τοῦ
710 811 795 843 Θεοῦ,
812 810 891 846 ἔμενέ

101 861 136 879 τε
154 852 335 888 ἀπολέμητος,
358 854 543 889 τροπουμένω)
569 855 615 882 τοῦ
642 855 710 882 Θεοῦ
726 856 790 888 τοὺς
813 857 892 883 ἐναν-

938 263 987 290 hac
1009 262 1122 289 historia
1148 267 1208 295 quae
1233 259 1303 286 libro
1325 256 1550 291 Paralipomenon
1575 255 1595 270 “
1623 262 1723 282 narra-

939 313 983 336 tur
1004 308 1076 344 (5)...
1097 306 1272 342 superbiente
1294 307 1321 331 et
1342 302 1505 330 insolentius
1529 308 1559 328 se
1582 300 1719 328 eIl'erente.

940 353 1077 389 Scriptum
1101 356 1143 380 est
1164 352 1236 378 enim
1251 359 1258 377 :
1275 359 1284 375 ι
1303 348 1468 375 Humiliatus
1491 350 1534 374 est
1559 345 1671 373 Ezecias
1689 345 1723 372 ab

939 400 1082 427 altitudine
1103 398 1194 426 cordis
1216 396 1259 424 sui
1286 396 1342 423 “...
1367 404 1376 421 ι
1401 394 1538 429 cogitante
1565 401 1572 419 :
1593 399 1623 419 se
1645 391 1722 418 Chri-

939 452 1011 474 stum
1028 453 1099 477 esse,
1121 443 1154 471 ad
1175 443 1264 478 ipsum
1282 444 1406 477 spectare
1427 439 1556 466 vaticinia
1571 437 1605 465 de
1628 437 1723 464 Salva-

940 497 1001 520 tore
1016 491 1130 526 prolata.
1150 489 1218 517 Cum
1239 487 1311 516 enim
1327 491 1405 522 pater
1418 485 1477 521 ejus
1499 484 1590 511 Acha:
1607 482 1723 518 prophe-

939 537 1005 564 tiam
1017 536 1091 563 illam
1107 534 1240 562 audiisset
1257 543 1262 560 :
1283 541 1293 559 ι
1315 531 1386 559 Ecce
1399 531 1476 565 virgo
1497 530 1525 558 in
1540 533 1617 556 utero
1631 528 1724 555 conci~

941 582 997 618 plet
1018 586 1045 610 et
1061 581 1147 616 pariet
1163 579 1288 612 filium“,
1308 587 1318 605 ι
1343 581 1423 605 natus
1441 575 1553 603 Ezecias
1578 578 1640 609 post
1662 581 1721 601 eam

940 628 1111 664 prophetiam
1135 627 1267 661 innuptus
1289 623 1420 652 remansit
1435 626 1462 650 et
1477 620 1625 657 virginitati
1648 619 1724 647 dedi—

942 681 997 708 tus.
1014 675 1087 711 quod
1103 675 1181 702 istam
1197 673 1230 701 de
1255 672 1403 706 semetipso
1415 669 1593 706 profitebatur
1615 671 1724 695 senten-

942 724 1018 750 tiam.
1038 721 1090 749 Ubi
1115 725 1206 748 autem
1226 719 1335 754 signum
1354 717 1471 752 accepit,
1491 715 1596 743 cladem
1615 717 1723 741 centum

942 767 1080 802 octoginta
1104 766 1225 801 quinque
1249 764 1365 791 millium
1378 763 1411 795 ¹³,
1440 762 1494 789 Deo
1517 761 1603 796 ipsius
1631 766 1724 786 curam

942 815 1062 848 gerente,
1076 816 1103 839 et
1117 811 1214 838 bellica
1230 809 1351 845 pericula
1368 808 1496 836 facillime
1510 807 1615 841 eIlugit,
1632 806 1724 833 hostes

945 859 1055 894 fugante
1084 857 1148 889 Deo,
1171 855 1357 884 confirmatior
1377 854 1458 882 etiam
1486 854 1514 880 in
1538 860 1569 880 ea
1592 850 1725 879 sententia

103 898 192 931 τίους,
214 899 313 935 μᾶλλον
326 900 360 928 τὰ
374 900 425 935 τῆς
442 900 567 933 ὑπονοίας
586 902 685 938 ἐκύρου
707 902 771 938 παρ’
785 902 890 938 ἐαυτῷ,

948 904 1032 932 factus
1060 907 1112 935 est,
1141 910 1171 930 se
1198 904 1384 936 exspectatum
1419 899 1495 926 illum
1527 906 1588 926 esse
1627 898 1722 925 Deum.

103 945 145 976 ὠς
161 945 194 972 ἂν
213 946 315 978 ἐκεῖνος
329 945 367 973 ὣν
383 947 397 973 ὁ
413 947 636 983 προσδοκώμενος
649 948 715 980 Θεὸς
725 956 731 963 ·
755 947 844 975 τοίνυν
863 948 894 981 ἐξ

103 987 144 1018 ὧν
158 991 211 1018 ἔδει
228 991 354 1027 μάλιστα,
378 993 552 1029 ἐπανήγαγεν
571 993 652 1021 αὑτὸν
676 995 716 1025 είς
729 994 818 1030 νῆψιν,
846 996 893 1022 καὶ

105 1038 165 1068 τοῖς
178 1037 227 1072 τῆς
239 1037 346 1072 φύσεως
361 1039 561 1075 συμπτώμασιν
581 1040 714 1076 ἐκέχρητο
730 1041 789 1068 κατ’
811 1041 893 1068 αὑτοῦ

107 1084 150 1115 εἰς
167 1085 370 1120 σωφρονισμὸν·
388 1085 589 1121 μαλακισθῆναι
603 1086 657 1122 γὰρ
671 1086 752 1113 αὐτὸν
779 1086 894 1122 συνεχώ-

108 1138 164 1164 ρει,
179 1131 226 1157 καὶ
249 1130 294 1158 τὸν
314 1131 381 1158 πόδα
394 1131 540 1166 ὑπομένειν
560 1132 645 1167 σῆψιν
667 1132 714 1159 καὶ
732 1131 820 1168 λώϐην
845 1133 894 1158 αὺ-

106 1177 155 1204 τὸν
173 1177 342 1213 ἐκδέχεσθαι.
363 1179 391 1205 '0
407 1179 495 1205 τοίνυν
521 1179 665 1214 μακάριος,
684 1180 724 1210 είς
748 1179 824 1206 νόσον
845 1179 894 1214 τὴν

108 1223 304 1259 προλεχθεῖσαν
320 1224 527 1260 καταστρέψας,
545 1225 652 1260 ἐδέχετο
663 1224 707 1251 διὰ
719 1224 764 1251 τοῦ
788 1227 894 1261 προφή-

107 1277 157 1295 του
181 1269 292 1295 Ἡσαΐου
307 1269 459 1304 πρόρρησιν
485 1269 548 1304 περὶ
561 1268 609 1295 τοῦ
626 1267 830 1303 καταλήψεσθαι
844 1269 894 1295 αὺ-

106 1315 156 1343 τὸν
179 1314 322 1350 μέλλοντος
335 1314 450 1342 θανάτου
464 1322 472 1331 ·
486 1315 532 1342 καὶ
547 1316 587 1347 εἰς
606 1315 778 1350 συναίσθησιν
799 1314 893 1346 ἐλθὼν,

106 1360 158 1387 καὶ
179 1359 223 1386 διὰ
239 1359 292 1386 τῶν
311 1359 404 1386 παθῶν
420 1359 461 1391 εἰς
482 1359 645 1394 κατανόησιν
665 1358 716 1393 τῆς
730 1357 826 1384 ἑαυτοῦ
844 1357 894 1392 φύ-

109 1415 181 1438 σεως
208 1405 340 1441 ὲναχθεὶς,
358 1414 367 1431 ι
388 1404 516 1437 Διάταξαι
542 1405 605 1440 περὶ¹
631 1403 678 1431 τοῦ
695 1403 770 1431 οἴκου
801 1412 847 1430 σου
860 1423 868 1436 ,
883 1413 893 1429 ι

107 1453 238 1488 ἦκουσεν,
256 1452 293 1483 ὡς
315 1452 351 1487 μὴ
363 1451 470 1486 ἔχοντος
489 1450 534 1477 τὸν
553 1450 737 1485 διαδεξόμενον
754 1449 803 1485 τὴν
820 1449 896 1485 βασι-

108 1498 204 1531 λείαν,
224 1498 270 1524 ἐπὶ
286 1497 315 1524 τὸ
338 1497 482 1532 φάρμακον
512 1497 562 1532 τῆς
592 1497 735 1532 μετανοίας
756 1496 895 1532 ἐτρέπετο.

108 1543 289 1579 Περιστείλας
310 1543 364 1578 γὰρ
381 1543 430 1575 τὰς
444 1542 540 1569 ἑαυτοῦ
568 1542 708 1578 αἰσθήσεις
728 1542 782 1569 τῶν
804 1550 897 1577 περιτ-

109 1589 167 1616 τῶν
185 1589 349 1624 φαντασιῶν,
376 1590 424 1616 καὶ
437 1589 531 1625 ὥσπερ
548 1589 715 1625 είσοικισμὺν
736 1588 833 1615 ἑαυτοῦ
853 1597 898 1615 κα-

110 1637 268 1669 τακλείσας,
286 1637 403 1673 στρέψας
414 1646 443 1664 τε
461 1637 491 1663 τὸ
515 1637 658 1672 πρόσωπον
675 1637 721 1663 ἐπὶ
738 1636 783 1663 τὸν
799 1637 897 1671 τοῖχον,

111 1683 208 1718 καιρὸν
224 1683 307 1710 ἐδίδου
324 1684 356 1718 τῇ
375 1682 470 1709 ἑαυτοῦ
486 1682 557 1718 ψυχῇ
579 1683 772 1718 έπανατρέχειν
790 1682 835 1708 ἐπὶ
853 1681 899 1708 τὺν

111 1729 213 1764 ἑαυτῆς
235 1729 388 1764 Δεσπότην,
415 1728 463 1755 καὶ
490 1728 534 1754 διὰ
554 1727 708 1763 προσευχῆς
729 1727 899 1762 καρποῦσθαι

111 1775 163 1810 τὴν
190 1774 237 1801 τοῦ
257 1774 384 1810 σώματος
398 1775 470 1801 ἴασιν
487 1782 493 1789 ·
519 1773 596 1800 τοῦτο
618 1774 677 1800 ἀντὶ
700 1773 899 1809 δυσωπήματος

112 1820 271 1856 προσάγων,
288 1821 329 1847 ὅτι
351 1820 395 1847 Ἑν
410 1819 524 1855 ἀφελείᾳ
537 1819 624 1855 ψυχῆς
639 1819 687 1845 καὶ
707 1818 820 1854 ἀληθινῇ
834 1827 900 1854 καρ-

112 1866 159 1901 δίᾳ
183 1866 355 1901 πεπόρευμαι
375 1863 490 1892 ἐνώπιόν
519 1873 575 1891 σου.
592 1864 707 1898 Λέγεται
731 1864 778 1890 καὶ
801 1864 830 1890 ὲν
844 1865 900 1895 τοῖς

113 1911 208 1943 τόποις
219 1912 265 1938 καὶ
284 1912 376 1949 ἕτερόν
388 1921 424 1940 τι.
438 1912 478 1938 ὅτι
491 1931 499 1944 ,
519 1911 566 1938 τοῦ
583 1910 753 1946 Σολομῶντος
770 1910 900 1945 βασιλέως

114 1957 145 1984 ὲν
173 1957 256 1994 στήλῃ
279 1958 463 1993 ἑγγράψαντος
489 1957 523 1984 τὰ
547 1956 649 1992 φυσικά
679 1955 733 1983 τῶν
751 1955 900 1991 θεραπειῶν

115 2002 162 2030 τοῦ
178 2002 311 2038 σώματος,
339 2004 386 2030 καὶ
413 2003 514 2040 ταύτην
533 2003 742 2039 ἀναστήσαντας,
771 2003 786 2028 ὁ
813 2002 901 2038 μακά-

118 2055 175 2082 ριος
194 2047 326 2080 Ἐζεκίας,
351 2047 490 2079 καθελὼν,
513 2048 557 2074 Eva
587 2047 624 2083 μὴ
648 2048 662 2074 ὁ
684 2047 747 2080 λαὸς
774 2047 901 2082 ἀσχολίαν

116 2091 167 2128 ἔχῃ
191 2091 238 2119 τοῦ
256 2091 422 2127 ἀφίστασθαι
446 2092 492 2119 τοῦ
511 2091 578 2118 Θεοῦ
591 2112 598 2123 ,
617 2092 646 2119 ὲν
668 2092 707 2127 τῷ
725 2091 821 2119 ἑαυτοῦ
836 2092 902 2126 οἴκῳ

117 2139 157 2169 είς
187 2139 232 2165 τὸν
251 2140 339 2174 τοῖχον
360 2139 497 2174 ἐντίθησι·
527 2139 634 2173 λέγεται
651 2136 708 2171 οὖν,
731 2140 760 2165 ὲν
781 2137 820 2174 τῷ
835 2139 902 2165 ἀπο-

118 2184 232 2219 στρέψαι
247 2185 328 2211 αὑτὸν
352 2185 418 2220 πρὸς
439 2185 484 2212 τὸν
497 2186 596 2220 τοῖχον,
621 2185 681 2211 ἀντὶ
704 2185 901 2220 δυσωπήματος

942 949 1093 984 Aptissima
1118 948 1201 982 igitur
1219 946 1327 972 ratione
1353 951 1486 972 revocans
1509 951 1570 970 eum
1593 942 1664 969 Dens
1690 941 1725 968 ad

943 993 1061 1026 saniora,
1078 993 1174 1020 morbo
1208 999 1276 1019 ustts
1307 994 1359 1022 est,
1396 997 1450 1024 quo
1476 996 1539 1016 eum
1563 987 1724 1022 sapientiam

943 1039 1053 1066 doceret
1074 1048 1080 1065 :
1096 1041 1227 1073 aegrotare
1252 1044 1313 1063 eum
1332 1043 1430 1071 passus
1447 1038 1499 1066 est,
1515 1038 1541 1061 et
1567 1033 1648 1068 pedes
1677 1040 1726 1067 pu-

944 1085 1048 1113 tredine
1060 1085 1162 1116 vitiari,
1181 1088 1207 1110 et
1220 1082 1334 1111 summis
1349 1081 1421 1108 aftici
1436 1080 1614 1108 cruciatibus.
1628 1078 1726 1105 Beatus

943 1130 1025 1165 igitur
1048 1129 1158 1157 Ezecias
1179 1136 1239 1156 cum
1260 1127 1390 1162 praedicto
1413 1126 1508 1153 morbo
1531 1125 1685 1154 laboraret,
1711 1130 1726 1149 a

944 1176 1076 1211 propheta
1092 1175 1160 1203 Isaia
1181 1174 1301 1202 monitus
1323 1177 1365 1200 est
1380 1172 1413 1199 de
1435 1170 1584 1198 imminenti
1603 1170 1657 1204 jam
1674 1169 1726 1196 sibi

944 1225 1053 1255 morte;
1073 1225 1137 1248 tunc
1149 1220 1192 1248 sui
1208 1220 1335 1247 conscius
1351 1219 1452 1249 factus,
1469 1220 1496 1244 et
1511 1224 1560 1252 per
1575 1215 1683 1243 dolores
1694 1214 1727 1241 de

944 1273 1041 1295 natura
1057 1274 1106 1295 sua
1127 1266 1251 1298 edoctus,
1277 1264 1370 1292 domui
1391 1271 1447 1292 suae
1468 1262 1612 1290 consulere
1631 1261 1727 1295 jussus

945 1316 997 1342 est.
1013 1315 1039 1340 et
1055 1311 1197 1339 deﬁciente
1215 1310 1262 1346 qui
1275 1317 1389 1344 regnum
1411 1308 1573 1342 susciperet,
1587 1306 1620 1333 ad
1640 1313 1728 1332 reme-

945 1358 1019 1385 dium
1037 1357 1201 1392 pmnitentia:
1215 1356 1347 1391 confugit.
1359 1354 1425 1381 Nam
1437 1353 1586 1388 repudiatis
1602 1351 1728 1379 sensibus

945 1403 979 1431 de
992 1403 1179 1439 praestantiore
1189 1406 1286 1429 natura
1299 1406 1325 1429 et
1336 1401 1409 1428 velut
1417 1400 1492 1427 aditu
1503 1398 1535 1426 ad
1547 1406 1576 1426 se
1586 1397 1727 1428 obstricto,

946 1457 1076 1478 conversa
1098 1449 1167 1477 facie
1191 1449 1226 1476 ad
1251 1448 1397 1484 parietem,
1416 1446 1504 1474 locum
1537 1445 1610 1472 dedit
1638 1444 1730 1471 animo

947 1497 1091 1524 Dominum
1126 1503 1205 1524 suum
1227 1494 1365 1530 rogandi,
1390 1497 1418 1521 et
1442 1491 1581 1520 obtinendi
1607 1489 1729 1525 corporis

948 1543 1102 1570 sanitatem.

986 1588 1068 1615 VERS.
1083 1588 1110 1615 5.
1122 1586 1165 1613 Nil
1185 1586 1257 1613 aliud
1273 1585 1306 1612 ad
1327 1583 1489 1620 placandum
1507 1582 1589 1609 Deum
1604 1579 1729 1616 protulit,

950 1633 1002 1661 nisi
1019 1641 1025 1660 :
1041 1632 1070 1659 In
1084 1631 1257 1667 simplicitate
1271 1630 1354 1657 animi
1370 1634 1397 1656 et
1412 1629 1439 1655 in
1457 1627 1538 1654 corde
1555 1633 1620 1653 vero
1632 1625 1730 1652 ambu-

949 1679 1002 1706 lavi
1019 1685 1111 1705 coram
1129 1681 1166 1704 te.
1186 1675 1296 1711 Legitur
1308 1675 1390 1703 etiam
1410 1678 1437 1700 et
1451 1671 1536 1704 aliud,
1556 1670 1731 1705 inscripsisso

950 1724 1053 1754 scilicet
1085 1723 1259 1751 Salomonem
1285 1728 1375 1756 regem
1398 1720 1426 1746 in
1454 1719 1582 1746 columna
1610 1715 1731 1744 remedia

949 1771 1049 1807 quibus
1070 1769 1173 1798 sanitas
1192 1768 1314 1803 corporis
1337 1766 1538 1796 restitueretur,
1558 1768 1584 1791 et
1599 1770 1660 1791 eam
1681 1769 1730 1788 ex-

951 1806 1102 1850 struxisse;
1124 1814 1246 1843 eamdem
1276 1819 1340 1840 vero
1371 1815 1465 1846 postea
1487 1817 1502 1836 a
1529 1809 1607 1837 beato
1634 1806 1731 1834 Ezecia

952 1863 1036 1891 fuisse
1059 1862 1187 1893 ablatam,
1211 1867 1244 1887 ne
1267 1858 1381 1894 populus
1403 1856 1500 1884 exinde
1525 1861 1636 1882 causam
1665 1852 1732 1880 deti-

951 1908 1039 1937 ciendi
1053 1916 1068 1935 a
1082 1907 1137 1935 Deo
1149 1909 1268 1942 caperet,
1286 1909 1313 1932 et
1328 1904 1355 1930 in
1371 1903 1457 1938 ipsius
1467 1902 1546 1929 domo
1561 1901 1587 1927 in
1600 1899 1731 1935 parietem

951 1955 1129 1982 constitutam
1143 1962 1150 1987 ;
1175 1960 1238 1980 cum
1258 1951 1341 1987 igitur
1356 1949 1452 1977 faciem
1471 1947 1504 1975 ad
1520 1946 1650 1983 parietem
1665 1952 1732 1972 con—

950 2003 1079 2032 verteret,
1091 1999 1125 2026 ad
1138 1997 1299 2033 placandum
1315 1995 1398 2023 Deum
1414 1995 1547 2022 columna:
1573 1989 1732 2018 memoriam

951 2053 1080 2074 revocare
1104 2046 1180 2072 visus
1201 2048 1253 2072 est.
1275 2043 1350 2070 lianc
1373 2048 1480 2070 summo
1494 2047 1556 2067 cum
1576 2037 1666 2066 studio
1682 2044 1733 2063 au-

953 2090 1092 2118 ferendam
1107 2089 1201 2117 curavi
1216 2097 1250 2116 ne
1264 2092 1368 2124 pateret
1381 2086 1481 2122 popqu
1500 2085 1543 2112 via
1560 2084 1592 2111 ad
1610 2083 1735 2118 impieta-

953 2142 1016 2165 tem.
1048 2135 1202 2163 Notandum
1232 2142 1341 2170 quoque
1363 2134 1407 2161 hic
1434 2140 1487 2160 una
1509 2139 1577 2159 voce
1601 2128 1734 2157 Hebraica

954 2182 1085 2217 parietem
1110 2184 1137 2208 et
1163 2181 1319 2208 columnam
1349 2179 1414 2207 dici.
1442 2179 1546 2206 Idcirco
1570 2175 1671 2210 optime
1697 2174 1735 2200 ita

119 2218 226 2265 εκείνην
240 2218 496 2266 προϐάλλεσθαιτὴν
517 2218 635 2266 στήλην
652 2229 712 2256 Ὀτι
729 2229 761 2264 δὴ
787 2218 895 2263 σπουδὴη

956 2235 1053 2256 sonare
1071 2229 1160 2262 potest
1183 2227 1327 2254 conversio
1342 2226 1447 2253 Eleciae
1466 2224 1499 2252 ad
1522 2223 1663 2258 parietem.
1679 2218 1735 2246 Nec

118 2275 219 2311 ἐθέμην
243 2275 345 2311 ταύτην
362 2276 519 2308 ἀνελέσθαι,
545 2276 613 2311 πρὸς
635 2276 666 2302 τὸ
685 2275 722 2311 μὴ
751 2273 819 2302 εἶναι
854 2276 904 2310 ἐμ-

118 2322 209 2349 πόδιον
232 2322 270 2358 τῷ
299 2322 354 2357 λαῷ
374 2322 421 2349 τοῦ
437 2323 478 2355 είς
493 2322 543 2358 τὴν
565 2322 718 2349 θεοσέϐειαν
736 2321 822 2348 τόνου.
849 2321 905 2347 Καὶ

957 2274 1027 2302 facta
1040 2278 1082 2302 est
1100 2274 1159 2302 sine
1175 2273 1302 2309 lacrymis
1317 2271 1472 2308 deprecatio
1490 2269 1561 2304 ejus,
1574 2267 1620 2307 sed
1637 2272 1735 2300 magna

957 2322 1108 2356 ploratione
1121 2319 1247 2356 ploravit.

117 2367 197 2394 τοῦτο
227 2356 261 2394 δὲ.
270 2356 419 2403 ἀναγκαῖον
446 2356 623 2404 μνημονεύειν
636 2388 643 2401 ,
662 2367 700 2399 ὡς
720 2367 808 2402 τοῖχος
831 2367 877 2393 καὶ
896 2366 979 2403 στήλη
995 2368 1028 2402 τῇ
1055 2367 1123 2402 αὐτῇ
1142 2367 1217 2401 φωνῇ
1241 2365 1290 2400 τῆς
1309 2362 1446 2399 Ἑϐραῖδος
1464 2361 1588 2387 λέλεκται
1601 2366 1609 2373 ·
1641 2356 1735 2390 διόπερ

121 2414 237 2449 μάλιστα
252 2415 299 2442 καὶ
315 2401 355 2447 είς
385 2401 465 2441 τοῦτο
490 2401 641 2450 εξελήςρθη,
662 2414 678 2448 ἢ
710 2414 750 2445 είς
773 2401 825 2439 τὸν
842 2401 1034 2447 τοῖχονγαίιτοῦ
1055 2401 1233 2447 ἀποστροφή·
1252 2410 1301 2445 τὴν
1323 2408 1350 2434 δὲ
1375 2405 1528 2442 προσευχὴν
1553 2403 1668 2430 ἐποιεῖτο
1685 2401 1735 2427 οὒκ

119 2461 184 2487 ἀνευ
211 2461 346 2497 δακρύων,
370 2460 437 2487 ἀλλὰ
456 2460 504 2486 καὶ
519 2459 624 2487 πολλῶν
637 2459 748 2486 τούτων.

156 2506 242 2542 Ὕψος
257 2507 368 2543 ἡμερῶν
394 2507 468 2541 λέγει
490 2507 539 2541 τὴν
553 2505 732 2541 ἐγγενομένην
754 2506 788 2540 τῇ
802 2504 904 2539 διανοίᾳ

121 2552 203 2579 αὑτοῦ
220 2553 427 2588 ὑψηλαυχενίαν,
456 2553 501 2587 ὑφ’
527 2551 560 2588 ἧς
584 2552 774 2587 συνεχόμενος,
792 2550 904 2586 ἔμελλον

120 2597 169 2633 τὴν
180 2598 298 2633 ἐμαυτοῦ
311 2598 383 2634 ζωὴν
393 2598 600 2634 ὑποτέμνεσθαι·
614 2598 698 2625 ταῦτα
708 2597 810 2625 διανοού
815 2605 904 2633 μενος,

121 2643 181 2670 οὐδὲ
196 2644 250 2680 γὰρ
268 2645 297 2671 ὲν
321 2646 356 2680 γῇ
377 2643 484 2677 ζώντων
509 2644 621 2680 ήλπιζον
644 2644 755 2679 ὄψεσθαι
770 2643 801 2670 τὺ
817 2643 905 2678 σωτὴ-

123 2698 179 2724 ριον
202 2689 248 2716 τοῦ
272 2690 340 2717 Θεοῦ
353 2710 360 2721 ,
385 2689 521 2724 ἐλεγχθεὶς
543 2689 589 2715 ἐπὶ
605 2691 636 2724 τῇ
663 2689 851 2724 καταλαϐούσῃ
865 2689 906 2722 ’με

158 2770 177 2784 ¹⁰
191 2769 210 2796 Il
227 2769 344 2804 Paralip.
360 2778 445 2802 xxx”,
461 2768 496 2796 24
512 2777 572 2804 ειμι.

157 2846 194 2877 (Si)
225 2846 340 2873 Lacnnze
359 2847 453 2874 breves
465 2847 492 2874 in
504 2846 606 2874 codice.

613 2769 632 2784 ”
645 2769 709 2797 ibid.
722 2769 767 2797 26.
808 2769 828 2784 ¹¹
841 2769 890 2796 lsa.
909 2775 955 2795 vn.
977 2767 1016 2794 Ii.

993 2501 1075 2530 Vens.
1094 2501 1188 2529 10-19..
1211 2499 1354 2526 Excelsum
1367 2496 1472 2524 dierum
1492 2498 1571 2521 vocat
1582 2492 1736 2528 superbiam

957 2556 1010 2585 qua
1036 2556 1114 2576 mens
1137 2547 1199 2582 ejus
1224 2545 1396 2576 etl'erebatur,
1418 2549 1471 2577 qua
1492 2541 1601 2568 inflatus
1624 2543 1737 2566 mortem

957 2595 1010 2623 sibi
1031 2596 1228 2630 promeruerat.
1242 2591 1305 2619 Hzec
1320 2597 1412 2619 secum
1425 2587 1561 2624 reputavit
1580 2596 1586 2612 :
1603 2586 1658 2621 jam
1683 2592 1739 2611 non

957 2629 1105 2676 miliiispes
1119 2640 1237 2668 salutare
1256 2638 1302 2665 Dei
1330 2637 1357 2664 in
1372 2640 1443 2663 terra
1456 2633 1603 2661 viventium
1618 2629 1737 2660 videndi.

958 2687 1075 2715 amentia
1105 2691 1184 2721 capto
1218 2689 1244 2713 et
1269 2684 1414 2711 convicto-
1445 2682 1492 2710 sed
1519 2685 1545 2708 et
1566 2680 1649 2706 vitam
1672 2676 1738 2704 mihi

1058 2767 1077 2781 ’³
1090 2765 1120 2792 ιι·
1138 2765 1203 2799 ιιι-ς.
1221 2773 1274 2795 xu,
1295 2765 1338 2791 55.
