1919 3075
196 127 264 156 l33l~
804 123 954 151 TllEODO!

1061 123 1256 152 iACLEENSlS
1746 126 1819 154 153⁷2

194 194 314 221 auteres,
334 187 417 214 exitio
431 188 460 213 et
471 185 552 212 morti
565 184 684 215 addicto,
698 183 765 210 fabri
786 183 820 209 ad
836 183 952 218 exempla

1059 183 1204 220 ,κοϐουλίᾳ-
1232 184 1299 211 ἀλλὰ
1326 185 1372 211 καὶ
1397 184 1498 220 ταύτης.
1517 185 1566 220 τῆς
1585 184 1658 220 ζωῆς
1677 185 1817 221 στερηθή-

193 233 400 261 tabernaculum
426 231 542 267 ﬁgentis,
573 233 600 257 et
627 237 691 257 mox
729 229 881 262 solventis;
910 236 951 255 nat

1064 229 1121 255 σθαι
1148 230 1188 261 εἰς
1212 229 1349 257 ἀπώλειαν
1374 231 1422 258 καὶ
1436 232 1572 267 ἀναίρεσίν
1589 241 1639 267 μου
1661 233 1822 268 καταστρέ-

194 281 230 306 ita
248 278 347 306 defecit
370 277 482 312 spiritus
507 283 584 303 meus
596 275 697 306 vitalis,
719 274 791 301 sicut
811 274 863 301 tela
882 280 897 300 a
914 280 952 300 mt

1060 283 1129 307 ιντα,
1156 275 1227 302 κατὰ
1241 276 1287 302 τὸν
1313 276 1467 312 πηξάμενον
1485 277 1533 312 μὲν
1554 277 1654 313 σκηνὴν
1670 297 1678 310 ,
1707 279 1818 304 συστεί-

192 325 258 352 liere
272 324 329 359 jam
345 322 522 351 succidenda.

1060 330 1112 348 ηντα
1129 321 1158 348 δὲ
1174 322 1258 356 αὐτὴν
1282 322 1403 357 ταχέως·
1421 323 1452 349 τὸ
1475 323 1529 359 γὰρ
1556 322 1670 354 ζωτικὸν
1703 322 1818 357 πνεῦμα

225 361 308 397 νὲἱις.
333 369 376 396 14.
399 368 505 396 ldcirco
526 367 582 402 jam
603 374 657 394 non
678 366 774 398 silebo,
796 363 974 400 benignitatis

1060 375 1112 398 τως
1139 367 1268 402 ἀφῃρεῖτο
1290 367 1339 399 τὰς
1353 367 1493 403 δυνάμεις,
1518 367 1556 399 ὡς
1583 368 1656 399 ἱστὸς
1683 367 1818 401 γυναικὸς

192 421 246 443 tua!
261 423 351 451 praeco
366 415 463 446 factus,
480 414 563 449 quasi
578 412 696 440 hirundo
707 416 734 439 et
742 412 820 447 quasi
832 410 950 438 columb:

1060 412 1204 447 τέμνεσθαι
1230 412 1342 448 μέλλων.
1372 413 1451 440 Ὅθεν
1477 414 1507 440 οὺ
1534 414 1672 449 παύσομαι
1703 414 1734 439 ἐν
1758 414 1818 445 τοῖς

191 462 322 490 continuo
339 461 554 496 magniﬁcentias
573 463 634 487 tuas
649 458 814 492 celebrabo;
828 461 857 484 tu
869 457 942 484 enim

1057 457 1095 484 ,τὰ
1121 457 1206 484 ταῦτα
1228 458 1316 494 κῆρυξ
1338 459 1387 494 τῆς
1409 459 1459 494 σῆς
1479 459 1645 494 ἀγαθότητος
1665 459 1815 493 ἐσόμενος,

191 515 234 535 me
249 508 374 542 corporis
388 507 498 534 dolores
511 506 660 539 abstulisti,
678 509 705 533 et
726 505 845 532 animam
861 502 949 530 sanita

1058 505 1095 531 :d
1117 504 1179 536 τοὺς
1190 503 1300 540 ὄρνιθας
1313 505 1362 539 τήν
1383 513 1413 531 τε
1432 504 1552 539 χελιδόνα
1569 504 1615 530 καὶ
1634 503 1816 540 περιστερὰν,

191 553 348 586 restituisti,
364 556 537 588 peccatorum
552 552 844 580 meorum'immemor.

1058 548 1171 580 ταύστως
1186 548 1221 575 τὰ
1233 549 1266 575 σὰ
1274 549 1406 584 μεγαλεῖα.
1419 548 1599 584 ἐξηγούμενος
1608 557 1616 564 ·
1630 549 1662 575 σὺ
1680 549 1737 584 γὰρ
1753 547 1780 575 εἷ
1803 551 1816 575 ὁ

190 601 236 627 καὶ
248 600 287 635 τῷ
304 600 408 635 σώματι
421 600 469 631 τὰς
482 599 576 630 ὀδύνας
588 599 689 626 παῦσαι
704 600 829 634 ποιήσας,
842 598 890 625 καὶ
904 599 937 633 τῇ
950 598 1022 633 ψυχῇ
1042 597 1113 624 ἴασιν
1126 597 1320 632 χαρισάμενος,
1333 596 1526 632 ὑπερϐεϐηκώς
1543 597 1577 623 τά
1590 596 1826 632 πλημμελήματά

211 658 250 675 Ου.

211 658 250 675 Ου.

191 658 210 684 μ
226 694 308 722 Vens.
327 695 371 723 18.
387 695 491 728 Quibus
506 695 589 723 dictis
599 701 675 730 spem
690 693 903 721 resurrectionis
923 699 949 719 nt

1059 687 1145 714 Τοῦτο
1168 688 1262 723 ἔλεγεν
1283 689 1333 715 οὐκ
1349 689 1489 715 ἐκκόπτων
1510 689 1560 724 τῆς
1571 689 1748 721 ἀναστάσεως
1766 690 1814 722 τὰς

189 747 325 775 quaquam
339 740 438 775 aufert,
452 741 573 768 declarat
587 748 651 768 vero
663 740 690 767 in
701 739 896 766 infernimorte
911 745 947 772 pe:

1058 734 1143 767 σίδας,
1161 735 1229 762 ἀλλά
1259 734 1347 770 δηλῶν
1359 755 1368 767 ,
1389 734 1427 767 ὡς
1450 735 1490 767 εἰς
1510 735 1576 771 ᾅδην
1593 735 1734 767 ἀπωλείας
1761 736 1816 762 ἀπ-

189 785 307 813 dendum
326 793 397 818 esse,
420 794 499 821 quem
526 791 555 814 tu
573 793 628 813 non
653 784 827 815 excitaveris,
851 782 896 810 cui
916 790 947 809 no

1057 780 1149 815 ήλυθε,
1171 780 1208 816 μὴ
1224 780 1300 816 παρὰ
1316 780 1362 807 σοῦ
1383 780 1546 817 ἀνακληθεὶς
1575 781 1621 808 καὶ
1636 782 1815 816 συγχώρησιν

189 832 280 859 omnia
295 832 494 859 condonaveris
508 835 630 867 peccata.

577 835 630 858 διε.
918 872 922 873 7
987 846 1008 873 Β
1024 828 1167 865 ἁμαρτιῶν
1181 830 1335 865 δεξάμενος.

223 877 308 905 Vens.
325 877 368 904 19.
385 877 556 912 Quapropter
579 876 638 911 ipse
657 882 719 910 ego,
747 873 890 910 repudiata
913 872 970 907 jam

1058 874 1148 909 Ὅθεν,
1164 875 1220 910 ἐγὼ
1242 876 1323 908 αὐτὸς
1348 876 1461 912 ἰώμενος
1480 877 1529 912 τὴν
1545 876 1684 911 σφαλερὰν
1705 875 1814 910 ἐκείνην

189 924 270 959 impia
289 924 334 950 illa
347 927 437 951 mente
447 923 474 950 in
484 923 594 958 nuptias
606 922 764 953 ardesco,et
777 920 848 948 ﬁlios
860 919 947 947 facian

1055 929 1136 954 νοιαν,
1152 922 1261 949 σπεύσω
1275 923 1323 949 καὶ
1333 922 1431 958 γάμοις
1445 923 1572 958 ὁμιλῆσαι
1589 923 1637 950 καὶ
1651 922 1813 957 παιδοποιή-

189 975 218 997 υι
229 970 362 1005 sanguine
380 977 441 997 meo
457 973 594 1001 crescant,
606 967 652 1004 qui
664 965 947 1001 annuntientjustitiat

1057 966 1129 999 σθαι,
1145 967 1213 1003 πρὸς
1228 968 1259 994 τὸ
1273 969 1320 995 καὶ
1335 968 1398 1000 τοὺς
1414 968 1444 1001 ἐξ
1462 968 1529 1004 ἐμοῦ
1543 969 1709 1004 γενομένους
1725 969 1812 1004 κήρεε

187 1021 271 1042 tuam.
1019 1022 1070 1045 κας
1081 1013 1229 1049 ἀναστῆναι
1249 1015 1298 1050 τῆς
1312 1015 1493 1052 δικαιοσύνης.

219 1061 284 1090 Car.
301 1061 356 1094 XL,
372 1061 454 1088 Vens.
467 1061 494 1088 ι.
508 1061 546 1088 De
560 1060 676 1088 vallibus
692 1060 811 1094 loquitur
822 1065 877 1085 non
891 1056 968 1092 quasi

1054 1060 1186 1094 Φάραγγα
1206 1061 1354 1096 ὲκληπτέον
1365 1083 1373 1094 ,
1395 1063 1444 1098 οὐχ
1460 1062 1497 1094 ὡς
1517 1062 1660 1097 μέλλοντος
1677 1061 1725 1088 τοῦ
1743 1061 1812 1088 Θεοῦ

187 1107 289 1134 fuerint
311 1114 326 1134 a
353 1106 467 1134 Domino
489 1105 665 1141 occupanda.
683 1104 732 1133 sed
752 1105 856 1131 animos
872 1103 945 1130 atl‘au

1055 1105 1167 1132 ιϐαίνευν
1188 1107 1295 1139 αὑταῖς,
1319 1107 1387 1135 ἀλλὰ
1409 1108 1477 1144 πρὸς
1492 1108 1542 1140 τὰς
1558 1107 1813 1144 κατορωρυγμένας

187 1151 269 1179 altius
282 1150 413 1183 effossas,
430 1155 458 1178 et
474 1150 603 1178 deorsum
623 1151 651 1177 in
668 1150 776 1178 inferno
796 1150 945 1184 jaccntesu

1054 1150 1126 1185 ηχάς,
1150 1151 1198 1178 καὶ
1217 1153 1293 1179 κάτω
1310 1161 1362 1180 που
1379 1154 1419 1185 είς
1432 1154 1477 1180 τὸν
1492 1154 1559 1190 ᾅδην
1573 1153 1716 1189 κειμένας,
1730 1162 1812 1180 τετα-

185 1197 306 1232 peccatis
319 1197 602 1232 humiliatas;quippe
615 1204 676 1232 qua;
687 1195 801 1224 funestis
809 1200 836 1223 et
849 1194 940 1237 exitia!

1055 1196 1186 1232 ινωμένας
1202 1207 1231 1225 τε
1246 1201 1306 1231 ταῖς
1327 1201 1488 1236 ἁμαρτίαις,
1508 1200 1598 1235 λέγει·
1626 1200 1729 1232 ταύτας
1759 1201 1812 1236 γὰρ

186 1243 238 1271 bus
251 1243 462 1278 cogitationibus
471 1242 600 1274 liberata,
610 1249 693 1276 super
701 1246 807 1269 montes
818 1240 943 1268 exaltand

1054 1247 1217 1283 ταλλαγείσας
1237 1247 1292 1274 τῶν
1309 1247 1437 1283 ὀλεθρίων
1457 1247 1558 1274 τούτων
1571 1248 1619 1274 καὶ
1633 1247 1812 1274 ὲπικινδιὲνων

185 1294 259 1317 sunt.
1016 1290 1152 1326 λογισμῶν
1167 1291 1236 1327 ὑπὲρ
1250 1291 1284 1318 τὰ
1297 1291 1347 1326 ὖρη
1360 1289 1550 1318 ταπεινοῦσθαι
1565 1290 1603 1325 (6)
1618 1290 1725 1326 καιρός.

221 1333 294 1362 Vens
309 1334 335 1362 8.
353 1334 508 1362 Confitetur
524 1335 569 1362 hic
596 1341 655 1374 Ipse
674 1333 816 1369 propheta.
830 1332 873 1359 vel
892 1331 972 1359 verbi.

1051 1337 1173 1371 Δεικνὺς,
1189 1337 1226 1369 ὡς
1255 1337 1302 1364 καὶ
1318 1337 1398 1369 αὐτὸς
1412 1338 1427 1363 ὁ
1447 1337 1589 1372 προφήτης
1612 1337 1626 1363 ὁ
1655 1335 1809 1372 ὑπηρετού-

185 1380 319 1414 minister,
348 1387 431 1408 carne
453 1388 483 1408 se
497 1381 663 1408 obcaecatum
691 1380 822 1407 rationem
838 1378 943 1406 accedet

1053 1391 1097 1414 νος
1123 1381 1165 1417 τῷ
1197 1382 1283 1417 λόγῳ,
1306 1382 1358 1409 ὑπὸ
1385 1382 1434 1417 τῆς
1455 1381 1557 1417 σαρκὸς
1582 1382 1810 1416 ἐπισκιαζόμενος

185 1434 240 1453 non
250 1426 384 1460 potuisse.
396 1425 457 1454 Ilox
467 1426 738 1460 evanescet,adjeeit,
750 1418 839 1452 omnis
848 1425 943 1451 human

1051 1437 1062 1454 ν
1089 1428 1162 1460 νοῦν,
1193 1429 1317 1464 χωρῆσαι
1354 1429 1385 1455 οὐ
1410 1428 1569 1463 δεδύνηται·
1603 1429 1652 1454 καὶ
1682 1428 1738 1463 γὰρ
1765 1429 1809 1454 καὶ

184 1471 297 1506 opinio;
314 1471 427 1498 verbum
452 1475 543 1499 autem
563 1471 611 1499 Dei
633 1471 714 1498 linem
734 1478 872 1505 nunquam
895 1477 942 1497 aco

1050 1475 1092 1501 ίσα
1118 1475 1251 1510 ὑπόληψις
1276 1474 1433 1510 ἀνθρωπίνη
1469 1474 1572 1510 ταχέως
1592 1473 1749 1505 παύσεται,
1778 1475 1808 1499 οὐ

185 1514 252 1552 pie'l,
273 1517 322 1545 sed
335 1521 426 1545 manet
442 1517 470 1544 in
491 1512 627 1545 'azternum
652 1524 715 1545 vera
738 1525 823 1552 usque
837 1524 943 1549 praenur

1051 1530 1069 1556 ιν
1080 1521 1110 1548 τδ
1126 1521 1214 1555 λόγιον
1233 1521 1279 1548 τοῦ
1294 1520 1361 1547 Θεοῦ
1382 1521 1487 1548 παῦλαν
1509 1521 1575 1548 ποτὲ
1590 1521 1706 1556 λήψεται
1719 1529 1726 1536 ·
1741 1520 1809 1546 ἀλλα

184 1563 267 1592 tiam.
1022 1567 1094 1603 πέρα
1120 1567 1209 1599 τελεῖ,
1237 1566 1401 1603 ἀληθεύοντα
1427 1567 1475 1602 τῆς
1500 1566 1538 1602 (Ἰ)
1565 1566 1733 1600 ἐπαγγελίας
1769 1567 1809 1596 εἰς

1022 1612 1118 1640 αἰῶνα.

224 1657 306 1686 Vens.
325 1659 368 1686 12.
385 1658 461 1686 Multi
475 1659 584 1694 quidem
600 1661 675 1690 sunt,
690 1657 737 1694 qui
753 1657 786 1686 de
798 1656 910 1692 iudiciis
921 1656 968 1684 Dei

1055 1659 1126 1694 Πρὸς
1142 1659 1191 1690 τὰς
1208 1658 1237 1685 ἐν
1255 1657 1359 1694 διανοίᾳ
1373 1658 1454 1684 πάλιν
1471 1658 1566 1692 φύσεις
1584 1657 1807 1693 ἀμφισϐητήσεις

184 1704 323 1738 dubitant,
339 1709 367 1732 et
382 1705 416 1733 de
430 1704 605 1732 Providentia
620 1708 677 1731 tum
692 1711 802 1732 omnem
817 1711 908 1731 rerum
920 1711 942 1730 n:

1050 1706 1083 1741 ιρὶ
1095 1705 1150 1732 τῶν
1174 1705 1315 1741 χριμάτων
1335 1705 1445 1739 καὶτῆς
1467 1705 1595 1740 προνοίας
1611 1705 1661 1740 τῆς
1677 1705 1724 1731 τοῦ
1739 1704 1808 1731 Θεοῦ

185 1755 273 1778 turam
291 1755 346 1778 tum
364 1752 471 1787 singula
491 1759 605 1787 quaeque
632 1757 751 1786 regente,
773 1755 803 1778 et
815 1750 848 1778 de
862 1758 943 1778 sumn

1051 1751 1063 1778 k
1080 1752 1186 1778 πάντων
1206 1750 1370 1787 διηκούσης,
1398 1751 1445 1777 καὶ
1461 1750 1521 1777 καθ’
1540 1751 1588 1778 ἕνα
1603 1750 1731 1782 ἕκαστον,
1762 1751 1809 1776 καὶ

184 1797 300 1824 scientia
321 1805 401 1832 quam
417 1798 454 1824 nil
472 1798 556 1826 latere
567 1801 666 1832 potest,
685 1804 746 1832 qua:
765 1804 862 1824 omnes
878 1804 939 1824 men

1050 1797 1119 1829 ῖούκ
1144 1797 1201 1823 ἔστι
1230 1797 1284 1823 τῶν
1305 1796 1487 1823 λανθανόντων
1518 1796 1565 1822 τὸν
1579 1796 1657 1828 Θεὸν,
1675 1796 1746 1822 ἀλλὰ
1763 1795 1808 1822 διὰ.

183 1843 380 1877 complectitur.
400 1843 506 1876 Quibus
521 1843 696 1871 confutandis
707 1843 839 1878 propheta
859 1843 939 1878 singu

1048 1844 1126 1870 ἱντων
1143 1843 1317 1870 διαϐαίνουσα
1333 1844 1348 1878 ἡ
1364 1843 1412 1869 τοῦ
1428 1842 1494 1868 Θεοῦ
1509 1842 1626 1876 γνῶσις·
1643 1841 1678 1868 τὰ
1689 1842 1806 1868 ἑκάστου

184 1887 239 1915 Deo
251 1888 439 1924 investiganda
451 1896 511 1916 esse
524 1888 662 1920 declarat;
679 1895 712 1915 ex
730 1888 884 1915 visibilihus
899 1891 926 1915 et
939 1888 942 1914 i

1053 1889 1166 1925 ιχνεύειν
1187 1889 1365 1925 προῦπαντῶν
1384 1890 1398 1915 ὀ
1424 1889 1503 1923 λόγος
1520 1888 1676 1915 ἐκδιδάσκει
1688 1909 1696 1921 ,
1717 1888 1759 1915 ὅτι
1776 1889 1809 1915 ὲκ

183 1935 342 1962 universum
358 1943 373 1962 a
394 1935 487 1962 mundi
505 1934 646 1962 elementis
669 1934 744 1962 disce
764 1933 812 1961 Dei
825 1935 941 1962 virtutem

1049 1935 1070 1961 iv
1083 1934 1237 1970 ὁρωμένων,
1256 1934 1302 1961 καὶ
1321 1935 1354 1961 ὲκ
1367 1934 1421 1961 τῶν
1435 1933 1482 1960 τοῦ
1497 1933 1564 1960 Θεοῦ
1587 1933 1807 1969 καθολικώτερον

1018 1981 1156 2016 στοιχείων
1169 1980 1326 2007 ὲκδιδάσκου
1340 1980 1387 2006 τοῦ
1405 1979 1472 2007 Θεοῦ
1486 1979 1612 2015 δύναμιν.

216 2024 298 2052 Vens.
319 2025 362 2056 l6.
382 2025 425 2052 17.
449 2024 556 2053 Rursus
576 2026 697 2053 occurrit
719 2026 849 2061 propheta
872 2031 966 2054 mente

1051 2026 1135 2053 Πάλιν
1156 2026 1224 2062 πρδς
1246 2026 1309 2057 τοὺς
1339 2026 1367 2052 ἐν
1384 2025 1514 2057 διανοίαις
1536 2024 1686 2060 λογισμοὺς
1721 2033 1808 2060 προσι

181 2069 408 2105 disceptatttibus.
422 2070 510 2098 Nolite
519 2075 613 2105 putare
625 2080 674 2100 vos
686 2077 864 2100 memoratum
880 2072 936 2101 Deu

1048 2073 1122 2108 παντᾷ
1138 2073 1152 2099 ὁ
1172 2072 1251 2106 λόγος
1261 2079 1269 2088 ⁸
1293 2072 1334 2098 ὄτι
1347 2071 1437 2098 τοῦτον
1454 2071 1498 2097 τὸν
1513 2071 1579 2098 Θεὸν
1593 2071 1639 2097 τὸν
1661 2080 1806 2107 προμηνυ-

180 2124 230 2151 per
251 2116 384 2144 sacriﬁcia
402 2117 566 2152 placaturos.
580 2119 658 2153 quasi
683 2119 743 2147 istis
759 2120 782 2147 ei
798 2127 867 2154 opus
879 2127 938 2148 esse

1048 2126 1095 2144 ντα
1112 2117 1155 2143 διὰ
1167 2116 1222 2143 τῶν
1238 2115 1390 2152 εἰρημένων
1403 2117 1467 2148 ἴσως
1484 2115 1616 2150 λογιεῖσθε
1630 2116 1738 2148 θυσίαις
1764 2117 1806 2149 ἐξ·

180 2162 260 2197 cujus
271 2163 354 2190 verbo
371 2163 462 2190 omnia
484 2162 555 2191 facta
569 2170 640 2192 sunt.
663 2165 732 2192 Num
751 2175 760 2192 ι
783 2165 897 2194 suﬂiciet
919 2166 938 2193 L

1050 2163 1161 2196 εοῦσθαι,
1184 2163 1220 2198 μὴ
1243 2163 1429 2198 σκοπήσαντες
1438 2182 1445 2194 ,
1459 2163 1497 2194 ὡς
1508 2163 1558 2189 οὐκ
1569 2163 1598 2189 ἐν
1607 2163 1689 2198 χρεία
1703 2163 1808 2190 τούτων

180 2209 268 2236 banus
289 2217 298 2233 ι
325 2212 352 2236 et
376 2209 445 2236 silva
467 2217 521 2245 qua
548 2211 699 2243 obsidetur,
723 2216 770 2238 aut
796 2221 806 2237 ι
829 2212 938 2239 suﬂicict

1046 2191 1220 2244 teéemxev|,l
1236 2207 1266 2236 οὗ
1357 2191 1444 2244 λόγω,
1460 2191 1495 2236 τά
1521 2191 1804 2245 πάνταωγεγένηται·

179 2255 271 2281 omnia
294 2255 480 2290 quadrupedia
498 2256 531 2283 ad
552 2256 751 2289 holocaustum,
770 2267 779 2282 ι
802 2258 937 2285 cuicunct

1045 2255 1184 2292 ἐπαρκέσει
1213 2253 1261 2282 οὗν
1287 2255 1402 2288 Λίϐανος
1422 2265 1432 2281 ι
1451 2256 1498 2282 καὶ
1529 2257 1546 2291 ἡ
1562 2256 1591 2282 ὲν
1618 2257 1708 2292 τούτῳ
1736 2256 1803 2290 ὕλης

179 2305 284 2335 gentes,
297 2302 374 2335 juxta
387 2302 471 2336 ipsius
487 2301 611 2334 effatum,
625 2312 635 2328 ‹
649 2303 727 2338 quasi
741 2303 855 2330 nihilum
863 2307 926 2330 sunt

1046 2303 1154 2338 ἀρκέσει
1168 2302 1195 2329 δὲ
1211 2304 1251 2334 είς
1265 2302 1453 2338 ὁλοκάρπωσιν
1470 2302 1559 2329 πάντα
1572 2303 1606 2329 τὰ
1622 2303 1804 2338 τετράποδα.)

178 2346 205 2373 in
221 2346 334 2373 nihilum
352 2350 510 2374 reuula’ntur

1052 2349 1141 2376 πάντα
1163 2350 1197 2376 τὰ
1223 2349 1284 2384 ἔθνη
1311 2348 1382 2376 κατά
1411 2349 1442 2375 τὺ
1469 2349 1620 2385 ὑποϐληθὲν
1651 2349 1803 2385 ὑπόδειγμα

1015 2404 1024 2420 ι
1039 2395 1068 2426 ὃς
1084 2395 1121 2431 (8)
1137 2393 1204 2431 ἧκεν
1215 2397 1256 2427 είς·
1269 2396 1378 2430 γνῶσιν,
1400 2405 1408 2421 ι
1421 2395 1498 2422 οὐδὲν
1512 2395 1638 2431 ἐλογίσθη

211 2437 276 2465 Cu.
296 2437 362 2471 XLI,
376 2437 458 2465 Vens.
473 2439 496 2465 ί.
511 2439 623 2466 Animos
636 2439 784 2474 alloquitur
800 2440 959 2474 languentes

1049 2441 1121 2476 Πρὸς
1147 2442 1196 2473 τὰς
1218 2441 1255 2477 μὴ
1285 2442 1429 2477 ἰσχυούσας
1451 2441 1557 2473 ὀδύναις
1583 2450 1613 2468 τε
1630 2442 1803 2477 πραττούσας

176 2489 202 2510 et
219 2483 360 2510 doloribus
378 2484 502 2511 afﬂictos.
520 2484 594 2512 Licet
613 2485 684 2512 enim
711 2485 799 2519 vobis,
820 2485 866 2520 qui
883 2493 934 2521 cup

1044 2487 1101 2521 ιχάς
1123 2488 1271 2522 συμϐουλία
1304 2489 1487 2524 προσάγεται·
1515 2489 1556 2514 ὅτι
1581 2488 1668 2523 ταύτῃ
1691 2488 1802 2514 δυνατὸν

176 2530 308 2557 ditati'bus
323 2530 484 2558 insenuistis
498 2535 524 2558 et
537 2531 732 2566 voluptatibus,
743 2531 887 2566 depressas
899 2531 934 2559 ist

1043 2534 1083 2564 ιᾱς
1103 2533 1151 2565 τὰς
1166 2534 1361 2569 ἐγχρονισάσας
1385 2534 1414 2561 ὲν
1429 2535 1485 2566 τοῖς
1504 2533 1604 2560 πάθεσι
1616 2534 1662 2560 καὶ
1680 2534 1801 2560 παλαιω-

175 2576 333 2610 spirituales
350 2576 422 2603 vires
445 2576 575 2607 relevare.
590 2580 617 2603 et
639 2576 713 2603 velut
733 2580 912 2609 senectutem,
927 2586 933 2603 ι

1046 2578 1105 2610 last;
1120 2579 1149 2604 ἐν
1170 2580 1230 2610 ταῖς
1247 2579 1363 2613 ἡδοναῖς,
1385 2579 1413 2605 ἐν
1430 2587 1459 2605 τε
1474 2579 1579 2610 τούτοις
1601 2579 1802 2614 κατασυρείσας

175 2621 321 2654 deportare,
339 2629 508 2656 quaecunque
531 2622 634 2649 fuerint
650 2622 810 2650 libidinibus
832 2622 933 2649 fractat

1045 2623 1155 2650 αλαϐεῖν
1171 2623 1219 2655 τὰς
1233 2624 1337 2650 ἑαυτῶν
1364 2624 1482 2659 ψυχικὰς
1508 2625 1656 2659 δυνάμειςε
1684 2625 1733 2652 καὶ
1754 2625 1803 2651 ὦσ-

175 2673 259 2700 nrope
277 2667 412 2694 confecta.
431 2667 504 2700 Quos
524 2668 629 2695 insulas
655 2668 755 2703 optime
771 2672 869 2701 vocat;
895 2676 929 2696 na

1048 2678 1064 2704 ρ
1080 2669 1169 2705 γῆρας
1192 2670 1340 2696 ἀποθέσθαι
1363 2670 1414 2701 τὰς
1429 2671 1458 2696 ἐν
1484 2671 1541 2702 τοῖς
1561 2670 1662 2696 πάθεσι
1679 2670 1802 2697 παλαιω-

175 2711 247 2737 sicut
257 2711 363 2744 insulae,
380 2712 468 2740 medio
484 2714 511 2740 in
536 2721 610 2741 mare
624 2713 752 2741 fluctibus
769 2714 933 2742 circumlqu

1044 2716 1101 2746 ίσας
1132 2716 1176 2741 καὶ
1207 2715 1300 2751 ὥσπερ
1328 2716 1527 2752 νεκρωθείταςθ
1545 2715 1578 2747 ἃς
1596 2717 1643 2743 καὶ
1674 2717 1802 2752 νήσουςὸ

209 2788 246 2820 (6)
262 2788 356 2815 Potius
371 2790 499 2824 ἐιᾲοῦσθιι
510 2797 552 2819 aut
570 2792 745 2826 πληροῦσθαι.

209 2823 245 2851 (7)
261 2823 353 2851 Potius
368 2826 423 2851 731:.

497 2797 552 2819 .aut
570 2792 745 2826 πληροῦσθαι.
1049 2794 1086 2827 (8)
1103 2792 1181 2820 Forte
1199 2794 1255 2829 οὐχ.
