1919 3075
141 100 214 129 {333

829 107 861 134 IN
879 107 1008 137 ISAIAM.

1706 109 1771 136 ἰῦἷιΔ

139 159 221 194 λόγος
240 160 327 192 καλεῖ,
343 161 408 188 καθ’
416 162 542 197 ὁμοίωσιν
559 163 612 189 τῶν
628 164 715 199 νήσων
736 165 848 198 τούτων,
867 166 896 192 αἶ
909 167 933 192 ὲν

992 171 1045 200 tur,
1059 175 1113 195 non
1132 174 1198 195 vero
1214 167 1447 202 submerguntur;
1464 167 1500 194 ita
1517 166 1601 194 animi
1618 167 1703 194 nostri
1719 167 1773 194 hu-

142 206 220 242 μέσῳ
228 206 266 242 τῷ
275 207 539 244 πελάγειέστήκασιν
551 209 788 246 περικλυζόμεναι,
798 211 835 248 μὴ
844 212 933 247 μέντοι

139 253 425 289 καταποντιζόμεναι·
451 255 522 282 οὕτω
540 255 587 283 καὶ
604 257 632 283 αἰ
646 257 732 292 ψυχαὶ
752 258 804 285 ὑπὸ
833 258 887 285 τῶν
905 260 933 285 ὲν

138 297 183 333 τῷ
202 298 296 335 κόσμῳ
315 301 495 336 πραγμάτων,
508 301 538 328 οὺ
553 302 605 338 μὴν
625 302 692 330 ἀλλὰ
706 304 752 331 καὶ
769 305 932 340 σωματικῶν

140 342 249 377 παθῶν,
279 344 408 380 ἁλμυρῶν
423 346 520 379 ὄντων,
539 347 750 380 ὲπικλύζονται·
777 349 932 377 ἀπεκδύσα-

989 213 1076 240 manis
1092 212 1219 248 negotiis,
1238 212 1390 247 praesertim
1407 219 1472 239 vero
1492 212 1682 247 corporalibus
1694 212 1773 247 cupi-

987 259 1134 291 ditatibus,
1148 266 1210 294 quae
1224 262 1251 286 et
1272 258 1352 287 salsae
1366 261 1442 291 sunt,
1459 258 1607 293 agitantur.
1621 273 1655 278 -—
1672 257 1772 285 Eadem

988 305 1096 333 ratione
1112 305 1240 332 hortatur
1256 312 1307 332 nos
1320 303 1479 340 Apostolus,
1495 307 1525 330 ut
1547 307 1665 331 veterem
1683 302 1773 330 homi-

987 359 1049 379 nem
1069 351 1258 387 exspoliantes
1271 358 1372 378 novum
1388 350 1535 378 induamus
1548 350 1578 378 “.

141 389 207 417 σθαι
228 391 316 419 τοίνυν
330 392 431 425 ταύτας
454 393 501 420 τὸν
533 394 646 422 παλαιὸν
680 395 843 432 ἄνθρωπον,
876 399 923 425 καὶ
957 399 1117 427 ἐνδύσασθαι
1145 400 1190 427 τὸν
1221 399 1299 432 νέον,
1333 399 1380 426 καὶ
1414 400 1428 425 ὸ
1462 399 1622 431 ’Λπόστολος
1653 406 1773 426 παοακε-

140 437 263 467 λεύεται.

179 499 248 534 Περὶ
270 498 361 535 Κύρου
387 500 479 535 λέγει,
499 501 530 529 ὃν
554 498 666 536 δικαίως
692 504 823 541 ἐπήγειρε
847 506 935 533 Βαϐυ-

139 544 415 578 λῶνι.-“Υπέταξεν
430 545 505 582 αὐτῷ
521 546 646 580 πολλοὺς,
667 548 710 575 ἵνα
726 549 825 586 καθέλῃ
847 550 935 577 Βαϐυ-

142 591 219 618 λῶνα
233 590 354 623 δικαίως.

179 646 235 682 Τὴν
264 647 357 682 σχέσιν
386 648 435 684 τὴν
454 649 551 676 ἑαυτου
571 650 640 686 πρὸς
659 651 740 678 αὐτὸν
761 652 869 688 Ἰσραὴλ
889 653 934 679 τὸν

140 692 214 720 κατὰ
231 693 372 730 προκοπὴν
392 694 521 730 λεχθέντα
549 696 665 723 ἐνταῦθα
694 698 896 734 ὑπομιμνήσκει
920 700 934 726 ὁ

140 738 219 772 Θεὸς,
232 739 314 766 παῖδα
328 740 410 767 αὑτὸν
424 741 579 774 ἀποκαλῶν,
591 743 642 770 οὐκ
657 743 686 777 ἐξ
701 744 772 780 ὠνῆς
786 744 931 780 κτηθέντα,

139 785 196 811 οὐδ’
216 785 356 822 ἀλλότριον
370 788 589 824 περιποιηθέντα,
607 789 664 816 ἀλλ’
683 790 720 822 ὡς
744 791 799 817 υἰδν
814 791 867 817 ὑπὸ
879 800 932 818 πα-

1022 505 1105 534 Vsns.
1123 506 1150 533 2.
1174 506 1210 534 De
1225 505 1297 541 Cyro
1329 502 1445 541 agitui,
1457 503 1536 541 quem
1554 506 1616 541 jure
1630 503 1659 533 in
1687 503 1773 543 Baby-

986 552 1075 578 lonem
1092 551 1244 579 suscitavit.
1254 566 1290 571 —-
1300 550 1400 578 Multos
1417 551 1503 586 ipsius
1518 552 1631 586 imperio
1645 552 1772 587 subjecit,

987 603 1016 625 ut
1027 598 1124 626 merito
1136 597 1302 634 Babylonem
1319 601 1465 626 everteret.

1024 655 1104 683 Vens.
1121 655 1147 682 8.
1170 655 1290 683 Affectus
1317 663 1383 683 suos
1408 655 1437 683 in
1467 655 1550 683 lsrael
1569 660 1701 683 memorat
1728 656 1773 684 hic

987 702 1068 734 Deus,
1081 701 1134 729 hoc
1148 705 1190 729 est
1206 701 1234 728 in
1255 702 1330 736 ipsos
1348 701 1497 729 lsraelitas.
1515 701 1632 729 Puerum
1649 709 1711 729 eum
1725 710 1773 729 vo-

986 752 1046 781 cat,
1062 755 1117 775 non
1134 748 1247 783 pecunia
1265 751 1398 782 emptum,
1423 756 1477 775 non
1499 748 1533 775 ab
1555 748 1645 775 alieno
1671 749 1698 776 in
1724 756 1773 775 sua

986 798 1135 829 receptum,
1149 793 1197 822 sed
1210 797 1240 821 ut
1255 793 1354 821 Filium
1372 801 1386 820 a
1405 793 1486 821 Patre
1503 797 1676 828 susceptum;
1692 802 1773 829 quem

139 831 206 867 ’πρὸς
232 822 450 868 προσληφθέντα,
473 822 502 861 δν
525 835 572 862 καὶ
592 835 689 862 Ἰακὼϐ
711 836 804 869 καλεῖ,
828 837 932 864 ἐκείνου

992 846 1011 868 :t
1022 840 1107 868 iacob
1122 840 1189 868 dicit
1199 841 1219 856 ¹³
1259 840 1319 868 ἰιοᾱ
1331 840 1375 868 hic
1387 839 1477 867 Patris
1493 840 1591 873 haeres,
1604 840 1698 868 eadem
1714 849 1774 868 sor-

140 878 207 905 δντα
231 878 352 914 διάδοχον
366 899 374 913 ,
403 880 450 907 καὶ
478 881 507 908 ὲν
524 881 562 917 τῷ
576 881 670 918 κλήρῳ
696 882 751 910 τῶν
771 883 873 910 ἐκείνου
887 892 933 910 τε-

139 924 250 951 λοῦντα.

178 980 234 1016 Τὴν
248 981 326 1017 παρὰ
341 981 388 1008 τοῦ
403 981 470 1009 Θεοῦ
486 982 572 1018 ῥοπὴν
593 983 686 1015 αὐτοῖς
704 983 862 1019 γινομένην,
886 985 934 1011 καὶ

139 1026 191 1062 τὴν
205 1027 279 1054 κατά
291 1027 344 1055 τῶν
368 1027 473 1064 ἐχθρῶν
496 1029 602 1064 ἄμυναν
629 1029 810 1060 ἐκδιδάσκων,
835 1030 935 1062 αὐτοὺς

140 1072 255 1110 Θαρρεἶν
271 1073 505 1109 παρακελεύεται·
529 1074 600 1110 Ἐγὼ
622 1076 688 1112 γὰρ,
716 1076 809 1111 φησὶν,
833 1075 934 1112 ἐθέμην

141 1128 176 1146 σε
189 1119 277 1152 οὕτως
293 1121 397 1156 ἰσχύειν
416 1121 487 1148 κατὰ
508 1121 564 1149 τῶν
578 1122 699 1158 ἐχθρῶν,
715 1123 753 1154 ὡς
775 1122 808 1149 ἂν
821 1124 935 1158 τροχοὺς

140 1166 271 1202 σιδηροῦς
294 1165 512 1204 πριστηροειδεῖς
535 1168 704 1204 καταλάϐῃς,
721 1169 770 1195 καὶ
790 1169 879 1195 πάντα
902 1169 935 1195 τὰ

139 1211 207 1248 ἔθνη
224 1221 262 1239 σοι
288 1213 467 1249 ὑποϐεϐηκὼς
482 1215 523 1246 εἰς
542 1214 573 1240 τὺ
589 1214 782 1249 καταπατῆσαι
797 1215 881 1241 αὑτά·
903 1214 935 1241 τὰ

139 1259 230 1285 τοίνυν
243 1259 376 1295 αἰρόμενα
396 1260 565 1296 φρυάγματα
581 1260 619 1292 ὡς
636 1260 687 1296 δρη
704 1261 752 1288 καὶ
769 1261 832 1293 τοὺς
849 1260 936 1295 ὑψαύ-

139 1314 224 1341 χενας
237 1306 384 1342 λογισμοὺς
401 1306 507 1341 βουνοῖς
523 1306 783 1343 παραϐαλλομένους
798 1307 869 1334 οὕτω
881 1316 935 1334 πα-

139 1352 235 1386 τήσεις
252 1352 299 1378 καὶ
315 1353 355 1384 εἰς
370 1352 446 1379 οὐδὲν
464 1352 615 1385 ἀποδείξεις
625 1373 631 1384 ,
649 1353 687 1385 ὡς
705 1354 779 1380 κόνει
795 1354 937 1389 παραϐάλ-

139 1398 252 1425 λεσθαιε
273 1399 287 1425 ὃ
303 1399 336 1434 δὴ
353 1399 399 1426 κα)⁸
419 1399 531 1434 γέγονεν
556 1399 602 1426 ἐπὶ
615 1399 662 1427 τοῦ
691 1401 850 1436 Ἀσσυρίου”
870 1401 936 1437 μηδὲ

139 1444 197 1479 γὰρ
212 1445 416 1481 πολεμήσαντος
431 1445 479 1472 τοῦ
495 1445 613 1482 Ἰσραὴλ,
631 1447 699 1484 μηδὲ
713 1447 935 1484 ἀντιπαραταξα-

142 1491 235 1528 μένου,
249 1492 359 1524 τούτου,
377 1491 456 1529 ὤφθη
477 1493 508 1520 τὺ
533 1493 623 1520 πεδίον
644 1494 749 1530 νεκρῶν
770 1495 933 1531 πλεπληρω-
948 1506 969 1535 C

143 1538 235 1574 μένον,
260 1539 380 1574 Χριστοῦ
405 1539 478 1575 χειρὶ
502 1539 624 1576 κρυφαία
654 1540 750 1567 ἑκατὸν
770 1540 935 1576 ὀγδοήκοντα

142 1584 224 1611 πέντε
241 1584 361 1620 χιλιάδας
380 1585 521 1617 ἀνελόντος
532 1594 539 1600 ·
555 1585 593 1617 ὡς
606 1585 652 1612 τὸν
675 1585 783 1622 Ἰσραὴλ
801 1586 882 1622 μόνον
896 1588 936 1619 εἰς

143 1631 208 1658 θέαν
233 1631 348 1667 ἐκϐῆναι
364 1631 411 1659 τοῦ
427 1631 498 1659 οὕτω
520 1631 638 1667 μεγάλου
666 1633 838 1668 παραδόξου,
856 1634 937 1660 ὲπευ-

144 1677 323 1714 φραινόμενον
337 1678 382 1704 ἐπὶ
395 1679 428 1714 τῇ
444 1677 516 1704 οὕτω
532 1678 607 1714 παρά
621 1678 667 1705 τοῦ
686 1679 754 1706 Θεοῦ
769 1679 919 1715 ἀντιλήψει.

179 1746 220 1774 Τὰ
233 1747 447 1783 καταληψόμενοι
462 1748 560 1780 αὐτοὺς
573 1749 636 1780 τοὺς
649 1749 763 1785 ἐχθροὺς
776 1750 865 1777 αὐτῶν
880 1751 936 1778 δια-

143 1793 253 1829 γορεύει
270 1795 284 1820 ό
300 1794 387 1828 λόγος.

180 1849 235 1885 Τὴν
249 1850 295 1876 τοῦ
313 1851 455 1886 ’Λσσυρίου
475 1851 523 1878 καί
535 1851 587 1887 τὴν
599 1851 654 1879 τῶν
671 1852 827 1887 Αἰγυπτίων
843 1852 936 1888 ἔφοδον

143 1895 241 1931 γνώμῃ
269 1895 352 1923 αὑτοῦ
378 1896 544 1932 γεγενῆσθαι
573 1898 754 1934 ὑπαγορεύει·
776 1899 843 1925 Οὐδὲ
863 1899 935 1934 γὰρ,

144 1941 238 1976 φησὶν,
258 1939 330 1969 οὗτοι
355 1941 483 1978 εἰσῄεσαν
497 1942 542 1976 ἂν,
556 1945 580 1970 εἰ
599 1944 636 1980 μή
665 1953 696 1979 γε
711 1944 793 1976 αὐτὸς
816 1945 936 1972 ἀνεδίδου

143 1988 237 2020 αὐτοῖς
245 1988 316 2015 κατὰ
334 1988 526 2025 συγχώρησιν·
552 1990 591 2022 ὡς
606 1991 669 2026 ἐμοὶ
687 1991 778 2018 τοίνυν
800 1991 937 2018 διακονού-

145 2041 233 2068 μενοι,
247 2033 369 2069 ἰσχύουσι
381 2034 441 2061 καθ’
456 2035 532 2069 ὑμῶν
548 2035 585 2066 ὡς
605 2036 675 2063 κατὰ
695 2036 782 2072 πηλοῦ
798 2036 827 2064 ὂν
842 2039 936 2064 πατεῖν

145 2078 319 2114 μελλήσουσι.
337 2081 470 2117 Παρέστω
485 2081 575 2108 τοίνυν
593 2083 640 2109 καὶ
656 2082 710 2109 τῶν
730 2082 815 2109 ὲθνῶν
826 2092 868 2116 τις
884 2084 937 2119 πρὸ

143 2124 252 2152 αἰώνων
267 2126 336 2153 ὅλων
344 2127 378 2153 τὰ
388 2127 520 2163 μέλλοντα
534 2127 645 2155 ἔσεσθαι
660 2128 811 2164 προλέξων·
824 2130 872 2156 καὶ
883 2130 937 2156 δει-

985 887 1060 914 titus.

1023 987 1106 1016 Vens.
1119 988 1161 1015 15.
1172 987 1240 1015 Cum
1255 995 1304 1016 eos
1315 995 1330 1014 a
1344 987 1400 1016 Deo
1413 987 1523 1023 adjutos
1534 987 1624 1018 docet,
1639 990 1666 1013 et
1679 990 1774 1014 contra

985 1035 1104 1062 hostium
1120 1035 1248 1063 incursus
1262 1035 1401 1067 defensos,
1419 1034 1546 1062 ﬁduciam
1565 1033 1633 1068 ipsis
1649 1037 1773 1060 renovat.

986 1081 1050 1116 Ego,
1064 1081 1165 1116 inquit,
1179 1085 1286 1108 tantum
1301 1081 1351 1109 tibi
1366 1082 1393 1108 in
1411 1081 1504 1109 hostes
1520 1080 1605 1108 robur
1616 1080 1729 1111 contuli,
1745 1082 1776 1106 ut

985 1131 1060 1153 rotas
1088 1126 1190 1153 ferreas
1211 1126 1238 1152 in
1268 1133 1407 1154 serrarum
1434 1125 1544 1153 modum
1571 1125 1711 1159 accepisse
1737 1125 1775 1152 sis

985 1172 1071 1202 visus,
1088 1175 1115 1198 et
1141 1174 1237 1207 gentes
1252 1178 1348 1198 omnes
1365 1171 1413 1197 tibi
1440 1170 1643 1198 conculcandas
1663 1170 1774 1197 tradidi.

985 1216 1161 1244 lnsolcntiam
1178 1217 1250 1244 velut
1263 1220 1369 1243 montes
1382 1220 1593 1251 consurgentem
1608 1219 1635 1242 et
1643 1215 1776 1250 superbas

986 1265 1092 1289 mentes
1117 1262 1189 1289 sicut
1209 1261 1294 1289 colles
1322 1261 1426 1292 elatas,
1453 1261 1492 1287 ita
1513 1260 1673 1293 triturabis,
1697 1264 1724 1287 et
1747 1260 1775 1286 in

987 1309 1102 1335 nihilum
1133 1308 1252 1343 rediges,
1273 1313 1303 1335 ut
1332 1314 1393 1334 cum
1424 1307 1536 1342 pulvere
1563 1311 1775 1342 componantur.

987 1355 1063 1388 Quod
1090 1354 1200 1390 quidem
1216 1355 1245 1382 in
1271 1353 1402 1390 Assyrios
1428 1353 1530 1382 factum
1552 1357 1614 1381 est:
1640 1360 1703 1380 nam
1726 1360 1778 1379 nec

986 1405 1126 1436 pugnante
1139 1400 1237 1432 Israel,
1262 1407 1314 1428 nec
1332 1401 1418 1428 aciem
1434 1399 1591 1432 ordinante,
1610 1399 1702 1426 videre
1718 1402 1778 1425 erat

987 1455 1115 1483 campum
1143 1446 1198 1474 late
1222 1446 1386 1482 corporibus
1413 1449 1601 1476 constratum,
1626 1452 1688 1472 cum
1718 1444 1778 1478 ipsc

986 1493 1113 1520 Christus
1133 1499 1217 1520 manu
1241 1499 1291 1520 sua
1312 1495 1422 1519 centum
1449 1495 1476 1519 et
1494 1491 1635 1526 octoginta
1655 1489 1778 1524 quinque

987 1539 1071 1566 millia
1085 1539 1293 1575 prostravisset,
1310 1539 1347 1565 ita
1364 1542 1392 1565 ut
1408 1538 1474 1564 nihil
1500 1537 1574 1564 aliud
1590 1536 1777 1564 lsraelitarum

987 1585 1079 1617 fuerit,
1103 1589 1202 1620 praeter
1225 1584 1259 1611 ad
1284 1583 1526 1619 contemplandum
1554 1586 1660 1610 tantum
1684 1581 1778 1616 prodi-

987 1631 1060 1666 gium
1075 1630 1178 1665 egredi,
1200 1630 1272 1657 etde
1289 1633 1366 1656 tanto
1382 1628 1429 1656 Dei
1446 1628 1537 1655 studio
1555 1627 1704 1654 exsultare.

1023 1749 1105 1776 Vens.
1127 1749 1171 1776 17.
1189 1748 1365 1776 Calamitates
1387 1747 1513 1775 hostibus
1541 1747 1714 1774 imminentes
1731 1746 1778 1778 de:

987 1796 1097 1823 nuntiat
1112 1795 1254 1831 propheta.

1024 1852 1107 1880 Vens.
1130 1851 1176 1879 26.
1198 1851 1374 1887 Assyriorum
1389 1854 1416 1878 et
1432 1849 1632 1885 .Egyptiorum
1649 1849 1778 1878 incursus

988 1898 1043 1926 Deo
1063 1898 1177 1932 jubente
1192 1896 1280 1924 laetos
1304 1896 1390 1924 fuisse
1405 1895 1537 1923 declarat.
1562 1895 1622 1922 Non
1648 1895 1777 1928 fuissem,

987 1944 1034 1976 ait,
1053 1943 1124 1971 bane
1141 1947 1243 1972 terram
1270 1942 1399 1978 ingressi,
1417 1942 1470 1982 nisi
1486 1942 1538 1969 hoc
1562 1942 1620 1976 ipse
1633 1941 1779 1970 concedis-

988 1998 1055 2017 sem.
1070 1989 1163 2017 Donec
1180 1990 1264 2025 igitur
1280 1988 1554 2022 mihi~inservierint,
1577 1988 1718 2016 valebunL
1729 1989 1780 2016 ad-

989 2043 1085 2063 versus
1102 2043 1152 2063 vos
1168 2040 1198 2063 ut
1219 2036 1246 2063 in
1273 2035 1359 2062 lutum
1388 2035 1460 2070 quod
1483 2035 1675 2062 conculcaturi
1688 2056 1689 2059 η
1704 2042 1778 2062 sum.

987 2082 1122 2110 Proeedat
1138 2082 1200 2109 ideo
1217 2082 1259 2108 vel
1274 2090 1308 2109 ex
1325 2082 1453 2117 gentibus
1464 2082 1511 2117 qui
1531 2081 1623 2108 futura
1644 2085 1707 2110 ante
1721 2089 1782 2109 om-

987 2128 1033 2155 nia
1056 2127 1156 2155 saacula
1179 2128 1317 2162 praedicet.
1340 2127 1466 2156 Ostendit
1485 2135 1532 2155 eos
1553 2135 1614 2155 esse
1638 2127 1776 2155 daemones

145 2171 274 2204 ξάτω,ὡς
288 2171 378 2200 οἷοίτε
389 2174 497 2202 ἔσονται
514 2174 736 2211 προαπαγγεῖλαι
747 2174 841 2211 ὥσπερ
855 2175 933 2208 ἰδίους

992 2174 1037 2209 qui
1063 2178 1178 2202 ventura
1202 2174 1383 2209 praedicerent
1410 2174 1489 2208 quasi
1515 2173 1632 2201 fuissent
1652 2174 1687 2201 ab
1712 2174 1779 2209 ipsis

143 2218 224 2253 ὅρους
247 2219 288 2251 εἰς
308 2218 387 2255 ἔργον
411 2221 558 2256 μέλλοντας
578 2222 786 2257 προχωρήσειν·
808 2221 855 2248 καὶ
880 2221 935 2258 γὰρ

142 2265 169 2290 οἱ
185 2263 323 2300 δαίμονες,
340 2265 393 2293 κᾶν
409 2267 564 2302 προλέγωσί
587 2275 647 2294 τινα
657 2288 665 2300 ,
681 2267 732 2294 οὐκ
756 2267 845 2294 αὐτῶν
866 2267 936 2304 ἔργα

144 2310 330 2346 προλέξουσιν,
346 2312 404 2339 ἀλλ’
421 2313 567 2350 ἀλλοτρίας
590 2313 704 2350 πράξεις
720 2314 885 2350 μηνύουσιν·
903 2315 934 2341 οὐ

143 2357 232 2383 τοίνυν
242 2355 313 2385 οὗτοι
321 2358 522 2394 ἀπαγγέλλουσί
529 2369 554 2386 τι
567 2360 641 2391 ἴδιον,
650 2359 709 2386 οὐδὲ
717 2359 822 2392 ἕξουσιν
832 2362 934 2396 ἀκροα-

143 2404 193 2435 τὰς
207 2405 270 2436 τοὺς
286 2405 473 2440 διακρίνοντας
486 2406 516 2432 τὸ
531 2405 628 2441 ψεῦδος
643 2406 696 2433 ἀπὺ
712 2406 758 2433 τοῦ
773 2406 901 2442 ἀληθοῦς.

180 2471 239 2497 Τῶν
262 2471 313 2498 ὑπὸ
329 2472 376 2499 τοῦ
400 2472 467 2499 Θεοῦ
487 2472 517 2505 ἐξ
542 2473 630 2508 ἀρχῆς
659 2472 885 2508 παρασχεθέντων
903 2475 936 2509 τῇ

151 2517 328 2553 Ἰερουσαλὴμ
342 2517 379 2549 ὡς
395 2518 502 2553 ἀνῆπτο
515 2519 597 2545 παντὶ
612 2518 651 2553 τῷ
666 2519 761 2554 κόσμῳ
771 2519 937 2553 θεογνωσίας

145 2563 292 2599 λαμπτήρ⁶
307 2564 354 2590 καὶ
371 2563 409 2595 ὡς
426 2564 517 2590 ἐκεῖσε
534 2565 550 2599 ἡ
575 2564 622 2590 τοῦ
643 2564 710 2591 Θεοῦ
733 2565 814 2601 χάρις
829 2564 937 2600 μυρίοις

147 2608 299 2645 συνθήμασι
317 2610 583 2646 κατακεκοσμημένη
599 2611 804 2646 ὑπομιμνήσκει
820 2611 917 2642 αὐτούς
927 2619 934 2626 ⁸

145 2655 206 2681 ὅθεν
230 2657 276 2682 καὶ
295 2657 333 2687 ὡς
359 2656 439 2683 πάλιν
454 2656 523 2692 μετὰ
544 2656 594 2692 τὴν
616 2658 648 2683 ὲκ
671 2657 719 2692 τῆς
747 2656 936 2692 αἰχμαλωσίας

146 2700 274 2728 ἐπάνοδον
288 2702 341 2728 τῶν
359 2702 449 2728 αὐτῶν
469 2702 592 2735 ἠξιοῦτο·
609 2703 638 2728 οὐ
665 2702 717 2738 μὴν
735 2702 802 2728 ἀλλὰ
823 2702 869 2729 καί
889 2703 936 2729 ἐπὶ

188 2799 324 2827 “Coloss.
350 2808 390 2832 lli,
407 2801 434 2833 9,
454 2802 495 2828 l0.
537 2800 636 2828 ‘IGcn.
655 2809 698 2831 λγ,
715 2801 738 2829 4,

990 2220 1122 2253 deﬁnita;
1147 2227 1208 2246 nam
1230 2220 1272 2247 vel
1295 2220 1317 2247 si
1341 2220 1411 2247 forte
1433 2220 1498 2254 quid
1523 2219 1776 2254 praenuntiaverint,

989 2274 1043 2293 non
1062 2273 1112 2293 sua
1129 2273 1223 2300 opera,
1242 2265 1290 2294 sed
1306 2266 1395 2293 aliena
1414 2265 1544 2294 referent.
1566 2264 1625 2294 Non
1640 2269 1682 2292 est
1700 2265 1781 2300 igitur

989 2313 1061 2348 quod
1079 2320 1158 2340 suum
1182 2311 1286 2347 aliquid
1308 2312 1488 2344 annuntient,
1505 2319 1556 2339 nec
1582 2311 1685 2338 habent
1702 2311 1782 2338 audi—

989 2364 1063 2388 tores
1077 2360 1125 2395 qui
1142 2358 1211 2388 falsa
1223 2367 1238 2387 e
1253 2359 1325 2387 veris
1343 2362 1457 2393 possent
1472 2357 1654 2393 distinguere.

1026 2469 1108 2498 Vens.
1123 2470 1168 2496 27.
1186 2470 1251 2503 Quae
1267 2469 1325 2504 ipse
1346 2468 1419 2496 Deus
1437 2476 1452 2495 a
1473 2468 1609 2504 principio
1629 2466 1782 2495 Jerusalem

991 2517 1196 2552 praeparaverit,
1210 2520 1240 2543 u'.
1255 2516 1360 2551 lampas
1374 2523 1445 2542 verae
1460 2515 1521 2542 ﬁdei
1540 2519 1626 2541 totum
1646 2518 1782 2542 terrarum

990 2562 1085 2589 orbem
1110 2562 1261 2595 illuminet,
1282 2566 1348 2596 quot
1365 2565 1392 2588 ct
1408 2561 1520 2596 quantis
1543 2568 1591 2588 cos
1608 2561 1784 2588 exornaverit

992 2607 1147 2641 beneficiis.
1165 2612 1318 2641 memerat;
1337 2615 1388 2634 nec
1411 2607 1517 2634 minora
1530 2614 1559 2634 se
1575 2606 1608 2634 de
1626 2606 1783 2641 captivitate

990 2653 1140 2682 reducibus
1163 2654 1324 2689 largiturum
1351 2653 1506 2680 denuntiat.
1531 2652 1686 2687 Praeprimis
1718 2660 1784 2679 vero

990 2700 1115 2735 prmdicit
1135 2701 1260 2736 insuper,
1275 2700 1427 2727 Salvatoiis
1448 2700 1563 2734 gratiam
1581 2699 1607 2725 in
1626 2698 1690 2725 Sion
1708 2698 1784 2734 prin-
