1919 3075
192 126 260 155 m3

735 129 909 158 TllEODORI
931 126 1190 156 HERACLEENSIS

1757 125 1823 152 1336

190 185 263 220 εἱιῖίο
288 192 442 214 venturam.
468 191 496 215 et
529 188 567 215 ita
599 196 696 217 omnes
722 189 786 217 dein
818 191 962 218 invasurar

1030 188 1135 220 τούτοις
1158 186 1340 223 προαγορεύει
1360 185 1411 221 τὴν
1427 185 1474 212 τοῦ
1495 185 1618 220 Σωτῆρος
1634 185 1716 220 ἡμῶν
1731 185 1823 221 ἐπιδη-

189 235 294 265 gentes.

225 331 289 359 CAP.
308 331 393 364 XLII,
411 332 494 362 Vens.
517 334 560 361 10.
579 334 640 368 Quo
662 335 735 362 enim
759 337 840 364 modo
859 341 886 365 et
903 345 977 365 nunc

188 377 340 412 propheta,
368 378 414 405 ubi
436 379 470 406 de
490 378 632 408 Salvatore
660 386 759 408 nostro
779 382 916 416 audierit,
942 383 975 410 ad

188 421 315 449 ditandos
326 431 377 451 nos
393 429 420 451 et
434 425 468 451 ad
488 425 635 454 salvandas
651 427 758 456 animas
786 435 895 457 nostras
912 438 976 457 vett-

187 470 261 499 turo,
280 470 354 494 tanta
369 467 416 496 Dei
436 470 624 498 misericordia
638 472 729 499 animo
743 475 896 507 exsultans,
915 475 974 502 lau-

186 511 236 539 des
260 511 306 539 Dei
325 517 353 540 et
375 514 492 549 gloriam
520 516 710 546 celebraturus
733 520 876 556 exsurgit;
893 521 930 548 ita
947 525 975 549 et

185 557 255 586 alios
271 563 412 587 cantatum
427 566 567 596 provocat.
579 562 640 590 Non
653 564 772 599 primum
789 574 864 594 nunc
878 573 974 603 regnat

184 609 343 640 perspectus
358 607 437 634 nobis
453 611 480 634 et
494 609 602 643 agnitus
617 609 698 643 Deus,
709 611 756 639 sed
766 612 883 647 primum
900 621 974 641 nunc

183 650 340 679 extenditur
368 652 395 679 in
415 657 551 682 extremas
576 656 700 683 omnium
727 662 863 685 terrarum
879 665 972 695 partes

183 697 297 732 antiqua
315 698 375 733 ejus
390 703 512 734 potestas
522 720 529 733 ,
544 702 704 731 coelestibus
722 710 844 740 accepta,
856 710 883 733 et
899 707 970 742 apud

183 742 258 777 ipsos
292 744 372 771 etiam
409 745 486 780 prius
521 747 578 780 jam
598 749 745 778 celebrata.
777 751 970 786 Apostolorum

181 789 305 817 ordinem
318 790 462 827 designant
476 792 602 821 homines
622 794 672 829 illi,
687 797 763 824 circa
781 799 968 833 navigatorum

181 843 282 863 munus
298 843 440 866 versantes
463 847 479 866 a
501 841 602 875 quibus
619 842 738 876 primum
764 843 822 871 haec
845 844 968 872 doctrina

181 883 339 910 conﬁtenda
353 888 421 913 erat,
985 876 1006 903 Β

216 983 296 1012 Vens.
310 986 352 1013 Η.
368 986 421 1014 Per
435 987 511 1016 locos
526 989 696 1018 habitatores
705 991 827 1018 locorum
839 992 965 1024 intendit,

179 1030 224 1063 qui
240 1030 321 1064 primi
339 1031 509 1061 Salvatorem
527 1040 652 1063 nostrum
671 1035 818 1064 Dominum
840 1042 965 1066 nostrum

176 1074 269 1103 Jesum
289 1077 431 1106 Christum
446 1082 587 1116 excepturi
605 1087 684 1110 erant
696 1087 723 1110 et
744 1084 818 1111 cultu
836 1091 966 1119 prosecu-

177 1122 241 1149 turi.
270 1122 339 1151 Dum
356 1125 389 1152 de
402 1125 510 1154 deserto
527 1128 657 1163 loquitur,
681 1130 715 1157 ad
735 1130 841 1158 animas
857 1131 963 1164 alludit,

176 1167 295 1196 miseriis
307 1168 346 1204 [et
371 1172 494 1205 periuriis
523 1179 689 1208 oppressas,
713 1182 777 1202 vera
801 1175 847 1203 Dei
876 1177 965 1204 scien-

175 1212 213 1239 tia
238 1213 395 1243 destitutas.
418 1215 515 1244 Merito
538 1219 620 1245 etiam
643 1219 731 1247 Cedar
752 1226 895 1255 memorat,
911 1223 964 1251 hoc

175 1265 227 1286 nos
246 1259 348 1288 docens
368 1262 494 1295 anitnas,
514 1271 574 1298 quae
590 1265 666 1299 prius
693 1271 788 1293 contra
810 1268 962 1296 venientem

175 1305 345 1334 Salvatorem
366 1309 506 1336 reluctatm
536 1309 655 1342 fuerint.
678 1316 771 1346 postea
794 1312 829 1340 ad
852 1314 962 1342 saniora

172 1356 332 1385 revocatas,
347 1361 408 1381 cum
435 1356 610 1384 veneratione
624 1364 687 1384 eum
705 1362 868 1393 excepturas
884 1368 956 1388 esse.

172 1396 239 1424 Nam
267 1400 407 1433 spectabat
428 1401 516 1428 Ccdar
541 1402 574 1429 ad
599 1410 686 1438 genus
702 1403 790 1436 Esau.
809 1403 967 1434 Jerusalem,

177 1443 286 1476 hostile,
303 1444 444 1481 ipsiusque
457 1447 563 1482 legibus
577 1457 663 1484 usque
680 1449 826 1478 infensum.

209 1541 291 1571 Vens.
319 1544 362 1570 15.
384 1544 538 1573 Adventum
559 1547 711 1576 Salvatoris
727 1553 754 1576 et
775 1549 820 1577 hic
842 1551 958 1580 manife-
972 1556 996 1588 ο

169 1587 241 1615 stius
257 1588 371 1622 indicat,
387 1591 434 1625 qui
457 1599 550 1626 pacem
568 1594 649 1622 nobis
667 1595 772 1628 alTeret,
790 1600 828 1629 et,
848 1597 882 1624 ad
899 1598 959 1626 vin-

170 1633 271 1662 dictam
297 1637 443 1672 semetipse
470 1647 663 1674 commovens,
693 1642 798 1670 inimici
835 1644 908 1672 vires
931 1649 959 1672 et

170 1681 327 1715 superbiam
347 1688 482 1712 conteret.
499 1685 567 1713 Nam
589 1686 695 1715 hostem
710 1694 738 1716 et
753 1689 894 1717 inimicum
911 1699 960 1718 no-

168 1731 254 1754 strum
271 1736 326 1755 non
348 1731 516 1765 aggreditur,
533 1734 613 1768 quasi
634 1733 733 1762 fuisset
750 1736 810 1763 zelo
824 1736 957 1770 allectus;

167 1780 271 1801 vacuus
285 1775 358 1802 enim
372 1777 406 1804 ab
417 1778 493 1804 omni
510 1778 631 1807 humano
646 1780 756 1813 aﬂ‘ectu,
770 1785 863 1817 utpote
873 1782 957 1818 Deus,

171 1819 319 1853 semetipse
347 1821 381 1847 ad
404 1821 555 1850 vindictam
592 1826 795 1861 commovebit;
830 1829 903 1863 quod
930 1833 958 1857 et

166 1870 250 1891 carne
269 1872 409 1902 suscepta,
434 1867 510 1896 fecit.
527 1868 594 1897 Nam
611 1878 674 1898 eum
703 1872 881 1902 intremuisse
901 1876 957 1910 spi-

166 1909 221 1936 ritu
234 1911 256 1927 ¹⁸
271 1918 386 1940 narrant
399 1916 582 1950 evangelista,
605 1917 721 1945 liberum
736 1920 797 1954 ejus
811 1921 955 1949 arbitrium

165 1955 358 1992 declarantes;
375 1968 438 1987 natn
456 1962 590 1998 Iaerymas
604 1963 710 1997 eﬁ'udit,
727 1969 753 1993 et
773 1974 874 2002 corpus
893 1968 956 1995 fati-

164 2007 257 2037 gatum
271 2005 291 2020 ¹⁷
310 2007 405 2039 sensit,
419 2008 532 2037 allectus
551 2009 619 2038 istos
632 2011 705 2038 haud
728 2012 830 2040 invitus
844 2021 954 2049 perpes~

164 2056 224 2081 sus,
243 2050 292 2078 Sed
310 2052 399 2080 libens
413 2053 445 2081 iis
465 2062 566 2090 corpus
582 2065 662 2084 suum
679 2058 808 2094 subjecit.
824 2059 955 2090 Homines

163 2096 273 2130 quidem
300 2106 350 2125 nos
378 2099 514 2135 laerymas
542 2102 745 2137 profundimus,
769 2113 826 2132 non
845 2107 954 2142 quando

163 2142 350 2176 voluerimus;
377 2145 424 2172 sed
441 2146 505 2181 quia
521 2147 574 2174 illae
591 2150 716 2184 corporei
734 2151 849 2180 affectus
876 2157 952 2186 sunt,

163 2188 219 2215 illis
234 2189 274 2216 vel
291 2189 368 2217 inviti
382 2199 543 2227 movemur;
559 2194 593 2222 de
606 2195 662 2223 Deo
677 2200 768 2224 autem
784 2205 840 2226 non
856 2200 950 2228 eadem

162 2234 270 2267 valent,
299 2236 346 2263 sed
365 2237 423 2272 ipse
449 2239 483 2266 ad
511 2243 607 2268 nutum
633 2246 734 2269 cuncta
753 2244 842 2278 gerit,
869 2249 896 2272 et
923 2246 951 2273 in
969 2232 992 2260 ι)

161 2279 256 2308 hostes
273 2282 368 2309 eadem
390 2288 527 2318 potestate
543 2285 655 2320 gaudet.

195 2383 279 2413 Vens.
300 2386 343 2413 l7.
369 2386 538 2417 Confusione
568 2390 635 2418 dicit
663 2398 710 2418 eos
738 2391 955 2421 confundendos.

163 2438 213 2466 pro
229 2432 351 2466 peccatis
367 2435 476 2468 merito,
490 2439 517 2462 et
530 2436 599 2464 tales
615 2437 734 2471 futuros,
749 2438 840 2472 qualia
863 2438 950 2465 simu-

159 2484 234 2504 .acra
262 2485 369 2511 eorum,
404 2481 445 2507 uti
481 2481 614 2517 scripturn
637 2487 695 2510 est:
716 2493 726 2509 ι
755 2483 864 2512 Similes
895 2485 950 2513 illis

159 2523 226 2549 ﬁant
243 2524 290 2558 qui
309 2523 413 2552 faciunt
428 2533 459 2553 ea
478 2527 510 2554 ¹⁸.
529 2537 538 2553 ι
555 2527 634 2560 Quod
653 2529 675 2556 si
692 2530 886 2557 contumeliam
900 2530 951 2557 du-

159 2568 222 2595 citis
235 2559 340 2598 similes
354 2570 411 2598 ﬁeri
428 2571 510 2600 idolis
521 2574 634 2605 vestris,
646 2574 829 2602 recordcmini
846 2575 948 2610 potius,

158 2619 261 2646 quanto
280 2617 440 2652 vosmetipsi
457 2617 611 2653 deprimitis
640 2627 690 2654 pro
709 2619 836 2654 ldominis
856 2627 904 2648 eos
921 2625 950 2647 et

158 2659 213 2688 diis
228 2660 374 2691 habentes.

196 2749 280 2778 Vens.
297 2752 339 2780 18.
362 2753 466 2783 Sensus
483 2763 543 2787 cum
563 2755 699 2789 habeatis,
721 2758 871 2792 recogitate
889 2766 949 2793 qua:

195 2828 214 2842 η
226 2827 304 2856 luan.
320 2838 357 2862 x1,
375 2831 419 2859 3'5.

462 2833 481 2848 ¹⁷
495 2833 559 2861 ibid.
573 2834 621 2867 30;
637 2841 702 2862 Luc.
720 2843 777 2867 κη,
798 2835 838 2869 tl;
856 2835 935 2864 Joan.
951 2835 1022 2869 tv,ﬁ.

1032 234 1096 268 μίαν
1110 232 1215 260 ἐκεῖθεν
1237 231 1413 267 ἀρξαμένην,
1431 230 1479 257 καὶ
1499 230 1585 262 οὕτως
1601 231 1648 257 ἐπὶ
1677 230 1770 257 πάπα
1789 231 1823 257 τὰ

1029 279 1093 315 ἔθνη
1107 279 1156 315 τῆς
1170 278 1267 306 ἑαυτοῦ
1284 279 1395 313 χάριτος
1408 277 1551 313 διαϐάσης.

1064 336 1170 372 Ὥσπερ
1191 333 1238 363 οὖν
1266 335 1312 361 καὶ
1335 335 1383 361 νῦν
1410 334 1553 370 προφήτης
1585 334 1752 361 καταλαδὼν
1773 343 1821 370 την

1029 382 1187 418 σωτηριώδη
1205 381 1356 417 παρουσίαν
1371 379 1418 407 τοῦ
1432 380 1558 415 Σωτῆρος
1569 380 1648 415 ἡμῶν
1663 381 1712 407 ἐπὶ
1730 381 1822 417 κέρδει

1027 429 1153 464 ἡμετέρῳ
1171 427 1366 462 γενησομένην,
1388 426 1436 452 καὶ
1457 425 1505 452 ἐπὶ
1532 425 1655 460 σωτηρίᾳ.
1669 426 1725 453 τῶν
1750 427 1822 461 ἡμε-

1026 475 1113 510 τέρων
1128 473 1242 509 ψυχῶν,
1269 472 1460 507 ἀγαλλιασθεὶς
1481 470 1530 507 τὴν
1544 471 1632 507 ψυχὴν
1651 472 1700 498 ἐπὶ
1722 473 1757 507 τῇ
1777 481 1822 498 το-

1027 521 1112 556 σαύτῃ
1130 520 1176 546 τοῦ
1194 519 1261 546 Θεοῦ
1276 517 1477 554 φιλανθρωπίᾳ,
1489 517 1643 553 ἀπάρχεται
1655 517 1710 543 τῶν
1727 518 1820 553 ὓμνων

1025 567 1072 594 καὶ
1082 566 1132 602 τῆς
1144 565 1312 600 δοξολογίας·
1327 565 1358 591 τὸ
1371 565 1394 591 δ’
1404 563 1470 590 αὐτὸ
1484 564 1532 591 καὶ
1546 563 1641 595 ἄλλους
1655 565 1744 589 ποιεῖν
1757 573 1821 599 πμ,-

1024 612 1170 647 τρέπεται·
1186 611 1247 638 οὐδὲ
1268 610 1323 646 γὰρ
1336 611 1350 636 ὁ
1373 609 1560 645 φανησόμενος
1585 609 1633 635 καὶ
1653 609 1819 644 γνωρισθεὶς

1023 660 1089 694 ἡμῖν
1106 657 1182 690 Θεὸς,
1200 657 1248 684 νῦν
1274 656 1321 683 τοῦ
1341 656 1436 692 ἄρχειν
1448 654 1560 691 ἡρξατο,
1589 655 1657 681 ἀλλὰ
1681 655 1820 691 προούσ-ιςς

1023 704 1105 731 αὑτοῦ
1129 704 1178 739 τῆς
1202 703 1372 739 κυριότητος,
1399 701 1447 728 καὶ
1460 702 1491 728 ὲν
1510 701 1549 737 τῷ
1565 701 1621 728 ἄνω
1646 701 1817 736 κρατούσης,

1022 752 1068 778 καὶ
1094 751 1157 787 παρ’
1174 750 1289 781 ἐκείνοις
1310 749 1511 785 δοξαζομένης,
1535 748 1575 779 εἰς
1598 747 1634 774 τὰ
1655 747 1819 781 ἅπανταχοῦ

1021 798 1073 832 γῆς
1098 797 1205 833 πέρατα
1234 796 1457 832 φανερωθήσεται
1484 794 1608 830 πρῶτον·
1636 793 1743 829 ταύτης
1769 794 1819 829 τῆς

1023 844 1148 877 γνώσεως
1165 841 1364 878 ἀπαρχομένων
1382 841 1435 867 τῶν
1455 840 1575 868 παλαιῶν
1599 839 1715 866 ἐκείνων
1736 840 1818 874 ἔργον

1022 890 1137 925 ἐχόντων
1146 889 1195 924 τὴν
1212 888 1346 915 θάλατταν
1360 887 1462 920 πλέειν,
1474 885 1601 922 ἐδηλοῦτο
1611 885 1641 911 τὸ
1651 885 1748 921 τάγμα
1763 885 1817 911 τῶν

1022 936 1188 964 ἀποστόλων,

1061 994 1108 1020 Ἐκ
1123 993 1178 1019 τῶν
1191 992 1282 1018 τόπων
1299 993 1362 1023 τοὺς
1376 991 1523 1026 οἰκήτορας
1539 988 1656 1016 ἐνταῦθα
1672 988 1813 1024 σημαίνει,

1019 1040 1044 1066 οἳ
1071 1040 1118 1066 καὶ
1137 1039 1242 1075 πρῶτοι
1256 1037 1373 1074 ἤμελλον
1396 1035 1588 1070 ἐπιγινώσκειν
1612 1034 1658 1061 τὸν
1678 1034 1816 1069 ἡμέτερον

1019 1085 1134 1121 Σωτῆρα
1164 1085 1210 1111 τὸν
1234 1084 1336 1119 Κύριον
1363 1082 1441 1118 ἡμῶν
1464 1081 1567 1117 Ἰησοῦν
1597 1081 1644 1107 τὸν
1673 1081 1813 1115 Χριστὸν,

1018 1132 1065 1158 καὶ
1080 1130 1299 1167 προσκυνοῦντας
1320 1129 1451 1162 δοξάζειν.
1464 1128 1587 1163 Ἐρημον
1601 1127 1631 1153 δὲ
1657 1127 1705 1154 νῦν
1727 1126 1814 1160 λέγει,

1017 1177 1162 1213 ἀναφέρων
1176 1177 1221 1204 τὸν
1242 1176 1320 1210 λόγον
1339 1175 1378 1207 εἰς
1392 1175 1442 1206 τὰς
1455 1173 1554 1209 ψυχὰς,
1568 1173 1671 1204 αἵτινες
1693 1173 1814 1208 ἐρημίαν

1017 1222 1220 1257 ἐταλαιπώρουν
1234 1220 1400 1255 θεογνωσίας
1419 1219 1612 1254 ἐστερημέναι.
1640 1218 1813 1251 ’Λναγκαίως

1015 1270 1044 1297 δὲ
1059 1270 1105 1296 καὶ
1126 1268 1175 1303 τῆς
1199 1266 1294 1303 Κηδαρ
1310 1264 1490 1302 μνημονεύει·
1511 1265 1555 1292 διὰ
1567 1264 1663 1291 τούτου
1675 1264 1812 1312 ansa:qu

1015 1315 1100 1350 ἡμᾶς,
1116 1313 1157 1339 ὅτι
1174 1313 1202 1338 αί
1218 1310 1428 1347 ἀπομαχόμεναι
1443 1309 1510 1345 πρὸς
1523 1309 1572 1345 τὴν
1593 1309 1748 1345 παρουσίαν
1761 1309 1809 1334 τοῦ

1015 1359 1140 1395 Σωτῆρος
1151 1358 1246 1393 ψυχαὶ,
1258 1357 1372 1393 ὕστερον
1396 1357 1589 1391 ἐπεγνωκυῐαι,
1608 1355 1811 1405 ὁμολοιςῆεινονσῖ⁵

1014 1404 1045 1432 τὸ
1064 1404 1160 1436 σέϐας·
1185 1404 1232 1431 καὶ
1262 1403 1317 1439 γὰρ
1340 1403 1387 1430 καὶ
1412 1404 1429 1438 ἡ
1452 1401 1548 1438 Κηδὰρ
1573 1401 1673 1437 χωρίον
1699 1399 1735 1436 ἦν
1762 1400 1810 1427 τοῦ

1014 1451 1109 1488 γένους
1139 1450 1185 1478 τοῦ
1215 1450 1319 1481 Ἡσαῦ,
1349 1450 1362 1476 ὃ
1395 1448 1507 1475 διετέλει
1533 1448 1747 1499 ἀπομαχόμενον
1774 1448 1808 1482 τῇ

1018 1497 1204 1534 Ἰερουσαλὴμ,
1216 1497 1263 1524 καὶ
1273 1495 1394 1523 ὲναντιού
1399 1504 1477 1531 μενον
1491 1496 1547 1526 τοῖς
1556 1493 1659 1529 ταύτης
1669 1493 1806 1528 νομίμοις.

1048 1553 1104 1589 Τὴν
1123 1552 1171 1580 τοῦ
1190 1552 1317 1588 Σωτῆρος
1334 1550 1481 1586 ἐπιδημίαν
1498 1550 1544 1576 καὶ
1561 1549 1679 1576 ἐνταῦθα
1698 1548 1809 1584 τρανῶς

1013 1599 1189 1635 ὑπαγορεύει,
1210 1599 1240 1630 ὃς
1253 1599 1318 1634 ἡμῖν
1334 1598 1383 1632 μὲν
1406 1597 1517 1632 εἰρήνην
1534 1595 1660 1631 βραϐεύει
1673 1616 1680 1628 ,
1697 1595 1809 1622 καθελεῖ

1010 1646 1039 1672 δὲ
1057 1646 1147 1672 πᾶσαν
1170 1645 1286 1680 δύναμίν
1306 1653 1336 1670 τε
1365 1643 1413 1670 καὶ
1429 1642 1589 1674 ἀλαζονείαν
1612 1641 1660 1668 τοῦ
1685 1641 1807 1677 ἐχθροῦ,

1010 1692 1105 1718 ἑαυτὸν
1126 1692 1239 1728 κινήσας
1257 1690 1326 1726 πρὸς
1349 1689 1485 1717 ἐκδικίανο
1504 1688 1566 1715 οὐδὲ
1589 1687 1644 1723 γὰρ
1663 1688 1701 1720 ὡς
1717 1688 1808 1720 πάθος

1010 1739 1154 1774 ὑπομένων
1182 1737 1363 1772 ζηλοτυπίας,
1391 1736 1511 1771 χωρήσει
1538 1735 1608 1761 κατὰ
1631 1734 1730 1771 ἐχθροῦ
1758 1734 1808 1760 καὶ

1010 1785 1140 1821 πολεμίου
1162 1785 1243 1820 ἡμῖν·
1262 1783 1320 1810 ἀλλ’
1344 1782 1487 1818 ἐλεύθερος
1516 1781 1555 1808 ὢν
1578 1781 1677 1812 παντὸς
1701 1780 1808 1812 πάθους

1008 1831 1179 1866 ἀνθρωπίνου
1199 1830 1246 1856 ἆτε
1263 1829 1329 1861 Θεὸς
1348 1828 1445 1855 ἑαυτὸν
1460 1828 1567 1863 κινήσει
1594 1827 1663 1862 πρὸς
1679 1827 1787 1862 ἄμυναν
1798 1834 1806 1842 ·

1009 1874 1101 1906 καθὼς
1114 1874 1161 1900 καὶ
1185 1875 1213 1901 ὲν
1231 1873 1312 1909 σαρκὶ
1329 1873 1423 1908 φανεὶς
1436 1872 1570 1908 πεποίηκε
1581 1880 1588 1886 ·
1607 1871 1647 1907 τῷ
1670 1871 1737 1907 γὰρ,
1756 1872 1808 1898 ἐι·-

1007 1920 1187 1956 εϐριμήσατο
1196 1920 1235 1953 τῷ
1243 1920 1400 1956 πνεύματι,
1419 1919 1596 1955 σημειοῦνται
1614 1920 1639 1946 oi
1661 1918 1808 1952 εὐαγγελι-

1009 1968 1088 2001 σταὶ,
1101 1967 1244 2003 δηλοῦντες
1260 1967 1290 1994 τὸ
1313 1966 1437 1994 ἑκούσιον
1460 1967 1509 2000 τῆς
1532 1966 1662 2001 γνώμης·
1682 1964 1805 2000 δάκρυον

1007 2014 1061 2050 γὰρ
1086 2012 1188 2049 ἐξέχεε,
1214 2014 1260 2040 καὶ
1275 2012 1398 2048 κάματον
1422 2012 1542 2048 ὑπέμενε
1571 2011 1745 2047 σωματικὸν,
1769 2011 1809 2038 τὰ

1007 2059 1082 2094 πάθη
1096 2059 1145 2085 οὐκ
1166 2058 1302 2090 ἀκουσίως
1319 2057 1473 2093 ὑπομένων,
1487 2058 1545 2084 ἀλλ’
1560 2058 1603 2084 ἐπ’
1619 2057 1746 2089 ἐξουσίας
1764 2056 1808 2092 τῷ

1007 2106 1112 2141 σώματι
1123 2105 1284 2132 ἐπιτάττων.
1305 2104 1368 2131 Ἐπὶ
1397 2104 1451 2139 γὰρ
1466 2103 1545 2139 ἡμῶν
1570 2103 1628 2130 τῶν
1646 2102 1809 2138 ἀνθρώπων

1005 2151 1111 2187 δάκρυα
1127 2151 1177 2186 μὲν
1196 2152 1328 2186 ἐκχεῖται,
1346 2150 1395 2184 οὐχ
1412 2150 1451 2176 ὅτ’
1468 2150 1502 2177 ἂν
1522 2149 1656 2185 θέλωμεν,
1676 2149 1807 2184 σώματος

1005 2197 1034 2223 δὲ
1055 2197 1120 2223 ὄντα
1135 2197 1237 2231 φυσικὰ
1258 2195 1342 2231 πάθη,
1361 2196 1409 2223 καὶ
1432 2195 1567 2226 ἀκουσίως
1583 2194 1670 2221 ταῦτα
1693 2194 1806 2229 ὑπομέ-

1007 2249 1102 2276 νομεν·
1120 2241 1134 2265 ὁ
1148 2240 1176 2267 δὲ
1192 2240 1258 2272 Θεὸς
1268 2240 1318 2275 οὐχ
1330 2239 1427 2271 οὕτως,
1441 2239 1498 2266 ἀλλ’
1516 2239 1559 2265 ἐπ’
1573 2238 1697 2272 ἐξουσίας
1712 2239 1807 2265 πάντα

1007 2287 1103 2320 ποιῶν,
1123 2287 1170 2313 καὶ
1186 2286 1257 2313 κατὰ
1269 2285 1324 2313 τῶν
1338 2285 1444 2321 ἐχθρῶν
1460 2286 1494 2320 τῇ
1511 2285 1580 2320 αὐτῇ
1597 2285 1713 2320 δυνάμει
1733 2285 1805 2320 χρή-

1007 2341 1092 2360 σεται.

1041 2388 1097 2424 Τῆς
1108 2389 1168 2415 κατ’
1186 2387 1264 2420 ἀξίαν
1275 2388 1329 2414 τῶν
1346 2387 1553 2423 ἁμαρτημάτων
1564 2386 1696 2421 αἰσχύνης
1707 2385 1804 2418 ἀξίους

1005 2433 1074 2462 εἶναι
1087 2434 1186 2466 αὐτοὺς
1198 2435 1298 2469 φάσκει
1308 2442 1315 2450 ·
1330 2435 1377 2461 καὶ
1391 2433 1529 2465 τοιούτους
1544 2433 1667 2466 ἔσεσθαι,
1683 2430 1730 2459 οἷά
1749 2441 1805 2467 περ

1005 2482 1052 2508 καὶ
1080 2480 1114 2508 τὰ
1133 2481 1294 2517 σεϐάσματα
1315 2480 1421 2512 αὐτῶν,
1439 2480 1510 2507 κατὰ
1533 2480 1563 2506 τὸ
1586 2479 1804 2514 γεγραμμένον

1007 2537 1016 2552 ε
1033 2527 1141 2562 Ὅμοιοι
1156 2527 1247 2559 αὐτοῖς
1260 2527 1381 2561 γένοιντο
1395 2527 1420 2553 οἱ
1437 2525 1578 2556 ποιοῦντες
1599 2525 1688 2551 αὐτὰ·
1704 2535 1713 2550 ι
1733 2526 1758 2551 εἰ
1773 2524 1803 2550 δὲ

1005 2572 1084 2608 ὕϐριν
1099 2572 1209 2607 ἡγεῖσθε
1228 2573 1258 2599 τὺ
1274 2571 1464 2608 ἐξομοιοῦσθαι
1479 2573 1534 2602 τοῖς
1550 2571 1721 2606 σεϐάσμασιν
1735 2571 1803 2596 ἑαυ-

1003 2619 1069 2651 τῶν,
1084 2619 1151 2645 πολὺ
1167 2619 1298 2655 πρότερον
1320 2619 1391 2646 κατὰ
1416 2618 1479 2645 νοῦν
1501 2618 1609 2649 λάϐετε,
1625 2617 1663 2649 ὡς
1686 2617 1805 2648 ἑαυτοὺς

1003 2664 1171 2700 ἀτιμάζετε,
1196 2665 1328 2696 δεσπότας
1353 2665 1453 2696 αὐτοὺς
1477 2664 1524 2691 καὶ
1545 2663 1623 2696 θεοὺς
1646 2663 1804 2699 ἐπιγραφὲ-

1026 2720 1091 2737 ενοι.

1026 2720 1091 2737 ενοι.

1005 2720 1023 2746 μ
1038 2757 1133 2783 Τοίνυν
1151 2756 1184 2782 τὰ
1202 2756 1368 2792 αἰσθητήρια
1384 2756 1557 2792 κεκτημένοι,
1571 2755 1617 2782 τὸν
1636 2755 1740 2784 σκοπὸν
1753 2753 1804 2782 τοῦ

1065 2835 1084 2850 ιθ
1094 2833 1164 2862 Psal.
1181 2842 1256 2867 (ειμι,
1274 2835 1300 2862 8.
