1919 3075
64 139 135 167 1557

758 143 790 171 IN
811 143 938 171 ΙδΑΙᾹΗ.

1626 141 1695 170 1558

55 199 212 231 καλοῦντος
235 199 306 234 ὑμᾶς
327 200 488 235 ὲννοήσατετ
504 199 542 232 ὡς
567 201 606 232 εἰς
627 199 752 236 οὐράνιον
779 201 848 227 πολι-

907 201 943 228 sit
958 208 1034 228 mens
1053 200 1190 228 vocantis.
1211 199 1251 228 Ad
1277 200 1418 227 cmlestem
1442 199 1581 226 civitatem
1604 200 1694 227 vocati

55 244 140 271 τείαν
153 244 298 279 κέκλησθε,
313 245 361 271 καὶ
379 246 419 277 εἰς
435 246 567 280 ἀγγέλους
580 245 667 272 τελεῖν
683 246 854 282 παρεσκεύα-

57 288 128 315 σθε·
150 288 225 315 οὐδὲν
249 289 342 324 ἕτερον
366 291 430 324 παρ’
456 289 532 325 ὑμῶν
552 290 693 322 ἀπαιτῶν,
711 290 727 325 ἢ
747 289 796 324 τὴν
824 289 854 321 ἐξ

58 334 172 366 εὐνοίας
199 334 314 361 αῖνεσιν·
337 335 426 371 ἥνπερ
454 335 667 371 παραλιπόντες,
687 335 853 362 ὲκδεδώκατε

58 380 177 412 ἑαυτοὺς
203 380 241 414 τῷ
263 381 384 416 πονηρῷ,
411 381 458 408 καὶ
481 382 610 415 γεγόνατε
633 381 737 408 ἐκείνου
753 382 853 417 αἰχμάι

59 426 159 459 λωτοι,
175 426 368 461 παγιδεύοντες
383 427 481 458 αὐτοὺς
493 428 523 454 ὲν
539 427 701 462 συνειδήσει,
716 428 761 454 καὶ
777 428 854 454 εἰδω-

59 471 237 504 λοποιοῦντες
261 474 290 499 ἐν
312 474 367 504 τοῖς
383 473 466 505 οἴκοις
488 472 579 508 ὑμῶν·
607 473 661 500 ἀπὸ
684 473 738 509 γὰρ
760 473 852 500 κακῶν

59 518 176 545 ἐννοιῶν
192 519 232 550 εἰς
254 518 333 554 ἔργον
349 518 559 554 προκεχώρηκεν
573 519 637 554 ὑμῖν
655 518 690 545 τὰ
710 518 852 554 ἐπιτηδεύ-

62 573 154 599 ματα·
166 565 269 600 διόπερ,
282 564 454 600 αἰχμαλωσίᾳ.
467 566 500 600 τῇ
513 573 542 591 τε
555 564 625 591 κατὰ
636 564 714 599 σῶμα
723 565 770 590 καὶ
779 564 852 599 ψυχῇ

60 610 271 645 ὑποϐληθέντες,
281 610 329 645 οὺχ
343 610 417 642 ἕξετε
427 609 471 636 τὸν
485 611 532 636 ἀντ
537 609 578 636 ιλα
583 609 748 645 μόανόμενον
757 609 832 644 ὑμῶν
843 618 849 624 ·

59 656 118 682 τῶν
133 656 187 690 γὰρ
204 655 339 691 πολεμίων
356 655 532 687 ἐπελθόντων,
550 656 574 682 οἱ
597 656 769 691 νομισθέντες
788 656 852 691 παρ’

60 702 128 737 ὑμῖν
143 700 213 728 εἶναι
227 702 282 728 θεοὶ
293 703 324 728 οὑ
339 701 376 737 μὴ
387 702 530 735 ἐξέλωνται
548 702 629 737 ὑμᾶς,
647 702 706 728 οὐδὲ
727 702 760 728 τὰ
777 702 852 737 παρὰ

58 746 116 772 τῶν
132 746 268 781 πολεμίων
287 746 473 782 ὄιαρπαγέντα
494 747 763 781 ἀποκαταστήσωσιν
776 747 850 780 ὑμῖν.

98 793 156 827 Τῆς
175 792 206 825 ἐξ
222 792 358 827 Αἰγύπτου
384 792 539 828 ἐλευθερίας
559 793 779 827 ὑπομιμνήσκει⁴
795 792 850 818 δει-

60 838 140 870 κνὺς,
157 838 205 871 ὡς,
224 838 290 864 Ὅλα
304 838 367 873 ἔθνη
381 838 619 873 τιμωρησάμενος,
631 836 707 872 ὑμῶν
725 837 851 863 ἀντικατ-

905 246 982 277 estis,
1000 250 1027 274 et
1045 246 1073 273 in
1095 246 1254 281 angelorum
1271 245 1441 272 consortium
1459 243 1608 276 destinati;
1627 244 1695 271 nihil

905 300 920 319 a
937 293 1015 320 vobis
1032 292 1157 327 deposcit
1180 291 1270 324 Deus,
1290 297 1386 326 praeter
1402 291 1471 325 grati
1487 289 1569 317 animi
1589 290 1693 317 laudes.

904 338 977 371 Quas
1005 343 1094 366 autem
1112 338 1286 372 denegantes,
1307 337 1380 364 malo
1403 344 1451 363 vos
1474 336 1548 370 ipsos
1568 335 1692 368 dedistis,

904 384 978 412 illius
1004 384 1103 419 captivi
1129 383 1193 410 facti
1228 384 1295 410 estis
1311 402 1319 414 ,
1355 382 1553 410 conscientiam
1576 381 1694 408 obdure-

905 434 1022 462 scentes,
1050 434 1077 457 et
1103 429 1173 456 idola
1201 429 1227 455 in
1255 428 1382 455 domibus
1404 428 1502 455 vestris
1524 428 1694 455 constituen-

904 480 966 509 tes;
985 479 1048 502 actu
1062 475 1133 502 enim
1151 473 1315 510 perfecislis,
1340 481 1401 508 qua
1425 473 1502 508 prius
1524 476 1615 500 mente
1631 477 1690 500 stu-

903 520 1033 547 dueratis.
1060 519 1230 553 Quapropter
1254 522 1279 545 et
1291 525 1406 552 corpore
1421 521 1448 544 et
1463 517 1553 544 animo
1580 517 1608 544 in
1640 525 1688 545 ca-

903 565 1051 600 ptivitatem
1071 564 1186 596 redacti,
1204 571 1258 590 non
1284 563 1418 590 habebitis
1437 563 1484 597 qui
1505 571 1554 590 vos
1579 563 1689 591 liberet.

903 610 969 637 Nam
987 609 1110 637 hostibus
1125 616 1173 636 vos
1193 609 1393 639 invadentibus,
1410 616 1463 635 non
1479 613 1621 644 protegent
1644 617 1690 637 vos

906 657 957 687 illi,
971 657 1018 691 qui
1033 655 1070 682 dii
1086 663 1147 683 esse
1164 659 1336 690 repulantur,
1354 662 1405 682 nec
1420 659 1496 690 rapta
1512 655 1546 682 ab
1567 655 1691 683 hostibus

902 702 980 729 vobis
994 702 1149 728 restituent.

938 790 1004 818 Car.
1034 789 1127 822 XLlll,
1146 789 1229 816 Vens.
1251 789 1277 816 3.
1299 787 1500 816 Liberationcm
1521 796 1554 814 cx
1573 787 1690 823 Egypto

902 839 1108 862 commemorat.
1123 834 1224 862 Gentes
1238 837 1351 861 cunctas
1364 832 1452 867 pernis
1463 832 1605 859 alliciendo
1616 840 1693 859 com-

59 884 238 920 ηλλαξάμην,
266 884 385 915 ἐκείνους
417 884 468 918 μὲν
491 883 620 914 κακώσας
652 883 699 910 καὶ
726 883 848 919 ἀπωλείᾳ

905 881 1084 908 mutationem
1101 884 1220 907 vestram
1235 879 1297 911 feci,
1314 879 1412 912 inquit,
1425 877 1485 904 illos
1493 878 1601 912 quidem
1618 878 1691 904 cala-

60 930 213 966 παραδοὺς,
230 931 293 966 ὑμῖν
307 930 334 956 δὲ
347 929 471 965 βοήθειαν
484 929 590 964 νείμας.

97 1026 183 1053 Πάλιν
201 1025 317 1052 ἐνταῦθα
334 1025 546 1061 ὑπομιμνήσκει,
563 1025 604 1052 ὅτι
627 1026 675 1061 οὐχ
691 1026 728 1057 ὡς
740 1026 850 1057 οἰκείοις

58 1073 155 1102 πόνοις
168 1071 247 1104 δόξαν
264 1072 368 1102 ἑαυτοῖς
383 1071 619 1106 περιεποιήσαντο,
633 1072 693 1098 οὐδὲ
706 1072 758 1108 [δίᾳ
770 1072 849 1098 δυνά-

59 1127 108 1153 μει
130 1117 185 1143 τῶν
201 1116 284 1143 ἐθνῶν
307 1116 506 1152 περιεγένοντο,
528 1116 595 1143 ἀλλὰ
611 1116 658 1143 τοῦ
673 1117 739 1144 Θεοῦ
764 1118 849 1144 ἁπαν-

56 1163 145 1199 ταχοῦ
159 1163 206 1190 καὶ
220 1163 321 1189 τούτων
338 1163 386 1198 ὲρη
392 1162 511 1197 μούντων
526 1162 698 1198 ἐνεργοῦντος
710 1163 780 1190 κατὰ
794 1163 848 1189 τῶν

57 1209 208 1236 ἐναντίων·
232 1208 360 1244 ἑλομένου
383 1208 435 1243 γάρ
455 1217 504 1243 μου
523 1209 656 1236 συντελεῖν
679 1217 708 1236 σε
730 1210 769 1240 είς
786 1209 848 1236 λαὺν

57 1254 139 1290 ἐμὸν,
154 1253 322 1288 ἁπρονόητος
334 1253 363 1279 οὑ
382 1252 550 1288 μεμένηκας.

97 1310 193 1345 Ὀτιή
220 1309 322 1344 ἕρημος
352 1308 460 1336 νοτίδων
485 1307 566 1334 θείων
588 1307 760 1343 τυγχάνουσα
775 1308 847 1344 ψυχὴ

59 1356 133 1392 μετὰ
145 1356 195 1392 τὴν
218 1355 368 1391 παρουσίαν
388 1354 436 1380 ’τοῦ
458 1353 582 1389 Σωτῆρος
595 1353 756 1389 πλημμυρεῖ
770 1353 848 1381 Θείων

58 1402 234 1437 διδαγμάτων
245 1422 252 1435 ,
269 1401 298 1433 ὃς
320 1401 368 1436 τὴν
392 1401 453 1428 καθ’
469 1400 583 1426 ἕκαστον
597 1400 682 1435 ἄνδρα
699 1400 744 1427 καὶ
771 1402 847 1437 κοινῇ

56 1449 110 1484 τὴν
129 1447 291 1483 Ἐκκλησίαν
309 1448 354 1474 an.
371 1448 503 1482 ποταμοῖς
517 1446 682 1481 ὲπαρδεύετο
697 1448 752 1478 τοῖς
762 1447 848 1478 θείοις

57 1495 239 1530 διδάγμασιν·
258 1493 357 1529 ὁμοίως
373 1493 401 1519 δὲ
419 1493 525 1527 νοήσεις
551 1492 598 1518 καὶ
619 1492 653 1519 τὰ
672 1493 745 1527 ἑξῆς,
763 1494 849 1529 ἁρμό-

900 926 1043 953 mitatibus
1058 931 1086 953 et
1099 926 1183 952 exitio
1196 925 1329 960 afﬂigens,
1344 931 1394 951 vos
1406 927 1496 951 autem
1516 924 1616 950 auxilio
1630 931 1692 951 meo

899 971 1005 998 fovens.
1432 974 1434 976 '

938 1028 1018 1055 Vens.
1035 1028 1062 1055 4.
1090 1027 1191 1054 lterum
1211 1027 1255 1055 hic
1272 1027 1404 1059 declarat,
1421 1027 1494 1062 ipsos
1513 1034 1567 1054 non
1589 1026 1691 1054 labori-

899 1075 951 1102 bus
964 1075 1023 1102 suis
1037 1073 1152 1109 gloriam
1175 1074 1290 1108 adeptos
1305 1081 1378 1105 esse,
1401 1080 1451 1099 nec
1465 1080 1514 1099 sua
1532 1072 1632 1099 virtute
1647 1073 1690 1099 fu—

902 1121 1009 1156 gavisse
1026 1121 1132 1152 hostes,
1149 1119 1196 1147 sed
1213 1119 1296 1146 Deum
1313 1119 1424 1153 ubique,
1443 1121 1470 1145 et
1486 1125 1535 1153 per
1549 1125 1579 1145 se
1592 1118 1689 1144 adrer-

901 1167 989 1193 sarios
1004 1173 1129 1201 quosque
1147 1165 1289 1200 repulisse.
1307 1164 1363 1200 Ego
1379 1165 1450 1192 enim
1473 1168 1499 1191 te
1519 1164 1645 1198 eligerem
1658 1169 1689 1190 ut

898 1217 925 1240 te
952 1212 1082 1247 populum
1096 1218 1185 1238 meum
1211 1210 1338 1243 facerem,
1360 1210 1519 1245 imprudens
1548 1216 1613 1236 vero
1633 1216 1689 1236 non

899 1257 1093 1292 perseverasti.

934 1311 1018 1339 Vens.
1035 1311 1079 1338 l9.
1104 1311 1216 1339 Deserta
1238 1310 1310 1338 facta
1333 1310 1453 1337 hominis
1470 1309 1580 1341 anima,
1598 1312 1625 1335 et
1641 1308 1687 1334 div

899 1359 970 1386 vinis
983 1357 1197 1393 cogitationibus
1211 1364 1295 1384 vacua
1306 1375 1314 1388 ,
1337 1360 1399 1391 post
1415 1355 1564 1382 Salvatoris
1578 1354 1682 1381 adven-

898 1409 956 1431 tum
974 1403 1074 1431 divinis
1098 1403 1232 1430 doctrinis
1257 1402 1416 1437 replebitur,
1435 1400 1480 1436 qui
1501 1400 1622 1435 singulos
1637 1399 1687 1426 ho-

898 1450 986 1477 mines
1012 1452 1040 1476 et
1066 1449 1223 1476 universam
1246 1447 1397 1474 Ecclesiam
1420 1446 1500 1481 quasi
1526 1445 1689 1472 ﬂuminibus

898 1495 1057 1523 coelestibus
1081 1495 1214 1522 doctrinis
1233 1494 1374 1528 irrigavit;
1393 1493 1520 1521 similiter
1540 1496 1566 1519 et
1589 1496 1686 1519 caetera

57 1541 116 1574 ζων
132 1540 247 1568 ἕκαστον
262 1539 317 1566 τῶν
332 1539 480 1574 λεχθέντων
499 1538 538 1570 εἰς
559 1537 609 1564 τὴν
626 1538 656 1566 ὲν
668 1538 767 1574 ψυχαῖς
782 1539 848 1566 θεω-

905 1541 1136 1576 lnterpretaberis,
1146 1539 1226 1568 verba
1234 1539 1341 1575 singula
1350 1539 1384 1566 ad
1392 1538 1545 1565 animarum
1561 1544 1689 1564 naturam

60 1587 137 1622 ρίαν.

96 1643 153 1677 Τὴν
179 1642 281 1670 ἄνωθεν
297 1643 344 1670 καὶ
365 1644 398 1670 ὲκ
421 1643 542 1671 παλαιῶν
568 1645 671 1680 χρόνων
698 1644 847 1680 γενομένην

57 1689 151 1716 αὐτῶν
171 1689 298 1725 πρόνοιαν
327 1689 404 1724 παρὰ
422 1689 470 1716 τοῦ
489 1689 556 1716 Θεοῦ
586 1690 789 1716 ὑποδείκνυσιν·
816 1691 848 1717 οὺ

57 1734 116 1770 γὰρ
140 1733 187 1760 νῦν
208 1733 336 1769 ἠρξάμην
352 1735 476 1769 προνοεῖν
497 1734 588 1769 ὑμῶν·
612 1734 672 1760 οὐδὲ
694 1734 774 1769 ἡνίκα
798 1734 848 1770 τήν

56 1781 109 1807 ἀπ’
128 1779 264 1813 Αἰγύπτου
287 1779 375 1812 ἔξοδον
399 1779 550 1812 ἐποιεῖσθε,
582 1779 676 1810 θυσίας
703 1780 775 1814 ὑμᾶς
795 1779 848 1805 άπ-

54 1825 158 1861 ῄτησα·
170 1825 230 1851 οὐδὲ
241 1825 310 1861 μετὰ
325 1825 454 1860 καμάτων
463 1825 528 1856 τοὺς
542 1825 679 1856 ἐναντίους
691 1824 846 1860 χειροῦσθαι

58 1871 239 1907 συνεχώρησα
247 1880 255 1887 ·
264 1871 333 1898 ἀλλὰ
344 1872 390 1898 καὶ
401 1870 486 1898 ταῦτα
501 1871 665 1906 προσφέρειν
684 1871 752 1906 μετὰ
763 1871 846 1897 ταῦτα

57 1917 193 1950 ὲνέδωκα,
210 1918 363 1953 ἀποστῆσαι
381 1917 540 1953 βουλόμενος
562 1917 695 1949 εἰδώλων,
711 1918 759 1944 καὶ
782 1918 846 1953 ὑμῖν

57 1964 210 2000 προφάσεις
223 1964 391 2000 δωρημάτων
406 1963 594 2000 παρασχέσθαι
604 1972 610 1978 ·
619 1963 650 1990 οὐ
661 1963 716 1999 γὰρ
726 1963 754 1990 ὲν
767 1964 847 2000 χρείᾳ

56 2010 164 2037 τούτων
180 2010 348 2046 καθέστηκα.

101 2056 328 2092 Ὑπομιμνήσκει,
340 2056 378 2088 ὡς
396 2057 443 2083 καὶ
460 2057 535 2091 κοινῇ
550 2055 597 2082 τοῦ
612 2055 707 2090 γένους
723 2055 770 2081 καὶ
793 2054 845 2090 ίδίᾳ

56 2102 177 2130 ἑκάστου
197 2103 313 2138 ποιητὴς
330 2103 514 2138 καθέστηκεν·
530 2102 599 2129 ἀλλὰ
613 2102 660 2129 καὶ
681 2101 725 2128 διὰ
743 2101 846 2133 κοιλίας

58 2149 197 2184 μέμνηται
221 2148 366 2184 διήκουσαν
386 2148 530 2184 πρόνοιαν,
547 2146 782 2180 ζωοπλαστοῦντος
800 2146 846 2172 αὐ-

54 2193 107 2220 τοῦ
122 2194 225 2225 πάντας
240 2195 316 2229 ἡμᾶς
338 2195 368 2221 ὲν
393 2195 428 2229 τῇ
447 2192 524 2230 νηδύϊ
546 2193 596 2229 ’τῆς
612 2192 731 2229 μητρὸς,
753 2192 845 2219 καὶτὸ

56 2238 129 2266 εἶναι
143 2241 209 2275 ἡμῖν
221 2239 347 2272 διδόντος.

94 2295 261 2322 Ἐνταῦθατὺ
274 2305 283 2321 ‹
296 2295 346 2322 οὐκ
357 2292 427 2331 ἦσαν
439 2295 477 2331 (9)
489 2296 513 2322 οἱ
527 2295 700 2328 πλάττοντες,
715 2295 763 2321 »οὐ
771 2293 846 2329 παρὰ

57 2341 90 2367 τὸ
105 2341 142 2377 μὴ
158 2339 228 2367 εἶναι
242 2342 305 2373 τοὺς
320 2341 407 2368 ταῦτα
420 2341 630 2377 ἐργαζομένους,
646 2340 713 2367 ἀλλὰ
727 2340 802 2376 παρά
817 2340 847 2366 τὸ

60 2387 99 2423 μή
114 2387 242 2414 δύνασθαι
258 2387 364 2423 βοηθεῖν
378 2389 433 2419 τοῖς
447 2387 643 2423 Θεραπεὺουσιν
655 2386 736 2419 αὐτὰ,
755 2386 793 2418 ὡς
809 2386 846 2422 μὴ

57 2432 150 2464 δντες’
166 2433 214 2460 καὶ
228 2433 282 2468 γὰρ
299 2433 346 2459 καὶ
366 2433 447 2468 ἡνίκα
466 2433 483 2468 ὴ
499 2432 576 2468 χώρα
591 2434 647 2463 τοῖς
667 2431 848 2467 Ἰσραηλίταις

59 2478 277 2514 ὲκληροδοτεῖτο,
308 2478 413 2505 πολλῶν
436 2478 520 2505 ὄντων
546 2479 741 2514 σεϐασμάτων,
762 2478 847 2510 οὕτως

59 2523 208 2559 ἀνῃροῦντο
225 2524 271 2550 καὶ
292 2523 454 2556 ἐξεωθοῦντο
480 2523 533 2550 τῶν
549 2525 640 2551 τόπων
656 2524 690 2551 τὰ
712 2524 791 2559 ἔθνη,
809 2524 847 2555 ὡς

58 2569 110 2605 τὴν
129 2569 178 2604 μὲν
200 2569 310 2596 ἐκείνων
336 2569 488 2605 ἀδυναμίαν
513 2570 561 2596 καὶ
579 2570 717 2597 οὺθένειαν
741 2570 847 2597 δείκνυ-

59 2614 133 2647 σθαι,
148 2614 327 2651 φανεροῦσοαι
343 2616 372 2643 δὲ
385 2616 435 2651 τὴν
449 2614 497 2642 τοῦ
510 2615 578 2642 Θεοῦ
594 2616 764 2644 δεσποτείαν.

96 2703 230 2729 ’Λϐυσσον
247 2703 373 2739 εἰρήκασι
393 2704 443 2739 τὴν
459 2703 593 2739 Ἐρυθρὰν
611 2703 758 2737 θάλασσαν,
777 2704 844 2740 ἐρη-

58 2747 196 2784 μωθεῖσαν
213 2749 365 2775 παοιόντων
382 2749 436 2775 τῶν
453 2748 626 2784 Ἰσραηλιτῶν
636 2755 643 2763 ’
658 2750 796 2783 ποταμοὺς
814 2749 843 2776 δὲ

900 1587 1034 1616 referens.

936 1643 1021 1670 Vens.
1039 1642 1085 1669 22.
1103 1641 1126 1668 A
1142 1641 1277 1677 principio
1294 1643 1321 1667 et
1337 1640 1370 1667 ab
1385 1639 1507 1675 antiquis
1519 1639 1686 1674 temporibus

901 1698 930 1718 se
946 1689 1075 1724 peculiari
1091 1695 1139 1716 eos
1150 1687 1323 1722 providentia
1339 1686 1449 1718 fovisse,
1462 1686 1583 1713 declarat
1595 1686 1665 1713 Deus
1676 1694 1683 1700 ·

900 1736 960 1764 Non
987 1743 1060 1762 nunc
1080 1734 1198 1768 primum
1213 1733 1298 1760 vestri
1313 1740 1408 1760 curam
1428 1732 1513 1768 gessi,
1538 1740 1588 1759 nec
1605 1732 1686 1759 dece-

900 1782 1030 1810 dentibus
1040 1781 1118 1808 vobis
1133 1788 1166 1808 ex
1187 1779 1317 1815 Egypto,
1333 1779 1460 1806 victimas
1478 1786 1494 1806 a
1508 1779 1583 1806 vobis
1595 1779 1684 1813 exegi,

901 1836 954 1856 nec
968 1828 1062 1855 hostes
1078 1826 1156 1854 vobis
1176 1833 1238 1853 cum
1259 1825 1400 1852 laboribus
1413 1824 1562 1852 vincendos
1574 1824 1687 1852 tradidi.

902 1874 954 1902 Sed
968 1877 1063 1908 postea
1077 1872 1207 1900 victimas
1220 1871 1282 1898 ideo
1295 1871 1402 1906 excepi,
1417 1871 1491 1898 utab
1506 1870 1586 1898 idolis
1600 1871 1685 1898 absti—

900 1920 1004 1952 neatis,
1018 1924 1045 1947 et
1060 1919 1195 1946 benelicia
1207 1917 1340 1952 largiendi
1352 1917 1512 1944 occasiones
1531 1917 1596 1943 mihi
1615 1924 1684 1952 prae-

899 1965 987 1993 beatis
1002 1974 1009 1992 :
1027 1965 1088 1991 istis
1104 1963 1175 1991 enim
1193 1970 1247 1989 non
1266 1962 1382 1997 indigeo.

899 2055 909 2066 “
935 2053 1001 2081 Car.
1023 2051 1116 2085 XLIV,
1141 2050 1224 2078 Vnus.
1246 2051 1274 2078 2.
1302 2050 1433 2078 Memorat
1458 2048 1529 2077 Deus
1552 2056 1581 2076 se
1598 2049 1687 2076 totius

899 2099 999 2135 gentis,
1011 2103 1038 2126 et
1053 2098 1224 2133 singulorum
1241 2097 1383 2124 hominum
1395 2100 1545 2123 creatorem
1559 2100 1683 2129 exstare;

898 2149 925 2173 et
937 2151 1071 2180 quemque
1086 2147 1210 2172 nostrum
1226 2143 1268 2170 vel
1278 2144 1306 2170 ln
1322 2146 1401 2169 utero
1415 2142 1575 2176 matrisjam
1592 2142 1684 2176 provi-

897 2190 989 2218 dentia
1004 2190 1139 2221 coluisse,
1155 2196 1217 2215 cum
1237 2195 1333 2216 omnes
1346 2195 1398 2216 nos
1412 2188 1441 2215 in
1455 2192 1548 2215 ventre
1565 2187 1684 2222 plasma-

858 2229 882 2258 υ
895 2236 974 2268 verit,
991 2239 1019 2263 et
1034 2235 1090 2262 vita
1105 2233 1256 2261 donaverit.

940 2291 1021 2319 Vens.
1041 2291 1068 2319 9.
1088 2289 1138 2317 Hic
1157 2289 1240 2317 verba
1261 2290 1313 2317 ista
1331 2298 1338 2317 :
1359 2299 1368 2314 ι
1382 2289 1441 2316 Non
1460 2294 1537 2316 erant
1557 2288 1602 2323 qui
1629 2287 1684 2315 for-

897 2338 1020 2370 mabant,
1033 2347 1043 2363 ι
1061 2344 1115 2364 non
1128 2336 1268 2364 declarant
1284 2343 1332 2363 eos
1346 2342 1445 2370 reapse
1458 2342 1513 2362 non
1530 2334 1683 2366 exstitisse,

897 2382 945 2418 qui
962 2382 1034 2410 idola
1046 2381 1218 2417 sculpebant,
1236 2380 1284 2407 sed
1299 2387 1346 2407 eos
1360 2379 1434 2406 idola
1449 2379 1604 2406 colentibus
1619 2386 1684 2413 pro-

898 2428 977 2456 desse
993 2436 1048 2455 non
1066 2427 1199 2462 potuisse,
1218 2426 1297 2461 quasi
1318 2433 1373 2453 non
1395 2424 1519 2452 fuissent.
1542 2423 1609 2450 Nam
1628 2428 1684 2451 ter-

898 2480 956 2500 ram
980 2472 1110 2500 lsraelitis
1132 2471 1339 2507 usurpantibus,
1365 2478 1421 2497 non
1444 2469 1592 2497 defuerunt
1617 2476 1691 2496 sane

898 2518 980 2551 idola,
996 2518 1171 2553 possessione
1181 2523 1273 2545 tamen
1285 2524 1334 2545 sua
1356 2521 1451 2552 gentes
1468 2515 1595 2551 spoliata:
1618 2519 1686 2543 sunt

897 2569 924 2592 et
937 2564 1076 2599 expulsae:
1092 2564 1192 2599 quibus
1207 2563 1289 2591 simul
1305 2567 1332 2590 et
1354 2562 1489 2589 idolorum
1508 2561 1689 2588 imbecillitas.

896 2611 1102 2638 demonstratur
1118 2613 1145 2638 et
1158 2609 1333 2644 impotentia,
1350 2607 1399 2636 Dei
1419 2615 1484 2636 vero
1500 2610 1611 2643 apparet
1631 2607 1681 2633 im-

897 2656 1012 2691 perium.

934 2701 1016 2728 Vsus.
1032 2701 1077 2729 27.
1093 2700 1216 2736 Abyssus
1233 2708 1308 2728 mare
1331 2699 1515 2736 Erythraeam
1538 2697 1685 2733 designa:,.

898 2747 1104 2776 transeuntibus
1133 2747 1264 2776 lsraelitis
1286 2747 1457 2782 dcsolatum;
1484 2744 1595 2773 ﬂumina
1616 2751 1688 2772 vero‘

94 2827 132 2859 (5))
147 2826 327 2854 Communius
340 2827 430 2861 legunt
444 2835 449 2853 :
468 2827 523 2854 Οὐκ
535 2827 664 2860 ἥκουσαν·
680 2825 727 2854 sed
742 2826 818 2854 Alex.
833 2827 848 2853 Α

905 2825 934 2853 C.
949 2823 1028 2860 ἦσαν.
