1919 3075
231 135 300 164 1559

813 133 988 162 TllEODORI
1009 135 1270 164 IlEF-ACLEENSIS

1811 136 1872 162 1340

231 193 352 221 arefacta
366 190 512 219 Jordanem
535 187 951 228 nsdem'transéuntibusjussu
971 192 1019 220 Dei

1080 194 1258 230 Ξηρανθέντας
1277 195 1322 220 τὸν
1340 193 1476 229 Ἰορδάνην
1490 191 1642 227 εἰρήκασιν,
1661 190 1873 225 ἀναχαιτίσαντα

231 239 430 266 dehiscentem.

273 284 340 312 CAP.
358 282 442 316 XLV,
460 282 545 311 Vens.
562 283 590 310 9.
613 283 666 311 Per
680 292 712 312 ea
727 293 787 321 quae
809 286 867 314 ﬁeri
888 294 943 314 non
959 294 1021 322 pos-

231 333 296 359 sunt
308 329 442 357 informat
453 337 501 357 eos
518 329 552 356 ad
568 330 730 365 sapientiam
741 352 748 364 ,
762 331 882 360 suadens
899 337 929 359 ut
943 340 1022 368 atquo

231 378 322 405 animo
343 376 480 412 excipiant
497 373 669 412 quacunque
693 376 805 405 fuerunt
817 385 832 404 a
851 378 907 406 Deo
921 379 954 406 ad
967 379 1022 406 sal-

230 424 336 452 vandas
354 427 449 460 gentes
463 423 618 451 destinata:
643 431 699 459 quo
725 424 799 452 enim
824 425 906 452 modo
930 425 1019 453 lutum

233 461 346 506 ﬁgulum
367 477 423 497 non
448 469 607 505 redarguet,
632 477 684 498 nec
707 470 858 506 impedient
874 471 931 498 nati
951 479 1022 507 quo-

230 517 322 544 minus
341 520 369 544 et
385 515 453 543 alios
467 520 578 552 generet
594 520 672 551 pater
685 516 786 544 ardens
802 524 914 552 pueros,
929 521 957 545 et
971 518 1022 545 im-

231 563 270 599 pii
294 567 368 591 esset
382 562 502 591 hominis
517 563 714 599 parturientem
735 566 850 591 matrem
874 557 1022 599 reprehen-

232 611 314 637 dere:
332 610 368 637 ita
383 617 434 638 nec
450 618 509 642 vos,
522 610 621 645 inquit,
633 609 704 637 hanc
716 609 804 645 legem
814 609 870 638 Deo
882 611 1020 643 statuatis,

234 659 264 681 ut
277 656 304 681 in
319 662 368 682 vos
382 659 487 682 tantum
503 655 619 691 gratiam
635 663 711 682 suam
731 655 862 683 eﬁ‘undat.

274 700 359 727 Vens.
382 701 426 728 ii.
442 700 612 728 Committite
632 701 698 728 mihi
715 708 826 729 causam
843 705 974 734 vcslram.
992 706 1019 730 et

233 755 247 773 τι
261 748 349 774 salute
364 755 418 775 non
438 747 582 775 aberretis.
607 747 667 774 Non
686 748 753 775 mihi
768 746 837 783 opus
852 749 907 775 erit
920 749 1020 776 exhor-

232 793 383 821 tationibus
396 797 424 820 et
437 793 670 821 commendationi
679 793 731 821 bus
745 794 857 826 vestris,
871 798 901 821 ut
915 802 982 822 cura
995 799 1022 821 et

232 839 401 872 providentia
418 843 558 866 creaturas
573 846 648 867 meas
663 838 768 867 foveam
779 859 787 871 ,
810 848 871 875 qum
885 847 936 875 pro
957 839 1021 867 ﬁliis

1075 240 1121 265 ἐπὶ
1132 241 1166 275 τῇ
1179 239 1268 266 αὐτῶν
1282 238 1393 274 παρόδῳ
1411 235 1556 272 προστάξει
1567 235 1646 262 Θεοῦ.

1116 286 1182 312 Ἀπὸ
1206 285 1260 312 τῶν
1293 284 1331 320 μὴ
1354 282 1536 318 ἐνδεχομένων
1559 281 1684 316 γίνεσθαι
1713 280 1875 316 σωφρονίζει

1074 332 1190 364 αὐτοὺς,
1209 331 1345 358 παιδεύων
1372 330 1458 357 εῐκειν
1480 330 1536 361 τοῖς
1563 327 1640 363 παρὰ
1659 327 1710 354 τοῦ
1735 326 1809 353 Θεοῦ
1834 328 1875 353 ἐπὶ

1075 378 1198 414 σωτηρίᾳ
1211 377 1264 404 τῶν
1286 377 1370 404 ἐθνῶν
1391 376 1516 413 μέλλουσι
1536 374 1777 411 χαρισθήσεσθαιο
1797 374 1875 408 ὅνπερ

1074 425 1129 460 γὰρ
1144 424 1245 460 τρόπον
1269 423 1331 450 οὔτε
1355 423 1442 459 πηλὸς
1469 421 1673 454 ὲπιδιατάξεται
1700 420 1743 455 τῷ
1759 419 1874 454 alim.

1073 470 1136 497 οὔτε
1160 470 1244 497 τέκνα
1264 469 1382 497 κωλύσει
1395 469 1503 504 πατέρα
1526 467 1677 494 σπεύδοντα
1699 467 1752 493 καὶ
1779 466 1874 501 ἑτέρων

1074 516 1178 543 τέκνων
1197 515 1324 551 γενέσθαι
1352 515 1470 551 πατέρα,
1491 514 1539 541 καὶ
1562 514 1669 550 μητέθα
1686 512 1873 548 memmium

1075 562 1224 596 αἰτιᾶσθαι,
1249 562 1338 594 οὕτως
1358 561 1475 593 ἀσεϐοῦς
1493 561 1588 592 ὄντος·
1603 560 1660 586 οὐδ’
1676 560 1782 595 ὑμεῖς,
1804 559 1873 594 gnat,

1074 608 1113 644 τῷ
1129 608 1189 644 Θεῷ
1208 607 1414 641 ὲπιδιατάξεσθε
1438 608 1478 639 είς
1502 607 1574 642 ὑμᾶς
1592 606 1694 640 μόνους
1715 605 1874 641 περιστῆναι

1075 654 1109 682 τὰ
1124 656 1174 691 τῆς
1189 654 1273 681 αὑτοῦ
1290 655 1413 690 χάριτος.

1111 701 1189 736 Ἐμοὶ
1201 701 1372 737 ὲπιγράψατε
1391 699 1439 736 τὴν
1456 699 1593 735 ὑμετέραν
1610 698 1748 734 φροντίδα
1762 717 1770 730 ,
1786 698 1832 724 καὶ
1847 698 1870 723 οὗ

1077 747 1114 781 μὴ
1127 746 1297 782 διαμάρτητε
1310 745 1445 782 σωτηρίας
1457 753 1464 760 ·
1477 745 1538 772 οὔτε
1553 745 1609 780 γὰρ
1618 745 1671 779 τῆς
1686 744 1771 779 ὑμῶν
1785 743 1873 778 δεηθή-

1076 800 1158 827 σομαι
1172 791 1354 827 ὑπομνήσεως
1372 791 1389 827 ἢ
1407 791 1623 826 παρακλήσεως,
1636 790 1712 817 ὥστε
1730 789 1790 825 ἐμὰ
1802 790 1871 824 ποιή-

1077 846 1150 873 ματα
1165 838 1183 864 ἃ
1199 837 1228 864 ὲν
1244 838 1312 869 υἱοῖς
1328 838 1375 864 καὶ
1387 836 1540 873 θυγατράσι
1551 835 1759 872 κατειλεγμένα
1777 836 1871 868 τυγχα-

236 887 263 910 et
280 883 388 912 ﬁliabus
406 884 560 911 habuerim.
577 883 634 911 Nec
651 883 702 912 feci
717 885 817 912 ctelum
833 888 861 912 et.
877 889 978 912 terram
993 889 1023 912 ut

1080 892 1114 910 ψει
1125 903 1133 916 ,
1151 883 1311 919 ἐπιμελείας
1326 883 1374 910 καὶ
1393 883 1534 920 φροντίδος
1551 882 1708 917 ἀξιωθῆναι
1719 890 1727 897 ·
1751 882 1814 908 οὐδὲ
1827 882 1872 916 γὰρ

237 930 300 957 usui
317 930 382 957 mihi
398 935 502 961 essent,
520 933 550 956 ut
563 930 663 958 coelum
685 938 736 966 pro
753 930 864 961 throno.
877 934 904 958 et
923 935 1024 958 terram

232 982 283 1010 pro
316 975 435 1004 scabello
468 975 614 1007 haberem,
651 979 681 1003 ut
705 976 759 1005 illis
786 976 940 1004 involverer
966 984 1026 1011 quas

232 1021 374 1049 voluntate
400 1029 460 1049 mea
485 1022 545 1057 ipsa
572 1022 766 1056 continentur;
791 1023 838 1050 sed
857 1023 883 1049 in
902 1027 1023 1050 vestram

233 1068 378 1096 utilitatem
394 1071 494 1095 cuncta
515 1067 650 1103 disposui.
671 1067 828 1096 Praesertim
847 1076 913 1096 vero
933 1069 1026 1096 stella-

233 1121 296 1141 rum
311 1121 412 1142 cursus
427 1117 455 1142 et
470 1113 606 1141 stationes
621 1113 716 1149 dirigit
730 1114 859 1142 voluntas
879 1122 939 1141 mea
953 1122 960 1140 :
976 1122 1026 1142 nec

233 1160 338 1194 angelis
351 1159 424 1192 licet,
435 1159 500 1187 dum
515 1160 574 1188 haec
586 1160 622 1188 ita
638 1165 782 1195 reguntur,
797 1161 855 1188 otio
870 1168 899 1188 se
915 1160 1024 1193 dedere,

236 1205 285 1233 sed
299 1205 394 1233 laudes
409 1205 477 1232 mihi
486 1205 684 1234 tribueruntab
694 1206 762 1241 ipsis
773 1205 899 1239 debitas;
917 1205 1026 1234 cunctis

234 1251 318 1286 igitur
332 1259 348 1278 a
372 1259 415 1280 me
438 1251 584 1284 ordinatis,
604 1259 654 1279 nec
674 1255 788 1279 terrenae
812 1259 856 1278 me
877 1251 1024 1287 eﬂugiunt.

235 1295 282 1323 Sic
296 1296 438 1331 apparebit
449 1296 539 1332 Cyrus
558 1304 606 1324 rex
625 1300 652 1324 et
665 1297 766 1332 pietate
790 1296 819 1324 in
841 1304 885 1324 me
908 1297 1026 1332 insignis

233 1345 261 1369 et
280 1346 353 1370 recta
381 1342 534 1377 professus.
559 1342 619 1370 Non
644 1342 740 1370 latebit
765 1342 909 1370 scientiam
936 1351 1025 1371 meam

234 1392 360 1423 tempore
375 1396 426 1416 suo
440 1393 535 1422 natus,
551 1397 606 1417 non
622 1389 737 1416 arbitrio
755 1397 815 1422 suo,
827 1389 874 1417 sed
885 1393 953 1417 nutu
965 1398 1026 1418 meo

235 1433 319 1461 vitam
332 1434 470 1470 disponet,
483 1434 601 1463 reditum
618 1435 697 1463 vobis
707 1443 739 1463 ex
752 1435 912 1470 captivitate
927 1443 1025 1464 conce-

235 1480 292 1513 det,
313 1485 341 1508 et
363 1480 516 1509 Jerusalem
531 1481 622 1509 denuo
641 1481 799 1514 azdiﬁcabit,
822 1490 877 1510 non
903 1483 991 1518 pretio
1009 1490 1025 1510 a

235 1526 314 1554 vobis
329 1526 405 1559 dato,
419 1527 467 1555 sed
483 1527 599 1562 jubente
615 1529 758 1556 voluntate
775 1536 846 1556 mea.

1077 930 1190 965 οὐρανὸν
1204 931 1251 957 καὶ
1265 930 1316 966 γῆν
1332 929 1544 961 κατασκευάζων
1556 928 1593 961 ὡς
1614 928 1679 964 ἐμοὶ
1695 928 1798 964 χρείαν
1818 936 1871 954 συν-

1075 977 1219 1004 τελέσοντα
1234 977 1342 1004 ἐποίουν
1353 996 1361 1009 ,
1381 976 1425 1003 ἴνα
1479 984 1526 1010 μοι
1551 974 1647 1010 θρόνος
1663 975 1678 1001 ὁ
1693 974 1827 1009 οὖρανδς,
1842 975 1872 1008 γῆ

1075 1023 1104 1049 δὲ
1117 1023 1263 1049 ὑποπόδιον
1274 1043 1280 1055 ,
1298 1023 1345 1050 καὶ
1363 1023 1393 1050 ὲν
1408 1021 1514 1054 τούτοις
1531 1021 1709 1057 περιέχωμαι
1719 1041 1728 1052 ,
1741 1020 1824 1047 ὁπότε
1840 1021 1872 1055 τῷ

1076 1068 1135 1104 ὲμῷ
1158 1068 1290 1104 θελήματι
1304 1068 1391 1095 ταῦτα
1408 1068 1548 1103 συνέχεται
1566 1087 1574 1099 ,
1602 1067 1661 1094 ἀλλ’
1681 1067 1726 1098 εἰς
1743 1067 1873 1102 ὑμετέραν

1076 1115 1170 1150 χρείαν
1184 1114 1322 1149 ὑφιστῶψ
1335 1114 1366 1140 οὑ
1383 1114 1436 1150 μὴν
1453 1113 1520 1140 ἀλλὰ
1536 1113 1584 1140 καὶ
1609 1113 1741 1148 ἀστέρων
1764 1113 1874 1147 δρόμους

1076 1161 1123 1188 καὶ
1141 1161 1250 1193 στάσεις
1273 1161 1303 1187 τὸ
1325 1161 1391 1195 ἐμὸν
1409 1160 1532 1196 βούλημα
1549 1159 1650 1186 ἰθύνει·
1673 1159 1726 1186 καὶ
1739 1159 1796 1194 γὰρ
1811 1167 1874 1192 γινο-

1078 1207 1167 1243 μένων
1195 1207 1302 1239 αὑτῶν,
1328 1206 1439 1241 ἄγγελοι
1464 1206 1611 1242 ἡσυχάζειν
1640 1206 1694 1233 οὐκ
1721 1205 1873 1241 ἡνέεΓχο-γττ,

1076 1253 1144 1280 ἀλλὰ
1160 1253 1206 1280 τὸν
1221 1254 1266 1280 ἐπ’
1283 1253 1375 1286 αὐτοῖς
1390 1251 1465 1280 αἶνον
1484 1252 1663 1288 ὀφειλόμενόν
1681 1261 1731 1288 μοι
1747 1251 1872 1278 (inuisae)-

1077 1307 1150 1326 κασι.
1170 1300 1283 1326 Πάντων
1301 1299 1390 1326 τοίνυν
1410 1299 1456 1326 ὑπ’
1471 1299 1539 1334 ἐμοῦ
1556 1298 1799 1334 κυϐερνωμένων,
1818 1298 1872 1324 οὐδὲ

1075 1343 1110 1370 τὰ
1129 1344 1175 1370 ἐπὶ
1191 1344 1242 1379 τῆς
1253 1343 1306 1378 γῆς
1319 1344 1490 1379 ἑκπέφευγον
1503 1352 1510 1359 ·
1531 1344 1600 1370 ἀλλὰ
1613 1344 1663 1370 καὶ
1678 1344 1777 1380 Κῦρος
1793 1344 1807 1370 ὁ
1830 1343 1871 1378 βα-

1077 1391 1166 1423 σιλεὺς
1184 1391 1304 1418 εὐσεϐῶν
1317 1391 1351 1418 τὰ
1374 1391 1442 1428 πρὸς
1459 1392 1509 1427 ἐμὲ
1524 1392 1571 1419 καὶ
1586 1390 1615 1418 εὗ
1642 1392 1781 1428 πράσσων
1796 1392 1870 1425 ἔγνω-

1077 1444 1152 1464 σταιο
1181 1437 1228 1464 καὶ
1252 1436 1350 1464 οὔποτε
1366 1437 1477 1473 λήσεται
1503 1438 1553 1472 τὴν
1579 1438 1650 1473 ἐμὴν
1678 1437 1786 1472 γνῶσιν
1810 1438 1871 1464 κατὰ

1076 1483 1188 1519 χρόνους
1204 1483 1286 1515 ίδίους
1301 1483 1471 1518 γεννώμενος
1481 1504 1488 1515 ,
1503 1484 1550 1510 καὶ
1566 1484 1616 1510 οὐκ
1634 1484 1729 1519 οἰκεία
1750 1484 1869 1519 προαιρὲ-

1078 1537 1118 1555 σει
1134 1527 1163 1555 εὖ
1177 1528 1296 1564 βιώσων,
1313 1528 1381 1555 ἀλλὰ
1396 1529 1435 1565 τῷ
1447 1528 1507 1564 ἐμῷ
1522 1529 1637 1564 νεύματι
1648 1549 1655 1561 ,
1683 1530 1733 1556 καὶ
1751 1530 1801 1565 τὴν
1814 1528 1870 1555 κάθ-

234 1575 293 1602 οδον
307 1575 371 1610 ὑμῖν
397 1575 446 1610 τὴν
465 1575 519 1602 ἀπὸ
547 1575 598 1611 τῆς
627 1575 814 1612 αίχμαλωσίας
834 1576 987 1609 ἀποδώσει,
1019 1577 1066 1603 καὶ
1083 1576 1133 1612 τὴν
1165 1575 1344 1612 Ἰερουσαλὴμ
1361 1576 1561 1612 οἰκοδομήσει,
1587 1577 1618 1603 οὐ
1648 1577 1785 1613 χρήματα
1814 1578 1870 1610 παρ’

234 1621 311 1658 ὑμῶν
326 1622 506 1658 κομιζόμενος
519 1643 526 1656 ,
546 1623 614 1651 ἀλλὰ
628 1623 668 1660 τῷ
689 1624 749 1660 ὲμῷ
763 1624 879 1661 νεύματι
898 1624 990 1653 εἴκωνι

276 1667 359 1696 Vens.
382 1669 426 1696 M.
443 1669 551 1698 Rursus
569 1670 604 1697 ad
619 1671 829 1699 confundendos
846 1679 894 1700 eos
918 1679 1022 1700 memo-

1108 1667 1193 1695 Πάλιν
1200 1667 1255 1694 τῶν
1270 1667 1299 1694 ὲν
1305 1667 1435 1704 Αἰγύπτῳ
1443 1668 1574 1695 ὲπονειδεῖ
1583 1668 1676 1704 [-ιςει]
1686 1669 1737 1704 τὴν
1752 1670 1872 1705 μνήμην,

237 1714 308 1741 riam
325 1722 417 1742 rerum
433 1720 545 1744 revocat
559 1717 587 1743 in
601 1716 720 1753 Egypto
737 1721 878 1753 gestarum
896 1724 923 1746 et
944 1720 1028 1747 mira-

236 1761 360 1788 culorum
389 1768 405 1788 a
430 1760 487 1790 Deo
514 1768 611 1790 contra
635 1763 777 1799 Egyptios
808 1771 859 1798 pro
885 1764 1027 1793 liberanda

235 1805 337 1841 popqu
364 1806 510 1834 editorum.
539 1806 581 1835 llli
615 1808 726 1842 quidem
755 1808 949 1837 laboraverunt
978 1812 1028 1839 ob-

237 1850 382 1886 stupefacti
395 1860 403 1885 ;
420 1859 469 1879 vos
481 1859 547 1880 vero
561 1860 576 1880 a
594 1853 713 1888 peccatis
733 1860 789 1881 non
802 1855 967 1889 recessistis,
978 1856 1026 1884 sed

235 1899 316 1924 vanis
328 1898 428 1926 vestris
436 1898 671 1934 negotiationibus
685 1898 885 1935 defatigamini.
901 1901 936 1928 Et
945 1903 1026 1936 paulo

235 1946 295 1975 post
305 1949 314 1968 :
326 1941 533 1978 Negligentibus
544 1948 635 1971 autem
646 1943 724 1972 vobis
735 1943 821 1972 Deum
835 1949 862 1973 et
871 1953 965 1974 curam
978 1947 1028 1976 Dei

236 1985 432 2020 abnuentibus,
450 1988 593 2023 apparebit
616 1987 703 2017 Filius
720 1990 889 2025 unigenitus,
911 1993 958 2028 qui
978 2001 1027 2021 vo-

236 2030 371 2058 luntatem
386 2039 474 2060 meam
499 2033 635 2068 perﬁciet,
658 2039 686 2062 et
702 2036 832 2065 omnibus
846 2036 931 2066 Israel
950 2039 1023 2074 erit;

236 2078 355 2105 maxime
373 2085 438 2105 vero
451 2077 537 2107 ludas
561 2080 615 2107 erit
636 2080 692 2114 ille,
709 2081 737 2108 in
752 2089 808 2116 quo
830 2087 893 2110 vota
911 2083 1024 2118 faciant,

236 2129 286 2157 per
306 2129 386 2157 quem
412 2123 545 2151 beneﬁcia
570 2133 631 2153 mea
662 2127 833 2161 sortiantur,
856 2134 884 2156 et
908 2129 1024 2158 salutent

236 2173 454 2204 consequantur.
479 2170 538 2204 Qua
563 2172 636 2199 enim
659 2173 768 2202 ratione
791 2175 973 2210 complebitur
992 2177 1024 2204 il-

239 2214 285 2241 lud
297 2225 303 2242 :
317 2224 326 2241 ι
340 2215 378 2242 Ex
391 2216 510 2251 Egypto
524 2218 618 2245 vocavi
638 2218 736 2247 Filium
754 2227 845 2248 meum
859 2221 889 2248 ”.
908 2230 918 2247 ι
936 2221 1026 2251 ,ἰυύωί

236 2261 309 2288 enim
324 2261 498 2290 nomen'Filii
511 2263 716 2298 fastidiverunt,
734 2269 762 2293 et
779 2266 956 2296 multitudine
977 2268 1024 2296 be—

237 2306 396 2334 neﬁciorum
418 2316 541 2336 meorum
567 2311 689 2338 converti
713 2311 877 2346 noluerunt;
898 2313 1024 2349 unigeni-

237 2356 282 2379 tus
294 2361 359 2380 vero
370 2353 456 2382 Filius
469 2359 643 2390 praestantem
658 2357 732 2384 illam
743 2365 838 2386 vocem
855 2359 1025 2395 sibi-optime
1041 2344 1063 2372 Β

237 2396 401 2431 vindicavit;
415 2407 478 2426 nam
496 2407 559 2428 cum
584 2405 646 2436 post
660 2401 820 2430 defunctum
840 2402 976 2431 Herodem
991 2412 1026 2432 ex

237 2442 356 2479 Egypt!)
372 2445 484 2477 rediret,
506 2445 660 2474 rectissime
677 2447 846 2475 intellectum
861 2452 903 2476 est
919 2449 952 2476 de
965 2449 1026 2485 ipso

238 2489 304 2516 illud
319 2489 429 2518 eﬂ'atum
443 2500 449 2518 :
469 2501 477 2517 ι
493 2491 531 2518 Ex
539 2491 658 2528 Egypto
672 2494 766 2521 vocavi
780 2492 879 2522 Filium
896 2502 997 2522 meum.
1013 2505 1023 2522 ι

275 2577 355 2606 Vens.
373 2579 417 2606 16.
438 2578 606 2608 Referuntur
624 2581 682 2610 haec
696 2583 723 2610 in
738 2583 838 2620 Cyrum
853 2593 944 2621 regem
955 2587 1025 2622 ς,ςυί

237 2623 310 2650 enim
326 2624 465 2652 voluerint
480 2626 505 2653 ei
521 2627 668 2660 resistere,
688 2629 757 2656 nihil
778 2629 853 2657 aliud
872 2631 1025 2666 proﬁcient,

238 2668 287 2695 sed
308 2670 531 2704 confundentur;
557 2672 703 2701 intendunt
726 2675 809 2702 etiam
835 2675 930 2711 Israel,
946 2678 1026 2713 cujus

239 2712 269 2740 in
289 2721 388 2742 manus
411 2723 506 2744 omnes
534 2717 728 2746 tradentur.—
745 2719 851 2749 Insulas
879 2722 923 2750 hic
947 2728 1026 2750 vocat

241 2757 315 2792 ipsas
337 2759 487 2788 insularum
515 2763 650 2797 regiones.
678 2764 770 2793 Insula
793 2767 894 2795 dicitur
916 2772 943 2796 ct
967 2769 1025 2804 ipsa

279 2835 371 2864 "053.
391 2846 428 2868 xI.
447 2839 585 2869 l;.\l;lllli.
603 2850 631 2872 ιι.
650 2842 679 2869 15

1079 1713 1126 1740 καὶ
1138 1713 1191 1740 τῶν
1203 1714 1262 1740 ἐκεῖ
1276 1713 1576 1750 θαυματουργηθέντων
1593 1713 1648 1740 ὑπὸ
1660 1714 1710 1740 τοῦ
1724 1714 1797 1742 Θεοῦ
1810 1717 1873 1742 κατὰ

1077 1759 1132 1786 τῶν
1149 1759 1306 1794 Αἰγυπτίων
1326 1759 1372 1786 ἐπὶ
1388 1761 1422 1795 τῇ
1439 1759 1486 1786 τοῦ
1501 1759 1567 1787 λαοῦ
1590 1759 1738 1796 ἐλευθερίᾳ
1756 1761 1872 1796 ὑπόμνη-

1080 1813 1137 1837 σιςο
1155 1805 1193 1837 ὡς
1206 1806 1306 1832 ἐκεῖνοι
1322 1805 1370 1841 μὲν
1386 1805 1566 1841 πληττόμενοι
1582 1806 1763 1841 κεκμήκασιν
1776 1827 1784 1838 ,
1802 1807 1873 1842 ὑμεῖς

1077 1851 1106 1878 δὲ
1126 1851 1330 1887 ἁμαρτάνοντες
1357 1851 1407 1878 οὐκ
1435 1851 1616 1878 ἑνδεδὼκατε·
1642 1852 1714 1879 ἀλλὰ
1740 1854 1793 1880 καὶ
1819 1855 1872 1884 ταῖς

1077 1897 1181 1923 ἑαυτῶν
1200 1897 1346 1933 ἐμπορίαις
1363 1897 1599 1932 ἐματαιοπονεῖτε.
1616 1899 1672 1925 Καὶ
1688 1899 1757 1933 μετ’
1773 1900 1871 1934 ὀλίγα·

1083 1942 1176 1978 ’Υμῶν
1191 1943 1219 1969 δὲ
1233 1943 1407 1978 ἀμελούντων
1417 1963 1425 1976 ,
1439 1944 1486 1970 καὶ
1499 1943 1549 1979 τὴν
1561 1943 1638 1980 παρὰ
1648 1944 1698 1970 τοῦ
1712 1944 1786 1972 Θεοῦ
1803 1946 1874 1981 κηδε-

1078 1989 1174 2024 μονίαν
1189 1989 1453 2025 ἀποστρεφομένων,
1467 1990 1603 2025 παρέσται
1615 1992 1630 2017 ό
1645 1993 1805 2028 μονογενὴς
1819 1993 1873 2023 Υἱὸς

1076 2035 1230 2070 πληρώσων
1250 2035 1280 2062 τὺ
1298 2036 1364 2071 ὲμὸν
1382 2036 1506 2072 θέλημα,
1524 2036 1572 2063 καὶ
1587 2038 1645 2068 τοῖς
1661 2039 1751 2065 πᾶσιν
1772 2039 1871 2074 Ἰσραὴλ

1076 2081 1216 2116 γινόμενος
1228 2089 1237 2097 ⁸
1257 2082 1288 2108 οὐ
1309 2081 1362 2117 μὴν
1377 2082 1445 2109 ἀλλὰ
1458 2083 1507 2109 καὶ
1523 2083 1639 2115 Ἰούδας,
1653 2084 1684 2110 ἐν
1696 2081 1780 2121 ᾧπερ
1798 2094 1872 2121 πρησ-

1075 2127 1215 2160 εύξονται·
1237 2128 1272 2155 δι’
1300 2126 1331 2155 οὒ
1349 2129 1396 2156 καὶ
1417 2129 1471 2156 τῶν
1494 2130 1569 2165 ὲμῶν
1583 2129 1794 2158 ἀπολαύσουσιν
1811 2132 1870 2165 ἀγα-

1076 2173 1150 2206 θῶν,
1166 2174 1214 2201 καὶ
1233 2175 1370 2211 σωτηρίας
1387 2175 1527 2208 τεύξονται
1539 2184 1547 2191 ⁸
1570 2177 1618 2203 καὶ
1638 2176 1696 2212 γὰρ
1713 2178 1766 2211 τὸ,
1791 2187 1800 2204 ι
1821 2178 1871 2204 Ἀπ’

1075 2219 1212 2254 Αἰγύπτου
1229 2220 1348 2248 ἐκάλεσα
1366 2221 1411 2248 τὸν
1431 2221 1495 2248 Υἱόν
1514 2230 1581 2257 μου,
1605 2231 1613 2248 ι
1636 2222 1736 2250 τοῦτον
1754 2224 1802 2250 τὸν
1821 2224 1872 2259 τρό-

1076 2274 1125 2292 πον
1141 2266 1293 2302 ἐπληροῦτο
1306 2276 1312 2282 ’
1335 2267 1471 2295 Ἰουδαίων
1484 2268 1534 2303 μὲν
1545 2268 1576 2295 τὸ
1591 2268 1658 2294 Υἱοῠ
1673 2269 1767 2305 ὄνομα
1785 2270 1872 2304 άθετη-

1078 2312 1183 2339 σάντων
1196 2333 1203 2345 ,
1225 2313 1272 2340 καὶ
1290 2313 1358 2349 μηδὲ
1381 2313 1420 2349 τῷ
1446 2313 1542 2349 πλήθει
1562 2314 1618 2340 τῶν
1645 2315 1871 2350 παραηεοέντωδ

1079 2358 1170 2390 αὐτοῖς
1191 2358 1438 2394 ὲκδυσωπηθέντων
1455 2368 1461 2374 ι
1487 2359 1532 2386 τοῦ
1558 2359 1587 2386 δὲ
1617 2361 1789 2395 μονογενοῦς
1815 2361 1871 2388 rio;

1079 2403 1291 2439 οἰκειωσαμένου
1309 2405 1411 2441 κυρίως
1428 2405 1604 2441 ρωννυμένην
1624 2408 1723 2442 φωνήν
1738 2416 1745 2422 ·
1766 2408 1810 2434 ὅτε
1826 2407 1873 2442 γὰρ

1079 2449 1126 2476 άπ*
1140 2450 1279 2484 Αἰγύπτου
1305 2451 1373 2486 μετά
1395 2451 1441 2478 τὸν
1470 2451 1590 2487 Ἡρώδου
1611 2451 1733 2480 θάνατον
1757 2454 1872 2489 ἐπανῄει,

1079 2495 1214 2531 ἡρμόζετο
1228 2497 1330 2532 κυρίως
1338 2498 1384 2524 ἐπὶ
1396 2497 1478 2525 αὑτοῦ
1492 2498 1523 2524 τὸ
1534 2497 1630 2533 λεχθέν
1640 2507 1648 2513 ’
1661 2509 1671 2525 ι
1684 2499 1732 2532 Ἐξ
1740 2501 1872 2535 Αἰγύπτου

1079 2541 1196 2568 ἐκάλεσα
1214 2542 1259 2568 τὸν
1274 2542 1337 2569 Υίόν
1355 2551 1417 2578 μου.
1437 2553 1446 2568 ›

1114 2587 1290 2622 Λαμὸάνεται
1305 2589 1354 2623 μὲν
1373 2589 1403 2615 τὸ
1418 2589 1500 2625 ρητδν
1515 2589 1562 2616 καὶ
1577 2590 1618 2621 εἰς
1646 2591 1743 2626 Κῦρον
1772 2592 1817 2618 τὸν
1832 2592 1872 2627 βα-

1079 2633 1172 2665 σιλέα,
1193 2635 1235 2661 ὅτι
1259 2635 1283 2661 οἰ
1302 2635 1389 2671 τούτῳ
1413 2636 1568 2671 βουλόμενοι
1585 2637 1767 2665 ἀντιστατείν
1779 2659 1787 2670 ,
1807 2639 1872 2665 οὐδὲν

1077 2679 1171 2715 ἓτερον
1184 2680 1326 2716 ὀνήσουσιν
1336 2702 1343 2713 ,
1359 2682 1376 2717 ἢ
1392 2682 1522 2718 αἰσχύνην
1535 2683 1744 2717 ἀπενέγκονται
1757 2694 1764 2700 ·
1783 2687 1873 2714 νοεῖται

1077 2723 1106 2750 δὲ
1133 2725 1179 2751 καὶ
1204 2728 1244 2758 εἰς
1271 2727 1317 2754 τὸν
1353 2728 1459 2764 Ἰσραὴλ
1473 2748 1480 2760 ,
1501 2729 1539 2760 ὠς
1564 2729 1673 2762 πάντας
1706 2732 1872 2767 ὑποχειρίους

1079 2770 1177 2803 ἕξουσι.
1201 2788 1230 2792 ——
1246 2774 1351 2809 Νήτούς
1369 2775 1484 2802 ἐνταῦθα
1510 2775 1589 2802 καλεῖ
1615 2777 1665 2803 καὶ
1689 2778 1794 2810 αὐτοὺς
1821 2778 1871 2807 τοις
