1919 3075
50 156 118 185 55M

49 214 154 245 τόπους
175 214 228 239 τῶν
243 213 346 248 νήσων·
363 213 443 248 νῆσος
461 213 490 240 δὲ
507 213 554 240 καὶ
568 214 584 247 ἡ
608 212 783 248 Ἰερουσαλὴμ
797 213 841 239 λέ-

48 268 151 295 γεται,
177 260 342 295 συνεχομένη
365 260 414 295 μὲν
436 258 602 294 πανταχόθεν
621 259 674 285 ὑπὸ
696 258 749 285 τῶν
764 267 841 294 περι-

49 306 226 333 κυκλοῦντων
252 306 336 342 αὐτὴν
360 305 443 332 ἐθνῶν
462 325 470 337 ,
499 305 714 340 περικλυζομένη
738 304 766 331 δὲ
795 305 842 330 καὶ

50 352 105 379 ὑπὸ
120 352 176 379 τῶν
191 352 236 379 τοῦ
252 352 316 379 λαοῦ
340 351 480 387 ἁμαρτιῶν
500 347 537 377 ὧν
560 351 715 386 ἡμάρτανον
726 370 734 382 ,
751 351 791 381 εἰς
809 349 843 376 τὰ

51 397 101 432 ἔθη
119 398 176 424 τῶν
186 398 269 424 ἐθνῶν
286 397 462 428 ἐκπίπτοντες
475 417 482 429 ,
504 396 551 423 καὶ
569 397 609 427 είς
623 395 842 430 εἰδωλολατρείαν

51 443 264 476 ὀλισθαίνοντες.
291 442 524 475 Ἀνακαινίζεσθαι
537 442 625 469 τοίνυν
637 442 820 478 προτρέπεται
832 449 840 457 ⁶

53 490 176 526 μάλιστα
199 491 247 526 μὲν
272 489 455 525 πρωτοτύπως
476 489 560 525 αὐτὴν
579 489 628 525 τὴν
654 488 839 524 Ἰερουσαλὴμ,

52 536 83 563 οὺ
99 536 156 572 μὴν
175 536 243 563 ἀλλὰ
267 536 315 563 καὶ
338 536 426 563 πάντα
441 536 520 562 τόπον
536 536 589 562 τῶν
614 535 697 563 ἐθνῶν
714 535 760 562 καὶ
776 535 841 561 ὰνα-

769 154 801 181 IN
819 143 945 186 lSAIAM.

1605 146 1674 175 £542

857 217 878 242 Α
893 212 1058 243 Jerusalem,
1080 214 1173 246 utpote
1195 217 1254 244 qua:
1270 208 1394 244 gentibus
1418 206 1537 241 undique
1555 205 1674 233 circum-

893 259 1042 286 ﬂuentibus
1053 257 1259 289 circumdatur;
1276 254 1471 282 circumtuetur
1483 253 1563 280 etiam
1581 249 1672 286 populi

873 330 875 332 .
893 306 1013 341 peccatis
1027 305 1127 340 quibus
1144 312 1159 330 a
1184 303 1239 330 Deo
1255 301 1422 332 deiecerunt,
1445 299 1478 326 ad
1499 305 1587 325 mores
1607 304 1674 331 gen-

893 340 961 379 tium
986 351 1102 386 delapsi,
1128 355 1154 377 et
1173 348 1207 375 ad
1230 349 1318 382 ipsum
1345 346 1479 374 idolorum
1503 344 1615 371 cultum.
1641 340 1675 367 [ι

893 398 1058 425 innoventur
1074 395 1134 423 ideo
1156 397 1249 420 monet
1266 400 1334 425 eos;
1350 390 1500 426 praesertim
1521 395 1585 414 vero
1597 386 1676 413 Jeru-

895 443 979 471 salem
996 447 1022 469 et
1036 443 1185 478 quamlibet
1198 441 1318 477 gentium
1341 438 1479 472 regionem
1495 435 1628 474 hortatur,
1647 435 1676 457 ut.

894 490 1031 524 excipiant
1050 497 1141 516 veram
1158 489 1191 515 de
1212 488 1268 514 Deo
1285 485 1448 514 doctrinam,
1464 485 1490 509 et
1506 480 1560 507 Deo
1574 478 1675 514 gratias

895 536 1063 567 exhibentes.
1082 535 1197 562 salutem
1211 533 1263 561 sibi
1279 534 1436 567 operentur.

53 583 207 618 λαμϐάνειν
243 583 354 614 ἑαυτοὺς
382 583 421 614 είς
450 583 612 617 θεογνωσὶαν
629 603 636 614 ,
665 582 711 609 καὶ
743 581 984 618 πραγματεύεσθαι
1019 583 1123 612 ἑαυτοῖς
1148 579 1284 615 σωτηρῐαν
1303 577 1428 608 αἰώνιον,
1463 572 1676 609 προστρέχοντας

104 630 155 657 τοῦ
169 629 236 656 Θεοῦ
251 629 352 665 χάριτι.

90 678 166 714 Πρὸς
181 678 229 714 τὴν
241 677 311 704 οὕτω
329 677 449 714 μεγάλην
461 678 637 712 ἐπαγγελίαν,
649 678 695 705 καὶ
710 678 757 713 τὴν
771 678 842 711 ἐγει-

56 726 177 762 ρομένην
190 727 244 757 τοῖς
261 726 404 752 ἀκούουσιν
425 725 646 761 ἀμφισϐήτησιν,
667 724 720 751 ἀπὸ
742 723 846 756 ἀξιοπί-

55 781 130 798 στων
145 771 200 798 τῶν
214 771 260 798 τοῦ
272 771 338 798 Θεοῦ
356 771 443 806 ἔργων
457 770 591 797 νουθετεῖν
614 770 700 796 ἔοικεν
721 771 734 796 ὁ
747 769 824 804 λόγος,
838 777 845 784 ·

55 815 144 849 Οὗτος
169 817 223 852 γὰρ
236 837 242 848 ,
269 817 369 852 φησὶν,
394 818 408 843 ό
436 817 510 843 ταῦτ’
530 816 761 851 ἐπαγγελλόμενος
780 814 846 846 Θεὸς

55 864 150 895 ἐστιν,
165 864 179 889 ό
196 864 242 889 καὶ
254 863 366 898 οὐρανὸν
380 864 495 899 ποιήσας
506 883 513 894 ,
531 862 576 888 καὶ
592 863 642 897 γῆν
658 861 747 894 δείξας
766 860 845 895 ἔργον

55 909 208 944 γενομένην
221 910 269 944 τῆς
283 908 378 935 ἑαυτοῦ
391 908 578 944 προλαῦούσης
590 908 691 939 ἑννοίας
701 916 708 923 ·
723 907 769 933 καὶ
779 905 844 933 ταύ-

54 964 106 990 την
123 955 244 990 χωρίσας
259 955 312 981 ἀπὺ
330 955 383 981 τῶν
401 955 505 981 ὑδάτων
525 953 710 989 συναχθέντων
728 953 767 984 εἰς
781 961 844 979 συν-

56 1001 182 1035 αγωγάς.
213 1001 242 1027 ’0
269 1001 357 1027 τοίνυν
382 1000 435 1027 τῶν
464 1000 571 1035 φύσεων
607 999 709 1026 τούτων
733 997 846 1033 ποιητὴς

56 1046 156 1073 οὔποτε
172 1045 305 1073 παύσεται
320 1045 606 1081 φιλανθρωπευόμενος
620 1053 626 1059 ·
647 1044 707 1070 οὐδὲ
725 1043 779 1079 γὰρ
797 1044 845 1069 civ,-

56 1093 188 1130 θρώπους
200 1094 239 1125 είς
253 1093 282 1119 τδ
299 1089 367 1118 εἶναι
383 1092 542 1127 παρήγαγεν
556 1110 563 1122 ,
580 1090 612 1117 ἰν·
629 1089 679 1126 ἔχῃ
696 1089 742 1121 οὓς
762 1097 847 1123 τιμω-

58 1141 195 1175 ρήσηται,
209 1139 257 1165 καὶ
272 1137 374 1174 ἔρημον
389 1137 495 1165 τούτων,
503 1136 551 1172 τὴν
566 1137 617 1172 γῆν
632 1136 756 1170 ἀποφήνῃ
768 1155 774 1167 ,
790 1134 846 1161 ἀλλ’

57 1185 102 1211 ἶνα
118 1184 260 1215 οἰκοῦντας
268 1184 397 1219 εὐεργετῇ
409 1203 416 1215 ,
431 1182 477 1209 καὶ
490 1181 686 1217 μετανοοῦντας
699 1180 772 1216 σώζῃ
783 1201 789 1212 ,
801 1180 848 1207 καὶ

57 1230 295 1265 ἐπιγινώσκοντας
311 1229 392 1255 αὐτὸν
406 1228 508 1264 διδάξῃ.

94 1278 128 1303 υἱ
142 1276 233 1302 τοίνυν
248 1277 280 1302 ἐκ
292 1275 346 1301 τῶν
363 1274 447 1300 ἐθνῶν
461 1274 525 1300 Θεὸν
538 1273 723 1307 ἐπεγνωκότες
735 1272 782 1299 καὶ
797 1280 849 1298 σωο

57 1322 159 1357 τηρὶας
173 1321 242 1354 ἄξιοι
261 1319 482 1356 ἀναδειχθέντες,
503 1319 701 1354 συστρέψαντες
726 1318 847 1350 ἑαυτοὺς,

59 1368 110 1394 καὶ
124 1366 196 1393 κατὰ
210 1366 271 1393 νοῦν
288 1365 526 1400 συσκοπησὰμενοι
536 1385 542 1396 ,
560 1365 591 1391 τὸ
607 1364 706 1391 ἄτοπον
720 1363 848 1395 συνίδετε,

59 1413 103 1439 ὅτι
127 1413 152 1439 οἱ
179 1413 222 1438 ἐπ’
239 1411 321 1447 ὤμων
341 1410 469 1447 φέροντες
492 1410 525 1437 τὰ
550 1410 653 1438 ἑαυτῶν
680 1409 848 1444 σεϐάσματα,

61 1460 111 1486 καὶ
141 1459 266 1494 βοήθειαν
293 1457 399 1488 τούτοις
423 1456 549 1492 νέμοντες
559 1476 571 1488 ,_
594 1456 624 1482 οὺ
655 1457 712 1490 μετ’
730 1456 760 1482 οὐ
783 1455 849 1481 πολὺ

61 1505 141 1532 πλεῖν
155 1504 308 1540 μέλλοντες,
327 1503 374 1530 καὶ
390 1502 498 1538 μακρὰν
515 1502 573 1528 ὁδὸν
591 1501 770 1536 στελλόμενοι,
786 1500 850 1535 παρ’

62 1551 178 1578 ἐκείνων
201 1550 328 1577 ἐπάνοδον
355 1547 512 1584 ἐπιζητοῦσι
525 1567 532 1579 ,
549 1547 596 1574 καὶ
611 1547 745 1582 σωτηρίαν
762 1547 850 1578 αὐτοῖς
863 1560 884 1588 c

61 1595 243 1632 χορηγεῖσθαι.
259 1595 406 1630 ὴλπίκασι⁸
429 1592 487 1620 δέον
503 1592 533 1619 τὸ
548 1592 646 1620 ἄτοπον
665 1590 776 1618 συνιδεῖν
786 1612 793 1624 ,
810 1591 850 1617 ὅτι

62 1644 76 1669 ὁ
90 1641 212 1676 ἔμψυχος
231 1641 277 1668 καὶ
296 1639 383 1675 ἐαυτῷ
409 1639 561 1674 ἐπαμύνειν
588 1638 751 1673 δυνάμενος,
777 1637 852 1672 παρὰ

62 1687 113 1713 τοῦ
131 1686 247 1722 ἀϐοήθου
270 1686 316 1712 καὶ
335 1685 497 1720 ἀναισθήτων
514 1683 589 1710 οὐδὲν
604 1683 659 1710 τῶν
691 1682 780 1709 καλῶν
803 1683 854 1709 ἀπ-

62 1731 186 1758 ώνατθαι
201 1731 310 1757 δύναται
324 1729 390 1766 (10).

102 1778 140 1804 Τὸ
159 1776 340 1813 ἀκοινώνητον
359 1776 409 1811 τῆς
425 1775 472 1801 τοῦ
488 1774 556 1801 Θεοῦ
577 1773 684 1810 φύσεως
703 1773 750 1800 καὶ
770 1772 854 1807 ἀσύγ-

63 1831 161 1861 κριτον
176 1823 227 1850 κὰν
243 1822 330 1857 τούτῳ
347 1821 523 1857 σημαίνεται·
549 1819 660 1856 μηδενὸς
683 1818 762 1846 ἄλλου
783 1817 854 1844 οὕτω

62 1871 98 1897 τὸ
113 1868 184 1896 εἶναι
198 1868 365 1903 κεκτημένου
377 1888 384 1900 ,
402 1866 482 1902 μόνου
503 1865 532 1892 δὲ
552 1865 627 1896 ὄντος
645 1865 791 1900 ἀγενήτου,
808 1865 854 1891 καὶ

63 1917 98 1943 τὸ
110 1916 213 1942 δίκαιον
230 1913 337 1948 ἑκάστῳ
359 1913 496 1948 νέμοντος.
511 1927 546 1932 —-
563 1911 666 1946 Ἰησοῦς
678 1911 710 1948 δέ
728 1912 786 1938 ἐστι
803 1919 855 1937 σω-

63 1962 150 1998 τηρία
163 1961 231 1987 Θεοῦ
240 1980 248 1992 ,
266 1947 328 1986 κατέ
340 1958 406 1985 αὐτὸ
421 1958 451 1984 τὸ
468 1958 553 1996 ὄνομα
562 1965 570 1973 '
583 1957 630 1983 καὶ
644 1957 658 1983 ὁ
676 1947 772 1992 Ξῖωτὴρ
789 1955 855 1987 Θεὸς

64 2011 96 2036 ὲν
115 2008 190 2043 αὐτῷ
201 2029 208 2040 ,
227 2007 273 2033 καὶ
295 2005 376 2037 αὐτὸς
389 2005 418 2031 ὲν
431 2004 490 2040 Θεῷ
504 2013 511 2020 '
534 2005 563 2030 οὑ
581 2003 612 2039 δὴ
628 2003 673 2029 τὸν
688 2002 776 2037 ἐαυτῷ
790 2002 854 2033 Θεὸς

65 2054 194 2090 ἁψορίζει
214 2052 308 2080 ἑαυτοῦ
323 2051 369 2078 καὶ
383 2050 429 2077 τοῦ
446 2048 515 2076 εἶναι
525 2070 532 2081 ,
548 2048 615 2076 ἀλλὰ
631 2048 677 2074 τὸν
691 2048 743 2081 ἔξω
761 2047 807 2074 καὶ
826 2048 855 2073 ἐν

66 2102 153 2137 ἑτέρᾳ
176 2100 287 2135 δυνάμει
309 2096 481 2132 δικαιοσύνης
498 2096 544 2122 καὶ
573 2095 708 2130 σωτηρίας
724 2102 730 2109 ·
748 2094 778 2120 οὐ
803 2094 856 2128 γάρ

66 2149 146 2174 ἐστιν
163 2146 237 2172 οὐδὲν
253 2144 371 2171 τοιοῦτον
386 2142 525 2177 ἀλλότριον
542 2140 593 2169 τοῦ,
605 2139 763 2176 μονογενοῦς
777 2138 855 2171 Θεοῦ,

66 2194 121 2228 τῆς
147 2192 229 2228 μόνης
250 2190 340 2226 πηγῆς
360 2189 414 2216 τῶν
437 2187 546 2222 ἀγαθῶν
560 2195 566 2201 ⁸
595 2187 623 2213 ἓν
636 2187 690 2222 γὰρ
705 2186 735 2212 τὸ
757 2184 857 2220 ἀγαθὸν

67 2239 118 2266 καὶ
134 2239 164 2265 τὸ
184 2238 213 2271 ἐξ
232 2237 313 2264 αὑτοῦ
337 2235 436 2267 ταὺτὸ,
460 2235 497 2266 ὡς
522 2231 603 2260 εἰκὼν
628 2231 740 2267 ἀληθινή
762 2240 791 2260 τε
811 2232 857 2258 καὶ

69 2284 184 2320 φυσική.

112 2331 142 2357 ’0
163 2329 297 2365 σωτηρίας
313 2327 428 2364 χορηγὸς
456 2327 502 2353 καὶ
522 2326 594 2361 ζωῆς
615 2325 700 2356 αἴτιος
723 2323 846 2356 σώζεσθα

67 2377 176 2408 πάντας
190 2375 390 2411 προτρέπεται,
405 2373 452 2399 καὶ
467 2373 496 2399 ἐν
511 2372 611 2408 βεϐαίῳ
626 2371 749 2406 δεδέχθαι
760 2370 793 2397 τὰ
809 2370 856 2404 τῆς

68 2424 111 2453 εἰς
134 2422 231 2452 αὐτοὺς
253 2419 399 2454 γενομένης
422 2417 596 2451 ἐπαγγελίας.
628 2416 734 2452 Ἐπειδὴ
761 2416 815 2450 γὰρ
840 2415 856 2450 ἡ

68 2468 169 2503 κλῆσις
188 2467 236 2493 καὶ
265 2466 400 2497 Ἰουδαίοις
425 2465 560 2500 σωτηρίαν
585 2463 785 2499 ἐμνηστεύετο,
811 2461 857 2488 καὶ

70 2515 137 2548 ἔθνη
161 2513 211 2548 τῆς
236 2512 320 2547 αὐτῆς
344 2511 448 2546 δωρεᾶς
470 2510 545 2545 ἠξίου
560 2509 607 2536 καὶ
624 2509 727 2540 πάντας
741 2508 858 2534 ἁπαντα-

69 2559 153 2598 χόθεν
177 2560 209 2594 τῇ
232 2558 278 2585 τοῦ
301 2557 367 2584 Θεοῦ
380 2556 597 2592 προστρέχοντας
615 2554 703 2590 δωρεᾷ
725 2552 857 2586 σώζεσθαι

70 2605 282 2643 εὐηγγελίζετο·
307 2605 331 2630 εί
354 2603 408 2638 γὰρ
424 2604 438 2629 ό
468 2601 574 2637 Ἰσραὴλ
600 2600 668 2636 μετὰ
691 2599 721 2626 τὸ
741 2598 858 2626 τοσαῦτα

70 2652 233 2690 ἀμαρτῆσαι
248 2651 358 2687 χάριτος
375 2649 471 2686 ἐδεήθη
483 2668 492 2681 ,
508 2647 597 2682 πολλῷ
620 2647 720 2682 μᾶλλον
743 2646 813 2682 μέγα
829 2644 858 2671 ὃν

70 2701 102 2727 τὸ
115 2700 261 2734 λεγόμενον
272 2698 421 2731 ἡπίστεῖτο,
435 2696 473 2727 ὡς
487 2695 565 2730 μόνον
577 2693 628 2725 ἓως
640 2692 769 2728 ῥημάτων
782 2691 859 2718 τοῦτο

71 2746 287 2780 δεχθησόμενον,
304 2742 365 2777 οὐχὶ
388 2742 416 2768 δὲ
432 2741 479 2767 καὶ
500 2740 539 2771 είς
563 2739 642 2773 ἔργον
666 2736 857 2772 προχωρῆσαν.

72 2791 169 2818 Πᾶσαν
189 2789 277 2816 τοίνυν
305 2788 508 2823 ἀμφισϐήτησιν
533 2786 588 2816 τοῖς
613 2783 790 2818 καλουμένοις
814 2780 860 2807 ἐπὶ

110 2847 166 2879 (10)
184 2846 376 2882 Fragmentum
399 2844 449 2871 hoc
465 2842 628 2870 licraclcotat‘
645 2839 745 2868 editum
769 2838 866 2872 legitur

73 2891 134 2916 pag.
155 2882 214 2909 517.

934 673 1019 701 Vsus.
1044 674 1088 700 18.
1107 672 1148 700 Ad
1182 668 1395 699 conﬁrmandam
1424 669 1560 692 tantarum
1587 671 1676 690 rerum

897 720 1132 757 prmdicationem,
1152 722 1180 745 et
1194 716 1331 745 tollendas
1347 712 1514 741 audientium
1532 709 1678 737 dubitatio-

898 775 960 799 nes,
985 765 1210 802 praestantissima
1233 763 1279 790 Dei
1302 760 1598 796 opera_commemorat
1617 762 1679 790 pro-

896 814 988 849 pheta.
1005 812 1056 845 Qui
1073 812 1124 840 ista
1145 810 1286 838 denuntiat
1302 808 1372 835 idem
1393 808 1446 836 est,
1463 802 1561 837 inquit.
1587 809 1618 828 ac
1634 801 1680 828 ille

898 848 944 896 qui
969 859 1069 888 C(clum
1093 858 1167 889 fecit,
1191 860 1219 884 et
1240 861 1342 882 terram
1365 852 1537 881 extrinsecus
1560 848 1680 876 ostendit

897 909 985 933 mente
1005 906 1081 941 prius
1103 904 1195 932 divina
1211 902 1390 937 excogitatam
1404 921 1411 933 ,
1430 904 1456 927 et
1472 904 1532 928 eam
1552 896 1586 923 ab
1601 895 1678 930 aquis

896 951 1020 980 distinxit
1028 952 1055 978 in
1070 949 1296 986 congregationes
1309 955 1375 975 suas
1390 946 1492 975 coactis
1517 946 1615 973 Rerum
1631 951 1679 969 au—

896 1002 950 1025 tem
966 998 1081 1025 istarum
1099 996 1236 1026 conditor,
1254 1001 1340 1029 usque
1357 991 1543 1028 perseverabit
1555 989 1680 1017 homines

897 1043 988 1072 studio
1006 1050 1056 1070 suo
1072 1045 1284 1077 persecuturus;
1300 1046 1355 1067 non
1369 1039 1442 1066 enim
1458 1038 1512 1065 vita
1531 1044 1578 1064 eos
1595 1035 1680 1062 dona-

897 1088 935 1115 vit
951 1093 980 1115 ut
994 1088 1107 1115 haberet
1130 1094 1199 1122 quos
1219 1085 1339 1120 puniret,
1354 1089 1401 1111 aut
1421 1087 1522 1110 terram
1547 1081 1679 1116 prmheret

897 1136 932 1163 ab
947 1135 1008 1163 istis
1030 1141 1154 1166 vacuam,
1181 1132 1229 1160 sed
1252 1136 1281 1158 ut
1304 1133 1396 1165 posset
1419 1133 1554 1156 terrarum
1576 1126 1681 1154 insulas

898 1181 1001 1214 fovere,
1027 1183 1054 1206 et
1070 1177 1259 1214 paenitentiam
1281 1180 1391 1211 agentes
1409 1181 1530 1207 servare,
1544 1176 1571 1200 et
1596 1179 1680 1206 agno-

898 1231 1006 1254 scentes
1022 1233 1082 1253 eum
1098 1225 1208 1251 docere.

934 1271 1016 1299 Vens.
1039 1271 1083 1298 ‘20.
1107 1269 1191 1305 Igitur
1220 1276 1253 1296 ex
1275 1268 1402 1304 gentibus
1421 1267 1466 1301 qui
1496 1265 1588 1292 Deum.
1603 1264 1682 1292 novi-

899 1319 960 1351 stis,
979 1322 1006 1346 et
1032 1317 1123 1345 salute
1142 1315 1218 1350 digni
1240 1314 1371 1342 declarati
1397 1313 1475 1344 estis,
1502 1310 1629 1339 conversi
1654 1313 1682 1337 et

899 1365 991 1392 animo
1004 1363 1144 1391 vobiscum
1157 1364 1314 1396 reputantes
1326 1359 1522 1387 absurditatem
1534 1358 1611 1384 illam
1620 1364 1683 1391 per-

900 1411 1008 1446 pendite
1024 1418 1030 1437 :
1049 1408 1121 1444 quod
1137 1408 1155 1436 ii
1170 1407 1216 1442 qui
1232 1407 1379 1435 simulacra
1398 1406 1432 1433 ab
1447 1413 1477 1433 se
1498 1404 1571 1431 culta
1584 1404 1683 1430 hume-

901 1456 939 1483 ris
963 1459 1072 1490 gestant
1090 1454 1213 1490 ipsisque
1240 1461 1318 1488 opem
1342 1452 1441 1481 ferunt.
1461 1450 1533 1478 haud
1553 1449 1600 1477 diu
1621 1453 1684 1485 post

901 1501 1067 1535 navigaturi,
1090 1504 1117 1527 et
1131 1500 1241 1535 longum
1259 1499 1313 1526 iter
1332 1496 1488 1530 emensuri;
1506 1496 1541 1523 ab
1563 1496 1596 1522 iis
1615 1495 1684 1523 salu-

902 1551 954 1575 tem
978 1547 1030 1574 sibi
1050 1549 1076 1574 et
1093 1545 1210 1573 reditum
1225 1551 1388 1572 concessum
1411 1543 1443 1570 iri
1468 1545 1597 1578 sperent;
1620 1549 1683 1568 cum

902 1597 1040 1628 oporteret
1058 1593 1097 1620 rei
1111 1591 1308 1619 absurditatem
1327 1589 1487 1623 intelligere,
1502 1587 1611 1623 quando
1623 1587 1684 1622 qui-

902 1639 962 1666 dem
980 1638 1026 1673 qui
1042 1637 1178 1664 animatus
1191 1640 1233 1664 est
1251 1640 1278 1663 et
1295 1643 1373 1671 opem
1389 1634 1441 1661 sibi
1463 1633 1532 1661 ferre
1546 1633 1628 1663 valet,
1649 1632 1684 1660 ab

902 1691 934 1711 eo
949 1683 994 1718 qui
1011 1683 1078 1709 nihil
1093 1682 1189 1717 juvare
1205 1685 1294 1716 potest
1308 1684 1334 1708 et
1350 1687 1433 1708 sensu
1446 1684 1522 1706 caret
1537 1678 1605 1705 nihil
1619 1677 1683 1704 boni

903 1729 1044 1765 percipere
1059 1729 1141 1755 valet.

938 1774 1021 1802 Vens.
1046 1774 1091 1801 21.
1112 1773 1159 1801 Dei
1184 1777 1309 1800 naturam
1338 1779 1400 1799 cum
1428 1771 1481 1798 alia
1505 1769 1632 1797 contendi
1657 1773 1686 1796 et

897 1814 1055 1855 comparari
1069 1826 1123 1846 non
1139 1826 1220 1854 posse
1230 1817 1385 1845 declaratur
1397 1816 1453 1848 hic,
1469 1822 1531 1842 cum
1549 1822 1603 1841 non
1616 1813 1685 1841 alius

903 1865 997 1893 eodem
1021 1864 1100 1892 modo
1115 1864 1146 1890 τὸ
1163 1872 1224 1892 esse
1239 1863 1386 1899 possideat,
1411 1869 1472 1889 cum
1496 1869 1566 1888 unus
1582 1859 1685 1895 ingeni-

904 1915 949 1938 tus
981 1910 1027 1940 sit.
1047 1916 1074 1938 et
1094 1918 1173 1938 suum
1193 1910 1290 1944 cuique
1317 1908 1457 1943 largiatur.
1481 1907 1560 1934 Jesus
1594 1909 1684 1932 autem

904 1960 946 1984 est
977 1956 1051 1983 salus
1079 1955 1144 1988 Dei,
1167 1955 1238 1990 quod
1268 1961 1366 1981 nomen
1394 1953 1484 1988 ipsum
1503 1954 1636 1982 testatur;
1659 1953 1686 1975 et

905 2002 1031 2030 Salvator
1047 2001 1119 2029 Deus
1138 2002 1166 2028 in
1181 2001 1253 2036 ipso,
1271 2004 1297 2027 et
1313 2000 1371 2034 ipse
1392 1999 1419 2025 in
1435 1998 1499 2029 Deo,
1515 2004 1596 2032 quem
1613 1995 1686 2023 enim

904 2050 933 2077 in
949 2056 978 2076 se
994 2056 1048 2075 non
1064 2055 1079 2074 a
1099 2055 1129 2074 se
1139 2051 1166 2074 et
1180 2047 1213 2073 ab
1228 2054 1290 2074 esse
1305 2045 1438 2076 excludit,
1458 2044 1505 2071 sed
1524 2043 1644 2070 alienum
1660 2044 1688 2068 et

905 2096 933 2124 in
946 2095 998 2122 alio
1011 2093 1125 2129 justitia:
1141 2097 1167 2121 et
1184 2094 1281 2121 salutis
1302 2092 1398 2119 ordine
1417 2090 1615 2122 constitutum;
1633 2096 1689 2115 non

905 2145 947 2169 est
970 2141 1041 2168 enim
1065 2140 1158 2173 justus
1183 2143 1209 2166 et
1237 2139 1364 2165 Salvator
1393 2139 1490 2172 prmter
1520 2134 1688 2170 unigenitum

907 2187 1003 2218 Deum,
1029 2194 1113 2213 unum
1141 2185 1203 2212 boui
1232 2185 1366 2219 cujusque
1393 2183 1512 2214 fontem;
1539 2188 1622 2208 unum
1647 2183 1690 2206 est

873 2234 894 2261 Β
908 2235 980 2262 enim
996 2233 1109 2264 bonum,
1127 2236 1153 2259 et
1168 2231 1241 2266 quod
1258 2238 1290 2258 ex
1306 2238 1338 2258 co
1354 2229 1459 2261 itidem,
1474 2232 1504 2256 ut
1519 2235 1582 2256 vera
1598 2230 1624 2254 et
1641 2234 1690 2253 na-

908 2281 1004 2308 turalis
1022 2280 1123 2314 imago.

943 2326 1026 2354 Vens.
1053 2325 1098 2352 29.
1127 2324 1230 2351 Salutis
1253 2323 1380 2358 princeps
1403 2325 1430 2349 et
1453 2322 1514 2348 vitae
1540 2322 1636 2347 auctor
1659 2322 1690 2345 ut

908 2381 1004 2401 omnes
1026 2372 1093 2400 salvi
1119 2371 1185 2398 ﬁant
1200 2371 1335 2400 hortatur,
1354 2373 1381 2396 et
1403 2374 1555 2396 sermonem
1580 2365 1639 2399 ejus
1656 2364 1689 2391 ad

906 2419 982 2452 ipsos
1005 2417 1123 2445 delatum
1144 2416 1234 2444 studio
1261 2414 1425 2449 suscipiant.
1446 2412 1594 2440 Vocatione
1617 2410 1690 2438 enim

909 2464 1023 2490 salutem
1039 2461 1142 2489 Judaais
1155 2460 1350 2495 despondebat,
1367 2465 1394 2486 et
1406 2463 1501 2494 gentes
1520 2458 1614 2485 eodem
1630 2463 1691 2482 mu-

910 2517 975 2536 nere
986 2509 1082 2544 dignas
1095 2506 1260 2537 declarabat,
1283 2511 1310 2533 et
1328 2513 1423 2533 omnes
1437 2504 1616 2532 denuntiabat
1636 2501 1692 2529 sal-

909 2554 1025 2587 vandos,
1045 2557 1137 2588 utpote
1157 2552 1203 2587 qui
1219 2559 1252 2579 ex
1270 2552 1397 2579 omnibus
1412 2555 1546 2578 terrarum
1567 2548 1691 2584 partibus

911 2600 958 2627 Dei
973 2599 1060 2634 gratia
1085 2599 1282 2626 excitarentur.
1303 2597 1381 2631 Quod
1406 2601 1495 2624 autem
1511 2595 1613 2623 Iudaeis
1628 2598 1692 2629 post

912 2651 950 2672 tot
970 2652 1003 2672 ac
1024 2648 1100 2671 tanta
1123 2647 1234 2679 peccata
1250 2644 1328 2671 venia
1356 2651 1424 2679 opus
1448 2647 1515 2673 erat,
1542 2649 1574 2669 eo
1604 2640 1692 2674 magis

912 2691 997 2718 tantis
1021 2691 1165 2726 promissis
1190 2689 1356 2721 difﬁdebant,
1373 2689 1452 2724 quasi
1473 2688 1564 2715 verbis
1585 2690 1692 2713 tantum

913 2735 1064 2771 proﬁtenda
1086 2739 1191 2766 essent,
1216 2742 1246 2762 re
1267 2741 1331 2761 vero
1355 2739 1494 2767 nunquam
1515 2727 1690 2765 perﬁcienda.

913 2782 971 2814 Qua
984 2781 1016 2808 dc
1033 2788 1127 2811 causa,
1146 2783 1176 2806 ut
1192 2779 1375 2807 dubitationes
1391 2785 1513 2813 quasque
1525 2776 1644 2811 gentium
1659 2772 1692 2800 ad

862 884 881 910 Β

889 2839 967 2863 etiam
995 2837 1064 2872 apud
1087 2836 1316 2864 Montlauconiuui
1339 2836 1366 2862 in
1389 2834 1479 2862 (ἔνατα
1499 2832 1692 2868 ρηΙα-ουνανὴἑα
