1919 3075
223 109 291 137 1525

821 105 995 136 rneooom
1016 96 1274 135 nenacmassxs

1777 111 1787 137 1
1793 111 1844 139 524

221 167 381 196 veraveritis
403 169 509 199 vestra,
537 164 788 193 immisericorditer
821 165 926 194 meritis
955 174 1002 193 vos

1060 173 1124 196 11w;
1141 165 1169 191 ἐν
1181 165 1213 200 τῇ
1230 164 1381 199 κρίσειτῶν
1393 165 1456 200 ὑμῖν
1472 166 1685 200 ἑτοιμασοεντων
1701 167 1846 203 ἐκδέξηαθε

222 213 311 250 panis
325 212 422 240 alliciet
436 222 441 239 :
457 211 543 239 Judex
557 211 628 239 enim
645 211 765 238 omnium
782 210 863 238 Deus.

259 304 341 332 Vens.
359 304 404 332 l9.
430 303 546 330 Sanctos
562 305 643 329 vocat
664 301 725 328 illos
745 301 790 336 qni
808 307 856 335 per
873 299 1006 334 peniten-

222 350 487 378 tiam'sanctitatem
512 348 564 376 sibi
583 350 822 382 comparaverunt.
852 345 1006 372 Plorantem

221 397 372 425 Jerusalem
386 395 462 431 lingit
474 395 617 430 propheta,
633 393 705 430 quod
719 400 778 420 eam
794 391 884 427 reipsa
899 390 1007 426 plorare

222 443 380 470 misericors
390 442 504 469 animus
519 443 636 469 optaret.

257 500 341 528 Vens.
354 499 400 526 20.
417 499 578 528 Jerusalem,
595 496 636 523 vel
651 495 684 522 ad
701 499 807 530 tempus
820 493 902 521 breve
916 492 1005 519 tribu-

222 546 371 575 lationibus
392 544 506 576 amicta,
530 547 557 570 te
573 542 717 577 lintelligas
738 540 791 567 Deo
816 540 932 567 alienam
946 545 1006 565 esse

210 593 340 624 'fa‘ctam;
358 591 391 618 de
407 597 461 625 quo
474 589 520 616 ubi
538 587 627 623 egeris
642 585 832 622 pcenitentiam
846 604 853 616 ,
869 584 903 611 ab
917 583 1006 610 homi-

213 639 304 666 nibus
320 635 486 664 llherabcris
496 634 545 671 qui
563 639 589 662 te
601 633 752 668 decipiunt.

257 695 340 723 Vsus.
356 686 416 722 2|:
428 693 565 720 llluminat
585 691 735 719 Jerusalem
760 689 793 716 ad
817 686 1006 724 agnoscendos

222 748 347 773 errores;
371 738 507 767 vaticiniis
536 737 611 764 enim
642 736 741 763 ﬁdebat
767 741 817 770 per
846 734 1006 768 deceptores

223 782 430 822 prolatisJCum
448 785 490 811 via
512 783 545 811 ad
558 783 696 811 dexteram
714 781 762 808 tibi
782 784 872 812 esset,
888 779 922 807 ad
937 778 1005 806 sini-

1057 210 1091 237 τὰ
1117 209 1262 245 ἁμοιὸαῖιν
1282 209 1378 245 κριτὴς
1401 209 1455 246 γὰρ
1472 210 1525 236 τῶν
1549 212 1657 237 πάντων
1683 212 1818 239 meum;
1833 214 1846 240 ὁ

1058 255 1170 291 Κύριος.

1099 301 1205 335 Ἀγίους
1217 301 1295 328 καλεῖ
1302 302 1365 333 τοὺς
1376 301 1421 329 διὰ
1435 302 1485 336 τῆς
1499 303 1643 337 μετανοίας
1655 302 1702 329 τὸν
1711 303 1845 338 ἁγιασμὺοι

1057 346 1305 381 ὲφελκυσαμένους·
1319 346 1465 373 κλαίουσαν
1483 347 1512 373 δὲ
1528 348 1578 383 τὴν
1596 347 1778 383 Ἰερουσαλὴμ
1797 349 1846 374 εἱσ-

1057 391 1119 425 ἀγει
1134 393 1148 418 ὁ
1163 393 1313 427 προφήτης,
1331 391 1528 428 προανατυπῶν
1543 392 1626 428 αὐτὴν
1638 393 1768 428 τοιαύτην
1778 394 1845 420 κατὰ

1057 436 1119 463 νοῦν
1134 436 1231 464 ἑαυτοῦ
1248 439 1303 469 τοῖς
1315 437 1365 472 τῆς
1382 438 1552 473 συμπαθείας
1565 438 1740 474 σπλάγχνοις.

1093 494 1161 526 Ἵνα,
1178 494 1229 521 κᾶν
1241 493 1307 529 γοῦν
1330 494 1398 530 πρὸς
1414 495 1502 530 ὀλίγον
1524 495 1657 527 θλισεῖσα,
1673 496 1767 532 εὕροις
1785 497 1846 524 ἑαυδ

1057 539 1105 575 τὴν
1122 539 1263 576 ἀλλοτρίαν
1291 540 1358 566 Θεοῦ
1382 542 1578 576 πεποιηκυῖαν·
1597 542 1639 575 ἐφ’
1659 539 1701 573 οἷς
1717 550 1845 577 μετανοη-

1058 586 1144 621 σάσης
1158 595 1215 618 σου,
1227 585 1406 622 ἀπαλλαγήσῃ
1419 586 1472 613 τῶν
1488 586 1650 614 πλανώντων
1665 596 1705 615 σε.

1099 685 1232 720 Ὀμματοῖ
1247 685 1296 720 τὴν
1321 686 1498 722 Ἰερουσαλὴμ
1517 687 1585 722 πρὸς
1610 688 1776 723 κατανόησιν
1798 689 1844 724 τῆς

1060 730 1126 762 ἰδίας
1142 731 1228 766 αὐτῆς
1253 731 1355 767 πλάνης
1368 740 1374 747 ·
1392 732 1487 768 ὑπεῖχε
1502 733 1557 768 γὰρ
1578 731 1678 769 ἑαυτὴν
1703 735 1760 766 τοῖς
1779 735 1839 770 μὰν-

1057 786 1116 803 τεσι
1135 777 1299 804 πιστεύουσα
1318 779 1374 810 τοῖς
1388 780 1453 815 παρ’
1472 779 1584 806 ἐκείνων
1608 780 1786 816 λεγομένοις·
1801 782 1845 808 καὶ

223 837 307 860 stram
337 831 489 863 deflexisti,
515 831 556 866 ab}
579 830 639 857 istis
666 828 793 860 seducta',
819 826 885 854 mihi
915 830 1003 853 autem

1060 822 1116 850 ὀδοῦ
1131 832 1171 850 σοι
1191 824 1375 860 προκειμένης
1385 825 1431 851 ἐπὶ
1447 825 1481 852 τὰ
1497 825 1582 859 δεξιὰ,
1596 826 1788 862 ἀνεκάμπτετε
1802 829 1845 854 ἐπὶ

221 884 361 920 nunquam
389 875 549 908 credidisti,
575 881 715 909 nunquam
738 880 780 900 me
806 872 834 899 in
859 871 1003 899 consilium

223 924 270 951 libi
286 922 442 950 adhibuisti.
953 925 990 938 κ
1007 941 1020 951 Α

257 1013 391 1040 νειιε.22.
406 1012 584 1040 lllustrandos
598 1011 700 1038 indicat
718 1017 762 1037 res
779 1007 877 1035 animis
890 1012 1004 1033 conver-

221 1060 274 1092 sis;
284 1060 339 1094 jam
357 1067 422 1091 non,
436 1059 534 1094 inquit,
544 1058 664 1084 vanitate
677 1056 810 1083 idolorum
819 1051 1002 1088 decipiemini,

221 1105 267 1132 sed
284 1104 416 1139 dejicietis
436 1111 479 1136 ea,
498 1107 525 1130 et
537 1101 736 1130 conculcabitis
751 1107 782 1127 ea
793 1119 801 1131 ,
825 1103 852 1127 et
866 1097 1005 1133 apparebit

220 1158 314 1178 eorum
336 1149 516 1182 imbecillitas,
531 1154 558 1176 et
572 1152 694 1175 stercore
707 1146 804 1174 viliora
819 1144 1002 1172 habebuntur.

256 1207 337 1235 Vens.
354 1207 398 1235 25.
416 1205 671 1240 Converso‘pOpulo
687 1208 713 1232 et
733 1204 867 1239 justitiam
888 1205 1001 1237 agente,

220 1254 361 1281 solventur
391 1260 561 1288 quaecunque
600 1256 760 1287 peccantem
800 1248 1002 1284 opprimebant.

220 1300 345 1334 Quandiu
364 1300 436 1327 enim
452 1303 563 1334 peccato
579 1301 606 1326 et
622 1297 702 1325 idolis
723 1296 893 1328 indulsistis,
918 1294 1004 1321 [ames

220 1354 268 1374 vos
288 1351 315 1374 et
337 1345 556 1374 necessariorum
582 1344 676 1379 inopia.
689 1343 846 1378 premebat;
870 1342 907 1368 ita
931 1347 1004 1368 nunc

219 1399 281 1419 cum
296 1391 368 1418 idola
398 1390 517 1425 fregistis
528 1410 535 1422 ,
553 1394 581 1417 et
597 1390 625 1416 in
641 1389 716 1416 nullo
734 1388 822 1424 pretio
850 1386 1003 1416 habuistis.

220 1436 401 1464 servientibus
417 1435 469 1462 sibi
485 1435 561 1462 dabit
575 1433 647 1461 Deus
668 1433 745 1460 vobis
767 1432 884 1467 pluviam
903 1431 1004 1458 bonam

219 1488 246 1510 et
263 1482 354 1518 fruges
367 1489 463 1510 omnes
476 1486 555 1509 terrae
568 1481 595 1507 in
608 1487 688 1507 usum
702 1482 839 1510 vestrum;
856 1485 916 1512 qua:
927 1476 1005 1504 vobis

219 1528 408 1563 copiosissime
424 1527 563 1562 largietur.
582 1525 697 1560 Propter
719 1531 767 1552 vos
787 1531 849 1550 cum
867 1523 922 1550 sint
947 1509 1040 1549 haecc

219 1574 327 1605 omnia,
359 1573 499 1601 vobiscum
532 1579 642 1607 quoque
670 1571 763 1606 vigent
788 1574 835 1596 aut
863 1568 1003 1596 deﬁciunt.

218 1621 336 1655 Apparet
354 1621 436 1648 etiam
459 1627 491 1647 ex
516 1619 560 1646 his
577 1618 661 1646 Deum
682 1625 743 1645 esse
767 1624 858 1644 rerum
882 1615 1003 1643 omnium

218 1666 393 1697 Creatorem,
407 1673 462 1692 non
487 1664 628 1692 hominum
653 1664 750 1695 modo,
767 1662 814 1689 sed
837 1660 1005 1688 omnimodo-

219 1719 279 1739 rum
293 1712 376 1739 etiam
392 1711 563 1738 animalium.

260 1799 337 1826 Vsus.
353 1798 398 1826 26.
426 1800 485 1826 Non
509 1799 612 1826 indicat
637 1798 682 1825 hic
703 1798 822 1825 lucem'e
833 1800 1002 1824 ementornm

220 1846 370 1880 augendam
385 1853 457 1877 esse,
471 1845 518 1873 sed
533 1845 667 1876 laetitiam,
682 1852 741 1879 quae
752 1843 848 1871 diebus
862 1843 916 1871 illis
929 1843 1003 1878 ipsos

219 1892 321 1920 ederet.
343 1893 381 1919 lta
396 1892 469 1919 enim
491 1891 667 1920 exsultahunt
688 1890 772 1918 animi
787 1898 899 1924 eorum;
916 1895 946 1917 ut
963 1890 1004 1916 lu-

219 1946 281 1966 men
307 1938 361 1965 diei
384 1942 496 1965 auctum
512 1937 647 1970 credant,
673 1940 702 1964 ut
724 1937 867 1968 illustrior,
883 1936 1004 1972 splendi-

219 1985 334 2019 diorque
357 1985 416 2012 dies
440 1984 531 2011 lucere
560 1983 703 2016 videatur;
734 1982 907 2010 sanabuntur
930 1982 1003 2010 enim

219 2031 301 2058 animi
315 2038 409 2058 eorum
421 2051 429 2062 ,
451 2030 641 2065 spiritualihus
654 2029 792 2057 emendati
814 2028 1004 2064 reprehensio-

220 2077 310 2108 nibus,
328 2084 342 2103 a
357 2075 460 2102 doloris
474 2075 649 2102 tribulatione
663 2074 782 2102 liberati.

1055 869 1090 896 τὰ
1105 869 1246 905 ἀριστερὰ,
1267 870 1379 898 ἐκείνων
1403 871 1642 907 συμϐουλευόντων
1664 881 1723 899 σοι·
1742 874 1804 908 ἐμοὶ
1819 874 1845 900 δὲ

1058 914 1159 950 σαυτὴν
1180 915 1308 942 οὐδέποτε
1329 915 1436 947 ἅνέθου,
1456 916 1516 943 οὐδὲ
1530 916 1680 952 σύμϐουλον
1697 917 1752 944 τῶν
1778 926 1844 954 πρα-

1056 961 1141 987 κτέων
1152 960 1257 993 ἔλαϐες.

1090 1005 1146 1041 Τὴν
1168 1006 1238 1042 μετά
1261 1007 1310 1043 τὴν
1325 1007 1473 1042 ἐπίγνωσιν
1494 1008 1669 1044 συναίσθησιν
1697 1009 1842 1045 σημαίνει·

1054 1052 1102 1084 ὡς,
1114 1053 1220 1085 Οὐκέτι,
1234 1053 1325 1088 φησὶν,
1342 1053 1468 1086 ἀνέξεσθε
1483 1054 1532 1090 τῆς
1548 1054 1728 1091 ματαίοτητος
1742 1055 1798 1082 τῶν
1809 1058 1845 1082 εῖ-

1054 1099 1155 1126 δώλωψ
1173 1099 1240 1126 ἀλλά
1254 1100 1434 1128 καταλάὸετε⁴
1448 1101 1495 1128 καὶ
1505 1101 1674 1137 συντρίψετε,
1688 1102 1719 1128 τὸ
1732 1103 1844 1134 ἀσθενὲς

1055 1144 1143 1171 αὐτῶν
1154 1145 1315 1178 δεικνύντες,
1329 1147 1375 1174 καὶ
1386 1148 1506 1183 κοπρίων
1519 1147 1668 1183 ἀτιμότερα
1683 1149 1843 1184 ἡγούμενοι.

1090 1200 1130 1228 Τὰ
1146 1201 1180 1228 δι’
1197 1202 1334 1238 ἁμαρτίαν
1350 1203 1506 1239 ὲπαγόμενα
1523 1204 1557 1231 δι’
1570 1205 1741 1240 ἐπιστροφῆς
1754 1214 1784 1231 τε
1800 1205 1845 1231 καὶ

1055 1249 1226 1284 δικαιοσύνης
1238 1249 1339 1277 λύεται.
1354 1250 1459 1286 Ὥσπερ
1468 1250 1532 1287 γὰρ,
1545 1252 1757 1288 ἁμαρτανόντων
1768 1251 1844 1287 ὑμῶν

1054 1294 1102 1320 καὶ
1114 1296 1170 1326 τοῖς
1182 1294 1300 1327 είδὼλοις
1316 1295 1505 1329 δουλευόντων,
1525 1296 1602 1332 λιμὸς
1615 1297 1662 1324 καὶ
1679 1297 1777 1329 σπάνις
1791 1296 1844 1323 τῶν

1055 1339 1210 1374 ἀναγκαίων
1224 1341 1380 1377 ἐπεκράτει·
1394 1341 1489 1374 οὕτως,
1504 1343 1678 1377 ἐκκοψάντων
1690 1343 1725 1369 τὰ
1737 1342 1843 1373 εἴδωλα,

1055 1385 1102 1411 καὶ
1118 1385 1193 1412 οὐδὲν
1208 1386 1299 1412 ἐκεῖνα
1318 1387 1498 1423 ἡγησαμένων
1517 1386 1598 1419 εἶναι,
1615 1387 1685 1414 ἀλλὰ
1704 1388 1845 1415 δουλευόν-

1054 1439 1107 1457 των
1121 1431 1159 1467 τῷ
1181 1432 1251 1467 θεῷ,
1269 1432 1348 1459 δώσει
1361 1433 1425 1469 ὑμῖν
1444 1433 1490 1460 καλ⁵
1511 1434 1586 1460 ὑετὸν
1607 1434 1720 1469 ἀγαθὸν,
1739 1436 1787 1461 καὶ
1812 1436 1844 1461 τὰ

1055 1476 1088 1503 ὲκ
1110 1476 1161 1512 γῆς
1179 1477 1266 1504 πάντα
1293 1478 1361 1514 πρὸς
1379 1478 1525 1505 ἀπόλαυσιν
1552 1479 1698 1516 ὑμετέραν.
1727 1481 1844 1515 Παρέξξι

1056 1521 1110 1559 γὰρ
1126 1523 1190 1558 ὑμῖν
1206 1524 1246 1555 εἰς
1261 1524 1340 1560 κόρον
1350 1533 1356 1540 ·
1372 1525 1402 1551 οὺ
1419 1525 1498 1560 μόνον
1511 1525 1541 1552 δὲ
1555 1526 1630 1561 ὑμῖν,
1643 1526 1713 1552 ἀλλά
1730 1526 1778 1553 καὶ
1789 1527 1845 1557 τοῖς

1056 1569 1182 1603 κτήνεσιν
1202 1569 1294 1605 ὑμῶν·
1312 1569 1346 1597 τὰ
1363 1570 1417 1607 γὰρ
1431 1571 1464 1597 δι’
1482 1571 1554 1607 ὑμᾶς
1568 1572 1701 1607 γενόμενα
1718 1573 1765 1599 καὶ
1784 1581 1846 1598 πν-

1054 1617 1214 1652 τιμωρείται
1230 1617 1277 1643 καὶ
1296 1617 1474 1644 συναπολαύει
1491 1617 1544 1644 τῶν
1562 1618 1683 1652 ἀγαθῶν.
1699 1619 1846 1644 Δείκναται

1054 1663 1082 1689 δὲ
1098 1663 1145 1690 καὶ
1170 1662 1214 1690 διὰ
1232 1662 1338 1694 τούτου,
1353 1663 1391 1695 ὠς
1405 1663 1419 1689 ὁ
1443 1663 1508 1695 Θεὸς
1529 1663 1583 1690 τῶν
1604 1663 1713 1690 πάντων
1730 1663 1847 1699 ποιητὴς

1055 1708 1234 1745 καθέστηκεν,
1249 1709 1278 1736 οὐ
1294 1709 1373 1744 μόνον
1385 1709 1534 1745 ἀνθρώπιον
1545 1709 1612 1736 ἀλλὰ
1625 1709 1672 1736 καὶ
1685 1709 1763 1741 ζώων
1780 1718 1848 1736 παν-

1054 1755 1186 1782 τοδαπῶν.

1095 1801 1226 1829 Ἐνταῦοα
1237 1802 1267 1828 οὺ
1285 1802 1443 1838 προσθήκην
1459 1801 1504 1829 τοῦ
1523 1803 1611 1837 φωτὺς
1627 1804 1682 1827 τῶν
1703 1801 1848 1836 στοιχείων

1054 1848 1137 1883 δηλοῖ,
1151 1848 1219 1875 ἀλλά
1234 1848 1284 1883 τῆς
1305 1848 1531 1884 καταληψομένης
1556 1848 1654 1879 αὐτοὺς
1674 1848 1703 1874 ὲν
1725 1847 1849 1878 ἐκείναις

1053 1895 1114 1925 ταῖς
1130 1894 1249 1929 ἡμέραις
1265 1893 1433 1929 εὐφροσύνης
1444 1902 1450 1908 ·
1465 1893 1536 1920 οὕτω
1556 1893 1610 1929 γὰρ
1628 1894 1669 1925 εἰς
1683 1893 1848 1928 ἀγαλλίασιν

1054 1938 1231 1966 ἑπιδώσουσιν
1242 1939 1331 1966 αὐτῶν
1342 1940 1369 1965 αὶ
1385 1939 1479 1974 ψυχαὶ,
1492 1939 1529 1971 ὡς
1540 1939 1588 1965 καὶ
1600 1938 1762 1975 προσθήκην
1774 1939 1848 1970 ἕξειν

1054 1985 1151 2016 αὐτοὺς
1159 1985 1282 2020 ἡγεῖσθαι
1295 1984 1330 2011 τὰ
1337 1985 1414 2020 φῶτα
1429 1985 1477 2020 τῆς
1491 1984 1607 2020 ἡμέρας,
1616 1985 1664 2011 καὶ
1680 1984 1847 2021 λευκοτέρας

1055 2031 1146 2062 αὐτοῖς
1154 2031 1200 2057 καὶ
1209 2030 1388 2066 φαιδροτέρας
1395 2030 1562 2066 ὀφθήσεσθαι
1572 2030 1620 2062 τὰς
1633 2031 1743 2067 ἡμέρας
1753 2040 1761 2047 ·
1773 2031 1848 2058 ἴασιν

1054 2077 1106 2112 γὰρ
1115 2076 1280 2109 ὲπιδέξονται
1291 2076 1361 2103 κατὰ
1367 2076 1465 2112 ψυχὴν,
1473 2076 1684 2113 θεραπευόμενοι
1693 2078 1760 2109 τοὺς
1766 2078 1848 2113 ψυχι-

1055 2122 1119 2152 κοὺς
1127 2121 1169 2157 μώ
1172 2130 1248 2157 μους,
1257 2121 1304 2148 καὶ
1310 2121 1542 2157 ἀπαλλαττόμενοι
1549 2122 1597 2157 τῆς
1603 2122 1733 2154 ολιὸερᾶς
1737 2123 1844 2157 ὀδύνης.

255 2180 337 2208 Vens.
351 2181 396 2209 28.
425 2180 519 2207 Divina
544 2180 715 2215 providentia
736 2182 836 2206 cuncta
855 2179 911 2213 regi
936 2185 1001 2204 con-

1089 2179 1146 2215 Τὴν
1159 2179 1229 2206 κατὰ
1243 2180 1351 2207 πάντων
1378 2179 1504 2206 θεοπτίαν
1518 2179 1569 2206 κάν
1589 2179 1678 2215 τούτῳ
1694 2180 1844 2212 δείκνυσιν,

220 2225 328 2253 ﬁrmant
348 2226 399 2253 ista
413 2245 420 2256 ,
439 2233 500 2252 cum
518 2225 559 2251 ira
581 2224 628 2252 Dei
646 2231 700 2251 non
722 2223 754 2250 ad
770 2222 880 2250 Iudaeos
895 2226 1001 2249 tantum

219 2275 342 2308 spectet,
363 2271 409 2299 sed
426 2275 452 2299 et
475 2271 618 2306 suppliciis
633 2270 707 2305 ipsas
724 2273 819 2305 gentes
842 2268 951 2295 alliciat.
970 2267 1003 2294 Ni

218 2319 287 2347 alios
304 2318 376 2345 enim
400 2317 638 2352 reprehendisset,
658 2316 781 2344 licuisset
803 2314 936 2343 lsraelitis
958 2314 1002 2341 di-

217 2372 282 2394 Cere
294 2365 367 2393 solos
381 2368 491 2400 propter
503 2368 614 2399 peccata
629 2371 643 2390 a
655 2363 710 2391 Deo
728 2362 831 2398 puniri.
848 2361 906 2388 Hoc
922 2361 1004 2396 igitur

217 2415 249 2440 ut
262 2415 421 2446 pmcavcat,
434 2414 526 2438 monet
536 2418 566 2438 se
578 2414 672 2445 gentes
685 2417 794 2444 quoque
804 2409 1003 2443 judicaturum,

218 2461 245 2484 et
262 2457 296 2484 ab
317 2458 358 2484 eis
385 2464 479 2492 ptenas
502 2456 680 2491 repetiturum
706 2463 753 2490 per
776 2462 896 2483 errorem
921 2455 1002 2482 meri-

218 2507 270 2530 185.

251 2592 335 2621 Vens.
349 2592 396 2620 29.
412 2591 460 2619 llis
473 2591 606 2619 discimus
623 2591 703 2619 nobis
718 2599 773 2619 non
789 2591 863 2618 omni
881 2595 1003 2626 tempore

217 2637 316 2664 laetitiae
340 2637 536 2672 indulgendum
561 2645 640 2670 esse;
673 2637 730 2664 noli
755 2637 827 2664 enim
853 2640 949 2671 putare
976 2640 1002 2662 te

217 2683 358 2717 splendida
384 2684 453 2711 festa
484 2684 665 2717 celebrando,
692 2688 719 2711 et
747 2684 868 2711 animum
893 2683 1001 2719 gaudiis

219 2728 402 2762 iiﬂundendo,
410 2731 561 2758 mercedem
573 2731 620 2758 tibi
633 2731 856 2765 promeriturum.
864 2729 922 2756 Non
934 2737 999 2764 pec—

218 2782 279 2801 care
293 2775 402 2810 quidem
418 2777 524 2804 videtur
533 2777 579 2812 qui
593 2777 670 2804 festis
680 2777 850 2807 convivatur,
866 2780 893 2803 at
903 2775 1001 2803 exinde

218 2820 369 2847 mercedem
395 2822 472 2848 nobis
498 2822 616 2850 futuram
647 2831 681 2851 ne
705 2831 855 2858 speremus.
873 2822 1000 2855 Quinimo

1055 2226 1095 2252 ὃτι
1107 2226 1156 2261 οὐχ
1176 2225 1228 2257 ἕως
1247 2226 1350 2252 τούτων
1370 2227 1498 2261 στήσεται
1513 2226 1547 2252 τὰ
1571 2225 1622 2261 τῆς
1637 2226 1736 2262 ὀργῆς,
1752 2227 1847 2262 διασὴ-

1056 2280 1132 2298 σεται
1145 2272 1172 2298 δὲ
1190 2272 1237 2298 καὶ
1251 2273 1290 2304 εἰς
1305 2272 1339 2299 τὰ
1351 2272 1413 2308 ἔθνη
1431 2273 1447 2307 ἡ
1461 2273 1595 2308 τιμωρία·
1609 2272 1653 2299 ἵνα
1668 2272 1724 2309 γὰρ
1741 2273 1780 2309 μὴ
1799 2273 1845 2307 ἐξῇ

1055 2320 1111 2350 τοῖς
1130 2318 1310 2353 Ἰσραηλίταις
1332 2318 1421 2353 μόνοις
1435 2318 1487 2345 ὑπὸ
1504 2318 1550 2344 τοῦ
1567 2318 1635 2344 Θεοῦ
1654 2319 1846 2354 ἐλεγχομένας

1056 2365 1144 2399 λέγειν
1160 2365 1258 2396 αὐτοὺς
1281 2365 1359 2400 μόνον
1380 2365 1425 2392 τὸν
1438 2365 1505 2391 Θεὸν
1519 2365 1565 2391 ἐπὶ
1586 2367 1642 2397 τοῖς
1661 2366 1846 2402 ἁμαρτήματι

1055 2412 1244 2447 τιμωρεῖσθαι,
1259 2411 1320 2446 οὐχὶ
1333 2411 1361 2438 δὲ
1374 2412 1422 2438 καὶ
1435 2412 1468 2438 τὰ
1482 2411 1556 2448 ἔθνη,
1567 2412 1726 2446 ἀναγκαίως
1738 2414 1788 2439 καὶ
1797 2413 1846 2448 τὴν

1055 2458 1102 2483 ἐπὶ
1114 2458 1148 2484 τὰ
1162 2457 1226 2492 ἔθνη
1239 2457 1414 2493 διαϐήσεσθαι
1429 2457 1550 2485 ἐκδικίαν
1570 2459 1680 2493 φάσκει,
1699 2460 1747 2486 καὶ
1761 2469 1846 2487 κατα-

1055 2503 1188 2538 λήψεσοαι
1203 2503 1300 2534 αὐτοὺς
1313 2503 1362 2538 τὴν
1375 2504 1407 2530 ὲκ
1425 2504 1476 2538 τῆς
1500 2504 1659 2539 πλανήσεως
1675 2503 1757 2540 δίκην
1779 2514 1846 2540 προσ

1055 2549 1189 2585 αγορεύει.

1090 2595 1139 2621 Διὰ
1150 2594 1251 2621 τούτων
1269 2594 1459 2630 διδασκόμεθα,
1481 2595 1519 2626 ὡς
1533 2595 1564 2621 οὐ
1580 2594 1632 2631 χρὴ
1650 2595 1771 2622 πάντοτε
1785 2597 1845 2627 ni;

1054 2642 1161 2668 ἀνέσεσι
1174 2642 1278 2676 χαίρειν
1288 2650 1294 2656 ·
1309 2641 1368 2668 οὐδὲ
1383 2641 1437 2677 γὰρ
1450 2642 1478 2667 ἐν
1489 2643 1549 2673 ταῖς
1561 2642 1668 2677 ἑορταῖς
1682 2642 1845 2678 ἀμίὸοντες

1053 2687 1163 2723 ἐσθῆτα,
1181 2687 1227 2713 καὶ
1252 2687 1420 2722 διαχεόμενοι
1445 2686 1493 2721 τὴν
1515 2686 1604 2721 ψυχὴν
1628 2687 1658 2713 ὲν
1675 2688 1843 2724 εὐφροσύνῃ,

1053 2733 1090 2764 ὡς
1107 2732 1199 2768 μισθὸν
1216 2733 1281 2767 ἡμῖν
1297 2732 1441 2767 προξενῶν
1456 2731 1671 2767 μεταδιώξομενο
1687 2733 1747 2759 ἀλλ’
1761 2734 1786 2760 εἰ
1799 2734 1845 2759 καὶ

1053 2778 1242 2813 ἀναμάρτητον
1257 2778 1329 2804 δοκεί
1343 2776 1410 2804 εἶναι
1428 2778 1458 2804 τὸ
1475 2779 1503 2804 ἐν
1520 2780 1578 2809 ταῖς
1594 2779 1703 2814 ἑορταῖς
1729 2780 1847 2813 εὐωχεῖ-

1055 2823 1124 2854 σοαι,
1143 2822 1198 2849 ἀλλ’
1216 2822 1274 2848 οὐδέ
1287 2831 1338 2849 που
1352 2822 1389 2854 ὡς
1406 2822 1499 2858 μισθὸν
1515 2823 1596 2849 αὐτοῦ
1609 2824 1706 2850 τούτου
1717 2823 1845 2860 ληψόμε-
