1919 3075
126 131 139 158 ἱ
144 131 198 159 325

852 135 885 161 IN
906 135 1031 163 lSAiAlH.

1677 146 1686 170 1
1693 144 1743 171 3'56

125 196 167 214 νοι
180 188 343 224 ὲκδεξόμεθα
353 198 360 204 ·
374 189 454 215 ὁπότε
471 188 524 216 οἶδε
543 190 672 222 πολλάκις
688 191 734 217 καὶ
751 192 829 227 ἑορτὴ
845 192 898 227 ἁμέ

963 193 1063 227 saepius
1082 194 1164 221 etiam
1189 203 1331 229 peccamus
1353 205 1414 224 cum
1433 199 1520 226 nimia
1545 200 1580 227 ibi
1606 202 1742 237 voluptate

124 241 200 269 τρως
209 235 248 265 εις
260 234 357 269 ἡδονὴν
370 235 514 270 ἐκχυθεῖσα
528 235 575 262 καὶ
587 236 722 271 ἁμαρτίαν
734 237 907 273 προξενῆσαι.

124 280 173 306 Δεῖ
185 277 232 307 οὖν
256 280 382 316 ἀσμένως
407 281 506 317 μᾶλλον
519 282 569 314 τὰς
590 281 692 316 θλίψεις
707 283 844 316 δέξασθαι,
871 283 909 315 ὼς

122 325 275 361 ἐμμίσθους
291 326 431 361 ἐσομένας,

160 372 198 398 Τὸ
223 372 385 404 ἐξάκουστον
398 373 448 408 τῆς
461 373 611 410 μελλούσης
632 374 730 407 αὐτοὺς
753 375 909 411 καταλήψε-

124 419 188 446 σθαι
201 419 278 454 δίκης
289 419 388 455 δηλοῖὸ
407 419 484 454 λόγος
496 429 502 435 ·
518 420 578 446 οὐδὲ
599 420 654 456 γὰρ
684 421 721 452 ὡς
743 421 842 454 ἀδίκως
864 422 910 448 ὲπ-

123 465 309 500 αχθησόμενον
325 466 414 500 κρυφῆ
436 464 483 492 καὶ
500 465 529 492 ἑν
540 465 625 501 γωνίᾳ
638 465 835 502 πραχθήσεται,
850 467 908 494 ἀλλ’

123 510 236 546 ἔκδηλος
261 510 335 537 ἔσται
358 511 413 542 τοῖς
438 511 535 546 πᾶσιὴ
558 510 628 546 μετὰ
653 511 755 538 δικαίου
777 512 909 548 κρίματος

121 556 192 592 ὀργὴ
205 555 371 592 ἐπαγομένη.

159 602 253 637 Τοῦτο,
269 603 340 630 κατὰ
363 603 416 630 τῶν
436 603 585 638 Ἀσσυρίων
608 603 717 639 ὀλέθρου
742 612 909 640 προαγορευ-

121 649 224 682 οέντος,
236 649 285 676 καὶ
298 649 348 684 τῆς
361 650 421 676 κατ’
435 649 516 676 αὐτοῦ
533 650 610 685 δίκης
621 649 797 685 δηλωθείσης,
811 650 908 677 δικαιό-

119 701 190 721 τατα
205 694 230 720 oi.
253 694 416 730 Ἰσραηλῖται
431 694 633 726 ταλανίζονταιο
651 695 719 731 πρὸς
744 695 793 731 μὲν
813 695 907 722 τοῦτον

120 740 296 776 ἐπτοημένοι,
316 731 390 776 παρὰ
416 740 445 766 δὲ
459 741 614 774 Αἰγυπτίων
628 740 806 776 βοηθήσεσθαι
828 750 910 777 προσ-

119 786 263 818 δοκῶντες,
285 787 332 813 καὶ
357 786 395 822 μὴ
418 786 633 821 καταφεύγοντες
647 787 694 813 ἐπὶ
712 787 757 813 τὸν
771 787 824 813 τῶν
839 787 907 814 ὅλων

118 832 188 859 Θεόν
203 841 233 859 τε
252 833 298 859 καὶ
313 833 438 868 Σωτῆρα,
453 833 482 859 ὃν
504 833 552 868 οὐχ
566 833 682 868 ἡγοῦντο
698 833 767 869 πρὸς
781 833 830 869 τὴν
845 833 907 869 βοή-

119 879 196 906 θειαν
217 879 306 906 αὐτῶν
331 879 518 915 ἀνταρκέσειν,
537 879 604 906 ἀλλὰ
622 881 654 915 τῇ
679 880 733 907 τῶν
753 880 844 906 ἵππων
859 880 906 907 καὶ

117 925 252 960 ἁρμάτων
265 925 365 961 πληθύῖ
386 925 545 958 πεποιθότες
567 926 631 962 παρ’
650 925 762 952 ἐκείνων
786 925 906 961 σωθήσε-

119 971 183 997 σθαι
200 971 380 1007 προσεδόκων.

155 1018 210 1054 Τὴν
224 1019 313 1053 σοφῶς
327 1019 401 1054 παρὰ
417 1018 464 1045 τοῦ
484 1018 552 1045 Θεοῦ
571 1017 743 1053 ἁρμόζουσαν
760 1017 906 1054 θεραπείαν

116 1063 178 1094 ταῖς
201 1061 300 1097 ψυχαῖς
322 1063 411 1089 αὐτῶν
437 1062 673 1099 προσαχθήσεσθαι
695 1064 842 1099 σημαίνει·
865 1063 904 1090 ὅτι

116 1108 167 1135 καὶ
187 1108 261 1136 αὐτὰ
284 1109 369 1136 ταῦτα
395 1109 546 1142 κακωτικὰ,
573 1110 667 1145 ὥσπερ
686 1109 789 1144 ἀγαθοῦ
812 1109 905 1145 ίατροῦ

116 1155 299 1187 ὲκκόπτοντος
311 1155 387 1182 νόσον
401 1156 448 1182 καὶ
472 1156 586 1192 ίωμένου
607 1156 805 1192 ἁμαρτήματα,
820 1165 906 1192 προσ-

117 1201 181 1235 άγει
191 1209 198 1216 ο
217 1201 306 1236 σοφῶς
320 1201 367 1228 τοῦ
382 1201 449 1228 Θεοῦ
463 1201 507 1229 διὰ
518 1202 571 1229 τῶν
581 1202 730 1229 δοκούντων
738 1200 805 1229 εἶναι
819 1202 904 1238 λυπη-

117 1247 175 1282 ρῶν
199 1248 409 1282 σωφρονίζοντος
434 1249 495 1281 τοὺς
511 1248 726 1285 ἁμαρτάνοντας,
747 1249 794 1276 καὶ
810 1250 904 1285 καιρὸν

113 1293 264 1328 μετανοίας
275 1293 464 1329 χαριζομένου.
776 1318 781 1322 .

160 1338 239 1366 Ἀλλὰ
263 1339 309 1366 καὶ
337 1339 537 1375 μετανοούντων
561 1340 725 1375 ὑπερασπιεῖ
749 1341 839 1376 ἡμῶν,
856 1341 903 1368 καὶ

111 1384 355 1421 ’ἀντιποιηθήσεται
381 1385 431 1421 τῆς
453 1385 637 1421 Ἰερουσαλὴμ,
661 1385 706 1413 ῑσα
721 1387 778 1418 τοῖς
800 1387 904 1423 ὀρνέοις

114 1432 173 1462 τοῖς
188 1430 315 1466 βοηθοῦσι
326 1432 382 1463 τοῖς
394 1431 497 1458 ἑαυτῶν
513 1433 628 1464 νεοττοῖς
638 1440 645 1447 ·
661 1433 707 1459 καὶ
723 1431 778 1468 γὰρ
790 1433 903 1460 κάκεῖνα

115 1476 182 1511 παρ’
195 1475 277 1502 αὐτοῦ
293 1476 413 1503 δέδεκται
427 1476 514 1504 ταῦτα
526 1477 560 1504 τὰ
574 1477 676 1512 φυσικὰ
690 1478 770 1513 συνθή
776 1487 857 1513 ματα.

151 1522 221 1554 Τοὺς
233 1523 262 1550 ὲν
273 1523 329 1554 τοῖς
342 1525 435 1555 κακοῖς
449 1523 651 1559 ὲμϐαθύνοντας
663 1524 710 1551 καὶ
725 1525 754 1552 ὲν
764 1526 820 1556 τοῖς
833 1525 902 1552 κατὰ

115 1567 182 1594 Θεὸν
205 1567 378 1600 ἐπιπολαίους
392 1569 562 1604 ἐπιστρέφων
575 1569 588 1596 ὁ
602 1569 691 1604 λόγος,
710 1569 743 1596 τὰ
759 1571 819 1596 καθ’
838 1571 901 1597 ἐαυ-

114 1614 179 1646 τοὺς
194 1615 309 1650 συνορᾷν
331 1615 517 1650 συμϐουλεύει,
541 1615 660 1649 κακίζων
685 1616 774 1644 αὐτῶν
790 1617 836 1643 καὶ
851 1617 900 1653 τὴν

114 1660 288 1696 πεποίθησιν,
302 1660 334 1696 ἢν
351 1662 393 1687 ἐπ’
409 1662 573 1696 Αίγυπτίους
590 1663 746 1698 ἐκέκτηντο.

157 1706 237 1733 Ἀλλὰ
249 1706 334 1734 ταῦτα
357 1708 416 1742 μὲν,
431 1708 492 1735 ὅσον
505 1706 572 1744 ἧκεν
589 1710 628 1741 είς
648 1709 696 1744 τὴν
716 1710 845 1746 ἱστορίαν,
861 1710 900 1741 εἰς

108 1752 160 1778 τὸν
178 1752 302 1785 Ἐζεκίαν
323 1753 498 1789 λεχθήσονται
509 1763 515 1769 ·
530 1755 631 1790 κυρίως
642 1755 670 1782 δὲ
689 1755 849 1792 νοηθήσεται
861 1757 900 1788 εὶς

112 1798 196 1824 αὑτὸν
208 1798 254 1826 τὸν
267 1799 381 1835 Σωτῆρα
392 1808 399 1815 ·
413 1799 446 1825 ῖν⁹
467 1799 575 1834 ἔχοιμεν
589 1801 669 1831 νοεῖν,
683 1801 723 1827 ὅτι
743 1800 774 1827 τὸ
793 1800 900 1836 ἀληθῶς

113 1843 250 1879 μακάριον
265 1843 341 1870 ἔσται
353 1845 411 1876 τοῖς
425 1844 606 1880 προκεκοπόσι
624 1845 694 1872 κατὰ
713 1846 780 1873 Θεὸν
793 1846 840 1873 καὶ
851 1846 900 1882 τὴν

111 1889 170 1916 ἄνω
184 1888 260 1916 ΙΣιὼν
274 1890 388 1922 οἰκοῦσι,
405 1891 451 1917 καὶ
470 1890 581 1926 βασιλέα
605 1892 835 1928 ἐπιγραφομένοις
855 1893 900 1920 τὸν

111 1934 216 1970 Κύριον
227 1935 304 1970 ἡμῶν
321 1935 425 1971 Ἰησοῦν
441 1936 567 1972 Χριστὸν,
586 1937 626 1968 είς
639 1936 668 1963 ὃν
683 1937 754 1964 κατὰ
766 1938 817 1973 γῆν
831 1939 900 1974 ἡμε-

109 1979 194 2015 τέραν
206 1980 252 2006 καὶ
269 1982 285 2016 ὴ
299 1981 371 2016 ἄκρα
383 1981 538 2017 δικαιοσύνη
554 1981 723 2017 νοηθήσεται.

148 2026 199 2052 Τὸν
211 2025 262 2058 τὰς
273 2026 381 2059 ἐντολὰς
395 2026 441 2053 τοῦ
454 2027 520 2053 Θεοῦ
532 2036 563 2063 τη
569 2028 693 2063 ρήσοντα,
708 2027 754 2055 καὶ
766 2028 859 2064 ὥσπερ
870 2029 899 2055 ὲν

109 2072 201 2108 ἑαυτῷ
213 2072 277 2104 τοὺς
298 2073 393 2107 λόγους
405 2072 452 2099 τοῦ
475 2072 542 2099 Θεοῦ
565 2074 776 2110 κατακρύψαντα
798 2074 844 2101 ἐπὶ
858 2075 897 2101 δι-

110 2118 252 2156 καιοσύνῃ,
265 2118 360 2146 τοῦτον
380 2120 426 2146 καὶ
439 2119 492 2146 ἀπὸ
506 2120 592 2155 ὀργῆς
608 2120 783 2157 ἓπαγομένης
797 2129 898 2148 σκεπα-

111 2165 260 2200 σθήσεσθαι
269 2165 353 2201 δηλοῖ.

963 238 1141 266 detineamur.
1160 239 1360 271 Tribulationes
1386 244 1467 279 igitur
1484 246 1575 280 potius
1594 248 1741 283 suscipias,

964 287 1054 318 utpote
1070 284 1163 319 plenas
1179 287 1311 315 mercede.

996 371 1078 400 Vnus.
1095 372 1139 400 50.
1155 373 1280 401 Auditam
1296 376 1400 404 scilicet
1415 377 1496 406 faciat
1509 379 1578 408 Deus
1594 381 1740 409 vindictam

960 425 1055 449 suam;
1072 419 1172 455 quippe
1187 428 1247 456 quae
1261 429 1316 449 non
1341 430 1445 451 secreto
1466 430 1493 452 ct
1515 427 1542 453 iu
1564 428 1663 462 angulo
1679 428 1738 460 lict,

959 464 1037 498 quasi
1057 469 1130 493 esset
1146 473 1215 501 opus
1232 468 1375 503 iniquum,
1391 470 1438 498 sed
1453 472 1579 500 omnibus
1596 475 1740 510 perspicua

958 510 1011 536 erit
1027 510 1067 537 ira
1085 519 1146 538 cum
1157 512 1234 547 justo
1248 513 1352 548 judicio
1365 520 1488 543 ventura.

994 599 1058 627 CAP.
1077 600 1177 635 XXXI,
1196 602 1278 631 Vens.
1297 604 1321 631 i.
1339 605 1407 633 Cum
1422 606 1596 643 Assyriorum
1613 610 1739 640 incursus

959 646 1126 680 praedixerit,
1141 655 1168 676 et
1183 649 1331 677 vindictam
1347 651 1381 679 ab
1397 652 1457 687 ipso
1475 655 1669 690 exercendam,
1682 665 1738 685 me-

958 692 1010 718 rito
1031 691 1103 721 Deus
1118 693 1254 722 lsraelitas
1278 695 1361 723 dolet.
1384 697 1451 725 Nam
1473 703 1584 734 stupore
1600 706 1738 734 amentes,

957 741 983 765 et
992 738 1123 766 auxilium
1132 740 1166 767 ab
1176 739 1311 776 Egyptiis
1329 747 1530 777 exspectantes,
1543 745 1575 772 ad
1592 745 1674 774 Deum
1684 755 1738 775 non

957 783 1138 819 confugerunt
1171 787 1292 814 omnium
1322 787 1465 816 Dominum
1498 795 1524 818 et
1553 791 1738 825 Salvatorem.

957 831 1035 865 quasi
1052 830 1148 859 fuisset
1170 832 1250 861 inane
1265 834 1325 868 ejus
1344 836 1517 870 prmsidium;
1540 838 1587 865 sed
1607 847 1739 874 equorum

921 871 943 900 ﬂ
957 879 984 903 et
999 884 1129 904 curruum
1145 879 1319 908 multitudine
1333 881 1439 915 confisi,
1451 890 1479 910 se
1491 883 1525 910 ab
1539 884 1578 911 eis
1593 871 1739 914 sal-vandos

958 928 1017 948 esse
1033 928 1219 957 speraveruut.

991 1010 1073 1038 Vens.
1089 1012 1117 1040 4.
1136 1013 1250 1042 Animos
1272 1022 1365 1042 eorum
1384 1016 1532 1051 prudenter
1549 1025 1564 1045 a
1581 1018 1635 1046 Deo
1652 1019 1738 1047 infor-

956 1058 1069 1087 mandos
1093 1067 1155 1088 esse
1183 1060 1321 1095 declarat;
1347 1070 1410 1090 nam
1446 1064 1566 1092 vindicta
1589 1065 1636 1093 Dei
1665 1067 1737 1093 velut

955 1105 1052 1133 medici
1071 1107 1213 1141 prudentia
1230 1109 1354 1136 morbum
1373 1110 1538 1143 recidentis,
1559 1116 1587 1140 et
1613 1113 1737 1141 sanantis

954 1150 1081 1185 vulnera;
1106 1152 1244 1188 sapienter
1261 1158 1418 1188 peccatores
1442 1155 1475 1183 ad
1501 1157 1609 1185 saniora
1628 1164 1736 1186 revocat

954 1195 1026 1224 Deus
1038 1217 1046 1229 ,
1062 1201 1089 1225 et
1104 1202 1212 1235 tempus
1226 1200 1392 1235 pwnitentia‘.
1404 1208 1548 1238 praeparat,
1561 1203 1626 1231 dum
1640 1204 1736 1232 lzedere

954 1242 1071 1270 videtur.

991 1330 1074 1360 Vsus.
1099 1332 1125 1359 5.
1148 1331 1340 1362 Paenitentiam
1369 1341 1478 1371 agentes
1503 1341 1626 1372 proteget
1652 1337 1733 1368 Deus.

953 1381 980 1405 et
996 1377 1146 1406 Jerusalem
1165 1379 1302 1413 defendet,
1325 1381 1416 1409 avium
1443 1382 1475 1409 ad
1502 1390 1626 1410 normam
1643 1384 1736 1418 pullos

953 1431 1018 1451 suos
1043 1423 1191 1452 foventium
1213 1435 1219 1458 ;
1249 1426 1336 1461 ipsam
1361 1428 1433 1456 enim
1455 1432 1532 1456 tanto
1562 1429 1651 1457 studio
1675 1437 1736 1464 pro-

953 1470 1085 1504 sequitur.

989 1512 1072 1542 Vsus.
1095 1515 1121 1542 6.
1139 1515 1216 1545 Malis
1236 1517 1377 1546 demersos
1395 1523 1423 1546 et
1446 1520 1577 1555 impietati
1598 1522 1624 1549 in
1649 1522 1732 1550 Deum

915 1548 935 1576 (ἶ
952 1559 1058 1588 deditos
1083 1562 1229 1595 allocutus.
1246 1567 1275 1591 ut
1300 1565 1352 1592 sibi
1377 1548 1522 1593 consulant
1547 1568 1643 1595 suadet
1668 1577 1731 1603 pro-

952 1607 1042 1641 pheta,
1055 1611 1082 1635 et
1099 1608 1226 1636 ﬁduciam
1240 1611 1385 1645 exprobrat
1399 1619 1453 1647 qua
1471 1613 1498 1639 in
1515 1612 1650 1649 [Egyptiis
1663 1623 1730 1642 con-

952 1652 1079 1680 lidebant.

986 1700 1051 1727 CAP.
1069 1700 1176 1734 XXXII,
1201 1701 1281 1730 Vens.
1308 1704 1333 1730 ί.
1356 1703 1493 1732 llislorico
1517 1705 1626 1740 quidem
1647 1714 1730 1735 sensu

950 1745 1007 1773 haec
1027 1746 1061 1773 ad
1081 1746 1225 1776 Ezechiam
1241 1754 1375 1784 spectant.
1391 1755 1464 1778 recte
1479 1755 1570 1779 tamen
1584 1753 1618 1780 ad
1641 1754 1728 1789 ipsum

951 1791 1118 1821 Salvatorem
1139 1795 1301 1823 referentur.
1320 1797 1425 1825 Sentias
1443 1797 1526 1833 igitur
1550 1807 1612 1827 vere
1637 1800 1730 1829 beatos

949 1847 1010 1868 esse
1023 1841 1069 1876 qui
1084 1842 1234 1870 secundum
1248 1843 1333 1871 Deum
1347 1845 1531 1880 profecerunt,
1544 1852 1571 1874 et
1582 1855 1730 1883 supernam

951 1885 1016 1914 Sion
1043 1893 1189 1922 occupant,
1213 1893 1240 1916 et
1266 1897 1357 1925 regem
1383 1891 1483 1918 habent
1508 1892 1652 1920 Dominum
1682 1901 1730 1921 no-

949 1939 1036 1960 strum
1074 1933 1167 1962 Jesum
1211 1935 1350 1964 Christum
1380 1937 1424 1964 cui
1458 1938 1539 1965 etiam
1586 1939 1614 1966 in
1650 1940 1730 1968 terris

949 1986 1055 2005 summa
1067 1978 1173 2013 justitia
1188 1981 1327 2016 competit.

984 2023 1065 2052 Vens.
1081 2024 1109 2051 2.
1126 2024 1255 2053 Homines
1274 2027 1321 2061 qui
1338 2033 1447 2055 servant
1467 2029 1513 2056 Dei
1535 2035 1679 2066 praecepta,
1701 2037 1729 2059 et

948 2069 994 2097 Dei
1015 2077 1155 2098 sermones
1174 2079 1230 2106 pra:
1246 2072 1353 2107 justitia
1368 2074 1396 2101 in
1414 2076 1565 2110 semetipsis
1578 2078 1727 2110 occultant.

948 2116 983 2143 ab
999 2116 1038 2143 ira
1051 2121 1164 2144 ventura
1177 2117 1362 2148 defendendos
1373 2120 1502 2149 declarat.

146 2212 216 2244 Τοὺς
238 2212 396 2248 Ἀσσυρίους
420 2213 609 2248 ἐπικειμένους
623 2213 663 2244 είς
682 2213 809 2248 πόλεμον,
832 2213 898 2240 ἀκό-

986 2206 1065 2234 Vens.
1082 2206 1108 2239 4,
1123 2207 1149 2234 5.
1167 2206 1326 2235 lmmineute
1338 2208 1511 2244 Assyriorum
1527 2210 1608 2243 bello,
1621 2219 1728 2247 aequum

107 2257 204 2284 λουθον
215 2255 249 2293 ἦν
262 2258 325 2289 τοὺς
341 2257 409 2293 πρὸς
422 2257 467 2283 τὸν
483 2257 548 2284 Θεὸν
563 2257 698 2290 τείνοντας
711 2258 742 2284 τὸ
755 2258 831 2294 δμμα
845 2267 895 2285 κα-

102 2305 253 2339 ταφρονεῖν
266 2303 314 2339 μὲν
324 2303 374 2338 τῆς
387 2303 559 2338 ἀνθρωπίνης
575 2303 708 2340 βοηθείας,
723 2303 793 2338 λέγω
804 2303 836 2340 δὴ
846 2304 894 2339 τῆς

105 2349 163 2375 τῶν
175 2349 332 2383 Αἰγυπτίων
343 2357 350 2364 ·
365 2349 407 2376 ἐπ’
419 2349 498 2375 αὑτὸν
506 2349 534 2376 δὲ
546 2350 595 2381 τὰς
611 2349 722 2381 ἐλπίδας
735 2349 893 2384 κεκτῆσθαι,

105 2396 156 2422 καὶ
168 2396 242 2431 αὐτῷ
255 2395 398 2432 προσέχειν
415 2395 460 2421 τὸν
474 2395 537 2422 νοῦν
550 2404 556 2410 ·
571 2395 634 2427 τοὺς
644 2395 699 2431 γὰρ
711 2396 844 2431 πρότερον
856 2396 893 2431 μὴ

103 2441 270 2476 δυναμένους
282 2441 328 2467 τὸν
339 2441 388 2476 τῆς
399 2440 552 2472 θεοσεϐείας
564 2440 729 2476 διαρθρῶσαι
744 2440 821 2475 λόγον
834 2441 893 2468 τότε

105 2488 170 2523 ἐνῆν
189 2488 251 2514 ἰδεῖν
267 2486 396 2514 δύνασθαι
419 2488 504 2523 τρανῇ
519 2488 552 2523 τῇ
565 2487 670 2522 γλώττῃ
694 2487 833 2522 ὁμολογεῖν
848 2488 894 2515 τὸν

104 2534 155 2569 τῆς
169 2535 279 2570 εἰρήνης
299 2533 461 2570 βραϐευτὴν,
476 2534 522 2560 καὶ
533 2533 623 2560 οὐκέτι
640 2533 776 2569 αἱρεῖσθαι
792 2534 838 2561 τὸν
848 2534 894 2560 Αί-

104 2579 219 2613 γύπτιον
240 2579 329 2606 αὐτῶν
349 2579 452 2614 ἄρχειν,
476 2578 505 2605 ὃν
524 2578 615 2614 μωρὸν
638 2578 750 2610 δικαίως
765 2580 782 2614 ἡ
799 2579 893 2615 Γραφὴ

105 2625 256 2660 ὠνόμασεν.

140 2670 194 2697 Τοῦ
211 2671 347 2706 τάγματος
370 2671 424 2698 τῶν
454 2671 558 2705 ἀνδρῶν
587 2671 718 2705 ἀνηκοΐαν
740 2670 892 2702 νοσοῦντος,

105 2716 219 2751 μετάγει
235 2718 280 2743 τὸν
295 2717 373 2751 λόγον
385 2718 399 2743 ὁ
415 2718 557 2754 προφήτης
570 2718 618 2744 ἐπὶ
631 2718 680 2749 τὰς
691 2719 834 2751 γυναῖκας,
845 2716 892 2743 καὶ

103 2761 259 2796 νομοθετεῖν
284 2761 355 2794 ἀξιοῖ
375 2763 494 2794 ταύτας·
521 2763 568 2789 καὶ
592 2762 709 2797 μάλιστα
732 2762 781 2794 τὰς
799 2761 892 2796 κομώ-

104 2815 155 2839 σας
189 2807 306 2843 πλούτῳ,
322 2808 350 2834 αῖ
375 2807 422 2834 τοῦ
452 2809 500 2844 μὲν
531 2808 635 2835 ἑαυτῶν
666 2807 768 2843 κόσμου
792 2807 892 2843 πολλὴν

103 2853 262 2888 ἐπιμέλειαν
295 2854 472 2890 ἐποιήσαντο,
505 2853 596 2886 καθὼς
628 2854 675 2881 καὶ
705 2855 733 2881 ἐν
758 2855 814 2886 τοῖς
843 2853 892 2890 ξμ-

946 2255 1006 2279 erat
1040 2255 1069 2278 ut
1091 2251 1178 2278 oculis
1197 2252 1223 2278 in
1241 2251 1324 2278 Deum
1348 2253 1456 2286 intenti,
1481 2254 1627 2282 humanam
1649 2263 1728 2291 opem

947 2303 1133 2331 spernerent;
1157 2306 1235 2332 opem
1262 2298 1324 2326 dico
1351 2299 1561 2335 (Egyptiorum;
1586 2301 1614 2328 in
1639 2301 1728 2336 ipsum

947 2351 1011 2371 vero
1028 2343 1208 2376 confiderent,
1230 2351 1313 2370 unum
1335 2353 1396 2372 eum
1419 2346 1601 2375 intuerentur.
1623 2347 1729 2382 Quippe

946 2392 991 2424 qui
1024 2391 1100 2425 prius
1122 2390 1169 2418 Dei
1195 2399 1293 2418 nomen
1324 2391 1368 2418 vix
1392 2392 1527 2420 luesitauti
1549 2394 1642 2430 lingua
1670 2395 1728 2422 bal-

946 2437 1035 2464 butire
1055 2441 1212 2472 potuerant,
1231 2445 1305 2464 nunc
1327 2438 1440 2465 eosdem
1456 2439 1558 2467 videris
1578 2441 1727 2476 principem

946 2484 1021 2518 pacis
1049 2484 1179 2511 distincta
1207 2492 1273 2511 voce
1299 2484 1457 2516 confessos,
1484 2490 1510 2512 et
1536 2485 1728 2523 Egyptiorum

945 2531 1089 2565 imperium
1104 2530 1160 2565 jam
1177 2531 1356 2558 abhorrentes
1378 2538 1447 2565 quos
1465 2532 1562 2559 merito
1585 2533 1729 2569 Scriptura

945 2576 1044 2603 stultos
1065 2579 1152 2603 vocat.

919 2663 923 2666 ’
977 2666 1060 2694 Vens.
1075 2666 1101 2694 9.
1124 2666 1192 2693 Cum
1216 2667 1337 2694 virorum
1358 2666 1425 2694 ordo
1449 2666 1634 2694 inobedientia
1650 2668 1727 2696 labo-

944 2718 996 2746 ret,
1014 2713 1142 2741 mulieres
1159 2713 1257 2740 otiatur
1278 2713 1420 2748 propheta.
1443 2713 1558 2748 illasque
1577 2713 1729 2742 informan-

944 2759 994 2787 das
1009 2760 1125 2794 suscipit
1143 2769 1150 2792 ;
1169 2760 1319 2793 przescrtim
1337 2768 1402 2787 vero
1425 2759 1528 2787 divitiis
1544 2759 1727 2792 abundantes,

943 2813 1004 2839 quze
1026 2813 1125 2841 corpus
1146 2814 1226 2832 suum
1247 2814 1354 2833 summo
1371 2806 1463 2833 studio
1483 2806 1670 2838 exornabant,
1688 2807 1728 2834 uti

944 2857 970 2880 et
985 2860 1067 2888 supra
1088 2852 1217 2888 propinata
1235 2853 1406 2880 conﬁrmavit
1422 2862 1427 2868 -
1446 2860 1538 2880 verum
1556 2856 1646 2880 autem
1667 2852 1727 2880 σω-
