1919 3075
209 125 278 152 1327

814 119 985 148 ΤΗΕοῡοιιι
1006 118 1265 146 ιιΕιιΑαιΕΕΝςις

1759 117 1822 144 1313

206 190 277 218 tum,
305 184 473 220 spiritualem
502 183 617 214 scilicet,
648 182 831 217 negligcbant,
852 188 906 216 quo
936 180 986 206 sibi

1047 177 1155 213 τροσθεν
1171 177 1313 210 κατέλεξεν
1329 180 1343 203 ὸ
1362 177 1520 211 προφήτης·
1539 176 1585 203 τοῦ
1600 176 1629 202 δὲ
1645 175 1762 210 ἀληθοῦς
1774 175 1822 209 ψυ-

205 232 321 261 salutem
341 231 456 258 fuissent
477 233 640 257 consecutae.
661 228 735 261 Quas
751 227 834 264 igitur
852 228 924 254 velut
945 234 989 253 ex-

205 276 407 315 pergefaciens,
432 280 459 304 et
481 276 606 303 excitans
626 281 751 302 sermone
770 283 777 300 :
799 282 807 298 ι
823 273 932 304 Audite,
946 272 988 298 in-

206 325 276 359 quit,
295 323 423 350 mulieres
439 321 561 353 divites;
587 330 595 346 ι
618 327 672 347 non
693 319 766 354 ipsas
791 327 856 346 sane
880 318 989 345 divitias

207 372 375 403 insectatur,
397 373 491 404 utpote
510 375 571 403 qua:
589 367 656 402 ipsis
679 366 787 393 fuerant
814 372 829 391 a
850 364 904 391 Deo
928 371 990 391 cre-

207 417 280 450 ditaa,
299 416 346 443 sed
362 422 453 442 mores
468 414 538 440 male
553 413 651 448 opibus
665 411 724 439 suis
736 409 882 438 utentium.

242 505 326 534 Vens.
349 505 391 532 15.
402 504 507 532 lndicat
523 503 567 530 hic
582 503 659 530 locos
674 508 735 530 esse
752 499 987 531 vastandos-,nam

206 551 330 579 Chermel
345 558 423 577 mons
439 553 481 577 est
498 548 638 576 Samarize.

239 609 304 643 Cn,
323 605 442 639 XXXIII.
470 605 553 632 Vens.
575 604 601 631 2.
632 604 699 632 Cum
724 604 751 630 in
772 602 830 630 dies
851 601 937 636 magis
957 607 989 627 ac

207 654 292 688 magis
316 655 480 688 augerentur
503 649 594 685 populi
621 652 744 684 peccata,
769 654 820 674 nec
847 646 929 673 minis
955 646 988 672 ad

207 699 392 735 paenitentiam
416 697 548 728 deterriti,
565 703 613 723 nec
637 703 685 730 spe
706 695 839 722 bonorum
870 693 903 720 ad
925 693 990 728 pie—

208 749 288 773 tatem
320 744 443 775 excitati,
467 742 655 770 misericordia
680 745 819 776 permotus
842 740 899 774 ipse
930 746 990 773 pro-

209 793 299 828 pheta,
317 791 388 818 haud
409 797 489 818 secus
504 796 536 816 ac
551 789 574 816 si
591 788 648 823 jam
667 795 728 814 eum
747 790 871 814 cerneret
885 785 988 812 meritis

209 837 346 873 suppliciis
360 836 521 867 contritum,
540 834 654 861 salutem
670 833 770 860 civium
788 839 802 857 a
820 830 874 857 Deo
893 829 987 864 depre-
1004 852 1024 879 Β

208 887 293 910 catur.
310 881 368 914 Qua
393 880 499 908 ratione
516 879 636 906 declarat
665 877 740 913 ipsos
764 877 801 903 nil
826 877 987 903 intentatum

206 927 450 960 intemeratumque
476 924 638 959 reliquisse,
663 930 714 950 nec
738 921 811 948 aliud
843 920 895 948 sibi
924 927 989 954 pro-

206 973 348 1004 meruisse,
365 971 417 998 nisi
434 978 539 1006 poanas.
553 969 673 1005 Equum
687 973 729 996 est
750 972 778 995 ut
796 967 876 995 nobis
892 973 988 1001 parcas

205 1021 231 1050 et
251 1017 407 1046 miserearis
421 1026 427 1031 ·
444 1017 473 1043 in
492 1020 518 1043 te
535 1017 606 1043 enim
622 1014 795 1042 confidimus.

243 1105 324 1133 Vens.
348 1106 374 1133 '5.
398 1104 461 1132 llaec
475 1104 541 1132 dicit
558 1104 700 1140 propheta,
717 1110 771 1130 non
795 1107 824 1130 ut
844 1100 989 1136 .ndignan-

206 1156 259 1179 tem
276 1151 359 1178 Deum
372 1151 470 1186 placet,
488 1150 535 1178 sed
548 1154 576 1176 ut
590 1149 718 1185 populum
734 1149 841 1181 doceat,
858 1146 923 1182 quid
937 1146 990 1181 ipsi

207 1197 240 1224 ad
257 1196 477 1231 consequendam
492 1196 608 1223 salutem
624 1195 758 1231 agendum
776 1195 820 1222 sit.
837 1193 902 1226 Quae
916 1193 989 1220 enim

207 1243 249 1271 sui
274 1243 385 1270 conscio
406 1242 507 1277 populo
528 1241 561 1268 ad
585 1241 669 1268 Deum
690 1240 826 1268 fundentia
847 1243 936 1271 erant,
956 1245 989 1266 ea

208 1292 269 1317 vota
294 1288 360 1315 facit
385 1288 518 1323 propheta
542 1287 614 1323 apud
636 1294 731 1315 eorum
757 1285 925 1318 Dominum;
951 1283 990 1311 ita

208 1336 308 1363 decens
333 1343 381 1363 eos
408 1334 473 1369 quid
496 1334 549 1362 sibi
572 1334 615 1369 pia
639 1338 728 1361 mente
754 1333 885 1368 ﬂagitent,
910 1335 939 1358 ut
963 1333 991 1358 et

208 1382 259 1417 ipsi
281 1381 323 1408 vel
352 1381 512 1416 prophetam
537 1379 651 1411 imitati,
674 1386 784 1406 causam
812 1385 888 1405 suam
918 1375 990 1411 apud

209 1426 291 1453 Deum
311 1429 403 1461 agant.

244 1482 325 1510 Vens.
346 1482 373 1510 5.
399 1481 578 1517 Progressum
600 1481 711 1514 mentis,
735 1485 762 1508 et
781 1480 880 1508 bonam
906 1475 991 1505 animi

1039 223 1117 259 χικοῦ
1129 223 1276 258 κόσμου,δς
1288 223 1425 258 σωτηρίαν
1433 223 1527 254 αὑταῖς
1539 222 1686 257 προεξένει,
1696 221 1822 256 ἠμέλουν.

1040 268 1146 304 Ὥσπερ
1157 266 1204 295 οὖν
1219 268 1376 302 ἀφυπνίζων
1386 267 1469 299 αὑτὰς
1480 268 1527 294 καὶ
1537 267 1678 294 διανιστῶν
1692 266 1732 302 τῷ
1745 266 1823 301 λόγῳ,

1042 323 1051 340 ι
1077 314 1232 346 Ἀκούσατε,
1255 313 1368 348 ἔφασκε,
1385 314 1514 348 γυναῖκες
1533 312 1672 339 πλούσιαι·
1695 322 1704 338 ι
1721 312 1774 338 οὒκ
1788 313 1823 343 εἰς

1039 359 1153 387 πλοῦτον
1167 359 1251 391 αὑτὰς
1277 359 1475 391 ἀποσκώπτων,
1492 358 1521 391 ὃς
1533 360 1580 385 καὶ
1594 358 1675 390 αὐτὸς
1689 359 1767 394 παρά
1779 358 1822 384 τοῦ

1038 405 1106 433 Θεοῦ
1120 405 1232 438 ἐδέδοτο,
1243 405 1299 431 ἀλλ’
1318 405 1357 436 εἰς
1368 404 1467 440 τρόπον
1483 404 1537 431 τῶν
1554 405 1645 436 κακῶς
1663 404 1704 439 τῷ
1720 404 1823 439 πλούτῳ

1039 461 1055 486 χ
1059 460 1097 487 ρω
1101 451 1198 486 μένων.

1074 497 1128 532 Τὴν
1143 496 1366 532 καταληψομένην
1382 497 1445 528 τοὺς
1459 497 1558 528 τόπους
1575 497 1693 532 ἐρημίαν
1711 495 1823 523 ἐνταῦθα

1041 543 1167 578 σημαίνει
1178 550 1185 557 ”
1200 542 1310 579 Χερμὲλ
1327 545 1381 578 γὰρ
1393 542 1454 578 ὅρος
1465 543 1524 569 ἐστὶ
1543 542 1593 577 τῆς
1605 542 1776 578 Σαμαρείας.

1075 599 1122 630 El;
1134 598 1274 634 ἀπέραντα
1299 599 1520 635 παρανομοῦντος
1538 598 1584 626 τοῦ
1604 598 1681 630 λαοῦ,
1699 598 1748 625 καὶ
1763 600 1823 634 μήτε

1038 647 1071 681 τῇ
1085 645 1140 671 τῶν
1170 645 1340 681 σκυθρωπῶν
1360 644 1510 681 ἐπαγγελίᾳ
1532 643 1737 679 καμπτομένων
1763 644 1825 679 πρὸς

1041 691 1194 727 μετάνοιαν,
1212 692 1281 727 μήτε
1297 692 1330 727 τῇ
1349 690 1403 717 τῶν
1420 690 1545 726 χρηστῶν
1561 690 1649 717 ἑλπίδι
1661 689 1826 724 δωγειρομὲ-

1039 743 1091 762 νων
1108 735 1175 771 πρὸς
1192 734 1354 768 θεοσέϐειαν,
1370 736 1409 766 είς
1431 734 1602 770 συμπάθειαν
1625 733 1800 768 κατενεχθεὶς
1814 734 1827 759 ὁ

1039 781 1191 817 προφήτης,
1202 781 1240 812 ὡς
1255 781 1368 816 μηδενὸς
1384 781 1478 817 ἐτέρου
1489 780 1650 816 λειπομένου
1661 780 1678 816 ἢ
1695 780 1827 815 τιμωρίας

1039 828 1089 863 τῆς
1104 826 1307 862 ὲπαχθήσεσθαι
1326 827 1418 859 αὺτοῖς
1434 826 1583 862 μελλούσης
1600 826 1660 854 κατ’
1679 825 1772 859 ἀξίαν,
1786 826 1826 852 εὐ-

1038 873 1088 909 χὴν
1103 874 1173 909 ὑπὲρ
1183 873 1272 900 αὐτῶν
1286 874 1444 909 ἀναπέμπει
1460 873 1527 909 πρὸς
1538 872 1584 900 τὸν
1594 872 1649 899 τῶν
1663 872 1735 898 ὅλων
1749 872 1824 898 Θεόν·

1037 920 1118 946 τοῦτο
1131 919 1230 955 δηλῶν,
1249 919 1290 946 ὅτι
1304 919 1340 946 τὰ
1355 920 1404 954 μὲν
1425 920 1489 954 παρ’
1504 919 1587 946 αὐτοῦ
1606 918 1661 946 τῶν
1676 919 1718 950 είς
1733 918 1826 944 κακίαν

1040 965 1285 1000 συμπεπλήρωται,
1308 965 1355 992 καὶ
1378 965 1454 992 οὐδὲν
1478 965 1570 1001 ἓτερον
1592 964 1827 1000 κεχρειιιστήσεται

1039 1011 1129 1042 αὐτοῖς
1151 1011 1169 1045 ἢ
1184 1010 1245 1045 δίκη
1256 1018 1262 1024 ·
1283 1010 1362 1047 χρεία
1377 1011 1405 1037 δὲ
1418 1011 1473 1038 τῶν
1485 1010 1538 1038 σῶν
1555 1009 1706 1046 οἰκτιρμῶν
1722 1010 1771 1036 καὶ
1785 1008 1825 1035 τοῦ

1040 1057 1087 1083 σοῦ
1101 1056 1188 1087 ἐλέου,
1206 1057 1243 1088 ὡς
1257 1057 1303 1083 ἐπὶ
1315 1057 1356 1083 συὶ
1370 1056 1537 1083 πεποιθότων

1074 1102 1167 1130 Ταῦτα
1177 1103 1205 1129 δὲ
1216 1104 1231 1129 ὁ
1243 1104 1385 1139 προφήτης
1398 1103 1501 1137 ἔλεγεν.
1514 1104 1562 1138 οὐχ
1575 1104 1613 1134 ὡς
1623 1101 1829 1137 ἀγανακτοῦντα

1039 1150 1084 1176 τὸν
1091 1149 1156 1176 Θεὸν
1163 1150 1307 1182 διδάσκων,
1323 1150 1379 1176 ἀλλ’
1393 1149 1430 1182 ὼς
1437 1149 1476 1185 τῷ
1481 1149 1537 1185 λαῷ
1546 1149 1698 1184 προφάσεις
1703 1147 1830 1183 παρέξων

1041 1195 1096 1222 τῶν
1106 1195 1263 1231 ἀρκούντων
1276 1196 1367 1228 αὐτοῖς
1377 1197 1417 1227 είς
1432 1197 1578 1231 σωτηρίαν.
1591 1195 1686 1230 Ἃγὰρ
1695 1193 1830 1229 ὲχρῆντὸν

1040 1241 1102 1268 λαὸν
1116 1241 1185 1277 ὑπὲρ
1196 1242 1292 1269 ἑαυτοῦ
1301 1243 1340 1274 εἰς
1358 1241 1534 1276 συναίσθησιν
1546 1241 1692 1277 ἐρχόμενον
1706 1240 1777 1275 πρὸς
1788 1239 1830 1265 τὸν

1040 1287 1107 1314 Θεὸν
1130 1287 1229 1322 λέγειν,
1244 1287 1319 1314 ταῦθ’
1332 1289 1346 1315 ὁ
1366 1288 1510 1324 προφήτης
1531 1288 1570 1319 είς
1593 1287 1715 1322 ἐπήκοον
1743 1286 1830 1312 αὐτῶν

1041 1333 1186 1369 εὐχόμενος
1204 1334 1344 1360 ἐδίδασκεν
1359 1333 1458 1365 αὐτοὺς
1476 1333 1647 1369 ἐρανίζεσθαι
1664 1332 1713 1359 τὸν
1732 1331 1830 1366 εὐσεὸἧ

1041 1379 1103 1406 νοῦν
1113 1387 1120 1394 θ
1133 1379 1176 1406 ἵνα
1190 1380 1238 1407 καὶ
1251 1380 1339 1412 αὐτοὶ,
1353 1379 1403 1406 κᾶν
1419 1379 1483 1413 γοῦν
1501 1378 1687 1414 μιμησάμενοι
1700 1378 1750 1405 τὸν
1768 1386 1831 1412 προ-

1042 1428 1140 1463 φήτην,
1155 1427 1225 1463 ὑπὲρ
1240 1427 1343 1454 ἑαυτῶν
1362 1427 1430 1463 πρὸς
1445 1427 1490 1452 τὸν
1506 1426 1571 1452 Θεὸν
1587 1425 1770 1460 φθέγξωνται.

1077 1483 1221 1520 Προκοπὴν
1238 1483 1374 1516 διανοίας,
1398 1483 1444 1509 καὶ
1466 1483 1584 1518 δίδαγμα
1608 1482 1699 1518 ψυχῆς
1731 1481 1832 1516 ἀγαθὸν

209 1529 359 1556 doctrinam
387 1528 488 1555 indicat
523 1535 643 1563 praesens
670 1526 729 1554 haec
761 1526 892 1562 precatio.
921 1524 988 1551 Nam

1047 1531 1114 1567 ἴηλοτ
1140 1532 1156 1567 ἠ
1186 1531 1352 1567 προκειμένη
1384 1530 1528 1566 προσευχὴ.
1556 1529 1612 1564 Οὐχ
1637 1529 1676 1561 ὡς
1700 1529 1758 1564 γὰρ
1786 1529 1831 1556 τοῦ

209 1576 279 1603 Deus
291 1582 346 1602 non
363 1581 395 1602 eo
412 1575 485 1609 quod
507 1573 636 1609 procedat
658 1573 685 1600 in
710 1573 866 1604 sanctitate,
878 1576 989 1599 sanctus

210 1625 330 1653 vocatur,
358 1622 404 1648 sed
423 1620 482 1655 ipse
498 1620 544 1655 qui
568 1622 696 1655 precatur
710 1618 817 1653 prolicit
839 1618 866 1644 in
889 1617 991 1644 sancti-

209 1671 282 1700 tate,
309 1671 336 1695 et
355 1666 526 1702 maiestatem
548 1665 797 1700 sublimitatemque
818 1663 866 1691 Dei
889 1662 991 1690 intelli-

209 1714 301 1749 gentia
321 1713 508 1748 conscquitur.
527 1712 603 1739 Tunc
617 1711 690 1739 enim
713 1709 864 1746 praesertim
878 1712 991 1737 sanctus

209 1767 271 1787 vere
297 1763 323 1786 et
348 1759 473 1786 sublimis
497 1765 558 1785 esse
583 1757 654 1785 Deus
681 1760 854 1792 agnoscetur,
883 1754 992 1790 quando

209 1805 354 1842 perfectior
369 1805 476 1832 animus
495 1804 640 1839 perspiciet
651 1802 725 1837 justa
740 1809 801 1830 esse
817 1804 916 1828 cuncta
936 1799 992 1828 veri

210 1852 257 1879 Dei
272 1851 385 1886 judicia.
400 1850 465 1883 Quae
481 1850 590 1885 quidem
606 1857 679 1877 nunc
691 1849 724 1876 ad
739 1848 901 1880 Jerusalem,
919 1854 993 1874 nunc

211 1896 243 1923 ad
264 1904 371 1924 onmem
391 1900 544 1923 creaturam
560 1898 692 1930 spectant.
708 1893 807 1921 Poenas
822 1893 894 1920 enim
911 1892 994 1919 dabat

204 1942 286 1982 .urbs,
301 1950 357 1969 non
375 1945 405 1969 ut
426 1941 548 1969 funditus
564 1946 716 1972 erueretnr,
734 1940 780 1968 sed
801 1944 830 1967 ut
850 1939 993 1967 erudiren-

212 1991 267 2018 tur,
289 1989 566 2021 converterentnrque
582 1986 676 2013 incolae
691 1986 760 2021 ejus.

247 2041 330 2070 Vens.
346 2043 372 2070 9.
389 2042 475 2070 Locos
490 2050 539 2078 pro
556 2043 677 2070 locorum
695 2042 847 2070 cultoribus
863 2045 994 2077 usurpat;

212 2096 295 2116 sensu
311 2089 434 2115 carentia
456 2089 483 2116 in
499 2089 617 2116 medium
639 2088 754 2125 profert,
770 2093 798 2116 ut
824 2096 907 2117 sensu
927 2095 996 2123 prae-

212 2134 286 2162 ditos
319 2134 426 2169 pudore
455 2133 577 2167 alliciat;
599 2142 659 2169 quae
686 2134 759 2162 enim
780 2134 814 2162 de
838 2134 996 2161 hominibus

212 2179 339 2207 valebant
365 2184 467 2207 sortem
500 2188 578 2208 suam
603 2180 776 2212 dedentibus,
801 2187 833 2208 ea
860 2179 894 2207 ad
919 2180 994 2207 locos

213 2226 287 2261 ipsos
313 2226 396 2254 refert
421 2226 641 2262 ingemiscentes,
662 2226 867 2263 propemodum,
887 2230 914 2254 et
932 2233 995 2261 par-

213 2271 357 2305 turientes,
373 2275 402 2299 ut
415 2273 452 2299 ait
472 2272 640 2307 Apostolus“
654 2281 661 2306 ;
687 2280 803 2308 quorum
815 2272 896 2300 simul
913 2271 994 2299 deso-

214 2316 343 2345 lationem
366 2322 498 2345 memorat
521 2318 647 2346 omnibus
672 2318 847 2354 perspicuam
880 2317 994 2344 manife-

213 2367 337 2398 stamque
353 2363 481 2391 futuram;

250 2419 332 2448 Vens.
357 2420 398 2447 15.
422 2419 555 2454 Populum
576 2420 745 2456 opprimente
770 2420 823 2447 Deo
847 2428 896 2456 per
913 2421 996 2456 Assy-

214 2466 283 2499 rios,
301 2474 355 2494 non
375 2466 472 2493 vicinia
497 2470 602 2494 tantum
621 2467 778 2502 stupebant,
795 2467 842 2495 sed
861 2472 888 2495 et
900 2468 946 2502 qui
963 2468 996 2495 de

215 2511 293 2547 longe
319 2511 450 2544 audient;
486 2512 690 2540 confundentnr
721 2513 796 2548 impii
831 2513 859 2540 in
888 2512 997 2541 Jerusa-

214 2557 277 2585 lem.

250 2648 314 2676 CAP.
330 2647 450 2680 XXXIV,
464 2647 548 2676 Vens.
566 2649 610 2682 12,
625 2650 667 2677 15.
682 2649 837 2685 Rhapsaces
851 2650 951 2678 dicitur
964 2659 995 2678 ex

216 2693 373 2728 captivitate
393 2694 478 2722 fuisse
506 2695 598 2723 decem
627 2695 759 2728 tribuum,
784 2701 810 2723 et
833 2696 884 2724 hoc
909 2705 940 2725 ex
966 2705 998 2725 eu

216 2739 417 2773 comprobatur,
437 2740 510 2774 quod
529 2741 645 2776 potuerit
659 2741 771 2770 Judaice
784 2743 868 2778 loqui.

253 2817 351 2845 'Rom.
371 2826 428 2850 \‘Ill,
449 2819 493 2845 22.

1041 1577 1108 1604 Θεοῦ
1123 1578 1162 1609 εἰς
1184 1577 1318 1612 ἁγιασμὸν
1336 1577 1550 1612 προκόπτοντος,
1561 1575 1592 1602 τὸ
1612 1575 1698 1610 ἅγιος
1710 1575 1830 1610 ἐλέγετο,

1041 1622 1096 1649 ἀλλ’
1122 1621 1204 1649 αὐτοῦ
1222 1621 1269 1647 τοῦ
1286 1621 1502 1657 προσευχομένου
1524 1621 1564 1652 εἰς
1578 1620 1717 1656 ἁγιασμὸν
1732 1629 1831 1656 προκε-

1042 1668 1156 1699 κοπότος
1169 1688 1175 1700 ,
1206 1669 1253 1694 καὶ
1284 1668 1314 1694 τὸ
1339 1668 1480 1703 μεγαλεῖον
1498 1667 1545 1694 τοῦ
1564 1667 1631 1694 Θεοῦ
1656 1668 1704 1694 καὶ
1728 1668 1831 1703 ὑῂλὸν

1042 1713 1250 1748 κατειληφότος·
1267 1714 1327 1740 τότε
1350 1713 1404 1749 γὰρ
1425 1714 1542 1749 μάλιστα
1559 1713 1669 1749 ἀληθῶς
1686 1714 1767 1748 ἅγιος
1788 1716 1834 1740 καί

1043 1760 1143 1795 ὑψηλὸς
1156 1759 1265 1796 νοηθείη
1291 1757 1358 1786 εἶναι
1379 1759 1454 1791 Θεὸς,
1468 1760 1506 1786 ὅτ’
1526 1759 1559 1786 ἂν
1581 1759 1745 1794 προκύψασα
1760 1760 1833 1795 ψυχὴ

1042 1805 1123 1831 ἐνίδοι
1142 1805 1187 1831 τὸν
1211 1804 1295 1836 ὄντως
1321 1805 1386 1831 ὄντα
1409 1804 1474 1832 Θεὸν
1501 1804 1613 1836 δικαίως
1637 1805 1770 1840 μετιόντα
1787 1806 1836 1836 τὰς

1042 1851 1161 1887 κρίσεις·
1191 1851 1270 1877 τοῦτο
1293 1851 1342 1886 μὲν
1367 1851 1410 1877 ἐπ’
1435 1850 1521 1886 αὐτῆς
1543 1851 1593 1886 τῆς
1631 1851 1834 1886 Ἰερουσαλὴμ,

1042 1897 1121 1923 τοῦτο
1134 1897 1162 1923 δὲ
1187 1897 1232 1923 ἐπὶ
1249 1896 1301 1923 τῶν
1323 1897 1451 1923 καθόλου·
1469 1897 1626 1923 ἐπαιδεύετο
1639 1897 1695 1932 γὰρ
1721 1899 1737 1933 ἡ
1758 1898 1835 1929 πόλις

1043 1943 1092 1969 οὐκ
1114 1944 1154 1975 εἰς
1178 1943 1296 1978 παντελῆ
1319 1942 1505 1978 ἐξολόθρευσιν
1519 1963 1527 1974 ,
1553 1943 1609 1969 ἀλλ’
1626 1944 1667 1975 είς
1684 1943 1836 1979 θεραπεία-ι

1044 1988 1092 2015 καὶ¹
1106 1988 1273 2024 ἐπιστροςρὴν
1294 1988 1348 2014 τῶν
1364 1987 1540 2014 ἐνοικούντων
1557 1989 1651 2024 αὐτήν.

1079 2043 1148 2075 Τοὺς
1164 2043 1263 2074 τόπους
1281 2043 1341 2070 ἀντὶ
1365 2042 1418 2070 τῶν
1435 2044 1584 2079 οἰκητόρων
1605 2045 1838 2080 παραλαμβάνει,

1046 2089 1092 2116 καὶ
1117 2089 1151 2116 τὰ
1167 2088 1318 2124 ἀναίσθητα
1341 2089 1472 2124 αἰσχύνην
1485 2089 1539 2115 τῶν
1553 2090 1709 2126 αἰσθητῶν·
1728 2091 1765 2118 τὰ
1785 2091 1838 2126 γὰρ

1045 2135 1198 2170 ἁρμόζοντα
1219 2136 1262 2162 ἐπ’
1282 2135 1432 2171 ἀνθρώπων
1458 2136 1507 2171 τὴν
1529 2136 1632 2163 έαυτῶν
1648 2137 1762 2173 πληγὴν
1778 2147 1839 2165 πεν-

1047 2180 1163 2207 θούντων
1173 2200 1181 2212 ,
1197 2181 1283 2207 ταῦτα
1302 2181 1455 2216 μετήγαγεν
1469 2181 1483 2207 ὁ
1498 2181 1576 2216 λόγος
1598 2183 1642 2209 ἐπ’
1657 2183 1762 2216 αὐτοὺς
1779 2186 1840 2216 τοὺς

1046 2227 1144 2259 τόπους
1156 2227 1296 2263 μονονουχὶ
1307 2227 1482 2259 πενάξοντας
1494 2229 1540 2255 καὶ
1556 2229 1758 2262 συνωδίνοντας
1771 2231 1841 2257 κατὶι

1046 2273 1091 2300 τὸν
1111 2273 1272 2300 Ἀποστὸλου
1287 2273 1365 2308 λόγον
1374 2282 1380 2288 ·
1392 2270 1429 2299 ὧν
1442 2273 1489 2309 τὴν
1499 2275 1639 2309 ἐρήμωσιν
1655 2277 1782 2310 φανερὰν
1796 2278 1841 2303 καὶ

1046 2317 1158 2353 ἔκδηλον
1174 2319 1230 2350 τοῖς
1247 2319 1313 2345 πᾶσι
1332 2317 1439 2354 μηνύει.

1089 2420 1150 2446 Ἐπὶ
1174 2421 1207 2455 τῇ
1233 2419 1367 2456 μελλούσῃ
1386 2419 1460 2455 παρὰ
1486 2419 1533 2446 τοῦ
1561 2421 1630 2447 Θεοῦ
1647 2422 1742 2459 πληγῇ
1768 2425 1840 2460 παραὶ

1047 2466 1103 2493 τῶν
1131 2466 1279 2502 Ἀσσυρίων
1308 2465 1508 2501 ὲπαχθήσεσθαι
1547 2467 1578 2493 οὐ
1609 2468 1693 2503 μόνον
1719 2471 1744 2496 οἱ
1778 2471 1845 2505 πλη-

1051 2513 1107 2539 σίον
1133 2512 1217 2548 χῶροι
1242 2512 1474 2549 ἐκπλαγήσονται,
1499 2514 1629 2542 ἀλλὰκαὶ
1647 2517 1672 2542 οἱ
1699 2517 1845 2552 πόρρωθεν

1051 2557 1234 2589 ἀκούσαντες·
1262 2558 1288 2583 οἱ
1302 2558 1352 2593 τῆς
1371 2559 1547 2594 Ἰερουσαλὴμ
1563 2560 1675 2592 ἀσεϐεῖς
1694 2563 1844 2598 αίτχυνθή-

1052 2612 1151 2630 σονται.

1093 2650 1121 2676 '0
1144 2649 1282 2684 Ῥαψάκης
1306 2649 1413 2684 λέγεται
1442 2651 1474 2677 ὲκ
1489 2650 1536 2686 τῆς
1558 2652 1757 2687 αἰχμαλωσίας
1779 2652 1846 2681 εἶναι

1051 2695 1106 2722 τῶν
1119 2695 1185 2722 δέκα
1209 2694 1310 2730 φυλῶν,
1337 2697 1386 2722 καὶ
1406 2695 1485 2722 τοῦτο
1506 2698 1658 2733 τεκμήριον
1675 2697 1750 2727 εἶναι
1765 2701 1795 2728 τὸ
1810 2702 1846 2728 εἰ·

1052 2743 1125 2769 δέναι
1144 2741 1225 2769 αὑτὸν
1248 2741 1397 2768 Ἰουδαῖστί.
