1920 3070
71 88 127 121 165
623 97 812 128 CONVIVIUM
831 99 869 126 DE

922 99 945 127 Μ
964 99 1143 129 VlRGlNUM.
1655 104 1708 132 166

74 156 90 181 δ
110 163 140 180 τε
161 153 299 190 ἀρκτικὸς
317 156 423 190 ἔξωθεν
450 158 519 194 ἔχων
547 159 592 185 τὸν
614 160 751 195 τροπικόν.
776 159 829 187 Καὶ
852 169 869 187 α

930 162 1046 196 pertinet
1070 162 1116 196 qui
1144 161 1204 189 axis
1227 162 1336 194 dicitur.
1351 162 1424 190 circa
1452 171 1530 198 quem
1547 167 1708 199 torquentur

81 200 129 236 μὲν
146 201 274 236 ’Δρκτοι,
299 204 369 239 περὶ
384 204 471 236 αὑτὰς
487 204 664 240 στρεφόμεναι
679 205 726 231 καὶ
738 205 867 241 βρίθουσα

929 205 1005 234 Ursae
1021 215 1052 234 ac
1067 208 1186 235 circulus
1205 209 1335 240 arcticus,
1350 213 1427 236 extra
1444 217 1524 244 quem
1544 213 1650 245 positus
1667 214 1708 237 est

79 247 125 273 τὸν
139 247 183 273 διὰ
201 247 256 274 τῶν
275 249 371 276 πόλων
393 249 487 283 ἄξονα,
502 251 551 286 τὴν
574 251 620 277 τοῦ
641 250 741 282 παντὸς
756 252 869 287 ἀπεργά-

929 253 1059 286 tropicus.
1078 252 1110 279 Et
1132 253 1206 280 Ursa)
1223 253 1331 288 quidem
1360 262 1421 281 sese
1443 258 1536 282 mutuo
1557 263 1624 290 gyro
1646 263 1707 290 per-

82 294 173 325 ζονται
196 293 307 330 κίνησιν
335 296 461 331 κόσμου,
491 297 562 324 κατὰ
582 296 630 328 τὰς
653 297 774 333 ἀλλήλων
801 297 869 330 ἰξύας

929 302 1010 333 petuo
1027 303 1183 334 sequentes.
1203 300 1284 334 quasi
1309 300 1415 334 pondus
1439 301 1508 328 mole
1531 309 1579 328 sua
1603 307 1706 329 motum

80 339 194 374 ἔχουσαι
211 340 262 372 τὰς
281 341 419 376 κεφαλὰς,
437 343 485 371 καὶ
511 343 637 379 ἄχραντοι
653 343 699 370 τοῦ
722 343 782 371 καθ’
803 345 869 380 ἡμᾶς

927 345 986 372 orbi
1017 346 1145 373 universo
1171 345 1340 380 imprimunt,
1368 345 1447 380 cujus
1473 348 1545 373 velut
1573 348 1706 382 gravitate

84 385 221 420 ὁρίζοντος
237 384 331 414 οὖσαι.

927 391 1001 418 circa
1018 392 1109 426 polum
1125 399 1254 427 axemque
1267 397 1373 420 rotatur
1387 403 1393 420 :
1407 401 1504 428 nempe
1521 394 1615 426 altera,
1629 395 1706 429 juxta

84 433 199 461 alterius
212 434 274 468 ilia,
289 436 382 471 capita
404 436 536 464 habentes
549 445 557 470 ;
574 437 685 464 intacta!
699 444 775 472 teque
788 437 873 465 amba:
888 446 903 465 a
920 439 1083 474 pervadentc
1094 439 1186 467 orbem
1198 439 1242 467 cui
1255 447 1305 467 nos
1331 440 1493 473 insistimus,
1520 440 1624 468 circulo
1648 441 1706 468 ﬁni-

82 485 154 509 tore.

119 529 174 555 Τδν
190 530 327 562 ζωδιακὸν
338 531 367 558 δὲ
383 531 492 559 πάντων
507 532 673 566 ἐφάπτεσθαι
688 533 741 560 τῶν
755 533 869 566 κύκλων,

959 532 1018 559 Iam
1045 532 1183 560 zodiacum
1200 541 1248 568 per
1261 540 1355 561 omnes
1376 541 1405 560 se
1419 534 1557 569 porrigere
1570 536 1687 563 Circulos
1697 556 1705 569 ,

82 574 164 610 λοξὴν
188 576 351 612 ποιούμενον
375 578 425 614 τὴν
452 580 570 614 κίνησιν
598 578 667 607 εἷναί
691 589 720 607 τε
745 581 773 607 ἐν
800 581 869 616 αὐτῷ

925 585 1026 612 eosque
1042 578 1166 612 amplexu
1180 578 1345 613 contingere,
1357 579 1466 613 obliquo
1477 579 1531 606 late
1543 583 1633 607 meatu
1643 589 1706 616 pro-

85 621 192 652 ζωδίων
208 623 336 658 ἀριθμὸν,
352 624 370 652 ἃ
386 625 506 652 καλεῖται
523 625 743 662 δωδεκατημόρια
761 625 869 658 δώδεκα,

927 623 1066 651 cedentem
1081 633 1088 650 :
1111 631 1224 658 esseque
1242 624 1268 650 in
1286 625 1332 650 illo
1344 624 1502 651 animalium
1519 624 1640 660 insignes
1652 626 1707 652 for-

85 667 140 694 ἀπὸ
165 668 254 704 Κριοῦ
267 669 317 705 τὴν
338 670 425 706 ἀρχὴν
443 671 537 706 ἔχοντα
554 671 634 708 μέχρι
650 672 704 699 τῶν
724 673 842 708 Ἰχθύων,
857 673 869 700 ὃ

926 676 996 701 mas,
1011 677 1070 704 qua:
1086 669 1162 704 signa
1175 669 1317 696 duodecim
1340 673 1481 702 vocantur,
1499 670 1532 696 ab
1553 670 1643 698 Ariete
1655 671 1707 698 du-

85 713 303 749 κατηστερίσθαι
329 718 491 752 παριστᾶσιν
517 718 658 753 ὲχεμύθοις
689 719 804 750 αἱτίαις’
829 718 869 746 τδι

926 718 969 742 clo
984 715 1118 750 principio
1130 715 1157 742 in
1166 715 1259 742 Pisces
1275 715 1427 743 desinentia
1441 725 1448 743 :
1473 715 1570 751 quaein
1587 716 1706 743 siderum

87 754 141 792 μὲν
153 759 242 794 Κριὸν
257 760 406 795 φάσκοντες
416 763 461 789 τὸν
474 763 524 799 τὴν
538 763 636 800 Ἕλλην
651 762 720 791 εἶναι
732 765 780 800 τὴν
799 764 869 792 ’Λϐάι

924 761 1079 796 pervenisse
1089 768 1199 788 censum
1213 764 1335 794 narrant,
1345 760 1475 788 fabulosis
1485 769 1517 788 ex
1526 761 1628 788 causis.
1637 760 1704 788 Nam

88 812 194 838 μαντος
209 805 404 842 διακομίσαντα
419 809 465 835 καὶ
479 809 580 845 Φρύξον
603 811 642 842 εἰς
662 810 776 842 Σκύθας·
793 811 823 837 τὸ
846 811 869 838 δέ

924 806 1042 834 Arietem
1060 807 1134 833 illum
1155 807 1242 842 ipsum
1264 814 1325 834 esse
1348 807 1424 834 aiunt
1440 807 1485 841 qui
1505 806 1598 834 Hellen
1622 807 1708 834 Atha-

87 849 246 885 Βοὺκρανον
262 853 302 884 εἰς
315 853 396 888 τιμὴν
411 854 481 886 Διὸς,
496 855 542 881 τοῦ
556 855 605 891 τὴν
618 856 752 892 Εὐρώπην
767 857 869 892 Ταύρου

924 852 1024 879 mantis
1046 851 1126 879 ﬁliam
1141 860 1202 879 cum
1227 852 1333 887 Phryxo
1347 861 1394 888 per
1409 852 1487 880 Ponti
1502 852 1599 880 fretum
1614 856 1706 880 trans-

87 895 340 931 διαπεραιὼσαντος
355 901 395 931 εἰς
409 900 457 936 τὴν
472 902 597 937 Κρήτην·
614 902 660 929 καὶ
677 902 723 929 τὸν
740 902 869 938 καλούμε-

925 898 998 925 vexit
1022 899 1056 925 ad
1085 898 1210 933 Scythas.
1233 898 1315 925 Tauri
1332 903 1431 933 caput,
1447 898 1522 927 Jovis
1541 900 1628 934 gratia
1642 900 1705 926 caeli

84 951 133 968 νον
149 942 180 969 δὲ
194 943 327 976 Γαλαξίαν
341 945 449 978 κύκλον,
469 947 497 978 ὃς
512 948 561 983 τὴν
577 948 664 983 ἀρχὴν
686 948 740 975 ἀπὸ
753 948 799 975 τοῦ
813 957 869 976 συν-

926 943 1029 972 honore
1052 951 1084 971 ac
1107 945 1222 972 statione
1247 945 1376 971 donatum
1394 965 1401 976 ,
1420 945 1492 980 quod
1512 946 1535 973 is
1558 946 1602 972 illa
1619 946 1706 972 forma

89 989 191 1025 δέσμου
214 990 269 1017 τῶν
295 991 404 1027 Ἰχθύων
420 993 465 1018 ἐπὶ
487 992 532 1019 τὸν
550 994 634 1029 Κριὸν
655 995 737 1026 ποιεῖ,
751 994 806 1021 ἀπὸ
819 995 869 1021 τῶν

925 988 1049 1025 Europen
1067 990 1094 1017 in
1109 990 1217 1017 Cretam
1234 991 1378 1025 trajecerit.
1391 990 1519 1018 Lacteum
1533 999 1642 1026 quoque
1652 992 1706 1018 cir-

87 1032 139 1067 τῆς
157 1033 250 1069 ’Ἥρας
274 1034 367 1068 μαζῶν
389 1035 517 1071 Ἠρακλεῖ
532 1037 699 1072 προχὺθῆναι
714 1037 792 1072 λόγος
811 1038 869 1071 Διὸς

924 1037 1015 1064 culum
1033 1036 1139 1063 initium
1157 1035 1300 1063 ducentem
1314 1044 1329 1063 ιι
1341 1036 1412 1063 nodo
1426 1035 1555 1069 Piscium,
1567 1037 1630 1063 hinc
1645 1045 1706 1064 sese

88 1079 196 1111 Ιεαγιιίς.
216 1079 298 1106 Ὥστε
313 1080 373 1106 κατ’
389 1081 486 1113 αὐτοὺς
501 1081 553 1117 πρὸ
565 1082 613 1117 τῆς
626 1082 759 1118 Εὐρώπης
773 1083 789 1119 ἢ
802 1083 869 1119 Φρύ-

923 1082 1041 1110 Arictem
1065 1091 1161 1110 versus
1184 1083 1376 1118 porrigentem,
1399 1089 1414 1108 a
1438 1081 1552 1109 lunonis
1575 1082 1705 1110 uberibus

89 1122 146 1156 ξου,
168 1123 216 1150 καὶ
240 1126 297 1151 τοτν
317 1126 497 1161 Διοσκούροιν,
513 1127 629 1153 καὶτῶν
650 1127 736 1154 ἄλλων
757 1127 869 1161 ζωδίων,

923 1129 1068 1156 candorem
1096 1129 1196 1155 habere
1218 1131 1378 1159 memorant,
1400 1135 1463 1154 cum
1486 1128 1544 1154 haec
1562 1126 1705 1154 Herculem

89 1167 142 1193 τῶν
161 1167 191 1201 ἐξ
219 1168 370 1204 ἀνθρώπων
401 1171 449 1196 καὶ
473 1170 562 1206 θηρῶν
594 1173 869 1208 καταστερισῦέντων,

923 1173 1025 1202 lactare
1036 1173 1111 1202 Jovis
1130 1174 1252 1209 imperiis
1269 1173 1363 1200 adacta
1378 1177 1459 1201 esset.
1477 1172 1570 1207 Itaque
1579 1173 1656 1208 juxta
1670 1173 1704 1199 il-

89 1214 168 1241 οὔπω
193 1215 300 1250 γένεσις
322 1215 373 1252 ἦν’
395 1217 463 1244 ἀλλὰ
491 1218 574 1254 χωρὶς
602 1219 733 1253 γενέσεως
756 1220 869 1246 ἐϐίωσαν

924 1220 975 1253 los,
997 1224 1059 1247 ante
1077 1220 1203 1255 Europen
1215 1223 1242 1247 et
1253 1220 1390 1255 Phryxum
1404 1223 1430 1246 et
1443 1219 1582 1250 Castores,
1598 1219 1706 1254 aliaque

91 1260 169 1295 ἡμῶν
185 1262 210 1287 oi
232 1262 410 1298 παλαιάτεροι.
433 1264 632 1299 Ἐπιχειρητέον
648 1265 702 1301 γὰρ
725 1265 822 1301 μήπως
840 1265 869 1292 τὸ

925 1270 1019 1301 postea
1035 1266 1063 1293 in
1085 1266 1226 1293 zodiacum
1237 1274 1270 1293 ex
1286 1265 1441 1292 hominibus
1456 1268 1501 1291 aut
1523 1264 1616 1292 bestiis
1639 1272 1706 1292 con-

91 1305 185 1340 ψεῦδος
212 1307 378 1344 ἰσχύσωμεν,
399 1308 491 1345 ὥσπερ
519 1310 614 1346 ἰατροὶ,
635 1313 790 1348 φαρμάκοις
815 1312 869 1338 τῶν

923 1313 1041 1344 stellata,
1059 1313 1133 1339 nulla
1150 1311 1238 1338 adhuc
1254 1315 1313 1338 erat
1327 1311 1425 1338 natalis
1436 1310 1567 1344 fatalitas;
1594 1314 1621 1338 et
1646 1311 1705 1337 sine

90 1350 177 1385 λόγων
192 1352 377 1388 ἀμϐλύναντες
386 1355 516 1391 ἰατρικοῖς
526 1356 630 1389 σϐέσαι,
643 1357 705 1391 τῇδε
720 1358 868 1385 σκοποῦσαι

922 1356 1031 1386 fortuna
1060 1357 1189 1384 nascendi
1208 1356 1334 1383 vixerunt
1350 1355 1430 1391 primi
1452 1355 1490 1382 illi
1506 1355 1593 1382 nostri
1608 1362 1706 1390 proge-

91 1397 139 1432 τὴν
154 1397 292 1434 ἀλήθειαν.

922 1404 1032 1432 nitores.
1046 1404 1144 1437 Quaeso
1158 1404 1242 1435 enim,
1255 1402 1422 1438 argumentis
1437 1405 1582 1433 tentemus,
1603 1399 1626 1428 si
1648 1407 1704 1434 qua

91 1443 171 1470 modo
186 1444 267 1471 liceat
277 1444 444 1473 medicorum
461 1453 537 1474 more
551 1445 706 1475 salubribus
725 1453 880 1476 sermonum
899 1449 1038 1482 remediis,
1063 1448 1198 1476 mendacii
1229 1447 1284 1475 vim
1312 1454 1496 1482 compressam
1514 1446 1704 1480 exstinguere,

92 1491 154 1518 hinc
168 1490 227 1518 fere
239 1491 395 1520 adoriendo.

90 1549 154 1577 Car.
165 1549 226 1578 XV.
241 1551 402 1585 Argumenta
417 1561 433 1579 ιι
449 1552 499 1586 fati
519 1557 686 1589 etgeneseos
700 1554 824 1582 novitate.
840 1553 956 1581 Aureum
971 1561 1061 1589 genus,
1079 1552 1160 1587 prisci
1178 1551 1305 1578 homines.
1319 1550 1481 1586 argumenta
1496 1548 1623 1575 adversus
1644 1556 1704 1575 ma-

705 1589 867 1621 thematicos,
882 1597 945 1616 sane
966 1588 1062 1615 solida.

123 1644 156 1671 Et
170 1646 296 1681 κρεῖσσον
309 1643 344 1681 ἣν
359 1646 389 1673 τὸ
405 1647 457 1674 ὑπὸ
471 1647 575 1682 γένεσιν
590 1645 659 1675 εἶναι
681 1649 743 1680 τοὺς
768 1647 869 1684 ἀνθρώ-

959 1648 988 1675 Si
1003 1647 1100 1675 melius
1117 1649 1185 1679 erat,
1203 1653 1220 1673 o
1235 1645 1341 1677 miseri,
1354 1643 1430 1671 nasci
1440 1643 1564 1670 homines
1580 1643 1704 1671 subditos

92 1699 167 1724 mg,
192 1689 216 1718 ὦ
239 1693 368 1727 σχέτλιοι,
384 1693 432 1719 τοῦ
457 1693 493 1729 μὴ
511 1691 590 1726 εἶναι,
605 1695 637 1721 δι’
655 1695 688 1730 ἢν
707 1695 796 1722 αἰτίαν
820 1696 869 1722 οὐκ

922 1695 1004 1722 natali
1021 1693 1155 1725 fatalitari,
1165 1700 1246 1728 quam
1259 1692 1292 1718 ab
1308 1691 1353 1718 illa
1366 1690 1478 1723 liberos,
1490 1689 1584 1725 quidni
1600 1690 1634 1717 ab
1644 1690 1704 1725 ipso

91 1737 214 1770 αὐτόθεν,
240 1738 287 1772 ἀφ’
311 1735 396 1772 οὗπερ
415 1737 466 1772 ἔφυ
490 1738 519 1765 τὸ
540 1739 617 1773 γένος
631 1740 685 1766 τῶν
710 1740 869 1776 ἀνθρώπων.

922 1741 1046 1776 protinus
1069 1739 1164 1770 initio,
1184 1746 1246 1766 cum
1266 1737 1383 1772 primum
1405 1736 1527 1764 homines
1541 1743 1601 1763 esse
1617 1743 1705 1771 cmpe-

92 1784 198 1818 γένεσις
212 1782 262 1819 ἦν;
277 1784 308 1810 Et
325 1783 354 1809 δὲ
369 1781 414 1819 ἦν,
431 1783 473 1816 τίς
486 1784 503 1819 ἡ
517 1785 596 1821 χρεία
607 1783 660 1810 τῶν
671 1781 799 1816 ὑπόγυιον
809 1791 870 1809 κατ-

91 1830 305 1866 αστερισθέντων
317 1851 325 1863 ,
351 1829 474 1862 Λέοντος,
491 1830 638 1866 Καρκίνου,
654 1830 785 1865 Διδύμων,
797 1831 872 1867 Παρ-

91 1874 177 1907 θένου,
200 1874 319 1910 Ταύρου,
344 1876 442 1910 Ζυγοῦ,
462 1876 606 1911 Σκορπίου,
631 1876 727 1912 Κριοῦ,
746 1877 869 1910 Τοξότου,

98 1919 216 1955 Ἰχθύων,
240 1920 391 1956 Δίγόκερω,
415 1921 565 1957 ’Υδροχόου,
592 1923 726 1958 Περσέως,
752 1924 870 1950 Κασσιο-

92 1967 178 1998 πείας,
194 1967 323 2002 Κηφέως,
340 1968 478 2002 Πηγάσου,
497 1969 608 2004 Ὕδρου,
635 1969 768 2004 Κόρακος,
795 1970 870 2005 Κρα-

90 2012 180 2047 τῆρος,
203 2013 305 2048 Δύρας,
331 2014 490 2049 Δράκοντος,
516 2015 563 2041 καὶ
587 2015 641 2042 τῶν
663 2015 760 2047 ἄλλων,
778 2015 806 2048 ἐξ
831 2012 869 2042 ὧν

89 2057 245 2092 εἰσηγεῖσθε
259 2059 517 2094 κατακοσμηθέντας
538 2059 600 2092 τοὺς
618 2060 730 2092 πολλοὺς
747 2060 871 2096 κατειλη-

90 2104 166 2138 (ξέναι
191 2103 243 2139 τὴν
265 2103 456 2139 μαθηματικὴν
480 2103 591 2140 ταύτην,
617 2105 716 2140 μᾶλλον
737 2104 765 2132 δὲ
788 2114 870 2132 κατα-

89 2148 241 2184 θεματικὴν
260 2148 430 2184 πρόγνωσιν;
452 2149 529 2175 Ἤτοι
544 2146 590 2175 οὖν
616 2149 664 2175 καὶ
688 2149 798 2176 ἐπὶτῶν
822 2149 871 2184 ἑμ-

90 2194 207 2230 προσθεν
223 2192 386 2229 γένεσις’ἦν,
399 2194 445 2220 καὶ
458 2194 570 2230 μάταιος
586 2195 603 2230 ἡ
616 2194 717 2221 τούτων
730 2194 868 2226 σύστασις

88 2241 173 2276 ἢούκ
191 2238 237 2276 ἦν,
254 2241 302 2267 καὶ
326 2241 366 2272 εἰς
389 2240 438 2276 τὴν
462 2241 606 2276 κρείσσονα
634 2241 799 2267 κατάστασιν
823 2240 870 2267 καὶ

88 2287 224 2322 διαγωγὴν
241 2287 256 2313 ὁ
270 2286 336 2319 Θεὸς
347 2287 393 2313 τὸν
410 2287 465 2322 βίον
480 2287 638 2322 μετέστησε,
651 2286 704 2313 τῶν
719 2286 869 2322 ἔμπροσθεν

920 1790 994 1819 runt,
1021 1785 1119 1812 natalis
1143 1784 1189 1811 illa
1209 1783 1265 1818 jam
1288 1782 1406 1809 fatalitas
1426 1782 1495 1808 fuit?
1514 1780 1591 1814 Quod
1603 1781 1626 1808 si
1647 1782 1703 1815 jam

920 1835 996 1862 erat,
1013 1830 1077 1866 quid
1093 1830 1147 1857 illis
1163 1837 1248 1864 opus,
1262 1837 1322 1865 quae
1342 1836 1416 1855 nunc
1433 1834 1528 1854 reCens
1544 1826 1615 1853 inter
1630 1831 1704 1853 astra

921 1877 1023 1905 relata:
1039 1875 1103 1908 Leo,
1113 1875 1226 1907 Cancer,
1237 1874 1356 1907 Gemini,
1367 1873 1460 1908 Virgo,
1477 1871 1594 1903 Taurus,
1611 1871 1702 1903 Libra,

922 1921 1061 1956 Scorpius,
1076 1921 1164 1952 Aries,
1189 1920 1363 1954 Sagittarius,
1382 1918 1487 1949 Pisces,
1503 1917 1702 1952 Capricornus,

919 1967 1069 2006 Aquarius,
1091 1966 1207 1994 Perseus
1217 1986 1224 1997 ,
1242 1965 1399 1999 Cassiopea,
1415 1964 1550 1998 Cepheus,
1564 1962 1683 1998 Pegasus
1693 1983 1702 1995 ,

920 2013 1021 2050 Hydra,
1035 2014 1150 2045 Corvus,
1166 2012 1271 2044 Crater,
1289 2011 1369 2047 Lyra,
1383 2010 1486 2042 Draco,
1510 2014 1538 2037 et
1553 2009 1605 2036 alia
1628 2009 1702 2044 ejus-

919 2059 1010 2091 modi,
1039 2066 1155 2093 quorum
1171 2057 1409 2085 observationibus
1429 2056 1552 2083 eruditos
1567 2063 1622 2082 non
1636 2063 1705 2090 pau-

920 2111 967 2131 cos
980 2103 1084 2131 docetis
1098 2103 1317 2136 mathematicam
1335 2102 1414 2129 istam
1430 2101 1503 2137 (imo
1523 2101 1613 2136 potius
1630 2105 1705 2129 cata-

919 2149 1091 2177 thematicam
1105 2149 1226 2184 dirisque
1237 2148 1363 2175 omnibus
1379 2147 1579 2182 devovendam)
1594 2154 1703 2182 praeno-

919 2196 1020 2224 tionem
1042 2201 1137 2223 nactos
1156 2196 1237 2223 esse?
1259 2195 1313 2221 Aut
1332 2194 1414 2230 igitur
1443 2195 1591 2229 primorum
1620 2193 1702 2221 etiam

919 2242 1074 2269 mortalium
1096 2249 1154 2269 aevo
1168 2241 1267 2269 natalis
1281 2241 1337 2275 jam
1352 2244 1411 2268 erat
1426 2240 1560 2272 fatalitas;
1575 2239 1702 2274 proinde-

920 2293 972 2320 que
994 2286 1097 2314 inutilis
1117 2286 1168 2313 fuit
1187 2287 1245 2314 haec
1261 2286 1419 2313 animalium
1435 2286 1463 2313 in
1476 2287 1560 2313 coelos
1573 2286 1677 2313 evectio
1693 2294 1700 2312 :

88 2333 195 2368 χείρονα
211 2332 368 2367 βιωσάντων
385 2332 489 2368 χρόνον.
512 2331 591 2358 Ἀλλὰ
614 2331 754 2367 κρείττους
774 2332 799 2358 οἱ
816 2339 868 2357 πα-

922 2335 966 2358 aut
977 2338 1042 2359 sane
1055 2339 1110 2359 non
1124 2335 1200 2364 erat,
1218 2325 1315 2367 resque
1345 2331 1417 2359 Deus
1442 2332 1575 2359 humanas
1598 2330 1702 2358 meliori

87 2378 222 2413 λιιάτεροι
252 2377 307 2403 τῶν
334 2376 396 2404 νῦν·
422 2377 482 2404 ὅθεν
508 2377 555 2404 καὶ
577 2375 694 2413 χρυσοῦν
718 2376 869 2412 ἐκλήθησαν

87 2424 173 2458 γένος.
186 2423 247 2450 Οὐκ
261 2424 315 2460 ἄρα
327 2424 344 2459 ἡ
360 2422 476 2457 γένεσις.

921 2380 992 2404 statu
1005 2377 1119 2405 subinde
1131 2378 1256 2408 mutavit,
1273 2385 1305 2405 ac
1320 2377 1425 2413 potiore
1443 2377 1637 2413 gubernatione
1651 2379 1702 2405 do-

922 2423 1014 2455 navit,
1037 2431 1100 2450 cum
1117 2423 1200 2458 prisci
1221 2424 1270 2451 aevi
1289 2424 1413 2451 homines
1429 2423 1653 2451 miserabiliorem
1666 2423 1704 2451 vi-

87 2474 140 2498 tam
163 2470 326 2499 duxissent.
351 2469 434 2504 Atqui
455 2469 560 2497 felicior
579 2469 686 2496 illorum
709 2468 774 2502 fuit,
803 2474 886 2504 quam
911 2473 1007 2497 nostra
1028 2474 1157 2505 nepotum
1180 2471 1321 2498 conditio:
1347 2470 1418 2498 unde
1433 2473 1461 2498 ct
1480 2477 1592 2497 aureum
1617 2475 1704 2504 genus

89 2519 242 2546 audierunt.
256 2517 316 2545 Non
346 2524 412 2552 ergo
429 2521 470 2545 est
484 2517 581 2545 natalis
600 2516 730 2544 fatalitas.

121 2564 150 2590 Εἰ
174 2564 189 2590 ό
211 2563 298 2598 ἣλιος,
323 2562 500 2590 καθιππεύων
523 2563 586 2594 τοὺς
611 2562 726 2593 κύκλους
744 2562 799 2598 (51)
822 2562 870 2589 καὶ

90 2611 317 2647 ἐπιπορευόμενος
342 2609 461 2645 ἐτησίοις
485 2609 519 2636 τὰ
541 2610 622 2642 ζῴδια
649 2610 793 2645 περιόδοις,
819 2609 869 2642 τὰς

120 2680 173 2716 (δι)
185 2677 450 2716 Καθιππεύωντοὺς
457 2677 582 2716 κύκλους.
591 2677 773 2716 Perequjlqns,
782 2677 870 2716 obiens

91 2712 172 2743 mm:
186 2715 290 2753 Insigni
302 2713 447 2753 Possinius
464 2713 606 2753 μαθήσεως
618 2712 744 2753 ᾁκριὸείᾳ
754 2733 762 2744 ,
787 2712 871 2753 eiusat

91 2747 280 2787 “perequitans
296 2748 436 2787 circulos,
455 2747 533 2787 quasi
551 2747 684 2787 circuliet
695 2747 769 2787 zonae
780 2767 788 2779 ,
805 2747 871 2774 illis-

91 2783 134 2820 que
145 2783 269 2821 ascripta:
278 2785 377 2816 stellae,
387 2783 438 2821 soli
449 2783 567 2821 subsint,
575 2783 685 2821 haecque
696 2783 737 2810 sol
748 2783 775 2821 in
786 2790 870 2817 equo-

90 2818 139 2849 rum
153 2818 256 2851 morem
273 2818 435 2853 inscendat,
448 2818 618 2853 subindeque
633 2819 684 2845 alia
695 2823 722 2846 et
736 2818 789 2845 alia
808 2825 869 2845 mu-

957 2559 986 2587 Si
997 2560 1038 2587 sol
1045 2560 1219 2595 perequitans
1228 2560 1355 2593 circulos,
1366 2563 1392 2587 et
1400 2560 1497 2587 annuis
1512 2559 1590 2593 signa
1606 2559 1702 2588 obiens

922 2605 1040 2642 periodis
1050 2626 1058 2638 ,
1075 2606 1239 2633 mutationes
1251 2605 1340 2638 elﬁcit,
1357 2605 1604 2639 conversionesque
1615 2608 1702 2633 statas

924 2680 972 2709 tet,
989 2675 1030 2703 uti
1051 2675 1106 2703 fere
1121 2682 1259 2706 cursores,
1275 2682 1323 2708 per
1338 2674 1405 2701 alias
1423 2675 1543 2709 aliasque
1559 2673 1702 2701 stationes.

922 2712 956 2738 At
967 2712 1028 2745 quis
1038 2711 1120 2738 solem
1131 2711 1264 2745 planelam
1275 2709 1388 2739 nesciat,
1405 2708 1534 2736 stellifero
1547 2709 1607 2745 orbi
1625 2709 1704 2742 longe

922 2743 1085 2781 subjectum,
1094 2743 1195 2779 quique
1207 2744 1274 2771 adeo
1283 2752 1336 2770 non
1349 2744 1544 2781 superoquitet.
1557 2743 1604 2770 sed
1617 2751 1704 2781 magis

921 2777 1075 2816 subéquitct
1096 2777 1224 2811 circulos,
1247 2782 1441 2816 percurratque
1460 2777 1568 2816 obliuer
1589 2777 1640 2804 sub
1663 2779 1704 2805 eis

922 2812 1042 2853 gyraudo
1054 2816 1161 2852 aliaque
1175 2823 1207 2844 ex
1223 2812 1284 2842 aliis
1298 2815 1375 2849 signa
1393 2813 1522 2849 legendu'
1539 2812 1683 2840 ϐοτπειτιε.
