1919 3075
110 140 126 167 1
133 140 185 167 529

850 144 882 172 IN
902 144 1026 173 lSAIAM.

1667 140 1733 167 1550

149 198 331 233 Σημειωτέον,
349 199 386 231 ὼς
401 201 429 226 ἐν
447 201 478 236 τῇ
507 201 673 237 προκειμένῃ
697 202 801 238 ἱστορίᾳ
812 202 857 229 ’ἐν
871 204 902 238 τῇ

989 202 1054 229 CAP.
1072 200 1214 232 XXXVIII,
1233 200 1314 228 Vsus.
1333 201 1358 232 1,
1378 200 1404 227 2.
1431 199 1581 226 Notandum
1599 202 1641 226 est
1662 203 1691 224 ut
1707 199 1734 225 itt

111 243 200 278 βίϐλῳ
222 244 277 270 τῶν
309 246 553 282 Παραλειπομένων
578 248 722 283 δεδήλωται
739 267 746 274 .
762 268 769 275 .
783 268 790 275 .
805 249 900 284 ἀρθέν-

106 297 160 321 τος
175 289 222 316 καὶ
238 290 435 326 ὑψηλαυχενίαν
458 294 620 328 νοσήσαντος
634 302 641 308 ’
666 294 818 331 γέγραπται
830 296 898 331 γάρ·

113 343 125 358 ι
153 334 337 371 Ἐταπεινώθη
359 337 481 369 Ἐζεκίας
512 339 567 366 ἀπὸ
595 339 642 365 τοῦ
657 339 739 374 ’ύψους
759 341 808 376 τῆς
834 349 902 376 καρ-

108 377 176 410 δίας
188 379 305 406 αὑτοῦ...
318 390 326 406 ι
338 381 400 408 νοῦν
407 382 543 415 λαϐόντος·
559 384 600 410 ὅτι
613 384 645 420 δὴ
657 385 757 417 ἐκεῖνός
772 386 839 412 ἐστι’
855 386 901 413 καὶ

110 425 156 456 εἰς
177 425 271 452 ἐαυτὸν
298 426 332 453 τὰ
349 448 374 454 ..
388 448 394 454 .
424 428 553 462 ἀγγελίας
572 431 764 466 περιστήσεται
787 431 836 463 τὰς
862 432 901 463 εἰς

110 471 161 497 τὸν
175 472 287 507 ἃυτῆρα
301 472 380 508 ἡμῶν
402 474 502 509 προλεχ
522 473 638 511 [θεία-ας]
650 483 657 491 ⁸
681 475 728 502 τοῦ
743 475 798 511 γὰρ
815 477 901 511 Ἀχαζ

111 516 219 551 πατρὸς
231 516 312 543 αὐτοῦ
326 517 513 553 διαδεξαμένου
525 519 572 554 τὴν
583 520 758 556 προφητείαν,
766 521 805 553 τὸ,
816 531 825 547 ‹
837 522 901 549 Ἰδοὺ

111 563 130 597 ἡ
145 562 280 597 παρθένος
296 564 325 589 ἐν
339 564 437 599 γαστρὶ
449 564 579 600 λήψεται,
605 566 653 592 καὶ
675 566 781 598 τέξεται
796 567 869 593 υἱόν·
889 576 899 593 ι

110 607 255 642 τεχθέντος
274 608 303 634 δὲ
320 608 413 635 τούτου
433 609 502 645 μετὰ
528 610 578 646 τὴν
607 612 793 647 προφητείαν,
822 613 902 648 ἐμενε

110 652 187 678 τοῦτ’
203 652 271 688 έχων
285 654 354 680 κατά
366 654 483 682 διάνοιαν
503 657 545 690 ἐφ’
559 657 654 683 ἐαυτοῦ
669 677 676 689 ,
706 659 774 693 μήτε
803 658 902 694 γάμοις

111 697 219 732 ὁμιλῶν
243 698 290 725 καὶ
314 700 464 735 παρθενίαν
489 701 580 728 ἀσκῶν
593 711 599 717 ·
629 703 666 734 ὡς
686 703 717 739 δὴ
737 704 784 730 καὶ
806 703 836 730 τὸ
851 712 901 740 ση-

114 744 194 777 μεῖον
208 742 258 778 τῆς
277 744 406 777 πτώσεως
420 745 474 772 τῶν
489 750 546 782 ρπε¹
564 747 688 782 χιλιάδων
702 749 833 783 ἐγεγόνει,
853 750 902 785 τὴν

112 788 215 815 ἑαυτοῦ
231 789 394 825 κηδεμονίαν
414 791 635 828 ἐπιδεικνυμένου
650 793 697 820 τοῦ
720 794 786 821 Θεοῦ
797 815 805 826 ,
822 794 901 830 ἐμενέ

111 840 146 859 τε
164 832 344 869 ἀπολέμητος,
367 836 553 871 τροπουμένου
578 838 625 865 τοῦ
652 838 719 866 Θεοῦ
735 839 799 871 τοὺς
823 841 902 867 ἐναν-

951 247 1001 274 hac
1022 248 1135 275 historia
1162 254 1222 282 qum
1246 245 1316 273 libro
1337 245 1562 280 Paralipomenon
1587 244 1608 259 "
1635 251 1735 271 narra-

952 298 997 321 tur
1017 293 1090 329 (5)...
1111 292 1285 328 superbiente
1307 294 1334 318 et
1355 291 1517 318 insolentius
1541 297 1570 318 se
1594 289 1732 317 efferente.

953 338 1090 374 Scriptum
1113 342 1156 366 est
1177 338 1249 365 enim
1264 346 1271 364 :
1287 346 1296 361 ι
1315 335 1480 363 Humiliatus
1503 339 1545 363 est
1571 334 1683 362 Ezecias
1700 335 1735 361 ab

952 385 1094 412 altitudine
1116 384 1206 412 cordis
1229 383 1272 411 sui
1299 383 1354 410 “...
1379 392 1388 408 I
1413 383 1550 418 cogitante
1576 391 1583 408 :
1605 389 1635 408 se
1656 381 1733 407 Chri-

952 436 1023 459 stum
1041 438 1111 462 esse,
1133 429 1167 457 ad
1187 430 1276 465 ipsum
1295 431 1418 464 spectare
1439 428 1567 455 vaticinia
1583 426 1616 454 de
1639 426 1734 453 Salva-

952 481 1013 504 tore
1028 477 1142 511 prolata.
1163 475 1230 503 Cum
1251 475 1323 503 enim
1339 478 1417 509 pater
1430 474 1489 508 ejus
1510 473 1602 500 Achaz
1617 472 1733 508 prophe-

952 522 1016 549 tiam
1029 522 1103 548 illam
1119 520 1251 548 audiisset
1268 530 1274 546 :
1294 528 1304 546 ι
1327 519 1398 546 Ecce
1411 519 1488 554 virgo
1508 519 1536 546 in
1551 523 1628 546 utero
1642 518 1734 545 conci-

952 567 1009 602 piet
1029 571 1056 595 et
1072 567 1158 602 pariet
1174 565 1299 598 ﬁlium“,
1319 575 1329 592 ι
1354 569 1435 592 natus
1453 564 1564 592 Ezecias
1589 567 1650 598 post
1672 570 1732 590 eam

952 614 1122 649 prophetiam
1145 613 1278 647 innuplus
1300 611 1432 639 remansit
1446 614 1474 638 et
1487 610 1636 646 virginitati
1659 609 1734 637 dedi—

953 666 1008 694 tus,
1025 660 1097 696 quod
1113 661 1191 688 istam
1208 659 1241 687 de
1266 659 1414 694 semetipso
1426 658 1604 693 profitebatur
1625 661 1734 685 senten-

953 708 1028 734 tiam.
1049 706 1100 734 Ubi
1125 711 1216 734 autem
1237 706 1344 740 signum
1365 705 1481 739 accepit,
1503 704 1607 731 cladem
1625 707 1734 730 centum

952 752 1090 786 octoginta
1114 752 1235 787 quinque
1259 751 1374 778 millium
1389 751 1421 782 ",
1449 750 1504 777 Deo
1528 750 1614 784 ipsius
1641 756 1734 776 curam

952 801 1072 833 gerente,
1086 802 1113 824 et
1127 796 1223 824 bellica
1240 796 1361 831 pericula
1379 795 1507 823 facillime
1521 795 1625 830 eﬂugit,
1642 795 1734 822 hostes

955 843 1065 879 fugante
1093 843 1158 875 Deo,
1180 841 1367 870 conﬁrmatior
1387 841 1468 869 etiam
1496 842 1524 868 in
1548 849 1579 869 ea
1601 840 1735 868 sententia

112 878 201 911 τίους,
223 880 323 915 μᾶλλον
336 881 370 908 τὰ
384 881 435 917 τῆς
451 882 577 916 ὑπονοίας
595 885 694 921 ἐκύρου
716 885 781 922 παρ’
794 886 883 922 ἐαυτῷ
893 907 900 919 ,

954 889 1042 917 factus
1070 892 1122 921 est,
1151 896 1180 916 se
1207 891 1393 922 exspectatum
1429 887 1505 914 illum
1537 895 1597 915 esse
1637 887 1731 914 Deum.

113 925 155 956 ὼς
170 925 203 952 ἂν
222 926 324 958 ἐκεῖνος
338 926 377 954 ὢν
392 928 406 954 ό
423 929 645 965 προσδοκώμενος
658 931 724 963 Θεός
734 939 740 946 ·
764 931 854 959 τοίνυν
872 932 903 965 ἐξ

113 967 153 997 ὦν
167 971 220 998 ἔδει
237 972 362 1007 μάλιστα,
387 975 560 1011 ἐπανήγαγεν
579 976 660 1004 αὐτὸν
685 978 724 1008 εις
737 977 827 1013 νῆψιν,
855 980 903 1006 καὶ

114 1018 174 1048 τοῖς
186 1018 236 1052 τῆς
248 1018 355 1053 φύσεως
369 1021 569 1057 συμπτώμασιν
589 1023 722 1059 ἐκέχρητο
738 1025 797 1051 κατ’
819 1025 901 1052 αὐτοῦ

116 1064 158 1094 είς
176 1065 363 1100 σωφρονισμόν
373 1075 379 1082 ”
397 1066 597 1103 μαλακισθῆναι
611 1068 664 1105 γὰρ
680 1069 760 1096 αὐτὸν
787 1070 903 1106 συνεχώ-

116 1118 172 1144 ρει,
187 1111 234 1137 καὶ
257 1111 302 1138 τὸν
322 1112 389 1138 πόδα
403 1113 548 1148 ὑπομένειν
568 1114 653 1150 σῆψιν
675 1115 722 1142 καὶ
740 1115 828 1152 λώϐην
853 1117 902 1143 αὑ-

114 1157 162 1184 τὸν
181 1157 349 1193 ἐκδέχεσθαι.
370 1160 398 1186 '0
415 1160 502 1187 τοίνυν
529 1161 673 1197 μακάριος,
692 1163 732 1194 είς
755 1163 832 1190 νόσον
853 1164 902 1199 τὴν

115 1204 311 1239 προλεχθείσαν
327 1206 517 1242 καταστρέψας
527 1227 534 1239 ,
553 1207 660 1243 ἐδέχετο
670 1207 714 1235 διὰ
726 1208 772 1235 τοῦ
795 1211 901 1245 προφή-

115 1257 164 1275 του
188 1249 299 1276 Ἢσαΐου
314 1250 466 1286 πρόρρησιν
492 1252 555 1286 περὶ
568 1251 616 1278 τοῦ
633 1251 836 1287 καταλήψεσθαι
851 1253 901 1279 αὑ-

116 1295 163 1322 τὸν
185 1295 329 1330 μέλλοντος
342 1295 458 1323 θανάτου
471 1304 479 1313 ·
493 1297 539 1324 καὶ
554 1298 594 1329 είς
612 1298 785 1334 συναίσθησιν
806 1299 900 1331 ἐλθὼν,

115 1340 165 1367 καὶ
185 1339 230 1366 διὰ
245 1339 299 1366 τῶν
317 1340 411 1368 παθῶν
427 1341 467 1373 είς
488 1341 652 1376 κατανόησιν
672 1342 722 1376 τῆς
736 1341 833 1369 ἐαυτοῦ
851 1342 901 1377 φύ-

117 1394 188 1418 σεως
215 1386 346 1421 ἐναχθεὶς,
365 1396 374 1412 ε
394 1386 522 1419 Διόιταξαι
548 1388 612 1422 περὶ
637 1387 684 1414 τοῦ
701 1387 776 1414 οἴκου
807 1397 853 1415 σου
866 1408 874 1421 ,
889 1397 899 1413 ι

115 1432 244 1467 ήκουσεν,
261 1432 299 1464 ὡς
321 1433 357 1467 μὴ
369 1432 476 1467 ἔχοντος
495 1432 540 1459 τὺν
559 1432 743 1468 διαδεξόμενον
760 1434 809 1469 τὴν
826 1433 902 1468 βασι-

115 1477 210 1510 λείαν,
229 1478 275 1504 ἐπὶ
291 1478 320 1504 τὸ
343 1478 488 1514 φάρμακον
518 1479 567 1514 τῆς
598 1480 741 1514 μετανοίας
762 1481 900 1516 ἐτρέπετο.

115 1523 295 1559 Περιστείλας
316 1524 370 1559 γὰρ
386 1524 435 1556 τὰς
449 1524 546 1552 ἐαυτοῦ
573 1525 714 1562 αἰσθήσεις
734 1526 788 1553 τῶν
810 1535 902 1561 περιτ-

115 1569 172 1596 τῶν
190 1570 354 1604 φαντασιῶν,
381 1571 429 1597 καὶ
442 1571 536 1607 ὥσπερ
553 1573 720 1608 εἰσοικισμὺν
742 1572 838 1599 ἐαυτοῦ
858 1581 903 1599 και

115 1617 272 1649 τακλείσας,
291 1618 408 1654 στρέψας
419 1627 447 1645 τε
466 1619 496 1645 τὺ
520 1619 663 1654 πρόσωπον
680 1620 726 1646 ἐπὶ
743 1620 788 1646 τὸν
804 1621 902 1655 τοῖχον,

116 1663 212 1698 καιρὸν
229 1663 312 1690 ἐδίδου
328 1665 361 1699 τῇ
379 1663 474 1691 ἐαυτοῦ
490 1664 561 1700 ψυχῇ
584 1665 777 1701 ἐπανατρέχειν
795 1666 840 1692 ἐπὶ
857 1665 904 1692 τὸν

115 1709 217 1744 ἑαυτῆς
239 1709 392 1745 Δεσπότην,
420 1710 467 1736 καὶ
495 1710 539 1736 διὰ
558 1711 712 1746 προσευχῆς
734 1711 903 1746 καρποῦσθαι

114 1755 167 1790 τὴν
195 1754 241 1781 τοῦ
262 1755 388 1791 σώματος
403 1756 474 1783 τασιν
491 1764 497 1772 ·
523 1756 600 1783 τοῦτο
622 1757 682 1783 ἀντὶ
704 1756 904 1793 δυσωπήματος

115 1801 276 1836 προσάγων,
293 1802 333 1828 ὅτι
355 1802 399 1828 Ἐν
414 1801 528 1838 ἀφελείᾳ
541 1802 628 1838 ψυχῆς
644 1803 691 1829 καὶ
711 1802 824 1838 ἀληθινῇ
838 1811 904 1839 καρ-

115 1845 162 1881 δίᾳ
187 1847 359 1882 πεπόρευμαι
379 1846 494 1874 ἐνώπιόν
522 1855 579 1874 σου.
596 1847 711 1881 Λέγεται
735 1848 781 1875 καὶ
805 1849 834 1875 ἐν
848 1850 904 1880 τοῖς

115 1891 211 1924 τόποις
222 1893 269 1919 καὶ
287 1893 380 1930 ἕτερόν
391 1902 428 1922 τι,
442 1894 482 1920 ὅτι
495 1914 503 1926 ,
522 1894 569 1920 τοῦ
586 1894 756 1930 Σολομῶντος
774 1894 903 1930 βασιλέως

116 1937 148 1963 ὲν
176 1937 260 1974 στήλῃ
282 1939 467 1974 ἐγγράψαντος
492 1939 526 1966 τὰ
551 1939 652 1974 φυσικὰ
682 1939 736 1966 τῶν
754 1939 903 1976 θεραπειῶν

116 1983 165 2010 τοῦ
181 1983 314 2019 σώματος,
342 1985 389 2012 καὶ
416 1986 517 2022 ταύτην
535 1986 744 2022 ἀναστήσαντας,
774 1987 788 2013 ὁ
815 1987 903 2022 μακά-

120 2036 178 2062 ριος
196 2028 329 2061 Ἐζεκίας,
354 2029 492 2061 καθελὼν,
517 2030 560 2057 ἴνα
590 2030 627 2066 μὴ
651 2031 664 2057 ὁ
687 2031 750 2063 λαὸς
776 2031 904 2066 ἀσχολίαν

117 2071 169 2108 ἔχῃ
193 2072 240 2099 τοῦ
259 2073 424 2108 ἀφίστασθαι
449 2074 495 2101 τοῦ
514 2075 580 2101 Θεοῦ
593 2095 600 2107 ,
619 2075 648 2102 ἐν
671 2076 710 2110 τῷ
728 2075 823 2102 ἐαυτοῦ
839 2076 904 2111 οίκῳ

118 2120 159 2149 είς
189 2120 234 2146 τὸν
254 2121 341 2155 τοῖχον
362 2121 500 2157 ἐντίθησμ
529 2121 636 2156 λέγεται
653 2120 710 2156 οὖν,
734 2123 762 2149 ἐν
783 2122 822 2158 τῷ
837 2123 904 2149 ἀπο-

120 2165 234 2200 στρέψαι
249 2166 330 2193 αὺτὸν
354 2167 421 2202 πρὸς
441 2167 486 2194 τὸν
499 2169 598 2203 τοῖχον,
623 2168 682 2194 ἀντὶ
706 2168 903 2204 δυσωπήματος

952 933 1102 969 Aptissima
1127 933 1210 968 igitur
1229 933 1336 959 ratione
1363 939 1495 960 revocans
1518 939 1580 958 eum
1603 930 1674 958 Deus
1699 930 1734 957 ad

952 978 1070 1011 saniora,
1087 979 1183 1006 morbo
1217 986 1284 1006 usus
1316 981 1368 1009 est,
1405 985 1459 1012 quo
1485 984 1548 1004 eum
1572 976 1733 1012 sapientiam

952 1024 1062 1051 doceret
1083 1027 1236 1058 :egrotare
1261 1031 1321 1050 eum
1341 1031 1438 1058 passus
1456 1026 1508 1055 est,
1523 1026 1550 1049 et
1575 1022 1656 1057 pedes
1685 1029 1735 1056 pu—

952 1070 1056 1098 tredine
1068 1071 1171 1102 vitiari,
1190 1074 1216 1096 et
1229 1069 1343 1097 summis
1357 1068 1429 1096 aftici
1444 1068 1622 1096 cruciatibus.
1636 1067 1734 1095 Beatus

952 1115 1033 1150 igitur
1056 1114 1166 1142 Ezecias
1187 1122 1247 1142 cum
1269 1114 1398 1149 praedicto
1421 1114 1516 1141 morbo
1539 1113 1693 1143 laboraret,
1719 1119 1734 1138 a

952 1161 1084 1196 propheta
1100 1161 1168 1188 Isaia
1189 1160 1309 1188 monitus
1331 1164 1373 1187 est
1388 1159 1422 1187 de
1443 1159 1591 1186 imminenti
1610 1159 1665 1193 jam
1681 1158 1734 1185 sibi

952 1211 1060 1240 morte;
1080 1211 1145 1234 tunc
1157 1206 1199 1234 sui
1215 1207 1343 1234 conscius
1359 1206 1459 1237 factus,
1477 1208 1504 1232 et
1519 1213 1568 1240 per
1582 1204 1690 1232 dolores
1700 1203 1734 1230 de

951 1258 1048 1281 natura
1064 1260 1113 1280 sua
1135 1252 1258 1285 edoctus,
1284 1251 1377 1279 domui
1398 1259 1454 1279 suae
1476 1251 1619 1278 consulere
1638 1250 1734 1284 jussus

952 1301 1004 1327 est.
1020 1301 1046 1325 et
1062 1297 1204 1325 deficiente
1222 1297 1268 1332 qui
1282 1304 1396 1331 regnum
1418 1296 1580 1330 susciperet,
1594 1295 1626 1322 ad
1647 1302 1735 1322 reme-

951 1343 1025 1370 dium
1043 1343 1208 1378 pmnitentia:
1221 1342 1354 1378 confugit.
1365 1341 1432 1368 Nam
1444 1341 1592 1376 repudiatis
1609 1340 1734 1368 sensibus

951 1389 985 1416 de
998 1389 1185 1424 praestantiore
1195 1393 1292 1416 natura
1305 1393 1332 1416 et
1342 1388 1416 1415 velut
1424 1387 1498 1414 aditu
1509 1387 1542 1414 ad
1554 1394 1583 1414 se
1592 1386 1733 1418 obstricto.

951 1443 1082 1463 conversa
1104 1435 1173 1462 facie
1198 1435 1231 1462 ad
1257 1435 1403 1470 parietem,
1423 1434 1509 1461 locum
1543 1433 1616 1461 dedit
1644 1433 1735 1459 animo

953 1482 1096 1510 Dominum
1131 1489 1210 1509 suum
1232 1480 1371 1517 rogandi,
1396 1484 1424 1508 et
1448 1479 1587 1508 obtinendi
1613 1479 1735 1514 corporis

953 1528 1107 1555 sanitatem.

990 1573 1073 1600 Vens.
1088 1573 1115 1601 5.
1127 1572 1170 1599 Nil
1189 1573 1262 1599 aliud
1279 1572 1311 1599 ad
1332 1571 1494 1607 placandum
1512 1570 1594 1597 Deum
1610 1569 1734 1605 protulit,

955 1619 1007 1646 nisi
1024 1627 1030 1645 ε
1045 1618 1075 1646 In
1089 1618 1261 1653 simplicitate
1276 1617 1358 1644 animi
1375 1621 1402 1644 et
1417 1617 1444 1643 in
1461 1616 1542 1643 corde
1560 1623 1625 1642 vero
1637 1615 1735 1642 ambu-

955 1664 1008 1692 lavi
1024 1671 1116 1691 coram
1133 1667 1170 1691 te.
1190 1662 1300 1698 Legitur
1313 1663 1394 1690 etiam
1415 1666 1442 1688 et
1456 1660 1540 1692 aliud,
1561 1659 1736 1694 inscripsisse

954 1710 1058 1740 scilicet
1090 1709 1263 1737 Salomonem
1289 1715 1380 1743 regem
1402 1708 1430 1734 in
1458 1707 1587 1734 columna
1614 1705 1735 1733 remedia

954 1757 1053 1793 quibus
1075 1756 1176 1784 sanitas
1196 1756 1318 1790 corporis
1340 1754 1542 1785 restitueretur,
1562 1757 1588 1780 et
1603 1760 1664 1780 eam
1685 1759 1734 1779 ex-

955 1804 1107 1836 struxisse;
1128 1801 1250 1830 eamdem
1279 1807 1343 1828 vero
1374 1803 1468 1835 postea
1490 1806 1505 1825 a
1532 1799 1611 1826 beato
1638 1796 1735 1824 Ezecia

955 1849 1040 1876 fuisse
1063 1848 1191 1880 ablatam,
1214 1854 1248 1875 ne
1270 1846 1385 1882 populus
1407 1845 1504 1872 exinde
1529 1851 1639 1871 causam
1668 1842 1735 1870 defi-

954 1894 1043 1922 ciendi
1057 1902 1072 1921 a
1085 1893 1140 1922 Deo
1153 1896 1272 1928 caperet,
1289 1896 1317 1919 et
1332 1892 1358 1918 in
1374 1891 1460 1926 ipsius
1469 1891 1549 1918 domo
1564 1890 1591 1916 in
1603 1889 1734 1924 parietem

954 1941 1132 1968 constitutam
1146 1948 1153 1973 ;
1179 1947 1241 1967 cum
1262 1938 1344 1974 igitur
1359 1937 1455 1965 faciem
1474 1936 1507 1963 ad
1522 1935 1652 1972 parietem
1668 1942 1735 1961 con-

953 1989 1082 2018 verteret,
1094 1985 1128 2012 ad
1141 1984 1302 2019 placandum
1318 1983 1401 2011 Deum
1416 1983 1550 2010 columna:
1576 1979 1735 2008 memoriam

953 2038 1083 2059 revocare
1106 2032 1183 2058 visus
1203 2034 1256 2059 est.
1277 2030 1353 2058 Hanc
1376 2036 1483 2057 summo
1496 2035 1557 2055 cum
1578 2026 1668 2055 studio
1684 2034 1735 2052 au-

955 2075 1094 2103 ferendam
1109 2076 1203 2103 curavi
1218 2083 1252 2103 ne
1266 2080 1370 2110 pateret
1384 2075 1483 2110 populo
1501 2074 1545 2100 via
1561 2073 1594 2100 ad
1612 2072 1736 2107 impieta-

955 2126 1018 2150 tem.
1049 2121 1204 2149 Notandum
1234 2129 1342 2156 quoque
1365 2122 1409 2149 hic
1436 2128 1489 2148 una
1512 2127 1579 2147 vace
1602 2117 1736 2146 Hebraica

955 2167 1087 2202 parietem
1111 2170 1138 2194 et
1165 2166 1320 2194 columnam
1352 2167 1415 2195 dici.
1443 2167 1547 2194 ldcirco
1571 2165 1672 2199 optime
1698 2164 1736 2190 ila

119 2210 227 2245 εκείνην
241 2211 498 2248 προϐάλλεσθαιτὴν
519 2212 619 2248 στήλην
630 2220 636 2228 ·
654 2213 714 2239 Ὅτι
731 2213 762 2248 δὴ
788 2212 902 2248 σπουδὴν

957 2221 1054 2241 sonare
1072 2216 1162 2248 potest
1184 2214 1328 2241 conversio
1344 2213 1448 2241 Ezeciae
1468 2212 1501 2240 ad
1523 2212 1663 2247 parietem.
1680 2208 1736 2236 Nec

119 2255 220 2291 ἐθεμην
244 2256 346 2293 ταύτην
363 2258 520 2290 ἀνελέσθαι,
546 2259 615 2294 πρὸς
637 2258 667 2285 τὺ
686 2258 723 2294 μὴ
753 2257 821 2286 εἶναι
855 2261 905 2294 ἐμ-

119 2302 210 2329 πόδιον
232 2302 271 2338 τῷ
299 2303 355 2338 λαῷ
375 2305 422 2331 τοῦ
437 2305 478 2336 είς
494 2304 544 2340 τήν
566 2304 719 2331 θεοσέὸειαν
737 2305 822 2332 τόνου.
850 2305 906 2332 Καὶ

958 2259 1028 2287 facta
1041 2263 1083 2288 est
1101 2260 1160 2288 sine
1175 2260 1304 2295 lacrymis
1318 2259 1473 2295 deprecatio
1491 2258 1562 2293 ejus,
1575 2257 1621 2296 sed
1638 2262 1736 2290 magna

957 2307 1109 2341 ploratione
1122 2306 1247 2341 ploravit.

118 2347 198 2374 τοῦτο
228 2348 256 2374 δὲ
271 2346 420 2384 ἀναγκαῖον¹
446 2350 624 2386 μνημονεύειν
637 2371 644 2383 ,
663 2350 700 2382 ὡς
721 2351 808 2385 τοῖχος
831 2351 878 2378 καὶ
897 2351 979 2388 στήλη
995 2354 1028 2388 τῇ
1056 2353 1124 2388 αὐτῇ
1143 2354 1217 2388 φωνῇ
1241 2352 1290 2387 τῆς
1310 2350 1447 2387 Ἐὅρατδος
1464 2349 1609 2376 λέλεκται·
1642 2346 1735 2380 διόπερ

121 2394 238 2429 μάλιστα
252 2396 299 2423 καὶ
315 2397 355 2428 εὶς
386 2396 465 2422 τοῦτο
490 2395 641 2432 ἐξελήφθη,
662 2396 678 2431 ἢ
710 2397 751 2428 είς
779 2396 825 2423 τὸν
842 2397 929 2431 τοῖχον
954 2397 1035 2424 αὐτοῦ
1055 2397 1232 2433 ἀποστροφή·
1252 2397 1301 2432 τὴν
1323 2395 1351 2422 δὲ
1376 2394 1528 2430 προσευχὴν
1553 2393 1669 2420 ἐποιεῖτο
1685 2391 1735 2417 οὐκ

119 2440 184 2467 ἄνευ
211 2441 346 2478 δακρύων,
370 2442 437 2469 ἀλλά
457 2442 504 2468 καὶ
519 2441 623 2469 πολλῶν
637 2442 748 2469 τούτων.

155 2486 242 2522 ’Υψος
257 2488 367 2524 ἡμερῶν
393 2488 467 2522 λέγει
490 2488 539 2524 τὴν
553 2488 731 2524 ἐγγενομένην
754 2489 788 2524 τῇ
801 2488 904 2524 διανοίᾳ

120 2533 202 2559 αὑτοῦ
220 2533 427 2569 ὑψηλαυχενίαν,
456 2535 500 2569 ὑφ’
526 2533 559 2570 ἦς
583 2535 774 2570 συνεχόμενος,
792 2535 904 2570 ἔμελλον

119 2577 168 2613 τήν
179 2579 297 2613 ἐμαυτοῦ
310 2579 382 2616 ζωὴν
392 2580 599 2616 ὑποτέμνεσθαιε
613 2581 697 2608 ταῦτα
707 2581 903 2616 διανοούμενος,

119 2623 180 2649 οὐδὲ
196 2624 248 2660 γὰρ
267 2626 296 2652 ἐν
320 2627 355 2661 γῇ
375 2625 483 2658 ζώντων
508 2626 620 2662 ήλπιζον
642 2627 754 2662 ὄψεσθαι
769 2627 800 2654 τὺ
816 2627 904 2662 σωτή-

121 2677 177 2703 ριον
201 2669 247 2696 τοῦ
271 2671 338 2697 Θεοῦ
351 2691 358 2702 ,
384 2671 520 2706 ἐλεγχθεὶς
542 2672 587 2698 ἐπὶ
604 2673 635 2707 τῇ
662 2673 849 2708 καταλαϐούσῃ
864 2672 904 2706 ’με

157 2750 176 2764 ¹⁰
190 2749 208 2776 ΙΙ
226 2749 342 2784 Paralip.
358 2759 443 2783 xuii,
459 2750 494 2777 24
510 2759 570 2785 sqq.

155 2825 192 2857 (5)
223 2826 338 2854 Lacuna:
357 2827 451 2855 breves
463 2828 489 2856 in
502 2828 603 2856 codice.

611 2751 765 2780 "ihid.‘2G.
806 2753 888 2780 "lsa.
906 2760 953 2779 vn.
975 2752 1014 2779 Iri.

992 2487 1075 2515 Vens.
1093 2487 1187 2514 10—12.
1210 2486 1353 2513 Excelsum
1367 2484 1471 2512 dierum
1493 2487 1570 2509 vocat
1582 2482 1736 2518 superbiam

957 2541 1009 2570 qua
1036 2541 1113 2562 mens
1137 2533 1198 2567 ejus
1223 2531 1396 2564 efferebatur,
1416 2537 1470 2565 qua
1492 2529 1600 2556 inflatus
1623 2533 1737 2556 mortem

956 2580 1009 2608 sibi
1030 2583 1227 2615 prnmeruerat.
1241 2578 1304 2606 Haec
1318 2585 1411 2606 secum
1424 2576 1559 2611 reputavit
1578 2585 1584 2601 :
1601 2575 1657 2610 jam
1682 2582 1738 2601 non

956 2626 1023 2653 mihi
1042 2633 1104 2661 spes
1117 2626 1236 2653 salutare
1254 2624 1300 2652 Dei
1329 2624 1355 2651 in
1370 2627 1441 2651 terra
1455 2621 1601 2649 viventium
1616 2620 1736 2650 videndi,

957 2672 1073 2700 amentia
1103 2677 1182 2707 capto
1217 2676 1242 2699 et
1267 2671 1412 2698 convicto~
1443 2669 1489 2698 sed
1517 2673 1542 2697 et
1564 2669 1647 2695 vitam
1670 2666 1737 2693 mihi

1056 2751 1119 2777 “iV
1137 2751 1201 2785 Heg.
1219 2759 1272 2781 xix,
1293 2751 1335 2777 55.
