1919 3075
197 133 264 161 1551-

804 128 976 156 TllEODORl
996 129 1255 158 HERACLEENSIS

1746 131 1817 159 155⁷2

195 200 315 226 auteres,
334 193 417 220 exitio
432 194 459 218 et
471 191 552 218 morti
566 190 684 221 addicto,
698 188 766 215 fabri
786 188 820 214 ad
836 188 966 223 exemplat

1026 188 1204 224 κακοϐουλίαν
1232 189 1299 216 ἁλλά
1326 190 1372 216 καὶ
1396 190 1497 226 ταύτης
1518 190 1567 225 τῆς
1586 189 1662 225 ζωῆς
1678 190 1814 226 στερηθή-

193 239 400 267 tabernaculum
427 236 542 272 ligentis,
573 239 600 263 et
628 243 691 263 mox
729 234 881 267 solventis;
911 241 974 260 nam

194 286 230 312 ita
249 284 348 312 defecit
370 282 483 318 spiritus
508 289 584 309 meus
597 280 697 312 vitalis,
720 279 791 307 sicut
811 279 863 306 tela
882 285 896 305 a
914 285 976 305 mu-

193 331 259 358 Iicre
272 330 329 364 jam
345 328 523 357 succidenda.

226 367 308 403 vas.
333 375 376 402 Η.
400 373 506 402 Idcirco
527 373 582 408 jam
604 380 657 399 non
679 371 774 404 silebo,
796 369 974 405 benignitatis

193 426 246 449 tuae
261 429 351 456 praeco
366 420 464 452 factus,
481 419 563 455 quasi
578 418 696 446 hirundo
707 421 734 445 et
742 417 820 452 quasi
832 415 971 448 columba,

191 467 322 495 continuo
339 467 554 502 magniﬁcentias
573 469 634 492 tuas
649 463 814 497 celebrabo;
828 465 856 490 tu
869 461 941 489 enim
956 469 972 488 a

191 521 234 541 lHe
250 513 374 548 corporis
389 513 498 540 dolores
511 511 660 545 abstulisti,
677 514 705 538 et
725 510 844 536 animam
861 507 972 535 sanitati

192 559 348 591 restituisti,
364 562 537 594 peccatorum
552 557 844 585 meorum‘immemor.

1028 234 1121 260 σεσθαι
1148 235 1188 266 εἰς
1213 235 1349 262 ἀπώλειαν
1374 236 1422 263 καὶ
1436 237 1573 272 ἀναίρεσίν
1591 246 1640 272 μου
1661 238 1819 273 καταστρέ-

1026 279 1129 314 ψαντα,
1156 280 1227 307 κατά
1241 281 1287 307 τὸν
1313 281 1467 317 πηξάμενον
1485 282 1534 317 μὲν
1554 283 1655 318 σκηνὴν
1671 302 1679 314 ,
1707 283 1815 309 συστεί-

1027 326 1111 354 λαντα
1129 327 1158 353 δὲ
1174 327 1258 361 αὐτὴν
1282 327 1403 362 ταχέως’
1421 328 1452 354 τὸ
1475 328 1530 364 γὰρ
1557 327 1670 360 ζωτικὸν
1703 327 1815 362 πνεῦμα

1025 371 1112 403 οὕτως
1139 372 1268 408 ἀφῃρεῖτο
1289 372 1340 404 τὰς
1353 372 1493 408 δυνάμεις,
1518 372 1556 404 ὡς
1584 373 1656 404 ἱστὸς
1684 373 1815 406 navatae;

1025 417 1204 452 ἐκτέμνεσθαι
1230 417 1342 453 μέλλων.
1371 418 1451 445 Ὅθεν
1477 419 1507 444 οὐ
1535 419 1673 454 παύσομαι
1703 419 1734 444 ἐν
1756 419 1815 450 τοῖς

1026 463 1095 498 μετά
1121 462 1206 490 ταῦτα
1229 463 1316 498 κῆρυξ
1338 463 1386 498 τῆς
1409 464 1460 499 σῆς
1479 463 1646 499 ἀγαθότητος
1666 463 1812 498 ἐσόμενος,

1024 509 1095 537 κατά
1117 509 1179 541 τοὺς
1190 509 1300 544 ὄρνιθας
1313 510 1362 544 τήν
1383 518 1412 536 τε
1432 509 1553 544 χελιδόνα
1569 510 1616 535 καὶ
1635 508 1813 544 περιστερὰν,

1024 553 1171 585 ἀπαύστως
1186 554 1221 580 τά
1233 554 1266 581 σὰ
1274 554 1406 590 μεγαλεῖα
1419 553 1600 589 ἐξηγούμενος
1609 562 1616 569 '
1630 554 1662 580 σὺ
1680 554 1736 590 γὰρ
1751 551 1778 580 εί
1800 555 1813 580 ὁ

190 606 236 633 καὶ
249 605 287 640 τῷ
304 605 408 641 σώματι
421 605 469 636 τὰς
483 605 576 636 ὀδύνας
588 604 689 631 παῦσαι
704 604 828 639 ποιήσας,
842 603 889 630 καὶ
904 604 937 638 τῇ
950 603 1022 638 ψυχῇ
1042 601 1112 628 ίασιν
1126 602 1319 637 χαρισάμενος,
1333 601 1526 638 ὑπερϐεϐηκὼς
1543 602 1578 628 τὰ
1591 601 1815 638 πλημμελήματά

191 663 241 690 μου
246 676 251 681 .

227 700 308 728 Vens.
327 701 371 728 18.
387 700 491 734 Quibus
506 701 589 728 dictis
599 707 674 734 spem
690 698 902 726 resurrectiOnis
923 704 972 724 ne-

189 753 326 781 quaquam
339 746 438 780 aufert,
452 746 573 774 declarat
587 753 650 773 vero
663 745 690 772 iu
701 743 800 772 inferni
809 747 896 770 morte
910 749 972 777 per-

189 791 306 818 dendum
326 799 397 824 esse,
419 799 499 827 quem
526 796 555 818 tu
573 798 628 818 non
653 789 827 820 excitaveris,
851 788 895 815 cui
915 795 970 814 non

189 838 280 864 omnia
295 837 494 864 condonaveris
508 840 630 872 peccata.

224 882 308 910 Vens.
325 882 367 909 l9.
385 882 556 917 Quapropter
579 881 637 916 ipse
657 887 718 916 ego,
746 878 890 914 repudiata
913 877 969 912 jam

189 929 270 965 impia
289 929 334 956 illa
347 932 436 956 mente
447 929 473 955 in
484 928 594 963 nuptias
606 926 729 958 ardeseo,
737 931 764 953 et
777 925 848 953 ﬁlios
860 924 968 956 faciam,

189 981 217 1002 ut
229 975 361 1010 sanguine
380 981 440 1002 meo
457 978 594 1006 crescant,
605 973 652 1009 qui
664 970 969 1006 annuntientjustitiam

187 1026 271 1048 tuam.

219 1066 284 1094 CAP.
300 1066 356 1099 XL,
372 1065 454 1093 Vsus.
466 1066 494 1093 4.
508 1066 545 1093 De
560 1065 676 1093 vallibus
692 1065 811 1099 loquitur
822 1070 876 1090 non
891 1061 968 1097 quasi

187 1112 289 1139 fuerint
312 1119 327 1138 a
353 1111 466 1139 Domino
489 1110 665 1146 occupandae,
683 1109 732 1138 sed
751 1109 856 1136 animas
872 1108 969 1135 affatur

186 1157 269 1184 altius
282 1155 413 1188 effossas,
430 1161 458 1183 et
474 1155 603 1184 deorsum
623 1155 651 1182 in
668 1155 776 1183 inferno
796 1154 931 1189 jacentes,
941 1156 968 1181 et

186 1203 306 1238 peccatis
319 1202 493 1234 humiliatas;
502 1202 602 1236 quippe
614 1209 675 1237 qua:
686 1201 802 1229 funestis
809 1205 836 1229 et
849 1199 966 1242 exitiali-

185 1248 238 1276 bus
251 1247 462 1283 cogitationibus
471 1247 600 1279 liberatae,
610 1254 693 1282 super
701 1251 807 1274 montes
818 1245 968 1273 exaltanda:

186 1299 259 1322 sunt.

221 1339 294 1368 Vens
308 1339 335 1366 8.
353 1339 508 1367 Confltetur
525 1339 569 1367 hic
595 1346 654 1378 ipse
674 1338 816 1374 propheta,
830 1337 872 1364 vel
892 1336 967 1364 verbi

185 1385 319 1419 minister,
348 1393 431 1414 came
452 1393 482 1414 se
497 1386 663 1413 obcaecatum
690 1385 822 1412 rationem
838 1383 968 1411 accedere

185 1439 240 1458 non
250 1432 383 1466 potuisse.
396 1430 457 1459 Ποῖ
467 1434 622 1463 evanescet,
629 1430 738 1465 adjecit,
749 1424 839 1457 omnis
848 1429 967 1456 humana

184 1476 298 1511 opinio;
314 1476 427 1504 ver-bum
451 1480 542 1504 autem
563 1476 611 1504 Dei
634 1476 714 1504 ﬁnem
734 1483 872 1511 nunquam
895 1474 967 1502 acci-

1059 692 1145 719 Τοῦτο
1168 693 1262 728 ἐλεγεν
1283 693 1333 720 οὐκ
1349 693 1489 720 ἐκκόπτων
1510 694 1560 730 τῆς
1571 694 1748 726 ἀναστάσεως
1764 696 1812 726 τὰς

1022 739 1143 772 ἐλπίδας,
1161 740 1229 767 ἀλλά
1259 739 1347 776 δηλῶν
1359 760 1368 772 ,
1389 739 1427 772 ὡς
1449 741 1490 772 εἰς
1510 740 1576 776 ᾅδην
1593 740 1734 772 ἀπωλείας
1760 741 1814 767 ἀπ-

1021 785 1148 820 ελήλυθε,
1170 785 1208 821 μὴ
1224 785 1299 821 παρά
1316 785 1362 812 σοῦ
1383 785 1546 822 ἀνακληθεὶς
1575 786 1622 813 καὶ
1637 787 1813 822 συγχώρησιν

987 850 1008 878 Β
1023 834 1166 870 ἁμαρτιῶν
1181 834 1336 870 δεξάμενος.

1058 880 1148 914 Ὅθεν,
1164 880 1219 915 ἐγὼ
1242 881 1322 913 αὐτὸς
1348 881 1461 917 ἰώμενος
1480 882 1529 917 τὴν
1546 881 1684 916 σφαλερὰν
1704 880 1822 915 ἐκείνην

1020 924 1136 958 ἔννοιαν,
1151 927 1262 954 σπεύσω
1275 928 1323 954 καὶ
1333 927 1431 963 γάμοις
1445 928 1572 964 ὁμιλῆσαι
1589 928 1637 954 καὶ
1651 927 1813 962 παιδοποιή-

1021 971 1129 1004 σασθαι,
1144 972 1213 1008 πρὸς
1228 972 1259 999 τὸ
1272 974 1319 1000 καὶ
1335 974 1397 1005 τοὺς
1414 973 1444 1006 ἐξ
1462 973 1529 1009 ἐμοῦ
1543 974 1709 1009 γενομένους
1726 975 1812 1009 κήρυ-

1019 1027 1070 1050 κας
1081 1019 1228 1054 ἀναστῆναι
1249 1019 1298 1055 τῆς
1312 1021 1493 1057 δικαιοσύνης.

1053 1065 1186 1100 Φάραγγα
1205 1066 1354 1101 ἐκληπτέον
1365 1088 1373 1100 ,
1395 1068 1444 1103 οὐχ
1460 1067 1498 1099 ὡς
1517 1067 1661 1102 μέλλοντος
1677 1067 1726 1094 τοῦ
1744 1066 1812 1093 Θεοῦ

1018 1110 1167 1137 ἐπιϐαίνειν
1187 1111 1294 1144 αὑταῖς,
1319 1113 1387 1140 ἀλλὰ
1409 1113 1477 1149 πρὸς
1492 1113 1542 1145 τὰς
1558 1112 1814 1149 κατορωρυγμένας

1019 1155 1125 1190 ψυχὰς,
1150 1157 1197 1182 καὶ
1216 1157 1292 1184 κάτω
1310 1167 1362 1185 που
1379 1159 1419 1191 είς
1432 1159 1477 1186 τὸν
1493 1159 1559 1195 ᾅδην
1573 1158 1716 1194 κειμένας,
1731 1167 1813 1185 τετα-

1017 1201 1186 1237 πεινωμένας
1201 1212 1231 1230 τε
1246 1206 1306 1236 ταῖς
1327 1205 1489 1241 ἁμαρτίαις,
1508 1206 1598 1240 λέγειν
1627 1205 1730 1237 ταύτας
1759 1206 1814 1242 γὰρ

1016 1252 1217 1288 ἀπαλλαγείσας
1237 1253 1291 1279 τῶν
1309 1252 1437 1288 ὀλεθρίων
1457 1252 1558 1279 τούτων
1571 1253 1619 1279 καὶ
1633 1253 1814 1279 ἐπικινδύνων

1016 1295 1152 1331 λογισμῶν
1167 1296 1236 1332 ὑπὲρ
1250 1296 1283 1323 τὰ
1296 1296 1347 1331 ὅρη
1359 1295 1550 1323 ταπεινοῦσθαι
1565 1295 1603 1331 (6)
1618 1295 1727 1331 καιρός.

1051 1343 1173 1375 Δεικνὺς,
1188 1342 1226 1374 ὡς
1255 1343 1302 1369 καὶ
1318 1342 1398 1374 αὐτὸς
1413 1343 1427 1369 ὁ
1447 1342 1589 1377 προφήτης
1612 1343 1626 1368 ὁ
1656 1341 1810 1376 ὑπηρετούο

1018 1395 1097 1422 μενος
1123 1387 1165 1422 τῷ
1197 1387 1282 1422 λόγῳ,
1306 1387 1358 1414 ὑπὸ
1385 1387 1434 1422 τῆς
1455 1386 1556 1422 σαρκὸς
1582 1387 1812 1422 ἐπισκιαζόμενος

1016 1433 1061 1460 τὸν
1088 1433 1162 1465 νοῦν.
1193 1434 1317 1469 χωρῆσαι
1354 1434 1385 1460 οὐ
1410 1433 1569 1468 δεδύνηται·
1603 1433 1652 1460 καὶ
1682 1433 1739 1468 γὰρ
1765 1435 1810 1460 καὶ

1017 1480 1092 1506 πᾶσα
1118 1480 1250 1515 ὑπόληψις
1276 1479 1432 1515 ἀνθρωπίνη
1469 1479 1572 1515 ταχέως
1592 1479 1749 1510 παύσεται,
1778 1480 1809 1504 ot.

184 1519 252 1557 pie'l,
274 1522 322 1550 sed
336 1527 426 1550 manet
441 1522 469 1550 in
491 1518 627 1550 aeternum
652 1529 715 1550 vera
738 1530 823 1557 usque
837 1529 961 1554 praenun—

1024 1526 1068 1562 ιὴν
1080 1527 1110 1553 τὸ
1126 1526 1214 1560 λόγιον
1233 1526 1279 1553 τοῦ
1294 1525 1361 1553 Θεοῦ
1382 1526 1487 1553 παύλαν
1509 1526 1575 1552 ποτέ
1591 1525 1706 1561 λήψεται
1720 1534 1727 1541 ·
1741 1525 1810 1552 ἀλλα

185 1568 267 1597 tians.

223 1663 306 1691 Vens.
325 1664 368 1692 12.
384 1663 461 1691 Multi
475 1664 584 1699 quidem
599 1666 674 1695 Sunt,
690 1662 736 1698 qui
752 1662 786 1690 de
797 1661 910 1697 iudiciis
921 1661 967 1688 Dei

184 1709 323 1743 dubitant,
339 1714 367 1737 et
382 1710 416 1738 de
430 1709 604 1737 Providentia
620 1713 677 1736 tum
692 1716 802 1736 omnem
817 1716 908 1736 rerum
920 1715 969 1735 na-

185 1761 273 1783 turam
291 1760 346 1783 tum
364 1756 470 1792 singula
491 1764 605 1792 quasque
632 1762 751 1791 regente,
773 1759 803 1783 et
815 1755 848 1783 de
862 1763 968 1783 summa

184 1802 300 1830 scientia
320 1810 401 1837 quam
417 1803 455 1830 nil
471 1803 555 1830 latere
567 1806 666 1837 potest,
685 1809 745 1837 quae
765 1809 861 1829 omnes
878 1805 968 1828 mente

183 1848 379 1883 complectitur.
401 1848 506 1882 Quibus
521 1848 695 1876 confutandis
707 1848 839 1883 propheta
859 1847 967 1882 singula

183 1893 239 1920 Deo
252 1893 439 1928 investiganda
451 1901 511 1921 esse
524 1893 662 1925 declarat;
679 1900 712 1920 ex
730 1893 883 1920 visibilibus
899 1896 926 1920 et
939 1893 967 1919 in

183 1940 342 1968 universum
358 1948 373 1967 a
394 1939 487 1967 mundi
505 1939 646 1967 elementis
668 1939 744 1967 disce
764 1938 811 1966 Dei
825 1939 963 1967 virtutem.

215 2029 298 2057 Vsus.
319 2030 362 2062 l6.
382 2031 425 2058 17.
449 2029 556 2058 Rursus
576 2030 698 2058 occurrit
720 2031 855 2066 propheta
872 2035 966 2058 mente

181 2075 408 2110 disceptantibus.
422 2076 510 2103 Nolite
518 2080 613 2111 putare
625 2085 674 2105 vos
686 2083 864 2105 memoratum
880 2077 965 2106 Deum

181 2129 230 2157 per
251 2122 384 2150 sacrificia
402 2123 566 2157 placaturos.
580 2123 658 2157 qttasi
683 2123 743 2152 istis
759 2125 783 2152 ei
798 2132 867 2159 opus
879 2128 963 2157 esset,

179 2167 259 2202 cujus
271 2168 354 2196 verbo
371 2168 462 2195 omnia
484 2167 555 2196 facta
569 2175 640 2197 sunt.
663 2169 732 2197 Num
751 2180 760 2196 ι
783 2171 897 2199 suﬂiciet
919 2171 964 2198 Li-

179 2214 268 2242 banus
289 2223 297 2238 ι
325 2217 352 2242 et
376 2214 445 2241 silva
467 2222 521 2250 qua
548 2215 699 2248 obsidetur,
723 2221 770 2242 aut
797 2225 806 2242 ι
829 2217 963 2244 sufﬁcient

178 2260 270 2287 omnia
294 2260 480 2295 quadrupedia
498 2261 531 2288 ad
552 2261 751 2294 holocaustum,
769 2271 779 2287 ›
802 2263 964 2290 ουίευιιοιεε

178 2310 284 2341 gentes,
297 2307 374 2341 juxta
386 2307 471 2342 ipsius
487 2307 611 2340 effatutn,
625 2317 635 2333 ι
649 2308 727 2343 quasi
741 2308 855 2334 nihilum
863 2312 926 2335 sunt
950 2318 959 2334 ι

178 2352 206 2379 in
221 2352 334 2379 nihilum
352 2355 511 2379 reouta’ntur

211 2443 276 2470 Cn.
295 2442 362 2476 XLI,
376 2442 458 2471 Vens.
473 2444 496 2470 l.
511 2444 622 2471 Animos
636 2444 783 2479 alloquitur
800 2445 959 2480 languentes

175 2495 202 2516 ct
219 2489 360 2516 doloribus
377 2489 502 2516 afﬂictus.
519 2489 593 2517 Licet
612 2491 684 2517 enim
710 2490 799 2524 vobis,
821 2491 867 2526 qui
883 2491 960 2526 cupi-

176 2536 307 2563 ditatibus
323 2536 484 2564 insenuistis
498 2541 525 2563 et
537 2536 731 2571 voluptatibus,
742 2537 887 2572 depressas
899 2537 960 2565 istis

175 2581 333 2615 spirituales
350 2582 422 2609 vires
445 2581 574 2613 relevare,
590 2586 616 2608 et
639 2581 714 2608 velut
733 2586 912 2615 senectutem,
927 2590 959 2609 ea

174 2627 320 2660 deponere,
338 2635 507 2662 quacunque
532 2627 633 2654 fuerint
650 2627 810 2655 libidinibus
832 2627 918 2654 fracta
932 2631 959 2655 et

174 2680 258 2706 prope
276 2673 411 2700 confecta.
430 2673 504 2705 Quos
525 2673 628 2701 insulas
655 2673 756 2708 optimc
772 2677 869 2706 vocat;
895 2681 958 2701 nam

174 2718 246 2744 sicut
256 2718 362 2750 insulae,
380 2719 467 2746 medio
483 2720 511 2746 in
536 2727 610 2747 mare
624 2719 752 2746 ﬂuctibus
769 2719 958 2747 circumluun-

207 2795 245 2832 (fit
260 2795 355 2832 Potius
371 2797 498 2830 ὑῴοὖσοιι
510 2803 552 2825 aut
570 2798 745 2832 πληροῦσθαι.

207 2831 243 2859 [7)
260 2830 352 2857 Potius
368 2832 423 2861 32;.

1021 1571 1094 1608 πέρα
1120 1571 1209 1604 τελεῖ,
1237 1571 1401 1608 ἀληθεύοντα
1427 1572 1476 1608 τῆς
1500 1572 1538 1607 (7)
1565 1571 1734 1605 ἐπαγγελίας
1769 1571 1809 1602 εἰς

1021 1617 1107 1644 αἰῶνα
1112 1638 1118 1644 .

1055 1664 1126 1699 Πρὸς
1142 1664 1191 1695 τὰς
1207 1663 1237 1690 ἐν
1255 1662 1360 1699 διανοίᾳ
1373 1663 1453 1690 πάλιν
1470 1663 1566 1698 φύσεις
1584 1663 1809 1698 ἀμφισϐητήσεις

1020 1711 1083 1746 περὶ
1096 1710 1150 1736 τῶν
1174 1711 1314 1746 χριμάτων
1335 1710 1382 1737 καὶ
1394 1710 1444 1745 τῆς
1467 1710 1595 1746 προνοίας
1611 1710 1661 1745 τῆς
1676 1710 1724 1736 τοῦ
1739 1709 1809 1736 Θεοῦ

1018 1756 1062 1783 διὰ
1079 1757 1186 1783 πάντων
1206 1755 1369 1792 διηκούσης,
1398 1756 1444 1782 καὶ
1461 1755 1521 1782 καθ’
1540 1756 1588 1783 Eva.
1603 1755 1731 1787 ἕκαστον,
1762 1756 1810 1781 καὶ

1018 1803 1055 1834 ὡς
1069 1802 1119 1829 οὐκ
1144 1801 1201 1828 ἔστι
1230 1802 1284 1828 τῶν
1305 1801 1486 1828 λανθανόντων
1518 1801 1564 1828 τὸν
1578 1801 1656 1833 Θεὸν,
1675 1801 1746 1827 ἁλλά
1763 1801 1810 1827 διὰ.

1018 1849 1126 1875 πάντων
1142 1848 1317 1875 διαϐαίνουσα
1332 1849 1348 1883 ὴ
1364 1847 1411 1874 τοῦ
1427 1847 1494 1874 Θεοῦ
1509 1847 1626 1881 γνῶσις·
1642 1846 1677 1874 τὰ
1688 1847 1808 1874 ἑκάστου

1017 1894 1166 1930 ἀνιχνεύειν
1187 1893 1365 1930 προῦπαντῶν
1384 1895 1398 1920 ὀ
1424 1893 1503 1928 λόγος
1520 1893 1695 1926 ἐκδιδάσκει,
1718 1893 1760 1920 ὅτι
1776 1895 1810 1920 ἐκ

1017 1939 1070 1966 τῶν
1083 1939 1238 1975 ὁρωμένων,
1255 1939 1302 1966 καὶ
1322 1940 1354 1965 ἐκ
1367 1939 1421 1965 τῶν
1435 1939 1481 1965 τοῦ
1497 1938 1564 1965 Θεοῦ
1587 1938 1809 1974 καθολικώτερον

1018 1986 1156 2021 στοιχείων
1169 1985 1326 2012 ἐκδιδάσκου
1340 1985 1386 2012 τοῦ
1405 1984 1472 2012 Θεοῦ
1486 1984 1611 2020 δύναμιν.

1051 2031 1134 2058 Πάλιν
1156 2031 1223 2067 προς
1247 2032 1309 2062 τοὺς
1339 2031 1367 2057 ἐν
1384 2030 1514 2062 διανοίαις
1536 2030 1685 2065 λογισμοὺς
1722 2039 1809 2065 προσ-

1015 2078 1121 2112 υπαντᾷ
1138 2078 1152 2104 ὁ
1173 2077 1251 2110 λόγος
1261 2085 1268 2093 ·
1293 2077 1334 2103 ὅτι
1347 2076 1438 2103 τοῦτον
1454 2076 1498 2102 τὸν
1513 2076 1578 2103 Θεὸν
1593 2077 1638 2103 τὸν
1661 2085 1808 2112 προμηνύ-

1016 2122 1096 2148 οέντα
1112 2122 1155 2148 διὰ
1167 2121 1221 2148 τῶν
1237 2121 1389 2157 εἰρημένων
1403 2122 1467 2153 ἴσως
1484 2120 1616 2155 λογιεῖσθε
1629 2121 1738 2153 θυσίαις
1765 2122 1809 2154 ἐξ-

1017 2167 1160 2201 ιλεοῦσθαι,
1184 2168 1220 2204 μὴ
1243 2168 1429 2204 σχοπήσαντες
1438 2187 1446 2199 ,
1460 2167 1497 2199 ὡς
1508 2168 1558 2194 οὐκ
1568 2169 1597 2194 ἐν
1607 2167 1688 2203 χρείᾳ
1702 2168 1810 2195 τούτων

1015 2214 1181 2249 καθέστηκεν
1199 2234 1206 2245 ,
1236 2211 1266 2241 οὗ
1295 2213 1333 2250 τῷ
1356 2213 1428 2250 λόγῳ
1460 2214 1495 2241 τὰ
1520 2214 1609 2241 πάντα
1642 2215 1807 2250 γεγένηται·

1017 2261 1185 2296 «ἐπαρκέσει
1213 2259 1262 2288 οὗν
1287 2261 1403 2293 Λίϐανος
1423 2271 1432 2287 ι
1451 2262 1498 2288 καὶ
1529 2261 1590 2296 ὴὲν
1618 2262 1707 2297 τούτῳ
1736 2262 1805 2295 ῦλη;

1016 2317 1026 2333 σ
1044 2307 1154 2342 ἀρκέσει
1168 2308 1196 2334 δὲ
1211 2309 1251 2340 εἰς
1265 2308 1453 2344 ὁλοκάρπωσιν
1471 2307 1558 2334 πάντα
1572 2307 1606 2334 τὰ
1621 2308 1807 2343 τετράποδα,›

1012 2350 1034 2387 ᾧ
1053 2354 1141 2381 πάντα
1163 2354 1197 2381 τὰ
1223 2354 1284 2390 ἔθνη
1311 2353 1383 2382 κατά
1412 2354 1443 2380 τὸ
1469 2354 1619 2390 ύποδληθὲν
1650 2355 1806 2390 ὑπόδειγμα

1014 2409 1023 2425 ‹
1039 2400 1069 2431 ὃς
1084 2400 1121 2436 (8)
1137 2397 1204 2436 ἧκεν
1215 2401 1256 2433 εὶς
1269 2401 1378 2436 γνῶσιν,
1400 2410 1409 2426 ι
1422 2401 1498 2427 οὐδὲν
1512 2400 1637 2436 ἐλογίσθη

1049 2447 1121 2481 Πρὸς
1147 2447 1196 2478 τὰς
1218 2447 1255 2482 μὴ
1285 2447 1429 2483 ἰσχυούσας
1452 2447 1557 2478 ὀδύναις
1583 2456 1613 2473 τε
1629 2447 1807 2482 πραττοῶςας

1013 2491 1101 2526 ψυχὰς
1123 2493 1272 2527 συμϐουλία
1304 2494 1487 2529 προσάγεταν
1515 2494 1556 2520 ὃτι
1580 2493 1667 2529 ταύτῃ
1690 2493 1805 2520 δυνατὸν

1011 2538 1084 2573 ὑμᾶς
1102 2539 1151 2570 τὰς
1166 2540 1361 2574 ἐγχρονισάσας
1386 2540 1415 2566 ὲν
1429 2541 1485 2571 τοῖς
1504 2539 1604 2566 πάθεσι
1615 2539 1662 2566 καὶ
1679 2539 1804 2566 παλαιω-

1011 2583 1105 2614 Οείσας
1120 2584 1149 2609 ἐν
1171 2585 1230 2615 ταῖς
1246 2584 1363 2618 ἡδοναῖς,
1386 2584 1413 2611 ἕν
1430 2593 1460 2610 τε
1474 2584 1578 2615 τούτοις
1601 2585 1806 2620 κατασυρείσας

1011 2629 1155 2656 ἀναλαϐεῖν
1171 2629 1220 2660 τὰς
1234 2630 1338 2656 ἑαυτῶν
1365 2630 1482 2665 ψυχικὰς
1508 2630 1656 2665 δυνάμεις·
1683 2630 1732 2657 καὶ
1754 2630 1806 2656 ὦσ-

1011 2683 1064 2710 περ
1081 2675 1169 2710 γῆρας
1192 2675 1341 2702 ἀποθέσθαι
1364 2675 1413 2707 τὰς
1429 2676 1458 2702 ἐν
1485 2677 1541 2707 τοῖς
1561 2675 1661 2702 πάθεσι
1677 2676 1804 2702 παλαιω-

1009 2720 1101 2752 Οείσας
1132 2721 1177 2746 καὶ
1207 2721 1301 2757 ὥσπερ
1328 2722 1527 2757 νεκρωθείσας·
1545 2721 1578 2753 ἃς
1595 2722 1642 2748 καὶ
1672 2722 1804 2757 νήσουςὸ

1049 2799 1085 2832 (8)
1103 2798 1181 2826 Forlc
1200 2800 1256 2834 οὐχ.
