1919 3075
144 95 158 123 1
164 96 218 125 353

832 102 865 130 IN
883 103 1012 132 lSAlAM.

1708 105 1773 132 534

141 154 226 190 λόγος
244 156 331 187 καλεῖ,
348 156 412 183 καθ’
420 157 546 192 ὁμοίωσιν
563 158 616 185 τῶν
632 159 720 195 νήσων
740 160 852 193 τούτων,
872 161 900 188 αἳ
913 163 937 188 ἐι

996 167 1049 195 tur,
1063 170 1117 190 non
1136 170 1201 191 vero
1218 163 1450 198 submerguntur;
1467 163 1503 190 ita
1520 162 1603 190 animi
1621 163 1705 190 nostri
1721 163 1775 190 hu-

146 201 224 237 μέσῳ
232 202 270 238 τῷ
279 202 543 239 πελάγειὲστήκασιν
556 205 792 241 περικλυζόμεναι,
802 207 839 243 μὴ
848 207 937 242 μέντοι

143 248 429 285 καταποπιζόμεναι·
455 250 526 277 οὕτω
545 251 592 278 καὶ
608 252 637 278 αἱ
650 252 735 287 ψυχαὶ
756 253 808 280 ὑπὸ
838 254 891 280 τῶν
909 255 937 280 ἐν

142 293 187 329 τῷ
206 293 300 330 κόσμῳ
319 296 499 331 πραγμάτων,
511 297 542 324 οὐ
557 297 609 333 μὴν
629 298 697 325 ἀλλά
710 299 757 326 καὶ
773 301 936 335 σωματικῶν

144 338 254 372 παθῶν,
283 339 413 376 ἁλμυρῶν
428 341 524 374 ὄντων,
543 342 735 375 ἐπικλύζονται
748 353 754 358 ·
781 345 936 372 ἀπεκδύσει-

145 385 211 412 σθαι
232 386 320 415 τοίνυν
333 387 436 420 ταύτας
458 389 505 416 τὸν
537 389 650 417 παλαιὸν
685 391 847 428 ἄνθρωπον,
880 394 927 420 καὶ

144 433 267 462 λεύεται.

183 494 252 530 Περὶ
274 494 366 530 Κύρου
391 495 482 530 λέγει,
503 497 534 524 ὃν
558 493 670 531 δικαίως
697 499 827 536 ἐπήγειρε
851 501 939 528 Βαϐυ-

143 540 419 573 λῶνι.-Ὑπέταξεν
434 541 510 577 αὐτῷ
526 542 651 575 πολλοὺς,
671 543 714 570 ἵνα
730 544 830 580 καθέλῃ
851 546 939 572 Βαϐυ-

146 587 223 613 λῶνα
237 586 358 618 δικαίως.

183 641 239 678 Τὴν
268 643 361 678 σχέσιν
390 644 439 680 τὴν
459 644 556 672 ἐαυτοῦ
576 646 645 681 πρὸς
663 646 745 674 αὐτὸν
765 647 873 684 Ἰσραὴλ
893 648 938 675 τὸν

144 688 218 715 κατά
235 689 375 725 προκοπὴν
396 689 525 726 λεχθέντα
554 691 669 719 ἐνταῦθα
698 693 900 730 ὑπομιμνήσκει
924 695 938 721 ὁ

143 734 224 768 Θεὸς,
236 735 318 762 παῖδα
332 736 414 763 αὑτὸν
428 737 583 770 ἀποκαλῶν,
596 739 646 765 οὐκ
661 739 690 772 ἐξ
705 739 777 775 ὠνῆς
790 739 935 775 κτηθέντα,

144 781 200 807 οὐδ’
220 781 360 818 ἀλλότριον
373 783 594 819 περιποιηθέντα,
612 785 668 812 ἀλλ’
687 785 724 818 ὡς
747 786 804 813 υίδν
819 786 871 813 ὑπὸ
884 795 936 813 πα-

143 827 210 862 τρὸς
236 829 454 864 προσληφθέντα,
477 829 507 856 ὃν
529 831 576 858 καὶ
596 830 693 858 Ἰακὼϐ
715 831 808 864 καλεῖ,
832 831 936 859 ἐκείνου

144 874 211 901 ὄντα
235 874 355 910 διάδοχον
370 895 378 908 ,
407 876 454 902 καὶ
482 877 511 903 ἐν
528 877 566 912 τῷ
581 877 674 913 κλήρῳ
701 877 755 905 τῶν
775 879 878 906 ἐκείνου
891 888 937 906 τε-

143 919 254 947 λοῦντα.

182 976 238 1012 Τὴν
253 976 330 1013 παρά
345 976 392 1003 τοῦ
407 977 474 1004 Θεοῦ
490 977 576 1014 ῥοπὴν
597 978 690 1011 αὐτοῖς
709 979 866 1015 γινομένην,
891 980 938 1006 καὶ

144 1021 196 1058 τὴν
209 1023 283 1050 κατά
295 1023 348 1050 τῶν
372 1023 477 1060 ἐχθρῶν
500 1025 606 1060 ἄμυναν
634 1025 815 1055 ἐκδιδάσκων.
839 1026 939 1058 αὐτοὺς

144 1067 259 1105 θαρρεῖν
276 1069 510 1105 παρακελεύεταμ
533 1070 604 1105 Ἐγὼ
626 1072 693 1107 γὰρ,
721 1071 813 1107 φησὶν,
837 1071 938 1107 ἐθέμην

145 1124 180 1142 σε
193 1115 281 1148 οὕτως
298 1117 402 1151 ἰσχύειν
419 1117 491 1144 κατὰ
513 1117 568 1144 τῶν
583 1118 704 1154 ἐχθρῶν,
719 1118 757 1149 ὡς
779 1118 812 1145 ἂν
826 1119 939 1154 τροχοὺς

144 1162 275 1198 σιδηροῦς
298 1160 516 1199 πριστηροειδεῖς
539 1164 708 1200 καταλάϐῃς,
725 1164 774 1191 καὶ
794 1164 884 1190 πάντα
906 1165 940 1190 τὰ

143 1207 211 1244 ἔθνη
228 1217 266 1235 σοι
292 1209 471 1245 ὑποϐεϐηκὼς
486 1211 526 1241 εἰς
547 1210 577 1236 τὺ
594 1210 786 1245 καταπατῆσαι
801 1210 886 1236 αὑτά·
907 1210 939 1237 τὰ

143 1254 235 1281 τοίνυν
247 1255 380 1291 αίρόμενα
401 1256 569 1291 φρυάγματα
585 1256 624 1288 ὡς
641 1256 692 1292 ὅρη
708 1257 756 1283 καὶ¹
774 1256 837 1288 τοὺς
854 1255 940 1291 ὑψαύ-

143 1310 229 1337 χενας
241 1302 389 1338 λογισμοὺς
405 1302 511 1337 βουνοῖς
527 1302 787 1338 παραϐαλλομένους
802 1302 873 1330 οὕτω
885 1312 939 1329 πα-

143 1348 239 1382 τήσεις
257 1348 303 1374 καὶ
319 1349 359 1380 είς
374 1348 450 1375 οὐδὲν
468 1348 619 1381 ἀποδείξεις
630 1369 636 1380 ,
653 1349 692 1381 ὡς
709 1349 783 1376 κόνει
799 1349 940 1384 παραϐάλ-

144 1394 256 1421 λεσθαι·
277 1394 291 1420 ὃ
307 1395 340 1430 δὴ
357 1395 403 1421 καὶ
423 1395 535 1430 γέγονεν
560 1396 606 1422 ἐπὶ
619 1395 666 1423 τοῦ
696 1397 854 1432 Ἀσσυρίων
874 1397 941 1433 μηδὲ

144 1440 201 1475 γὰρ
216 1441 421 1477 πολεμήσαντος
436 1441 483 1468 τοῦ
499 1440 617 1478 Ἰσραὴλ,
636 1443 703 1479 μηδὲ
718 1443 939 1480 ἀντιπαραταξα-

147 1487 239 1524 μένου,
253 1487 363 1520 τούτου,
381 1487 460 1525 ὤφθη
481 1488 511 1516 τὸ
537 1488 628 1515 πεδίον
648 1489 753 1525 νεκρῶν
774 1490 937 1527 πλεπληρω-
952 1502 973 1531 c

147 1534 240 1570 μένον,
264 1534 384 1570 Χριστοῦ
409 1534 482 1571 χειρὶ
507 1535 628 1571 κρυφαία
658 1536 755 1563 ἑκατὸν
774 1536 939 1572 ὀγδοήκοντα

147 1580 229 1607 πέντε
246 1580 365 1616 χιλιάδας
384 1580 526 1613 ἀνελόντος
537 1589 543 1596 ·
560 1581 597 1613 ὠς
610 1581 656 1608 τὸν
679 1581 788 1618 Ἰσραὴλ
806 1582 886 1617 μόνον
900 1583 940 1615 είς

147 1627 212 1654 θέαν
238 1627 352 1663 ἐκϐῆναι
368 1627 415 1654 τοῦ
432 1627 503 1654 οὕτω
524 1627 643 1663 μεγάλου
670 1628 842 1664 παραδόξου,
861 1630 941 1656 ἐπευ-

148 1673 327 1710 φραινόμενον
341 1674 386 1700 ἐπὶ
399 1675 432 1710 τῇ
449 1673 520 1700 οὕτω
536 1674 611 1709 παρά
625 1674 671 1701 τοῦ
690 1674 758 1701 Θεοῦ
773 1675 924 1711 ἀντιλήψει.

183 1742 224 1769 Τὰ
237 1743 452 1779 καταληψόμενα
467 1745 564 1776 αὐτοὺς
578 1745 640 1776 τοὺς
654 1745 767 1782 ἐχθροὺς
781 1746 869 1773 αὐτῶν
884 1746 941 1774 δια-

148 1789 257 1824 γορεύει
274 1791 289 1816 ὁ
304 1790 392 1824 λόγος.

184 1845 239 1881 Τὴν
254 1845 299 1872 τοῦ
317 1846 460 1882 ’Λσσυρίου
479 1847 527 1873 καὶ
542 1847 592 1883 τὴν
603 1847 658 1875 τῶν
676 1848 832 1883 Αἰγυπτίων
847 1848 940 1883 ἔφοδον

147 1891 246 1927 γνώμῃ
273 1892 356 1918 αὐτοῦ
382 1892 549 1928 γεγενῆσθαι
577 1894 758 1930 ὑπαγορεύει·
780 1895 848 1922 Οὐδὲ
868 1895 939 1930 γὰρ,

148 1937 242 1973 φησὶν,
262 1935 334 1965 οῦτοι
359 1937 487 1973 εἰσῄεσαν
501 1938 546 1972 ἂν,
561 1941 585 1966 εί
603 1941 640 1976 μή
669 1949 701 1975 γε
716 1941 797 1973 αὐτὸς
820 1941 940 1968 ἀνεδίδου

147 1984 242 2015 αὐτοῖς
250 1984 320 2011 κατά
338 1984 530 2020 συγχώρησιν·
557 1986 595 2018 ὡς
611 1987 673 2022 ἐμοὶ
692 1987 782 2014 τοίνυν
804 1987 942 2014 διακονού-

149 2037 237 2064 μενοι,
252 2029 373 2064 ἰσχύουσι
386 2029 445 2056 καθ¹
460 2030 536 2065 ὑμῶν
552 2031 590 2062 ὼς
609 2033 680 2059 κατὰ
700 2032 786 2068 πηλοῦ
802 2032 831 2059 ὃν
846 2035 941 2060 πατεῖν

149 2074 323 2110 μελλήσουσι.
341 2077 475 2112 Παρὲστω
489 2077 579 2104 τοίνυν
597 2079 645 2105 καὶ
660 2078 715 2105 τῶν
735 2078 820 2106 ἐθνῶν
831 2088 873 2112 τις
888 2081 941 2116 πρὸ

147 2120 257 2148 αίὼνων
271 2121 340 2148 ὅλων
349 2122 383 2149 τὰ
393 2123 524 2158 μέλλοντα
539 2122 650 2150 ἔσεσθαι
665 2124 815 2160 προλέξων·
829 2126 877 2152 καὶ
888 2126 942 2153 δει-

993 208 1080 236 manis
1096 208 1222 243 negotiis,
1241 209 1393 243 pra‘sertim
1409 216 1475 236 vero
1495 208 1685 243 corporalibus
1697 208 1775 243 cupi-

992 254 1138 287 ditatibus,
1152 262 1213 289 quae
1228 257 1254 282 et
1276 254 1355 282 salsae
1370 257 1445 287 sunt,
1461 254 1609 289 agitantur.
1624 269 1658 274 -—-
1675 253 1775 280 Eadem

992 301 1100 328 ratione
1116 300 1244 328 hortatur
1260 307 1311 328 nos
1324 299 1481 335 Apostolus,
1498 303 1527 326 ut
1549 303 1668 327 veterem
1685 298 1775 326 homi-

991 354 1053 374 nem
1073 347 1262 382 exspoliantes
1276 353 1376 374 novum
1392 346 1538 374 induamus
1550 347 1581 374 “.

961 395 1121 423 ἐνδύσασθαι
1149 395 1194 422 τὸν
1225 395 1303 428 νέον,
1337 395 1384 421 καὶ
1418 396 1432 421 ὁ
1466 395 1624 427 ’Δπόστολος
1655 402 1775 421 παοακε-

1025 501 1109 530 Vsus.
1127 501 1154 529 2.
1177 501 1215 529 De
1229 501 1301 536 Cyro
1333 497 1540 536 agitur,‘quem
1557 502 1619 536 jure
1634 499 1662 529 in
1689 499 1776 539 Baby-

991 547 1079 574 lonem
1095 547 1248 574 suscitavit.
1258 562 1293 566 —
1304 546 1404 574 Multos
1421 547 1507 581 ipsius
1522 547 1634 581 imperio
1648 548 1774 583 subjecit,

991 597 1020 620 ut
1031 594 1129 621 merito
1140 593 1305 629 Babylonem
1322 597 1468 622 everteret.

1027 650 1108 679 Vens.
1124 650 1151 677 8.
1174 650 1294 679 Allectus
1321 659 1387 678 suos
1413 651 1441 678 in
1472 651 1554 678 Israel
1573 656 1705 678 memorat
1731 652 1776 680 hic

990 698 1072 730 Deus,
1085 697 1138 724 hoc
1152 701 1194 725 est
1210 697 1237 724 in
1259 697 1334 731 ipsos
1352 697 1501 724 lsraelitas.
1519 696 1636 724 Puerum
1654 705 1715 724 eum
1729 706 1777 724 vo-

990 747 1050 776 cat,
1066 750 1121 771 non
1138 743 1250 778 pecunia
1268 747 1402 778 emptum,
1427 751 1481 770 non
1503 743 1538 770 ab
1559 744 1649 771 alieno
1674 744 1702 771 in
1728 751 1776 771 sua

990 794 1139 825 receptum,
1154 789 1201 817 sed
1214 793 1244 817 ut
1259 788 1358 816 Filium
1376 797 1390 816 a
1409 789 1490 816 Patre
1507 793 1680 824 susceptum;
1696 798 1777 825 quem

989 841 1015 863 et
1027 835 1111 863 Jacob
1126 835 1192 864 dicit
1203 836 1224 851 ’³
1263 836 1323 863 'uod
1334 836 1379 863 hic
1391 835 1481 862 Patris
1496 835 1595 869 luci-es,
1608 835 1702 863 eadem
1718 844 1778 864 sor—

989 882 1064 910 titus.

1027 982 1110 1011 Vsas.
1123 983 1165 1010 15.
1176 983 1245 1010 Cum
1260 990 1307 1012 eos
1319 990 1333 1009 τι
1348 983 1403 1011 Deo
1417 982 1527 1018 adjutos
1538 982 1628 1013 docet,
1644 985 1671 1008 et
1683 985 1778 1008 contra

989 1030 1108 1057 hostium
1124 1030 1252 1058 incursus
1267 1030 1405 1062 defensos,
1423 1029 1550 1057 ﬁduciam
1569 1029 1637 1063 ipsis
1653 1033 1777 1055 renovat.

990 1077 1055 1112 Ego,
1068 1077 1169 1111 inquit,
1183 1080 1289 1103 tantum
1306 1076 1355 1104 tibi
1370 1076 1397 1103 in
1415 1076 1508 1104 hostes
1524 1075 1609 1102 robur
1620 1075 1733 1106 contuli,
1750 1077 1779 1101 ut

990 1127 1064 1148 rotas
1092 1121 1194 1148 ferreas
1215 1121 1242 1148 in
1272 1128 1411 1148 serrarum
1438 1120 1548 1148 modum
1575 1119 1715 1154 accepisse
1741 1120 1779 1147 sis

990 1167 1075 1197 visus,
1092 1169 1119 1193 et
1145 1169 1241 1201 gentes
1256 1174 1352 1194 omnes
1369 1166 1417 1192 tibi
1444 1165 1647 1193 conculcandas
1667 1165 1778 1192 tradidi.

989 1211 1166 1240 lnsolentiam
1181 1212 1254 1239 velut
1267 1215 1373 1238 montes
1385 1215 1597 1246 consurgentem
1612 1214 1639 1237 et
1647 1210 1780 1245 superbas

990 1261 1095 1285 mentes
1121 1257 1193 1284 sicut
1213 1257 1298 1284 colles
1326 1256 1431 1287 elatas,
1457 1256 1496 1283 ita
1517 1255 1677 1288 triturabis,
1702 1259 1728 1282 et
1751 1255 1779 1281 in

991 1304 1105 1331 nihilum
1138 1303 1256 1339 rediges,
1277 1308 1306 1330 ut
1336 1310 1398 1330 cum
1429 1302 1540 1337 pulvere
1567 1306 1780 1337 componantur.

990 1350 1067 1384 Quod
1094 1350 1204 1385 quidem
1221 1350 1249 1377 in
1275 1348 1405 1385 Assyrios
1432 1349 1534 1376 factum
1557 1352 1618 1376 est:
1644 1355 1707 1375 nam
1731 1355 1781 1374 nec

990 1401 1130 1432 pugnante
1143 1396 1240 1428 Israel,
1266 1403 1317 1424 nec
1336 1396 1422 1423 aciem
1438 1395 1596 1427 ordinante,
1614 1394 1706 1421 videre
1722 1397 1781 1420 erat

991 1450 1119 1478 campum
1146 1441 1202 1469 late
1226 1441 1389 1477 corporibus
1417 1444 1605 1471 constratum.
1630 1447 1692 1467 cum
1722 1439 1782 1473 ipse

989 1488 1117 1516 Christus
1137 1495 1220 1515 manu
1245 1495 1294 1516 sua
1315 1491 1426 1514 centum
1453 1491 1480 1514 et
1498 1485 1639 1521 octoginta
1659 1484 1781 1520 quinque

991 1535 1075 1562 millia
1090 1534 1297 1570 prostravisset,
1314 1534 1351 1560 ita
1368 1537 1396 1560 ut
1412 1533 1478 1560 nihil
1505 1532 1578 1559 aliud
1594 1531 1781 1559 lsraelitarum

991 1581 1083 1613 fuerit,
1107 1584 1206 1616 praeter
1229 1579 1263 1607 ad
1287 1578 1530 1614 contemplandum
1558 1581 1664 1605 tantum
1688 1576 1782 1612 prodi-

991 1627 1065 1662 gium
1080 1626 1182 1661 egredi,
1204 1629 1230 1653 et
1242 1625 1276 1652 de
1293 1628 1370 1652 tanto
1385 1624 1433 1651 Dei
1450 1623 1542 1651 studio
1559 1622 1708 1650 exsultare.

1029 1745 1109 1773 Vens.
1132 1745 1175 1772 l7.
1193 1743 1369 1772 Calamitates
1391 1742 1518 1771 hostibus
1545 1742 1719 1770 imminentes
1735 1742 1782 1774 de:

991 1792 1101 1820 nuntiat
1116 1791 1258 1827 propheta.

1028 1848 1111 1876 Vens.
1134 1847 1180 1875 26.
1202 1847 1378 1883 Assyriorum
1394 1850 1420 1874 et
1436 1845 1637 1881 ,tEgyptiorum
1653 1845 1783 1874 incursus

992 1894 1047 1921 Deo
1066 1893 1181 1928 jubente
1196 1893 1285 1920 factos
1308 1892 1394 1920 fuisse
1409 1891 1541 1920 declarat.
1566 1890 1626 1918 Non
1652 1890 1781 1924 fuissem,

992 1940 1039 1972 ait,
1057 1939 1128 1967 hanc
1145 1943 1248 1967 terram
1274 1938 1404 1974 ingressi,
1420 1938 1474 1978 nisi
1490 1938 1542 1965 hoc
1567 1938 1624 1972 ipse
1638 1937 1784 1965 concedis-

992 1994 1059 2013 sem.
1075 1985 1168 2013 Donec
1185 1985 1268 2021 igitur
1284 1984 1559 2018 mihi-inservierint,
1581 1983 1722 2011 valebunt.
1733 1984 1784 2012 ad-

993 2039 1090 2059 versus
1106 2039 1156 2059 vos
1172 2036 1203 2059 ut
1222 2032 1250 2058 in
1277 2031 1363 2058 lutum
1392 2031 1465 2066 quod
1487 2030 1679 2058 conculcaturi
1692 2052 1694 2056 ,
1709 2038 1782 2058 sum.

991 2078 1126 2106 Procedat
1142 2077 1204 2105 ideo
1221 2078 1263 2104 vel
1278 2085 1311 2105 ex
1329 2078 1458 2113 gentibus
1469 2078 1515 2113 qui
1535 2077 1627 2104 futura
1648 2081 1711 2106 ante
1725 2085 1786 2104 om-

992 2124 1036 2151 nia
1061 2123 1160 2151 sazcula
1183 2124 1321 2158 praedicet.
1344 2123 1470 2151 Ostendit
1489 2131 1536 2151 eos
1557 2131 1618 2150 esse
1642 2123 1780 2151 daemones

149 2166 278 2200 ξάτω,ὼς
293 2166 383 2196 οἷοίτε
393 2170 502 2197 ἔσονται
519 2170 740 2206 προαπαγγεῖλαι
751 2170 846 2208 ὥσπερ
860 2172 937 2204 ἰδίους

996 2170 1042 2205 qui
1067 2174 1182 2198 ventura
1206 2170 1387 2205 praedicerent
1415 2170 1493 2205 quasi
1519 2169 1636 2199 fuissent
1657 2170 1692 2197 ab
1716 2170 1783 2204 ipsis

147 2213 228 2249 ὅρους
252 2215 292 2246 εἰς
313 2214 392 2251 ἔργον
416 2216 563 2252 μέλλοντας
583 2217 791 2252 προχωρήσειν·
813 2218 860 2244 καὶ
885 2218 940 2254 γάρ

147 2260 173 2286 οἱ
190 2259 327 2296 δαίμονες,
344 2261 397 2288 κᾶν
414 2262 569 2298 προλέγωσί
592 2271 669 2295 τινα,
686 2263 736 2289 οὐκ
761 2264 850 2290 αὐτῶν
871 2263 940 2300 ἔργα

148 2306 334 2341 προλέξουσιν,
351 2307 408 2334 ἀλλ’
426 2308 571 2345 ἀλλοτρίας
594 2309 709 2345 πράξεις
725 2309 890 2345 μηνύουσιν·
908 2311 939 2338 οὐ

147 2352 237 2379 τοίνυν
246 2350 318 2380 οὗτοι
326 2354 526 2389 ἀπαγγέλλουσί
534 2364 559 2382 τι
571 2355 646 2387 ἴδιον,
655 2355 714 2381 οὐδὲ
722 2355 826 2387 ἕξουσιν
837 2357 938 2391 ἀκροα-

148 2399 198 2431 τὰς
211 2400 274 2432 τοὺς
290 2400 478 2436 διακρίνοντας
491 2402 521 2428 τὸ
536 2401 633 2436 ψεῦδος
647 2401 701 2428 ἀπὸ
717 2402 763 2429 τοῦ
778 2402 906 2438 ἀληθοῦς.

184 2466 244 2493 Τῶν
266 2467 318 2494 ὑπὸ
334 2468 381 2494 τοῦ
404 2468 472 2494 Θεοῦ
492 2467 522 2500 ἐξ
547 2469 635 2504 ἀρχῆς
663 2468 890 2504 παρασχεθέντων
908 2470 940 2504 τῇ

155 2512 332 2548 Ἰερουσαλὴμ
347 2513 384 2545 ὼς
399 2513 506 2549 ἀνῆπτο
520 2515 602 2541 παντὶ
617 2514 656 2548 τῷ
671 2514 765 2550 κόσμῳ
776 2514 942 2548 θεογνωσίας

149 2559 279 2595 λαμτπήρ
290 2567 296 2574 '
311 2559 358 2586 καὶ
376 2559 413 2591 ὡς
431 2560 522 2586 ἐκεῖσε
539 2561 555 2595 ὴ
579 2560 626 2586 τοῦ
647 2560 714 2586 Θεοῦ
738 2560 818 2596 χάρις
834 2560 942 2595 μυρίοις

151 2603 303 2640 συνθήμασι
321 2606 588 2642 κατακεκοσμημένη
604 2607 808 2642 ὑπομιμνήσκει
825 2607 938 2638 αὐτούς·

149 2650 210 2677 ὅθεν
234 2653 281 2678 καὶ
300 2652 338 2683 ὡς
363 2651 444 2678 πάλιν
459 2652 528 2688 μετά
549 2652 598 2688 τὴν
621 2654 653 2679 ἐκ
675 2653 723 2688 τῆς
751 2652 941 2688 αἰχμαλωσίας

151 2696 279 2723 ἐπάνοδον
293 2698 346 2724 τῶν
364 2698 454 2724 αὐτῶν
474 2698 597 2731 ἠξιοῦτο·
614 2699 642 2724 οὐ
670 2698 722 2733 μὴν
739 2698 807 2724 ἀλλὰ
829 2698 874 2724 καὶ
894 2699 940 2724 ἐπὶ

193 2794 328 2824 “Coloss.
354 2804 394 2828 In,
412 2797 439 2829 9,
458 2798 499 2824 l0.
542 2797 641 2824 "Gen.
660 2805 703 2827 xv,
720 2797 743 2825 4,

994 2216 1126 2248 deﬁnita;
1151 2223 1212 2242 nam
1235 2215 1277 2242 vel
1299 2216 1321 2243 si
1345 2215 1415 2243 forte
1437 2215 1501 2250 quid
1527 2215 1781 2250 praenuntiaverint,

994 2270 1048 2289 non
1067 2269 1116 2289 sua
1133 2269 1228 2296 opera,
1246 2261 1294 2289 sed
1310 2261 1399 2288 aliena
1419 2260 1547 2290 referent.
1570 2260 1629 2288 Non
1644 2265 1686 2288 est
1704 2261 1786 2296 igitur

993 2309 1066 2344 quod
1083 2316 1163 2336 suum
1187 2307 1290 2343 aliquid
1312 2307 1492 2339 annuntient,
1509 2315 1559 2334 nec
1587 2307 1689 2334 habent
1706 2307 1786 2334 audi—

994 2360 1068 2384 tores
1083 2356 1130 2391 qui
1147 2354 1216 2384 l‘alsa
1227 2363 1242 2382 e
1257 2355 1329 2382 veris
1347 2357 1461 2389 possent
1476 2353 1658 2389 distinguere.

1030 2465 1113 2493 Vens.
1127 2466 1172 2493 27.
1190 2466 1256 2499 Quae
1272 2465 1329 2500 ipse
1350 2463 1424 2492 Deus
1441 2472 1456 2490 a
1478 2463 1614 2499 principio
1633 2463 1786 2491 Jerusalem

994 2513 1200 2547 praeparaverit,
1215 2516 1245 2539 u'.
1261 2513 1365 2547 lampas
1379 2518 1449 2538 verae
1464 2510 1526 2537 ﬁdei
1544 2514 1630 2537 totum
1650 2513 1787 2537 terrarum

995 2558 1090 2584 orbem
1114 2557 1266 2590 illuminet,
1287 2562 1353 2593 quot
1369 2561 1397 2584 et
1413 2557 1524 2592 quantis
1547 2563 1595 2584 eos
1611 2557 1788 2583 exornaverit

997 2603 1151 2637 beneﬁciis,
1170 2608 1323 2637 meruerat;
1342 2611 1393 2631 nec
1416 2603 1521 2630 minora
1535 2610 1563 2630 se
1578 2602 1613 2629 de
1630 2602 1787 2637 captivitate

995 2649 1144 2678 reducibus
1167 2650 1329 2685 largiturum
1356 2649 1511 2677 denuntiat.
1534 2648 1690 2683 Praprimis
1722 2655 1788 2675 vero

995 2696 1120 2731 praedicit
1140 2697 1264 2731 insuper,
1280 2696 1432 2723 Salvutoris
1453 2696 1567 2731 gratiam
1585 2695 1611 2721 in
1630 2693 1695 2721 Sion
1713 2694 1788 2729 prin.
