1919 3075
190 125 258 155 m3

732 128 906 156 'l'llEODORl
929 125 1188 155 llERACLEENSlS

1751 123 1823 150 1536

188 184 261 219 cipio
285 191 440 213 venturam.
465 191 493 214 et
527 188 565 214 ita
597 194 693 216 omnes
719 189 783 217 dein
815 190 960 217 invasurar

1027 186 1132 218 τούτοις
1156 184 1338 221 προαγορεύει
1359 183 1409 219 τὴν
1425 183 1472 210 τοῦ
1493 183 1616 219 Σωτῆρος
1631 182 1710 219 ήμῶν
1726 182 1822 218 ἐπιδη-

187 235 292 264 gentes.

223 331 287 358 Car.
306 331 391 364 XLII,
408 332 492 360 Vens.
515 333 558 360 10.
577 333 637 367 Quo
660 334 733 361 enim
757 336 838 363 modo
857 339 884 364 et
900 344 974 364 nunc

186 376 339 411 propheta,
366 377 412 405 ubi
434 378 468 405 de
488 377 631 407 Salvatore
658 385 756 407 nostro
777 381 913 416 audierit,
939 382 973 409 ad

186 421 314 449 ditandos
324 430 375 450 nos
391 428 418 451 et
432 424 466 451 ad
486 424 633 453 salvandas
649 426 756 454 animas
783 434 893 456 nostras
910 437 973 456 ven-

185 469 259 499 turo,
278 470 352 494 tanta
367 467 415 495 Dei
434 469 622 497 misericordia
636 471 727 498 animo
741 473 894 506 exsultans,
913 474 972 501 lau-

185 511 234 539 des
258 511 304 539 Dei
323 517 351 540 et
374 513 490 548 gloriam
517 515 708 545 celebraturus
731 519 874 555 exsurgit;
891 520 928 547 ita
945 524 972 548 et

183 557 253 586 alios
269 562 410 586 cantatum
425 565 565 595 provocat.
577 561 638 589 Non
651 563 770 598 primum
787 573 862 593 nunc
876 571 972 602 regnat

182 609 341 639 perspectus
356 606 435 634 nobis
452 610 478 634 et
492 608 600 642 agnitus
614 608 696 642 Deus,
707 610 754 638 sed
764 611 882 646 primum
898 620 971 640 nunc

182 650 338 678 extenditur
366 652 393 679 in
413 656 549 681 extremas
575 655 698 682 omnium
725 662 861 684 terrarum
877 664 970 693 partes

182 696 295 731 antiqua
314 697 373 732 ejus
388 703 510 734 potestas
520 719 528 732 ,
542 701 702 730 caelestibus
719 709 842 739 accepta,
854 709 881 732 et
897 706 968 740 apud

181 742 257 776 ipsos
290 743 371 771 etiam
408 745 484 779 prius
520 746 576 780 jam
596 748 743 777 celebrata.
775 750 968 785 Apostolorum

180 788 304 817 ordinem
316 789 460 826 designant
475 791 600 821 homines
620 793 670 827 illi,
685 795 761 823 circa
779 798 967 832 navigatorum

180 842 281 863 munus
297 842 437 866 versantes
462 846 477 865 a
499 840 600 874 quibus
617 841 736 876 primum
762 842 820 870 haec
843 843 967 871 doctrina

180 882 337 910 conﬁtenda
351 888 420 912 erat.

214 983 295 1012 Vitas.
308 985 351 1012 ll.
367 985 419 1014 Per
433 987 509 1015 locos
524 988 694 1017 habitatores
704 990 825 1018 locorum
837 991 963 1023 intendit,

177 1030 223 1063 qui
238 1030 319 1064 primi
337 1031 507 1061 Salvatorem
525 1039 651 1062 nostrum
670 1034 816 1063 Dominum
838 1041 963 1065 nostrum

175 1074 268 1103 Jesum
288 1077 429 1106 Christum
444 1081 586 1115 excepturi
603 1087 682 1110 erant
694 1086 722 1110 et
742 1083 817 1110 cultu
835 1090 964 1118 prosecu-

175 1122 240 1149 turi.
269 1122 337 1150 Dum
354 1124 388 1152 de
400 1125 509 1154 deserto
525 1127 655 1162 loquitur,
679 1129 713 1156 ad
733 1129 839 1157 animas
856 1130 961 1163 alludit,

175 1167 294 1196 miseriis
306 1168 344 1203 let
370 1171 493 1205 penuriis
522 1179 687 1207 oppressas,
711 1181 775 1202 vera
800 1173 846 1202 Dei
875 1175 963 1203 scien—

174 1212 212 1239 tia
237 1213 394 1242 destitutas.
416 1215 513 1244 Merito
537 1218 618 1245 etiam
641 1218 730 1246 Cedar
751 1225 894 1254 memorat,
909 1221 962 1250 hoc

174 1265 225 1286 nos
245 1258 347 1288 docens
367 1261 492 1294 animas,
513 1270 573 1298 qua:
588 1264 665 1298 prius
691 1269 786 1292 contra
809 1266 961 1295 venientem

173 1304 344 1334 Salvatorem
365 1308 505 1336 reluctaue
534 1309 653 1341 fuerint.
676 1316 770 1346 postea
793 1311 828 1339 ad
851 1313 960 1341 saniora

172 1355 330 1384 revocatas,
346 1360 407 1380 cum
434 1355 609 1383 veneratione
623 1363 685 1384 eum
704 1361 866 1392 excepturas
883 1367 955 1387 esse.

171 1395 238 1423 Nam
265 1399 406 1432 spectabat
427 1400 514 1427 Cedar
540 1402 573 1428 ad
597 1409 684 1437 genus
701 1402 789 1435 Esau,
808 1402 960 1433 Jerusalem

176 1442 285 1475 hostile,
302 1444 443 1480 ipsiusque
455 1446 561 1481 legibus
576 1456 662 1483 usque
678 1449 825 1477 infensum.

1029 233 1094 267 μίαν
1108 231 1213 258 ἐκεῖθεν
1234 230 1411 266 ἀρξαμένην,
1429 229 1477 256 καὶ
1497 228 1583 260 οὕτως
1598 229 1644 255 ἐπὶ
1673 228 1766 255 πάντα
1787 229 1821 255 τὰ.

1026 278 1090 314 ἔθνη
1105 278 1154 314 τῆς
1168 277 1265 304 ἑαυτοῦ
1282 277 1393 311 χάριτος
1406 275 1549 311 διαδάσης.

1061 334 1167 370 ’Ὠσπερ
1189 332 1235 361 οὖν
1264 333 1310 360 καὶ
1332 333 1380 359 νῦν
1408 332 1550 368 προφήτης
1583 332 1748 360 καταλαϐὼν
1770 341 1819 368 τήν

1027 380 1184 417 σωτηριώδη
1203 379 1354 415 παρουσίαν
1369 377 1416 405 τοῦ
1430 378 1556 414 Σωτῆρος
1568 378 1645 413 ἡμῶν
1661 379 1708 405 ἐπὶ
1727 379 1820 414 κέρδει

1024 427 1150 463 ἡμετέρῳ
1169 425 1364 461 γενησομένην,
1387 424 1434 450 καὶ
1455 423 1503 450 ἐπὶ
1530 423 1652 459 σωτηρίᾳ
1666 423 1722 451 τῶν
1746 426 1819 460 ἡμε-

1023 473 1111 509 τέρων
1125 472 1239 508 ψυχῶν,
1268 470 1458 506 ἀγαλλιασθεὶς
1479 469 1528 505 τὴν
1542 469 1630 504 ψυχὴν
1649 470 1697 496 ἐπὶ
1719 471 1753 505 τῇ
1775 479 1819 496 το-

1025 520 1110 555 σαύτῃ
1127 518 1174 545 τοῦ
1191 517 1259 545 Θεοῦ
1274 516 1475 552 φιλανθρωπίᾳ,
1487 516 1640 552 ἀπάρχεται
1653 515 1707 542 τῶν
1724 515 1817 551 ὕμνων

1023 565 1130 600 καὶτῆς
1142 564 1295 599 δοξολογίας
1304 572 1310 578 ·
1325 564 1356 590 τὸ
1370 563 1392 590 δ’
1402 562 1468 589 αὐτὸ
1482 562 1530 589 καὶ
1543 561 1639 594 ἄλλους
1653 562 1741 588 ποιεῖν
1754 571 1818 597 προ-

1021 611 1168 646 τρέπεται·
1184 610 1245 636 οὐδὲ
1266 609 1320 645 γὰρ
1334 610 1348 635 ὁ
1371 607 1558 644 φανησόμενος
1583 608 1631 634 καὶ
1651 607 1816 643 γνωρισθεὶς

1021 659 1087 692 ἡμῖν
1104 657 1180 689 Θεὸς,
1199 655 1246 682 νῦν
1272 655 1319 681 τοῦ
1340 654 1434 690 ἄρχειν
1447 652 1558 689 ήρξατο,
1587 653 1655 680 ἀλλὰ
1678 652 1817 688 προούσης

1021 703 1103 730 αὑτοῦ
1127 703 1177 738 τῆς
1199 702 1371 738 κυριότητος,
1398 700 1446 727 καὶ
1459 701 1489 727 ἐν
1508 699 1548 735 τῷ
1563 699 1619 726 ἀνω
1644 698 1814 734 κρατούσης,

1020 751 1066 777 καὶ
1091 750 1155 786 παρ’
1172 749 1287 780 ἐκείνοις
1309 747 1509 783 δοξαζομένης,
1533 746 1574 778 εἰς
1596 745 1632 772 τά
1653 745 1816 779 ἅπανταχοῦ

1019 797 1071 831 γῆς
1096 796 1203 831 πέρατα
1233 794 1456 831 φανερωθήσεται
1482 792 1606 829 πρῶτον·
1634 792 1740 827 ταύτης
1767 792 1816 826 τῆς

1020 843 1147 875 γνώσεως
1163 839 1363 876 ἀπαρχομένων
1380 839 1433 866 τῶν
1453 838 1574 865 παλαιῶν
1598 837 1714 864 ἐκείνων
1734 837 1815 872 ἔργον

1020 888 1135 924 ἐχόντων
1144 887 1193 923 τὴν
1210 886 1344 914 θάλατταν
1358 885 1460 918 πλέειν,
1472 883 1599 920 ἐδηλοῦτο
1609 883 1639 910 τὸ
1649 883 1746 918 τάγμα
1761 883 1815 910 τῶν

1020 935 1187 962 ἀποστόλων,

1060 993 1107 1018 Ἐκ
1121 991 1176 1018 τῶν
1190 991 1281 1017 τόπων
1297 991 1360 1022 τοὺς
1375 990 1521 1024 οἰκήτορας
1538 987 1654 1014 ἐνταῦθα
1670 987 1812 1022 σημαίνει,

1017 1039 1042 1064 οἳ
1070 1038 1116 1064 καὶ
1136 1037 1240 1073 πρῶτοι
1255 1035 1371 1072 ήμελλον
1395 1033 1587 1069 ἐπιγινώσκειν
1610 1033 1656 1059 τὸν
1676 1032 1814 1068 ἡμέτερον

1017 1084 1132 1119 Σωτῆρα
1162 1083 1208 1110 τὸν
1233 1082 1335 1118 Κύριον
1362 1081 1440 1116 ἡμῶν
1462 1079 1566 1115 Ἰησοῦν
1595 1079 1641 1105 τὸν
1671 1078 1813 1113 Χριστὸν,

1016 1130 1063 1157 καὶ
1078 1128 1297 1166 προσκυνοῦντας
1319 1127 1450 1160 δοξάζειν.
1463 1126 1585 1162 Ἐρημον
1600 1125 1629 1151 δὲ
1656 1125 1705 1151 νῦν
1726 1124 1814 1158 λέγει,

1015 1176 1160 1212 ἀναφέρων
1174 1175 1220 1202 τὸν
1241 1174 1319 1208 λόγον
1337 1174 1377 1205 εἰς
1391 1173 1441 1204 τὰς
1453 1172 1553 1208 ψυχὰς,
1567 1172 1669 1202 αἵτινες
1691 1171 1814 1206 ἐρημίαν

1015 1221 1219 1256 ἐταλαιπώρουν
1233 1218 1398 1254 θεογνωσίας
1417 1217 1610 1253 ἐστερημέναι.
1637 1216 1813 1249 Ἀναγκαίως

1014 1269 1042 1295 δέ
1057 1268 1104 1295 καὶ
1124 1267 1173 1302 τῆς
1197 1265 1293 1302 Κηδάρ
1308 1262 1489 1300 μνημονεύει·
1510 1263 1553 1289 διὰ
1566 1262 1661 1289 τούτου
1673 1262 1812 1311 διδάσκων

1014 1314 1098 1349 ἡμᾶς,
1114 1311 1155 1338 ὅτι
1172 1311 1201 1337 αἱ
1216 1308 1427 1345 ἀπομαχόμεναι
1442 1307 1509 1343 πρὸς
1521 1307 1570 1343 τὴν
1592 1307 1749 1342 παρουσίαν
1763 1307 1810 1332 τοῦ

1014 1358 1139 1393 Σωτῆρος
1149 1357 1244 1392 ψυχαὶ,
1257 1356 1371 1391 ὕστερον
1395 1355 1588 1403 ἐπεγνωκυϊαι,
1606 1353 1812 1403 ὁμολογήσουσι

1012 1403 1044 1431 τὸ
1062 1403 1158 1435 σέϐας·
1183 1403 1231 1430 καὶ
1261 1402 1315 1438 γὰρ
1339 1402 1386 1428 καὶ
1411 1401 1428 1436 ή
1451 1399 1547 1436 Κηδάρ
1572 1399 1672 1435 χωρίον
1699 1397 1735 1434 ἦν
1763 1398 1810 1425 τοῦ

1012 1450 1107 1486 γένους
1138 1449 1184 1476 τοῦ
1214 1448 1317 1480 Ἠσαῦ,
1347 1448 1361 1474 ὃ
1394 1446 1506 1473 διετέλει
1532 1445 1746 1481 ἀπομαχόμενον
1776 1446 1808 1480 τῇ

1017 1496 1203 1532 Ἰερουσαλὴμ,
1215 1495 1262 1522 καὶ
1273 1493 1476 1529 ἐναντιούμενον
1490 1494 1546 1525 τοῖς
1555 1491 1658 1527 ταύτης
1668 1491 1807 1526 νομίμοις.

208 1540 290 1571 Vens.
318 1543 361 1570 l5.
383 1543 536 1572 Adventum
557 1546 710 1576 Salvatoris
725 1552 753 1575 et
774 1548 819 1576 hic
840 1550 957 1578 manife-

1047 1552 1103 1588 Τὴν
1121 1551 1169 1578 τοῦ
1189 1551 1316 1586 Σωτῆρος
1333 1549 1480 1584 ἐπιδημίαν
1497 1547 1543 1574 καὶ
1560 1547 1677 1574 ἐνταῦθα
1698 1546 1809 1582 τρανῶς

169 1587 240 1615 stius
256 1587 370 1621 indicat,
386 1590 433 1624 qui
455 1599 549 1626 pacem
567 1592 648 1621 nobis
665 1594 771 1628 all'eret,
789 1599 827 1628 et,
846 1596 881 1623 ad
897 1597 958 1624 vin-

169 1633 270 1661 dictam
296 1636 441 1672 semetipse
469 1645 662 1672 commovens,
692 1640 796 1668 inimici
834 1642 906 1671 vires
930 1648 958 1671 et

170 1680 326 1714 superbiam
346 1687 481 1711 conteret.
498 1683 566 1712 Nam
588 1685 694 1714 hostem
710 1692 737 1714 et
752 1687 892 1716 inimicum
909 1697 958 1717 no-

167 1731 253 1753 strum
271 1735 326 1754 non
347 1730 515 1764 aggreditur,
531 1733 611 1767 quasi
633 1732 732 1761 fuisset
749 1735 808 1762 zelo
823 1735 956 1769 allectus;

166 1779 270 1800 vacuus
284 1774 357 1801 enim
371 1776 405 1803 ab
417 1777 492 1803 omni
509 1777 630 1805 humano
645 1779 754 1811 all'ectu,
768 1784 862 1816 utpote
872 1781 956 1817 Deus,

170 1818 318 1852 semetipso
346 1820 380 1846 ad
403 1820 554 1849 vindictam
592 1825 794 1860 commovebit;
828 1827 903 1861 quod
929 1832 956 1856 et

165 1869 250 1890 carne
268 1871 408 1900 suscepta,
432 1866 509 1895 fecit.
526 1868 594 1896 Nam
610 1877 673 1897 eum
703 1871 880 1901 intremuisse
901 1875 956 1909 spi-

166 1909 221 1936 ritn
234 1910 256 1926 ¹⁸
270 1917 385 1939 narrant
398 1915 582 1949 evangelista,
605 1916 720 1944 liberum
735 1919 796 1953 ejus
811 1920 954 1948 arbitrium

165 1955 357 1991 declarantes;
374 1967 437 1986 nam
456 1961 590 1997 lacrymas
604 1962 709 1996 eﬂ'udit,
726 1969 753 1992 et
772 1973 873 2001 corpus
892 1967 955 1994 i'ati-

164 2006 256 2036 gatum
271 2004 291 2019 ¹⁷
309 2006 404 2038 sensit,
418 2007 532 2036 allectus
550 2008 619 2037 istos
632 2010 704 2037 haud
727 2011 829 2039 invitus
843 2020 954 2048 perpes.

164 2055 224 2081 sus,
243 2049 292 2076 scd
309 2051 398 2079 libens
412 2053 445 2080 iis
464 2061 566 2089 corpus
582 2064 661 2083 suum
678 2057 807 2092 subjecit.
824 2058 954 2088 Homines

163 2095 273 2129 quidem
299 2105 350 2124 nos
378 2098 514 2134 laerymas
541 2101 744 2136 profundimus,
769 2111 825 2131 non
844 2106 954 2140 quando

163 2141 350 2176 voluerimus;
376 2145 424 2171 sed
440 2146 505 2180 quia
521 2146 574 2173 illa:
590 2149 716 2183 corporei
733 2149 848 2179 aﬂ‘ectus
876 2156 951 2185 sunt,

163 2187 219 2214 illis
233 2189 274 2215 vel
290 2189 368 2216 inviti
382 2198 542 2226 movemur;
558 2193 592 2221 dc
606 2193 661 2222 Deo
677 2199 768 2223 autent
784 2204 840 2224 non
856 2198 950 2226 eadem

162 2233 269 2266 valent,
299 2235 423 2272 sedipse
449 2238 482 2264 ad
511 2243 607 2267 nutum
632 2245 733 2268 cuncta
752 2242 842 2277 gerit,
869 2247 896 2271 et
923 2244 950 2272 in
969 2231 992 2259 Β

161 2278 256 2307 hostes
273 2281 368 2309 eadem
390 2287 527 2318 potestate
542 2284 655 2320 gaudet.

195 2383 279 2412 Vens.
300 2386 343 2412 l7.
368 2385 538 2416 Confusione
567 2389 634 2416 dicit
662 2397 710 2417 eos
737 2390 955 2419 confundendos.

163 2438 213 2466 pro
230 2432 351 2466 peccatis
367 2433 475 2467 merito,
489 2439 517 2461 et
530 2435 599 2463 tales
614 2435 733 2470 futuros,
749 2436 840 2471 qualia
862 2437 949 2464 simu-

159 2484 234 2504 .acra
262 2485 369 2511 eorum,
404 2480 444 2506 uti
480 2481 613 2516 scriptum
637 2486 694 2509 est:
716 2492 726 2508 ‹
754 2482 863 2510 Similes
895 2483 950 2511 illis

160 2522 226 2548 ﬁant
243 2523 290 2557 qui
309 2523 413 2551 faciunt
428 2532 459 2552 ea
478 2526 509 2553 ’⁸.
529 2536 538 2552 ι
555 2526 633 2560 Quod
653 2528 675 2555 si
692 2528 886 2555 contumeliam
900 2528 951 2556 du-

159 2568 222 2595 citis
235 2559 340 2597 similes
354 2569 412 2598 ﬁeri
428 2571 510 2599 idolis
521 2573 634 2605 vestris,
645 2573 829 2600 recordemini
846 2574 948 2608 potius,

158 2619 261 2646 quanto
280 2616 440 2652 vosmetipsi
457 2617 610 2652 deprimitis
639 2626 689 2653 pro
709 2618 836 2653 jdominis
856 2626 904 2646 eos
921 2623 949 2646 et

158 2659 213 2688 diis
229 2660 374 2690 habentes.

196 2749 280 2778 Vens.
297 2751 339 2779 l8.
362 2752 466 2782 Sensus
483 2762 543 2786 cum
562 2754 699 2788 habeatis,
721 2757 870 2791 recogitate
889 2765 949 2792 qua:

195 2828 214 2842 ἐ
226 2827 304 2856 Juan.
320 2837 357 2861 xi,
375 2830 419 2858 55.

462 2832 481 2848 ¹⁷
494 2832 558 2860 ibid.
573 2833 621 2867 33;
637 2840 702 2861 Luc.
720 2841 777 2866 χιχ,
798 2833 838 2868 ll;
857 2833 935 2862 Joan.
951 2833 1022 2867 tv,6.

1011 1598 1187 1634 ὑπαγορεύει,
1209 1597 1238 1629 ὃς
1252 1597 1317 1632 ἡμῖν
1333 1596 1382 1631 μὲν
1405 1595 1516 1631 εἰρήνην
1533 1593 1660 1630 βραϐεύει
1671 1614 1678 1626 ,
1697 1593 1809 1620 καθελεῖ

1009 1644 1037 1671 δὲ
1057 1644 1146 1670 πᾶσαν
1170 1643 1284 1678 δύναμίν
1305 1651 1335 1669 τε
1365 1641 1412 1668 καὶ
1428 1640 1587 1673 ἀλαζονείαν
1611 1639 1659 1666 τοῦ
1683 1639 1807 1675 ἐχθροῦ,

1009 1690 1104 1717 ἑαυτὸν
1125 1690 1238 1726 κινήσας
1256 1689 1325 1725 πρὸς
1348 1687 1484 1715 ἐκδικίαν·
1503 1686 1565 1713 οὐδὲ
1588 1686 1643 1721 γὰρ
1662 1686 1701 1718 ὡς
1718 1686 1807 1718 πάθος

1009 1737 1153 1773 ὑπομένων
1181 1736 1362 1771 ζηλοτυπίας,
1390 1734 1510 1770 χωρήσει
1537 1733 1608 1759 κατὰ
1629 1732 1730 1769 ἐχθροῦ
1759 1732 1807 1758 καὶ

1009 1783 1139 1819 πολεμίου
1161 1783 1243 1818 ἡμῖν*
1261 1782 1319 1809 ἀλλ’
1343 1780 1486 1816 ἐλεύθερος
1516 1779 1554 1806 ὢν
1577 1780 1676 1810 παντὸς
1701 1778 1807 1810 πάθους

1008 1829 1178 1865 ἀνθρωπίνου
1199 1829 1246 1855 ἅτε
1262 1827 1328 1859 Θεὸς
1347 1826 1444 1854 ἑαυτὸν
1459 1826 1567 1861 κινήσει
1593 1825 1662 1861 πρὸς
1677 1825 1805 1859 ἄμυναν·

1007 1872 1100 1904 καθὼς
1113 1873 1160 1899 καὶ
1184 1873 1213 1899 ἐν
1230 1872 1312 1908 σαρκὶ
1328 1872 1422 1906 φανεὶς
1435 1870 1570 1906 πεποίηκε
1581 1878 1587 1884 ·
1606 1870 1646 1905 τῷ
1669 1870 1736 1905 γὰρ,
1756 1869 1807 1896 ὲν-

1006 1919 1186 1955 εϐριμήσατο
1194 1919 1235 1951 τῷ
1243 1918 1399 1954 πνεύματι,
1418 1917 1595 1953 σημειοῦνται
1613 1917 1638 1944 οἱ
1660 1916 1808 1950 εὐαγγελι-

1008 1967 1087 2000 σταὶ,
1100 1965 1244 2002 δηλοῦντες
1259 1965 1289 1992 τὸ
1312 1964 1436 1992 ἑκούσιον
1459 1965 1508 1999 τῆς
1531 1964 1662 1999 γνώμης·
1681 1963 1805 1998 δάκρυον

1006 2012 1060 2048 γὰρ
1084 2011 1187 2048 ἐξέχεε,
1213 2012 1260 2038 καὶ
1275 2011 1397 2046 κάματον
1421 2010 1541 2046 ὑπέμενε
1570 2009 1745 2045 σωματικὸν,
1770 2009 1808 2035 τὰ

1006 2057 1080 2092 πάθη
1095 2057 1145 2084 οὐκ
1165 2057 1301 2088 ἀκουσίως
1319 2055 1472 2091 ὑπομένων,
1487 2055 1544 2082 ἀλλ’
1560 2056 1603 2082 ἐπ’
1619 2054 1745 2087 ἐξουσίας
1765 2055 1806 2090 τῷ

1006 2104 1111 2140 σώματι
1122 2104 1284 2130 ἐπιτάττων.
1305 2103 1367 2129 Ἐπὶ
1396 2102 1450 2137 γὰρ
1466 2101 1544 2137 ἡμῶν
1569 2101 1627 2128 τῶνς
1646 2100 1806 2136 ἀνθρώπων

1005 2150 1111 2186 δάκρυα
1127 2150 1176 2185 μὲν
1195 2150 1328 2184 ἐκχεῖται,
1345 2148 1395 2183 οὐχ
1412 2149 1450 2174 ὅτ’
1467 2147 1501 2175 ἂν
1522 2147 1656 2183 θέλωμεν,
1675 2147 1806 2182 σώματος

1004 2195 1033 2222 δὲ
1055 2195 1119 2221 ὄντα
1134 2195 1236 2229 φυσικά
1257 2193 1342 2229 πάθη,
1360 2195 1408 2221 καὶ
1431 2193 1566 2224 ἀκουσίως
1582 2192 1670 2219 ταῦτα
1693 2192 1804 2227 ὑπομέ-

1006 2247 1102 2274 νομεν·
1120 2239 1133 2264 ὁ
1147 2239 1176 2265 δὲ
1191 2238 1258 2270 Θεὸς
1267 2238 1317 2273 οὐχ
1330 2237 1427 2270 οὕτως9
1441 2237 1497 2264 ἀλλ’
1516 2237 1559 2263 ἐπ’
1572 2237 1698 2270 ἐξουσίας
1713 2237 1805 2264 πάντα

1007 2285 1102 2319 ποιῶν,
1122 2286 1170 2312 καὶ
1185 2284 1256 2312 κατά
1269 2284 1323 2311 τῶν
1337 2283 1444 2319 ἐχθρῶν
1460 2284 1493 2318 τῇ
1511 2284 1579 2319 αὐτῇ
1597 2283 1714 2318 δυνάμει
1732 2283 1804 2318 χρή-

1006 2340 1091 2358 σεται.

1040 2387 1096 2422 Τῆς
1108 2387 1167 2413 κατ’
1185 2386 1264 2418 ἀξίαν
1275 2386 1329 2412 τῶν
1345 2385 1552 2422 ἁμαρτημάτων
1564 2384 1696 2420 αἰσχύνης
1709 2383 1804 2416 ἀξίους

1004 2431 1074 2460 εἶναι
1087 2433 1185 2465 αὐτοὺς
1198 2433 1314 2468 φάσκει·
1330 2433 1377 2459 καὶ
1391 2431 1529 2463 τοιούτους
1544 2431 1666 2464 ἔσεσθαι,
1682 2427 1729 2457 οἷά
1749 2439 1804 2465 περ

1004 2480 1052 2507 καὶ
1079 2479 1114 2506 τὰ
1133 2479 1294 2515 σεϐάσματα
1314 2479 1421 2510 αὐτῶν,
1439 2478 1510 2505 κατά
1532 2478 1563 2504 τὸ
1586 2477 1803 2512 γεγραμμένον

1007 2536 1016 2551 ι
1033 2526 1141 2560 Ὅμοιοι
1156 2526 1247 2557 αὐτοῖς
1259 2526 1380 2560 γένοιντο
1395 2525 1419 2551 οἱ
1437 2523 1577 2555 ποιοῦντες
1599 2523 1687 2549 αὐτὰ·
1704 2533 1713 2549 ι
1732 2524 1759 2549 εἱ
1775 2522 1803 2549 δὲ

1005 2571 1083 2607 ὕϐριν
1099 2571 1208 2606 ἡγεῖσθε
1227 2571 1258 2597 τὸ
1274 2570 1464 2607 ἐξομοιοῦσθαι
1479 2571 1534 2600 τοῖς
1550 2569 1721 2604 σεϐάσμασιν
1734 2569 1802 2595 ἑαυ-

1003 2618 1068 2650 τῶν,
1084 2618 1151 2644 πολὺ
1166 2618 1298 2654 πρότερον
1321 2617 1391 2644 κατά
1416 2617 1478 2643 νοῦν
1500 2616 1609 2647 λάῦετε,
1623 2616 1663 2647 ὡς
1686 2615 1803 2647 ἑαυτοὺς

1003 2663 1171 2699 ἀτιμάζετε,
1196 2663 1328 2695 δεσπότας
1353 2663 1452 2695 αὐτοὺς
1476 2662 1524 2689 καὶ
1544 2662 1622 2694 θεοὺς
1645 2662 1802 2698 ἐπιγραφέρ

1005 2718 1091 2744 μενοι.

1038 2755 1133 2782 Τοίνυν
1151 2755 1184 2781 τὰ
1202 2755 1368 2791 αἰσθητήρια
1385 2754 1556 2791 κεκτημένοι,
1570 2753 1616 2780 τὸν
1635 2753 1740 2782 σκοπὸν
1753 2751 1803 2781 τοῦ

1065 2834 1084 2849 ¹⁶³
1094 2832 1164 2861 Psal.
1181 2841 1256 2865 (:xm,
1274 2834 1301 2860 8.
