1919 3075
65 144 134 172 1557

757 148 788 176 tN
808 148 936 176 ιδΑΙᾹΜ.

1623 147 1692 175 1558

59 203 210 235 καλοῦντος
233 203 305 239 ὑμᾶς
324 204 486 240 ἐννοήσατε⁸
502 204 540 237 ὡς
565 206 604 237 εἰς
625 205 749 241 οὐράνιον
777 206 845 232 πολι-

905 206 940 233 sit
956 213 1031 234 mens
1051 205 1187 233 vocantis.
1209 205 1250 233 Ad
1275 206 1415 233 cmlestem
1439 205 1578 232 civitatem
1601 205 1691 232 vocati

58 248 138 275 τείαν
151 248 296 283 κέκλησθε,
311 250 359 276 καὶ
377 251 417 281 εἰς
433 251 565 285 ἀγγέλους
577 251 665 277 τελεῖν
680 251 851 286 παρεσκεύα-

59 293 126 320 σθε·
148 292 223 319 οὐδὲν
247 293 340 328 ἕτερον
364 295 428 329 παρ’
454 294 530 330 ὑμῶν
549 295 690 326 ἀπαιτῶν,
708 295 725 330 ἢ
745 294 793 330 τὴν
821 294 852 326 ἐξ

60 339 170 370 εὐνοίας
197 339 312 366 αίνεσιν·
335 339 424 375 ἥνπερ
452 340 665 376 παραλιπόντες,
685 340 850 367 ὲκδεδώκατε

59 385 176 416 ἑαυτοὺς
201 384 239 418 τῷ
261 384 382 421 πονηρῷ,
409 386 456 412 καὶ
478 386 608 420 γεγόνατε
631 386 734 412 ἐκείνου
751 387 850 422 αἰχμά-

60 430 156 463 λωτοι,
173 431 365 465 παγιδεύοντες
381 432 479 463 αὐτοὺς
491 432 520 458 ἐν
537 431 699 467 συνειδήσει,
713 433 759 459 καὶ
775 433 851 459 εἰδω-

60 476 234 508 λοποιοῦντες
259 478 287 504 ἐν
310 478 364 509 τοῖς
380 477 464 510 οἴκοις
486 477 577 513 ὑμῶν’
605 478 659 504 ἀπὸ
682 478 736 513 γὰρ
757 478 850 504 κακῶν

60 523 174 549 ἐννοιῶν
190 523 229 554 εἰς
252 523 330 559 ἔργον
346 523 557 559 προκεχώρηκεν
571 523 635 558 ὑμῖν
653 522 687 549 τὰ
708 523 849 558 ἐπιτηδεύ-

62 577 137 603 ματα
145 578 152 584 ·
163 569 267 604 διόπερ,
279 569 452 604 αἰχμαλωσίᾳ
465 571 498 604 τῇ
511 578 539 596 τε
552 568 622 595 κατὰ
634 569 711 604 σῶμα
721 570 767 595 καὶ
777 569 849 604 ψυχῇ

60 614 269 650 ὑποϐληθέντες,
278 615 326 650 οὺχ
341 614 415 647 ἕξετε
424 614 469 641 τὸν
483 614 745 650 ἀντιλαμϐανόμενον
755 613 830 649 ὑμῶν
840 622 847 629 ·

59 660 115 686 τῶν
130 660 185 695 γὰρ
202 660 337 695 πολεμίων
354 660 530 691 ἐπελθόντων,
547 661 572 686 al
595 660 766 695 νομισθέντες
785 661 849 696 παρ’

60 707 126 741 ὑμῖν
140 705 210 733 εἶναι
225 706 280 733 θεοὶ
291 708 321 733 οὑ
337 706 373 742 μὴ
384 706 527 739 ἐξέλωνται
546 707 627 742 ὑμᾶς,
645 707 704 733 οὐδὲ
725 707 758 733 τὰ
775 707 849 742 παρὰ

59 751 114 776 τῶν
130 750 265 786 πολεμίων
285 750 471 786 διαρπαγέντα
491 751 761 786 ἀποκαταστήσουσιν
774 751 847 786 ὑμῖν.

96 797 154 832 Τῆς
173 797 203 829 ἐξ
220 797 355 831 Δίγὺπτου
382 797 536 832 ἐλευθερίας
556 798 776 832 ὑπομιμνήσκει·
793 797 848 823 δει-

60 843 138 874 κνὺς,
155 843 203 875 ὡς,
221 842 288 869 Ὄλα
301 842 364 877 ἔθνη
379 843 616 878 τιμωρησάμενος,
629 842 704 877 ὑμῶν
722 842 849 868 ἀντικατ-

903 251 980 283 estis,
997 255 1024 278 et
1043 251 1070 278 in
1093 251 1251 286 angelorum
1269 251 1438 278 consortium
1457 249 1606 282 destinati;
1624 249 1692 277 nihil

903 305 918 324 a
934 298 1013 325 vobis
1030 297 1155 333 deposcit
1178 296 1250 324 Deus
1261 318 1268 329 ,
1287 302 1383 332 praeter
1399 297 1468 332 grati
1484 296 1566 323 animi
1586 295 1690 323 laudes.

902 343 975 376 Quas
1003 348 1092 371 autem
1110 343 1284 378 denegantes,
1305 343 1377 369 malo
1400 350 1448 369 vos
1471 342 1547 376 ipsos
1564 341 1689 373 dedistis,

902 389 976 416 illius
1002 389 1101 424 captivi
1127 389 1190 415 facti
1226 389 1293 416 estis
1309 408 1317 420 ,
1353 388 1550 416 conscientiam
1572 387 1690 414 obdure-

902 439 1019 467 scentes,
1048 439 1075 462 et
1101 435 1171 462 idola
1199 434 1225 461 in
1253 434 1380 460 domibus
1401 434 1498 461 vestris
1521 434 1690 461 constituen-

901 485 964 514 tes;
983 484 1045 507 actu
1059 481 1131 507 enim
1150 479 1314 515 perfecistis,
1338 486 1399 513 quae
1423 479 1499 513 prius
1521 482 1612 506 mente
1627 483 1687 506 stu-

901 525 1031 552 dueratis.
1058 524 1228 558 Quapropter
1252 528 1277 551 et
1289 531 1404 558 corpore
1419 527 1445 550 et
1460 523 1550 550 animo
1577 523 1605 550 in
1637 531 1685 550 ca-

901 570 1049 605 ptivitatem
1070 569 1183 601 redacti,
1202 577 1256 596 non
1282 569 1416 596 habebitis
1435 569 1481 603 qui
1503 576 1551 596 vos
1576 569 1685 597 liberet.

900 615 967 642 Natu
984 615 1108 642 hostibus
1123 622 1171 641 vos
1191 614 1390 645 invadentibus,
1408 622 1461 640 non
1477 618 1618 649 protegent
1641 622 1687 642 vos

904 661 954 692 illi,
969 661 1015 696 qui
1031 661 1068 687 dii
1083 668 1145 688 esse
1162 665 1334 695 repulantur,
1352 667 1402 687 nec
1417 664 1494 695 rapta
1509 660 1543 687 ab
1565 660 1688 689 hostibus

899 707 977 734 vobis
992 707 1147 734 restituent.

935 795 1002 823 Car.
1032 794 1125 826 XLlll,
1143 793 1226 821 Vens.
1249 794 1274 821 5.
1297 793 1497 820 Liberationem
1519 801 1551 820 ex
1571 792 1688 828 Egypto

900 844 1106 868 commemorat.
1120 839 1221 866 Gentes
1235 843 1349 866 cunctas
1361 838 1449 872 pcenis
1460 837 1603 865 afficiendo
1613 845 1689 864 com-

58 888 236 924 ηλλαξάμην,
263 889 382 920 ἐκείνους
415 888 465 923 μὲν
488 888 617 919 κακώσας
650 888 697 915 καὶ
724 888 845 923 ἀπωλείᾳ

902 886 1081 913 mutationem
1099 889 1217 912 vestram
1233 884 1294 916 feci,
1312 884 1409 918 inquit,
1422 883 1482 910 illos
1491 883 1598 918 quidem
1615 884 1689 910 cala-

60 935 210 970 παραδοὺς,
227 935 291 970 ὑμῖν
305 935 331 961 δὲ
344 934 469 970 βοήθειαν
482 934 588 969 νείμας.

95 1031 181 1057 Πάλιν
199 1029 315 1057 ἐνταῦθα
332 1030 543 1066 ὑπομιμνήσκει,
560 1030 601 1056 ὅτι
624 1030 672 1065 οὐχ
688 1031 725 1062 ὼς
738 1031 847 1062 οἰκείοις

57 1077 153 1107 πόνοις
166 1076 244 1108 δόξαν
261 1077 365 1107 ἑαυτοῖς
380 1076 616 1111 περιεποιήσαντο,
630 1077 690 1103 οὐδὲ
703 1077 756 1112 ἰδίᾳ
768 1077 846 1103 δυνά-

57 1131 105 1157 μει
128 1121 183 1147 τῶν
198 1121 282 1147 ὲθνῶν
304 1121 503 1157 περιεγένοντο,
525 1121 592 1148 ἀλλὰ
608 1121 655 1147 τοῦ
670 1122 736 1148 Θεοῦ
761 1123 846 1149 ἁπαν-

55 1168 143 1203 ταχοῦ
156 1167 203 1194 κα)⁴
218 1167 319 1193 τούτων
335 1167 509 1202 ὲρημούντων
523 1167 696 1202 ἐνεργοῦντος
707 1168 777 1195 κατὰ
791 1168 846 1194 τῶν

55 1213 206 1240 ἐναντίων·
230 1212 357 1248 ἑλομένου
380 1213 433 1248 γάρ
452 1221 501 1248 μου
520 1213 654 1240 συντελεῖν
676 1222 705 1240 σε
727 1215 766 1245 εἰς
783 1214 846 1241 λαὸν

55 1259 137 1293 ἐμὸν,
152 1258 319 1293 άπρονόητος
331 1258 361 1283 οἱ)
379 1257 547 1292 μεμένηκας.

95 1315 191 1349 Ὀτιή
217 1313 319 1349 ἔρημος
349 1313 457 1340 νοτίδων
482 1312 563 1339 θείων
585 1312 758 1348 τυγχάνουσα
773 1313 845 1350 ψυχὴ

58 1360 131 1396 μετὰ
142 1360 192 1396 τὴν
216 1359 365 1395 παρουσίαν
386 1358 432 1385 τοῦ
455 1358 579 1393 Σωτῆρος
593 1357 753 1394 πλημμυρεῖ
767 1358 847 1385 θείων

56 1406 232 1441 διδαγμάτων
242 1427 250 1439 ,
267 1406 296 1437 ὃς
317 1405 366 1441 τὴν
389 1405 450 1432 καθ’
466 1404 580 1431 ἕκαστον
594 1404 680 1440 ἄνδρα
696 1405 742 1432 καὶ
769 1407 844 1441 κοινῇ

55 1454 108 1489 τὴν
127 1452 289 1487 Ἐκκλησίαν
307 1452 351 1478 ῐσα
368 1452 500 1486 ποταμοῖς
514 1450 679 1485 ὲπαρδεὺετο
694 1453 749 1483 τοῖς
764 1451 845 1483 θείοις

56 1499 237 1534 ὖιδάγμασιν·
255 1498 355 1534 ὁμοίως
370 1497 398 1524 δὲ
416 1498 522 1532 νοήσεις
548 1497 595 1523 καὶ
616 1497 651 1523 τὰ
669 1497 742 1532 ἑξῆς,
760 1498 846 1533 ἁρμό-

898 931 1041 958 mitatibus
1056 937 1083 958 et
1095 931 1180 958 exitio
1193 930 1326 966 aﬂligens,
1342 937 1391 957 \‘os
1403 933 1493 956 autem
1513 929 1614 956 auxilio
1627 937 1688 957 meo

897 976 1003 1004 fovens.
1429 979 1431 981 '

936 1032 1016 1060 Vens.
1032 1033 1059 1060 4.
1087 1033 1189 1059 lterum
1208 1032 1252 1060 hic
1269 1032 1401 1065 declarat,
1418 1033 1491 1067 ipsos
1510 1039 1563 1059 non
1585 1031 1688 1059 labori-

897 1080 949 1107 bus
962 1080 1020 1107 suis
1034 1079 1149 1114 gloriam
1173 1079 1288 1113 adeptos
1302 1086 1375 1110 esse,
1398 1086 1448 1105 nec
1462 1085 1511 1105 sua
1529 1078 1628 1105 virtute
1644 1078 1687 1104 fu-

900 1126 1007 1161 gavisse
1024 1125 1129 1157 hostes,
1147 1125 1194 1152 sed
1210 1124 1294 1151 Deum
1310 1124 1421 1159 ubique,
1440 1127 1467 1150 et
1484 1131 1532 1158 per
1546 1131 1576 1150 se
1589 1123 1686 1150 adver-

898 1172 987 1198 sarios
1001 1177 1127 1206 quosque
1144 1170 1286 1205 repulisse.
1305 1170 1360 1206 Ego
1376 1170 1448 1197 enim
1470 1173 1496 1196 te
1516 1169 1641 1204 eligerent
1656 1174 1687 1195 ut

896 1221 923 1244 te
950 1217 1079 1252 populum
1093 1223 1183 1243 meum
1208 1215 1336 1248 facerem,
1357 1215 1516 1250 imprudens
1545 1221 1610 1242 vero
1630 1222 1687 1241 non

897 1261 1078 1297 perseverasti
1083 1281 1090 1288 .

931 1317 1016 1345 Vens.
1032 1316 1076 1343 19.
1101 1316 1213 1344 Deserta
1235 1315 1307 1342 facta
1331 1315 1450 1342 hominis
1467 1314 1577 1346 anima,
1595 1317 1622 1341 et
1638 1313 1684 1340 di-

896 1363 968 1391 vinis
980 1362 1194 1398 cogitationibus
1208 1369 1292 1389 vacua
1303 1380 1311 1393 ,
1334 1365 1396 1396 post
1413 1360 1560 1387 Salvatoris
1576 1359 1680 1386 adven-

896 1413 953 1436 tum
972 1408 1071 1436 divinis
1094 1408 1229 1435 doctrinis
1255 1407 1413 1442 replebitur,
1433 1405 1481 1441 qui
1497 1405 1619 1440 singulos
1634 1404 1684 1431 ho-

895 1455 983 1482 mines
1009 1457 1036 1481 et
1064 1454 1220 1481 universam
1244 1452 1394 1480 Eeclesiam
1417 1451 1496 1486 quasi
1522 1450 1686 1478 ﬂuminibus

896 1500 1054 1528 coelestibus
1077 1500 1210 1527 doctrinis
1229 1499 1371 1534 irrigavit;
1389 1499 1518 1526 similiter
1536 1501 1563 1525 et
1586 1502 1684 1524 caetera

57 1545 113 1578 ζων
130 1545 244 1572 ἕκαστον
259 1544 314 1571 τῶν
329 1543 477 1579 λεχθέντων
496 1543 535 1574 εἰς
557 1541 606 1569 τὴν
623 1543 653 1570 ἐν
665 1543 764 1579 ψυχαῖς
779 1544 845 1571 θεω-

902 1546 1134 1581 interpretaberis,
1142 1545 1223 1572 verba
1232 1544 1339 1579 singula
1347 1544 1381 1571 ad
1390 1543 1542 1570 animarum
1558 1550 1685 1570 naturam

59 1591 134 1626 ρίαν.

94 1647 150 1682 Τὴν
176 1646 279 1674 ἄνωθεν
294 1647 341 1674 καὶ
363 1648 395 1674 ὲκ
418 1648 539 1675 παλαιῶν
565 1649 668 1685 χρόνων
695 1649 844 1685 γενομένην

56 1693 148 1720 αὐτῶν
168 1693 295 1729 πρόνοιαν
324 1693 401 1729 παρὰ
419 1693 467 1720 τοῦ
486 1693 553 1720 Θεοῦ
583 1694 786 1721 ὑποδείκνυσιν·
813 1695 844 1722 οὑ

56 1738 113 1774 γὰρ
137 1737 184 1765 νῦν
206 1737 333 1774 ἠρξάμην
349 1739 473 1774 προνοεῖν
494 1738 584 1774 ὑμῶν’
609 1738 668 1764 οὐδὲ
691 1738 771 1773 ἡνίκα
796 1738 844 1774 τῆν

55 1785 106 1811 ἀπ’
124 1783 262 1817 Αἰγύπτου
284 1783 372 1816 ἔξοδον
396 1784 547 1816 ἐποιεῖσθε,
579 1783 673 1815 θυσίας
700 1785 772 1819 ὑμᾶς
792 1785 845 1810 ἀπ-

54 1829 155 1865 ῄτησα·
167 1830 227 1856 οὐδὲ
238 1830 308 1865 μετὰ
321 1829 451 1865 καμάτων
460 1830 525 1861 τοὺς
539 1830 676 1861 ἐναντίους
688 1829 843 1865 χειροῦσθαι

57 1875 236 1912 συνεχώρησα
245 1884 252 1892 ·
261 1876 329 1903 ἀλλὰ
341 1876 387 1903 καὶ
398 1876 483 1902 ταῦτα
498 1876 662 1912 προσφέρειν
680 1875 749 1911 μετὰ
759 1875 844 1902 ταῦτα

56 1922 191 1954 ἐνέδωκα,
208 1923 360 1958 ἀποστῆσαι
378 1922 537 1957 βουλόμενος
559 1921 692 1954 εἰδώλων,
709 1922 756 1948 καὶ
779 1923 843 1958 ὑμῖν

56 1969 207 2004 προφάσεις
221 1968 388 2004 δωρημάτων
403 1968 607 2004 παρασχέσθαι·
617 1969 646 1994 οὺ
657 1967 712 2004 γὰρ
722 1969 751 1995 ὲν
765 1969 844 2004 χρείᾳ

54 2015 161 2042 τούτων
177 2015 344 2050 καθέστηκα.

98 2061 325 2096 Ὑπομιμνήσκει,
337 2061 374 2092 ὡς
393 2062 440 2088 καὶ
456 2062 532 2096 κοινῇ
547 2060 594 2087 τοῦ
608 2060 704 2095 γένους
720 2060 767 2086 καὶ
790 2059 842 2095 [δίᾳ

55 2107 173 2134 ἑκάστου
195 2108 310 2143 ποιητὴς
327 2107 494 2142 καθέστηκεν
504 2116 511 2123 ·
527 2107 595 2134 ἀλλὰ
609 2107 657 2134 καὶ
678 2106 722 2133 διὰ
739 2106 843 2138 κοιλίας

57 2153 194 2188 μέμνηται
217 2153 363 2188 διήκουσαν
383 2152 526 2188 πρόνοιαν,
544 2151 779 2184 ζωοπλαστοῦντος
797 2151 844 2177 αὺ-

53 2198 103 2225 τοῦ
119 2199 222 2230 πάντας
237 2199 313 2234 ἡμᾶς
335 2199 365 2225 ἐν
390 2200 425 2234 τῇ
443 2197 520 2234 νηδύϊ
543 2198 593 2234 τῆς
609 2197 727 2234 μητρὸς,
750 2197 842 2224 καὶτὸ

54 2242 126 2270 εἶναι
140 2245 206 2279 ἡμῖν
218 2244 344 2276 διδόντος.

90 2299 258 2326 Ἐνταῦθατὸ
271 2309 280 2325 ι
293 2300 343 2326 οὑκ
353 2297 424 2335 ἦσαν
436 2299 473 2335 (9)
486 2301 510 2326 οἱ
524 2299 696 2333 πλάττοντες,
712 2300 759 2326 »οὑ
768 2298 843 2334 παρὰ

54 2345 86 2372 τὺ
100 2345 139 2381 μὴ
154 2344 224 2372 εἶναι
239 2346 302 2378 τοὺς
317 2346 403 2372 ταῦτα
416 2346 627 2381 ἐργαζομένους,
642 2345 710 2372 ἀλλὰ
724 2345 799 2381 παρὰ
814 2345 844 2372 τὺ

56 2392 95 2427 μὴ
110 2391 239 2419 δύνασθαι
254 2391 360 2427 βοηθεῖν
375 2393 430 2423 τοῖς
444 2392 640 2428 θεραπεύουσιν
652 2391 732 2424 αὐτὰ,
751 2391 789 2422 ὼς
806 2391 843 2427 μὴ

53 2437 147 2468 ὗντες·
163 2438 210 2464 καὶ¹
224 2437 279 2472 γὰρ
295 2438 343 2464 καὶ
363 2437 443 2473 ἡνίκα
463 2438 480 2472 ὴ
495 2436 572 2473 χώρα
587 2438 644 2468 τοῖς
663 2435 844 2472 Ἰσραηλίταις

54 2482 273 2518 ὲκληροδοτεῖτο,
305 2483 409 2510 πολλῶν
432 2482 516 2510 ὄντων
543 2483 737 2519 σεϐασμάτων,
758 2483 844 2515 οὕτως

54 2527 205 2564 ἀνῃροῦντο
222 2529 268 2555 καὶ
288 2528 450 2561 ἐξεωθοῦντο
476 2528 530 2555 τῶν
545 2529 636 2556 τόπων
652 2529 686 2556 τὰ
708 2529 788 2564 ἔθνη,
805 2529 844 2560 ὡς

53 2574 106 2609 τὴν
126 2573 175 2608 μὲν
197 2574 307 2601 ἐκείνων
333 2574 485 2610 ἀδυναμίαν
509 2575 557 2601 καὶ
575 2575 714 2602 οὐθένειαν
737 2575 843 2602 δείκνυ-

55 2619 130 2651 σθαι,
145 2612 324 2655 φανεροῦσθαι
340 2620 368 2647 δὲ
382 2620 431 2655 τὴν
446 2619 493 2646 τοῦ
507 2620 574 2647 Θεοῦ
591 2621 761 2649 δεσποτείαν.

92 2707 227 2734 Ἀΰυσσον
244 2708 369 2743 εἰρήκασι
389 2709 439 2744 τὴν
456 2708 589 2744 Ἐρυθρὰν
607 2707 754 2742 θάλασσαν,
774 2709 840 2745 ἐρη-

55 2752 193 2788 μωθεῖσαν
210 2754 361 2780 παοιόντων
378 2753 432 2780 τῶν
449 2753 622 2789 Ἰσραηλιτῶν
632 2760 640 2768 ⁸
654 2755 792 2789 ποταμοὺς
810 2754 839 2781 δὲ

898 1592 1031 1621 referens.

933 1648 1018 1675 Vens.
1036 1647 1082 1674 22.
1100 1646 1123 1674 Δ
1139 1646 1274 1682 principio
1291 1649 1318 1673 et
1334 1645 1367 1673 ab
1382 1645 1503 1680 antiquis
1516 1644 1684 1679 temporibus

898 1703 927 1722 se
943 1694 1072 1730 peculiari
1088 1701 1136 1721 eos
1147 1692 1320 1728 providentia
1335 1692 1446 1724 fovisse,
1459 1692 1580 1719 declarat
1591 1691 1662 1718 Deus
1673 1700 1680 1706 -

897 1740 956 1768 Non
984 1748 1057 1767 nunc
1078 1739 1195 1773 primum
1210 1738 1295 1766 vestri
1311 1745 1405 1766 curam
1426 1738 1511 1773 gessi,
1534 1745 1585 1764 nec
1602 1737 1683 1764 dece-

897 1787 1027 1814 dentibus
1037 1786 1115 1814 vobis
1130 1793 1163 1813 ex
1185 1784 1314 1820 Egypto,
1331 1784 1457 1811 victimas
1475 1792 1491 1811 α
1505 1784 1580 1812 vobis
1592 1784 1681 1818 exegi,

898 1841 951 1861 nec
965 1834 1059 1860 hostes
1075 1832 1153 1859 vobis
1173 1838 1235 1858 cum
1256 1831 1397 1858 laboribus
1411 1829 1559 1858 vincendos
1571 1830 1683 1857 tradidi.

898 1879 951 1906 Sed
965 1882 1060 1913 postea
1075 1878 1204 1905 victimas
1217 1876 1279 1904 ideo
1292 1877 1399 1911 excepi,
1414 1880 1445 1903 ut
1454 1876 1489 1903 ab
1504 1876 1583 1904 idolis
1597 1877 1682 1904 absti-

897 1925 1001 1956 neatis,
1015 1929 1042 1952 et
1058 1924 1192 1951 beneticia
1204 1922 1338 1958 largiendi
1349 1923 1509 1950 occasiones
1528 1922 1594 1949 mihi
1612 1929 1682 1957 prae-

896 1970 984 1998 beatis
999 1979 1006 1997 :
1024 1970 1085 1996 istis
1101 1969 1172 1996 enim
1190 1975 1245 1995 non
1263 1967 1379 2002 indigeo.

895 2060 906 2071 ‘
932 2057 998 2085 Cn.
1021 2056 1113 2090 XLIV,
1137 2056 1221 2084 Vens.
1243 2056 1271 2084 2.
1298 2055 1429 2083 Memorat
1454 2054 1526 2082 Deus
1548 2062 1578 2082 se
1595 2055 1682 2082 totius

896 2105 995 2140 gentis,
1008 2108 1035 2131 et
1050 2103 1221 2138 singulorum
1238 2102 1379 2129 hominum
1391 2106 1542 2129 creatorem
1556 2106 1682 2134 exstare;

895 2154 922 2178 et
934 2157 1068 2184 quemque
1083 2153 1208 2176 nostrum
1224 2148 1265 2175 vel
1275 2150 1303 2175 in
1319 2152 1397 2176 utero
1412 2148 1571 2182 matrisjam
1589 2148 1680 2182 provi-

894 2195 986 2223 dentia
1000 2194 1119 2222 coluisse
1129 2213 1136 2226 ,
1152 2201 1214 2220 cum
1234 2201 1330 2222 omnes
1343 2201 1395 2222 nos
1409 2193 1437 2220 in
1451 2198 1544 2220 ventre
1561 2193 1682 2228 plasma-

855 2233 879 2262 Ῑ)
893 2241 972 2272 verit,
988 2243 1016 2267 et
1032 2240 1086 2267 vita
1102 2238 1253 2266 donaverit.

937 2296 1018 2324 Vens.
1037 2296 1064 2323 9.
1085 2294 1135 2322 Hic
1154 2294 1237 2322 verba
1258 2295 1310 2322 ista
1327 2304 1335 2322 :
1356 2305 1365 2320 ε
1379 2295 1438 2322 Non
1457 2300 1534 2322 erant
1553 2294 1598 2329 qui
1625 2293 1680 2321 for-

894 2343 1017 2374 mabant,
1030 2351 1040 2368 ›
1057 2349 1112 2369 non
1125 2341 1266 2368 declarant
1281 2347 1329 2368 eos
1343 2348 1442 2376 reapse
1455 2348 1510 2368 non
1527 2340 1678 2371 exstitisse,

894 2387 942 2422 qui
959 2387 1031 2414 idola
1043 2386 1215 2421 sculpebant.
1233 2385 1282 2412 sed
1296 2392 1343 2412 eos
1358 2385 1432 2413 idola
1446 2385 1600 2413 colentibus
1615 2392 1680 2419 pro—

894 2433 974 2461 desse
990 2441 1045 2460 non
1063 2432 1195 2467 potuisse,
1214 2431 1294 2466 quasi
1315 2438 1370 2458 non
1393 2430 1516 2458 fuissent.
1538 2429 1605 2457 Nam
1623 2434 1679 2457 ter-

895 2485 954 2504 ram
976 2476 1107 2505 lsraelitis
1128 2476 1336 2512 usurpantibus,
1362 2483 1418 2502 non
1442 2475 1588 2503 defuerunt
1613 2482 1686 2502 sane

895 2523 976 2555 idola,
993 2523 1168 2558 possessione
1178 2527 1269 2550 tamen
1282 2529 1331 2550 sua
1353 2527 1448 2557 gentes
1465 2522 1591 2557 spoliatae
1614 2525 1682 2549 sunt

893 2573 921 2597 et
934 2569 1072 2604 expulsae:
1089 2569 1189 2604 quibus
1204 2568 1286 2596 simul
1302 2572 1328 2595 et
1350 2567 1486 2594 idolorum
1505 2567 1686 2594 imbecillitas.

893 2615 1098 2642 demonstratur
1115 2618 1141 2642 et
1154 2614 1329 2649 impotentia,
1346 2612 1395 2640 Dei
1415 2620 1480 2641 vero
1497 2616 1608 2648 apparet
1627 2612 1678 2639 im-

893 2661 1009 2696 perium.

930 2706 1013 2733 Vens.
1029 2706 1074 2734 27.
1090 2705 1213 2742 Abyssus
1229 2713 1304 2733 mare
1327 2704 1511 2740 Erythraeum
1534 2703 1682 2739 designat,

894 2753 1100 2781 transeuntibus
1129 2752 1260 2781 lsraelitis
1283 2751 1452 2786 desolatam;
1480 2749 1591 2777 ﬂumina
1612 2757 1684 2777 νοω·

91 2832 128 2863 (9)
143 2830 323 2858 Communius
337 2831 427 2866 legunt
440 2840 445 2857 :
464 2832 519 2859 Οὐκ
531 2831 660 2866 ἤκουσαν·
677 2831 723 2859 sed
738 2831 814 2859 Alex.
829 2832 845 2858 A

902 2831 930 2859 C.
946 2828 1026 2865 ἦσαν.
