1919 3075
232 139 301 168 1559

815 137 988 167 TllEODOl-tl
1009 139 1270 168 llEEACLEENSlS

1809 141 1869 166 1510

232 198 353 226 arefacta
367 195 513 224 Jordanem
536 191 951 232 usdem‘transeuntibusjussu
972 197 1020 224 Dei

1080 198 1258 234 Ξηρανθέντας
1277 200 1323 225 τὸν
1340 198 1476 233 Ἰορδάνην
1491 195 1641 231 εἰρήκασιν,
1660 195 1871 230 ἀναχαιτίσαντα

232 243 431 271 dehiscentem.

275 289 341 317 Car.
360 287 444 321 XLV,
461 287 546 316 Vsus.
564 287 591 315 9.
614 288 666 316 Per
681 296 714 317 ea
728 297 788 325 qua:
809 290 868 318 tieri
889 298 943 318 non
959 299 1022 326 pos-

232 338 297 363 sunt
309 334 442 362 informat
454 341 503 362 eos
519 334 553 361 ad
569 335 730 370 sapientiam
741 357 748 369 ,
763 335 883 364 suadens
899 341 929 364 ut
944 344 1022 372 aequo

232 382 323 410 animo
343 381 482 416 excipiant
498 378 669 417 quaecunque
694 381 806 410 fuerunt
817 390 832 409 a
851 382 907 410 Deo
921 383 955 410 ad
968 383 1023 410 sal-

231 429 336 457 vandas
355 432 450 465 gentes
464 427 618 456 destinata:
644 436 699 464 quo
726 429 799 456 enim
824 429 906 457 modo
930 429 1020 457 lutum

234 466 347 510 figulum
368 481 424 502 non
449 473 608 509 redarguet,
633 481 684 502 nec
708 475 859 510 impedient
874 475 932 502 nati
951 483 1022 511 quo-

231 521 323 549 minus
342 525 370 548 et
386 520 454 548 alios
467 525 579 556 generet
594 525 672 556 pater
685 520 785 548 ardens
802 528 914 556 pueros,
929 525 957 550 et
971 522 1022 549 im-

231 567 271 604 pii
295 571 369 596 esset
383 567 503 596 hominis
517 568 715 604 parturientem
735 571 850 595 matrem
874 561 1023 603 reprehen-

232 615 315 642 dere:
333 614 369 641 ita
384 621 434 642 nec
451 622 509 647 vos,
523 614 622 650 inquit,
633 614 704 641 hanc
717 614 804 649 legem
814 613 870 642 Deo
882 615 1020 648 statuatis,

235 664 265 686 ut
278 660 304 686 in
319 667 368 686 vos
382 663 488 686 tantum
504 659 619 695 gratiam
635 667 712 686 suam
731 659 862 688 effundat.

275 704 359 732 Vsus.
383 705 426 732 ll.
442 705 612 732 Committite
632 705 699 732 mihi
715 713 826 733 causam
843 710 974 738 vestram,
992 710 1019 734 et

233 759 248 777 ει
261 752 349 779 salute
364 760 418 779 non
438 752 583 780 aberretis.
607 751 667 778 Non
687 752 753 779 mihi
768 759 837 788 opus
853 753 907 780 erit
920 753 1020 780 exhor-

232 797 383 825 tationibus
397 801 423 825 et
437 797 731 825 commendationibus
746 798 858 830 vestris,
871 802 901 825 ut
915 806 982 825 cura
996 802 1022 826 et

232 843 401 877 providentia
418 848 558 870 creaturas
573 850 648 871 meas
663 843 769 871 foveam
779 863 787 875 ,
810 852 870 879 qua:
886 852 936 879 pro
957 844 1021 872 filiis

1075 244 1122 270 ἐπὶ
1132 245 1166 279 τῇ
1179 244 1269 270 αὐτῶν
1282 242 1393 278 παρόδῳ
1411 240 1556 277 προστάξει
1567 239 1646 266 Θεοῦ.

1117 290 1183 316 ’Λπὸ
1205 290 1260 316 τῶν
1293 289 1331 324 μὴ
1354 287 1537 323 ἐνδεχομένων
1559 285 1682 321 γίνεσθαι
1710 285 1872 320 σωφρονίζει

1074 336 1190 368 αὐτοὺς,
1209 335 1346 363 παιδεύων
1372 335 1457 361 εῐκειν
1481 335 1537 366 τοῖς
1563 332 1639 367 παρὰ
1658 332 1707 358 τοῦ
1732 331 1806 358 Θεοῦ
1832 332 1873 357 ἐπὶ

1076 383 1198 418 σωτηρίᾳ
1211 382 1265 409 τῶν
1286 382 1370 409 ἐθνῶν
1391 380 1517 418 μέλλουσι
1537 379 1774 415 χαρισθήσεσϐαι·
1794 379 1872 413 ὅνπερ

1074 429 1129 465 γὰρ
1145 429 1246 464 τρόπον
1269 427 1332 455 οὒτε
1355 427 1442 463 πηλὸς
1470 426 1673 459 ἐπιδιατάξεται
1698 425 1740 460 τῷ
1756 424 1871 459 πλάπῃ,

1074 475 1137 501 οὕτε
1160 475 1244 501 τέκνα
1264 474 1382 501 κωλύσει
1395 473 1504 509 πατέρα
1526 472 1676 499 σπεύδοντα
1698 471 1749 498 καὶ
1775 471 1873 506 ἑτέρων

1074 521 1178 548 τέκνων
1197 520 1324 555 γενέσθαι
1352 519 1470 556 πατέρα,
1491 519 1539 546 καὶ
1562 518 1668 554 μητέτια
1685 517 1873 553 κυοφοροῦσαιι

1075 567 1224 600 αἰτιᾶσθαι,
1250 566 1338 598 οὕτως
1359 565 1475 598 ὰσεσοῦς
1493 565 1570 596 ὄντος
1580 573 1589 581 ·
1604 565 1660 591 οὐδ’
1675 565 1760 599 ὑμεῖς
1770 584 1778 595 ,
1799 563 1871 598 φηεὶ,

1074 612 1113 648 τῷ
1129 612 1189 648 Θεῷ
1209 612 1415 646 ἐπιδιατάξεσθε
1438 612 1478 644 εἰς
1502 611 1574 646 ὑμᾶς
1592 610 1693 644 μόνους
1713 610 1872 645 περξπῆναι

1075 659 1109 686 τὰ
1124 660 1174 695 τῆς
1190 658 1273 686 αὑτοῦ
1290 658 1412 695 χάριτος.

1111 706 1189 741 Ἐμοὶ
1201 705 1372 741 ἐπιγράψατε
1391 704 1440 741 τὴν
1457 703 1593 740 ὑμετέραν
1610 703 1744 739 φροντίδα
1758 722 1766 735 ,
1782 702 1829 728 καὶ
1844 703 1869 728 οὗ

1077 751 1114 786 μὴ
1127 751 1297 786 διαμάρτητε
1310 750 1446 786 σωτηρίας
1457 757 1464 765 ·
1477 749 1538 776 οὔτε
1553 749 1609 785 γὰρ
1619 749 1670 784 τῆς
1685 748 1767 784 ὑμῶν
1781 748 1871 783 δεψή-

1077 805 1158 831 σομαι
1172 796 1354 832 ὑπομνήσεως
1372 795 1389 832 ἢ
1407 795 1623 831 παρακλήσεως,
1636 795 1710 821 ὥστε
1727 794 1786 830 ἐμὰ
1798 795 1870 829 ποιῆ-

1077 851 1150 877 ματα
1166 842 1184 868 ἃ
1200 842 1229 869 ἐν
1243 843 1312 873 υἱοῖς
1328 843 1376 869 καὶ
1387 841 1540 878 θυγατράσι
1551 840 1756 876 κατειλεγμένα
1774 840 1870 874 τυγχά-

235 892 263 915 et
280 888 388 916 ﬁliabus
406 888 560 915 habuerim.
577 887 634 916 Nec
651 888 703 916 feci
717 889 817 916 caelum
833 892 861 916 et
877 894 978 916 terram
994 893 1023 916 ut

1080 896 1114 915 ψει
1125 908 1133 920 ,
1152 887 1311 924 ἐπιμελείας
1326 887 1374 914 καὶ
1393 887 1535 924 φροντίδος
1552 886 1706 922 ἀξιωθῆναι
1717 895 1724 901 -
1747 886 1810 912 οὐδὲ
1824 887 1872 922 γὰρ

237 934 301 962 usui
318 934 382 961 mihi
398 939 502 966 essent,
520 937 551 961 ut
563 934 663 962 caelum
686 942 736 970 pro
753 935 864 965 throno.
876 938 904 962 et
923 939 1024 962 terram

232 986 283 1015 pro
316 980 435 1008 scabello
468 979 614 1011 haberem.
651 984 681 1007 ut
705 980 759 1009 illis
787 981 940 1008 involverer
966 988 1026 1016 qua:

232 1025 374 1053 voluntate
400 1033 460 1054 mea
485 1026 545 1061 ipsa
572 1026 766 1060 continentur;
791 1027 839 1055 sed
857 1027 883 1053 in
902 1031 1024 1054 vestram

233 1072 378 1100 utilitatem
394 1075 494 1099 cuncta
515 1071 650 1107 disposui.
671 1071 828 1100 Praesertim
847 1081 913 1100 vero
933 1073 1026 1100 stella-

233 1125 296 1145 rum
311 1125 412 1146 cursus
427 1122 454 1146 et
470 1117 606 1146 stationes
621 1117 715 1154 dirigit
730 1119 859 1146 voluntas
879 1126 939 1145 mea
954 1126 960 1144 :
976 1126 1026 1146 nec

233 1164 338 1198 angelis
351 1163 424 1196 licet,
435 1164 500 1191 dum
515 1164 574 1192 haec
586 1165 622 1192 ita
638 1168 782 1200 reguntur,
798 1165 855 1192 otio
870 1172 900 1192 se
915 1165 1024 1198 dedere,

236 1209 285 1237 sed
299 1210 394 1237 laudes
409 1209 477 1237 mihi
486 1210 642 1238 tribuerunt
650 1210 684 1237 ab
695 1210 762 1245 ipsis
773 1210 880 1238 debitas
892 1219 899 1243 ;
917 1210 1026 1238 cunctis

234 1255 318 1290 igitur
332 1263 348 1283 a
372 1264 415 1284 me
437 1255 584 1288 ordinatis,
604 1263 654 1284 nec
673 1259 789 1284 terrente
812 1264 856 1283 me
877 1256 1024 1292 effugiunt.

235 1300 282 1328 Sic
296 1300 438 1335 apparebit
449 1300 539 1337 Cyrus
559 1309 606 1328 rex
625 1305 652 1329 et
665 1301 766 1336 pietate
791 1301 820 1328 in
841 1308 885 1328 me
908 1301 1026 1336 insignis

233 1350 261 1374 et
280 1350 353 1374 recta
381 1346 534 1382 professus.
559 1346 619 1374 Non
644 1347 741 1374 latebit
765 1347 910 1375 scientiam
936 1355 1025 1375 meam

234 1395 360 1427 tempore
375 1400 426 1420 suo
440 1397 535 1427 natus,
552 1401 606 1421 non
622 1393 737 1421 arbitrio
755 1401 814 1426 suo,
827 1394 874 1421 sed
885 1398 952 1421 nutu
965 1402 1026 1422 meo

235 1437 319 1465 vitam
332 1438 471 1473 disponet,
482 1438 601 1467 reditum
618 1439 697 1467 vobis
707 1447 739 1467 ex
752 1439 912 1474 captivitate
926 1447 1025 1468 conce-

235 1484 292 1517 det,
313 1488 340 1512 et
362 1484 517 1513 Jerusalem
531 1485 622 1513 denuo
641 1485 799 1518 aedificabit.
821 1494 877 1514 non
903 1487 991 1522 pretio
1008 1495 1025 1514 a

235 1530 314 1558 vobis
329 1530 405 1563 dato,
419 1531 467 1559 sed
483 1531 599 1566 jubente
615 1533 758 1560 voluntate
775 1540 846 1560 mea.

1077 934 1190 969 οὐρανὸν
1204 935 1252 962 καὶ
1265 934 1316 970 γῆν
1332 933 1544 966 κατασκευάζων
1555 933 1593 966 ὡς
1613 933 1677 968 ἐμοὶ
1694 933 1794 968 χρείαν
1816 941 1871 958 συν-

1075 981 1219 1008 τελέσοντα
1234 981 1342 1008 ἐποίουν
1353 1001 1361 1013 ,
1382 980 1425 1007 ἵνα
1480 988 1526 1015 μοι
1551 979 1646 1015 θρόνος
1661 980 1676 1005 ὁ
1691 978 1826 1014 οὐρανὸς,
1840 979 1873 1013 γῆ

1076 1027 1104 1053 δὲ
1117 1027 1263 1054 ὑποπόδιον
1273 1047 1281 1060 ,
1298 1027 1345 1054 καὶ
1363 1027 1393 1054 ἐν
1408 1026 1514 1058 τούτοις
1531 1025 1707 1062 περιέχωμαι
1717 1045 1724 1057 ,
1738 1025 1822 1051 ὁπότε
1839 1025 1873 1059 τῷ

1076 1072 1135 1108 ἐμῷ
1158 1072 1290 1109 Θελήματι
1304 1072 1390 1099 ταῦτα
1408 1072 1548 1108 συνέχεται
1566 1092 1573 1104 ,
1601 1072 1659 1098 ἀλλ’
1679 1072 1723 1103 εἰς
1740 1071 1873 1106 ὑμετέραν

1076 1119 1170 1154 χρείαν
1184 1118 1322 1154 ὑφιστῶνο
1335 1119 1366 1145 οὐ
1383 1118 1436 1154 μὴν
1453 1118 1520 1145 ἀλλὰ
1536 1118 1584 1145 καὶ
1608 1117 1738 1153 ἀστέρων
1763 1117 1874 1152 δρόμους

1076 1165 1123 1192 καὶ
1142 1165 1250 1197 στάσεις
1273 1165 1303 1191 τὸ
1325 1165 1391 1200 ἐμὸν
1409 1164 1532 1200 βούλημα
1549 1163 1649 1190 ἰθύνει·
1671 1163 1723 1190 καὶ
1736 1163 1795 1198 γὰρ
1809 1172 1874 1197 γινο-

1079 1211 1167 1247 μένων
1195 1212 1302 1243 αὑτῶν,
1328 1211 1439 1245 ἄγγελοι
1464 1210 1610 1247 ἡσυχάζειν
1638 1211 1692 1237 οὐκ
1717 1210 1873 1245 ἠνέσχοντο,

1076 1257 1144 1284 ἀλλὰ
1160 1258 1206 1285 τὸν
1221 1258 1265 1284 ἐπ’
1283 1258 1375 1290 αὐτοῖς
1390 1255 1464 1284 αἶνον
1485 1257 1661 1292 ὀφειλόμενόν
1679 1265 1728 1292 μοι
1745 1256 1872 1283 ἀποδεξώ-

1077 1312 1150 1330 κασι.
1170 1304 1283 1331 Πάντων
1301 1304 1390 1330 τοίνυν
1410 1303 1456 1330 ὑπ’
1471 1303 1539 1338 ἐμοῦ
1556 1303 1798 1339 κυϐερνωμένων,
1819 1303 1872 1329 οὐδὲ

1075 1348 1110 1375 τὰ
1129 1348 1175 1375 ἐπὶ
1191 1348 1242 1384 τῆς
1253 1348 1306 1383 γῆς
1319 1348 1490 1383 ἐκπέφευγον
1503 1356 1510 1364 ·
1530 1348 1599 1375 ἀλλὰ
1613 1349 1663 1375 καὶ
1677 1348 1776 1384 Κῦρος
1792 1349 1807 1374 ὁ
1829 1348 1871 1382 βα-

1077 1396 1166 1428 σιλεὺς
1184 1395 1304 1423 εὐσεϐῶν
1317 1396 1351 1422 τὰ
1374 1396 1442 1432 πρὸς
1459 1397 1510 1432 ἐμὲ
1524 1397 1571 1423 καὶ
1585 1394 1615 1423 εὗ
1642 1397 1780 1432 πράσσων
1795 1397 1870 1430 ἐγνω-

1077 1449 1152 1468 σται’
1181 1441 1228 1468 καὶ
1252 1441 1350 1468 οὑποτε
1366 1441 1477 1477 λήσεται
1503 1442 1553 1477 τὴν
1578 1442 1649 1478 ἐμὴν
1677 1442 1786 1477 γνῶσιν
1809 1442 1871 1468 κατὰ

1076 1487 1188 1523 χρόνους
1204 1487 1286 1519 ἰδίους
1301 1487 1471 1523 γεννώμενος
1481 1508 1487 1520 ,
1503 1489 1550 1514 καὶ
1566 1488 1616 1515 οὐκ
1634 1488 1728 1523 οἰκείᾳ
1748 1488 1871 1524 προαιρέ-

1078 1542 1118 1560 σει
1134 1531 1163 1560 εὖ
1177 1532 1296 1569 βιώσων,
1313 1533 1381 1560 ἀλλὰ
1396 1533 1435 1569 τῷ
1447 1533 1506 1568 ἐμῷ
1522 1533 1637 1569 νεύματι
1648 1553 1655 1566 ,
1682 1534 1732 1560 καὶ
1749 1534 1799 1570 τὴν
1813 1533 1871 1560 κάθ-

234 1578 293 1605 οδον
307 1579 371 1613 ὑμῖν
397 1579 446 1614 τὴν
465 1579 519 1606 ἀπὸ
547 1579 598 1615 τῆς
627 1579 814 1616 αἰχμαλωσίας
834 1580 987 1614 ἀποδώσει,
1019 1581 1066 1608 καὶ
1083 1580 1132 1616 τὴν
1165 1580 1344 1617 Ἰερουσαλὴμ
1362 1581 1560 1616 οἰκοδομήσει,
1587 1581 1618 1607 οὐ
1648 1582 1783 1617 χρήματα
1812 1583 1871 1615 παρ’

235 1625 311 1662 ὑμῶν
326 1626 506 1662 κομιζόμενος
519 1647 526 1659 ,
546 1627 615 1655 ἀλλὰ
628 1627 668 1663 τῷ
689 1628 749 1664 ἐμῷ
763 1628 879 1665 νεύματι
898 1629 989 1657 εἵκωνι

276 1671 359 1700 Vsus.
381 1673 426 1699 14.
443 1673 551 1702 Rursus
569 1674 604 1701 ad
618 1675 829 1704 confundendos
845 1683 894 1704 eos
918 1685 1022 1704 memo-

1107 1672 1192 1699 Πάλιν
1200 1672 1255 1698 τῶν
1269 1672 1299 1699 ἐν
1305 1672 1435 1708 Αἰγύπτῳ
1443 1673 1574 1700 ἐπονειδεῖ
1583 1672 1650 1709 [αἰζε
1656 1673 1676 1708 ι]
1686 1673 1736 1709 τὴν
1751 1674 1872 1709 μνήμην,

237 1718 308 1745 riam
325 1726 417 1746 rerum
433 1723 545 1748 revocat
559 1720 587 1748 in
601 1720 720 1756 Egypto
737 1726 877 1757 gestarum
896 1729 923 1751 et
944 1725 1028 1752 mira-

236 1765 360 1792 culorum
389 1772 405 1792 a
431 1764 487 1794 Deo
514 1772 611 1794 contra
634 1767 777 1802 Egyptios
808 1775 858 1803 pro
884 1768 1027 1798 liberando

235 1810 337 1845 populo
364 1810 510 1838 editorum.
539 1811 581 1838 llli
615 1812 725 1847 quidem
755 1813 949 1842 laboraverunt
978 1817 1027 1844 ob-

237 1854 382 1890 stupefacti
395 1864 403 1888 ;
420 1863 469 1883 vos
481 1863 547 1884 vero
561 1864 576 1884 a
593 1857 713 1892 peccatis
733 1865 789 1885 non
802 1859 966 1894 recessistis,
978 1861 1026 1889 sed

235 1903 315 1928 vanis
328 1902 428 1930 vestris
436 1902 671 1938 negotiationibus
685 1903 884 1939 defatigamini.
901 1905 936 1933 Et
945 1907 1026 1940 paulo

235 1950 295 1979 post
305 1953 314 1972 :
326 1945 533 1982 Negligentibus
543 1952 635 1975 autem
646 1948 724 1976 vobis
736 1947 821 1976 Deum
834 1954 862 1977 et
871 1957 965 1978 curam
978 1951 1027 1981 Dei

236 1990 432 2024 abnuentibus,
450 1992 592 2027 apparebit
616 1992 702 2022 Filius
720 1994 888 2029 unigenitus,
911 1997 958 2032 qui
977 2005 1027 2026 vo-

236 2034 371 2063 luntatem
386 2043 474 2064 meam
499 2037 635 2072 perficiet,
658 2043 686 2067 et
702 2040 832 2069 omnibus
845 2039 931 2070 Israel
950 2043 1023 2078 erit;

236 2083 355 2109 maxime
372 2089 438 2109 vero
452 2081 536 2111 ludas
561 2084 692 2118 erit'ille,
708 2085 737 2113 in
752 2094 807 2121 quo
830 2092 893 2115 vota
911 2088 1024 2123 faciant,

236 2132 285 2160 per
306 2133 387 2160 quem
411 2127 545 2155 beneficia
570 2137 631 2157 mea
662 2131 833 2166 sortiantur,
855 2138 883 2160 et
908 2134 1023 2162 salutem

236 2177 453 2208 consequantur.
479 2174 538 2208 Qua
563 2176 636 2203 enim
659 2177 767 2206 ratione
791 2180 973 2215 complebitur
992 2182 1024 2209 il-

239 2218 285 2246 lud
297 2228 302 2246 :
316 2228 325 2245 ι
340 2219 378 2246 Ex
391 2219 509 2256 [Egypto
524 2223 618 2249 vocavi
638 2222 736 2251 Filium
754 2232 844 2253 meum
859 2226 890 2253 ".
908 2235 917 2252 ι
936 2225 1025 2255 Judaei

236 2265 310 2292 enim
324 2265 498 2294 nomen‘Filii
510 2267 716 2302 fastidiverunt,
734 2273 761 2298 et
778 2271 956 2300 multitudine
976 2273 1024 2301 be-

236 2309 396 2338 neticiorum
418 2320 542 2340 meorum
567 2315 689 2342 converti
713 2315 877 2350 noluerunt;
898 2318 1024 2354 unigeni-

237 2360 282 2384 tus
293 2364 359 2384 vero
370 2357 456 2386 Filius
469 2363 643 2394 praestantem
658 2361 732 2389 illam
743 2370 838 2390 vocem
855 2364 1025 2399 sibi'optime

237 2401 400 2435 vindicavit;
415 2411 478 2430 nam
496 2411 560 2432 cum
583 2409 646 2440 post
660 2405 820 2434 defunctum
840 2407 975 2435 Herodem
991 2417 1024 2436 ex

237 2446 356 2483 Egypt!)
372 2449 483 2481 rediret,
506 2449 659 2479 rectissime
677 2451 846 2480 intellectum
860 2456 903 2480 est
918 2453 952 2481 de
964 2454 1025 2489 ipso

238 2493 304 2520 illud
319 2493 429 2521 effatum
443 2504 449 2522 :
469 2505 477 2521 ι
493 2495 531 2522 Ex
539 2495 658 2532 Egypto
672 2498 766 2525 vocavi
780 2497 879 2526 Filium
895 2507 997 2527 meum.
1013 2509 1022 2526 ι

274 2581 356 2610 Vsus.
374 2583 417 2610 16.
438 2582 605 2612 Referuutur
624 2586 682 2614 haec
695 2587 723 2614 in
738 2587 838 2624 Cyrum
852 2597 943 2625 regem
955 2591 1024 2626 ;,qui

237 2627 310 2654 enim
326 2628 464 2656 voluerint
480 2630 505 2657 ei
521 2631 667 2664 resistere,
688 2633 757 2660 nihil
778 2634 852 2662 aliud
871 2635 1024 2669 proficient,

238 2672 286 2700 sed
308 2673 531 2708 confundentur;
557 2676 703 2705 intendunt
726 2679 809 2707 etiam
835 2680 930 2715 Israel,
945 2683 1025 2717 cujus

239 2717 268 2744 in
289 2725 387 2746 manus
411 2727 506 2748 omnes
534 2721 728 2750 tradentur.—
745 2723 851 2753 Insulas
879 2726 923 2754 hic
947 2732 1025 2754 vocat

240 2762 315 2796 ipsas
337 2763 487 2792 insularum
515 2767 650 2802 regiones.
679 2768 769 2797 Insula
792 2771 894 2799 dicitur
916 2776 942 2800 ct
966 2773 1025 2808 ipsa

279 2840 298 2855 "
311 2839 371 2868 05c.
391 2850 428 2873 xu,
447 2843 476 2873 l;
494 2843 586 2872 Matth.
603 2854 630 2876 ιι,
650 2846 679 2873 15

1079 1717 1125 1744 καὶ
1137 1717 1192 1745 τῶν
1203 1719 1262 1744 ἐκεῖ
1276 1718 1575 1755 θαυματουργηθέντων
1593 1718 1648 1745 ὑπὸ
1660 1719 1710 1745 τοῦ
1723 1719 1795 1746 Θεοῦ
1809 1722 1873 1747 κατὰ

1077 1763 1132 1790 τῶν
1149 1764 1305 1798 Αἰγυπτίων
1325 1764 1372 1790 ἐπὶ
1389 1766 1422 1800 τῇ
1439 1764 1486 1790 τοῦ
1501 1764 1566 1791 λαοῦ
1589 1764 1736 1800 ἐλευθερίᾳ
1754 1765 1873 1801 ὑπόμνη-

1079 1818 1137 1841 σις·
1155 1810 1193 1841 ὡς
1207 1810 1305 1837 ἐκεῖνοι
1321 1810 1370 1845 μὲν
1386 1810 1566 1845 πληττόμενοι
1581 1811 1761 1846 κεκμήκασιν
1774 1831 1781 1842 ,
1800 1812 1874 1847 ὑμεῖς

1077 1855 1106 1882 δὲ
1126 1856 1330 1891 ἁμαρτάνοντες
1357 1856 1406 1882 οὐκ
1434 1855 1615 1883 ἐνδεδώκατε·
1642 1856 1713 1883 ἀλλὰ
1738 1858 1790 1884 καὶ
1817 1860 1872 1889 ταῖς

1077 1901 1180 1928 ἑαυτῶν
1201 1901 1346 1937 ἐμπορίαις
1363 1902 1598 1937 ἐματαιοπονεῖτε.
1616 1903 1672 1930 Καὶ
1687 1904 1755 1938 μετ’
1770 1905 1871 1938 ὀλίγα·

1083 1947 1176 1982 ’Υμῶν
1191 1947 1219 1973 δὲ
1233 1947 1407 1983 ἀμελούντων
1417 1968 1425 1980 ,
1439 1948 1486 1975 καὶ
1499 1948 1548 1983 τὴν
1560 1948 1638 1984 παρὰ
1648 1949 1697 1975 τοῦ
1711 1949 1783 1976 Θεοῦ
1800 1950 1873 1985 κηδε-

1078 1993 1174 2028 μονίαν
1189 1994 1453 2030 ἀποστρεφομένων,
1467 1994 1602 2030 παρέσται
1615 1996 1630 2022 ὁ
1645 1996 1802 2032 μονογενὴς
1815 1997 1873 2027 Υἱὸς

1076 2039 1229 2075 πληρώσων
1250 2040 1280 2067 τὸ
1298 2040 1363 2075 ἐμὸν
1382 2040 1505 2076 θέλημα,
1524 2041 1645 2072 καὶτοῖς
1660 2043 1748 2069 πᾶσιν
1769 2043 1871 2078 Ἰσραὴλ

1075 2085 1216 2121 γινόμενος
1229 2093 1236 2102 ·
1257 2086 1287 2112 οὐ
1309 2086 1362 2122 μὴν
1377 2086 1445 2113 ἀλλὰ
1459 2087 1506 2113 καὶ
1522 2087 1639 2120 Ἰούδας,
1653 2089 1682 2114 ἐν
1695 2085 1776 2125 ᾧπερ
1795 2098 1872 2125 προσ-

1075 2131 1215 2164 εύξονται-
1237 2132 1272 2159 δι’
1300 2130 1331 2160 οὗ
1349 2133 1396 2160 καὶ
1417 2133 1471 2161 τῶν
1493 2134 1568 2169 ἐμῶν
1583 2134 1791 2162 ἀπολαύσουσιν
1810 2137 1870 2169 ἀγα-

1076 2177 1149 2211 θῶν,
1166 2179 1213 2206 καὶ
1233 2179 1369 2216 σωτηρίας
1387 2179 1546 2212 τεύξονται·
1570 2181 1618 2207 καὶ
1637 2180 1694 2216 γάρ
1711 2181 1763 2215 τὸ,
1788 2191 1798 2208 ι
1819 2182 1871 2208 Ἀπ’

1075 2223 1212 2258 Αἰγύπτου
1229 2225 1348 2252 ἐκάλεσα
1366 2225 1411 2253 τὸν
1431 2226 1494 2252 Υἰόν
1514 2235 1580 2262 μου,
1604 2236 1613 2252 ι
1635 2226 1733 2254 τοῦτον
1752 2228 1799 2254 τὸν
1819 2228 1872 2263 τρό-

1075 2279 1125 2297 πον
1141 2270 1293 2306 ἐπληροῦτο
1305 2280 1311 2286 ·
1335 2271 1470 2299 Ἰουδαίων
1484 2273 1533 2307 μὲν
1544 2272 1575 2299 τὸ
1591 2272 1657 2299 Υἰοῦ
1672 2273 1764 2308 ινομα
1782 2274 1871 2307 ἀθετῆ-

1078 2317 1182 2343 σάντων
1196 2337 1203 2349 ,
1225 2318 1272 2344 καὶ
1290 2318 1357 2354 μηδὲ
1380 2318 1420 2354 τῷ
1446 2318 1541 2353 πλήθει
1562 2318 1617 2345 τῶν
1643 2320 1871 2355 παρασχεοέντων

1079 2362 1169 2394 αὐτοῖς
1191 2362 1437 2399 ἐχδυσωπηθέντων
1455 2373 1461 2378 -
1486 2363 1532 2390 τοῦ
1558 2364 1586 2390 δέ
1616 2365 1785 2400 μονογενοῦς
1814 2365 1871 2392 Ποῖ)

1078 2408 1291 2444 οἰκειωσαμένου
1309 2410 1410 2446 κυρίως
1428 2410 1603 2446 ῥωννυμένην
1623 2412 1721 2446 φωνήν
1735 2420 1743 2426 '
1764 2413 1809 2438 ὅτε
1824 2411 1872 2446 γὰρ

1079 2454 1125 2481 ἀπ’
1140 2454 1278 2489 Αἰγύπτου
1305 2455 1373 2491 μετὰ
1395 2456 1440 2482 τὸν
1470 2455 1589 2492 Ἡρώδου
1609 2456 1730 2484 Θάνατον
1755 2458 1872 2493 ἐπανῄει,

1079 2499 1214 2535 ἡρμόζετο
1228 2501 1330 2536 κυρίως
1337 2502 1384 2529 ἐπὶ
1396 2502 1478 2529 αὐτοῦ
1492 2503 1523 2529 τὸ
1533 2502 1628 2538 λεχθέν
1639 2512 1646 2518 ·
1660 2513 1669 2529 ι
1682 2503 1729 2536 Ἐξ
1738 2505 1872 2539 Αἰγύπτου

1079 2545 1196 2572 ἐκάλεσα
1213 2547 1259 2573 τὸν
1274 2546 1337 2573 Υἰόν
1354 2556 1416 2582 μου.
1437 2557 1446 2573 ι

1114 2591 1289 2626 Λαμϐάνεται
1305 2593 1353 2628 μὲν
1373 2593 1403 2620 τὸ
1418 2594 1500 2630 ῥητὸν
1515 2594 1561 2620 καὶ
1576 2594 1617 2625 εἰς
1644 2595 1741 2631 Κῦρον
1769 2596 1815 2623 τὸν
1831 2596 1871 2631 βα-

1078 2637 1172 2669 σιλέα,
1192 2639 1234 2665 ὅτι
1258 2640 1283 2666 οἰ
1302 2639 1389 2676 τούτῳ
1413 2640 1568 2676 βουλόμενοι
1584 2641 1764 2669 άντιστατεῖν
1776 2663 1784 2675 ,
1805 2643 1872 2670 οὐδὲν

1077 2683 1170 2719 ἓτερον
1183 2685 1325 2721 ὀνήσουσιν
1336 2706 1343 2717 ,
1359 2686 1375 2722 ἢ
1392 2687 1522 2722 αἰσχύνην
1535 2687 1742 2721 ἀπενέγκονται
1755 2698 1761 2704 -
1780 2692 1871 2718 νοεῖται

1077 2728 1106 2755 δὲ
1132 2730 1178 2756 καὶ
1204 2732 1244 2762 εἰς
1271 2732 1317 2758 τὸν
1353 2733 1480 2768 Ἰσραὴλ,
1500 2733 1538 2764 ὡς
1563 2733 1672 2766 πάντας
1704 2736 1871 2771 ὑποχειρίους

1078 2775 1176 2807 ἕξοντι.
1200 2792 1229 2796 -
1245 2778 1350 2813 κήπους
1369 2779 1484 2806 ἐντοιῦοα
1510 2779 1588 2806 καλεί
1613 2781 1664 2807 καὶ
1688 2782 1792 2814 αὑτοὺς
1820 2783 1871 2811 τοὺς
