1919 3075
58 154 128 183 1541

57 213 163 244 ⁴τόπους
184 213 238 238 τῶν
253 213 355 248 νήσων·
373 213 453 248 νῆσος
471 213 500 240 δὲ
517 215 563 240 καὶ
578 215 594 248 ἡ
617 214 792 250 Ἰερουσαλὴμ
807 215 851 241 λέ-

56 267 159 293 γεται,
186 259 352 295 συνεχομένη
375 261 423 295 μὲν
445 260 612 295 πανταχόθεν
631 261 683 286 ὑπὸ
706 260 758 286 τῶν
773 269 851 297 περι-

56 305 235 332 κυκλοῦντων
260 306 345 342 αὐτὴν
369 305 453 332 ἐθνῶν
472 325 479 337 ,
508 306 722 341 περικλυζομένη
747 307 775 333 δὲ
803 307 851 333 καὶ

57 350 117 378 ὑπὸ
131 351 186 378 τῶν
199 351 245 378 τοῦ
261 351 325 379 λαοῦ
349 352 489 387 ἁμαρτιῶν
509 348 546 378 ὧν
569 351 724 387 ἡμάρτανον
735 372 742 384 ,
759 353 800 384 εἰς
817 352 852 379 τὰ

58 396 111 431 ἔθη
129 397 184 423 τῶν
194 397 278 424 ἐθνῶν
295 398 471 429 ἐκπίπτοντες
483 418 490 430 ,
513 397 559 424 καὶ
578 398 618 428 εἰς
631 397 851 432 εἰδωλολατρείαν

58 442 272 476 ὀλισθαίνοντες.
299 443 532 476 Ἀνακαινίζεσθαι
545 443 634 470 τοίνυν
646 444 828 479 προτρέπεται
841 451 848 459 ·

60 489 185 525 μάλιστα
207 490 255 525 μὲν
280 489 464 525 πρωπτοτύπως
484 490 568 526 αὐτὴν
587 491 636 526 τὴν
662 490 847 525 Ἰερουσαλὴμ,

59 535 93 561 οὐ
109 535 164 571 μὴν
184 535 250 562 ἀλλὰ
275 535 322 562 καὶ
345 536 434 563 πάντα
448 537 528 563 τόπον
544 537 597 563 τῶν
622 537 705 564 ἐθνῶν
722 537 767 564 καὶ
784 537 849 564 ἀνα-

779 157 811 183 IN
829 146 955 188 tsmui

1615 153 1684 182 T542

866 219 887 245 Α
902 215 1066 246 Jerusalem,
1089 218 1183 250 utpote
1204 221 1264 249 quae
1279 213 1404 249 gentibus
1427 212 1547 247 undique
1565 211 1683 239 circum-

902 262 1051 290 ﬂuentibus
1062 261 1268 294 circumdatur;
1286 260 1481 287 circumluetur
1492 258 1572 286 etiam
1591 256 1682 292 populi

881 333 883 335 .
902 309 1022 344 peccatis
1036 309 1136 343 quibus
1153 315 1168 334 a
1193 307 1248 335 Deo
1264 306 1431 338 defecerunt,
1454 305 1488 331 ad
1507 311 1597 331 mores
1616 311 1683 337 gen-

901 356 970 382 tium
995 355 1110 390 delapsi,
1137 359 1163 381 et
1182 353 1216 380 ad
1239 353 1327 388 ipsum
1354 353 1487 379 idolorum
1511 350 1624 377 cultum.
1651 346 1684 374 [ι

902 401 1066 428 innoventur
1082 399 1143 427 ideo
1165 401 1257 425 monet
1275 405 1342 430 cos;
1358 396 1508 432 praesertim
1529 401 1594 421 vero
1606 392 1684 419 Jeru-

903 446 987 474 salem
1004 451 1031 473 et
1045 447 1193 481 quamlibet
1206 446 1326 482 gentium
1349 443 1487 478 regionem
1503 441 1637 480 hortatur,
1655 441 1685 464 ut

903 493 1040 528 excipiant
1058 501 1149 520 veram
1166 493 1199 520 dc
1219 492 1275 519 Deo
1293 490 1456 520 doctrinam,
1472 492 1498 515 et
1514 486 1568 513 Deo
1582 484 1683 520 gratias

903 539 1072 571 exhibentes,
1090 539 1205 566 salutem
1219 538 1271 566 sibi
1287 540 1444 572 operentur.

61 582 214 617 λαμϐάνειν
251 582 362 614 ἑαυτοὺς
389 583 429 615 εἰς
457 583 620 618 θεογνωσῖαν
637 604 644 615 ,
672 584 718 610 καὶ
750 584 992 619 πραγματεύεσθαι
1027 586 1131 617 ἑαυτοῖς
1155 584 1291 620 σωτηρίαν
1310 582 1435 613 αἰώνιον,
1471 578 1685 615 προστρέχοντας

61 631 95 664 τῇ
113 629 162 656 τοῦ
176 628 243 655 Θεοῦ
258 629 359 664 χάριτι.

99 677 174 713 Πρὸς
188 677 236 713 τὴν
248 677 318 704 οὕτω
336 678 456 714 μεγάλην
468 679 644 713 ἐπαγγελίαν,
656 679 702 706 καὶ
717 679 764 715 τὴν
778 680 848 713 ἐγει-

63 724 184 761 ρομένην
196 726 252 757 τοῖς
268 725 411 752 ἁκούουσιν
432 726 635 762 ἁμφισὸήτησιν
646 745 653 755 .
674 725 728 752 ἀπὸ
748 725 853 758 ἀξιοπί-

63 779 138 796 στων
152 770 207 797 τῶν
221 771 267 797 τοῦ
279 770 345 798 Θεοῦ
363 771 450 807 ἔργων
464 771 598 798 νουθετεῖν
621 771 706 798 ἔοικεν
727 773 741 798 ὁ
753 771 830 805 λόγος
845 779 852 786 ·

61 815 150 848 Οὗτος
175 817 248 852 γὰρ,
275 817 376 852 φησὶν,
400 818 414 844 ὁ
442 817 517 844 ταῦτ’
537 817 768 853 ἐπαγγελλόμενος
786 817 852 848 Θεός

62 863 141 889 ἐστιν
151 883 157 894 ,
172 863 186 888 ό
202 863 248 889 καὶ
260 863 372 898 οὐρανὸν
386 864 501 899 ποιήσας
512 884 519 894 ,
537 863 582 889 καὶ
597 865 648 898 γῆν
665 862 754 896 δείξας
772 862 851 898 ἔργον

61 908 214 943 γενομένην
227 910 275 944 τῆς
289 909 384 935 ἑαυτοῦ
397 909 583 945 προλαῦούσης
595 909 697 940 ἐννοίας
707 918 714 924 ·
729 909 775 935 καὶ
785 908 849 935 ταύ-

60 962 116 989 την
130 955 250 990 χωρίσας
265 955 318 981 ἀπὸ
335 955 388 982 τῶν
407 955 511 982 ὑδάτων
530 955 716 990 ςυναχθέντων
733 955 772 987 εἰς
787 963 849 981 συν-

61 1000 187 1034 αγωγάς.
218 1000 247 1026 '0
274 1001 362 1027 τοίνυν
387 1000 440 1027 τῶν
469 1000 576 1035 φύσεων
612 1000 714 1027 τούτων
738 1000 851 1036 ποιητὴς

61 1045 162 1072 οὔποτε
177 1045 310 1072 παύσεται
325 1045 611 1081 φιλανθρωπευόμενος
625 1054 631 1060 ·
653 1046 712 1072 οὐδὲ
730 1045 783 1081 γὰρ
803 1046 851 1072 dw-

62 1091 192 1129 θρώπους
205 1093 244 1124 εἰς
258 1092 287 1118 τὸ
304 1089 372 1118 εἶναι
387 1093 547 1127 παρήγαγεν
561 1111 568 1123 ,
585 1091 617 1117 ἶν’
634 1091 683 1127 ἔχῃ
701 1091 747 1123 οὒς
767 1099 852 1125 τιμω-

64 1140 200 1174 ρήσηται,
214 1138 262 1164 καὶ
277 1137 379 1174 ἔρημον
393 1137 500 1166 τούτων,
507 1137 555 1173 τὴν
571 1138 622 1173 γῆν
637 1137 761 1172 ἀποφήνῃ
772 1157 779 1168 ,
795 1136 851 1163 ἀλλ’

62 1184 110 1209 ἵνα
123 1183 264 1214 οἰκοῦντας
272 1183 402 1219 εὖεργετῇ
413 1203 420 1215 ,
436 1183 481 1210 καὶ
494 1182 690 1218 μετανοοῦντας
703 1182 777 1218 σώζῃ
787 1203 793 1214 ,
806 1182 852 1209 καὶ

62 1229 299 1264 ὲπιγινώσκοντας
316 1229 396 1255 αὑτὸν
410 1228 512 1264 διδάξῃ.

102 1277 132 1301 Οἱ
147 1275 236 1301 τοίνυν
251 1276 284 1301 ἐκ
296 1275 350 1301 τῶν
367 1274 450 1301 ἐθνῶν
464 1274 529 1300 Θεὸν
542 1274 727 1308 ἐπεγνωκότες
739 1274 786 1300 καὶ
801 1282 853 1300 σω-

61 1320 163 1356 τηρίας
177 1319 246 1353 ἄξιοι
265 1319 485 1355 ἀναδειχθέντες,
507 1320 705 1355 συστρέψαντες
729 1320 851 1352 ἑαυτοὺς,

63 1367 114 1392 καὶ
128 1365 200 1392 κατὰ
213 1365 274 1392 νοῦν
292 1365 529 1400 συσκοπησάμενοι
539 1386 546 1397 ,
563 1365 594 1391 τὸ
610 1365 709 1392 ἄτοπον
723 1365 852 1397 συνίδετε,

63 1412 108 1438 ὅτι
132 1412 156 1438 οἱ
183 1412 226 1437 ἐπ’
242 1410 324 1447 ὤμων
344 1410 472 1446 φέροντες
495 1410 528 1437 τὰ
553 1411 655 1439 ἑαυτῶν
683 1411 852 1446 σεϐάσματα,

65 1458 115 1484 καὶ
145 1457 269 1493 βοήθειαν
296 1456 402 1488 τούτοις
426 1456 552 1492 νέμοντες
562 1477 574 1489 ,ς
597 1457 628 1483 οὗ
658 1458 715 1492 μετ’
733 1458 763 1484 οὺ
787 1457 852 1483 πολὺ

65 1503 145 1530 πλεῖν
159 1503 310 1539 μέλλοντες,
330 1503 377 1529 καὶ
393 1502 501 1538 μακρὰν
517 1502 576 1529 ὁδον
594 1502 773 1538 στελλόμενοι,
788 1503 853 1538 παρ’

65 1549 181 1577 ἐκείνων
204 1549 330 1576 ἐπάνοδον
357 1548 534 1584 ἐπιζητοῦσι,
552 1548 598 1575 καὶ
614 1548 747 1583 σωτηρίαν
764 1549 853 1580 αὐτοῖς
866 1563 887 1591 C

64 1594 245 1630 χορηγεῖσθαι
261 1594 408 1629 ὴλπίκασι*
431 1593 489 1620 δέον
505 1593 535 1619 τὸ
550 1593 648 1620 ἄτοπον
668 1592 778 1619 συνιδεῖν
789 1614 796 1626 ,
812 1594 852 1620 ὃτι

65 1642 81 1667 ό
94 1640 214 1676 ἔμψυχος
233 1641 279 1667 καὶ
298 1639 386 1675 ἑαυτῷ
411 1639 562 1675 ἐπαμύνειν
590 1639 754 1674 δυνάμενος,
779 1640 855 1675 παρὰ

65 1685 116 1712 τοῦ
134 1685 249 1721 ἀϐοήθου
272 1686 318 1711 καὶ
336 1685 499 1720 ἀναισθήτου
516 1684 591 1711 οὐδὲν
606 1684 661 1711 τῶν
692 1684 782 1711 καλῶν
805 1685 856 1712 ἀπ-

65 1731 124 1757 ώνα
130 1730 188 1757 σθαι
202 1730 311 1757 δύναται
325 1730 392 1765 (10).

105 1776 141 1802 Τὸ
161 1775 342 1812 ἀκοινώνητον
360 1776 411 1811 τῆς
426 1775 473 1802 τοῦ
489 1775 557 1801 Θεοῦ
578 1774 686 1811 φύσεως
705 1775 751 1802 καὶ
772 1775 856 1809 ἀσύγ-

67 1830 163 1859 κριτον
177 1822 228 1849 κάν
244 1822 331 1857 τούτῳ
349 1821 524 1857 σημαίνεται·
550 1820 662 1856 μηδενὸς
684 1820 763 1848 ἄλλου
785 1820 856 1847 οὕτω

65 1869 99 1896 τὸ
115 1867 185 1895 εἶναι
200 1867 366 1903 κεκτημένου
379 1888 385 1900 ,
403 1867 483 1902 μόνον
504 1866 533 1893 δὲ
552 1866 628 1897 ὄντος
647 1867 792 1902 ἀγενήτου,
809 1867 856 1893 καὶ

65 1915 99 1942 τὸ
112 1914 214 1941 δίκαιον
231 1913 339 1948 ἑκάστῳ
359 1913 497 1948 νέμοντος.
512 1927 547 1932 -—
564 1912 666 1947 Ἰησοῦς
681 1912 711 1939 δέ
729 1913 787 1940 ἐστι
805 1921 856 1939 σω-

66 1961 151 1997 τηρία
165 1960 231 1987 Θεοῦ
241 1980 248 1991 ,
267 1960 326 1986 κατ’
341 1958 406 1985 αὐτὸ
422 1958 451 1984 τὸ
468 1958 553 1997 ὄνομα
563 1966 571 1973 ·
584 1958 630 1985 καὶ
645 1959 658 1984 ὁ
677 1949 773 1994 Ξίωτὴρ
790 1958 856 1990 Θεὸς

67 2009 98 2035 ἐν
117 2007 191 2042 αὐτῷ
202 2028 209 2039 ,
228 2006 274 2033 καὶ
295 2005 376 2036 αὐτὸς
390 2005 418 2031 ὲν
431 2004 490 2040 Θεῷ
504 2013 511 2020 ·
534 2005 563 2031 οὑ
581 2004 612 2040 δὴ
628 2004 673 2031 τὸν
688 2004 776 2039 ἑαυτῷ
790 2004 855 2036 Θεὸς

67 2052 194 2089 ἀφορίζει
214 2051 309 2079 ἑαυτοῦ
323 2052 369 2078 καὶ
383 2050 429 2077 τοῦ
446 2048 532 2082 εἶναι,
548 2050 615 2077 ἀλλὰ
631 2050 677 2076 τὸν
691 2049 742 2083 ἔξω
761 2049 807 2076 καὶ
826 2050 856 2076 ἐν

69 2100 153 2135 ἑτέρᾳ
176 2099 287 2134 δυνάμει
309 2096 481 2132 δικαιοσύνης
498 2097 544 2122 καὶ
573 2096 708 2132 σωτηρίας
723 2103 730 2110 ·
748 2096 778 2122 οὗ
802 2096 856 2131 γάρ

68 2147 146 2172 ἐστιν
162 2145 237 2171 οὐδὲν
252 2144 372 2171 τοιοῦτον
386 2142 524 2177 ἀλλότριον
541 2141 588 2168 τοῦ
605 2141 762 2177 μονογενοῦς
777 2141 855 2173 Θεοῦ,

68 2192 121 2227 τῆς
147 2191 229 2227 μόνης
249 2190 340 2225 πηγῆς
360 2189 414 2216 τῶν
436 2187 546 2222 ἀγαθῶν
559 2195 565 2202 '
594 2187 623 2214 ἒν
635 2188 689 2223 γὰρ
704 2187 734 2214 τὸ
755 2187 856 2221 ἀγαθὸν

69 2238 164 2265 καὶτὸ
184 2237 212 2270 ἐξ
232 2236 312 2264 αὑτοῦ
337 2235 435 2267 ταύτὸ,
459 2235 497 2267 ὡς
521 2232 602 2261 είκὼν
627 2232 739 2269 ἀληθινή
761 2242 790 2261 τε
810 2234 856 2261 καὶ

69 2283 183 2318 φυσική.

113 2330 141 2356 '0
161 2329 296 2364 σωτηρίας
312 2327 426 2363 χορηγὸς
454 2327 500 2354 καὶ
521 2327 593 2362 ζωῆς
613 2326 699 2357 αἴτιος
722 2325 845 2358 σώζεσθα

68 2376 174 2406 πάντας
189 2374 388 2410 προτρέπεται,
404 2373 450 2400 καὶ
465 2374 494 2400 ἐν
509 2373 609 2409 βεϐαίῳ
625 2372 747 2408 δεδέχθαι
759 2372 792 2399 τὰ
807 2372 854 2406 τῆς

69 2422 111 2451 εἰς
132 2420 230 2451 αὐτοὺς
251 2418 397 2454 γενομένης
420 2418 594 2452 ἐπαγγελίας.
626 2418 732 2454 Ἐπειδὴ
759 2417 813 2453 γὰρ
839 2417 855 2452 ἠ

69 2467 167 2501 κλῆσις
187 2466 234 2492 καὶ
263 2465 398 2496 Ἰουδαίοις
423 2466 558 2500 σωτηρίαν
583 2465 783 2500 ἐμνηστεύετο,
809 2463 855 2490 καὶ

69 2513 135 2546 ἔθνη
159 2512 208 2547 τῆς
233 2511 318 2546 αὐτῆς
341 2511 445 2546 δωρεᾶς
467 2510 543 2545 ἠξίου
559 2511 605 2537 καὶ
621 2510 725 2541 πάντας
739 2510 856 2536 ἁπαντα-

67 2558 151 2597 χόθεν
175 2559 207 2593 τῇ
229 2557 276 2584 τοῦ
299 2557 365 2584 Θεοῦ
378 2557 594 2592 προστρέχοντας
612 2556 701 2591 δωρεᾷ
723 2555 855 2587 σώζεσθαι

67 2603 279 2641 εὐηγγελίζετο·
304 2604 328 2629 εἰ
352 2603 405 2638 γὰρ
421 2603 436 2629 ό
465 2602 571 2638 Ἰσραὴλ
597 2602 665 2637 μετὰ
687 2601 718 2628 τὸ
738 2601 855 2628 τοσαῦτα

67 2651 230 2688 ἀμαρτῆσαι
245 2650 355 2686 χάριτος
373 2649 468 2685 ἐδεήθη
481 2668 489 2681 ,
505 2648 594 2683 πολλῷ
617 2648 717 2683 μᾶλλον
739 2648 810 2683 μέγα
826 2646 855 2673 ὃν

67 2699 100 2726 τὸ
111 2698 258 2734 λεγόμενον
268 2697 418 2730 ἡπιστεῖτο,
432 2696 470 2727 ῶς
484 2695 562 2731 μόνον
574 2694 626 2726 ἓως
637 2694 765 2730 ῥημάτων
778 2693 856 2720 τοῦτο

67 2745 283 2779 δεχθησόμενον,
301 2741 361 2776 οὐχὶ
384 2741 413 2768 δὲ
429 2740 476 2767 καὶ
497 2740 536 2771 εἰς
560 2739 639 2774 ἔργον
662 2738 854 2774 προχωρῆσαν.

68 2790 165 2816 [Idam
185 2789 273 2815 τοίνυν
302 2787 504 2823 ἀμφισϐήτησιν
529 2786 584 2817 τοῖς
609 2784 786 2819 καλουμένοις
811 2783 856 2809 ἐπὶ

106 2846 163 2879 (10)
179 2845 372 2881 Fragmentum
395 2844 445 2871 hoc
461 2843 623 2871 Heracleon
641 2841 741 2869 editum
765 2840 862 2874 legitur

70 2890 129 2914 pag.
151 2880 210 2907 5l7.

941 677 1026 704 Vsus.
1051 677 1095 704 i8.
1115 676 1155 704 Ad
1189 673 1402 703 confirmandam
1431 675 1567 698 tantarum
1593 677 1684 696 rerum

903 723 1138 759 pratdicationem,
1159 726 1187 750 et
1202 721 1338 749 tollendas
1354 718 1520 746 audientium
1538 716 1685 743 dubitatio-

905 777 966 802 nes,
991 769 1217 805 praestantissima
1239 767 1286 794 Dei
1309 766 1605 801 opera.commemorat
1623 769 1686 796 pro-

903 816 995 852 pheta.
1011 815 1063 849 Qui
1079 815 1131 843 ista
1151 814 1292 842 denuntiat
1308 813 1378 840 idem
1399 814 1452 841 est,
1469 809 1567 843 inquit,
1593 815 1623 835 ac
1641 808 1686 835 ille

869 887 887 913 Β
905 863 950 898 qui
975 863 1075 891 C(elum
1099 861 1173 894 fecit,
1197 865 1225 889 et
1246 865 1348 887 terram
1371 857 1543 886 extrinsecus
1565 855 1686 882 ostendit

1045 910 1051 913 .
1117 908 1135 913 ι.
1157 909 1163 913 .
1304 907 1319 913 ,Α
1344 911 1348 913 .
1454 910 1460 913 .
1513 910 1535 913 ..λ
1559 902 1589 913 -I.
1608 903 1683 913 -_._:-

903 912 992 936 mente
1011 910 1087 944 prius
1109 908 1201 936 divina
1217 907 1397 942 excogitatam
1410 927 1417 938 ,
1436 910 1463 933 et
1478 910 1537 934 eam
1558 902 1591 929 ab
1606 903 1684 937 aquis

902 955 1061 982 ilistinxitin
1076 953 1302 990 congregationes
1315 960 1380 980 suas
1395 952 1498 980 coactis
1523 952 1621 979 Rerum
1637 958 1685 976 au—

901 1005 955 1028 tem
972 1001 1087 1028 istarum
1105 999 1242 1031 conditor,
1259 1006 1346 1034 usque
1362 997 1548 1034 perseverabit
1561 996 1685 1024 homines

902 1046 993 1075 studio
1011 1054 1061 1073 suo
1078 1049 1290 1080 persecuturus;
1306 1051 1360 1071 non
1375 1044 1447 1071 enim
1463 1044 1517 1071 vita
1537 1050 1584 1070 eos
1600 1042 1685 1069 dona-

903 1091 939 1118 vit
956 1096 985 1119 ut
999 1092 1112 1118 haberet
1135 1098 1204 1126 quos
1225 1090 1345 1125 puniret,
1359 1094 1406 1116 aut
1426 1093 1527 1116 terram
1552 1087 1684 1122 praeberet

902 1139 937 1166 ab
952 1139 1013 1166 istis
1035 1145 1160 1170 vacuam,
1187 1137 1235 1164 sed
1257 1141 1286 1162 ut
1310 1138 1401 1170 posset
1424 1139 1558 1162 terrarum
1582 1133 1686 1161 insulas

903 1184 1005 1217 fovere,
1032 1187 1059 1210 et
1074 1181 1264 1218 ptenitentiam
1285 1185 1395 1216 agentes
1413 1187 1534 1213 servare,
1549 1182 1575 1206 et
1600 1186 1684 1213 agno-

903 1235 1011 1257 scentes
1026 1237 1087 1256 eum
1103 1228 1212 1256 docere.

938 1274 1021 1302 Vens.
1043 1274 1087 1301 20.
1111 1273 1196 1308 Igitur
1224 1281 1257 1300 ex
1279 1273 1406 1308 gentibus
1425 1272 1470 1307 qui
1500 1271 1585 1298 Deum
1607 1271 1686 1298 novi-

903 1322 965 1354 stis,
983 1326 1010 1349 et
1035 1321 1127 1348 salute
1146 1319 1222 1355 digni
1244 1319 1376 1347 declarati
1401 1319 1479 1350 estis.
1506 1317 1632 1345 conversi
1657 1320 1686 1344 et

903 1368 995 1394 animo
1009 1366 1148 1394 vobiscum
1161 1369 1317 1400 reputantes
1330 1365 1526 1392 absurditatem
1538 1364 1611 1390 illam
1624 1371 1686 1398 per-

903 1413 1012 1449 pendite
1028 1422 1034 1440 :
1052 1412 1125 1448 quod
1141 1412 1158 1439 ii
1173 1412 1219 1447 qui
1235 1412 1382 1439 simulacra
1401 1411 1436 1438 ab
1450 1418 1480 1438 se
1501 1410 1574 1437 culta
1588 1410 1686 1437 hume-

904 1459 942 1486 ris
966 1463 1075 1493 gestant
1093 1458 1216 1494 ipsisque
1243 1466 1321 1493 opem
1344 1457 1444 1487 ferunt.
1464 1456 1536 1484 haud
1556 1456 1603 1484 diu
1623 1460 1686 1491 post

904 1504 1070 1539 navigaturi,
1093 1507 1120 1531 et
1134 1504 1244 1539 longum
1263 1504 1315 1531 iter
1335 1502 1491 1536 emensuri;
1509 1502 1543 1529 ab
1565 1502 1598 1529 iis
1617 1502 1687 1530 salu-

904 1554 957 1578 tem
981 1550 1034 1578 sibi
1053 1553 1079 1578 et
1096 1550 1213 1577 reditum
1228 1557 1390 1577 concessum
1413 1549 1446 1576 iri
1470 1552 1600 1584 sperent;
1622 1555 1686 1575 cum

904 1600 1043 1631 oporteret
1060 1597 1100 1623 rei
1113 1596 1311 1624 absurditatem
1329 1595 1489 1628 intelligere,
1504 1593 1614 1629 quando
1625 1594 1686 1629 qui-

904 1641 964 1669 dem
983 1641 1028 1676 qui
1045 1641 1180 1669 animatus
1194 1645 1235 1669 est
1254 1645 1280 1668 et
1297 1649 1375 1676 opem
1391 1640 1444 1667 sibi
1465 1639 1534 1667 ferre
1548 1640 1630 1670 valet,
1651 1639 1687 1667 ab

904 1694 936 1714 eo
951 1687 996 1721 qui
1013 1686 1080 1713 nihil
1095 1686 1192 1721 juvarc
1207 1690 1297 1721 potest
1310 1690 1337 1713 et
1352 1693 1435 1713 sensu
1448 1690 1524 1712 caret
1539 1684 1607 1712 nihil
1621 1685 1685 1711 boni

905 1732 1046 1768 percipere
1062 1733 1143 1759 valet.

940 1777 1023 1806 Vens.
1047 1778 1093 1805 2L
1114 1777 1161 1805 Dei
1186 1782 1311 1805 naturam
1340 1785 1402 1804 cum
1430 1777 1483 1804 alia
1507 1775 1634 1804 contendi
1659 1780 1686 1803 et

898 1818 1057 1859 comparari
1071 1830 1124 1850 non
1141 1830 1221 1858 posse
1232 1822 1387 1850 declaratur
1398 1821 1454 1854 hic,
1471 1829 1532 1848 cum
1551 1829 1604 1848 non
1617 1820 1686 1848 alius

904 1868 998 1896 eodem
1022 1868 1102 1896 modo
1117 1868 1148 1894 τὸ
1164 1876 1225 1896 esse
1241 1868 1388 1903 possideat,
1413 1875 1473 1894 cum
1497 1875 1568 1894 unus
1584 1866 1687 1902 ingeni-

905 1918 950 1942 tus
982 1914 1027 1944 sit,
1048 1919 1075 1942 et
1094 1921 1174 1942 suum
1194 1914 1291 1949 cuique
1319 1913 1459 1948 largiatur.
1482 1912 1562 1940 Iesus
1595 1916 1685 1938 autem

904 1963 946 1987 est
977 1959 1052 1987 salus
1079 1959 1145 1992 Dei,
1167 1959 1239 1995 quod
1270 1966 1367 1986 nomen
1396 1958 1485 1993 ipsum
1505 1960 1637 1989 testatur;
1659 1960 1687 1982 et

906 2005 1031 2032 Salvator
1047 2005 1119 2033 Deus
1138 2005 1166 2032 in
1181 2005 1253 2040 ipso,
1272 2009 1298 2032 et
1314 2004 1372 2040 ipse
1392 2004 1419 2031 in
1435 2004 1500 2036 Deo,
1517 2011 1596 2038 quem
1613 2002 1686 2029 enim

904 2053 933 2079 in
949 2059 978 2079 se
994 2059 1048 2078 non
1065 2059 1079 2077 a
1100 2059 1128 2078 se
1139 2055 1166 2078 et
1180 2051 1213 2078 ab
1228 2059 1290 2079 esse
1305 2050 1438 2082 excludit,
1458 2049 1505 2077 sed
1524 2050 1644 2076 alienum
1661 2051 1688 2075 et

906 2098 933 2125 in
945 2098 998 2125 alio
1011 2097 1125 2132 justitim
1141 2101 1167 2125 et
1184 2098 1281 2125 salutis
1302 2097 1397 2124 ordine
1417 2096 1615 2128 constitutum;
1634 2102 1688 2122 non

905 2148 946 2172 est
969 2144 1041 2171 enim
1065 2143 1158 2176 justus
1182 2147 1209 2171 et
1237 2143 1363 2170 Salvator
1393 2145 1489 2177 praeter
1519 2142 1688 2176 unigenitum

906 2189 1002 2221 Deum,
1029 2197 1112 2216 unum
1140 2189 1202 2216 boui
1231 2189 1365 2224 cujusque
1393 2188 1512 2219 fontem;
1538 2195 1621 2214 unum
1647 2191 1690 2214 est

872 2236 894 2264 ο
907 2237 979 2264 enim
995 2237 1108 2268 bonum,
1126 2239 1152 2263 et
1167 2235 1240 2270 quod
1257 2243 1289 2263 ex
1305 2243 1337 2263 co
1353 2234 1458 2267 itidem,
1473 2238 1503 2261 ut
1518 2241 1581 2261 vera
1597 2237 1624 2261 et
1640 2241 1689 2260 na-

907 2284 1003 2312 turalis
1020 2283 1120 2318 imago.

941 2329 1024 2357 Vsus.
1051 2329 1096 2356 22.
1125 2328 1228 2356 Salutis
1252 2328 1378 2363 princeps
1401 2330 1428 2354 et
1451 2327 1513 2354 vita:
1539 2329 1634 2353 auctor
1658 2329 1689 2352 ut

906 2384 1002 2404 omnes
1024 2375 1090 2403 salvi
1117 2375 1183 2402 [lant
1198 2375 1333 2406 hortatur,
1352 2378 1379 2401 et
1401 2380 1554 2402 sermonem
1579 2371 1638 2406 ejus
1655 2371 1688 2398 ad

905 2421 980 2455 ipsos
1003 2420 1121 2448 delatum
1141 2420 1232 2448 studio
1259 2419 1423 2454 suscipiant.
1445 2418 1593 2446 Vocatione
1615 2417 1689 2444 enim

907 2466 1021 2493 salutem
1037 2465 1139 2493 Iudaeis
1152 2465 1348 2500 despondebat,
1365 2470 1392 2492 et
1404 2468 1500 2500 gentes
1518 2464 1613 2491 eodem
1628 2470 1689 2489 mu-

908 2520 972 2540 nere
983 2511 1079 2547 dignas
1093 2511 1258 2542 declarabat,
1281 2516 1308 2538 et
1325 2518 1421 2539 omnes
1435 2510 1614 2538 denuntiabat
1633 2508 1690 2536 sal-

908 2557 1022 2590 vandos,
1042 2561 1135 2592 utpote
1155 2557 1201 2592 qui
1217 2565 1250 2584 ex
1267 2557 1395 2584 omnibus
1409 2561 1544 2584 terrarum
1565 2555 1689 2590 partibus

909 2602 956 2630 Dei
970 2603 1057 2637 gratia
1082 2603 1278 2630 excitarentur.
1301 2602 1378 2636 Quod
1403 2606 1493 2629 autem
1509 2601 1611 2629 ludatis
1626 2605 1689 2635 post

909 2654 947 2675 tot
967 2655 1000 2675 ac
1021 2652 1097 2675 tanta
1120 2652 1231 2683 peccata
1247 2649 1325 2676 venia
1353 2657 1422 2684 opus
1445 2653 1513 2680 erat,
1539 2655 1572 2675 eo
1601 2647 1689 2681 magis

909 2694 994 2722 tantis
1018 2695 1162 2729 promissis
1186 2694 1353 2726 dimdebaut,
1371 2695 1448 2730 quasi
1470 2694 1560 2721 verbis
1582 2697 1689 2719 tantum

910 2738 1061 2773 proﬁtenda
1083 2743 1187 2770 essent,
1212 2746 1242 2766 re
1263 2746 1328 2766 vero
1352 2745 1491 2773 nunquam
1511 2734 1686 2772 perﬁcienda.

910 2784 967 2816 Qua
980 2783 1013 2811 de
1029 2791 1123 2815 causa,
1142 2787 1171 2810 ut
1187 2784 1373 2812 dubitationes
1388 2791 1509 2819 quasque
1522 2782 1640 2818 gentium
1655 2779 1688 2806 ad

884 2841 963 2866 etiam
991 2840 1060 2875 apud
1083 2840 1312 2868 liloutiauconium
1335 2841 1362 2868 in
1386 2841 1476 2868 (ἔνατα
1495 2839 1688 2874 pnla'ographia
