1919 3075
243 141 254 168 Ι
260 141 311 168 545

242 200 357 227 salutem
371 202 527 226 vocatarum
546 188 654 225 tolleret
675 197 758 230 Deus,
771 198 958 232 jurameutum
973 197 1018 224 ad-
1032 201 1054 229 Α

242 246 340 276 hibuit,
354 249 380 272 et
397 252 429 272 eo
442 244 552 279 quidem
574 243 660 270 utitur
677 251 739 270 cum
754 244 912 271 hominibus
931 244 1021 270 disce-

241 295 332 325 ptans,
350 297 403 324 quo
417 296 498 324 quam
523 289 707 316 ﬁrmissimam
731 289 783 316 sibi
806 289 878 324 apud
894 288 1019 315 homines

242 335 320 362 ﬁdem
338 335 449 362 faceret.

277 380 360 407 Vens.
381 380 426 407 25.
447 380 608 414 Quicunque
630 379 657 406 in
685 380 736 407 hac
761 381 816 406 vita
844 379 877 407 de
900 379 1020 415 peccatis

242 428 301 454 suis
316 426 505 461 pmnitentiam
520 433 572 451 non
590 428 680 459 agent,
693 429 730 457 et,
747 425 854 460 ingrato
867 426 958 452 animo
973 426 1021 453 de-

241 471 325 506 cepti,
353 471 492 498 Christum
525 470 647 498 conﬁteri
675 470 810 498 noluerint
839 470 1019 506 (confunden-

242 518 308 551 tur).

278 562 360 590 Vens.
376 562 420 589 26.
441 561 667 589 Justiﬁcabuntur
678 569 742 589 vero
759 566 786 590 et
797 561 1021 597 gloriﬁcabuntnr

242 617 291 644 per
309 617 416 635 omnem
433 609 511 635 vitam
529 616 605 635 suam
630 609 676 642 qui
698 608 836 635 Christum
860 616 1019 643 agnoscere,

240 655 372 689 justitiam
392 654 498 688 operari
519 659 545 681 et
558 661 650 681 verum
666 662 758 681 semen
775 653 857 681 Israel
874 653 941 681 eﬁiei
960 659 1018 683 stuc

242 700 361 727 duerint.

278 745 342 772 Cn.
359 745 450 777 XLVI,
469 744 548 773 Vens.
564 745 588 772 l.
610 745 659 772 llic
682 749 814 772 memorat
836 745 908 773 Deus
929 746 1020 773 omnia

243 797 317 818 certo
339 791 442 826 perﬁci,
467 799 635 826 quaecunque
664 791 697 818 ab
723 799 755 818 eo
775 791 884 818 fuerunt
896 791 1018 825 decreta;

242 837 277 864 de
292 837 370 864 idolis
383 844 447 863 vero
463 845 516 863 non
533 836 604 863 idem
616 837 716 869 valcre,
733 836 779 863 scd
792 844 822 863 ea
837 837 958 864 omnium
973 845 1019 864 co-

243 889 301 908 ram
325 882 410 909 oculis
426 881 587 916 prostranda
601 889 671 909 esse.
688 882 823 917 Agnoscat
838 883 953 917 quisque
972 890 1019 909 ve-
1035 869 1055 896 Β

243 933 329 955 suum
347 928 427 955 verba
443 935 501 954 mea
518 935 571 954 non
590 934 686 961 vanam
699 935 759 954 esse
770 928 958 962 jactationem,
971 927 1019 956 sed

242 977 344 1000 certam
368 980 458 1000 rerum
484 980 546 999 mox
569 977 760 999 ereuturarum
781 973 982 1007 praedictionem
1004 980 1020 1000 a

242 1018 297 1045 Dco
313 1018 429 1050 factam;
457 1025 518 1044 nam
543 1024 603 1044 cum
623 1018 762 1044 nuntiaret
787 1017 858 1045 Deus
882 1017 1019 1044 Abraham

242 1071 335 1091 semen
348 1073 379 1091 0X
396 1072 428 1092 80
443 1070 630 1099 egressurum,
645 1068 672 1090 et
688 1068 789 1090 terram
809 1067 1018 1098 occupaturum,

239 1110 347 1137 dicente
370 1110 422 1137 isto
446 1117 453 1136 :
487 1117 497 1134 ι
523 1107 676 1135 Secundum
699 1109 763 1143 quid
787 1108 915 1136 sciam?»
943 1112 1020 1136 ratus

241 1148 436 1191 patriarcha“),
461 1155 562 1182 auditis
586 1155 788 1182 calamitatibus
810 1154 843 1181 ad
859 1154 1019 1189 sapientiam

242 1201 432 1229 instruendum
445 1208 518 1232 esse,
539 1200 663 1234 praedixit
682 1200 790 1235 generis
805 1201 974 1234 servitutem,
994 1203 1021 1228 et

242 1250 304 1280 post
318 1245 497 1280 quadraginta
517 1248 544 1272 et
559 1245 756 1280 quinquaginta
781 1252 869 1272 annos
887 1245 1022 1272 liberatio-

243 1299 304 1318 nem
316 1291 337 1307 ‘°
352 1301 358 1318 :
374 1299 434 1326 quae
456 1291 547 1318 omnia
575 1295 672 1318 eventu
688 1290 847 1317 conﬁrmata
865 1294 938 1322 sunt,
957 1290 1021 1318 licet

242 1345 297 1364 non
312 1336 392 1364 fuerit
414 1337 665 1372 quisprzedictorum
683 1336 883 1364 exsecutionem
901 1340 1018 1372 urgeret.

277 1424 359 1452 Vens.
375 1425 402 1452 ‘2.
422 1425 517 1452 Vestra
540 1426 630 1453 omnia
652 1426 678 1452 in
705 1426 889 1460 captivitatem
909 1425 1019 1458 tradita,

241 1477 312 1497 onus
327 1473 406 1496 erunt
421 1470 605 1504 elcphantium
618 1473 645 1496 et
657 1470 842 1503 jumentorum
859 1469 960 1504 quibus
971 1469 1022 1496 abv

242 1516 366 1543 ducenda
382 1516 565 1550 imponentur.
583 1515 639 1542 lmo
652 1514 837 1549 fatigabuntur
848 1519 875 1542 et
889 1515 937 1541 viri
948 1515 1021 1542 scul-

243 1562 319 1596 ptilia
340 1565 491 1597 portantes.
520 1561 558 1588 Eo
582 1568 689 1596 quoque
714 1561 828 1588 istorum
851 1560 1022 1588 imbecillita-

243 1612 297 1635 tem
321 1608 533 1640 conlitebuntur,
563 1615 625 1635 cum
649 1615 679 1634 ea
703 1611 842 1642 portantes
861 1606 1020 1642 fatigantur,

242 1658 270 1680 et
293 1653 357 1681 deos
380 1653 497 1681 ferentes
524 1654 669 1685 deticiunt,
698 1661 712 1680 ιι
740 1653 841 1688 quibus
866 1654 958 1688 potius
979 1660 1023 1680 re-

243 1699 352 1727 creandi
363 1703 452 1731 erant,
469 1700 492 1726 si
504 1699 551 1734 qui
565 1698 603 1726 dii
617 1698 743 1726 fuissent.

1034 1545 1056 1573 ϐ

281 1786 362 1815 Vens.
390 1788 416 1815 ὅ.
445 1786 559 1814 Deducit
592 1794 640 1815 eos
670 1788 704 1814 ad
736 1788 910 1823 intelligenda
936 1789 1023 1823 lpsms

242 1833 336 1865 verba,
354 1833 551 1860 commendatis
566 1833 721 1868 patriarcha
735 1838 762 1861 et
779 1834 864 1869 gloria
879 1833 957 1868 ejus;
974 1841 1023 1860 cu-

241 1879 288 1912 jus
302 1886 387 1914 geuus
399 1886 459 1906 esse
473 1878 634 1913 gloriantur,
653 1879 792 1906 imitentur
803 1883 830 1906 et
841 1886 931 1906 mores
944 1886 1024 1914 opor—

243 1929 292 1952 tet.
312 1925 378 1952 Cum
402 1926 524 1960 reliquiae
543 1924 627 1952 Israel
649 1925 719 1958 sitis,
737 1925 846 1953 .reliclaa
862 1925 949 1952 tribus
965 1930 1024 1952 tan-

243 1975 301 1998 tum
316 1971 385 2004 duae,
404 1971 510 1998 caeteris
523 1970 617 1997 decem
640 1970 668 1997 in
683 1970 868 2005 captivitatem
885 1969 1022 2003 abductis,

245 2023 300 2042 non
311 2022 360 2043 vos
375 2015 511 2047 deseram,
527 2015 549 2042 si
562 2015 751 2049 paenitentiam
768 2015 891 2050 egeritis.
978 2010 982 2013 ’

283 2103 364 2130 Vens.
391 2102 417 2130 5.
438 2102 511 2135 ’Quis
537 2102 571 2129 sit
595 2102 639 2130 ille
662 2111 739 2130 error
765 2103 867 2131 indicat
893 2104 1024 2132 orationis

245 2152 400 2176 contextus.
425 2148 492 2174 Nam
517 2148 627 2175 insitam
656 2149 733 2177 vobis
758 2149 900 2181 habentes,
924 2150 1022 2184 inquit,

245 2194 390 2228 imaginem
413 2200 510 2225 meum,
541 2193 573 2221 ad
597 2194 720 2221 facienda
737 2194 809 2221 idola
822 2193 1023 2227 'descendistis,

245 2239 323 2274 quasi
337 2246 385 2273 per
401 2246 433 2266 ea
450 2246 492 2266 me
505 2239 672 2271 veneraturi,
690 2243 719 2266 ut
738 2239 837 2267 animis
853 2240 951 2267 vestris
972 2240 1024 2266 im-

247 2291 366 2318 pressam
383 2284 500 2318 speciem
515 2283 570 2318 jam
591 2292 639 2319 per
651 2284 765 2318 eﬁigiem
787 2292 942 2320 expressam
959 2292 1024 2312 ocu-

245 2329 280 2356 lis
296 2329 392 2356 intueri
408 2329 530 2364 possitis.

279 2372 361 2402 Vens.
378 2374 405 2402 6.
424 2373 459 2401 Ut
485 2382 539 2402 aere
553 2375 618 2402 dato
637 2375 718 2403 deum
741 2375 819 2403 vobis
835 2375 952 2409 faciant;
973 2383 1024 2411 ego

245 2427 310 2447 vero
333 2420 488 2448 mercedem
513 2428 529 2448 a
559 2421 635 2448 vobis
658 2421 760 2448 nullam
781 2421 910 2456 deposco,
936 2423 1024 2456 gratia

245 2468 341 2492 contra
362 2470 390 2492 et
416 2466 605 2493 misericordia
628 2467 706 2494 vobis
728 2474 842 2502 quaeque
862 2467 974 2502 largior,
997 2471 1025 2495 et

244 2517 306 2544 quae
317 2517 371 2537 non
385 2514 464 2537 erant
474 2511 528 2537 vita
542 2510 625 2538 dono.

284 2554 365 2584 Vsns.
386 2557 412 2583 8.
433 2556 603 2585 Omnimodis
623 2556 775 2585 rationibus
796 2561 906 2585 revocat
924 2565 972 2586 eos
991 2558 1025 2586 ad

228 2629 229 2633 η
247 2602 408 2637 sapientiam
427 2607 454 2630 et
477 2602 511 2630 ad
535 2603 749 2631 recordationem
771 2607 829 2630 tum
852 2608 1026 2639 peccatorum

247 2655 309 2681 quae
323 2647 374 2682 ipsi
388 2647 558 2681 admiserint,
574 2653 632 2675 tum
646 2649 847 2677 benefactorum
860 2649 960 2684 quibus
980 2656 1027 2677 eos

249 2691 322 2719 Deus
336 2693 468 2720 continuo
489 2695 642 2728 exornavit,
661 2699 689 2721 ut
703 2695 736 2722 de
755 2694 863 2722 delictis
887 2695 946 2722 suis
961 2703 1028 2722 con-

251 2737 302 2764 scii
316 2737 390 2770 facti,
406 2743 433 2766 et
450 2739 565 2775 seipsos,
583 2744 710 2776 tanquam
730 2740 787 2768 suis
805 2740 934 2775 operibus
950 2748 1026 2768 mor-

296 2814 394 2842 “Gen.
413 2825 454 2848 xv,
473 2818 499 2849 8,
520 2818 559 2843 l3.

814 137 985 165 TllEODOIu
1006 137 1262 165 llERACLEENSIS

1792 139 1858 166 13H

1069 197 1189 232 σωτηρίᾳ
1203 197 1273 223 λύων
1284 217 1292 228 ,
1307 197 1387 232 ὅρκον
1403 196 1499 230 ἐπάγει
1512 216 1518 228 ,
1537 197 1584 223 καὶ
1598 196 1687 231 τούτῳ
1704 197 1858 231 συγκέχρη-

1070 251 1136 275 ἰῖαι⁷
1163 243 1201 274 ὡς
1228 242 1381 278 ἀνθρώποις
1411 242 1615 277 διαλεγόμενος,
1643 239 1666 276 ᾧ
1687 242 1806 277 μάλιστα
1828 243 1858 268 τὸ

1072 289 1255 323 συμπέρασμα
1273 289 1362 324 πάσης
1378 288 1606 324 ἀμφισϐητήσεως
1619 289 1707 316 αἴτιον
1718 288 1858 315 ἑπιλὺεται

1069 335 1125 365 τοῖς
1137 333 1300 369 ἀνθρώποις.

1105 380 1136 406 Οί
1153 379 1190 415 μὴ
1209 381 1237 407 ἐν
1263 379 1301 415 τῷ
1326 380 1375 415 βίῳ
1397 388 1484 415 τουτῳ
1509 382 1727 415 μετανοήσαντες
1745 387 1797 415 μεν
1817 380 1859 413 ἔτ’

1069 423 1110 456 οἷς
1124 425 1264 460 ἥμαρτον,
1287 425 1505 460 ἀγνωμονοῦντες
1529 425 1573 457 δὲ,
1596 425 1643 452 καὶ
1664 426 1732 460 πρὸς
1747 424 1799 460 τὴν
1811 425 1858 451 τοί

1070 471 1187 507 Χριστοῦ
1203 471 1359 506 ὁμολογίαν.

1103 559 1186 596 Δόξης
1202 561 1230 586 δὲ
1247 561 1294 587 καὶ
1307 560 1493 596 εὑθυμοσύνης
1511 560 1737 596 πληρωθήσονται
1750 560 1857 587 ἅπαντα

1069 604 1114 632 τὸν
1128 604 1230 631 ἑαυτῶν
1247 605 1318 639 βίον·
1337 605 1521 638 ἐπεγνωκότες
1542 605 1590 639 μὲν
1607 604 1651 630 τὸν
1669 604 1804 639 Χριστὸν,
1821 604 1858 630 δι-

1069 650 1214 685 καιοσύνης
1239 650 1267 676 δὲ
1295 650 1408 685 ἐργάται
1435 650 1635 682 καταστάντες,
1658 651 1706 676 καὶ
1732 649 1856 684 ἀληθινὸν

1070 695 1180 730 σπέρμα
1195 695 1242 721 τοῦ
1266 695 1373 730 Ἰσραὴλ
1385 694 1613 731 χρηματίσαντες.

1109 739 1241 767 Ἢνταῦοα
1267 741 1468 776 ὑπομιμνήσκει
1492 740 1590 771 αὐτοὺς
1614 741 1629 766 ὁ
1652 739 1740 771 Θεὸς.
1764 740 1804 772 ὡς
1825 741 1858 766 τὰ

1071 785 1118 820 μὲν
1141 785 1222 811 αὑτοῦ
1240 785 1327 812 πάντα
1349 786 1527 817 ἀδιαλείπτως
1543 786 1692 821 τελούμενα
1716 786 1810 821 μένει·
1826 795 1856 812 τα

1068 831 1096 856 δὲ
1111 830 1165 857 τῶν
1188 830 1304 858 εἰδώλων
1324 831 1372 866 οὐχ
1395 831 1494 865 οὕτως,
1511 831 1578 858 ἀλλὰ
1596 832 1762 858 πεπτωκότα
1779 832 1859 866 ὀφθή-

1072 884 1157 904 σεται.
1173 876 1226 902 Καὶ
1243 877 1304 912 ἐμοὶ
1323 877 1437 909 ἕκαστος
1454 878 1621 904 συσκοπείτω
1633 898 1640 910 ,
1659 878 1697 909 ὼς
1711 878 1741 904 ob
1753 877 1858 912 κόμπος

1070 921 1104 948 τὰ
1117 923 1245 958 ῥήματα,
1270 922 1339 949 ἀλλά
1366 923 1575 959 προαγορεύσεις
1593 923 1756 958 γιγνόμεναι
1784 924 1857 958 παρᾶ

1069 966 1136 993 Θεοῦ
1151 967 1364 994 ἀκολουθούντων
1379 969 1563 1004 πραγμάτων·
1581 969 1626 995 καὶ
1645 969 1701 1004 γὰρ
1723 968 1771 995 τοῦ
1788 969 1855 995 Θεοῦ

1070 1011 1304 1046 ἐπαγγελλομένου
1319 1011 1358 1046 τῷ
1378 1011 1502 1047 Ἀϐραὰμ
1520 1013 1612 1048 ζήσειν
1628 1013 1712 1039 αὐτοῦ
1726 1013 1756 1038 τὸ
1773 1014 1856 1048 σπέρ-

1072 1064 1110 1091 μα
1121 1076 1128 1088 ,
1143 1057 1188 1082 καὶ
1205 1056 1417 1092 κληρονομήσειν
1437 1057 1486 1092 τὴν
1503 1057 1569 1092 γῆν,
1591 1058 1718 1083 κάκείνου
1734 1058 1859 1083 ἐπειπόν-

1069 1109 1139 1133 τος,‹
1146 1101 1223 1127 Κατὰ
1237 1102 1264 1128 τί
1277 1102 1425 1138 γνώσομαι,
1437 1112 1446 1128 ι
1459 1103 1500 1130 ὅτι
1514 1103 1598 1130 ταῦτα
1614 1103 1690 1135 ἐστις
1710 1103 1858 1136 ἐγνωκότος

1069 1147 1102 1181 τῇ
1116 1146 1183 1181 ἀκοῇ
1200 1147 1253 1173 τῶν
1273 1147 1402 1183 λυπηρῶν
1419 1148 1599 1184 σωφρονίσθαι
1615 1149 1662 1176 τὸν
1682 1150 1856 1185 προπάτορα.

1070 1193 1182 1226 προεῖπε
1197 1193 1244 1218 καὶ
1257 1192 1307 1228 τὴν
1326 1193 1371 1219 τοῦ
1395 1194 1491 1228 γένους
1505 1194 1627 1221 δουλείαν
1644 1195 1691 1222 καὶ
1713 1196 1765 1232 τὴν
1793 1197 1858 1231 μετά

1069 1237 1228 1272 τετρακόσια
1243 1239 1408 1274 πεντήκοντα
1424 1240 1470 1275 ἐτη
1488 1241 1621 1276 ἐσομένην
1636 1242 1797 1278 ἐλευθερίαν
1810 1243 1857 1269 αὑ-

1070 1281 1140 1309 τῶν·
1161 1282 1232 1318 ἀπερ
1244 1283 1348 1317 πάντα,
1365 1285 1478 1320 μηδενὸς
1497 1286 1571 1318 δντος
1587 1287 1633 1313 τοῦ
1654 1287 1687 1314 ὲκ
1702 1289 1753 1322 τῆς
1774 1290 1858 1324 προρε-

1071 1327 1176 1362 ρήσεως
1194 1328 1372 1362 ἀπαιτοῦντος
1401 1330 1450 1366 τὴν
1475 1331 1587 1359 ἔκϐασιν
1611 1332 1664 1359 τῶν
1678 1334 1858 1370 πραγμάτων,

1071 1373 1230 1409 ἐπληροῦτο.

1106 1418 1195 1445 ’Δπαν
1223 1419 1300 1455 ὑμῶν
1331 1421 1503 1457 αἰχμαλωσίᾳ
1539 1422 1761 1458 παραδεδομένον
1788 1425 1859 1451 ἔσται

1072 1464 1168 1499 φορτία
1181 1465 1332 1497 ἐλεφάντων
1348 1467 1394 1493 καὶ
1411 1467 1565 1502 ὑποζυγίων
1577 1487 1585 1499 ,
1606 1469 1634 1495 εν
1650 1469 1689 1498 τῶ
1703 1470 1848 1499 ansam

1072 1512 1162 1543 αὐτοῖς
1180 1513 1352 1549 ἐπιτιθέμενα
1363 1522 1369 1529 ·
1387 1514 1416 1541 οὐ
1433 1514 1484 1550 μὴν
1497 1515 1565 1542 ἀλλὰ
1576 1516 1623 1542 καὶ
1636 1517 1716 1544 αὐτοὶ
1729 1526 1754 1544 οι
1768 1519 1859 1553 ἁνδρκ

1072 1558 1096 1584 οἰ
1112 1557 1197 1584 ταῦτα
1213 1555 1370 1594 κομίζοντες
1391 1560 1594 1595 κοπωθήσονται
1606 1569 1614 1576 ο
1632 1561 1684 1588 κᾶν
1708 1563 1800 1598 τούτῳ
1815 1565 1860 1599 τὴν

1072 1604 1212 1631 ἀσθένειαν
1235 1605 1335 1632 τούτων
1353 1605 1561 1642 ὁμολογοῦντες,
1584 1607 1626 1633 ὅτι
1641 1607 1733 1634 ταῦτα
1762 1608 1861 1643 βαστά-

1072 1649 1162 1682 ζοντες
1185 1650 1348 1683 κοποῦνται,
1375 1651 1421 1678 καὶ
1446 1651 1510 1678 Θεὸν
1538 1652 1668 1688 φέροντες
1688 1653 1862 1685 ἀσθενοῦσιν,

1072 1693 1139 1720 ὅπου
1153 1703 1185 1729 γε
1200 1695 1253 1722 ἔδει
1273 1695 1496 1731 ἐπικουφίζεσθαι
1512 1696 1566 1724 τῶν
1583 1697 1688 1731 πόνων,
1709 1700 1739 1726 ει
1756 1709 1790 1734 γε
1810 1700 1864 1726 θεοί

1072 1747 1142 1770 τινες
1156 1739 1287 1774 ὑπῆρχον.

1113 1784 1258 1818 Ἐπανάγει
1281 1785 1380 1816 αὐτοὺς
1400 1785 1469 1822 πρὸς
1492 1786 1668 1822 συναίσθησιν
1684 1788 1742 1814 τῶν
1759 1789 1865 1824 λεχθέν-

1072 1837 1143 1861 των,
1158 1829 1205 1856 τοῦ
1227 1830 1398 1866 προπάτορος
1419 1832 1594 1867 μνημονεύων
1614 1835 1663 1860 καὶ
1682 1835 1736 1870 τῆς
1760 1836 1865 1862 ἐκείνου

1072 1874 1166 1910 δόξης·
1182 1875 1229 1901 καὶ
1245 1875 1303 1908 ὅτι,
1324 1876 1428 1902 ἐκείνου
1444 1877 1589 1912 αὐχοῦντες
1606 1874 1678 1905 εἶναι
1706 1880 1792 1914 γένος
1803 1901 1810 1912 ,
1826 1882 1866 1907 τὸν

1074 1920 1177 1947 ἐκείνου
1204 1920 1301 1956 ζηλοῦν
1319 1921 1418 1957 τρόπον
1436 1922 1598 1957 ὀφείλουσιν.
1631 1925 1664 1950 Εἰ
1682 1925 1741 1961 γάρ
1764 1926 1866 1962 λεῖμμα

1074 1965 1120 1992 τοῦ
1149 1966 1255 2002 Ἰσραὴλ
1270 1967 1434 2002 τυγχάνετε,
1456 1967 1502 1994 δύο
1527 1968 1750 2003 περιλειφθεῖσαι
1776 1972 1865 2005 φυλαὶ,

1073 2011 1128 2038 τῶν
1141 2011 1227 2039 ἄλλων
1241 2011 1306 2039 δέκα
1321 2013 1361 2044 είς
1374 2013 1560 2048 αἰχμαλωσίαν
1572 2015 1769 2051 ἀπαχθεισῶν,
1784 2019 1815 2043 οὐ
1833 2018 1865 2053 μὴ

1075 2057 1237 2092 περιόψομαι
1254 2057 1326 2092 ὑμᾶς
1342 2059 1570 2094 μετανοήσαντας.

1109 2103 1164 2139 Τὴν
1186 2103 1395 2140 πεπλανημένην
1415 2105 1504 2131 αὐτῶν
1522 2105 1600 2138 δόξαν
1616 2107 1650 2141 τῇ
1671 2106 1805 2143 διατριϐῇ
1824 2109 1864 2135 τοῦ

1074 2147 1152 2182 λόγου
1169 2147 1348 2174 ἐπιδείκνυσιν
1360 2156 1367 2163 ·
1387 2148 1431 2180 Ὡς
1443 2148 1550 2184 ἔχοντες
1579 2149 1644 2186 γὰρ,
1668 2152 1758 2186 φησὶν
1773 2172 1782 2183 ,
1804 2154 1865 2188 ἐμὴν

1076 2193 1297 2229 ὑποϐεϐλημένην
1317 2194 1381 2229 ὑμῖν
1402 2195 1513 2227 εἰκόνα,
1535 2196 1582 2222 ἐπὶ
1598 2196 1627 2223 τὸ
1656 2199 1751 2224 ποιεῖν
1774 2199 1866 2226 εἴδωλα

1075 2239 1169 2275 ἤλθετε
1180 2260 1188 2272 ,
1205 2240 1243 2272 ὡς
1266 2240 1310 2267 διὰ
1333 2241 1435 2268 τούτων
1452 2241 1685 2278 Θεραπεύσοντες·
1711 2244 1758 2271 ἵνα
1776 2246 1824 2280 τὴν
1842 2247 1865 2271 ἐν

1073 2287 1201 2319 διανοίαις
1225 2289 1407 2326 ἐγγενομένην
1428 2289 1492 2324 ὑμῖν
1516 2291 1669 2324 φαντασίαν
1697 2293 1730 2318 ὲν
1765 2293 1865 2328 δρωμέ-

1074 2342 1129 2366 νοις
1144 2334 1224 2369 ἕχητε
1236 2343 1261 2361 τι
1265 2335 1330 2370 μᾷν.

1109 2378 1167 2404 Ἴνα
1182 2378 1247 2404 Θεὸν
1263 2379 1326 2414 ὑμῖν
1342 2378 1484 2415 ἀναπλάσῃ
1506 2379 1552 2405 ἐπὶ
1576 2380 1685 2414 μισθοῖς
1702 2382 1864 2417 γενόμενον·

1073 2422 1140 2458 ἐμοῦ
1156 2423 1193 2459 μὴ
1209 2423 1320 2458 μισθοὺς
1335 2423 1522 2456 ἀπαιτοῦντος,
1541 2425 1631 2460 χάριτι
1643 2426 1673 2452 δὲ
1688 2428 1786 2454 πάντα
1802 2436 1865 2463 παρ-

1076 2469 1181 2504 έχοντος
1197 2470 1243 2496 καὶ
1257 2469 1414 2505 ἀγαθότητι,
1435 2469 1483 2496 καὶ
1501 2471 1534 2497 ὲκ
1555 2471 1602 2497 τοῦ
1621 2471 1659 2507 μὴ
1681 2472 1763 2504 ὄντος
1787 2475 1828 2505 εἰς
1843 2472 1868 2499 τὺ

1076 2512 1146 2542 εἶναι
1161 2515 1250 2542 πάντα
1264 2515 1446 2551 δωρουμένου.

1117 2559 1316 2594 Ἀπανταχόθεν
1336 2561 1480 2596 συγκροτεῖ
1499 2560 1598 2592 αὐτοὺς
1615 2562 1656 2592 εὶς
1672 2562 1759 2597 νῆψιν
1773 2563 1822 2590 καὶ
1835 2563 1868 2593 εἰς

1077 2605 1238 2640 κατανόησιν
1253 2602 1290 2632 ὧν
1298 2614 1327 2632 τε
1336 2606 1413 2632 αὐτοὶ
1422 2606 1566 2641 μετῄεσαν,
1583 2607 1631 2632 καὶ
1643 2603 1683 2633 ὦν
1697 2608 1770 2640 Θεὸς
1788 2609 1867 2635 ἀπαύ-

1081 2659 1149 2682 στως
1165 2651 1263 2683 αὐτοὺς
1285 2651 1439 2686 εὐεργετεῖ·
1455 2651 1507 2682 ἵνα,
1537 2652 1567 2678 ἐν
1591 2653 1775 2689 συναισθήσει
1802 2654 1868 2688 γινό-

1082 2705 1156 2731 μενοι
1175 2696 1221 2722 ὲπὶ
1245 2698 1301 2729 τοῖς
1329 2693 1742 2734 πεπλημμελημένοιςαύτοῖς,
1768 2701 1815 2727 καὶ
1837 2700 1869 2731 ὡς

1081 2742 1125 2768 ἐπὶ
1142 2743 1230 2778 νεκρῷ
1243 2743 1299 2774 τοῖς
1321 2743 1394 2774 ἰδίοις
1415 2743 1505 2778 ἔργοις
1528 2743 1697 2777 κατάγοντες
1711 2745 1830 2782 δάκρυα,
1842 2746 1867 2772 οὗ
