1919 3075
84 94 100 121 1
109 95 168 123 545

795 98 826 124 IN
843 96 970 123 ISAIAM.

1651 105 1720 131 1516

78 154 233 190 τιμωρίας
253 155 442 187 ἀπολαύσωσι,
471 156 648 188 στενάξαντες
659 156 696 182 ’δὲ
713 156 801 191 μόνον,
817 156 881 182 ἴασιν

939 159 1000 182 tuos
1010 175 1017 187 ,
1029 156 1160 190 lugentes,
1177 164 1229 183 non
1250 165 1345 192 poenas
1357 159 1433 193 dent,
1449 160 1495 187 sed
1507 161 1560 196 piis
1573 162 1718 196 gemitibus

78 198 237 233 δέξωνται,
249 201 323 227 οὐδὲν
339 200 511 233 ἐπαιτοῦντας
530 201 577 228 τοῦ
594 201 661 228 Θεοῦ
676 202 692 236 ἢ
711 201 884 236 συναίσθησιν

84 245 191 280 μόνον.

130 303 166 329 Τί
182 303 237 339 γὰρ
262 303 329 339 ἐμοῦ
351 303 494 336 καλοῦντος
515 304 544 331 οὐ
566 304 691 340 πάρεστι,
717 305 825 332 πάντων
844 309 883 340 τῷ

83 347 158 383 ἐμῷ
170 348 283 383 νεύματι
300 349 513 384 ἡνιοχουμένωνς
534 349 581 376 καὶ
605 349 658 385 γὰρ
674 350 720 376 καὶ
734 350 821 386 πτηνὰ
835 350 883 377 ἀπ’

83 393 214 428 ἐσχάτου
230 394 280 428 τῆς
293 394 345 429 γῆς
361 394 512 429 καλούμενα
531 395 644 431 πάρεστι
654 403 661 410 ·
677 396 725 422 καὶ
740 395 830 431 Κῦρον
855 395 883 422 δὲ

83 439 142 465 τὸν
170 439 282 474 βασιλέα
303 441 319 475 ἡ
346 439 398 475 ἐμὴ
420 440 527 473 ἐξουσία
551 441 621 475 ἄγει,
636 441 674 476 τῷ
691 441 750 477 ὲμῴ
769 442 882 477 νεύματι

84 483 223 511 εἴκονταο
241 485 270 511 οὐ
286 484 339 520 μὴν
354 484 422 511 ἀλλὰ
447 485 493 511 καὶ
510 485 596 512 πάντα
612 486 753 522 ἄνθρωπον
773 486 808 513 τὰ
829 486 883 522 ἐμὰ

86 529 257 566 φρονοῦντα,
275 531 326 565 ἐμὲ
338 530 394 563 ἕξει
410 530 457 557 καὶ
479 531 623 559 εὐθύνοντα
637 533 710 568 αὑτῷ
725 532 774 565 τὰς
788 532 880 564 ὁδούςε

85 577 118 602 εί
135 576 165 602 δὲ
181 576 228 603 καὶ
240 576 397 613 ’ἀνθρώπων
411 577 505 612 μηδεὶς
519 578 641 614 εὑρεθείη
655 579 684 605 τὸ
698 578 763 614 ἐμὸν
778 578 882 614 θέλημα

85 621 208 657 μετιὼν,
221 622 250 648 τὺ
262 621 410 657 τηνικαῦτα
425 623 470 649 τὸν
485 623 550 658 ἐμὸν
569 623 630 650 Υίὸν
642 624 792 658 ἀποστελῶ,
804 633 881 651 τουτ-

84 668 155 694 ὲστι
176 667 221 694 τὸν
244 667 370 704 Χριστδν,
397 669 486 695 πᾶσαν
505 669 554 705 τὴν
576 670 709 705 πατρικὴν
728 670 882 706 πληροῦνται

85 713 210 746 ἔννοιαν,
226 714 273 740 καὶ
296 714 326 740 ἐν
345 715 378 750 τῇ
397 714 450 750 ἰδίᾳ
466 715 547 742 αὑτοῦ
574 716 721 756 αὐτουργία
741 716 882 744 δεικνύντα

85 760 165 795 ἐμὰς
182 760 297 792 ἐννοίας,

128 805 254 831 Αἱτιᾶται
270 805 369 838 αὐτοῖς,
392 806 442 841 οὐχ
463 805 500 838 ὡς
522 805 551 832 τὸ
574 806 665 842 μόριον
687 805 733 832 τοῦ
757 805 880 842 σώματος

85 850 294 886 ἀποϐεϐληκόσι
310 851 359 887 τὴν
378 851 499 887 καρδίαν,
516 851 573 878 ἀλλ’
594 852 632 884 ὡς
653 851 683 878 τὺ
704 852 825 888 κριτικὸν
839 853 881 878 ati-

86 896 241 933 σθητήριον
256 897 344 923 ἑκοντὶ
363 897 593 933 ὲπικρυψαμένοις
603 906 609 912 ·
627 897 641 924 ὃ
655 897 702 924 καὶ
718 898 803 924 αἴτιον
819 898 883 933 ὑμῖν

86 942 190 977 γέγονε
219 942 382 978 ἀπῳκίσθαι.
407 943 487 970 Ὅθεν
519 943 610 976 ἐπάξω
639 943 688 979 τὴν
723 944 800 978 δίκην
824 945 882 979 μετ’

87 987 234 1023 ἀληθείας,
262 988 395 1024 σωτηρίαν
420 989 483 1024 ὑμῖν
509 990 743 1025 μνηστευομένην·
760 990 808 1017 καὶ
828 990 882 1025 γὰρ

88 1034 170 1061 πᾶσα
189 1034 300 1066 κόλασις
323 1035 392 1061 κατὰ
404 1035 449 1061 τὸν
465 1034 512 1061 τοῦ
528 1034 686 1067 κολάζοντος
705 1035 804 1062 σκοπὴν
820 1035 882 1071 ὄνη-

89 1088 137 1105 σιν
157 1079 234 1115 φέρει
257 1082 312 1112 τοῖς
337 1079 546 1116 κολαζομένοις,
573 1080 650 1116 δίκην
680 1080 772 1116 ἰατροῦ
798 1089 882 1116 προσ-

87 1126 207 1159 άγοντος
224 1126 349 1162 βοήθημα
365 1127 512 1160 κάμνοντι·
536 1127 587 1154 κᾶν
612 1127 709 1162 πικρὸν
766 1126 797 1154 τὸ
818 1127 886 1154 διδό-

91 1180 177 1206 μενον
200 1172 275 1207 παρὰ
301 1172 347 1199 τοῦ
367 1172 469 1208 ἰατροῦ,
496 1172 553 1199 ἀλλ’
583 1173 657 1208 ὅμως
681 1173 775 1207 ὑγείας
800 1174 885 1200 αἴτιον

89 1217 172 1244 ἔσται
195 1218 233 1253 τῷ
252 1218 387 1255 δεχομένῳ
404 1219 486 1245 αὐτό·
502 1218 589 1254 τούτῳ
610 1218 664 1254 γὰρ
678 1219 715 1254 τῷ
732 1219 824 1255 σκοπῷ
839 1220 885 1246 καὶ

937 205 1078 229 sanentur.
1091 201 1157 228 Nam
1175 203 1212 229 nil
1228 203 1300 230 al'iud
1319 209 1421 239 repetet
1445 212 1461 232 a
1485 205 1563 233 vobis
1578 205 1650 234 Deus
1665 207 1717 234 nisi

937 247 1020 274 animi
1036 248 1253 277 conversionem.

977 303 1060 332 Vens.
1076 304 1120 332 II.
1139 304 1209 338 Quid
1233 305 1305 332 enim
1332 313 1387 332 non
1404 305 1501 338 aderit,
1526 309 1641 334 vocante
1662 313 1715 339 me,

936 359 998 378 cuin
1023 351 1114 378 omnia
1131 351 1209 378 nutui
1230 359 1290 378 meo
1312 352 1481 379 inserviant?
1497 351 1574 385 Quod
1596 353 1618 380 si
1640 360 1715 379 avem

937 398 971 425 ab
987 398 1120 425 extremis
1132 398 1214 425 terris
1234 406 1379 431 vocavero,
1400 399 1496 426 aderit.
1508 399 1596 434 Cyrus
1609 406 1717 433 quoque

936 452 984 471 rex
1004 444 1118 478 imperio
1139 451 1199 470 meo
1222 444 1334 479 regitur,
1358 450 1434 480 paret
1451 444 1537 479 jussis
1559 444 1637 472 meis.
1661 443 1719 470 Imo

935 489 1025 517 omnis
1045 489 1126 517 homo
1141 490 1188 525 qui
1211 497 1271 517 mea
1296 491 1390 523 sentit,
1415 498 1459 517 me
1482 489 1592 517 habebit
1610 490 1717 516 viarum

935 535 1041 562 ducem.
1060 535 1175 568 Quando
1191 543 1255 563 vero
1267 536 1324 570 jam
1337 543 1391 562 non
1404 535 1486 562 homo
1503 535 1653 570 reperietur
1669 535 1716 569 qui

935 579 1018 607 faciat
1032 581 1199 608 voluntatem
1226 589 1324 614 meam,
1343 587 1406 609 tunc
1426 581 1523 608 Filium
1544 589 1632 608 meum
1651 580 1715 607 mit-

935 630 1001 658 tam,
1026 626 1078 654 boc
1098 631 1140 654 est
1163 627 1302 654 Christum
1322 627 1369 662 qui
1393 631 1510 654 mentem
1528 627 1643 661 patriam
1666 633 1713 660 per

934 673 1024 700 omnia
1040 673 1173 708 perﬁciat,
1193 677 1219 701 et
1244 674 1373 710 operibus
1390 673 1459 707 suis,
1474 673 1540 709 quid
1561 673 1620 708 ipse
1642 673 1715 700 desi-

934 718 1026 746 derem
1041 719 1202 746 declarabit.

948 796 955 800 ’
969 805 1054 834 Vens.
1072 806 1115 834 I2.
1140 806 1235 843 Arguit
1252 814 1300 835 eos
1321 815 1375 835 non
1393 807 1465 843 quod
1487 815 1535 835 cor
1549 807 1716 843 perdiderim

935 859 1096 887 corporeum
1109 872 1116 884 ,
1133 853 1181 880 sed
1198 853 1270 888 quod
1288 858 1384 889 sponte
1398 854 1482 880 animi
1505 854 1596 882 lumen
1611 855 1717 882 exstin-

935 899 1041 932 xerint;
1063 906 1126 926 nam
1142 903 1284 934 propterea
1303 907 1319 926 a
1339 907 1382 927 me
1393 899 1540 927 defecistis.
1553 899 1716 934 Ideojustas

935 951 950 971 a
967 945 1043 972 vobis
1058 952 1152 979 pmnas
1168 949 1297 980 repetam.
1315 946 1397 973 saluti
1418 945 1494 973 vobis
1510 945 1636 980 futuras;
1651 954 1714 973 nam

934 992 1008 1018 omni
1029 999 1109 1026 poma
1126 991 1198 1019 Deus
1215 992 1328 1019 utilitati
1350 998 1449 1019 nostrae
1465 993 1601 1024 consulit,
1615 993 1715 1019 medici

935 1033 969 1059 ad
986 1034 1125 1068 exemplar
1147 1036 1272 1061 morbum
1294 1035 1425 1062 curantis.
1452 1034 1527 1061 Licet
1549 1042 1640 1061 amara
1661 1036 1715 1062 sint

936 1086 1018 1113 qnaza
1029 1080 1134 1106 medico
1150 1079 1315 1114 praebentur,
1326 1087 1412 1115 mgros
1424 1084 1512 1106 tatnen
1528 1079 1554 1106 in
1571 1081 1713 1106 sanitatem

933 1125 1081 1152 restituunt
1100 1134 1107 1152 :
1123 1125 1217 1153 eadem
1234 1125 1339 1152 ratione
1358 1125 1500 1160 regebatur
1514 1125 1608 1159 legalis
1620 1132 1713 1151 eorum

933 1170 1044 1203 civitas,
1059 1175 1085 1198 et
1100 1171 1226 1198 instituta
1239 1170 1285 1198 Dei
1305 1171 1418 1206 gloriam
1435 1171 1602 1206 praestabant
1617 1170 1713 1197 obser-

932 1218 1059 1245 vantibus
1074 1225 1117 1245 ea.

88 1263 109 1298 ἡ
127 1264 226 1300 νομικὴ
243 1264 332 1296 αὐτοῖς
345 1264 420 1296 πόλις
436 1264 596 1300 ἀφωρίζετο,
614 1265 662 1291 καὶ
677 1265 711 1292 τὰ
724 1265 799 1301 παρὰ
814 1265 859 1292 τοῦ
872 1265 940 1292 Θεοῦ
955 1265 1059 1301 νόμιμα
1074 1265 1152 1297 δόξαν
1166 1265 1293 1300 παρεῖχεν
1309 1263 1398 1296 αὐτοῖς
1414 1263 1542 1300 τηροῦσιν
1556 1264 1635 1291 αὐτὰ.

127 1319 214 1346 Πάλιν
231 1320 298 1356 πρὸς
311 1320 373 1352 τοὺς
385 1320 533 1353 Χαλδαίους
547 1320 658 1356 μετάγει
670 1321 716 1348 τὸν
730 1321 818 1356 λόγον,
833 1322 880 1349 καὶ

88 1374 141 1392 ττιν
157 1365 381 1402 καταληψομένην
399 1367 496 1398 αὐτοὺς
510 1366 587 1402 δίκην
606 1367 794 1403 προαγορεύει.

129 1469 203 1505 Πρὸς
218 1469 263 1496 τὸν
288 1470 395 1505 Ἰσραὴλ
411 1471 526 1496 ποιεῖται
542 1470 605 1502 τοὺς
632 1469 743 1505 λόγουςο
767 1471 807 1497 ὅτι
830 1471 880 1497 Το-

91 1514 191 1542 σοῦτον
205 1515 314 1549 ἀφέξεις
330 1515 375 1542 τοῦ
391 1516 435 1542 τὸν
452 1515 592 1551 Ἀσσύριον
609 1516 806 1552 φοϐηθήσεσθαι
820 1511 881 1553 ἐμοὶ

91 1561 263 1596 πειθόμενος,
278 1561 314 1593 ὡς
331 1562 398 1597 μήτε
417 1561 520 1593 τούτοις
539 1563 607 1598 μήτε
621 1562 711 1595 ἄλλοις
726 1563 780 1590 τισὶ
795 1572 882 1599 παρα-

90 1607 186 1633 δοῦναι
207 1607 288 1642 ὑμᾶς.

136 1653 306 1688 Ἀπανταχοῦ
335 1653 369 1680 τὰ
394 1653 442 1688 τῆς
468 1654 564 1680 ἑαυτου
590 1654 772 1690 χρηστότητος
800 1655 881 1681 ἐνδει-

91 1699 228 1734 κνύμενος
244 1699 258 1725 ὁ
277 1699 352 1732 Θεὸς,
370 1699 406 1735 μὴ
421 1699 617 1735 σεσιωηκέναι
631 1701 739 1734 φάσκει,
755 1700 819 1736 μηδὲ
835 1700 881 1726 ἐπὶ

91 1748 151 1778 τοῖς
163 1746 262 1773 τούτων
279 1749 371 1777 κακοῖς
386 1745 605 1781 ἀδιηφορηκέναι,
626 1746 681 1772 ἀλλ’
697 1746 739 1772 ἀεὶ
759 1746 882 1781 ἁμαρτά.-

91 1801 190 1824 νοντας
201 1792 329 1827 ἐλέγχων,
342 1791 433 1819 καὶτὰ
444 1792 603 1827 ὀφειλόμενα
617 1792 676 1823 ταῖς
687 1790 776 1818 αὐτῶν
792 1792 881 1827 ἀμαρ-

90 1839 167 1869 τίαις
190 1838 313 1873 ἐπιτίμια
331 1838 480 1874 προλέγων,
501 1838 549 1872 οὐχ
573 1838 616 1864 ἵνα
641 1838 828 1873 τιμωρήσηται
852 1837 879 1873 (ἢ

91 1883 151 1918 γὰρ
177 1883 209 1910 ἂν
223 1884 269 1910 καὶ
292 1884 400 1911 σιωπῶν
418 1884 502 1919 ἐπῆγε
518 1884 567 1919 τὴν
582 1884 688 1919 ὀργὴν),
704 1883 760 1910 ἀλλ’
773 1884 816 1911 ἵνα
832 1893 881 1919 φο-

93 1929 183 1963 ϐήσας
197 1929 244 1955 καὶ
258 1928 426 1964 σωφρονίσας
441 1930 473 1965 τῇ
491 1928 598 1964 ἀπειλῇ,
616 1928 671 1960 ἕξει
687 1927 880 1963 μετανοοῦντας

93 1976 144 2002 καὶ
161 1973 335 2009 πειθομένους
354 1973 436 2009 αὐτῷ.
454 1988 489 1994 -
506 1973 590 2000 Πάλιν
613 1973 791 2009 προπατόρων
814 1973 881 2010 μνή-

95 2029 135 2055 μη
160 2020 207 2047 καὶ
228 2019 356 2055 ὀνόματος
378 2019 519 2055 προκοπῆς
541 2019 610 2046 κατὰ
631 2019 728 2055 ψυχὴν,
746 2020 814 2054 ὅπερ
832 2027 881 2055 ση-

96 2066 186 2102 μαίνει
202 2067 215 2092 ό
237 2066 360 2102 Ἰσραήλ·
381 2066 415 2093 ἵν’
436 2066 460 2092 οἱ
480 2065 625 2100 αὐχοῦντες
647 2065 735 2100 γένος,
755 2065 801 2092 καὶ
819 2065 882 2102 τρόο

93 2121 146 2138 πον
166 2113 270 2143 ἑαυτοῖς
296 2111 467 2144 οἱκειώσωσι,
495 2111 541 2137 καὶ
566 2110 670 2137 εὔνοιαν
698 2111 747 2145 τὴν
770 2111 880 2138 ἐκείνων

97 2157 292 2192 μιμησάμενοι,
314 2156 438 2183 ὲθίσωσιν
463 2156 575 2188 ἑαυτοὺς
595 2156 634 2187 εἰς
655 2156 686 2182 τὸ
704 2155 811 2182 ἀκούειν
833 2155 879 2182 τοῦ

95 2202 175 2229 Θεοῦ.

132 2247 255 2279 Τοιοῦτος
283 2247 429 2284 ἐτύγχανες
453 2248 500 2274 καὶ
526 2247 640 2279 ἄνωθεν,
668 2247 813 2282 ἀπολείψας
831 2247 879 2282 μὲν

96 2294 158 2326 τοὺς
174 2295 203 2320 ἐν
213 2295 246 2329 τῇ
259 2293 337 2328 φύσει
351 2302 391 2320 σοι
406 2292 624 2328 καταδληθέντας
635 2292 742 2327 νόμους,
757 2293 786 2318 ἐν
800 2292 880 2325 πλαξὶ

96 2340 126 2366 δὲ
146 2339 258 2371 λιθίναις
279 2339 436 2373 ἀναγκάσας
450 2339 552 2375 γράψαι
569 2338 665 2370 ταῦτα,
680 2339 717 2370 ὡς
738 2338 784 2365 καὶ
799 2338 880 2364 Μωῡ-

99 2386 148 2421 σῆς
164 2386 226 2420 ὑμῖν
238 2385 367 2418 ὠνείδιζε,
378 2386 425 2412 καὶ
448 2385 478 2412 τὺ
498 2385 605 2416 ἀναιδὲς
618 2384 694 2420 ὑμῶν
708 2384 879 2419 ἁπέσκωψεν.

133 2489 217 2515 Πάλιν
228 2488 277 2524 τὴν
290 2489 471 2524 προσποίητον
485 2489 574 2515 αὑτων
595 2488 710 2523 ἐλέγχων
727 2488 880 2524 όμολογιαν,

99 2534 320 2569 ὲπαναλαμϐάνει
341 2534 376 2561 τὰ
400 2534 464 2569 παρ’
489 2534 600 2560 ἐκείνων
625 2533 757 2569 λεγόμενα
774 2534 880 2568 λέγων’

101 2589 110 2605 ι
130 2579 175 2615 Μὴ
193 2579 352 2616 εῐπῃς-Ναὶ,
368 2579 492 2614 γινώσκω
511 2579 593 2606 αὑτά·
614 2588 622 2604 ι
641 2578 691 2606 κᾶν
715 2579 768 2614 γὰρ
791 2579 828 2610 ὡς
844 2579 882 2604 εί-

99 2625 173 2657 δότες
188 2625 388 2661 προσποιεῖσθε,
405 2625 472 2651 ἀλλὰ
488 2624 551 2659 γοῦν
566 2625 609 2650 ἐπ’
625 2624 714 2651 αὐτῶν
733 2624 787 2651 τῶν
804 2625 880 2660 πρά-

100 2671 166 2702 ξεων
194 2671 399 2707 φωραθήσεσθε,
430 2671 496 2706 μήτε
520 2670 704 2705 ἐπιστάμενοι,
730 2670 882 2701 ἀκολούθως

98 2716 137 2751 τῷ
148 2717 332 2753 γεγραμμένῳ
354 2718 381 2744 ὲν
404 2716 441 2752 τῷ
465 2716 631 2750 Εὑαγγελίῳ,
647 2716 687 2747 τὺ,
706 2725 715 2740 ι
736 2715 772 2742 Οὐ
795 2716 847 2747 πᾶς
867 2716 882 2741 ὁ

100 2762 185 2797 λέγων
204 2772 258 2798 μοι,
273 2763 357 2798 Κύριε
367 2785 373 2796 ,
385 2763 481 2799 Κύριε,
497 2761 677 2789 εἰσελεύσεται
694 2762 733 2793 εἰς
743 2762 791 2796 τὴν
805 2761 881 2796 βασι-

137 2835 157 2851 "
171 2834 263 2861 Matth.
282 2843 329 2868 \‘Il,
346 2835 389 2862 21.

968 1321 1033 1349 Ctp.
1069 1320 1180 1353 XLVII,
1202 1320 1286 1348 Vens.
1317 1321 1342 1348 Ι.
1375 1319 1480 1348 Rursus
1510 1320 1543 1347 ad
1570 1319 1713 1347 Chaldaaos

931 1368 1014 1396 verba
1031 1368 1112 1401 facit,
1135 1372 1162 1396 et
1183 1367 1369 1395 imminentem
1392 1367 1460 1402 ipsis
1474 1367 1622 1393 vindictam
1644 1373 1712 1401 prae-

932 1414 1050 1441 nuntiat.

969 1470 1053 1498 Vsns.
1064 1470 1091 1497 5.
1101 1469 1185 1498 Israel
1195 1469 1342 1505 alloquitur
1356 1478 1362 1496 :
1374 1468 1451 1502 Quod
1465 1469 1486 1497 si
1497 1467 1564 1496 mihi
1576 1467 1712 1496 conﬁdea-

933 1517 989 1551 ris,
1012 1517 1068 1552 jam
1086 1525 1140 1544 non
1161 1516 1213 1544 erit
1236 1523 1286 1543 cur
1307 1515 1434 1551 Assyrios
1456 1514 1631 1549 reformides,
1649 1522 1712 1541 nam

932 1571 982 1599 ego
1000 1567 1026 1591 te
1043 1563 1114 1589 ultra
1132 1569 1182 1589 nec
1198 1561 1263 1593 illis,
1276 1568 1326 1588 nec
1342 1560 1404 1587 aliis
1419 1559 1535 1587 tradam.

966 1653 1032 1681 CAP.
1056 1650 1180 1682 XLVIII,
1194 1649 1278 1678 Vnns.
1295 1650 1319 1676 I.
1333 1648 1495 1677 Omnimoda
1513 1649 1641 1676 bonitatis
1656 1657 1713 1677 sua:

932 1700 1094 1728 documenta
1119 1698 1242 1733 praebens
1268 1696 1356 1728 Deus,
1382 1704 1412 1723 se
1432 1703 1571 1730 nunquam
1593 1697 1712 1723 tacuisse

931 1745 1085 1781 proﬁtetur,
1102 1752 1153 1771 nec
1166 1743 1264 1770 delicta
1292 1750 1385 1769 eorum
1406 1749 1484 1776 aequo
1500 1741 1590 1768 animo
1605 1742 1711 1773 tulisse,

932 1791 980 1819 sed
996 1798 1082 1825 usque
1108 1792 1255 1824 peccantes
1283 1787 1417 1822 arguisse,
1444 1791 1471 1814 et
1487 1787 1593 1814 debitas
1615 1794 1711 1822 pecca<

932 1837 968 1864 tis
978 1843 1073 1864 eorum
1088 1835 1265 1862 denuntiasse
1288 1840 1398 1869 poenas,
1416 1840 1469 1859 non
1485 1835 1516 1859 ut
1536 1840 1582 1860 eos
1602 1832 1712 1868 puniret

933 1882 1070 1918 (alioquin
1095 1881 1196 1908 tacitus
1223 1888 1271 1908 eos
1302 1880 1342 1907 ira
1365 1878 1580 1914 oppressisset),
1608 1879 1654 1906 sed
1680 1882 1711 1906 ut

931 1927 1013 1955 minis
1030 1934 1076 1954 eos
1090 1926 1230 1953 deterrens
1245 1929 1272 1953 et
1287 1925 1319 1952 ad
1336 1925 1445 1952 saniora
1459 1931 1589 1951 revocans
1599 1944 1606 1956 ,
1623 1931 1710 1958 popu-

931 1973 986 2001 lum
1001 1973 1112 2000 haberet
1126 1972 1209 2000 corde
1222 1973 1368 1999 contritum
1383 1975 1408 1999 et
1423 1970 1539 1998 ﬁdelem.
1552 1970 1657 1998 Rursus
1667 1978 1712 2006 pa-

933 2020 1067 2047 triarchas
1078 2019 1250 2046 commendat
1260 2021 1287 2046 et
1298 2019 1424 2045 virtutem
1436 2017 1616 2052 spiritualem,
1629 2024 1710 2052 quam

931 2066 1055 2101 designat
1070 2072 1169 2092 nomen
1184 2065 1284 2096 Israel,
1301 2068 1331 2091 ut
1339 2071 1425 2098 genus
1439 2063 1575 2098 jactantes
1588 2062 1710 2095 Patrum,

931 2120 1021 2140 tnores
1045 2118 1155 2147 quoque
1178 2111 1319 2138 imitentur
1342 2118 1452 2142 eorum,
1470 2113 1496 2137 et
1510 2110 1604 2137 eodem
1620 2109 1712 2136 studio

932 2158 1091 2192 ﬂagrantes,
1109 2156 1157 2184 Dei
1173 2156 1201 2184 in
1222 2157 1334 2184 servitio
1352 2156 1404 2191 ipsi
1417 2163 1524 2191 quoque
1541 2159 1709 2183 assuescant.

965 2247 1048 2275 Vens.
1074 2247 1101 2274 5.
1125 2245 1218 2274 Talem
1247 2250 1274 2273 te
1300 2245 1438 2280 praebuisti
1458 2245 1499 2272 vel
1526 2252 1540 2271 a
1557 2244 1710 2279 principio;

931 2293 1071 2321 derelictis
1087 2292 1202 2327 legibus.
1217 2299 1277 2326 quae
1290 2295 1387 2318 natura
1402 2291 1478 2318 vobis
1491 2290 1599 2317 fuerant
1612 2290 1710 2323 insitae,

931 2339 1005 2373 leges
1024 2345 1039 2365 a
1065 2346 1107 2365 me
1122 2337 1277 2364 extorsistis
1293 2336 1408 2371 lapideis
1425 2336 1526 2363 tabulis
1545 2336 1710 2372 inscriptas;

931 2384 1003 2420 quod
1018 2385 1074 2419 jam
1088 2383 1194 2420 Moyses
1208 2383 1284 2410 vobis
1299 2382 1483 2414 emrobravit,
1500 2386 1527 2410 et
1541 2383 1713 2410 contumelia;

933 2431 1021 2458 vertit.

969 2487 1052 2515 γεκε-
1063 2488 1089 2514 ’1.
1099 2488 1204 2514 Rursus
1211 2486 1300 2512 ﬁctam
1309 2493 1402 2513 eorum
1413 2485 1491 2513 ﬁdem
1501 2485 1711 2520 reprehendens,

935 2533 1009 2561 dicta
1036 2541 1131 2561 eorum
1164 2532 1248 2560 refert
1267 2541 1273 2560 :
1292 2531 1334 2559 Ne
1358 2532 1446 2563 dicas,
1475 2531 1566 2566 inquit
1589 2542 1595 2559 :
1623 2531 1712 2559 Etiam

934 2580 992 2607 nari
1007 2588 1047 2606 ea.
1076 2579 1151 2606 Licet
1168 2586 1198 2606 ea
1211 2578 1332 2606 novisse
1353 2577 1536 2609 contendatis,
1554 2577 1613 2612 ipsa
1632 2585 1713 2612 opera

933 2630 1024 2653 vestra
1053 2633 1102 2652 vos
1129 2633 1161 2652 ea
1192 2624 1363 2659 ignoravisse
1386 2623 1599 2655 conﬁrmabunt,
1633 2624 1712 2651 sicuti

934 2672 1066 2706 scriptum
1084 2675 1126 2697 est
1154 2671 1180 2697 in
1210 2669 1358 2705 Evangelia
1376 2679 1382 2696 ε
1411 2668 1471 2696 Non
1487 2670 1570 2696 omnis
1585 2669 1630 2703 qui
1650 2669 1713 2703 dicit

934 2717 1009 2750 mihi,
1029 2716 1157 2748 Domine,
1177 2716 1301 2748 nomine,
1327 2715 1437 2742 intrabit
1452 2716 1479 2743 in
1506 2723 1613 2750 regnum
1636 2715 1714 2741 δαίο-

936 2772 993 2790 rmn
1009 2764 1047 2796 ¹¹;
1067 2770 1114 2790 ore
1128 2761 1236 2797 quidem
1252 2765 1278 2789 ct
1299 2762 1389 2797 lingua
1407 2769 1449 2789 me
1466 2760 1642 2794 conﬁtemini,
1660 2768 1713 2787 non
