1919 3075
249 106 317 134 1547

246 166 337 189 autem
371 161 427 188 hate
459 161 556 189 aﬂectu
588 165 615 188 et
642 160 726 188 animi
761 162 852 189 studio
873 162 990 189 sentitis.

842 105 1016 131 THILUlmKl
1034 106 1294 133 lltﬂAULiLL‘NSlS

1809 110 1875 137 13.8

1041 162 1065 190 Δ
1078 160 1152 189 λείαν
1166 163 1219 190 τῶν
1235 164 1373 200 οὐρανῶν·
1391 174 1400 190 ›
1419 165 1487 192 κατὰ
1511 166 1650 201 προφορὰν
1669 165 1719 201 μὲν
1741 165 1784 192 τῶ
1806 165 1875 202 λόγῳ

242 207 454 243 ὁμολογοῦντων,
472 206 509 242 μὴ
526 206 578 242 μὴν
591 206 708 233 διαθέσει
723 207 770 233 καὶ
786 207 879 243 ἀγάπῃ
895 207 983 242 ψυχῆς
996 206 1081 234 ταῦτα
1095 209 1273 244 φρονούντων.

282 274 363 302 Vens.
380 275 424 302 10.
441 273 501 300 Noli
512 273 603 301 dicere
615 278 642 300 te
655 277 766 309 propter
781 277 923 309 argentum
935 277 962 300 et
977 281 1030 300 aere

244 320 311 348 dato
326 328 341 347 a
361 328 403 347 me
419 320 504 348 fuisse
519 319 675 353 venditum;
696 327 759 346 nam
776 320 868 355 potius
882 323 912 346 tu
934 323 1028 346 temet-

245 368 303 403 ipse
318 366 475 399 vendidisti,
491 373 545 393 non
557 370 668 401 propter
684 366 828 401 pecuniam
842 365 964 401 quidem,
981 365 1029 393 sed

242 417 355 449 propter
369 412 489 440 admissa
504 416 551 439 tua
565 416 687 447 peccata.
702 411 757 440 Nec
771 412 967 440 imbecillitatis
985 420 1028 440 me

242 459 353 487 incuses
367 458 554 494 prodigiorum
570 466 686 491 memor,
706 465 767 493 quae
782 458 893 485 fuerunt
904 458 932 485 in
944 458 1027 494 [Egy-

241 499 292 539 pto'
302 504 384 535 edita,
400 509 427 531 et
439 505 581 532 servitutis
593 507 690 544 vestra:
701 504 772 540 apud
785 504 938 540 Egyptios.
949 504 1028 532 Nunc

255 557 332 578 nnen
358 558 451 577 eruam
482 554 509 577 te
538 559 570 578 ex
605 551 763 586 captivitate
789 555 901 586 propter
926 559 1026 580 nomen

252 603 349 628 neum,
371 604 405 623 ne
420 597 518 623 tradito
533 601 558 624 te
579 600 754 632 peccatorum
775 604 874 629 causa,
897 601 924 625 et
949 599 1025 625 omni

241 648 289 675 spe
305 641 453 673 destituto,
473 641 544 668 idola
562 642 677 677 gloriam
694 649 782 669 meam
801 647 951 678 usurpent,
969 643 1024 670 im-

239 687 370 722 potentia:
385 695 428 715 me
442 688 594 723 urguentia,
610 688 688 723 quasi
709 688 786 716 vobis
800 688 954 717 libertatem
972 689 1026 717 lar-

239 732 293 768 giri
306 740 360 760 non
375 741 493 767 possem.

276 787 358 816 Vrsas.
383 789 426 816 19..
448 789 512 822 Quae
533 791 643 826 quidem
666 791 699 818 ad
724 793 855 827 populum
871 791 1022 826 dicuntur;

1117 276 1314 312 Παραδεδόσθαι
1342 277 1369 304 δὲ
1394 279 1423 305 οὺ
1450 279 1546 314 φήσεις
1571 279 1609 310 ὡς
1632 280 1696 314 ἐμοὶ
1725 281 1876 308 ἐκτιννύων

1082 321 1170 357 χρέος,
1187 322 1240 349 οὐδ’
1262 322 1299 353 ὡς
1316 323 1446 359 ἀργύριον
1464 325 1514 360 μοῦ
1539 325 1735 360 κομιζομένου·
1759 327 1874 363 ἐπιγρά-

1080 366 1140 401 ψεις
1154 367 1182 394 δὲ
1197 368 1285 403 ἐαυτῷ
1301 369 1397 395 σαυτὸν
1410 369 1569 405 πεπρακὼς,
1591 371 1652 398 ἀντὶ
1673 372 1816 408 ἀργυρίου
1830 375 1875 406 τὰς

1081 411 1178 439 σαυτοῦ
1194 413 1330 448 ἁμαρτίας
1346 415 1495 450 προέμενος
1506 424 1512 430 ·
1530 416 1561 442 οὺ
1574 415 1627 452 γὰρ
1643 417 1715 452 ἐμῆς
1731 419 1874 451 ἀσθενείας

1082 459 1265 495 καταδραμεῖς
1283 460 1335 487 τῶν
1359 462 1388 487 ἐν
1408 462 1537 498 Αἰγύπτῳ
1555 463 1749 498 μνημονεύσας
1767 465 1816 492 καὶ
1828 466 1892 501 τῆς,

1080 504 1269 541 Αἰγυπτιακῆς
1287 507 1406 539 δουλείας
1430 508 1578 544 μνησθείςν
1605 510 1672 537 ἀλλὰ
1697 512 1747 538 καὶ
1771 512 1820 538 νῦν
1843 513 1873 538 δι’

1079 551 1196 585 ἐμαυτὸν
1209 552 1259 587 τὴν
1276 553 1404 580 ἐπάνοδον
1426 563 1467 581 σοι
1490 555 1539 591 τὴν
1561 556 1594 583 ἐκ
1611 558 1659 593 τῆς
1680 558 1872 593 αἰχμαλωσω

1078 598 1235 633 χαριοῦμαι,
1251 599 1294 625 ἵνα
1310 600 1357 635 μὴ.
1372 601 1586 637 παραδεδομένου
1599 612 1645 630 σου
1659 604 1705 631 διὰ
1720 605 1773 636 τὰς
1789 606 1871 640 ἁμαρ-

1077 641 1147 674 τίας,
1177 644 1386 680 σφετερισωνται
1413 646 1464 682 τὴν
1490 648 1560 683 ἐμὴν
1587 648 1666 682 δόξαν
1697 651 1733 676 τὰ
1765 650 1870 682 εἴδωλα,

1075 687 1228 724 ἀδυναμίας
1260 699 1311 725 μου
1340 692 1567 728 καταδραμόντα,
1590 694 1627 726 ὡς
1657 695 1695 730 μὴ
1723 695 1869 731 δυνηθέντα

1074 734 1139 769 ὑμῖν
1156 734 1312 772 ἐλευθερίαν
1325 738 1498 774 χαρίσασθαι.

1111 789 1150 817 Τὰ
1168 791 1217 826 μὲν
1235 792 1367 828 λεγόμενα
1381 794 1448 830 πρὸς
1463 795 1507 822 τὸν
1521 796 1594 828 λαὸν,
1612 791 1765 833 μξετάγεται
1781 799 1811 825 δὲ
1828 801 1868 825 καὶ

239 833 286 861 sed
312 834 345 861 ad
377 835 514 864 hominem
542 838 691 873 quemlibet
718 843 791 866 recte
820 844 853 866 ea
884 839 1011 866 tetuleris

1074 835 1114 868 εἰς
1140 837 1227 864 πάντα
1254 838 1404 875 ἄνθρωπον.
1424 841 1453 868 Ὀ
1472 842 1561 869 τοίνυν
1588 843 1654 875 Θεὸς
1675 846 1813 880 παραινεῖ
1834 846 1868 876 εἰς

238 879 368 908 Hortatur
388 882 470 918 igitur
493 883 565 911 Deus
591 885 795 917 audientes,ut
820 884 895 913 dicta
917 885 1021 913 intelli-

237 931 318 961 gant,
340 932 367 956 et
379 929 528 965 condignos
544 930 641 958 exinde
657 933 795 966 excipiant
813 931 929 959 fructus.
947 931 1021 959 Idem

236 973 309 1000 enim
325 982 384 1001 sum
396 976 519 1003 moribus
529 977 575 1011 qui
590 981 703 1011 natura;
716 981 746 1004 ut
763 977 902 1005 immutari
917 982 1022 1006 naturae

235 1026 303 1046 mea
319 1027 373 1048 non
390 1026 441 1055 est,
456 1022 491 1049 ita
507 1030 557 1050 nec
571 1023 670 1051 utentis
687 1031 737 1051 nec
753 1032 875 1058 tuorum;
888 1025 936 1052 sed
950 1025 1021 1053 idem

235 1072 364 1093 remaneo
371 1071 397 1094 et
406 1067 538 1095 immotus
547 1069 575 1095 in
582 1070 778 1104 sempiternum
786 1070 907 1098 bonitate
914 1079 973 1099 mea
982 1072 1021 1098 in-

234 1111 422 1148 signitus,qua
430 1118 457 1141 et
465 1121 480 1140 a
488 1114 624 1149 principio
640 1119 739 1143 cuneta
752 1116 846 1149 edens,
861 1125 910 1152 per
920 1117 1018 1145 Filium

233 1163 266 1182 ea
283 1156 310 1183 in
331 1157 418 1185 lucem
442 1160 561 1194 protuli,
576 1164 603 1187 et
619 1168 667 1196 per
687 1161 777 1196 ipsum
800 1170 945 1191 conservo.
962 1164 1019 1191 Ma-

232 1209 286 1229 nus
313 1203 385 1230 enim
414 1208 442 1231 et
470 1205 582 1233 dextera
602 1206 703 1234 dicitur
731 1208 887 1243 unigenitus
913 1209 1017 1242 Filius,

233 1248 328 1283 patriae
358 1251 457 1277 mentis
484 1251 625 1286 minister;
640 1253 713 1281 unde
735 1262 799 1282 vere
816 1255 949 1290 sapientia
971 1256 1018 1284 Dei

231 1298 320 1322 exstat
340 1297 494 1331 unigenitus
513 1298 601 1326 Filius
616 1304 642 1326 et
655 1300 772 1335 patriam
793 1306 911 1330 mentem
928 1305 1019 1339 operi-

232 1339 282 1366 bus
294 1340 352 1367 suis
368 1342 498 1370 declarat.

268 1439 349 1467 Vens.
367 1441 408 1468 Η.
427 1442 533 1471 Rursus
552 1444 677 1474 homines
690 1449 824 1482 superbos
840 1449 936 1484 jubet,
951 1459 1017 1479 con-

229 1486 347 1520 gregatis
362 1488 487 1521 gentibus
503 1490 633 1518 accedere
646 1511 653 1524 ,
669 1497 696 1518 et
713 1495 850 1522 recordari
865 1503 894 1524 se
914 1497 948 1524 ab
961 1499 1015 1526 alio

228 1540 282 1560 non
301 1535 439 1570 accepisse
455 1535 523 1564 istas
540 1538 748 1573 praedictiones,
772 1549 821 1569 nec
834 1543 918 1570 alium
943 1552 1010 1579 prae~

228 1580 398 1608 nuntiavisse
412 1590 472 1616 qua:
493 1583 601 1618 longum
618 1589 680 1620 post
694 1588 825 1622 temporis
840 1588 1013 1619 intervallum

226 1627 367 1660 evenient,
396 1629 449 1656 nisi
476 1629 563 1664 ipsum
592 1632 674 1660 totius
696 1633 817 1662 universi
840 1635 943 1670 Deum,
966 1639 1013 1674 qui

227 1673 400 1702 imminentes
425 1675 478 1703 illis
495 1678 665 1707 calamitates
680 1679 839 1717 denuntiat,
859 1689 886 1712 et
910 1685 943 1713 ad
966 1673 1013 1715 stt--

227 1718 304 1745 niora
321 1727 468 1749 conversos
486 1722 576 1751 denuo
591 1725 707 1754 solatur.

262 1785 522 1817 VsasJSMemorat
534 1791 576 1818 hic
589 1791 659 1820 Deus
669 1793 804 1824 Israelitas
811 1801 936 1826 votorum
947 1808 1011 1828 suo-

225 1838 285 1858 rum
303 1831 388 1861 factos
408 1842 469 1862 esse
492 1842 641 1872 compotes.
659 1839 763 1876 Quippe
783 1843 829 1878 qui
845 1851 860 1870 a
875 1844 1010 1875 Chaldaeis

225 1877 306 1905 toties
324 1880 448 1913 oppressi
469 1886 495 1908 et
516 1883 608 1917 przelio
638 1885 690 1912 fusi
715 1895 794 1921 quam
815 1889 1010 1921 ardentissime

223 1923 327 1951 cladem
345 1932 439 1953 eorum
455 1928 512 1955 iicri
526 1929 729 1959 desiderabant.
746 1933 795 1961 Cui
811 1935 951 1965 desiderio
964 1947 1009 1966 re-

223 1968 361 2002 spondens
389 1971 505 2007 benigne
531 1973 620 2008 Deuz-t,
648 1976 770 2005 declarat
796 1987 826 2007 se
851 1989 905 2009 non
932 1984 1008 2018 justa

223 2020 333 2050 agentes
356 2017 522 2050 defendisse,
536 2020 583 2047 sed
604 2026 714 2057 propter
725 2032 812 2059 genus
828 2017 938 2056 amatos
949 2038 1008 2058 ser-

222 2061 329 2089 vavisse
343 2067 439 2091 contra
452 2064 639 2095 Chaldaeorum
655 2069 793 2100 incursus.

1076 883 1249 919 συναίσθησιν
1269 885 1324 911 τῶν
1345 885 1497 922 λεγομένων
1520 888 1647 925 ἔρχεσθαι
1671 890 1739 923 τοὺς
1761 891 1866 918 ἀκούον-

1072 937 1131 961 τας,
1155 930 1201 956 καὶ
1226 930 1276 967 τὴν
1300 932 1329 965 ἐξ
1348 932 1437 960 αὐτῶν
1457 934 1590 969 ὠφέλειαν
1617 934 1814 972 καρποῦσθαι·
1842 938 1866 963 '0

1072 975 1152 1008 αὑτὸς
1168 976 1222 1010 γάρ
1236 978 1292 1012 είμι
1308 978 1338 1005 τὸ
1359 976 1434 1014 ἦθος,
1458 979 1552 1017 ὥσπερ
1570 979 1616 1008 οὖν
1637 983 1686 1009 καὶ
1709 983 1762 1018 τὴν
1776 983 1864 1017 φύσιν·

1072 1022 1118 1047 καὶ
1130 1021 1167 1053 ὡς
1180 1022 1230 1049 οὐκ
1243 1023 1345 1051 ἔνεστιν
1361 1025 1388 1051 ἐν
1402 1025 1434 1061 τῇ
1452 1026 1530 1060 φύσει
1544 1027 1592 1063 τὴν
1605 1028 1713 1064 τροπὴν
1729 1028 1863 1061 δέξασθαι.

1071 1066 1157 1099 οὕτως
1172 1068 1232 1095 οὐδὲ
1254 1071 1281 1096 ἐν
1298 1071 1330 1106 τῇ
1346 1070 1442 1107 γνώμῃ
1454 1081 1484 1098 τε
1503 1073 1551 1100 καὶ
1570 1073 1609 1109 τῷ
1623 1073 1697 1109 ἤθει,
1716 1075 1777 1101 ἀλλ’
1794 1075 1809 1101 ὁ
1827 1077 1865 1102 αὖ·

1070 1113 1115 1145 τὸς
1134 1115 1173 1146 είς
1194 1114 1238 1141 ἀεὶ
1257 1115 1305 1147 ὢν,
1322 1116 1375 1143 ἀπὸ
1391 1117 1559 1154 ἀγαθότητος
1574 1120 1764 1156 γνωρίζομαι,
1779 1121 1824 1156 ἀφ’
1836 1120 1865 1158 ἧς

1070 1160 1117 1187 καὶ
1131 1160 1180 1196 τὴν
1192 1161 1276 1197 ἀρχὴν
1288 1162 1322 1189 τὰ
1339 1163 1426 1191 πάντα
1443 1165 1644 1202 ἐτεκτηνάμην,
1665 1168 1695 1193 ἐν
1712 1167 1773 1203 ru;
1786 1168 1864 1194 ταῦτα

1069 1206 1167 1239 δείξας,
1183 1207 1230 1234 καὶ
1249 1208 1281 1234 δι’
1302 1209 1383 1236 αὑτοῦ
1401 1211 1634 1248 ὑποστησάμενος.
1652 1213 1726 1250 Χεὶρ
1749 1215 1806 1251 γὰρ
1822 1216 1863 1241 καὶ

1069 1252 1166 1285 δεξιὰὸ
1186 1255 1332 1291 μονογενὴς
1351 1256 1413 1288 Υἱὸς
1434 1256 1570 1291 λέλεκται,
1591 1259 1744 1296 πληρωτὴς
1760 1260 1798 1287 ὢν
1814 1261 1862 1287 τῶν

1069 1299 1207 1335 πατρικῶν
1226 1301 1345 1334 ἐννοιῶν,
1362 1302 1400 1334 ὡς
1414 1301 1482 1330 εἴναι
1499 1305 1600 1341 κυρίως
1616 1306 1718 1341 σοφίαν
1735 1308 1785 1335 τοῧ
1799 1308 1861 1334 Θεοῦ

1068 1345 1113 1372 τὸν
1131 1347 1261 1382 μονογενῆ
1281 1347 1356 1380 Υἰὺν,
1374 1349 1574 1384 σαφηνίξουσαν
1593 1351 1642 1384 τὰς
1661 1353 1806 1389 πατρικὰς
1823 1355 1861 1380 ἐν·

1068 1390 1141 1423 νοίας
1157 1392 1185 1418 ἐν
1199 1394 1255 1424 τοῖς
1270 1392 1315 1420 ὑπ’
1330 1394 1411 1421 αὑτοῦ
1425 1396 1578 1431 γινομένοις
1591 1396 1694 1433 ἔργοις.
1813 1402 1818 1405 ’

1102 1459 1187 1486 Πάλιν
1202 1460 1266 1492 τοὺς
1283 1461 1353 1496 μέγα
1373 1462 1536 1498 φρονοῦντας
1548 1465 1576 1490 ἐν
1592 1465 1694 1499 γνώσει
1712 1466 1770 1493 τῶν
1782 1466 1859 1494 ἐθνῶν

1068 1507 1193 1540 παρεῖναι
1217 1508 1408 1543 προτρέπεται,
1427 1508 1473 1535 καὶ
1492 1511 1561 1537 κατὰ
1586 1510 1649 1537 νοῦν
1665 1511 1858 1547 ἐκλαμϐάνειν,

1064 1551 1102 1582 ὡς
1115 1552 1145 1578 οὐ
1162 1553 1225 1588 παρ’
1240 1553 1333 1589 ἐτέρου
1344 1554 1444 1588 ταύτας
1459 1555 1507 1588 τὰς
1521 1557 1740 1593 προαγορεύσεις
1761 1558 1860 1595 ἐξειλή-

1065 1605 1160 1632 φεσαν,
1181 1598 1240 1624 οὑδέ
1262 1608 1304 1631 τις
1326 1600 1359 1627 τὰ
1384 1601 1454 1636 μετὰ
1478 1602 1592 1635 πολλοὺς
1616 1604 1735 1639 χρόνους
1750 1606 1860 1642 γενησό-

1065 1652 1133 1678 μενα
1149 1644 1307 1680 προῦλεγεν,
1320 1646 1377 1673 ἀλλ’
1399 1647 1479 1680 αὐτὸς
1493 1646 1527 1684 ἦν
1542 1649 1555 1676 ὁ
1569 1649 1623 1675 τῶν
1637 1650 1710 1677 ὅλων
1731 1651 1800 1685 Θεὸς
1817 1654 1861 1679 καὶ

1064 1690 1203 1725 προλέγων
1230 1691 1264 1718 τὰ
1288 1692 1498 1728 καταληψόμενα
1528 1695 1626 1728 αὐτοὺς
1649 1697 1772 1734 δυσχερῆ
1786 1719 1793 1730 ,
1817 1700 1861 1726 καὶ

1064 1735 1144 1763 πάλιν
1162 1737 1379 1773 μετατιθεμένων
1392 1739 1619 1776 ἀνακαλούμενος.

1106 1803 1322 1839 ’Υπομιμνήσκει
1338 1804 1437 1837 αὐτοὺς
1454 1805 1568 1833 ἐνταῦθα
1581 1808 1630 1844 τῆς
1645 1809 1755 1842 οἰκείας
1773 1811 1859 1838 αὐτῶν

1064 1850 1209 1885 ἐπιθυμίας
1228 1851 1268 1881 εἰς
1292 1850 1372 1886 ἔργον
1392 1853 1618 1890 προχωρησάσης.
1635 1855 1698 1881 Τῶν
1713 1856 1771 1892 γὰρ
1784 1858 1859 1884 Χαλ-

1063 1895 1144 1922 δαίων
1169 1895 1313 1923 θλιὸόντων
1331 1897 1374 1923 ἀεὶ
1396 1898 1441 1924 τὸν
1460 1899 1566 1935 Ἰσραὴλ
1589 1901 1637 1927 καὶ
1658 1902 1858 1938 ἐπιτιθεμένων

1062 1941 1152 1972 αὐτοῖς
1166 1942 1193 1967 ἐν
1208 1942 1401 1977 παρατάξεσιν,
1417 1944 1549 1981 ἐπιθυμία
1562 1944 1595 1981 ἦν
1608 1947 1656 1973 τοῦ
1675 1949 1789 1985 Ἰσραὴλ
1803 1950 1857 1976 τού-

1061 1995 1125 2019 τους
1140 1988 1215 2023 παρὰ
1227 1988 1273 2015 τοῦ
1288 1988 1355 2016 Θεοῦ
1371 1989 1564 2028 διαφθαρῆναν
1575 1995 1590 2020 ὁ
1602 1994 1695 2021 τοίνυν
1711 1995 1791 2028 Θεὸς,
1807 1997 1857 2023 ἀπὸ

1061 2034 1227 2070 ἀγαθότητος
1240 2035 1376 2062 καὶτοῦτο
1387 2037 1428 2068 εἰς
1439 2037 1518 2073 ἔργον
1532 2039 1645 2074 ἐκϐῆναι
1661 2043 1854 2078 συγχωρήσας,

1061 2081 1265 2116 ὑπομιμνήσκει
1288 2081 1395 2114 αὐτοὺς,
1415 2082 1452 2116 ὡς
1472 2084 1502 2110 οὐ
1524 2085 1798 2122 δικαιοπραγούντων
1811 2089 1853 2115 αὐ-

221 2105 275 2131 τῶν
292 2107 460 2142 ἀντελάϐετο,
475 2110 532 2137 ἀλλ’
545 2112 638 2148 ἀγάπῃ
653 2116 686 2151 τῇ
706 2118 769 2152 περὶ
782 2118 812 2145 τὸ
825 2120 910 2154 γένος,
928 2124 991 2156 τοὺς
1001 2105 1154 2158 Χαλδαίους
1165 2105 1211 2153 τοέὂ
1227 2127 1354 2164 πολεμεῖν
1368 2105 1511 2157 ἐκώλυσεν.

259 2173 338 2202 Vens.
359 2175 402 2204 16.
419 2175 468 2204 Hic
488 2178 618 2208 describit
637 2184 774 2218 propheta:
791 2194 881 2215 sermo
898 2189 1005 2218 Domini

220 2219 344 2249 affectus.
369 2221 434 2255 Qua:
459 2225 531 2251 enim
558 2226 591 2253 ad
614 2229 747 2263 pupulum
773 2239 828 2258 non
853 2233 880 2260 in
898 2237 1006 2270 angulis

219 2266 292 2294 dicta
313 2272 376 2295 sunt
395 2273 441 2296 aut
461 2270 488 2297 in
504 2271 674 2306 abscondito,
698 2276 746 2302 sed
764 2284 856 2304 coram
879 2266 1006 2310 omn'ibus

217 2316 246 2339 et
274 2313 363 2347 palam
391 2315 496 2349 prolata
520 2317 643 2347 fuerunt.
673 2319 740 2347 Nam
772 2327 874 2351 certam
902 2326 1006 2356 habens

219 2359 276 2394 ipse
294 2359 391 2387 borum
414 2362 537 2390 notitiam
554 2364 587 2391 ad
614 2374 663 2393 vos
686 2367 796 2396 locutus
811 2377 873 2397 sum
889 2375 916 2398 et
931 2381 1005 2401 nunc

218 2413 273 2432 non
288 2413 367 2434 cesso
384 2407 455 2435 idem
484 2409 589 2439 faciens
609 2420 659 2446 pro
678 2417 767 2441 vestra
785 2416 889 2449 salute;
908 2417 1003 2446 Domi-

217 2459 270 2480 nus
284 2453 356 2480 enim
370 2454 444 2482 misit
454 2463 514 2489 me,
528 2461 556 2484 et
570 2458 641 2485 amat
656 2459 775 2494 Spiritus
791 2467 914 2492 sanctus.

250 2551 332 2580 Vsus.
349 2553 392 2580 17.
409 2554 530 2589 Ingratos
549 2555 658 2584 illorum
673 2561 779 2588 animos
797 2569 895 2590 rursus
909 2564 1000 2591 incre-

215 2605 283 2632 pans
299 2599 440 2627 servitutis
454 2601 643 2636 depulsionem
656 2611 798 2634 memorat.
811 2608 866 2643 Age
876 2630 883 2641 ,
899 2610 999 2645 inquit,

215 2644 389 2673 Conditorem
412 2651 488 2674 tuum
508 2657 561 2676 non
577 2652 729 2685 agnovisti,
750 2654 879 2690 dirigenti
893 2661 920 2684 et
939 2644 1000 2692 pla-

214 2691 314 2716 smauli
329 2695 356 2718 te
369 2700 422 2719 non
439 2698 529 2722 mente
541 2696 690 2731 inservisti,
701 2707 765 2726 num
777 2705 803 2728 et
817 2691 957 2730 cruentent
974 2709 999 2732 te

213 2742 247 2761 ex
266 2735 383 2772 [Egypto
407 2738 549 2768 iastidies?
569 2742 625 2777 Ego
637 2752 702 2771 vero
727 2747 774 2781 qui
804 2747 876 2775 istud
904 2749 996 2783 effeci,

215 2779 285 2806 idem
305 2782 394 2810 adhuc
411 2792 472 2812 sum
493 2796 499 2813 :
517 2788 619 2815 nullam
640 2792 802 2824 praetermisi
823 2795 996 2822 occasionem

215 2824 263 2851 tibi
280 2832 311 2853 ea
337 2829 544 2860 commendandi
561 2841 620 2866 qua:
645 2835 738 2872 saluti
754 2844 814 2865 esse
836 2840 992 2873 potuerint,

1024 2209 1047 2238 υ
1101 2197 1231 2224 Ἐνταῦοα
1246 2198 1291 2224 τοῦ
1315 2200 1454 2236 προφήτου
1477 2201 1502 2227 oi
1525 2200 1597 2236 λόγοι
1614 2202 1786 2230 Δεσποτικὸν
1798 2204 1852 2236 569:

1060 2243 1238 2278 μιμούμενοι-
1267 2244 1389 2280 λελέχθαι
1418 2246 1472 2282 γὰρ
1497 2247 1583 2274 ταῦτα
1612 2248 1690 2283 λέγει
1716 2250 1788 2283 πρὸς
1812 2250 1852 2276 τὸν

1057 2288 1120 2315 λαὸν
1132 2289 1162 2316 οὐ
1177 2290 1246 2317 κατὰ
1266 2292 1368 2325 γωνίας
1382 2293 1443 2319 οὐδὲ
1459 2294 1488 2320 ἐν
1505 2294 1686 2330 παραϐύστῳ,
1705 2296 1777 2323 ἀλλὰ
1789 2297 1851 2332 πρὸς

1057 2337 1159 2367 πάντας
1174 2337 1220 2363 καὶ
1239 2337 1267 2363 ἐν
1283 2337 1321 2372 τῷ
1335 2338 1454 2374 φανερῷ.
1471 2340 1525 2366 Καὶ
1540 2340 1595 2376 γὰρ
1608 2341 1692 2374 αὐτὸς
1705 2343 1774 2377 ἐγὼ,
1789 2344 1850 2377 ἁλή-

1057 2389 1137 2416 ρητον
1149 2381 1216 2416 ἔχων
1230 2382 1278 2418 τὴν
1291 2383 1394 2410 τούτων
1407 2385 1518 2418 γνῶσιν,
1532 2386 1685 2422 ἐποιούμην
1700 2389 1767 2420 τοὺς
1787 2389 1850 2424 πρὸς

1056 2427 1127 2461 ὑμᾶς
1140 2428 1247 2462 λόγους·
1265 2429 1295 2455 τὸ
1310 2429 1332 2456 δ’
1347 2430 1412 2456 αὐτὸ
1432 2431 1478 2456 καὶ
1504 2431 1551 2457 νῦν
1572 2432 1658 2459 ποιῶν
1681 2434 1712 2460 οὗ
1730 2435 1848 2469 παύομαι

1055 2472 1122 2508 πρὸς
1139 2473 1275 2509 ὑμετέραν
1290 2474 1439 2509 ὠφέλειαν·
1459 2475 1526 2508 Θεὸς
1546 2477 1601 2512 γάρ
1626 2478 1704 2504 ἐστιν
1733 2481 1748 2506 ὁ
1776 2480 1850 2515 πέμ-

1056 2527 1121 2551 πων,
1137 2518 1306 2554 ὑπηχοῦντος
1324 2520 1372 2547 τοῦ
1393 2521 1549 2556 Πνεύματος
1563 2523 1610 2549 τοῦ
1623 2524 1719 2557 ἁγίου.

1089 2564 1172 2591 Πάλιν
1190 2566 1328 2601 ἐντρέπων
1343 2567 1442 2599 αὐτοὺς
1457 2567 1501 2594 διὰ
1518 2568 1566 2604 τὴν
1582 2570 1742 2604 προσοῦσαν
1762 2573 1848 2604 αὐτοῖς

1052 2611 1257 2648 ἀγνωμοσύνην,
1265 2612 1424 2649 λυτρώσεως
1433 2614 1577 2649 μέμνηται.
1583 2616 1676 2643 Ἔστω
1683 2618 1720 2651 γὰ
1725 2627 1740 2653 ρ
1745 2639 1752 2649 ,
1760 2627 1796 2653 φη
1801 2619 1847 2646 ab.

1051 2654 1073 2683 ὧ
1095 2657 1211 2693 Ἰσραὴλ,
1231 2658 1358 2685 ποιοῦντα
1380 2659 1430 2686 οὐκ
1451 2660 1616 2694 ἐγίνωσκες,
1637 2662 1848 2699 δημιουργοῦντι

1051 2705 1097 2730 καὶ
1117 2703 1260 2731 πλάττοντί
1283 2713 1312 2731 σε
1333 2706 1362 2731 οὐ
1379 2706 1592 2742 παρηκολούθεις
1608 2709 1642 2744 τῇ
1660 2710 1775 2743 γνώσει,
1786 2711 1848 2745 μηδὲ

1049 2749 1230 2785 λυτρουμένου
1249 2759 1295 2777 σου
1315 2751 1344 2784 ἐξ
1362 2752 1500 2786 Αἰγύπτου
1516 2754 1565 2780 οὐκ
1585 2754 1727 2789 ᾑσθάνου;
1751 2757 1781 2782 ’0
1798 2757 1848 2783 τοί-

1049 2805 1094 2822 νυν
1118 2796 1147 2822 τὸ
1173 2797 1274 2822 τέλειον
1301 2798 1483 2834 εὐεργετήσας
1502 2800 1561 2834 εἰμὶ
1587 2802 1601 2826 ὁ
1621 2802 1724 2833 αὐτὸς·
1749 2803 1846 2839 μηδένα

1048 2841 1142 2875 καιρὸν
1169 2843 1374 2877 παραλελοιπὼς
1397 2845 1537 2878 νουθεσίας
1563 2846 1618 2874 τῶν
1648 2849 1846 2877 συντελούντων
