1920 3070
222 85 271 114 167

682 88 712 116 S.
734 89 898 119 METHODII
919 92 1072 122 EPlSCOPl
1092 95 1135 123 ΕΤ
1158 96 1338 124 MARTYRIS

1794 99 1855 126 {68

221 149 372 182 temporum
392 146 512 180 reducit;
529 146 640 182 quinam
654 155 736 184 ergo.
751 150 797 184 qui
815 155 959 186 antequam
972 153 994 181 si

1063 144 1211 190 μεέαὸολάς
1230 155 1355 182 ἀποτελεῖ
1370 156 1415 183 καὶ
1432 156 1481 188 τὰς
1496 156 1599 192 τροπὰς
1616 155 1670 182 τῶν
1689 156 1804 192 καιρῶν,
1824 158 1855 184 oi

221 199 272 227 gna
285 192 311 218 in
324 192 392 218 ccelo
401 192 611 226 collocarentur,
627 193 716 230 iisque
728 195 793 223 illud
803 203 1006 232 perornaretur,

219 238 391 269 exstiterunt,
413 238 504 266 vivere
523 244 685 275 potuerunt;
701 249 763 269 eum
778 243 894 270 necdum
909 249 1007 278 aestas,

219 287 378 314 autumnus,
395 283 493 316 hiems,
506 293 554 313 ver
564 286 683 314 discreta
690 291 793 322 essent,
806 296 920 323 quorum
937 294 1008 317 tem-

219 332 345 364 peratura
362 330 485 365 corporis
508 331 614 359 indoles
627 337 743 368 augetur
755 341 787 361 ac
813 335 1007 363 conﬁrmatur?

203 400 206 403 _
217 375 298 410 Atqui
307 375 443 408 vixerunt,
456 377 685 413 longaevioresque
696 387 728 407 ac
740 379 910 408 robustiores
923 381 1008 409 dura-

218 426 293 453 runt.
309 431 391 458 quam
403 423 451 458 qui
476 431 550 451 nunc
573 424 690 453 vivimus
705 434 712 453 :
727 426 808 454 simili
823 427 928 455 ratione
949 432 1005 455 tum

217 476 326 503 quoque
342 468 397 496 Deo
414 473 536 505 tempora
549 470 719 505 disponente.
735 471 793 499 Non
808 472 891 508 igitur
906 474 1006 501 caelum

216 514 383 549 ejuscemodi
395 514 488 551 ﬁguris
497 523 528 543 ac
541 524 589 552 per
597 524 644 545 eas
655 518 823 552 occasiones,
834 519 949 547 subinde
963 520 1006 546 iu-

218 560 389 588 terstinctum
403 568 435 587 ac
451 561 585 589 variatum
600 563 661 590 fuit.

253 603 283 631 Si
299 605 340 632 sol
354 609 381 632 et
394 605 459 632 luna
472 613 504 633 ac
518 607 603 634 stellae
612 608 672 635 aliae
682 612 821 644 astraque,
829 610 861 637 ad
875 611 1005 646 temporis

217 649 426 686 distiuguendos
450 653 655 688 servandosque
668 663 795 682 numeros
804 655 837 687 ⁸³,
855 661 882 683 ct
896 657 928 683 ad
942 657 1004 684 θα)Ιὶ

216 700 343 724 ornatum
355 698 484 734 vicesque
498 703 690 734 tempestatum
703 701 870 729 inducendas
884 702 1003 734 condita.

216 741 307 770 divina
325 748 400 776 sunt.
418 750 445 772 et
461 753 542 780 quam
559 753 608 780 pro
630 746 748 773 humana
769 748 925 775 conditione
936 757 1005 783 prae-

215 789 365 823 stantiora;
381 791 535 819 necessario
546 791 583 825 lit,
596 793 811 826 praestantiorem
824 794 880 821 hzec
895 802 1004 830 quoque

214 835 298 862 vitam
316 840 343 863 et
361 836 468 864 beatam
481 842 563 872 atque
577 839 762 873 tranquillam,
774 840 906 876 longeque
917 841 1001 876 justi-
1018 837 1038 864 Β

214 881 259 909 tite
266 889 298 908 ac
306 882 413 910 virtutis
425 883 545 917 dotibus,
557 889 653 912 nostra
661 885 713 913 bac
721 886 871 918 meliorem.
885 887 999 922 degere:

214 935 275 962 qua:
289 929 440 962 composito
455 928 582 964 l‘elicique
600 933 675 957 motu
693 939 722 958 se
738 936 873 960 moveant.
891 932 939 960 Sin
955 941 1002 960 au-

215 976 267 1000 tcm
287 973 450 1001 mortalibus
471 974 590 1002 cladium
612 976 800 1012 malerumque
822 979 999 1006 consiliorum

213 1023 338 1047 auctores
348 1024 422 1052 sunt.
438 1025 590 1056 vacantque
601 1021 779 1057 impudicitiis
794 1023 899 1052 ac'vitae
914 1031 1000 1053 mula-

214 1064 333 1094 tionibus
351 1066 519 1102 tragicisque
534 1067 645 1095 casibus
665 1068 837 1104 ingerendis;
854 1071 933 1106 plane
949 1072 1001 1099 mi-

212 1111 370 1140 serabiliore
387 1113 543 1141 hominibus
556 1117 629 1141 sorte
642 1118 716 1146 sunt,
732 1123 793 1150 quae
805 1117 831 1144 in
844 1121 944 1145 terram
958 1118 998 1146 fa-

213 1157 334 1192 talesque
344 1165 376 1185 ac
390 1158 508 1186 nefarios
527 1163 605 1188 actus
621 1161 770 1193 attendant,
785 1170 835 1189 nec
850 1163 998 1198 quidquam

213 1198 309 1231 melius
319 1204 398 1232 nobis
409 1204 490 1232 vitam
503 1211 609 1240 regant,
620 1207 840 1242 quandoquidem
855 1209 889 1236 ab
903 1217 996 1237 eorum

210 1248 320 1277 deﬂuxu
334 1257 366 1277 ac
379 1254 454 1278 motu
470 1255 565 1279 nostra
579 1251 788 1287 dependetvita.

1061 200 1114 235 πρὸ
1136 200 1183 227 τοῦ
1208 200 1453 236 καταστερισθῆναι
1473 201 1506 228 τά
1524 201 1606 233 ζώδια
1623 202 1774 236 γεγονότες,
1799 203 1855 229 καὶ

1058 246 1228 281 κοσμηθῆναι
1250 246 1354 278 τούτοις
1374 247 1419 273 τὸν
1446 247 1569 283 οὐρανὸν,
1603 247 1662 279 πῶς
1686 248 1852 284 διήρκεσαν,

1059 291 1171 326 μηδέπω
1192 291 1297 327 θέρους,
1325 292 1493 329 μετοπώρου,
1521 293 1664 328 χειμῶνος,
1685 294 1766 330 ἔαρος
1787 294 1856 322 δια-

1057 337 1236 373 κεκριμένων,
1253 338 1286 365 δι’
1297 335 1335 365 ὧν
1350 339 1366 374 ή
1385 338 1431 365 τοῦ
1449 338 1574 374 σώματος
1589 338 1701 372 αὔξεται
1719 341 1766 367 καὶ
1779 349 1854 375 συγ-

1057 385 1196 420 κρατείται
1213 384 1311 419 φύσις;
1339 385 1400 412 Ἀλλ
1424 384 1585 421 ἐξήρκεσαν,
1602 386 1650 412 καὶ
1664 386 1854 423 πολυχρονιὼ-

1056 439 1129 467 τεροι
1149 431 1276 465 γεγόνασι
1299 431 1346 458 καὶ
1371 431 1580 468 ῥωμαλεώτεροι
1605 432 1681 468 παρά
1703 434 1767 465 τοὺς
1782 434 1850 465 νῦν,

1055 475 1157 510 ὁμοίως
1172 476 1219 502 καὶ
1233 476 1294 503 τότε
1305 476 1490 509 διευθύναντος
1503 478 1565 509 τοὺς
1579 478 1691 512 καιροὺς
1702 479 1748 506 τοῦ
1763 479 1850 506 Θεοῦ.

1056 522 1113 548 Οὐκ
1129 522 1183 557 ἄρα
1197 523 1230 549 ἐκ
1243 522 1371 550 τοιούτων
1387 524 1401 550 ὁ
1417 523 1530 559 οὐρανὸς
1544 524 1717 552 πεποίκιλται
1734 526 1851 561 σχημά-

1055 575 1119 594 των.

1090 614 1122 640 Εἰ
1143 614 1157 641 ὁ
1178 614 1252 650 ἥλιος
1272 615 1319 642 καὶ
1335 616 1352 652 ἡ
1370 616 1467 653 σελήνη
1486 617 1581 644 καὶτὰ
1604 617 1672 645 ἄλλα
1693 619 1791 655 ἄστρα,
1809 619 1850 647 τὰ

1054 660 1094 692 εἰς
1106 660 1244 696 διορισμὸν
1256 662 1301 689 καὶ
1316 662 1438 699 φυλακὴν
1453 663 1577 699 ἀριθμῶν
1587 664 1681 699 χρόνου
1698 665 1847 699 γεγονότα,

1055 707 1102 733 καὶ
1115 707 1216 743 κόσμον
1239 708 1365 744 ούρανοῦ,
1383 709 1429 736 καὶ
1444 710 1547 744 τροπὰς
1571 710 1684 746 καιρῶν,
1702 711 1761 737 θεῖά
1781 712 1847 738 ἐστι.

1055 754 1102 780 καὶ¹
1117 754 1233 790 κρείττω
1249 755 1302 782 τῶν
1318 755 1467 792 ἀνθρώπων
1477 777 1485 788 ,
1508 757 1613 792 ἀνάγκη
1629 758 1675 784 καὶ
1698 758 1848 794 κρείττονα

1056 799 1113 835 βίον
1138 801 1184 827 καὶ
1205 802 1339 837 μακάριον
1359 802 1430 829 αὐτά
1451 803 1498 829 καὶ
1518 803 1667 838 εἰρηνικὸν,
1685 804 1732 830 καὶ
1749 804 1846 840 πολλῷ

1051 845 1099 872 τοῦ
1113 846 1246 883 ἡμετέρου
1259 847 1317 882 βίου
1327 848 1516 875 διαλλάττοντα
1526 849 1682 885 δικαιοσύνῃ
1694 850 1741 876 καὶ
1754 851 1845 886 ἀρετῇ

1050 891 1163 926 διάγειν,
1180 894 1326 929 κινούμενα
1340 894 1447 930 κίνησιν
1462 894 1592 923 εὔτακτον
1614 897 1662 922 καὶ
1675 896 1823 932 εὐδαίμονα
1836 905 1844 911 ·

1051 939 1075 964 εἰ
1089 938 1116 964 δὲ
1128 939 1182 966 τῶν
1198 939 1303 975 θνητῶν
1319 940 1461 976 συμφορὰς
1475 941 1521 968 καὶ
1543 941 1748 977 κακοφροσύνας
1771 942 1846 969 αὺτά

1050 984 1230 1017 τεκταίνεται,
1252 986 1300 1013 καὶ
1321 987 1428 1022 ἐνεργεί
1448 987 1512 1023 περὶ
1528 988 1577 1020 τὰς
1599 988 1742 1022 ἀσελγείας
1758 988 1846 1023 ἀσχο-

1050 1029 1177 1066 λούμενα,
1203 1031 1251 1058 καὶ
1270 1032 1319 1064 τὰς
1341 1033 1492 1068 μεταϐολὰς
1513 1034 1559 1060 καὶ
1575 1034 1677 1069 τροπὰς
1698 1033 1745 1060 τοῦ
1763 1034 1843 1069 βίου,

1051 1075 1104 1112 ἄρα
1127 1076 1278 1113 ἀθλιώτερα
1293 1077 1348 1104 τῶν
1369 1078 1520 1114 ἀνθρώπων
1542 1079 1626 1111 ἐστὶν,
1650 1080 1689 1111 εἰς
1710 1080 1761 1114 τὴν
1784 1079 1843 1114 γῆν

1053 1120 1195 1156 βλέποντα,
1210 1122 1257 1149 καὶ
1272 1123 1322 1155 τὰς
1338 1124 1487 1159 ὲπικήρους
1498 1125 1545 1151 καὶ
1556 1125 1692 1160 ἀθέσμους
1707 1124 1838 1160 πράξεις,

1052 1167 1100 1193 καὶ
1119 1168 1203 1203 μηδὲν
1225 1170 1347 1204 κρεῖττον
1371 1169 1424 1196 τῶν
1443 1170 1593 1205 ἀνθρώπων
1618 1171 1753 1205 διάγοντα,
1779 1171 1842 1206 εῐγε

1050 1213 1099 1248 τῆς
1114 1213 1223 1241 ἐκείνων
1237 1215 1386 1251 ἀπορροίας
1400 1216 1447 1242 καὶ
1459 1217 1591 1253 κινήσεως
1609 1218 1624 1244 ὁ
1638 1217 1771 1254 ἡμέτερος
1787 1218 1842 1254 ἧρ-

1049 1267 1128 1294 τηται
1144 1259 1209 1295 βίος.

576 1308 642 1337 CAP.
659 1309 728 1338 XVI.
743 1310 807 1338 Alia
827 1312 963 1346 complura
975 1314 1003 1340 in
1016 1315 1119 1344 eosdem
1136 1317 1335 1346 mathematicos
1350 1319 1459 1346 intorta.

246 1353 315 1381 Cum
328 1353 421 1382 nullus
435 1355 538 1391 absque
552 1357 653 1392 praevio
668 1358 827 1393 cupiditatis
840 1359 935 1387 affectu
951 1368 997 1391 ac.-

209 1403 256 1427 tus
270 1399 316 1426 ﬁat
326 1420 333 1433 ,
349 1407 437 1435 neque
448 1409 514 1429 vero
534 1403 670 1438 cupiditas
690 1404 800 1432 aliunde
814 1406 850 1432 sit
865 1414 946 1441 quam
963 1407 997 1434 ab

1085 1365 1117 1391 Εἰ
1130 1366 1205 1393 πᾶσα
1222 1366 1321 1402 πρᾶξις
1335 1367 1420 1402 χωρὶς
1435 1367 1580 1403 ἐπιθυμίας
1595 1369 1626 1396 οὐ
1644 1370 1757 1404 γίνεται,
1773 1371 1839 1399 οὐδὲ

1051 1411 1103 1446 μὴν
1119 1412 1250 1448 ἐπιθυμία
1270 1414 1353 1449 χωρὶς
1369 1414 1489 1446 ὲνδείας’
1512 1415 1634 1448 ἀνενδεὲς
1647 1415 1674 1442 δὲ
1690 1415 1720 1443 τὸ
1735 1416 1813 1443 Θείον
1827 1426 1834 1432 θ

210 1444 377 1479 indigentia;
410 1445 481 1473 Deus
506 1451 596 1474 autem
609 1448 667 1483 ipse
697 1449 799 1477 nullius
823 1455 916 1485 egeat,
947 1458 994 1478 nec

210 1489 317 1499 ηιμ
409 1498 412 1499 ν
491 1495 496 1499 .
585 1497 588 1499 .
669 1495 693 1499 ..
863 1497 868 1499 .
914 1497 919 1499 _

1049 1444 1207 1494 ἀνεννόητον
1231 1444 1286 1494 ᾶρά
1308 1444 1470 1496 πονηρίας-ὴ
1484 1461 1531 1487 καὶ
1556 1462 1580 1488 εξ
1603 1444 1631 1497 ἡ⁷
1647 1462 1700 1489 τῶν
1723 1463 1837 1499 ἄστρων

207 1489 322 1524 proinde
334 1490 418 1519 ullius
437 1495 533 1519 auctor
545 1497 592 1520 aut
607 1495 778 1522 machinator
794 1497 936 1530 pravitatis
949 1505 997 1524 cx-
1010 1489 1014 1522 ξ

208 1535 304 1569 sistat;
315 1544 433 1572 cumque
444 1545 540 1566 rursus
555 1539 675 1567 siderum
687 1546 783 1568 natura
794 1542 893 1569 divina:
908 1543 996 1571 allinis

207 1581 243 1608 sit
260 1581 355 1617 illique
366 1583 482 1611 vicinior
496 1578 607 1621 '(nempe
623 1588 839 1621 praestandorum
855 1589 995 1616 hominum

206 1628 306 1656 virtute
330 1631 533 1667 praestantior),
552 1640 602 1660 nec
623 1633 683 1668 ipsa
705 1635 776 1662 mala
792 1635 937 1663 molientur
948 1640 995 1664 aut

205 1674 298 1710 aliquo
312 1675 484 1712 indigebunt.

240 1719 383 1754 Praeterea,
397 1730 478 1751 nemo
489 1731 583 1751 eorum
594 1725 695 1760 quibus
707 1730 796 1754 ratum
812 1731 854 1756 est
866 1729 951 1756 solem
967 1734 995 1757 et

203 1765 296 1794 lunam
316 1771 343 1794 et
364 1769 457 1796 stellas
468 1769 576 1797 divinas
590 1778 635 1798 res
651 1778 722 1803 esse,
738 1776 783 1799 eat
799 1773 920 1807 profecto
934 1775 995 1802 inli-

203 1813 266 1845 tias,
279 1815 372 1848 procul
389 1815 471 1842 etiam
486 1823 500 1843 a
512 1817 617 1844 malitia
630 1817 687 1845 ha2c
698 1818 856 1850 abhorrere,
871 1825 898 1848 et
912 1828 926 1847 a
943 1826 995 1848 ter-

204 1867 332 1887 renorum
345 1861 453 1889 actibus
465 1868 568 1890 remota
583 1871 655 1896 esse,
672 1865 698 1892 in
709 1873 769 1900 qua:
784 1873 833 1893 nec
847 1867 993 1901 voluptatis

203 1905 320 1939 alfectio.
336 1915 387 1935 uec
399 1908 501 1937 doloris
512 1910 592 1937 cadat
607 1919 613 1938 :
630 1919 681 1939 nec
693 1913 764 1939 enim
777 1913 932 1941 cmlestibus
946 1923 993 1950 pu-

203 1951 293 1980 denda
308 1953 365 1980 hac
381 1953 516 1982 desideria
530 1961 692 1992 competunt
707 1962 734 1985 et
750 1961 926 1987 exscCrandan
947 1969 994 1996 ap-

203 1999 356 2032 pctitioncs.
371 1999 399 2027 Si
415 2005 505 2029 autem
517 2007 594 2030 extra
605 2011 638 2031 ea
650 2010 724 2036 sunt,
738 2013 787 2032 nec
799 2006 852 2033 ulla
866 2007 993 2035 laborant

201 2049 332 2079 egestate,
345 2047 410 2081 quid
426 2055 518 2076 causa:
533 2053 575 2076 est
589 2057 640 2077 cur
655 2052 818 2079 mortalibus
833 2060 927 2080 eorum
943 2061 992 2081 au-

200 2095 292 2120 ctores
311 2093 376 2125 siut,
399 2102 460 2129 quze
476 2103 527 2122 nec
549 2096 602 2124 illis
627 2097 766 2125 arrideant
780 2103 807 2126 et
833 2104 909 2128 extra
931 2108 990 2136 quae

201 2137 290 2172 posita
304 2138 438 2167 nobiliore
453 2139 544 2168 indole
557 2147 685 2176 praestent

237 2182 267 2210 Hi
285 2191 368 2218 porro
378 2184 425 2219 qui
437 2184 573 2212 hominem
589 2187 696 2213 arbitrii
712 2187 839 2215 facultate
851 2196 905 2216 non
919 2197 988 2223 prte-

198 2228 286 2256 ditum
302 2237 363 2257 esse
373 2234 516 2264 statuunt,
534 2232 583 2260 sed
598 2233 746 2260 inevitabili
761 2234 809 2261 fati
824 2236 987 2264 necessitate

197 2275 338 2312 iussisque
354 2285 409 2305 non
424 2279 536 2314 scriptis
549 2278 616 2316 ferri
630 2280 727 2315 agique
741 2281 886 2308 humanam
901 2282 984 2309 vitam

199 2322 331 2355 sentiunt,
349 2323 376 2350 in
389 2323 476 2359 ipsum
488 2325 564 2360 impii
581 2333 612 2353 ac
623 2325 984 2363 injuriisuntDeum,qucm

198 2370 333 2397 malorum
364 2371 546 2399 humanorum
573 2376 714 2400 auctorem
727 2377 754 2401 et
767 2374 921 2402 ellectorem
941 2375 984 2403 l'a—

195 2415 283 2444 ciunt.
306 2415 335 2443 Si
351 2417 423 2444 enim
438 2417 559 2445 siderum
574 2419 733 2448 universum
748 2421 910 2449 circularem
925 2429 985 2449 mo-

196 2463 272 2492 tum,
299 2455 379 2489 Deus.
390 2462 466 2497 ipse,
487 2470 540 2498 qua
556 2471 636 2492 nemo
651 2465 785 2499 sapientia
807 2465 881 2493 dicat
895 2470 941 2493 aut
956 2467 981 2493 vi

195 2506 294 2534 mentis
308 2506 451 2543 intelligat,
469 2508 606 2536 modulate
621 2509 774 2545 dispensat,
791 2510 911 2538 universi
925 2511 981 2537 cla-

195 2560 256 2580 vum
266 2554 419 2582 rectissime
427 2555 596 2590 gubernans;
609 2560 682 2583 astra
689 2564 753 2584 vero
764 2557 821 2584 vitii
832 2560 914 2593 atque
926 2556 982 2584 vir-

193 2599 261 2627 tutis
275 2600 422 2634 qualitates
440 2603 565 2629 humanm
579 2602 641 2630 vitae
658 2603 796 2637 ingerunt,
812 2611 872 2638 qua:
883 2603 980 2631 videli-

191 2649 235 2672 cet
253 2646 424 2674 necessitatis
434 2647 550 2675 viuculis
563 2648 686 2676 homines
702 2649 728 2675 in
743 2656 774 2676 ea
791 2649 911 2682 trahant,
925 2649 976 2676 uti—

192 2699 246 2726 que
274 2692 409 2720 malorum
432 2698 570 2722 auctorem
592 2702 623 2722 ac
643 2695 777 2730 originem
792 2694 877 2722 Deum
893 2695 975 2722 ascri-

193 2736 275 2767 bunt;
295 2737 417 2764 omnium
443 2742 533 2767 tamen
548 2740 669 2775 judicio,
686 2741 789 2767 nullius
814 2748 891 2767 noxae
909 2739 978 2768 Deus

193 2785 288 2808 auctor
304 2786 356 2810 est.
374 2782 540 2818 Explodatur
552 2793 616 2821 ergo
632 2785 722 2812 fatalis
735 2785 893 2813 necessitas.

227 2840 249 2854 "
264 2838 326 2865 σοι.
340 2847 358 2871 ι,
376 2839 419 2869 17.

1047 1504 1128 1539 φύσις
1149 1505 1288 1541 ἐγγυτέρω
1309 1506 1436 1533 τέτακται
1450 1506 1528 1539 Θεοῦ,
1547 1507 1677 1543 κρείττων
1695 1506 1762 1535 οὖσα
1782 1509 1835 1543 τῆς

1045 1550 1100 1577 τῶν
1114 1550 1274 1586 κρειττόνων
1282 1551 1431 1587 ἀνθρώπων
1444 1552 1558 1588 ἀρετῆς·
1573 1552 1720 1587 ἀνεννόητα
1732 1552 1836 1583 κακίας

1046 1596 1105 1623 ἐστὶ
1116 1597 1163 1624 καὶ
1178 1597 1287 1633 ἀνενδεῆ
1303 1598 1337 1624 τὰ
1352 1598 1448 1634 ἄστρα.

1080 1730 1136 1758 Καὶ
1151 1729 1248 1761 ἄλλως,
1269 1729 1322 1761 πᾶς
1344 1730 1409 1765 ἡμῖν
1430 1728 1591 1764 ὁμολογήσει
1604 1728 1658 1756 τῶν
1675 1730 1834 1765 πεπεισμέ-

1044 1785 1096 1803 νων
1110 1776 1155 1803 τὸν
1178 1775 1252 1811 ἥλιον
1276 1775 1322 1802 καὶ
1343 1774 1392 1810 τὴν
1415 1774 1528 1811 σελήνην
1555 1775 1602 1802 καὶ
1626 1776 1688 1807 τοὺς
1711 1775 1833 1811 ἀστέρας

1043 1820 1112 1849 εἶναι
1127 1822 1196 1855 θεῖα,
1215 1822 1261 1848 καὶ
1281 1821 1389 1856 μακρὰν
1406 1821 1558 1856 ἀπῳκίσθαι
1576 1821 1682 1853 κακίας,
1704 1822 1752 1847 καὶ
1773 1822 1832 1848 τῶν

1043 1867 1166 1902 γηγενῶν
1189 1866 1314 1902 πράξεων
1336 1867 1498 1893 ἀνεπίδεκτα
1520 1866 1621 1898 πάθους
1644 1867 1740 1902 ἡδονῆς
1764 1867 1833 1894 ὄντα

1043 1912 1089 1939 καὶ
1101 1911 1201 1947 λύπης·
1217 1912 1247 1938 οὺ
1259 1911 1313 1947 γάρ
1328 1913 1467 1947 προσεῖναι
1481 1913 1536 1943 τοῖς
1551 1911 1685 1947 οὐρανίοις
1700 1912 1833 1944 τοιαύτας

1042 1957 1144 1994 ὀρέξεις
1162 1957 1315 1993 βδελυκτάς.
1338 1959 1369 1984 Εἰ
1385 1958 1414 1984 δὲ
1436 1957 1537 1985 τούτων
1559 1958 1637 1989 ἐκτὸς
1653 1958 1699 1984 καὶ
1714 1958 1831 1994 ἀνενδεῆ

1041 2004 1190 2039 πεφύκασι,
1206 2004 1265 2037 πῶς
1280 2006 1335 2036 τοῖς
1349 2003 1513 2040 ἀνθρώποις,
1532 2003 1550 2031 ἃ
1567 2004 1604 2039 μὴ
1623 2004 1699 2030 αὐτοὶ
1717 2003 1832 2038 βούλον-

1040 2058 1095 2082 ται,
1114 2050 1160 2077 καὶ
1175 2046 1212 2077 ὧν
1226 2050 1303 2081 ὲκτός
1316 2050 1379 2082 εισι,
1397 2048 1597 2080 τεκταίνονταις

1076 2184 1106 2211 Ol
1121 2183 1150 2210 δὲ
1166 2182 1318 2218 ὁριζόμενοι
1332 2181 1377 2207 τὸν
1393 2181 1534 2216 ἄνθρωπον
1557 2181 1593 2217 μὴ
1613 2178 1681 2208 εἶναι
1698 2181 1830 2214 αὐτεξού-

1041 2238 1107 2261 σιον,
1127 2228 1183 2254 ἀλλ’
1199 2228 1330 2261 ἀνάγκαις
1351 2226 1482 2261 ἀφύκτοις
1505 2226 1680 2263 Εἱμαρμένης
1700 2227 1829 2261 λέγοντες

1039 2273 1206 2306 οἰακίζεσθαι
1225 2273 1272 2300 καὶ
1292 2272 1427 2308 ἀγράφοις
1445 2272 1663 2308 προστάγμασιν,
1687 2273 1726 2304 είς
1743 2272 1829 2299 αὐτὸν

1038 2323 1166 2351 ἀσεϐοῦσι
1185 2322 1230 2349 τὸν
1249 2321 1325 2352 Θεὸν,
1350 2320 1514 2357 παρεκτικὺν
1539 2320 1619 2346 αὐτὸν
1641 2319 1694 2346 τῶν
1719 2319 1827 2355 ἀνθρω-

1039 2369 1123 2396 πίνων
1140 2368 1232 2395 κακῶν
1245 2367 1291 2394 xui.
1308 2366 1421 2402 ποιητὴν
1434 2365 1633 2402 εἰσηγούμενοι.
1653 2365 1683 2392 Et
1699 2365 1754 2400 γὰρ
1767 2365 1827 2391 τῶν

1038 2416 1159 2452 ἀστέρων
1184 2416 1292 2443 ἃπασαν
1313 2414 1444 2449 κυκλικὴν
1468 2413 1572 2448 κίνησιν
1589 2411 1715 2447 ἐμμελῶς
1740 2411 1824 2444 αὐτὸς

1035 2463 1167 2499 ἀφράστῳ
1187 2462 1267 2497 σοφίᾳ
1291 2461 1339 2487 καὶ
1360 2459 1511 2495 ἀνεννοήτῳ
1530 2459 1627 2489 διέπει,
1650 2457 1824 2485 κατευθύνων

1034 2511 1080 2537 τὸν
1095 2509 1176 2536 οἴακα
1194 2509 1244 2545 τῆς
1259 2507 1420 2543 οἰκουμένης
1430 2515 1437 2521 ·
1454 2507 1478 2533 οἱ
1499 2506 1528 2532 δὲ
1542 2505 1656 2541 ἀστέρες
1677 2503 1727 2536 τάς
1742 2505 1821 2531 ποιό-

1034 2565 1118 2593 τητας
1132 2556 1183 2592 τῆς
1200 2556 1298 2587 κακίας
1316 2555 1364 2582 καὶ
1378 2554 1428 2589 τῆς
1444 2553 1544 2589 ἀρετῆς
1557 2552 1696 2580 ἐκτελοῦσι
1705 2551 1744 2586 τῷ
1756 2551 1820 2602 βίῳ,

1033 2604 1155 2640 ἀνάγκης
1168 2603 1276 2638 δεσμοῖς
1291 2602 1352 2633 τοὺς
1364 2600 1523 2636 ἀνθρώπους
1534 2599 1657 2630 ἕλκοντες
1668 2600 1707 2629 εὶς
1721 2599 1817 2624 ταῦτα’

1032 2650 1117 2676 αἴτιον
1131 2649 1185 2675 τῶν
1200 2648 1291 2675 κακῶν
1307 2648 1352 2674 τὸν
1371 2647 1436 2673 Θεὸν
1456 2645 1649 2679 ἀποφαίνονται
1665 2646 1712 2671 καὶ¹
1726 2645 1816 2680 6'3th-

1033 2695 1089 2722 ἀλλ’
1107 2695 1226 2727 ἀναίτιος
1243 2695 1309 2721 πᾶσι
1327 2693 1415 2729 πάσης
1440 2691 1541 2727 βλάϐης
1557 2692 1571 2718 ὁ
1590 2691 1665 2722 Θεός.
1688 2691 1744 2717 Οὐκ
1763 2690 1819 2727 ἀρα

1033 2742 1149 2776 γένεσις.
