1919 3075
68 65 85 91 ί
100 66 171 95 349
803 72 835 100 IN
855 72 981 100 lSAlMI.
1665 77 1731 106 l550

63 131 138 150 σπιι
166 124 235 159 πρὸς
252 125 398 160 σωτηρίαν,
422 125 479 152 ἀλλ’
495 126 667 159 αὐτεξούσιον
688 135 716 153 σε
737 127 892 162 πεποιηκὼς

949 127 994 155 sed
1011 127 1127 154 liberum
1148 131 1175 154 te
1190 128 1320 156 constitui
1332 148 1339 160 ,
1359 136 1400 155 me
1419 136 1505 161 duce,
1522 137 1564 157 me
1584 137 1669 166 usque
1684 133 1729 160 de-

62 168 293 205 ὑφηγησάμην,
315 170 361 196 καὶ
381 170 415 197 τὰ
438 171 563 206 πρακτέα
585 171 632 198 καὶ
658 171 693 198 τὰ
715 172 889 207 συμφέροντά

949 174 1063 201 rlarante
1087 173 1152 209 quid
1175 174 1226 201 tibi
1253 174 1407 210 agendum,
1434 175 1499 210 quid
1523 176 1571 203 tibi
1592 177 1730 211 profectu-

67 222 138 240 σοι
156 214 285 246 ὑπέδειξα
297 223 303 229 ·
321 215 368 242 καὶ
390 215 492 251 ταύτην
506 216 655 243 ὁδεύσαντά
670 225 699 243 σε
720 216 769 253 τὴν
784 217 887 254 τρίϐον,

66 259 225 292 ἐκκλίνας
240 260 294 287 ἀπὸ
306 261 355 296 τῆς
367 261 491 294 ἐναντίας
507 261 690 298 προξενούσης
706 271 747 289 σοι
765 262 887 290 θάνατον.

130 307 189 333 Καὶ
210 306 292 332 τόπον
314 307 360 333 καὶ
380 307 480 342 τρόπον
507 308 632 342 ἀμείϐειν
653 308 751 340 αὐτοὺς
773 309 890 344 συμϐου-

69 349 182 383 λεύει,
194 351 273 378 τοῦτο
290 352 338 386 μὲν
358 353 605 388 μετανισταμένους
619 355 651 380 ὲκ
672 354 721 390 τῆς
731 354 890 387 Βαϐυλῶνος

73 398 145 424 καὶ
171 397 429 433 καταλαμϐάνοντας
457 399 506 434 τὴν
537 399 734 436 Ἰερουσαλὴμ,
759 400 838 428 τοῦτο
862 401 890 428 δέ

79 443 184 478 μηδὲν
217 444 366 478 ἐπάγεσθαι
397 445 495 477 αὐτοὺς
526 445 631 472 τοιοῦτο
656 446 715 478 ἔθος
742 447 890 474 Χαλδαῖκὺν

940 227 1015 252 rum;
1037 224 1064 247 et
1082 219 1147 247 dum
1167 219 1217 247 hac
1239 220 1267 247 in
1290 220 1333 248 via
1351 221 1520 253 ambularis,
1536 222 1570 249 ab
1585 222 1672 250 altera
1687 231 1729 251 re-

939 265 1047 293 cessisti
1062 273 1114 300 qua
1130 270 1244 293 mortem
1260 271 1476 301 consequuntur.

979 311 1059 339 Vnus.
1080 311 1125 340 20.
1152 311 1188 339 Ut
1214 312 1303 339 locum
1328 313 1409 340 simul
1429 317 1456 340 et
1475 321 1565 341 mores
1584 315 1729 343 immutent

941 359 1074 390 consulit;
1088 359 1156 386 alios
1171 359 1280 394 quidem
1303 359 1367 386 dum
1396 360 1489 387 relicta
1515 359 1667 396 Babylone.
1685 361 1730 389 Je-

941 404 1061 431 rusalem
1085 407 1225 439 repetam;
1242 404 1312 432 alios
1330 412 1412 436 vero,
1428 405 1493 432 dum’
1507 405 1634 434 devitatis
1649 407 1729 434 Chal-

941 445 1060 473 daorum
1076 447 1198 473 moribus
1209 465 1216 478 ,
1229 446 1264 474 ab
1277 447 1358 474 idolis
1371 447 1537 479 abstineant,
1553 451 1580 475 et
1594 448 1628 475 ab
1641 455 1729 483 augu-

80 489 302 524 συμϐουλεύων,
325 490 539 526 προσανέχοντας
558 491 760 528 είδωλολατρείᾳ
782 493 827 519 καὶ
845 494 892 520 ol—

949 492 990 519 riis
1002 497 1029 519 et
1042 492 1148 519 caeteris
1160 492 1274 527 hujusce
1287 493 1394 528 generis
1406 493 1539 521 moribus.
1551 493 1637 521 Paulo
1649 499 1707 528 post
1718 501 1729 520 :

78 537 228 570 ωνισμοῖς
251 535 298 562 καὶ
318 537 378 567 ταῖς
393 536 486 568 ἄλλαις
509 536 675 569 Χαλδαῖκαῖς
695 537 820 570 πλάναις.
837 538 891 565 Καὶ

76 583 162 616 μετ’
186 583 282 617 ὀλίγα·
304 584 338 609 '0
362 582 394 618 δὴ
421 583 536 619 ἁρμόσει
562 584 609 611 καὶ
633 585 678 611 ἐπὶ
707 584 815 611 πάντων
839 584 892 612 τῶν

82 628 186 655 ὲονῶν
204 628 258 655 τῶν
276 628 430 664 ἅπανταχοῦ
450 629 502 664 γῆς
525 629 620 661 ὄντων,
640 630 687 656 καὶ
702 630 736 657 τὰ
754 631 826 666 ἄκρα
842 631 893 664 τῆς

81 676 152 710 γῆς
171 675 382 710 κατειληφότων,
404 675 647 711 εὐαγγελιζομένου
665 676 756 708 αὐτοῖς
773 676 820 703 τοῦ
842 685 893 703 σω-

82 722 195 757 τηρίου
214 721 292 755 λόγου
319 721 366 748 καὶ
390 722 439 757 τῆς
461 720 580 756 ψυχικῆς
604 721 758 758 ἐλευθερίας
778 722 828 757 τὴν
848 721 893 748 λύ·

85 775 202 803 τρωσιν
219 767 252 802 ἢν
271 766 442 802 ἐλυτρώσατο
463 767 562 800 αὐτοὺς
572 768 586 794 ὁ
602 767 750 804 μονογενὴς
766 767 830 800 Υἱὸς
845 767 892 794 τοῦ

86 811 168 838 Θεοῦ
184 813 212 838 ὲν
230 812 400 848 αἰχμαλωσίᾳ
414 812 592 849 πράττοντας,
608 813 656 840 καὶ
672 812 724 840 ὑπὸ
737 812 786 849 τὴν
797 822 895 849 τυρανυ

86 857 160 884 νίδα
173 857 220 884 τοῦ
235 857 358 884 διαϐόλου
371 857 461 890 ὄντας.

135 914 218 949 Λέγει
229 915 268 945 δὲ,
283 915 334 946 ὅτι,
350 915 381 941 Et
397 916 443 942 καὶ
459 913 531 943 οὗτοι
544 916 672 951 οὐδεμίαν
684 916 816 951 ὠφέλειαν
831 917 894 943 ἐδέ-

92 960 192 992 ξαντο,
210 959 267 986 ἀλλ’
289 958 335 987 οὖν
358 961 413 995 ἐγὼ
432 961 463 988 τδ
488 962 588 989 οἰκεῖον
610 961 690 997 ἔργον
710 962 891 998 πεπλήρωκα·

93 1007 148 1032 καὶ
161 1006 240 1032 τοῦτο
255 1006 332 1033 δίλόν
344 1007 401 1034 ἐστι
413 1006 453 1033 τῶ
468 1007 538 1035 Θεῶ.

138 1098 211 1135 Πρὸς
226 1100 257 1126 τὸ
270 1100 344 1136 παρὰ
365 1101 414 1136 τῆς
431 1100 608 1136 Ἰερουσαλὴμ
631 1101 725 1133 κακῶς
739 1100 893 1136 γυμνωθὲν

95 1144 173 1171 κατὰ
197 1145 244 1172 τοῦ
265 1145 332 1172 Θεοῦ
354 1146 392 1178 ὡς
416 1145 611 1182 ἐπιλαϐομένου
637 1146 687 1181 τῆς
717 1145 893 1181 Ἰερουσαλὴμ

95 1191 150 1217 καὶ
168 1191 246 1217 τοῦτο
267 1191 390 1227 ἁρμόζει,
413 1191 616 1228 διδασκομένης,
637 1191 675 1224 ὼς
692 1191 722 1217 οὺ
742 1191 810 1227 λήθῃ
833 1191 894 1218 δου-

95 1236 176 1263 λεύει
191 1237 222 1263 τὸ
244 1237 331 1269 Θεϊον,
344 1237 403 1264 οὐδὲ
423 1237 544 1274 ῥᾳθυμίᾳ
561 1237 726 1273 προσανέχον
739 1237 894 1273 ἀπρονόητα

97 1282 304 1318 καταλιμπάνει
325 1283 360 1309 τὰ
371 1283 466 1310 ἑαυτοῦ
481 1284 636 1319 ποιήματα·
653 1284 678 1309 εί
692 1282 747 1319 γὰρ
761 1283 894 1310 παύσεται

97 1328 169 1360 Θεὸς
185 1328 371 1364 διανοούμενος
391 1329 455 1365 περὶ
470 1329 559 1365 ἡμῶν,
580 1329 626 1356 καὶ
644 1329 828 1364 ἀποπέσοιμεν
844 1328 894 1363 τῆς

98 1374 186 1401 αὐτοῦ
201 1374 319 1410 μνήμης,
340 1374 473 1401 παύσεται
483 1375 563 1411 ἡμῶν
575 1375 622 1401 καὶ
639 1374 670 1401 τὺ
683 1372 766 1401 εἶναι·
781 1373 829 1408 τῆς
841 1373 894 1409 γὰρ

99 1421 208 1453 ἐννοίας
223 1422 272 1456 τῆς
290 1422 332 1455 ἐφ’
344 1422 410 1457 ἡμῖν
425 1422 613 1458 παυσαμένης,
626 1422 672 1456 ἀφ’
687 1419 722 1457 ἦς
742 1421 790 1448 καὶ
808 1429 893 1456 προσ-

943 537 1008 570 Quae
1022 537 1104 565 etiam
1118 541 1179 572 apte
1193 538 1226 565 ad
1242 545 1336 566 omnes
1350 543 1445 573 gentes
1460 539 1614 567 referentur
1628 540 1730 575 ubique

943 589 1077 611 terrarum
1089 583 1230 619 degentes,
1242 585 1284 611 vel
1295 588 1430 612 extremas
1445 590 1535 613 terras
1549 591 1728 621 occupantes,

943 636 1005 656 cum
1029 629 1098 664 ipsis
1119 630 1234 657 verbum
1266 631 1363 658 salutis
1392 631 1567 665 praedicatur,
1596 635 1624 659 et
1649 633 1729 667 spiri~

944 674 1026 700 tualis
1044 673 1172 706 libertas,
1195 674 1320 701 liberalia
1343 675 1514 711 scilicetqua
1537 684 1587 704 nos
1603 677 1730 704 liberavit

944 719 1102 754 unigenitus
1118 719 1165 748 Dei
1175 719 1261 748 Filius
1277 720 1303 747 in
1315 721 1474 756 captivitate
1489 725 1516 749 et
1527 722 1580 750 sub
1596 726 1730 757 potestate

945 766 1046 794 diaboli
1060 773 1214 802 oppressos.

942 913 960 949 ς,
979 915 1043 942 Ctr.
1058 914 1156 949 XLIX,
1173 914 1254 942 Vens.
1266 915 1293 943 4.
1324 915 1436 944 Etiamsi
1458 916 1527 943 nihil
1542 917 1666 946 utilitatis
1696 926 1731 946 ex

943 961 1034 988 verbis
1052 962 1122 989 meis
1147 961 1347 996 perceperitis,
1371 962 1460 997 inquit
1484 963 1635 998 propheta.
1661 971 1730 999 opus

943 1014 1033 1033 meum
1060 1014 1205 1042 peregero;
1233 1007 1312 1035 labor
1341 1015 1419 1036 meus
1447 1015 1542 1035 coram
1569 1008 1625 1036 Deo
1650 1009 1730 1037 inno-

944 1055 1039 1080 tescet.

979 1097 1063 1125 Vsus.
1080 1098 1124 1126 15.
1145 1098 1298 1126 Jerusalem
1316 1099 1453 1127 immerito
1473 1099 1558 1127 Deum
1582 1104 1728 1136 arguente.

943 1144 1022 1178 quasi
1049 1144 1147 1171 fuisset
1166 1144 1225 1179 ejus
1250 1145 1368 1176 oblitus,
1395 1145 1538 1180 aptissime
1567 1145 1728 1181 respondet.

944 1190 1065 1217 divinum
1081 1198 1181 1218 numen
1197 1199 1252 1218 non
1265 1198 1326 1219 esse
1342 1190 1475 1218 oblivioni
1490 1191 1640 1218 obnoxium
1654 1211 1662 1224 ,
1678 1199 1730 1219 nec

945 1235 1061 1270 segnitie
1084 1236 1187 1263 victum
1215 1240 1358 1264 creaturas
1387 1244 1453 1265 suas
1480 1237 1652 1272 providentia
1679 1245 1730 1265 sua

944 1280 1101 1309 destituere.
1111 1281 1188 1315 Quod
1201 1282 1224 1310 si
1239 1282 1312 1310 enim
1324 1283 1404 1310 nobis
1426 1283 1474 1310 Dei
1493 1283 1665 1319 providentia
1680 1284 1730 1312 de-

947 1327 1000 1354 seri
1020 1327 1167 1360 accideret.
1183 1332 1210 1355 et
1229 1327 1263 1355 de
1282 1329 1412 1356 memoria
1427 1329 1487 1364 ejus
1506 1329 1631 1357 excidere
1642 1349 1650 1361 .
1665 1337 1732 1357 ton-

946 1374 1023 1401 tinuo
1041 1378 1218 1401 evanesceret
1240 1374 1295 1401 vita
1317 1379 1422 1402 nostra.
1440 1374 1508 1402 Nam
1523 1376 1668 1403 recedente
1684 1375 1730 1403 illa

944 1423 1034 1448 mente
1048 1427 1100 1454 qua
1118 1420 1146 1446 in
1162 1419 1250 1447 lucem
1269 1419 1335 1448 editi
1351 1428 1458 1453 sumus,
1474 1424 1501 1449 ct
1517 1421 1598 1449 nobis
1615 1429 1731 1456 pereun-

95 1467 282 1503 ἐληλύθαμεν,
307 1467 449 1495 ἀκολουθεῖ
472 1467 674 1494 συνανελεῖσθαι
699 1467 778 1502 ¹ἡμῶν
797 1466 843 1493 καὶ
863 1466 893 1493 τὸ
908 1472 929 1502 c
945 1465 1009 1492 dum
1025 1469 1108 1493 esset.

98 1509 185 1540 εῖναι.

144 1567 313 1604 ’Δπανταχοῦ
330 1568 451 1595 ἀναίτιον
470 1568 566 1596 ἑαυτὸν
586 1568 637 1603 τῆς
652 1567 753 1594 τούτων
769 1567 895 1594 ἀποστα-

99 1612 164 1644 σῖας
178 1612 314 1640 δείκνυσιν
328 1614 342 1639 ό
355 1613 430 1645 Θεὸς,
442 1613 571 1640 ἑλκόντων
587 1613 635 1648 μὲν
648 1614 695 1640 καὶ
710 1612 894 1639 ἀποσπώντων

100 1657 216 1689 ἑαυτοὺς
236 1658 284 1685 καὶ
304 1659 421 1691 ἀναξίων
445 1659 605 1685 δεικνύντων
627 1659 675 1694 τῆς
695 1658 779 1685 αὑτοῦ
807 1658 894 1693 κηδε-

99 1703 203 1738 μονίας
212 1712 220 1720 ’
234 1705 266 1731 ἐκ
278 1704 305 1730 δέ
324 1704 370 1731 τοῦ
388 1704 509 1731 ἐναντίου
523 1704 566 1731 τὸν
583 1704 648 1731 Θεὸν
658 1703 747 1738 ἀγαθὰ
762 1704 804 1730 ἐπ’
820 1705 895 1738 ἀγα-

100 1749 171 1782 Οοῖς,
186 1750 232 1776 καὶ
245 1749 348 1786 δωρεὰς
366 1751 413 1777 ἐπὶ
425 1751 540 1787 δωρεαῖς
553 1750 751 1786 προστιθέντος.

144 1807 225 1843 Ἐμοῦ
242 1809 290 1843 μὲν
301 1809 334 1834 δι’
348 1808 466 1843 ἐλέγχων
477 1817 507 1834 τε
521 1808 568 1835 καὶ
582 1809 777 1843 ἐπιτιμήσεων,
792 1808 822 1834 οὺ
840 1808 894 1843 μὴν

99 1852 170 1879 ἀλλὰ
191 1854 237 1880 καὶ
259 1854 457 1890 παρακλήσεων
485 1854 667 1888 ἐπανάγοντος
690 1853 759 1889 πρὸς
787 1853 892 1883 ἐαυτὸν.

100 1898 180 1933 ὑμῶν
199 1899 265 1934 μηδέ
285 1900 322 1932 ὡς
343 1901 427 1935 ἀκοῆς
449 1900 696 1936 ἐπιστρεφομένων·
719 1900 749 1926 οὺ
770 1901 845 1936 παρὰ
864 1901 894 1926 τὸ

102 1944 143 1980 μὴ
152 1945 302 1980 κεκτῆσθαι
314 1946 398 1978 ἀκοὰς
408 1966 415 1978 ,
432 1946 498 1973 ἀλλὰ
514 1946 588 1982 παρὰ
603 1946 634 1972 τὸ
651 1945 834 1980 ὲθελοκωςρίαν
849 1955 892 1972 νο-

98 1993 172 2019 δεῖν.

143 2038 213 2075 Ἆλλ⁹
227 2048 378 2084 ἁδυναμιας
389 2057 437 2084 μου
448 2048 664 2082 καταγνωσεσθε,
683 2047 766 2082 φησὶν
777 2067 784 2078 ,
802 2047 840 2078 ὡς
855 2047 892 2082 μὴ

94 2093 285 2130 γὲτιαρκοῦντος
300 2095 339 2126 είς
349 2094 398 2129 τὴν
411 2094 488 2130 ὑμῶν
505 2093 644 2129 βοήθειαν,
664 2093 730 2129 μηδὲ
742 2093 891 2128 δυναμένου

979 1564 1043 1592 CAP.
1058 1564 1090 1595 L.
1107 1563 1190 1592 Vens.
1204 1565 1230 1591 1.
1247 1564 1372 1592 Declarat
1394 1565 1466 1594 Deus
1493 1574 1523 1594 se
1539 1566 1613 1594 nulla
1627 1567 1731 1595 ratione

945 1610 1127 1638 defectioncm
1143 1611 1252 1637 illorum
1272 1611 1389 1643 fovisse.
1404 1619 1467 1639 cuin
1486 1612 1538 1647 ipsi
1562 1620 1590 1640 se
1609 1613 1731 1640 tradide-

944 1657 1017 1688 rint,
1032 1660 1058 1684 et
1075 1657 1258 1691 perdiderint.
1275 1661 1302 1684 et
1325 1665 1392 1684 cura
1404 1657 1464 1692 ejus
1482 1658 1608 1693 indignos
1626 1659 1731 1693 prtesti-

945 1703 1044 1735 terint,
1065 1703 1120 1730 Deo
1131 1703 1203 1730 bona
1229 1710 1313 1738 super
1329 1703 1402 1730 bona
1425 1703 1587 1738 adjiciente,
1611 1708 1638 1731 et
1659 1704 1730 1731 dona

944 1757 1027 1784 super
1043 1749 1124 1777 dona.

979 1805 1062 1833 Vens.
1079 1805 1107 1833 2.
1137 1805 1193 1842 Ego
1220 1813 1286 1834 vero
1305 1806 1563 1841 reprehensionibus
1579 1810 1606 1834 et
1622 1807 1710 1841 poenis
1721 1827 1729 1838 ,

945 1853 1095 1888 praesertim
1110 1861 1175 1880 vero
1191 1852 1427 1881 exhortationibus
1439 1852 1473 1879 ad
1490 1861 1532 1880 me
1546 1853 1710 1880 revocabam
1720 1873 1727 1884 ,

944 1905 992 1925 vos
1010 1905 1074 1925 vero
1093 1905 1148 1925 non
1172 1898 1305 1931 audistis;
1334 1905 1388 1925 non
1408 1899 1479 1933 quod
1497 1898 1634 1926 defuerint
1651 1899 1730 1927 vobis

944 1952 1024 1971 aures
1034 1965 1042 1977 ,
1057 1945 1104 1971 sed
1124 1944 1197 1979 quod
1214 1949 1311 1980 sponte
1323 1952 1370 1972 eas
1382 1944 1571 1972 obstruxistis.

978 2042 1174 2071 lmbecillitatis
1191 2050 1234 2070 me
1253 2043 1387 2079 arguitis,
1406 2043 1505 2078 inquit,
1525 2043 1604 2079 quasi
1622 2051 1671 2072 vos
1687 2044 1731 2079 ju-

943 2098 1026 2122 vare,
1059 2093 1106 2117 aut
1138 2090 1172 2118 ab
1199 2090 1322 2118 hostium
1351 2091 1495 2126 tyrannide
1527 2090 1645 2119 liberare
1674 2099 1729 2119 non

101 2139 239 2173 ἐξελέσθαι
254 2140 326 2174 ὑμᾶς
336 2139 388 2178 τῆς
398 2139 451 2165 τῶν
465 2135 707 2174 ἐπικρατησάντων
722 2137 891 2173 τυραννίδος

949 2133 1075 2166 valerem;
1091 2133 1175 2160 nolite
1189 2133 1226 2160 ita
1250 2133 1343 2168 loqui,
1362 2134 1443 2161 toties
1459 2140 1549 2161 meam
1568 2137 1730 2169 potestatem

99 2185 158 2212 ἀλλ’
170 2185 219 2211 οὐκ
235 2185 267 2211 ἂν
281 2185 383 2211 εἴποιτε
398 2183 488 2214 τοῦτο,
499 2185 595 2219 πεῖραν
606 2183 683 2210 αὐτοὶ
698 2184 747 2219 τῆς
764 2184 833 2218 ἐμῆς
844 2183 874 2209 δυ
883 2198 891 2203 -

104 2231 209 2266 ,ἐμεως
225 2231 380 2266 ἐσχηκότες·
400 2229 479 2256 τοῦτο
498 2230 547 2264 μὲν
562 2229 734 2265 ξηραίνοντος
754 2229 891 2255 Θάλασσαν

100 2278 148 2303 καὶ
159 2277 223 2311 ὑμῖν
234 2277 317 2312 βατὴν
333 2276 418 2311 αὐτὴν
429 2275 684 2311 παρασκευάζοντος
693 2275 830 2309 γενέσθαι,
845 2275 892 2301 καὶ

100 2321 136 2348 τὰ
153 2329 191 2347 πα
196 2321 282 2356 ραπλή
287 2329 331 2347 σια
343 2320 450 2347 τούτου.

132 2366 224 2393 Ταῦτα
239 2367 324 2393 δὲκαὶ
336 2367 422 2398 ἔσται,
439 2367 486 2394 ἐάν
502 2375 554 2402 περ
571 2365 719 2401 βούλωμαι·
734 2365 782 2392 καὶ
797 2366 891 2399 σκότος

102 2414 189 2441 ἐκεῖνο
210 2413 241 2440 τὸ
261 2413 379 2448 ἀφεγγὲς
400 2414 522 2440 ἐπιϐαλῶ
543 2412 659 2449 οὐρανῷ,
682 2413 731 2448 τὴν
748 2413 802 2439 τῶν
823 2413 891 2439 ὅλων

105 2459 211 2495 μηνύων
231 2460 396 2491 συντέλειαν,
412 2461 440 2486 ὲν
490 2461 537 2486 καὶ
550 2459 580 2486 τὸ
597 2460 650 2486 πᾶν
665 2459 890 2494 ἀφανισθήσεται,

103 2505 150 2532 καὶ
160 2506 186 2532 οἱ
198 2505 249 2541 βίοι
262 2505 483 2541 εὐθυνθήσονται,
496 2506 543 2532 καὶ
557 2505 587 2531 τὸ
600 2505 667 2541 πρὸς
682 2504 761 2538 ἀξίαν
776 2504 891 2536 ἕκαστος

103 2551 336 2587 ἀποληφθήσεται.

139 2597 212 2632 Σῆτα
226 2597 342 2624 ἐνταῦθα
357 2597 406 2629 τὰς
423 2597 561 2632 ἁμαρτίας
573 2597 645 2631 λέγει
660 2596 710 2628 τὰς
725 2597 789 2632 παρ’
803 2595 891 2622 αὐτῶν

103 2641 260 2676 γινομένας·
277 2642 377 2673 αἳτινες
387 2662 394 2672 ,
413 2642 479 2677 παρ⁸
496 2641 586 2667 αὐτῶν
602 2641 743 2676 ἐσχηκυῖαι
759 2640 789 2666 τὸ
803 2637 889 2670 εἶναι,

103 2687 150 2722 οὺχ
169 2688 278 2723 ἑτέρους
294 2688 484 2724 ἀδικήσουσιν,
503 2686 559 2712 ἀλλ’
577 2687 674 2718 αὐτοὺς
691 2685 811 2717 ἐκείνους
827 2685 890 2716 τοὺς

103 2734 186 2760 ταῦτα
197 2734 408 2769 ἐργασαμένους·
420 2733 514 2769 ὥσπερ
528 2732 581 2768 γὰρ
596 2732 626 2758 τὺ
642 2732 747 2766 ἱμάτιον
764 2731 830 2757 αὐτὸ
845 2731 889 2756 τὸν

105 2779 229 2815 σκώληκα
246 2779 336 2814 γεννᾷ,
353 2779 398 2805 καὶ
417 2779 495 2805 πάλιν
512 2778 598 2814 τροφὴ
615 2777 695 2803 αὑτοῦ
714 2777 827 2811 γίνεται,
844 2775 903 2818 οὔτ

943 2180 1058 2214 experti.
1072 2178 1169 2207 Nonne
1183 2187 1258 2206 mare
1275 2180 1413 2208 desertum
1428 2179 1480 2207 feci
1502 2183 1529 2207 et
1548 2180 1619 2208 inter
1632 2179 1730 2207 ﬂuctus

944 2225 1021 2252 vobis
1046 2225 1098 2252 iter
1126 2225 1236 2260 paravi,
1261 2229 1287 2252 et
1311 2225 1454 2252 innumera
1481 2225 1533 2252 alia
1560 2225 1633 2252 edidi
1652 2225 1731 2252 mira-

944 2272 1024 2299 cuia?

979 2360 1064 2389 Vens.
1079 2361 1105 2388 5.
1125 2361 1191 2394 Quae
1211 2361 1310 2389 faciam
1326 2361 1351 2388 si
1376 2360 1499 2387 libuerit.
1515 2359 1649 2387 Obscuris
1671 2367 1728 2387 cte-

944 2408 999 2434 lum
1015 2408 1126 2435 induam
1140 2399 1330 2439 tenebris:hoc
1343 2411 1385 2435 est
1395 2414 1486 2434 rerum
1498 2407 1619 2434 omnium
1633 2406 1730 2434 modos

944 2455 1089 2486 definiam,
1111 2458 1137 2482 et
1158 2459 1222 2481 tunc
1237 2454 1328 2481 omnia
1354 2456 1531 2485 evanescent,
1548 2456 1575 2479 et
1602 2451 1656 2478 vita
1681 2459 1728 2478 cu-

941 2501 1041 2535 jusque
1056 2501 1226 2535 pensabitur.
1238 2505 1265 2527 et
1280 2501 1396 2535 quisque
1410 2499 1525 2534 accipiet
1543 2505 1591 2533 pro
1610 2497 1726 2524 meritis.

980 2588 1061 2619 Vens.
1077 2589 1104 2616 9.
1122 2589 1234 2616 Tineam
1253 2592 1332 2616 vocat
1346 2588 1390 2615 hic
1413 2590 1525 2622 peccata
1537 2586 1572 2614 ab
1594 2585 1662 2621 ipsis
1675 2584 1728 2613 ad-

943 2635 1036 2663 missa.
1055 2635 1159 2670 Quippe
1180 2643 1240 2670 qnze
1256 2635 1291 2662 ab
1309 2635 1342 2661 iis
1359 2639 1436 2669 parta
1454 2641 1507 2660 non
1527 2632 1596 2659 alios
1611 2631 1726 2662 laedent,

942 2681 995 2707 nisi
1011 2681 1085 2715 ipsos
1106 2684 1233 2715 parentes
1255 2688 1329 2708 suos.
1358 2679 1393 2706 Ut
1416 2678 1608 2706 vestimentum
1626 2677 1726 2704 tineam

942 2726 1027 2761 gignit
1041 2726 1113 2753 etab
1134 2734 1167 2754 eo
1188 2726 1286 2753 deinde
1310 2725 1481 2757 corrodetur,
1497 2724 1534 2751 ita
1561 2727 1585 2750 et
1615 2726 1727 2758 peccata

942 2773 1022 2800 nobis
1038 2771 1171 2805 alliciunt,
1186 2780 1218 2799 ex
1236 2772 1316 2800 nobis
1331 2776 1400 2799 orta.
1421 2771 1487 2804 Quae
1504 2774 1593 2797 autem
1617 2768 1725 2804 patiun-
