1919 3075
225 93 295 121 αλιι

788 97 960 125 THEOBORI
982 96 1240 125 HERACLEENSIS

1797 103 1864 127 155:

229 159 285 187 tur,
302 156 347 191 qui
361 164 391 183 se
417 155 548 183 indociles
563 156 591 182 in
623 155 707 182 Deum
741 161 768 183 et
804 157 926 191 ingratos
947 162 1016 190 pra:-

1077 163 1119 187 τως
1137 156 1184 183 καὶ
1199 158 1227 183 αἱ
1246 157 1393 193 ἁμαρτίαι,
1415 158 1480 193 παρ’
1498 157 1576 192 ἡμῶν
1599 157 1770 193 γενόμεναι,
1792 158 1865 192 ἡμᾶς

229 202 306 247 bent.

263 291 328 319 Cn.
344 290 393 323 Ll,
415 290 496 318 Vens.
525 291 552 317 2.
574 290 681 318 Mitiore
716 298 789 318 nunc
813 298 940 318 sermone
969 298 1016 317 eos

225 336 370 370 increpat,
387 340 413 363 et
431 337 505 364 velut
520 336 614 371 procul
629 344 643 362 a
666 336 774 371 justitia
789 341 926 367 remotos,
947 336 1015 363 allo-

228 383 333 418 quitur,
359 389 385 410 et
406 390 420 409 a
440 383 552 410 Domino
575 383 752 415 abalienatos,
780 386 810 409 ut
823 390 871 410 eos
885 382 918 410 ad
934 382 1016 410 [idem

229 429 357 456 deducat.
380 429 414 456 Et
430 430 509 463 paulo
526 435 584 464 post
602 429 676 462 :Qui
693 429 776 464 igitur
793 436 878 464 genus
895 432 1016 456 vestrum

229 476 280 503 ista
295 475 374 503 docui
390 476 436 510 qui
454 484 486 503 ex
502 483 585 510 parvo
602 479 706 503 tantum
721 475 811 507 effeci,
825 479 853 502 et
870 475 953 503 tantis
964 482 1013 502 vos

229 521 360 548 exornavi
377 521 468 553 donis,
482 529 536 556 qua
557 522 663 548 ratione
689 528 762 548 nunc
790 529 845 548 non
871 521 1018 548 clementer

229 566 364 601 excipiam
389 566 577 601 paenitentiam
593 571 704 602 agentes
719 571 746 594 et
762 574 805 594 me
817 566 1016 602 agnoscentes?

265 659 348 687 VERS.
364 659 391 687 5.
409 659 469 687 Non
491 659 621 687 dicuntur
641 660 699 688 haec
720 661 901 697 craggerandi
919 662 1016 697 gratia.

226 703 282 737 'Qui
304 705 375 731 enim
401 712 456 732 non
483 705 575 732 lzetitia
599 709 627 732 et
650 706 832 733 exsultatione
862 706 1018 733 omnimoda

231 751 401 785 replerentur
419 751 501 778 animi
522 751 571 785 illi,
598 752 645 787 qui
667 752 761 779 intima
783 760 849 787 pace
870 752 1016 784 fruuntur,

231 804 279 831 spe
296 797 448 824 cmlestium
461 796 579 829 ﬂorent,
598 801 624 824 et
644 805 707 825 cum
722 797 777 825 Deo
793 797 1018 834 conjunguntur?

268 887 350 915 Vens.
364 888 391 915 4.
410 887 494 923 Opem
511 896 583 916 nunc
597 889 724 916 omnibus
745 888 832 920 aﬂ'ert,
847 888 1017 924 principibus

230 941 306 968 aeque
322 940 353 960 ac
373 934 483 969 populo.
509 934 569 962 Non
585 934 657 962 enim
676 935 816 970 anteponit
833 942 881 962 eos
894 935 941 970 qui
966 935 1018 961 im-

231 980 307 1014 perio
328 984 464 1014 praesunt,
483 988 534 1008 nec
550 981 666 1016 denegat
690 982 821 1008 auxilium
837 981 910 1008 inter
923 989 1018 1016 grega-

231 1026 287 1053 rios
312 1026 491 1054 tnilitanlibus
505 1047 511 1057 ,
533 1027 580 1054 sed
596 1034 692 1054 omnes
707 1027 813 1055 animas
842 1027 936 1054 eadem
952 1034 1018 1061 pen-

231 1079 296 1099 sans
313 1072 425 1104 trutina,
440 1072 595 1099 communia
623 1072 687 1100 facit
710 1072 871 1099 ohedientiae
895 1072 1016 1107 praemia.

230 1117 331 1144 Omnes
346 1117 408 1144 ideo
421 1124 498 1152 teque
509 1117 635 1146 hortatur
655 1121 684 1144 ut
697 1117 811 1144 auribus
832 1117 985 1144 attendant.

265 1208 350 1236 Vens.
366 1208 391 1235 5.
411 1208 578 1236 llluminabit
599 1213 715 1236 cunctas
731 1213 843 1244 gentes,
858 1216 955 1236 onmes
967 1215 1018 1242 po-

228 1255 309 1290 pulos
326 1255 373 1283 Dei
388 1256 485 1282 notitia
509 1256 668 1287 illustrabit,
686 1260 716 1282 ut
728 1255 755 1282 in
767 1263 829 1282 eum
846 1259 958 1289 sperent
972 1254 1019 1288 qui

230 1304 273 1328 est
288 1301 428 1328 brachium
441 1309 542 1329 meum.
558 1301 664 1329 insulas
678 1301 723 1328 hic
737 1305 817 1328 vocat
834 1301 908 1336 ipsos
931 1301 1019 1336 locos,

230 1349 381 1382 praesertim
396 1356 460 1375 vero
474 1348 627 1382 Ecclesias;
643 1356 694 1376 nec
709 1348 845 1375 imtnerito
861 1355 894 1375 ea
910 1347 944 1374 ad
961 1348 1020 1375 ani-

232 1403 291 1422 mos
305 1395 433 1422 retuleris
449 1395 633 1429 voluptatibus
649 1396 721 1423 velut
743 1395 799 1422 sale
819 1395 999 1422 circumlutos
1010 1415 1018 1428 ,

230 1443 259 1467 et
271 1440 348 1467 vanis
364 1440 391 1466 in
408 1440 458 1467 hac
475 1440 529 1467 vita
543 1441 719 1475 opinionibus
733 1441 862 1476 agitatos.

268 1530 349 1558 Vsus.
361 1531 386 1557 6.
398 1530 462 1558 Fide
473 1531 555 1566 digna
570 1531 734 1558 documenta
746 1531 860 1565 praebet,
873 1532 974 1567 quibus
987 1533 1020 1560 de

232 1580 366 1611 potestate
388 1577 479 1604 divina
504 1576 655 1605 tlillidentcs
675 1578 841 1611 convincat,
869 1578 968 1607 caelum
993 1582 1020 1606 et

230 1627 343 1649 terram.
371 1621 406 1648 Et
430 1623 509 1657 paulo
529 1628 586 1657 post
603 1631 611 1649 :
629 1622 757 1650 Adhibita
779 1631 854 1650 nunc
879 1624 1019 1658 praestanti

230 1668 385 1695 animorum
400 1669 443 1701 vi,
463 1673 579 1704 pennata
594 1673 694 1701 ruente,
705 1669 738 1696 ad
756 1670 855 1696 coelum
867 1670 979 1697 evoletis
995 1675 1020 1698 et

233 1713 343 1741 discatis
365 1722 445 1749 quant
463 1715 577 1742 ﬁrmiter
592 1716 627 1742 sit
650 1716 830 1743 constitutum
843 1737 851 1749 ,
869 1716 933 1743 licet
949 1716 1020 1744 sicut

233 1760 325 1788 fumus
353 1769 414 1789 esse
444 1761 577 1788 videatur.
604 1761 634 1788 Et
670 1766 770 1788 terram
798 1769 879 1796 quam
906 1763 1020 1789 solidam

230 1807 394 1834 existimatis
415 1807 566 1842 perditione
597 1808 707 1842 perdam
721 1828 728 1839 ,
757 1812 784 1835 et
807 1808 898 1835 omnia
916 1812 1021 1835 vetera-

231 1858 309 1880 scettt
327 1863 333 1880 :
353 1854 521 1888 permanebit
551 1857 640 1880 autem
662 1854 780 1881 salutare
803 1862 893 1881 meum
907 1855 1020 1881 verbum

233 1898 261 1924 in
290 1899 504 1933 sempiternum,
539 1903 566 1926 et
601 1899 619 1925 ii
646 1904 749 1925 tantum
775 1899 875 1933 quibus
900 1907 963 1926 cum
988 1907 1021 1927 eo

232 1951 392 1979 pertnanere
406 1949 432 1970 et
444 1944 471 1970 in
484 1945 582 1971 saecula
600 1945 639 1971 ire
658 1944 780 1971 libuerit.

273 2033 352 2061 Vens.
369 2034 394 2060 7.
423 2034 527 2062 Timete
548 2035 638 2069 potius
655 2037 830 2070 opprobrium
855 2040 882 2064 et
897 2042 1021 2065 contem-

234 2082 310 2113 ptum
327 2078 381 2105 Dei.
398 2079 463 2111 Qua:
478 2079 549 2105 enim
562 2087 595 2106 ex
614 2080 771 2108 hominibus
786 2086 860 2114 sunt,
876 2083 936 2111 istis
955 2091 1020 2118 quo-

235 2125 299 2152 tidie
314 2125 499 2160 pereuntibus.
512 2126 570 2160 ipsa
583 2127 664 2154 simul
682 2128 827 2162 peribunt;
849 2130 907 2156 sola
926 2134 1019 2158 manet

1069 200 1240 235 βλάπτουσιν·
1260 203 1327 229 ἀλλὰ
1345 202 1431 229 ταῦτα
1448 203 1587 238 πάσχομεν
1605 203 1640 229 δι’
1659 203 1799 237 ἀνηκοΐαν
1821 205 1866 229 καὶ

1067 248 1243 275 ἀνευλάϐειαν
1256 249 1305 284 τὴν
1322 249 1390 284 πρὸς
1406 249 1452 275 τὸν
1467 249 1542 275 Θεὸν.

1109 294 1288 330 Ἦθικώτερον
1318 294 1366 321 νῦν
1394 295 1444 330 τὴν
1474 295 1631 329 ἐπιτίμησιν
1663 294 1735 330 πρὸς
1769 294 1868 325 αὐτοὺς

1068 339 1194 371 ποιεῖται,
1210 338 1258 365 καὶ
1272 339 1309 370 ὼς
1327 340 1436 375 μακρὰν
1448 338 1496 365 τοῦ
1508 339 1612 365 δικαίου
1629 338 1808 373 ἀφεστηκόσι
1823 340 1867 365 καὶ

1065 384 1113 410 τοῦ
1134 384 1235 420 Κυρίου
1253 384 1486 420 ἁλλοτριωθεῖσιν,
1506 385 1650 420 ὑφηγεῖται
1667 385 1735 416 τοὺς
1758 384 1866 418 λόγους,

1067 430 1170 464 ἐνάγων
1187 430 1285 461 αὑτοὺς
1301 430 1369 465 πρὸς
1382 430 1483 457 πίστιν.
1500 431 1554 457 Καὶ
1568 431 1632 465 μετ’
1649 431 1741 464 ὀλίγα
1753 429 1802 456 ’Ὀ
1815 430 1868 455 τοί-

1066 484 1114 502 νυν
1131 475 1171 510 τῷ
1191 475 1264 510 γένει
1282 475 1321 510 τῷ
1341 475 1466 511 ὑμετέρῳ
1485 475 1571 502 ταῦτα
1593 475 1799 510 ἐνδειξάμενος,
1822 476 1866 501 καὶ

1066 522 1100 548 ὲκ
1117 523 1218 557 μικρᾶς
1233 522 1394 558 προφάσεως
1416 522 1548 557 αὐξήσας,
1571 522 1619 548 καὶ
1639 521 1771 556 εὐλογίαν
1796 521 1865 555 πλή-

1068 567 1167 603 ρώσας,
1183 567 1241 599 πῶς
1252 568 1313 603 οὐχὶ
1329 567 1376 594 νῦν
1394 567 1508 603 εὔπορος
1523 567 1620 603 ἔσομαι
1634 567 1674 602 τῷ
1688 567 1865 602 μετανοοῦντι

1066 614 1114 640 καὶ
1129 613 1336 648 ἐπιγινώσκοντί
1353 623 1386 649 με
1398 622 1405 646 ;

1102 659 1158 694 Οὑχ
1178 659 1365 694 ὑπερϐολικῶς
1385 659 1470 686 ταῦτα
1487 658 1642 695 [εἶρηται]·
1660 658 1722 689 πῶς
1741 658 1799 693 γὰρ
1818 658 1864 683 οὑκ

1067 705 1235 741 εὐφροσύνης
1248 705 1295 732 καὶ¹
1309 705 1399 740 πάσης
1413 706 1499 741 χαρᾶς
1510 705 1747 741 ,πληρωθήσονται
1762 705 1864 730 ἐκεῖναι

1067 751 1096 777 αἱ
1107 751 1201 786 ψυχαὶ,
1214 752 1243 777 αἱ
1255 751 1292 787 μὴ
1305 752 1496 784 στασιάζουσαι
1513 751 1581 786 πρὸς
1595 751 1708 782 ἑαυτὰς,
1723 751 1785 776 ἀλλ’
1799 751 1827 776 αἰ
1839 752 1864 776 ἐν

1067 798 1128 829 ταῖς
1144 797 1233 824 ἐλπίσι
1247 797 1294 823 τοῦ
1307 796 1376 824 Θεοῦ
1392 797 1587 833 εὑθηνούμιεναι
1598 797 1646 823 καὶ
1661 796 1739 830 αὑτῷ
1756 795 1864 822 ἀνακεί-

1033 832 1056 860 Β
1071 851 1152 879 μεναι

1104 889 1158 916 Καὶ
1171 889 1217 916 νῦν
1233 889 1288 921 τοῖς
1302 890 1371 916 πᾶσι
1384 889 1432 925 τὴν
1447 889 1608 924 ἐπικουρίαν
1622 889 1748 923 κομίζει,
1767 887 1805 923 μὴ
1820 896 1863 921 φυ-

1067 935 1198 971 λοκρινῶν
1210 936 1342 971 ἄρχοντας
1355 935 1410 961 τῶν
1424 935 1591 970 ἀρχομένων·
1606 934 1668 961 οὐδὲ
1678 934 1736 969 γὰρ
1752 934 1863 969 προκρί-

1068 989 1108 1006 νει
1118 979 1171 1007 τῶν
1179 981 1207 1006 ἐν
1215 981 1344 1015 ὑπηκόοις
1353 981 1536 1015 τεταγμένων,
1545 980 1606 1006 οὑδέ
1615 980 1863 1015 ἀποκλεισθήσεται

1067 1025 1116 1059 τῆς
1130 1025 1263 1059 ὠφελείας
1275 1026 1289 1051 ὀ
1300 1027 1328 1051 ἐν
1344 1025 1492 1061 ὑπηρέταις
1502 1025 1597 1057 τελῶν,
1610 1025 1705 1056 κοινὰς
1720 1025 1751 1051 δὲ
1765 1033 1863 1059 κεκτη-

1070 1071 1149 1106 μένος
1163 1071 1217 1098 τῶν
1228 1071 1322 1106 ψυχῶν
1338 1071 1388 1103 τὰς
1399 1071 1536 1106 δυνάμεις,
1554 1071 1643 1097 κοινὸν
1659 1071 1690 1097 δὲ
1704 1071 1753 1097 τὸν
1769 1071 1864 1106 ἔρανον

1068 1118 1116 1154 τῆς
1139 1118 1262 1153 ὑπακοῆς
1288 1117 1400 1152 νομίζει·
1427 1118 1455 1152 ἐξ
1482 1117 1539 1144 ῐσου
1564 1117 1733 1153 παρακαλῶν
1763 1117 1863 1148 παντες

1069 1165 1213 1201 προσέχειν
1225 1165 1270 1191 τὸν
1285 1165 1356 1192 νοῦν.

1104 1212 1202 1238 Φωτιεῖ
1222 1212 1271 1247 μὲν
1295 1211 1383 1238 πάντα
1408 1211 1442 1238 τὰ
1467 1210 1550 1247 ἔθνη,
1575 1211 1749 1244 καταυγάσει
1776 1210 1805 1237 δὲ
1826 1211 1862 1240 εἰς

1069 1256 1233 1291 θεογνωσιαν
1253 1257 1357 1289 πάντας
1377 1257 1474 1288 λαοὺς,
1494 1256 1532 1287 ὡς
1553 1256 1594 1287 είς
1609 1256 1692 1282 αὑτὸν
1714 1255 1861 1289 κεκτῆσθαι

1069 1304 1118 1335 τὰς
1139 1302 1252 1334 ἐλπίδας
1265 1302 1329 1329 ὄντα
1345 1302 1474 1338 βραχίονά
1492 1311 1554 1337 μου.
1576 1302 1687 1337 Νήσους
1703 1301 1731 1327 δὲ
1749 1301 1860 1327 ἐνταῦθα

1069 1350 1148 1377 καλεῖ
1159 1350 1205 1376 καὶ
1219 1349 1318 1381 αὑτοὺς
1332 1350 1394 1380 τοὺς
1411 1349 1510 1380 τόπους
1521 1369 1528 1380 ,
1545 1349 1575 1376 οὑ
1597 1348 1650 1383 μὴν
1664 1347 1734 1374 ἀλλὰ
1752 1347 1800 1374 καὶ
1817 1347 1860 1377 τὰς

1076 1396 1246 1430 Ἐκκλησίας·
1268 1395 1393 1426 ἐκλάϐοις
1410 1395 1438 1421 δὲ
1456 1395 1502 1421 καὶ
1522 1395 1562 1426 είς
1582 1394 1632 1426 τὰς
1654 1394 1765 1429 ψυχὰς,
1787 1394 1859 1428 δίκην

1070 1439 1191 1475 ἁλμυροῦ
1207 1439 1340 1474 ῥεύματος
1358 1437 1591 1474 περικλυζομὲνας
1607 1438 1659 1464 ὑπὸ
1682 1439 1739 1464 τῶν
1766 1438 1859 1474 ἡδονῶν

1071 1486 1117 1512 καὶ
1131 1486 1183 1512 τῶν
1194 1485 1222 1511 ἐν
1237 1484 1275 1520 τῷ
1287 1484 1336 1520 βίῳ
1347 1484 1434 1519 τούτῳ
1445 1483 1551 1519 ψευδῶν
1565 1483 1650 1517 δοξῶν
1664 1484 1857 1519 κυμαινούςας.

1112 1530 1266 1563 Ἀξιόπιστα
1279 1531 1388 1566 δυσωπή
1393 1539 1465 1565 ματα
1476 1530 1655 1566 προϐάλλεται
1672 1532 1715 1562 εἰς
1730 1531 1858 1556 πίπτωσι-δ

1071 1578 1121 1613 τῆς
1141 1577 1222 1604 αὑτοῦ
1243 1577 1384 1612 δυνάμεως
1405 1578 1460 1608 τοῖς
1481 1577 1652 1608 ἀπιστοῦσιν,
1676 1577 1794 1612 οὐρανὸν
1818 1577 1860 1602 καὶ

1070 1623 1132 1657 γῆν.
1153 1622 1207 1649 Καὶ
1224 1621 1288 1655 μετ’
1304 1621 1391 1656 ὀλίγα
1405 1630 1410 1636 ·
1424 1621 1480 1648 Νῦν
1499 1621 1564 1656 γοῦν
1583 1630 1648 1648 ποτε
1669 1623 1730 1653 ταῖς
1752 1622 1860 1652 οἰκείαις

1070 1667 1123 1694 τῶν
1146 1667 1239 1703 ψυχῶν
1259 1667 1411 1703 ἐνεργείαις
1430 1667 1613 1703 χρησάμενοι,
1633 1666 1795 1702 πτερώθητε
1816 1667 1861 1700 τῆν

1070 1715 1205 1747 διάνοιαν,
1219 1715 1266 1741 καὶ
1281 1713 1388 1750 οὐρανῷ
1404 1714 1650 1750 προσεγγίσαντες,
1668 1713 1752 1740 αὑτὸν
1763 1713 1861 1739 ἐκεῖνον

1071 1760 1307 1796 καταμανθάνετε,
1325 1759 1362 1791 ὡς
1383 1760 1414 1786 ἐκ
1434 1759 1535 1786 καπνοῦ
1555 1760 1616 1785 ὅσον
1637 1756 1705 1794 ἧκεν
1729 1760 1771 1790 εὶς
1793 1759 1859 1793 ὄψιν,

1071 1807 1174 1841 ἀκμητὶ
1197 1805 1418 1840 συνεστησάμην·
1442 1805 1488 1831 καὶ
1505 1804 1556 1839 γῆν
1574 1804 1676 1839 ταύτην
1694 1803 1746 1838 τὴν
1767 1804 1861 1837 πάγων

1071 1852 1134 1886 ὑμῖν
1155 1849 1224 1878 εἶναι
1247 1850 1377 1878 δοκοῦσαν
1404 1850 1490 1886 φθορᾷ
1515 1849 1678 1885 παραδώσω,
1702 1850 1753 1876 καὶ
1778 1849 1812 1876 τὰ
1834 1849 1860 1875 ἐν

1071 1898 1165 1935 κόσμῳ
1185 1897 1329 1933 παρελθεῖν
1346 1897 1459 1932 ποιήσω’
1480 1896 1550 1932 μόνῳ
1569 1896 1677 1930 ἑκάστῳ
1697 1895 1787 1922 ἀϊδίου
1806 1895 1857 1922 δια-

1072 1944 1196 1979 μένοντος
1205 1943 1251 1970 τοῦ
1264 1944 1396 1979 σωτηρίου
1409 1943 1605 1977 θεσπίσματος·
1653 1943 1701 1968 καὶ
1716 1950 1859 1977 συμπαρα-

1072 1992 1162 2027 μὲνειν
1178 1992 1224 2019 καὶ
1236 1991 1446 2023 συνδιαιωνίζειν
1461 1990 1560 2018 ἔοικεν.

1105 2036 1242 2072 Φοϐήθητε
1266 2036 1295 2062 δὲ
1323 2036 1421 2072 μᾶλλον
1449 2036 1598 2071 φαυλισμὸν
1628 2036 1676 2063 καὶ
1706 2036 1857 2071 ὀνειδισμὸν

1071 2082 1146 2118 παρὰ
1168 2082 1236 2110 Θεοῦ
1259 2083 1323 2118 ὑμῖν
1338 2084 1488 2118 γινόμενον·
1505 2083 1520 2109 ὁ
1533 2082 1588 2119 γὰρ
1611 2083 1687 2118 παρὰ
1710 2083 1856 2118 ἀνθρώπων

1071 2127 1212 2162 γινόμενος
1233 2127 1348 2159 ἐκείνοις
1371 2128 1576 2160 συναπολεῖται,
1592 2127 1682 2154 αὐτῶν
1697 2128 1744 2162 ὑφ’
1761 2129 1856 2155 ἑαυτῶν

234 2178 297 2205 spes
312 2171 339 2198 in
355 2170 505 2205 Christum,
520 2172 673 2206 perdurans
696 2181 758 2201 cum
781 2175 821 2202 eis
838 2175 884 2210 qui
900 2176 1017 2204 salutare

1077 2173 1264 2209 ρθειρομένων·
1284 2174 1349 2209 μόνη
1363 2173 1390 2199 δὲ
1401 2165 1510 2209 ’μένειὴ
1528 2174 1568 2206 εἰς
1582 2173 1628 2200 τὸν
1644 2174 1766 2208 Χριστὸν
1777 2174 1855 2205 ἐλπὶς.

235 2221 299 2244 sunt
314 2218 467 2245 consecuti.

275 2305 354 2334 Vsus.
370 2306 398 2334 9.
417 2305 566 2335 Jerusalem
596 2310 626 2334 ut
653 2307 765 2342 recipiat
779 2308 875 2336 suadet
892 2317 1022 2343 quaecun-

233 2361 288 2389 que
311 2353 474 2389 negligentia
504 2352 667 2388 perdiderit;
695 2357 737 2380 est
767 2354 838 2381 enim
867 2355 914 2382 tibi
943 2355 1021 2383 forti-

234 2399 311 2431 tudo,
335 2407 388 2434 qua
414 2399 525 2426 indutus
560 2399 648 2426 valida
674 2400 759 2427 videri
785 2401 903 2435 poteris;
927 2409 1020 2429 recor-

234 2446 300 2473 dare
313 2449 339 2472 te
353 2453 408 2473 non
423 2445 504 2472 aliam
521 2453 582 2472 esse
596 2446 630 2473 ab
649 2446 695 2472 illa
713 2445 877 2481 Jerusalem,
893 2448 971 2482 cujus
985 2449 1020 2476 ad

233 2496 329 2519 nutum
345 2491 517 2519 dehiscentes
539 2491 611 2519 inter
634 2491 734 2520 ﬂuctus
759 2493 812 2520 iter
829 2501 903 2521 mare
920 2495 1021 2529 permi-

233 2537 279 2569 sit,
296 2541 325 2563 ut
341 2544 374 2563 ex
387 2535 505 2572 Egypto
524 2536 631 2564 liberati
647 2538 794 2565 transitum
810 2538 956 2573 haberent;
975 2540 1019 2567 cui

232 2582 417 2610 inservierunt
431 2583 581 2614 elementa;
609 2591 669 2618 quae
695 2584 737 2611 rel
758 2585 786 2611 in
802 2584 911 2612 deserto
928 2594 1019 2613 rerum

232 2628 355 2655 omnium
381 2628 458 2663 copia
483 2629 641 2656 abundavit.
670 2629 731 2658 Noli
759 2631 842 2666 igitur
868 2632 941 2659 vires
958 2637 1018 2660 tuas

233 2673 356 2707 prodere,
369 2681 420 2701 nec
436 2674 518 2701 animi
531 2675 625 2702 virtuti
642 2679 779 2711 torporem
800 2677 948 2710 inducere,
970 2678 1018 2706 sed

233 2725 348 2754 exsurge
362 2719 396 2747 ad
415 2720 541 2749 cmlestes
558 2729 631 2757 spes.
641 2726 678 2756 et,
688 2728 796 2759 recepta
813 2724 922 2758 ﬁducia,
938 2725 1017 2753 bonis

233 2767 261 2792 te
279 2765 405 2799 operibus
418 2774 545 2795 exornes.

1076 2218 1313 2250 συνδιαιωνίζουσα
1333 2220 1389 2251 τοῖς
1407 2219 1437 2245 τὸ
1458 2220 1591 2254 σωτήριον
1611 2219 1692 2246 τοῦτο
1711 2219 1855 2251 παραδεξα-

1077 2265 1177 2301 μένοις.

1115 2309 1325 2345 Ἀναλαμϐάνειν
1340 2310 1390 2345 τὴν
1409 2309 1585 2345 Ἰερουσαλὴμ
1598 2310 1830 2345 παρακελεύεται,
1841 2311 1854 2335 '1

1074 2355 1189 2391 ἀμελείᾳ
1208 2355 1360 2391 προῠδωκε’
1381 2356 1574 2392 πρόσεπιγάρ
1588 2364 1629 2382 σοι
1648 2357 1737 2391 ἰσχὺς,
1756 2356 1815 2383 καθ’
1828 2358 1853 2390 ἦν

1073 2400 1184 2436 δυνήσῃ,
1205 2401 1320 2436 σεαυτὴν
1338 2400 1543 2435 συναγαγοῦσα,
1562 2401 1660 2437 ἰσχυρά
1676 2410 1720 2433 τις
1734 2401 1852 2436 ὀφθῆναι·

1073 2445 1152 2473 τοῦτο
1174 2446 1354 2482 λογισαμένη,
1376 2447 1417 2472 ὅτι
1439 2447 1488 2473 οὐκ
1510 2447 1576 2481 ἄλλη
1600 2455 1641 2478 τις
1666 2448 1732 2483 παρ’
1757 2447 1854 2480 ἐκείνην

1073 2492 1216 2527 τυγχάνεις
1233 2492 1282 2527 τὴν
1300 2492 1491 2529 Ἰερουσαλὴμ,
1546 2493 1639 2525 ὑπεῖξε
1662 2493 1787 2520 θάλασσα
1805 2494 1854 2520 ὀδόν

1075 2546 1115 2577 σοι
1129 2539 1328 2573 ἀνατέμνουσα,
1344 2539 1377 2565 ἶν’
1389 2539 1414 2565 σί
1429 2539 1475 2566 ἀπ’
1484 2539 1621 2573 Αἰγύπτου
1632 2538 1854 2574 ἐλευθερωθέντες

1073 2583 1220 2611 διαϐαίνειν
1236 2584 1341 2619 ἔχωσιν·
1394 2585 1548 2621 ἐδορυφόρει
1568 2584 1604 2611 τὰ
1621 2586 1754 2620 στοιχεῖα,
1772 2585 1816 2610 καὶ
1827 2585 1853 2618 ἣν

1072 2630 1233 2666 διεδέχετοή
1252 2631 1281 2656 ἐν
1298 2631 1394 2667 ἐρήμῳ
1412 2631 1537 2667 ἀνενδεὴς
1558 2631 1687 2667 χορηγία.
1707 2631 1754 2666 Μὴ
1772 2630 1852 2657 τοίνυν

1071 2676 1120 2707 τὰς
1132 2676 1230 2711 ἑαυτῆς
1242 2676 1371 2711 δυνάμεις
1385 2678 1489 2713 προδῷς
1499 2697 1506 2710 ,
1521 2677 1588 2712 μηδὲ
1604 2677 1734 2713 κοιμίσῃς
1749 2676 1798 2707 τὰς
1811 2676 1853 2710 ψυ-

1072 2722 1151 2758 χικὰς
1161 2723 1309 2757 ἐνεργείας·
1324 2723 1380 2750 ἀλλ’
1395 2723 1556 2758 ἐξανάστηθι
1575 2722 1645 2758 πρὸς
1661 2723 1804 2758 οὐρανίους
1819 2721 1852 2748 ἐλ-

1059 2793 1062 2795 .
1073 2769 1161 2800 πίδας·
1178 2769 1225 2796 καὶ
1241 2769 1412 2796 ἀναλαϐοῦσα
1425 2769 1455 2796 τὸ
1470 2770 1590 2804 θαρρεῖν,
1602 2768 1722 2802 ἀγαθαῖς
1733 2767 1851 2805 πράξεσιν

1073 2813 1172 2846 ἑαυτὴν
1187 2814 1403 2845 κατακόσμησον.
