1919 3075
96 125 168 152 1355

778 117 812 141 ΙΝ,
830 115 956 138 ιδΑιΛΜ.

1648 114 1715 138 1ὖῖιι

131 185 163 210 ΕΞ
173 182 227 218 γὰρ
235 181 281 208 καὶ
290 179 381 215 πατὴρ
388 177 435 205 καὶ
444 177 533 213 μήτηρ
550 175 685 210 ὑπηρέται
695 173 742 209 τῆς
752 172 884 207 γενέσεως

972 170 1053 198 Vens.
1072 171 1113 198 15.
1132 170 1218 206 Opera
1235 170 1343 206 quidem
1367 174 1394 198 et
1411 171 1497 206 patris
1511 175 1538 199 et
1558 172 1654 200 matris
1671 181 1717 207 ge-

95 229 253 264 γεγόνασιν,
269 226 307 258 ὡς
321 225 409 260 φιλίας
431 231 471 250 σοι
491 223 536 250 καὶ
555 220 712 256 συγγενείας
731 218 881 254 προφάσεις

95 275 274 310 παρέχοντες,
284 271 339 298 ἀλλ’
350 272 423 306 ὅμως
434 269 483 296 οὐκ
492 268 585 303 ἀτονία
594 267 644 302 τῆς
654 266 792 300 δυνάμεως
802 264 881 291 τοῦτο

97 320 284 356 συνεχώρησα·
297 317 356 345 οὕτε
372 316 426 352 γὰρ
441 315 488 350 τὴν
502 314 587 350 ἀρχὴν
602 313 724 340 πλάττων
738 311 782 337 τὸν
797 310 880 345 Ἀδὰμ

95 355 346 401 τούτωνγὲδεήθην,
363 362 430 390 ἀλλὰ
443 361 549 396 θελήσει
565 357 760 393 ὑπεστησάμην
772 356 819 383 καὶ
837 355 881 382 δυ-

95 415 178 450 νάμει
192 414 225 448 τῇ
239 413 303 447 ἐμῇ.

135 447 190 487 Καὶ
275 455 478 493 προγεγονότων
500 453 540 484 είς
560 451 669 488 μνήμην
689 449 787 480 αὐτοὺς
807 447 879 482 ἄγει,

94 506 146 533 καὶ
163 506 202 537 εἰς
222 504 253 531 τὸ
267 502 343 534 αὖθις
359 501 468 537 θαρρεῖν
484 498 583 529 αὐτοὺς
603 496 793 533 προτρέπεται·
813 493 880 520 Οὔτε

93 552 164 587 γὰρ,
185 550 276 586 φησὶν,
297 549 322 574 ot
341 545 524 578 ἀπειλοῦντες,
542 544 590 571 καὶ
607 542 677 570 κατὰ
693 541 739 568 σοῦ
761 539 881 575 μαιμὰσ-

95 586 201 629 σοντες,
210 594 379 631 ἠδυνήθησαν
387 590 542 626 ἀντιστῆναί
552 599 603 622 σοι,
613 588 678 624 ἐμοῦ
687 586 879 622 ἐπαμύνοντος·

93 630 232 678 οὐδέτεροι
247 630 415 677 ίσχύσουσιν,
429 637 495 674 ἐμοῦ
510 637 608 674 ῥαδίως
622 635 731 665 τούτους
742 633 781 664 είς
795 630 882 666 φυγὴν

93 691 254 726 τρέποντος.

135 732 323 768 Διδασκόμεοα
336 731 364 758 δὲ
377 731 409 757 ὲκ
421 728 530 760 τούτου,
545 728 583 759 ὡς
595 726 641 753 καὶ
652 726 676 752 οἰ
691 725 820 760 τάραχοι,
836 723 884 750 καὶ

95 781 126 808 αἱ
150 777 347 808 ἐπαναστάσεις
366 775 419 801 τῶν
446 773 540 805 ἐθνῶν,
560 772 607 798 καὶ
631 770 666 797 τὰ
689 769 807 804 δυσχερῆ
830 767 884 794 τῶν

95 825 280 861 πραγμάτων,
298 822 344 849 καὶ
354 822 378 848 ot
392 819 539 856 πειρασμοὶ
548 838 555 850 ,
570 816 640 844 κατὰ
653 815 825 850 συγχώρησιν
836 813 881 861 τοῦ

933 217 1005 243 nitus
1022 224 1069 249 es,
1089 221 1117 243 ut
1129 216 1248 243 amicitia
1267 220 1355 243 tecum
1373 220 1399 243 et
1416 216 1577 251 cognatione
1600 217 1716 251 conjun—

931 267 1059 297 gerentur
1071 283 1078 294 ,
1098 270 1151 289 non
1175 262 1255 298 quasi
1277 261 1414 290 deﬁcienti
1429 269 1496 289 meae
1510 263 1636 296 potestati
1652 271 1717 297 sup-

932 308 1047 342 plerent.
1075 307 1136 335 Non
1158 309 1229 335 enim
1255 308 1321 334 mihi
1348 308 1403 336 illis
1427 308 1454 334 in
1484 308 1619 343 principio
1647 316 1716 343 opus

932 353 990 384 fuit,
1008 361 1069 380 cum
1084 354 1267 388 plasmabatur
1290 353 1386 386 Adam,
1399 354 1446 381 sed
1460 354 1602 381 voluntate
1616 361 1648 381 ac
1663 354 1717 380 vir-

932 403 988 426 tute
1001 407 1059 427 mea
1076 400 1134 434 ipse
1151 406 1213 426 eum
1227 398 1303 426 eﬁ‘eci

967 444 1050 472 Vens.
1066 445 1107 472 14.
1118 445 1172 472 Res
1181 446 1333 480 praeteritas
1350 445 1377 472 in
1392 446 1551 472 memoriam
1563 453 1657 472 eorum
1672 452 1716 472 re-

931 494 1020 522 vocat,
1037 496 1064 518 et
1080 491 1116 517 ita
1136 490 1238 518 fractos
1255 491 1362 517 animos
1383 490 1492 524 reﬁcit;
1517 498 1580 517 nam
1605 498 1714 517 causam

932 541 1005 562 tuam
1022 540 1118 571 agente
1139 544 1182 564 me
1194 557 1201 570 ,
1219 544 1274 563 non
1289 536 1454 567 valuerunt,
1468 535 1565 570 inquit,
1583 536 1630 562 tibi
1648 536 1716 562 resi-

933 585 1016 614 stere,
1030 582 1077 616 qui
1100 582 1181 609 minis
1194 585 1220 609 te
1237 585 1264 609 et
1280 581 1372 609 furore
1389 582 1538 617 urgebant;
1567 590 1655 616 neque
1669 582 1715 609 alii

933 627 1019 662 magis
1034 628 1186 662 proﬁcient,
1201 627 1280 655 facile
1289 635 1336 655 eos
1349 628 1377 654 in
1392 627 1482 664 fugam
1498 632 1612 654 vertam.

969 718 1054 746 Vens.
1069 718 1111 746 l5.
1128 717 1210 745 Docet
1218 718 1262 745 hic
1271 711 1321 746 no‘s
1331 717 1514 749 turbamenta,
1522 720 1548 744 et
1554 716 1716 744 rebelliones

933 764 1066 799 gentium,
1080 767 1106 791 et
1123 772 1214 791 rerum
1231 764 1382 798 angustias,
1406 767 1433 790 et
1457 762 1663 790 sollicitationes
1682 762 1716 788 ad

935 810 1046 840 malum.
1060 818 1114 837 non
1130 810 1189 837 sine
1203 810 1251 837 Dei
1269 809 1381 836 numine
1401 808 1474 842 ﬁeri;
1494 809 1593 843 quibus
1615 809 1717 836 instan-

99 849 242 861 ’“Γ“ἸΓ⁷“⁷“⁷
274 849 279 855 ¹
439 849 445 856 ι
495 849 500 854 ι
706 849 720 850 η

95 871 165 898 Θεοῦ
179 870 307 904 γίνονται“
320 864 357 894 ὧν
373 865 564 902 ἐνεργούντων.
577 863 630 899 χρὴ
650 863 694 888 τὸν
708 862 825 896 νήφοντα
837 859 883 886 ἐπὶ

946 857 1016 888 ibus,
1044 857 1191 891 prudenter
1221 860 1248 883 to
1271 855 1303 882 ad
1325 855 1371 883 Dei
1397 855 1526 882 auxilium
1539 854 1671 890 recipies.
1687 859 1718 881 ιιι

94 917 147 952 τὴν
161 915 209 942 τοῦ
221 913 288 941 Θεοῦ
303 912 483 946 καταφεύγειν
498 910 637 945 βοήθειαν,
658 907 705 933 κα)⁸
726 905 789 940 παρ’
812 905 883 931 ὲκεί-

95 972 144 990 νου
163 961 296 989 αἰτεῖσθαι
309 959 357 994 τὴν
368 958 469 984 τούτων
483 955 653 990 ἀπαλλαγήν.

134 1007 219 1035 Πάλιν
237 1006 280 1033 διὰ
300 1006 348 1040 τῆς
370 1003 567 1038 παρακλήσεως
590 1001 639 1036 τὴν
658 999 779 1026 ἑκούσιον
800 997 884 1032 αὐτῆς

97 1054 203 1081 πτῶσιν
218 1052 354 1087 σημαίνει·
366 1051 415 1077 οὐκ
425 1050 458 1077 ἂν
469 1049 522 1084 γὰρ
537 1047 597 1074 οὐδὲ
611 1046 784 1080 διαναστῆναι
800 1043 884 1079 αὐτὴν

96 1098 282 1135 προετρέπετο
299 1097 344 1123 ὑπ’
362 1095 440 1123 ἄλλου
458 1093 642 1129 κατεχομένην
654 1111 661 1123 ,
680 1090 746 1117 ἀλλὰ
765 1090 803 1125 τῷ
820 1097 885 1116 κατ-

97 1135 324 1180 ἐχοντιέπετίμα·
341 1141 396 1168 ἀλλ’
409 1140 502 1175 ἐπειδὴ
519 1138 640 1165 ἑκούσιον
660 1136 763 1164 πτῶσιν
783 1136 885 1170 ὑπομε-

98 1190 223 1225 μενήκει,
234 1187 407 1222 διαναστῆναι
422 1186 505 1221 αὐτὴν
520 1183 742 1219 παρακελεύεται.

150 1280 242 1313 Ωσπερ
253 1277 312 1305 τινὰ
332 1277 395 1312 χοῦν
410 1277 439 1303 ὃν
454 1275 576 1307 συνέλεξο
598 1274 651 1301 ἀπὸ
666 1273 712 1300 τοῦ
730 1271 884 1306 πτώματος,

95 1327 219 1354 ἔκτεινον
231 1326 277 1352 καὶ
292 1325 453 1360 ἀπόρριψον·
467 1323 514 1349 καὶ
527 1323 588 1354 τοὺς
604 1320 720 1356 δεσμοὺς
729 1339 736 1351 ,
753 1317 793 1350 οἷς
808 1326 886 1344 σεαυ-

95 1373 148 1408 τὴν
165 1371 398 1406 κατεδέσμευσας,
416 1369 496 1396 λῦσον
518 1367 700 1395 ἀποσπάσασα
720 1364 819 1400 ἑαυτὴν
839 1361 886 1389 τοῦ

96 1417 183 1452 ζυγοῦ
199 1418 250 1452 τῆς
268 1416 389 1447 ἀδικίας,
406 1412 428 1449 ᾧ
448 1413 547 1441 ἑκοῦσα
566 1413 611 1440 τὸν
632 1412 732 1446 σαυτῆς
752 1409 887 1446 τράχηλον

96 1463 242 1494 ὑπέϐαλες
261 1462 308 1489 καὶ
325 1462 402 1495 ἀξίαν
415 1461 513 1496 ἑαυτὴν
531 1459 673 1494 ἀπέφηνας
689 1456 885 1492 αἰχμαλωσίας,

95 1512 146 1546 ἀφ’
158 1508 191 1547 ἦς
202 1505 323 1545 ῥυσοήοίῃ
336 1506 512 1543 μετανοοῦσα·
524 1506 647 1541 οὐδὲγὰρ
659 1505 708 1539 τὴν
718 1503 803 1540 ἀρχὴν
817 1511 886 1537 παρ·
897 1513 921 1544 α

96 1557 194 1592 εδόθης
213 1557 257 1582 ὑπ’
275 1554 342 1590 ἐμοῦ
364 1553 401 1586 ὼς
417 1552 548 1589 ἀργύριον
567 1551 721 1586 εἰληφότος,
739 1549 806 1575 ἀλλὰ
825 1549 885 1580 ταῖς

97 1603 213 1633 οἰκείαις
221 1602 320 1636 ἑαυτῆς
332 1600 477 1636 ἁμαρτίαις
487 1598 619 1634 ὲπράθης·
631 1597 702 1632 ἅπερ
718 1594 886 1630 συγχωρήσω

99 1657 141 1675 σοι
157 1646 333 1684 μετανοούσῃ,
351 1646 398 1672 καὶ
409 1644 610 1678 ἁνακαλέσομαι
626 1642 673 1677 τῆς
690 1640 883 1676 αἰχμαλωσίας.

139 1694 174 1720 Τὸ
189 1693 217 1720 δὲ
229 1694 268 1725 είς
281 1691 438 1727 Ἀσσυρίους
450 1691 565 1720 ἄκοντας
579 1687 734 1723 ἀπαχθῆναι
749 1686 816 1722 ἐμὴν
830 1686 887 1720 ἔχει

99 1740 284 1776 συγχώρησιν,
303 1739 393 1766 αἰτίαν
415 1738 442 1764 δὲ
465 1737 608 1772 ὑμετέραν·
632 1735 681 1761 οὐκ
703 1735 734 1761 ἂν
754 1733 807 1769 γὰρ
827 1732 887 1758 οὐδὲ

97 1787 206 1818 τούτοις
220 1786 374 1822 παρέδωκα,
391 1783 428 1819 μὴ
442 1783 495 1810 τῶν
513 1781 717 1818 ἁμαρτημάτων
728 1780 804 1815 ὑμῶν
821 1787 888 1815 προ-

97 1833 254 1861 δεδωκότων
265 1832 348 1866 ὐμᾶς·
366 1831 406 1857 ὅτι
419 1830 446 1856 δὲ
459 1829 536 1864 ῥᾳδία
549 1828 624 1854 ἔσται
637 1827 683 1853 καὶ
693 1828 708 1855 ὴ
721 1825 775 1852 ἀπὸ
786 1825 887 1852 τούτων

99 1878 257 1913 ἀπαλλαγὴ,
272 1876 407 1911 γνώσεσθε
423 1874 659 1911 μετανενοηκὸτες.

141 1967 175 1992 Ἢ
188 1965 242 2000 γὰρ
259 1965 318 1999 οὐχὶ
331 1964 378 1991 καὶ
391 1964 529 1997 Ῥαψάκης
546 1961 710 1996 ἁτονώτερόν
726 1970 759 1996 με
775 1959 829 1986 τῶν
846 1959 888 1986 λε-

101 2011 226 2047 γομένων
239 2010 303 2045 παρ’
317 2009 408 2039 αὐτοῖς
422 2007 489 2035 θεῶν
508 2005 577 2035 εἶναι
593 2006 717 2041 νενόμικε
733 2005 828 2039 λέγων·
843 2004 888 2040 Μὴ

102 2058 176 2093 ὑμᾶς
191 2056 322 2084 ἀπατάτω
336 2054 468 2086 Ἐζεκίας·
490 2062 499 2079 (
516 2052 561 2087 Μὴ
577 2053 591 2078 ὁ
607 2051 673 2082 Θεὸς
684 2050 760 2086 ὑμῶν
778 2050 888 2086 ῥύσεται

103 2104 193 2138 ὑμᾶςς
212 2101 248 2138 μὴ
264 2100 412 2137 ἐρρύσαντο
426 2100 450 2125 οἱ
465 2097 521 2124 θεοὶ
537 2097 590 2124 τῶν
608 2096 693 2123 ἐθνῶν
711 2096 826 2127 ἕκαστος
841 2095 889 2131 τὴν

104 2149 203 2177 ἑαυτοῦ
228 2148 336 2184 χώραν;
363 2156 373 2172 ι
395 2145 501 2180 Ταύτης
525 2143 614 2170 τοίνυν
640 2143 690 2178 τῆς
717 2142 890 2178 βλασφημίας

934 903 1121 930 liberationem
1137 903 1170 929 ab
1186 903 1224 930 eis
1236 901 1400 937 depreceris.

973 990 1038 1017 CAP.
1054 989 1108 1022 Lll,
1128 989 1209 1016 Vens.
1221 989 1245 1016 l.
1260 989 1365 1016 Rursus
1377 989 1509 1020 declarat,
1527 989 1591 1015 dum
1610 996 1659 1017 eos
1676 996 1710 1016 ex

935 1035 1070 1066 hortatur,
1085 1028 1200 1061 libentdr
1213 1034 1287 1069 ipsos
1297 1034 1323 1060 in
1333 1034 1499 1061 calamitates
1510 1041 1569 1061 esse
1579 1033 1716 1068 delapsos.

935 1080 1013 1113 Quod
1028 1080 1050 1107 si
1067 1080 1138 1108 enim
1150 1080 1184 1107 ab
1195 1080 1248 1106 alio
1256 1079 1352 1114 quovis
1365 1080 1592 1114 opprimerentur,
1602 1087 1656 1106 non
1670 1087 1718 1107 eos

936 1133 1082 1161 exsurgere
1116 1126 1243 1160 iuberet,
1273 1125 1321 1152 sed
1350 1129 1475 1160 argueret
1502 1125 1717 1160 opprimentem;

936 1180 1009 1200 nunc
1022 1180 1087 1199 vero
1104 1180 1166 1199 cum
1183 1172 1324 1199 voluntate
1337 1179 1385 1199 sua
1399 1171 1426 1198 in
1444 1171 1523 1199 malis
1537 1172 1717 1205 detineantur,

937 1223 966 1246 ut
986 1225 1134 1254 exsurgant
1152 1224 1213 1254 apte
1230 1219 1334 1246 suadet.

972 1265 1057 1293 Vens.
1072 1265 1099 1293 2.
1119 1265 1260 1292 Pulverem
1277 1270 1384 1297 excute,
1398 1270 1425 1293 et
1442 1265 1529 1300 abjico
1540 1285 1548 1298 ,
1571 1273 1650 1301 quem
1675 1274 1721 1293 ca-

937 1312 1004 1339 dens
1028 1311 1177 1346 collegisti:
1202 1316 1229 1338 et
1254 1311 1354 1346 quibus
1391 1311 1531 1346 temetipse
1552 1311 1719 1343 devinxisti,

937 1358 1012 1385 solve
1026 1357 1150 1390 vincula,
1171 1361 1252 1384 exuto
1274 1357 1341 1392 jugo
1355 1358 1399 1384 cui
1423 1357 1524 1384 collum
1539 1361 1616 1384 tuum
1634 1358 1720 1385 liben«

937 1408 979 1431 ter
992 1403 1167 1437 subjeceras;
1181 1403 1218 1429 ita
1232 1410 1312 1440 quam
1327 1403 1375 1430 tibi
1400 1410 1590 1438 promerueras
1608 1404 1721 1438 captivi-

939 1455 1021 1478 tatem
1033 1458 1081 1485 per
1096 1450 1280 1485 pwnitentiam
1297 1450 1397 1477 solves.
1414 1449 1473 1476 Non
1486 1450 1556 1477 enim
1575 1450 1650 1482 olim,
1669 1458 1723 1477 aere

939 1500 1062 1532 accepto,
1078 1504 1093 1523 a
1109 1504 1152 1523 me
1174 1495 1323 1523 venundati
1344 1496 1411 1522 estis
1424 1517 1431 1528 ,
1452 1495 1500 1522 sed
1520 1500 1629 1530 propter
1650 1497 1723 1530 ipso-

938 1550 999 1568 rum
1014 1546 1103 1569 vestra
1119 1545 1248 1576 peccata;
1264 1548 1324 1575 quae
1337 1545 1426 1567 tamen
1444 1541 1632 1575 paenitentiam
1647 1548 1724 1575 agen-

938 1589 1013 1615 tibus
1027 1588 1176 1623 ignoscam,
1189 1591 1215 1614 et
1229 1595 1278 1614 vos
1293 1587 1327 1614 de
1342 1586 1500 1621 captivitate
1514 1587 1657 1614 revocabo.

974 1679 1058 1707 Vens.
1087 1679 1113 1705 ι.
1140 1678 1194 1706 Vos
1221 1678 1354 1705 violenter
1381 1678 1408 1705 in
1437 1678 1565 1713 Assyrios
1591 1678 1724 1706 abductos

942 1725 1027 1752 fuisse
1044 1733 1103 1752 meo
1125 1725 1233 1760 quidem
1253 1725 1398 1760 permisso,
1413 1728 1502 1751 vestra
1528 1729 1618 1752 autem
1645 1725 1725 1759 culpa

942 1773 1042 1800 factum
1058 1776 1117 1805 est;
1133 1780 1186 1799 non
1201 1772 1271 1799 enim
1284 1780 1333 1799 vos
1346 1771 1400 1799 illis
1418 1771 1602 1803 tradidissem,
1612 1772 1665 1799 nisi
1677 1780 1725 1799 vos

941 1820 1016 1854 prius
1043 1822 1155 1853 peccata
1178 1821 1268 1846 vestra
1296 1818 1500 1853 prodidissent;
1526 1826 1606 1853 quam
1637 1818 1725 1846 facilis

940 1871 1029 1893 autem
1044 1865 1080 1892 sit
1093 1865 1127 1892 ab
1143 1864 1202 1892 istis
1223 1864 1347 1891 liberatio
1359 1885 1366 1896 ,
1385 1864 1526 1891 conversis
1550 1864 1658 1899 animis,
1673 1873 1722 1892 ex-

941 1911 1091 1946 periemini.

940 1963 955 1992 ‘_
979 1957 1062 1984 VEns.
1079 1958 1104 1984 5.
1126 1957 1222 1983 Nonne
1236 1964 1279 1983 me
1293 1955 1450 1990 Rhapsaces
1462 1955 1619 1983 debiliorem
1631 1957 1711 1983 existi
1721 1971 1727 1976 -

942 2004 1024 2031 mavit
1042 2003 1139 2035 idolis,
1156 2010 1215 2037 qua
1241 2002 1312 2037 apud
1337 2006 1431 2037 gentes
1455 2002 1493 2029 dii
1518 2002 1671 2029 habentur?
1689 2003 1727 2030 Ne

942 2057 990 2077 vos
1013 2049 1132 2083 decipiat
1155 2048 1275 2091 Ezcciias,
1298 2048 1403 2075 aiebat:
1423 2057 1431 2073 ι
1447 2048 1574 2083 Nunquid
1589 2057 1638 2076 vos
1657 2049 1728 2077 Deus

942 2099 1032 2123 vester
1060 2094 1191 2122 erueret?
1221 2093 1350 2128 Nunquid
1376 2099 1508 2121 emerunt
1532 2095 1569 2121 dii
1595 2097 1726 2130 gentium,

943 2142 1132 2176 unusquisque
1149 2149 1226 2168 suam
1249 2141 1388 2175 regionem
1405 2141 1450 2166 "?
1469 2151 1477 2166 ι
1493 2140 1607 2176 Propter
1623 2149 1672 2169 vos
1691 2141 1728 2168 ita

104 2197 184 2231 ὑμεῖς
196 2195 277 2222 αἴτιοι
290 2192 438 2228 γεγένησθε
447 2212 455 2224 ,
474 2190 619 2227 μοχθηροῖς
631 2189 708 2224 ἤθεσι
721 2188 886 2219 κωλύσαντες

944 2189 1080 2216 deridetur
1098 2190 1124 2214 et
1139 2196 1148 2212 ι
1173 2186 1375 2220 blasphematur
1400 2193 1497 2213 nomen
1515 2194 1605 2214 meum
1618 2206 1626 2217 ,
1656 2195 1664 2211 ι
1680 2187 1728 2221 qui

105 2251 140 2278 με
160 2239 338 2276 εὐεργετῆσαι
353 2238 436 2272 ὑμᾶς.

143 2287 198 2322 Τὴν
215 2287 243 2312 ἐν
254 2286 310 2315 τοῖς
332 2283 400 2319 μετά
416 2282 502 2309 ταῦτα
518 2279 662 2314 ἐπίσκεψιν
677 2278 723 2305 τοῦ
739 2278 803 2305 λαοῦ
821 2278 894 2312 δηλοῖ

103 2332 150 2360 διὰ
159 2331 213 2357 τῶν
225 2329 389 2364 λεγομένωνπ
401 2327 462 2363 ἥτις
473 2326 520 2353 καὶ
535 2324 670 2360 παρουσία
680 2323 792 2354 δικαίως
804 2322 836 2349 ἂν
850 2322 894 2348 λέ-

104 2386 190 2413 γοιτο·
206 2376 236 2402 οὺ
247 2376 296 2410 τῆς
308 2375 401 2406 οὐσίας
413 2372 494 2401 αὑτοῦ
506 2372 588 2398 τόπον
597 2371 630 2398 ἐκ
640 2371 723 2397 τόπου
737 2369 892 2405 μετιούσης,

105 2423 176 2451 ἀλλά
188 2422 238 2456 τῆς
254 2420 394 2456 ἐνεργείας
411 2418 561 2454 καταδήλου
581 2416 737 2452 γινομένης·
757 2415 818 2441 τότε
840 2414 894 2449 γὰρ

105 2471 156 2497 καὶ
177 2469 302 2504 παρεῖναι
327 2467 392 2502 ἡμῖν
412 2465 520 2499 λέγεται
543 2465 557 2490 ὁ
579 2463 654 2495 Θεὸς,
676 2463 713 2489 ὅτ’
731 2461 764 2488 ἂν
783 2459 894 2492 ἑαυτοὺς

107 2515 176 2551 πρὸς
196 2514 227 2540 τὸ
243 2511 420 2544 ὑποδέξασθαι
436 2510 517 2538 αὑτὸν
531 2509 622 2542 ἀξίους
640 2509 821 2543 ἀποφήνωμεν
840 2507 895 2537 τοῖς

107 2561 200 2593 καλοῖς
218 2560 320 2596 ῆθεσιν·
338 2558 430 2594 ὥσπερ
449 2555 494 2584 οὖν
511 2557 631 2588 ἀπεῖναι,
654 2553 894 2590 μεταϐαλλομένων

108 2609 149 2638 εἰς
171 2607 215 2641 τὸῙ
223 2605 360 2636 ἐναντίον,
384 2604 420 2640 μὴ
442 2601 648 2638 εὐδοκιμοῦντος
670 2598 894 2626 ἐπαναπαύεσθαι

109 2654 174 2687 ὑμῖν
191 2651 234 2678 διὰ
243 2651 277 2678 τὰ
291 2649 414 2686 μοχθηρὰ
432 2649 508 2684 ὑμῶν
524 2648 587 2683 ἢθη.

148 2698 191 2728 Ὡς
203 2698 257 2732 γὰρ
275 2696 424 2731 κατάδηλον
437 2695 492 2725 τοῖς
511 2694 593 2720 πᾶσιν
610 2693 626 2727 ἡ
643 2691 701 2728 ὣρα
714 2691 764 2726 τῆς
777 2690 892 2726 ὴμέρας,

107 2743 170 2771 καθ’
181 2744 214 2777 ἣν
224 2743 364 2777 ἐκλάμψας
378 2743 392 2768 ὀ
407 2741 481 2775 ἥλιος
494 2739 666 2775 καταλάμψει
682 2737 770 2764 πάντα
785 2737 820 2763 τὰ
832 2736 892 2771 ὅρη·

142 2834 208 2861 "1V
225 2834 290 2868 Reg.
307 2840 365 2862 χιχ,
383 2831 427 2862 52,
447 2830 491 2857 55.

310 2881 444 2909 Ρλτιιοι..
461 2877 518 2907 Gn.
536 2875 646 2906 XVIll.

943 2235 1035 2271 pravis
1050 2233 1172 2260 moribus
1188 2232 1317 2260 beneﬁcia
1334 2239 1394 2259 mea
1408 2240 1423 2259 a
1436 2232 1513 2259 vobis
1533 2232 1679 2266 depellitis.

978 2281 1061 2308 Vens.
1080 2281 1106 2308 6.
1122 2280 1227 2313 Quibus
1252 2279 1343 2307 verbis
1362 2279 1464 2306 indicat
1490 2279 1560 2307 Deus
1580 2287 1609 2306 se
1635 2279 1728 2314 populi

944 2335 1037 2356 curam
1056 2330 1148 2363 postea
1164 2333 1325 2361 gessurum;
1348 2324 1420 2360 quod
1443 2325 1524 2352 etiam
1542 2325 1637 2353 adesse
1655 2326 1727 2360 opti-

945 2382 987 2401 me
1003 2373 1112 2404 dicitur,
1124 2381 1178 2400 non
1191 2375 1349 2399 transeunte
1359 2379 1425 2398 sane
1440 2376 1536 2398 natura
1549 2371 1583 2397 ab
1598 2379 1653 2398 uno
1668 2371 1728 2398 loco

945 2419 972 2446 in
992 2420 1074 2446 alium
1093 2419 1191 2449 locum.
1213 2417 1260 2445 Sed
1278 2419 1330 2445 vim
1355 2424 1432 2444 suam
1448 2417 1620 2444 manifestius
1642 2417 1730 2444 decla~

944 2470 1031 2493 rante.
1048 2465 1114 2492 Nam
1139 2469 1205 2492 tunc
1224 2471 1333 2499 quoque
1354 2463 1433 2490 nobis
1456 2462 1552 2490 adesse
1570 2462 1640 2490 Deus
1660 2463 1729 2489 dici-

946 2515 1000 2543 tur,
1020 2510 1129 2545 quando
1149 2509 1228 2537 bonis
1256 2508 1377 2536 moribus
1407 2515 1457 2535 nos
1474 2507 1648 2542 suscipiendo
1675 2507 1730 2534 Deo

945 2557 1042 2591 dignos
1055 2556 1228 2590 praebemus;
1249 2555 1285 2582 ita
1304 2558 1330 2582 et
1355 2554 1467 2585 abesse,
1487 2553 1597 2588 quando
1620 2561 1635 2579 a
1655 2558 1729 2580 recta

945 2603 988 2630 via
999 2602 1205 2629 deﬁectentibus
1221 2601 1312 2632 nobis,
1326 2605 1436 2636 propter
1446 2600 1608 2635 depravatos
1626 2607 1727 2632 mores,

945 2648 1118 2682 acquiescere
1133 2655 1187 2674 non
1206 2647 1342 2681 dignatur.

981 2692 1065 2720 Vens.
1080 2692 1105 2720 7.
1119 2692 1351 2725 Quemadmodum
1379 2692 1424 2719 lux
1451 2692 1504 2719 diei
1520 2691 1646 2719 omnibus
1663 2698 1729 2718 con-

947 2739 1070 2773 spicitur,
1080 2745 1133 2772 qua
1148 2737 1188 2764 sol
1204 2737 1334 2771 eﬁnlgens
1352 2741 1458 2765 montes
1471 2740 1584 2764 cunctos
1597 2736 1728 2769 illustrat,

1537 2867 1572 2896 ἥδ
