1919 3075
214 118 281 147 1553

791 114 963 144 TllEODOltl
981 110 1241 141 HERACLEENSIS

1775 105 1841 132 155ίῖ

213 179 249 204 ita
270 176 496 212 splendidus‘erit
514 181 540 203 et
558 176 674 204 illustris
695 183 773 203 meus
788 175 821 203 ad
836 183 886 202 vos
899 174 1000 202 adven-

1058 171 1137 203 ιῦτως
1165 170 1268 206 φανερὰ
1290 171 1335 196 καὶ
1352 169 1471 201 ἐπίδοξος
1493 167 1569 194 ἔσται
1597 167 1613 202 ἡ
1632 165 1698 202 παρ’
1713 164 1783 200 ἐμοῦ
1804 166 1842 196 είς

213 228 273 256 ius,
297 228 371 250 tanta
387 231 435 251 vos
465 223 555 250 laetitia
587 227 613 250 et
641 222 824 250 exsultatione
839 221 1000 249 eﬂ‘eremini.

213 269 273 303 Quo
290 270 381 298 studio
395 270 517 297 auditum
530 269 606 304 pacis
622 273 648 295 et
660 268 799 296 felicitatis
815 268 1001 303 accepissetis,

214 323 246 343 eo
260 317 375 343 salutem
390 316 468 343 vobis
486 315 704 350 evangelizantes
721 315 893 349 suscipietis,
912 314 948 341 ita
962 319 1001 345 ut,

214 362 269 390 vita
278 367 367 389 vestra
382 362 661 396 sapientiusinstituta
671 381 678 392 ,
695 369 741 387 rex
755 364 846 388 vester
860 360 950 387 vocari
961 359 1002 386 di-

214 415 290 442 gner.
309 407 357 433 llic
373 407 488 434 miratur
512 415 621 442 quoque
637 407 750 441 spiritus
764 405 940 441 propheticus
957 412 996 440 pe-

214 452 262 480 des
285 460 441 487 przeconum
466 451 643 487 Evangelium
668 452 885 487 praedicantium,
903 450 1002 485 quibus

214 503 308 533 gentes
328 502 441 525 cunctas
458 498 624 533 perlustrati,
649 498 790 524 deﬁnitum
810 497 862 524 sibi
879 497 1003 524 curricu-

214 544 270 571 lum
284 545 470 572 confecerunt.
491 543 586 571 Lucidi
597 547 675 572 erant
688 544 771 578 pedes
787 551 892 576 eorum,
911 548 1004 578 utpote

213 590 262 625 qui
282 592 390 617 fuerant
405 591 438 618 ab
454 591 513 625 ipso
533 590 675 617 Salvatore
699 590 756 617 loti.
788 589 876 624 Super
895 593 1001 616 montes

215 636 279 663 ferri
294 635 433 668 dicuntur,
446 640 556 671 propter
567 636 752 671 praestantiam
769 639 795 662 et
809 635 1003 663 sublimitatem

214 682 379 717 evangelica:
394 682 535 708 doctrinae.
550 681 647 709 Pacem
668 680 899 716 evangelizahant.
910 688 1003 716 pacem

214 728 318 754 scilicet
337 735 400 755 cum
429 727 482 755 Deo
503 728 697 762 prtedicmtes,
724 727 758 754 ab
789 727 917 754 omnibus
946 731 1003 754 tum

215 779 314 806 prope,
336 775 393 798 tum
419 772 513 806 procul
539 771 573 799 de
600 772 727 806 gentibus
751 771 958 806 excipiendam;
976 775 1003 799 et

215 817 353 845 Christum
374 817 421 845 Dei
434 818 668 851 commendantes,
684 818 730 853 qui
745 817 834 845 divisa
861 819 890 845 in
917 826 1002 845 unum

215 865 376 899 conjunxit,
396 869 422 892 et
439 873 546 892 murum
564 865 722 893 medianum
740 866 932 901 separationis,
951 865 1004 893 ini-

215 911 334 939 micitias
350 919 445 946 nempe
465 919 571 945 omnes,
597 913 624 939 in
644 919 726 939 carne
743 919 791 939 sua
807 911 897 939 solvit.

253 999 333 1027 Vens.
353 1000 394 1026 il.
412 999 447 1027 Ut
462 1000 562 1027 animis
577 1001 635 1028 suis
646 1005 792 1033 consulant
809 1001 933 1028 hortatur
943 1009 1003 1033 eos,

216 1046 357 1074 affectibus
385 1047 476 1082 pravis
501 1052 528 1074 et
556 1047 711 1074 Chaldaicis
737 1047 898 1079 immutatis,
912 1048 1003 1082 potius

217 1101 297 1128 quam
312 1093 398 1126 locis;
416 1100 449 1120 ne
466 1092 563 1120 iisdem
586 1093 710 1120 moribus
735 1093 915 1120 immorentur
940 1101 1004 1120 sua-

214 1137 269 1169 det,
280 1137 380 1172 quibus
396 1139 483 1164 donec
497 1137 670 1171 indulserint,
684 1137 817 1165 immundi
828 1137 1002 1166 videbuntur.

249 1237 334 1264 Vsus.
366 1236 408 1264 15.
439 1236 526 1272 [leges
553 1236 660 1271 placido
688 1235 827 1270 tacitoque
855 1243 902 1262 ore
919 1235 1004 1263 Deum

214 1283 375 1311 adorabunt.
395 1283 464 1309 Caeci
481 1282 591 1317 quidem
610 1282 790 1309 remanebunt
809 1285 835 1308 et
861 1281 1004 1314 indociles,

214 1330 260 1366 qui
276 1331 360 1365 legem
381 1332 562 1364 acceperant,
582 1332 609 1355 et
628 1328 756 1354 vaticinia
781 1328 925 1355 audierant
941 1336 1005 1363 pro-

213 1377 369 1411 phetarum,
391 1379 418 1402 et
434 1374 592 1410 prophetias
607 1378 793 1410 cognoverant
814 1375 848 1402 de
864 1374 1005 1402 Salvatore

214 1421 350 1456 prolatas;
371 1424 466 1455 gentes
484 1425 591 1451 contra,
613 1420 713 1454 quibus
728 1420 796 1447 nihil
812 1421 1003 1447 annuntiatutn

214 1467 265 1494 fuit
283 1475 333 1495 nec
356 1467 516 1498 revelatum,
531 1467 597 1493 'sola
615 1466 665 1494 [ide
682 1466 728 1493 Dei
744 1467 887 1494 scientiam
907 1475 1005 1495 consc-

213 1518 348 1549 quentur,
368 1517 504 1540 eteorum
529 1520 590 1547 quae
610 1512 682 1540 Deus
710 1513 744 1540 de
769 1513 909 1548 unigenito
935 1513 1039 1552 Filioc

214 1568 265 1588 suo
278 1560 422 1595 disposuit.

250 1605 314 1633 CAP.
331 1605 398 1638 Llll,
413 1604 496 1633 Vens.
518 1605 542 1638 ι,
557 1605 590 1636 2,
619 1605 646 1632 3.
676 1604 743 1638 Quis
773 1605 887 1633 credat?
914 1606 1004 1633 innuit

212 1652 355 1688 propheta.
379 1652 428 1679 Cui
459 1651 625 1679 revelabitur
650 1651 775 1679 doctrina
802 1652 836 1680 de
864 1653 1004 1688 unigenito

212 1697 261 1725 Dei
285 1697 372 1724 Filio?
387 1698 515 1725 Eamdem
540 1705 590 1725 nos
607 1698 686 1732 quasi
704 1698 847 1733 parvulum
872 1698 1002 1726 humilem

213 1743 429 1778 descripsimus,
462 1743 540 1778 quasi
573 1743 694 1770 radicem
723 1744 866 1771 deﬁciente
889 1744 1004 1772 humore

213 1794 392 1817 attenuatam.
421 1789 487 1816 Tam
504 1789 616 1816 humilis
636 1789 760 1824 profecto
785 1790 809 1816 ei
833 1790 955 1824 species,
973 1795 1002 1817 ut

213 1845 276 1864 cum
291 1837 364 1863 nulla
380 1837 432 1862 alia
449 1835 568 1863 conferri
589 1836 687 1870 possit,
704 1839 732 1862 ut
749 1835 860 1862 minime
874 1836 1001 1863 virtutem

213 1883 287 1910 illam
304 1883 401 1910 decere
426 1882 562 1915 videatur,
577 1890 631 1916 qua
662 1885 701 1908 tot
722 1889 753 1908 ac
779 1885 853 1908 tanta
879 1883 1001 1918 prodigia

212 1929 285 1956 edita
306 1929 425 1956 fuerunt.

251 1974 331 2002 Vens.
386 1973 595 2010 Ingravescente
605 1973 633 2000 in
645 1973 704 2000 dies
715 1973 855 2000 hominum
868 1973 1001 2008 nequitia.

212 2025 240 2049 et
270 2021 337 2048 nihil
364 2022 526 2047 intentatum
544 2019 789 2054 intemeratumque
812 2019 999 2055 relinquente.

213 2074 294 2102 pcnna
311 2075 360 2094 nos
386 2070 414 2093 et
433 2065 550 2092 vindicta
574 2065 711 2092 manebat.
738 2065 804 2098 Qum
828 2073 892 2093 vero
921 2066 1002 2095 nobis

213 2113 312 2140 merita
340 2113 469 2146 supplicia
509 2111 677 2146 unigenitum
702 2110 821 2138 Verbum
851 2111 878 2138 in
900 2117 1000 2139 terram

213 2164 336 2187 nostram
350 2158 502 2193 delapsum,
515 2157 600 2192 legem
616 2165 724 2184 omnem
742 2161 769 2184 et
786 2157 922 2192 justitiam
940 2166 1001 2192 per~

1054 218 1125 253 ὑμᾶς
1138 218 1217 253 ροπή⁸
1235 218 1321 252 χαρᾶς
1337 224 1366 242 τε
1384 215 1431 242 καὶ
1446 213 1629 248 ἀγαλλιάσεως
1643 212 1718 239 οὕτω
1735 211 1842 246 πληρωι

1053 263 1178 299 θήσεσθε·
1195 262 1318 297 καθάπερ
1333 261 1382 297 τὴν
1399 259 1482 296 ἀκοὴν
1493 259 1633 295 εἰρηνικήν
1644 266 1674 284 τε
1690 257 1740 284 καὶ
1752 256 1842 292 ἡδεῖαν

1052 309 1214 345 δεχομένοις,
1231 308 1301 335 οὕτω
1318 316 1347 334 τε
1367 307 1528 340 ἐξάκουστος
1544 305 1621 331 ἔσται
1634 303 1786 339 ήύμετέρα
1799 302 1842 328 λό-

1052 365 1162 392 τρωσις,
1180 356 1225 382 καὶ
1243 355 1355 385 ἑαυτοὺς
1373 353 1520 380 ὲτιιδώσετε
1542 351 1609 386 πρὸς
1628 349 1787 385 διόρθωσιν,
1808 347 1843 379 ὡς

1053 403 1100 428 καὶ
1113 402 1163 437 ἐμὲ
1175 401 1257 428 αὑτὸν
1273 400 1383 435 βασιλέα
1398 399 1474 434 ὑμῶν
1490 398 1556 431 ἀξιῶ
1577 395 1730 423 καλεῖσθαι.
1747 409 1782 414 ——
1801 393 1842 419 Ἐν

1053 449 1157 479 τούτοις
1172 448 1202 473 τὺ
1218 446 1326 481 πνεῦμα
1342 445 1372 472 τὸ
1384 444 1565 480 προφητικὸν,
1578 443 1632 469 τῶν
1650 440 1784 477 κηρύκων
1799 440 1842 466 τοῦ

1053 494 1218 529 Εὑαγγελίου
1230 494 1292 525 τοὺς
1307 492 1388 524 πόδας
1404 490 1600 526 ἀποθαυμάζει,
1614 489 1647 515 δι’
1662 485 1701 514 ὧν
1717 487 1836 521 πεποίην

1054 553 1098 570 ται
1109 543 1207 579 δρόμον
1218 541 1438 577 ἐκπεριελθόντες
1450 539 1498 575 τὴν
1511 539 1551 570 εἰς
1564 537 1652 564 πάντα
1672 537 1708 563 τὰ
1722 535 1786 570 ἔθνη
1800 543 1843 560 πε-

1055 590 1150 626 ρίοδον·
1170 589 1266 625 ὡραῖοι
1284 596 1315 614 τε
1335 586 1423 614 αὐτῶν
1438 584 1506 621 ἦσαν
1518 586 1542 611 οἱ
1563 584 1643 614 πόδες
1659 582 1706 608 διὰ
1719 581 1751 607 τὸ
1766 589 1844 607 κεκα-

1054 635 1161 672 θάρθαι,
1174 636 1211 667 ὼς
1228 635 1260 662 ἂν
1273 633 1320 660 τοῦ
1333 633 1458 668 Σωτῆρος
1473 631 1571 662 αὐτοὺς
1592 629 1787 663 ἁπονίψαντος-
1803 628 1844 655 ἐπὶ

1053 681 1081 708 δὲ
1099 681 1183 716 ὀρέων
1201 679 1321 715 ἔτρεχον,
1343 678 1387 705 διὰ
1405 672 1436 703 τὸ
1456 677 1592 712 μετέωρον
1611 676 1659 702 καὶ
1678 674 1782 709 ὑψηλὸν
1801 673 1842 700 τοῦ

1054 727 1230 762 εὐαγγελικοῦ
1259 725 1445 762 κηρύγματος
1468 724 1581 759 εἰρήνην
1605 722 1634 748 δὲ
1659 720 1844 756 κατήγγελλεν

1054 772 1216 809 ἀνθρώποις,
1231 771 1470 806 εὐαγγελιζόμενοι
1491 769 1539 804 τὴν
1553 769 1622 804 πρὸς
1634 767 1705 794 Θεὸν
1721 768 1843 802 εἰρήνην,

1054 820 1087 855 ἢν
1108 821 1164 851 τοῖς
1186 819 1294 854 μακρὰν
1316 818 1362 844 καὶ
1383 818 1439 848 τοῖς
1457 817 1540 850 ἐγγὺς
1562 813 1786 850 εὐηγγελίζοντο,
1803 813 1845 847 δη-

1053 864 1162 896 λοῦντες
1173 865 1218 890 τὸν
1234 863 1350 897 Χριστὸν
1364 861 1411 889 τοῦ
1427 861 1493 887 Θεοῦ
1508 861 1553 886 τὸν
1572 860 1728 894 ποιήσαντα
1746 857 1781 884 τὰ
1796 858 1844 892 ἀμ-

1054 914 1154 948 φότερα
1169 912 1207 944 ἓν,
1223 912 1270 938 καὶ
1284 911 1315 937 τὸ
1332 909 1488 945 μεσότοιχον
1503 907 1549 934 τοῦ
1568 905 1700 942 φραγμοῦ
1719 904 1842 935 λύσαντα,

1054 959 1104 992 τὴν
1116 958 1226 994 ἔχθραν,
1244 958 1272 983 ὲν
1285 957 1318 991 τῇ
1331 955 1412 991 σαρκὶ
1426 954 1518 982 αὑτοῦ.

1090 1005 1213 1040 Ψυχικὴν
1230 1003 1327 1034 αὐτοὺς
1342 1001 1500 1037 ἐπιμέλειαν
1519 998 1623 1026 ἑαυτῶν
1643 998 1784 1025 ποιεῖσθαι
1796 1006 1843 1023 πα-

1057 1051 1242 1087 ρακελεύεται,
1261 1050 1307 1076 καὶ
1322 1049 1375 1084 πρὸ
1389 1048 1442 1074 τῶν
1458 1047 1548 1073 τόπων
1563 1044 1781 1081 μετανίστασθαι
1796 1044 1845 1070 τῶν

1057 1097 1201 1134 μοχθηρῶν
1209 1096 1332 1131 Esi/(ll)
1343 1095 1387 1121 καὶ
1399 1093 1568 1124 Χαλδαϊκῶν,
1579 1093 1626 1119 καὶ
1636 1092 1674 1127 μὴ
1688 1090 1845 1127 μολύνεσθαι

1055 1146 1084 1171 ἐν
1101 1144 1214 1175 ἐκείνοις
1230 1143 1287 1173 τοῖς
1301 1141 1403 1177 ἤθεσιν,
1422 1141 1451 1167 ὲν
1467 1138 1507 1171 οἷς
1529 1139 1642 1170 ἑαυτοὺς
1661 1136 1844 1168 ὲνδεδωκότες,

1055 1189 1203 1224 ἀκάθαρτοι
1218 1187 1391 1222 όφοήσονται.

1091 1235 1124 1262 Οἵ
1141 1243 1171 1261 τε
1185 1233 1302 1268 βασιλεῖς
1323 1232 1381 1268 μεθ’
1395 1231 1510 1267 ἡσυχίας
1525 1231 1572 1257 καὶ
1596 1230 1704 1264 σιωπῆς
1728 1237 1845 1263 προπω-

1056 1282 1174 1313 νοῦντες,
1193 1279 1401 1314 τυφλωττόντων
1423 1278 1469 1304 καὶ
1487 1277 1610 1312 ἀνηκόων
1637 1276 1775 1310 μενόντων
1796 1275 1844 1300 τῶν

1056 1328 1103 1354 καὶ
1125 1327 1206 1362 νόμον
1221 1325 1376 1360 δεξαμένων
1399 1325 1445 1350 καὶ
1467 1323 1615 1359 προφητῶν
1632 1322 1845 1358 προαγορεύσεις

1056 1371 1277 1403 ὲπακουσόιντων,
1296 1370 1342 1396 καὶ
1359 1369 1406 1400 τὰς
1424 1369 1487 1403 περὶ
1509 1367 1557 1393 τοῦ
1583 1366 1713 1401 Σωτῆρος
1742 1374 1844 1401 προφη·

1055 1419 1130 1450 τείας
1153 1417 1331 1452 ἐγνωκότων·
1358 1415 1412 1441 τῷν
1436 1415 1464 1440 δὲ.
1486 1413 1569 1440 ἐθνῶν
1593 1413 1647 1438 τῶν
1670 1412 1757 1447 μηδὲν
1783 1413 1844 1447 μήτε

1056 1465 1216 1501 ἑωρακότων
1239 1464 1306 1499 μήτε
1322 1461 1488 1497 ἀκηκοότων,
1507 1459 1587 1494 μόνον
1604 1458 1633 1484 δὲ
1655 1458 1748 1484 πίστει
1766 1465 1845 1492 προς-

1054 1510 1262 1547 6εδραμηκότων
1285 1510 1325 1540 εἰς
1343 1508 1390 1543 τὴν
1407 1505 1582 1540 Θεογνωσίαν,
1600 1505 1648 1531 καὶ
1661 1505 1704 1535 εἰς
1721 1503 1771 1539 τὴν
1788 1503 1844 1537 περὶ

1057 1557 1104 1584 τοῦ
1121 1554 1280 1592 μονογενοῦς
1297 1553 1362 1580 Υἱοῦ
1378 1552 1424 1579 τοῦ
1440 1551 1507 1578 Θεοῦ
1523 1550 1687 1584 κατάληψιν,

1099 1602 1172 1630 Ἀντὶ
1188 1601 1245 1632 τοῦ,
1263 1601 1310 1632 Τίς
1328 1598 1466 1626 πιστεύσει
1480 1597 1527 1624 καὶ
1548 1597 1600 1623 τίνι
1617 1595 1844 1630 ἀποκαλυφθήσε-

1057 1658 1102 1677 ται
1118 1649 1132 1674 ὁ
1146 1648 1209 1682 περὶ
1224 1646 1270 1672 τοῦ
1288 1644 1446 1681 μονογενοῦς
1462 1642 1525 1669 Υἱοῦ
1544 1642 1590 1668 τοῦ
1612 1641 1683 1668 Θεοῦ
1700 1641 1780 1675 λόγος
1793 1649 1800 1672 ;
1816 1641 1844 1666 Ui

1057 1696 1111 1731 γὰρ
1126 1695 1255 1730 ἡμέτεροι
1271 1693 1344 1727 λόγοι
1358 1692 1426 1728 πρὸς
1437 1691 1481 1717 τὸν
1492 1690 1573 1716 αὑτὸν
1587 1689 1728 1724 γινόμενοι
1743 1688 1847 1723 ὡσπρ-

1058 1745 1082 1770 εἰ
1102 1742 1208 1769 παιδίου
1229 1739 1354 1770 εὐτελοῦς
1375 1737 1457 1773 εἶχον,
1473 1738 1520 1764 καὶ
1537 1735 1615 1772 ριζης
1629 1735 1718 1766 οὕτως
1732 1735 1826 1761 ἀτόνου
1838 1754 1846 1765 ,

1056 1791 1093 1821 ὼς
1108 1791 1135 1816 ὲν
1155 1788 1251 1815 σπάνει
1266 1786 1367 1817 νοτίδος
1383 1783 1584 1819 ἀποκειμένης·
1603 1782 1671 1809 αὐτὸ
1688 1781 1717 1807 δὲ
1737 1781 1769 1807 τδ
1782 1780 1847 1812 εἶδος

1056 1835 1138 1862 αὑτοῦ
1152 1835 1237 1865 οὕτως
1254 1832 1370 1863 εὐτελὲς,
1384 1831 1421 1862 ὼς
1436 1830 1503 1856 πολὺ
1517 1828 1721 1864 ὑποϐεϐηκέναι
1734 1827 1785 1858 τὰς
1796 1827 1847 1853 τῶν

1056 1881 1157 1909 λοιπῶν
1179 1880 1264 1914 ὄψεις,
1279 1880 1309 1905 οὐ
1326 1878 1378 1913 μὴν
1395 1876 1463 1903 ἀλλὰ
1488 1877 1535 1902 καὶ
1557 1875 1605 1910 τὴν
1633 1875 1778 1910 ἐνέργειαν
1800 1873 1846 1908 τῆς

1055 1929 1205 1963 δυνάμεως,
1218 1926 1251 1952 δι’
1266 1923 1299 1961 ἧς
1315 1925 1349 1951 τὰ
1366 1924 1465 1959 σημεῖα
1480 1922 1595 1948 ἐτελεῖτο

1099 1972 1274 2009 ’Δκμασάσης
1289 1971 1336 2006 τῆς
1357 1969 1410 1996 τῶν
1427 1967 1576 2003 ἀνθρώπων
1596 1967 1715 1998 κακίας,
1731 1967 1780 1992 καὶ
1798 1967 1846 1992 πᾶν

1055 2016 1125 2049 εἶδος
1152 2014 1393 2052 παρανομημάτων
1422 2011 1630 2048 ἐργασαμένης,
1656 2010 1778 2045 τιμωρία
1804 2010 1846 2036 καὶ

1056 2064 1165 2095 κόλασις
1195 2063 1350 2097 ἐπήρτητο·
1381 2060 1476 2094 ἥντινα
1503 2058 1581 2093 δίκην
1615 2056 1846 2092 χρεωστουμένην

1056 2111 1131 2145 ἡμῖν,
1156 2110 1170 2135 ὁ
1192 2106 1339 2143 μονογενὴς
1362 2104 1408 2131 τοῦ
1435 2103 1502 2131 Θεοῦ
1519 2103 1614 2137 Λόγος,
1634 2102 1721 2128 ὲλῦὼν
1739 2103 1780 2133 εἰς
1804 2101 1846 2126 τὶν

1056 2154 1116 2181 καο“
1130 2154 1203 2189 ἡμᾶς
1220 2152 1332 2187 κόσμον,
1347 2151 1394 2177 καὶ
1410 2151 1499 2177 πάντα
1525 2148 1618 2184 νόμον,
1637 2148 1686 2174 καὶ
1705 2149 1796 2174 πᾶσαν
1810 2147 1846 2172 δι-

213 2204 318 2236 ﬁciens,
332 2211 443 2238 peccato
458 2210 519 2229 vero
530 2203 599 2230 .uulli
611 2202 768 2231 obnoxium,
784 2208 882 2237 sponte
897 2203 999 2236 subiit;

1058 2200 1198 2234 καιοσύνην
1222 2197 1378 2233 πληρώσας,
1408 2195 1529 2231 ἁμαρτίᾳ
1559 2203 1588 2220 τε
1620 2194 1658 2229 μὴ
1689 2191 1844 2222 ὑποπεσὼν,

211 2259 246 2280 ea
265 2251 420 2281 voluntate,
439 2255 468 2275 ut
488 2248 522 2276 Et
542 2249 657 2284 ingratis
684 2258 733 2276 nos
750 2253 843 2284 gratos
860 2249 914 2276 Deo
937 2249 999 2276 red-

213 2296 290 2323 deret
300 2300 326 2323 et
341 2299 449 2322 amicos-
469 2294 526 2329 Ipse
550 2294 662 2329 quidem
680 2301 775 2328 pmnas
801 2302 897 2322 omnes
911 2299 937 2322 ct
950 2303 1000 2329 op-

213 2342 325 2378 probria
344 2349 393 2376 pro
418 2341 496 2368 nobis
513 2340 638 2374 pertulit;
659 2347 709 2366 nos
726 2345 815 2366 autem
843 2347 890 2374 per
922 2339 1000 2367 tidem

213 2395 275 2415 cum
290 2395 323 2415 eo
338 2387 529 2422 compatimur,
545 2394 592 2421 per
611 2385 725 2421 gratiam
741 2393 801 2412 cum
816 2393 849 2412 eo
860 2386 1003 2413 commori-

213 2441 275 2460 mur
289 2438 316 2461 et
333 2434 480 2460 salvantur.

251 2480 333 2508 Vens.
348 2480 376 2507 ὓ.
391 2479 514 2506 Tradidit
528 2487 589 2506 eum
605 2478 686 2510 Deus,
697 2482 794 2514 sponte
806 2478 910 2505 scilicet
924 2478 1000 2505 obla-

213 2531 281 2558 tum,
295 2533 351 2553 non
365 2526 390 2552 vi
406 2529 542 2552 eoactum.
558 2524 624 2551 Nam
649 2524 796 2559 Apostolus
825 2531 933 2558 quoque
954 2530 998 2550 ea-

212 2574 274 2601 dem
288 2580 356 2600 voce
376 2572 460 2598 utitur
476 2571 509 2597 ad
524 2571 676 2598 libertatem
689 2575 715 2598 et
727 2572 893 2598 voluntatem
910 2569 998 2597 Patris

212 2618 406 2646 declarandam
419 2639 426 2646 .
445 2628 454 2643 ι
486 2617 531 2644 Sic
547 2618 618 2645 enim
638 2617 710 2645 Deus
739 2617 836 2644 dilexit
853 2617 995 2649 mundum,

214 2671 242 2692 ut
262 2665 359 2694 Filium
374 2673 454 2694 suum
465 2665 634 2700 unigenitum
652 2665 767 2692 traderet
782 2671 832 2701 pro
849 2663 969 2692 nobis".
983 2672 992 2688 ι

247 2743 270 2759 ’³
280 2742 358 2771 Joan.
374 2751 414 2776 ιιι,
430 2744 472 2770 16.

250 2821 306 2854 (Η)
322 2821 402 2848 Forte
416 2821 491 2849 ἰδεῶν
507 2821 545 2848 vel
561 2821 639 2848 ἰδίων.

1053 2247 1142 2275 ἑκοντὶ
1162 2246 1284 2280 δέχεται*
1301 2245 1334 2270 ἵν’
1355 2244 1420 2278 ἡμῖν
1438 2241 1576 2277 μεταϐάλῃ
1600 2241 1651 2275 τὴν
1678 2239 1792 2266 κόλασιν
1808 2239 1844 2268 εἰς

1053 2293 1162 2328 εἰρήνην
1176 2300 1205 2317 τε
1225 2291 1270 2318 καὶ
1285 2289 1441 2324 εὐμένειαν·
1456 2287 1539 2314 αὑτοῦ
1558 2287 1606 2321 μὲν
1618 2288 1650 2321 τῇ
1667 2286 1754 2321 πείρᾳ
1770 2284 1844 2311 ὑπελ-

1054 2339 1144 2370 Οόντος
1164 2337 1212 2368 τὰς
1227 2336 1320 2372 ὕϐρεις
1336 2335 1382 2361 καὶ
1403 2335 1451 2365 τὰς
1466 2333 1601 2365 κολάσεις,
1614 2331 1697 2367 ἡμῶν
1710 2331 1739 2357 δὲ
1758 2331 1843 2356 πίστει

1053 2383 1245 2419 οἰκειουμένων
1258 2382 1292 2408 τὰ
1305 2381 1387 2416 πάθη,
1401 2380 1447 2407 καὶ
1459 2378 1739 2413 συναποθνησκόντων
1756 2377 1843 2412 χάριτι

1054 2432 1100 2457 καὶ
1119 2430 1289 2464 σωζομένων.

1089 2474 1288 2512 Παραὸεδόσθαι
1304 2473 1332 2499 δὲ
1348 2473 1428 2499 αὐτὸν
1443 2473 1560 2504 ἀκούων,
1579 2473 1616 2506 μὴ
1634 2471 1761 2505 ἀνάγκην
1779 2470 1843 2496 καθ-

1053 2523 1199 2553 υπότττευε,
1215 2522 1245 2547 τὺ
1265 2520 1293 2546 δὲ
1314 2520 1436 2546 ἑκούσιον
1453 2519 1516 2546 νόει.
1530 2518 1586 2545 Καὶ
1604 2518 1660 2554 γὰρ
1680 2519 1694 2544 ὁ
1717 2517 1843 2543 ’Δτ-όπο-

1051 2568 1095 2599 λος
1115 2567 1153 2603 τῷ
1168 2567 1277 2602 ὀνόματι
1292 2565 1378 2601 τούτῳ
1393 2566 1535 2601 κέχρηται,
1553 2564 1701 2591 αὑθεντίαν
1717 2563 1765 2590 καὶ
1783 2563 1843 2597 βού-

1050 2614 1127 2650 λησιν
1144 2614 1250 2650 Πατρὸς
1266 2613 1389 2649 μηνύων
1411 2622 1420 2638 ι
1439 2611 1517 2638 Οὕτω
1531 2611 1585 2646 γὰρ
1600 2611 1614 2637 ὁ
1635 2610 1703 2641 Θεὸς
1718 2609 1844 2644 tyana

1049 2661 1094 2688 τὸν
1111 2661 1221 2696 κόσμον,
1239 2660 1309 2687 ὥστε
1323 2660 1368 2686 τὸν
1382 2658 1512 2694 μονογενῆ
1530 2657 1591 2684 Υἱδν
1607 2656 1692 2683 αὑτοῦ
1711 2654 1845 2691 παραὸοὖέ
