1919 3075
134 127 198 155 1557

851 123 883 151 IN
904 123 1032 157 ISAIAM.

1688 120 1756 156 tati!

131 194 172 212 σαι
189 185 260 220 ὑπὲρ
278 185 365 220 ἡμῶν.
384 193 395 209 ι
419 184 524 211 Ἐκοντὶ
539 183 628 210 τοίνυν
642 183 790 218 ὑπομείνας
806 181 840 208 τὰ
864 183 918 208 πά-

974 183 1115 210 Cruciatus
1133 187 1224 210 autem
1250 187 1346 218 sponte
1366 186 1492 218 acceptos
1515 187 1604 212 metu:
1626 186 1756 221 pertulit,

129 231 174 266 θη,
204 231 308 266 σιωπὴν
334 230 421 266 φέρει,
450 229 532 265 νόμον
559 230 624 264 ἡμῖν
654 229 792 263 ὑπομονῆς
820 227 915 254 ἑαυτὸν

128 277 327 312 παρεχόμενος.

165 323 201 350 Τὸ
217 322 340 349 ἑκούσιον
354 321 401 348 τοῦ
423 322 548 356 Σωτῆρος
571 322 599 347 ὲν
621 321 655 356 τῇ
677 313 762 355 πείρα
774 319 829 345 τῶν
845 319 917 344 οἰκο-

127 368 303 404 νομουμένων
319 367 494 403 σημαίνεται·
512 367 550 398 ὡς
566 367 620 401 γὰρ
635 365 770 402 πρόϐατον
785 364 916 399 ἀγόμενον

129 417 169 446 είς
187 414 292 445 θυσίαν,
317 413 333 449 ἢ
358 413 442 448 ἀμνὸς
459 412 580 439 ἐναντίον
595 411 641 438 τοῦ
665 411 801 446 κείροντος
825 409 916 442 αὐτὸν,

127 461 236 495 ἀνάγκῃ
263 467 293 485 τε
317 458 495 494 δαμαζόμενα
530 458 589 484 οὐδὲ
617 457 765 493 βληχᾶσθαι
790 457 819 483 τὸ
845 456 918 484 ἐνδό-

128 513 208 540 σιμον
235 505 292 540 ἔχει
309 512 316 519 ·
347 503 433 535 οὕτως
462 503 542 535 αὐτὸς
579 503 648 530 ἑκὼν
677 504 706 529 ὲν
734 502 774 538 τῷ
803 502 917 537 πάσχειν

127 548 285 576 ἀπεσιώπα.

163 595 219 630 Τὴν
235 594 392 630 παράνομον
411 593 459 620 καὶ
473 594 564 621 ἄδικον
581 593 669 629 κρίσιν
685 592 769 628 δηλοῖ,
786 593 834 628 τῆς
851 593 918 628 ἀλη-

127 640 204 672 θὲίας
216 640 376 676 κρυὸείσης.
390 640 446 675 Τὴν
460 640 529 675 μετὰ
543 640 591 675 τὴν
606 640 752 666 ἀνάστασιν
767 639 915 674 γενομένην

127 686 217 719 δόξαν,
233 686 280 713 καὶ
296 686 345 722 τὴν
359 687 457 721 ἐγγενῆ
470 686 551 713 αὐτοῦ
565 686 653 718 ἀξίαν,
668 687 702 722 ἣν
715 688 731 722 ἠ
746 686 800 714 τῶν
817 688 918 713 οἰκονο-

129 732 272 769 μηθέντων
297 732 419 764 ὑπέδειξε
445 734 539 768 πεῖρα,
563 733 605 764 τίς
630 733 705 760 ἔσται
731 733 824 765 ἱκανὸς
846 733 919 768 λόγῳ

127 779 247 815 φράσαι;
262 778 343 805 αὑτοῦ
361 779 409 814 μὲν
427 773 533 814 θανάτῳ
554 779 788 814 ὑποῦαλλομένου,
811 779 918 805 πάντων

126 825 157 852 δὲ
177 825 218 856 εἰς
242 825 395 860 ἀφθαρσίαν
410 822 508 861 χάριτί
524 824 606 852 αὑτοῦ
621 824 856 859 ζωοποιουμένων,
871 824 918 850 καὶ

969 233 998 256 ιιι
1015 237 1044 256 sc
1058 229 1137 256 nobis
1157 229 1229 256 velut
1245 230 1329 265 legem
1351 230 1490 264 patientia:
1505 230 1647 266 praeberet.

1004 316 1087 344 Vens.
1104 318 1129 344 7.
1147 317 1252 351 Quanta
1264 318 1403 346 voluntate
1418 318 1543 347 Salvator
1558 321 1753 356 redemptionis

967 371 1037 397 opus
1058 363 1219 398 perfecerit,
1248 364 1361 391 indicat.
1394 364 1627 397 Quemadmodum
1644 367 1702 393 ovis
1719 367 1752 394 ad

968 409 1105 436 victimam
1120 409 1220 437 ductus
1231 429 1238 441 ,
1256 414 1303 437 aut
1321 418 1408 446 agnus
1419 418 1512 438 coram
1528 412 1659 440 tondente
1668 413 1691 429 ἰ
1705 421 1740 440 ne

967 456 1098 483 cessitate
1113 456 1193 488 victi,
1224 457 1333 484 balandi
1355 457 1528 485 occasionem
1551 465 1605 486 non
1632 459 1752 492 habent,

968 502 1005 529 ita
1018 502 1075 537 ipse
1091 502 1190 529 mediis
1203 502 1230 528 in
1242 503 1409 530 cruciatibus
1426 508 1522 538 sponte
1538 505 1610 532 silet.

1006 590 1089 618 Vens.
1106 591 1132 618 8.
1150 591 1273 627 Iniquum
1289 596 1317 619 et
1340 592 1472 627 injustum
1487 594 1544 622 fore
1555 594 1689 629 judicium
1705 595 1753 622 dc—

968 637 1071 670 clarat,
1095 638 1210 665 veritate
1232 646 1373 673 oppressa.
1395 639 1515 667 Gloriam
1541 644 1602 675 post
1626 648 1752 668 resurre-

972 684 1091 711 ctionem
1106 692 1120 710 τι
1134 683 1243 712 Christo
1255 685 1378 719 adeptam
1388 704 1396 717 ,
1412 689 1439 712 et
1455 686 1574 717 nativam
1589 686 1649 721 ejus
1663 687 1752 722 dignis

968 733 1071 763 tatem,
1093 738 1154 765 quae
1167 731 1194 758 in
1217 731 1408 758 lncarnatione
1427 732 1544 763 effulsit,
1568 733 1629 768 quis
1652 735 1753 768 poterit

969 783 1095 802 sermone
1109 777 1273 811 complecti?
1291 776 1396 813 Quippe
1412 779 1476 813 qui,
1491 782 1579 806 morte
1591 787 1750 814 oppressus.

969 822 1097 850 omnibus
1110 823 1197 857 gratia
1217 831 1266 850 sua
1282 823 1365 850 vitam
1388 825 1568 852 immortalem
1591 826 1706 860 largitur
1726 835 1750 853 e.

128 873 222 899 πίστει
238 872 440 907 λυτρουμένων.
458 870 558 903 Διττῶς
573 871 688 897 νοεῖταιο
708 869 785 896 τοῦτο
803 870 861 905 μὲν,
876 870 917 896 ὅτι

974 869 1094 896 salutem.
1117 868 1222 903 Duplici
1238 869 1271 896 de
1292 877 1374 898 causa
1391 869 1446 897 hac
1461 871 1590 898 dicuntur
1607 881 1614 899 :
1630 871 1751 899 Primum

127 918 240 953 ἐδέησεν
256 917 412 952 ἀναγκαίως
424 916 551 951 γενέσθαι
567 917 616 952 τὴν
629 916 780 951 παρουσίαν
795 915 841 942 τοῦ
859 917 916 942 Σω-

126 965 212 1000 τῆρος
230 965 274 991 διὰ
291 964 325 990 τὰ
342 964 463 1000 ἡμέτερα
485 964 702 998 παρανομήματα
714 970 720 976 ·
736 963 786 989 οὐκ
807 962 840 989 ἂν
863 962 918 998 γὰρ

128 1009 222 1045 χώραν
242 1009 319 1045 ἔσχεν
335 1010 352 1044 ἡ
368 1008 415 1035 τοῦ
436 1008 560 1043 Σωτῆρος
581 1007 705 1043 ὲνδημία,
723 1007 802 1043 ἡμῶν
829 1007 866 1042 μὴ
888 1008 918 1033 ὲν

129 1055 312 1091 παρανομίαις
326 1053 522 1087 ὲξετασθέντων
535 1061 542 1068 ·
562 1052 641 1079 τοῦτο
656 1053 694 1085 δὲ,
713 1053 753 1079 ὅτι
766 1053 812 1079 ὑπ’
828 1051 917 1079 αὐτῶν

128 1101 185 1127 τῶν
199 1101 319 1135 ἀνομιῶν
334 1101 374 1131 είς
387 1099 433 1126 τὸν
451 1099 564 1126 θάνατον
578 1098 659 1134 ἦχθη.

180 1147 248 1172 Οσον
261 1145 310 1181 μὲν
321 1142 388 1181 ἦκεν
404 1145 443 1176 εἰς
463 1144 562 1180 ἑαυτὴν
575 1144 623 1180 τὴν
634 1144 724 1180 φωνὴν
734 1144 918 1177 ἀνεξετάστως

127 1191 349 1226 λαμϐανομένην,
363 1190 483 1225 κατάρας
500 1190 547 1216 καὶ
563 1190 611 1216 οὐκ
623 1189 746 1223 εὐλογίας
763 1187 832 1216 εἶναι
846 1189 918 1216 δοκεί

128 1237 264 1273 ἔμφασις·
291 1237 325 1272 ἢν
355 1236 384 1262 δέ
414 1244 456 1267 τις
480 1235 524 1262 τὸν
548 1235 758 1270 ὲναποκείμενον
785 1234 847 1262 νοῦν
871 1236 918 1262 ἀν-

130 1283 247 1319 ιχνεύειν
273 1283 399 1318 ἐθελήσῃ,
422 1283 533 1318 εὑρήσει
568 1282 687 1316 πέλαγος
713 1281 918 1316 φιλανθρωπίας

129 1329 356 1365 ὲναποκείμενονο
375 1330 438 1360 τοὺς
462 1330 516 1364 γὰρ
540 1330 674 1365 πονηροὺς
699 1330 747 1356 καὶ
763 1330 792 1355 ὲν
811 1329 917 1363 πλούτῳ

130 1375 279 1411 αὐχοῦντας
289 1376 336 1402 καὶ
346 1375 622 1410 καταδεδικασμένους
636 1374 752 1410 θανάτῳ,
766 1375 827 1402 ὅσον
838 1372 916 1410 ἧκεν,

131 1424 164 1449 ἐκ
189 1422 243 1448 τῶν
267 1423 358 1453 αὐτοῖς
382 1421 569 1457 είργασμένων
597 1421 719 1457 ῥύσεται,
745 1421 916 1452 πιστεύοντας

131 1468 178 1494 καὶ
200 1468 436 1503 παραδεχομένους
460 1467 506 1494 τὸν
521 1467 634 1494 θάνατον
658 1467 704 1494 τοῦ
730 1467 864 1502 Σωτῆρος,
888 1466 918 1499 ὃς

131 1512 207 1540 ισται
233 1513 324 1544 αὑτοῖς
357 1512 598 1548 ἀντικατάλλαγμα
631 1512 832 1548 καρπουμένοις
857 1511 918 1538 ἀντὶ

131 1559 220 1594 ταφῆς
231 1559 278 1586 καὶ
294 1558 408 1585 θανάτου
427 1558 498 1594 ζωὴν
510 1557 617 1585 αίώνιον
631 1558 678 1585 καὶ
694 1557 832 1593 ἄφθαρτον
852 1557 919 1584 ἀθα-

132 1605 236 1633 νασίαν.

168 1650 204 1677 Τὸ
233 1650 323 1677 ἄδικον
353 1649 531 1686 ὲμπαροινίαν
556 1647 604 1676 τοῦ
628 1649 750 1676 διαόόλου
774 1649 859 1685 δηλοῖ,
885 1648 919 1684 ῆν

133 1696 180 1722 ἐπὶ
202 1696 249 1722 τοῦ
275 1696 403 1732 Σωτῆρος
422 1695 500 1731 ἡμῶν
519 1695 688 1727 ὲπεδείξατο’
707 1695 841 1730 μηδεμιᾶς
865 1693 920 1730 γὰρ

133 1743 269 1778 ἁμαρτίας
283 1732 441 1778 εὑρεθείσης
456 1743 484 1768 ὲν
500 1743 532 1777 τῇ
550 1741 620 1768 κατὰ
637 1741 725 1777 σάρκα
740 1740 823 1766 αὑτοῦ
843 1740 919 1766 πολι-

132 1789 202 1824 τείᾳ,
218 1788 275 1815 ἀλλ’
292 1788 482 1823 ἀναμαρτήτου
498 1787 627 1822 μεινάσης
641 1788 690 1822 τῆς
707 1786 817 1822 σαρκὸς,
834 1786 920 1817 οὕτως

132 1834 171 1866 ὡς
187 1835 257 1861 κατὰ
273 1834 366 1870 ἑνόχου
381 1833 516 1870 ἁμαρτίας
530 1833 678 1868 γενομένης
695 1833 782 1868 ἐπῆγε
802 1833 849 1859 τὸν
873 1832 920 1859 θά-

133 1889 224 1913 νατον,
239 1880 346 1912 δεικνὺς
368 1880 417 1915 τὴν
434 1879 532 1906 ἑαυτοῦ
555 1878 708 1914 ἀρχέκακον
728 1878 844 1905 κακίαν·
861 1878 919 1904 ἀνθ’

133 1923 171 1953 ὢν
200 1925 308 1961 εὔλογος
334 1926 466 1961 λύτρωσις
494 1925 598 1959 γίνεται
623 1926 678 1956 τοῖς
704 1925 756 1951 ὑπὸ
782 1923 919 1959 ἁμαρτίαν

134 1972 290 1999 πίπτουσιν.

170 2019 274 2054 Ὠσπερ
296 2018 330 2045 τὰ
356 2019 421 2054 ἡμῖν
443 2017 651 2054 χρεωστούμενα
669 2017 819 2052 παθήματα
839 2016 920 2048 αὐτὸς

134 2064 330 2100 ἀναδεξάμενος
352 2064 519 2100 ᾠκειώσατο,
535 2063 607 2090 οὑτω
628 2064 675 2090 καὶ
690 2063 738 2098 τὴν
754 2063 787 2090 ἐκ
803 2062 920 2094 πίστεως

134 2111 279 2146 γινομένην
293 2112 359 2146 ἡμῖν
379 2109 512 2146 κάθαρσιν
528 2110 609 2137 αὐτὸν
624 2109 745 2145 δεδέχθαι
758 2109 867 2143 φάσκει.
886 2124 921 2129 ~—

140 2155 271 2182 Ἐνταῦθα
284 2155 355 2182 δόσιν
378 2156 408 2182 οὑ
429 2156 478 2191 τὴν
495 2155 524 2181 ἐν
538 2155 644 2186 θυσίαις
666 2155 774 2189 φάσκει,
790 2154 857 2181 ἀλλὰ
872 2155 921 2190 τὴν

931 1539 954 1569 G

969 915 1080 949 quidem
1095 915 1159 950 quia
1173 920 1284 950 propter
1295 921 1405 951 peccata
1420 921 1514 944 nostra
1529 917 1671 945 Salvatore
1686 918 1753 945 indi-

971 969 1065 996 gemus
1078 981 1086 993 ,
1103 969 1154 989 nec
1170 961 1268 989 [uisset
1284 963 1449 990 curvcniret
1462 963 1598 996 Salvator,
1615 963 1670 991 nisi
1686 971 1753 999 pec-

970 1007 1038 1035 catis
1052 1007 1200 1035 fuissemus
1210 1008 1315 1041 obruti;
1330 1008 1428 1036 deinde
1441 1009 1506 1044 quia
1523 1009 1558 1037 ab
1569 1009 1637 1045 ipsis
1650 1011 1753 1046 iniquia

970 1053 1072 1081 tatibus
1087 1053 1121 1081 ad
1135 1057 1249 1081 mortem
1264 1054 1365 1082 ductus
1377 1059 1439 1089 est“

1007 1142 1089 1170 VERS.
1105 1143 1132 1170 9.
1158 1143 1224 1176 Quae
1247 1144 1281 1171 ad
1306 1145 1419 1172 verbum
1452 1147 1657 1176 inconsiderate
1681 1150 1754 1177 acci-

970 1189 1053 1224 pienti
1082 1190 1290 1218 maledictiones
1312 1199 1374 1219 esse
1395 1192 1571 1226 videbuntur,
1596 1201 1651 1221 non
1671 1195 1755 1222 bene-

969 1236 1112 1264 dictiones.
1124 1237 1202 1270 Quod
1215 1237 1238 1265 si
1249 1245 1313 1265 vero
1324 1238 1452 1266 latentem
1463 1243 1580 1268 mentem
1591 1241 1755 1277 investigare

970 1283 1107 1316 volueris,
1135 1282 1257 1319 reperies
1283 1284 1310 1311 in
1335 1285 1387 1312 hoc
1408 1292 1535 1314 sermone
1559 1287 1756 1316 misericordia;

970 1337 1113 1357 oceanum.
1133 1329 1200 1357 Nam
1221 1331 1355 1366 pessimos
1374 1336 1401 1359 et
1421 1331 1524 1360 divitiis
1540 1333 1706 1368 gloriantes,
1721 1342 1755 1362 ac

970 1379 1057 1403 morte
1071 1376 1215 1404 damnatos
1227 1397 1234 1409 ,
1252 1382 1384 1412 quantum
1402 1377 1436 1405 in.
1444 1386 1476 1406 eo
1493 1379 1545 1405 erit
1555 1399 1562 1410 ,
1577 1380 1612 1407 ab
1626 1381 1755 1415 operibus

970 1431 1066 1451 eorum
1095 1424 1240 1456 liberabit,
1256 1425 1405 1453 dummodo
1428 1426 1455 1452 in
1476 1426 1565 1461 ipsum
1581 1428 1710 1460 credant,
1728 1433 1755 1455 et

972 1469 1122 1497 Salvatoris
1135 1474 1249 1498 mortem
1260 1471 1409 1506 excipiant,
1424 1480 1485 1507 qua:
1497 1473 1552 1501 illis
1563 1475 1673 1508 praemio
1684 1475 1735 1502 erit
1745 1484 1753 1508 ;

970 1525 1020 1552 pro
1037 1517 1177 1552 sepultura
1196 1525 1228 1545 ac
1252 1522 1341 1545 morte
1357 1520 1441 1545 vitam
1467 1523 1597 1547 aeternam
1613 1525 1640 1548 et
1662 1521 1753 1548 incor-

969 1564 1126 1599 ruptibilem
1143 1564 1376 1592 immortalitatem
1392 1565 1534 1601 largietur.

1004 1652 1109 1680 lndieat
1140 1652 1185 1680 hic
1220 1661 1301 1688 quam
1336 1655 1532 1683 contumeliose
1572 1655 1709 1692 diabolus;
1726 1667 1754 1686 tn

970 1699 1136 1727 Salvatorem
1164 1700 1346 1728 debacchatus
1376 1701 1421 1728 sit.
1450 1700 1535 1734 Nam,
1563 1702 1628 1730 licet
1648 1705 1752 1732 nullum

969 1751 1107 1781 repertum
1124 1746 1160 1774 sit
1175 1747 1201 1774 in
1213 1747 1317 1774 carnali
1330 1747 1390 1782 ejus
1407 1749 1461 1775 vita
1475 1754 1628 1784 peccatum,
1644 1755 1672 1778 et
1685 1759 1753 1786 pura

970 1793 1148 1821 remansisset
1162 1793 1223 1828 ejus
1245 1801 1309 1821 caro
1326 1799 1408 1829 atque
1432 1795 1554 1830 integra,
1572 1796 1696 1825 diabolus
1710 1803 1754 1824 ta-

970 1847 1032 1867 men
1049 1848 1112 1867 eum
1123 1860 1130 1872 ,
1149 1841 1223 1868 Velut
1239 1845 1408 1876 peceatorem
1422 1862 1429 1875 ,
1446 1846 1533 1870 morte
1552 1842 1658 1876 aﬂ‘ecil,
1676 1851 1753 1871 sum-

970 1894 1042 1913 mam
1068 1895 1144 1914 suam
1159 1888 1307 1922 nequitiam
1331 1887 1484 1916 declarans.
1503 1888 1561 1921 Qua
1583 1890 1689 1917 ratione
1710 1890 1754 1924 ju-

970 1941 1032 1968 gum
1047 1933 1163 1961 feliciter
1177 1935 1296 1962 solutum
1311 1938 1352 1961 est
1368 1940 1479 1969 peccato
1496 1935 1720 1964 inservientibus.

1006 2023 1089 2051 Vens.
1108 2024 1151 2051 10.
1173 2024 1208 2051 Ut
1222 2025 1332 2052 meritas
1346 2025 1426 2052 nobis
1445 2033 1542 2060 prenas
1557 2025 1610 2053 iste
1627 2025 1754 2054 Christus

971 2071 1125 2107 suscipiens
1138 2067 1187 2106 pro
1203 2071 1282 2099 nobis
1300 2073 1421 2107 pertulit,
1438 2072 1475 2099 ita
1492 2073 1592 2100 dicitur
1604 2077 1631 2101 et
1647 2074 1754 2101 mundi-

970 2118 1036 2144 tiam
1047 2137 1054 2149 ,
1072 2116 1152 2145 nobis
1168 2125 1215 2152 per
1231 2117 1310 2145 ﬁdem
1330 2118 1471 2153 adeptam,
1491 2118 1544 2146 Deo
1561 2119 1754 2154 acceptabilem

972 2162 1039 2190 fore.
1054 2178 1089 2183 —-
1104 2162 1154 2190 Hic
1168 2163 1226 2190 dari
1243 2163 1295 2190 sibi
1310 2163 1388 2198 jubet
1406 2172 1460 2191 non
1473 2164 1597 2192 victimas
1608 2184 1615 2196 ,
1633 2165 1681 2192 sed
1695 2165 1755 2192 cul-

135 2202 184 2228 σὺν
205 2201 330 2237 αίσθήσει
354 2202 401 2228 καὶ
421 2201 549 2236 μετανοίᾳ
562 2210 569 2216 '
586 2201 619 2236 ἦν
635 2202 663 2228 ὲν
688 2202 748 2232 ταῖς
772 2200 918 2236 ἁμαρτίαις

974 2214 1029 2236 lum
1043 2209 1128 2236 animi
1141 2209 1243 2236 conscii
1264 2213 1291 2237 et
1313 2210 1443 2242 contriti,
1459 2218 1513 2244 quo
1530 2215 1689 2245 peccatores
1699 2219 1754 2238 non

134 2247 300 2283 ποιούμενοι,
328 2247 399 2274 ἴασιν
421 2247 542 2282 ἐδέχοντο
564 2246 691 2282 ψυχικὴν,
718 2247 749 2273 οὐ
774 2247 853 2282 μόνον
871 2246 920 2282 τὴν

134 2293 251 2321 ἐνταῦθα
265 2293 337 2329 ζωὴν
351 2294 457 2324 ἑαυτοῖς
471 2293 736 2328 πραγματευόμενοι.

175 2339 284 2374 Ἐπειδὴ
298 2339 338 2365 ἔτι
353 2339 447 2374 κέρδος
470 2339 570 2366 οίκεῐον
592 2340 606 2365 ὁ
629 2337 776 2374 μονογενὴς
797 2337 860 2369 Υἱὸς
873 2337 920 2364 τοῦ

135 2383 202 2410 Θεοῦ
228 2383 331 2410 τίθεται
354 2383 403 2420 τὴν
428 2383 564 2419 ἡμετέραν
590 2383 738 2418 σωτηρίαν,
762 2383 855 2418 διόπερ
875 2384 921 2409 καὶ

136 2430 215 2465 σῶμα
231 2429 356 2461 ἁνέλαῦε,
383 2429 431 2456 καὶ
456 2429 491 2456 τὰ
510 2429 581 2465 ὑπὲρ
612 2429 689 2464 ήμῶν
701 2428 804 2464 ὑπέστη
822 2428 894 2460 πάθη
913 2437 919 2444 '

135 2475 291 2510 ἀναγκαίως
311 2475 357 2502 καὶ
383 2475 461 2502 πόνον
481 2475 562 2502 αὑτοῦ
590 2474 761 2510 ἀφαιρεῖσθαι
786 2474 884 2508 φάσκει
907 2468 922 2500 ὁ

135 2521 216 2548 αὑτοῦ
231 2519 326 2555 Πατὴρ
347 2520 395 2555 τὴν
412 2518 550 2556 ἡμετέραν
567 2519 638 2546 ἴασίν
661 2528 691 2546 τε
708 2519 754 2546 καὶ
770 2519 919 2556 κάθαρσιν·

136 2566 183 2593 καὶ
199 2565 258 2601 φῶς
278 2565 353 2600 αὑτῷ
369 2565 453 2598 δεῖξαι
476 2565 521 2592 τὸν
541 2565 673 2600 ἡμέτερον
696 2564 846 2599 φωτισμὸν,
861 2563 921 2590 καθ’

135 2612 165 2638 ὃν
188 2612 416 2648 κατηυγαζὸμεθα
431 2612 498 2647 πρὸς
513 2611 677 2645 θεογνωσίαν
701 2611 748 2637 καὶ
763 2610 921 2644 ἐπίγνωσιν,

136 2658 322 2694 ἀμειϐομένων
345 2658 399 2686 τῶν
422 2658 495 2693 ἠθῶν
519 2658 565 2684 ἐπὶ
585 2657 615 2683 τὸ
635 2657 747 2692 βέλτιον,
773 2657 820 2685 καὶ
842 2665 922 2692 μετα.

137 2705 326 2739 πλαττομένων
348 2706 380 2740 τῇ
405 2704 452 2730 τοῦ
467 2703 535 2730 Θεοῦ
556 2702 670 2729 συνέσει.
690 2702 743 2729 Τοῦ
763 2701 922 2738 μονογενοῦς

137 2749 202 2777 Tini:
210 2750 257 2776 τοῦ
271 2750 337 2776 Θεοῦ
349 2750 408 2777 κατ’
421 2749 531 2785 ἐντολὴν
545 2749 680 2785 πατρικὴν
693 2750 779 2776 πάντα
793 2749 922 2784 πράττον-

171 2851 195 2867 "
208 2848 258 2878 lsa.
277 2857 335 2882 ιιιι,
352 2850 379 2877 7.

971 2263 1130 2290 corpoream
1145 2260 1250 2283 tantum
1263 2255 1356 2287 vitam,
1370 2256 1416 2283 sed
1428 2260 1455 2283 et
1466 2255 1637 2290 spiritualem
1652 2257 1755 2285 sanita-

972 2305 1025 2328 tem
1039 2305 1279 2335 consequerentur.

1006 2345 1090 2374 Vens.
1106 2347 1148 2375 11.
1164 2347 1231 2375 Cum
1245 2347 1360 2374 salutem
1375 2351 1496 2375 nostram
1514 2355 1583 2375 onus
1599 2356 1661 2376 esse
1673 2356 1754 2376 suum

971 2393 1138 2428 reputaverit
1153 2392 1310 2427 unigenitus
1334 2392 1383 2420 Dei
1407 2391 1493 2420 Filius
1503 2412 1510 2423 .
1528 2396 1555 2419 et
1569 2392 1630 2420 ideo
1644 2400 1754 2420 carnem

971 2438 1125 2473 susceperit
1148 2445 1180 2464 ac
1203 2445 1252 2472 pro
1278 2437 1356 2465 nobis
1384 2437 1421 2464 sit
1445 2445 1563 2472 passus,
1587 2442 1661 2466 recte
1687 2438 1755 2465 dicit

971 2484 1051 2512 Pater
1063 2492 1093 2512 se
1106 2484 1163 2512 nati
1178 2484 1286 2511 dolores
1300 2483 1418 2516 auferre,
1434 2491 1485 2512 nos
1495 2484 1617 2511 sanando
1633 2488 1660 2512 et
1677 2492 1756 2511 mun-

972 2531 1079 2564 dando;
1097 2530 1190 2565 adjicit
1204 2537 1234 2557 se
1248 2529 1392 2557 ostendere
1408 2530 1432 2556 ei
1446 2530 1547 2561 lucem,
1560 2529 1634 2556 illaut
1650 2529 1754 2556 scilicet

971 2585 1024 2612 qua
1042 2577 1187 2604 illuminati
1211 2576 1244 2603 ad
1270 2576 1411 2604 scientiam
1431 2580 1458 2603 et
1481 2575 1686 2611 intelligentiam
1707 2574 1752 2603 Dei

972 2622 1152 2655 illustrantur,
1176 2623 1296 2649 moribus
1312 2622 1340 2649 in
1364 2622 1462 2649 melius
1477 2621 1616 2649 conversis
1636 2625 1662 2648 et
1676 2620 1752 2654 juxta

971 2667 1019 2695 Dei
1034 2674 1169 2703 praecepta
1185 2669 1350 2696 informatis.
1374 2667 1519 2703 Unigenito
1533 2667 1579 2694 Dei
1595 2666 1675 2698 Filio,
1691 2674 1754 2694 cum

972 2712 1060 2739 Patris
1078 2713 1205 2740 mandata
1228 2713 1392 2748 perﬁcienda
1413 2717 1522 2744 essent,
1544 2716 1570 2740 et
1585 2712 1675 2740 onmis
1695 2712 1756 2745 ejus

973 2765 1050 2786 mens
1066 2758 1180 2788 ﬁdeliter
1196 2759 1332 2794 implenda
1343 2780 1350 2793 ,
1365 2767 1478 2788 necesse
1497 2764 1556 2787 erat
1578 2763 1606 2786 ut
1631 2758 1757 2786 Salvator
