1919 3075
155 136 223 164 1550

733 128 905 158 THEODORI
925 126 1186 156 llERACLEENSlS

1717 127 1789 156 1⁵560

154 192 260 220 mantili
274 199 303 220 se
317 192 455 226 cingeret,
477 193 504 217 et
525 197 623 224 aquam
640 188 796 216 infunderet
811 188 839 214 in
855 186 940 213 label-

1004 194 1046 217 ος,
1073 186 1121 212 καὶ
1148 187 1182 221 τῇ
1203 186 1309 221 ὑπακοῇ
1338 184 1505 220 πληροῦντος
1539 186 1630 212 πᾶσαν
1668 184 1786 212 ἔννοιαν.

155 239 230 271 lum,
252 242 403 273 cunctaque
429 244 571 264 servorum
598 243 712 263 munera
737 235 850 262 subiret.
874 234 940 266 Qua:

155 284 247 312 omnia
271 284 356 311 Filius
376 283 467 311 studio
492 283 638 318 praestitit,
663 281 756 308 cibum
777 288 857 308 suum
881 287 942 306 esse

155 338 292 360 asserens.
311 335 341 357 ut
356 330 436 357 faciat
451 330 618 356 voluntatem
631 327 721 355 Patris
732 328 766 355 “.

193 465 275 493 Vens.
292 465 335 492 12.
355 464 500 492 Possessio
517 463 578 491 Filii
592 468 725 491 vocantur
743 462 900 499 quicunque
915 462 941 489 in

155 520 217 540 eum
233 512 362 545 credunt,
387 520 437 539 nec
454 512 590 538 immerito
611 510 720 538 eosdem
746 514 824 537 antea
842 509 941 536 diaboli

157 559 244 594 spolia
267 559 353 586 fuisse
378 558 492 585 dixeris.
514 557 582 584 Cum
607 557 765 591 unigenitus
791 556 836 583 Dei
855 555 942 583 Filius

156 606 274 632 mirabili
291 605 480 633 incarnatione
495 612 545 631 sua
560 611 657 631 omnes
674 602 707 630 ad
731 602 820 629 Patris
840 606 867 630 et
880 601 941 629 Filii

157 653 321 688 agnitionem
354 651 515 683 deduxerit,
542 651 575 677 ab
601 650 743 678 erroribus
772 654 798 677 et
827 649 943 685 imperio

157 698 256 725 diaboli
270 698 399 725 liberatos
411 706 424 730 ,·
435 705 514 730 quem
533 696 628 723 fortem
644 703 706 724 esse
725 699 851 723 errantes
866 696 942 731 prius

158 744 372 775 existimabant,
395 748 469 771 recte
484 752 534 770 nos
561 743 594 770 ab
611 750 644 770 eo
668 743 803 777 possideri
825 742 943 769 dicimur

158 791 304 832 participes
323 791 383 825 ejus
397 790 504 822 allecti,
521 790 638 824 spoliato
655 790 774 823 diabolo,
795 790 839 816 cui
856 789 944 816 inser-

158 839 214 866 vire
228 838 351 866 videbam
358 846 398 864 ur.

194 917 259 945 CAP.
277 917 344 949 LIV,
362 916 443 944 Vens.
464 918 488 944 Ι.
515 917 579 950 Οιιιο
593 925 640 952 per
657 921 816 952 anagoglam
831 917 864 944 de
886 917 944 944 sin-

159 965 228 999 gulis
240 964 337 991 animis
362 965 451 991 valent
473 965 514 991 sui
531 964 696 996 incuriosis;
713 964 864 998 praesertim
880 971 944 990 vero

158 1010 192 1037 de
209 1011 348 1038 vocatione
361 1011 480 1046 gentium
503 1018 564 1046 quae
575 1031 582 1042 ,
608 1010 750 1037 Salvatore
765 1010 925 1037 adveniente
935 1031 942 1043 ,

159 1057 287 1091 augenda:
301 1062 327 1083 et
342 1057 558 1092 Inultiplicandze
573 1061 664 1086 erant.

194 1103 276 1130 Vens.
290 1103 318 1130 2.
337 1102 402 1136 Quae
417 1103 525 1138 quidem
543 1103 576 1130 ad
595 1104 681 1138 ipsam
702 1102 854 1130 Jerusalem
874 1102 944 1130 refe-

159 1149 260 1181 renda,
283 1153 344 1184 post
367 1149 550 1183 captivitatem
576 1149 745 1184 augendam;
765 1150 864 1177 rectius
880 1157 944 1177 vero

159 1195 192 1222 ad
218 1195 292 1230 ipsas
317 1195 448 1223 ecclesias
476 1195 600 1230 quotidie
622 1195 750 1223 dilatatas
773 1199 800 1223 et
829 1195 931 1231 amplili

159 1246 245 1273 catast.
268 1242 460 1269 accedentibus
474 1249 651 1277 quoscunque
667 1242 752 1277 gratia
769 1241 816 1269 Dei
839 1249 938 1277 permo

158 1288 245 1319 verit;
272 1288 405 1323 intelliges
428 1289 510 1315 etiam
540 1296 572 1315 ea
603 1289 637 1315 de
666 1295 829 1323 quacunque
855 1288 944 1314 anima

159 1334 265 1369 egregie
279 1333 405 1361 mandata
420 1333 465 1361 Dei
481 1334 648 1369 perficiente.

196 1425 279 1454 Vens.
296 1427 322 1453 '5.
344 1426 477 1461 Loquitur
494 1427 540 1454 hic
555 1434 637 1455 sensu
660 1428 811 1463 anagogico
831 1427 866 1455 de
883 1435 946 1462 gen-

161 1473 250 1505 tibus,
273 1473 307 1500 ab
323 1473 406 1500 Israel
428 1481 484 1500 non
500 1477 528 1500 ut
544 1478 656 1509 pereant
676 1474 786 1509 quidem
803 1474 946 1508 possiden-

992 231 1138 258 ἀκόλουθον
1158 231 1205 258 καὶ
1226 231 1256 257 τὸ
1274 231 1455 267 περιεζῶσθαι
1471 231 1573 258 λέντιον
1589 232 1634 258 τὸν
1653 232 1786 267 Σωτῆρα.

992 277 1038 303 καὶ
1065 276 1136 311 ὕδωρ
1162 276 1251 311 βαλεῖν
1278 279 1317 309 εἰς
1339 278 1385 304 τὸν
1411 278 1549 312 νιπτῆρα,
1573 278 1620 304 καὶ
1643 278 1694 313 τὴν
1717 277 1787 312 προς

993 322 1081 349 πάντα
1099 323 1220 350 δουλείαν
1238 323 1433 355 ἀναδέξασθαι·
1447 320 1487 355 οἷς
1503 324 1570 349 πᾶσι
1582 323 1739 358 γενομένοις
1756 324 1788 349 ἐκ

993 369 1147 404 προθυμίας
1172 369 1276 401 παιδὸς,
1302 369 1402 404 βρῶσιν
1430 369 1458 396 δὲ
1481 369 1656 404 λογιζομένου
1682 369 1788 404 ὑπηρε-

993 415 1097 442 τεῖσθαι
1110 417 1167 447 τοῖς
1183 416 1228 442 τοῦ
1242 415 1348 451 Πατρὺς
1364 415 1509 450 θελήματι.

1028 463 1201 500 Κληρονομία
1222 462 1287 489 Υίοῦ
1305 462 1427 496 λέγονται
1446 461 1545 494 πάντες
1561 463 1585 488 oi.
1607 463 1786 494 πιστεύοντες

993 511 1033 541 εἰς
1050 509 1140 540 αὑτὸν,
1157 509 1251 544 ὥσπερ
1265 508 1312 534 καὶ
1325 507 1540 543 προγεγενῆσθαι
1558 508 1643 534 σκῦλα
1660 508 1784 539 δικαίως,

993 553 1024 579 ἄν
1041 562 1083 585 τις
1098 554 1168 580 εἴποι
1182 553 1228 580 τοῦ
1248 553 1386 579 διαϐόλου.
1413 553 1520 588 Ἐπειδὴ
1537 553 1626 579 τοίνυν
1640 555 1655 580 ό
1671 563 1786 588 μονογε-

993 599 1041 635 νὴς
1058 599 1121 630 Υἱὸς
1141 599 1188 625 τοῦ
1206 598 1274 625 Θεοῦ
1292 600 1324 634 τῇ
1350 599 1492 634 θαυμαστῇ
1517 599 1659 635 οἰκονομία
1681 601 1788 631 πάντας

992 645 1149 680 ᾠκειώσατο
1166 647 1206 677 εἰς
1219 645 1268 681 τὴν
1283 645 1390 681 Πατρὸς
1402 646 1448 672 καὶ
1462 644 1526 672 Υἱοῦ
1537 646 1647 679 γνῶσιν,
1664 646 1790 672 ἀποσπα-

995 701 1044 723 ea;
1058 692 1108 726 τῆς
1123 692 1227 726 πλάνης
1240 692 1286 718 καὶ
1300 691 1349 726 τῆς
1362 691 1518 726 τυραννίδος
1533 692 1579 718 τοῦ
1595 692 1722 718 διαϐόλου
1735 713 1742 724 ,
1758 693 1789 718 ὃν

996 738 1104 773 ἰσχυρὸν
1119 737 1234 773 ἡγοῦντο
1250 735 1318 763 εἶναι
1335 738 1359 763 οἱ
1373 737 1402 763 τὸ
1417 737 1482 771 πρὶν
1496 737 1684 772 πλανώμενοι·
1703 739 1790 770 ἀναγ-

994 785 1079 816 καίως
1095 783 1208 816 τούτους
1223 783 1476 819 κεκληρονομῆσοαι
1494 784 1592 817 φάσκει
1615 784 1715 818 μερίδα
1739 785 1789 810 αὺ-

995 830 1040 856 τοῦ
1058 830 1233 865 γεγενῆσθαι,
1258 829 1451 861 σκυλευθέντος
1467 830 1514 856 τοῦ
1528 829 1670 861 δοκοῦντος
1689 830 1789 861 αὖτοίς

995 877 1106 911 κρατεῖν
1120 875 1254 902 διαϐόλου.

1030 921 1122 948 Ταῦτα
1147 922 1218 948 κατὰ
1245 922 1389 957 ἀναγωγην
1416 921 1462 948 καὶ
1489 923 1530 953 εἰς
1555 922 1674 957 ἑκάστην
1698 922 1789 957 ψυχὴν

994 967 1154 1002 ὲκληπτέον,
1170 967 1346 1003 ἀμελήσασαν
1361 968 1476 1003 ἑαυτῆς·
1490 968 1520 994 οὐ
1535 967 1588 1003 μὴν
1602 967 1670 994 ἀλλὰ
1687 969 1735 994 καὶ
1750 970 1789 999 εἰς

994 1013 1043 1047 τὴν
1058 1013 1152 1048 κλῆσιν
1167 1013 1220 1039 τῶν
1236 1013 1320 1040 ἐθνῶν
1334 1013 1507 1048 αὐξηθέντων
1522 1015 1569 1040 καὶ
1585 1013 1788 1049 πληρωθέντων

995 1061 1047 1086 ἀπὸ
1063 1061 1112 1096 τῆς
1125 1060 1171 1087 τοῦ
1187 1061 1311 1096 Σωτῆρος
1326 1061 1477 1096 παρουσίας

1030 1106 1084 1133 Καὶ
1098 1106 1184 1134 ταῦτα
1199 1107 1242 1133 ἐπ’
1261 1107 1345 1142 αὐτῆς
1359 1107 1407 1142 τῆς
1428 1107 1579 1143 Ἰερουσαλὴ
1584 1116 1603 1142 μ
1617 1107 1770 1143 ὲκληπτέον
1779 1128 1787 1139 ,

995 1152 1146 1188 αὐξομένης
1179 1152 1246 1187 μετὰ
1272 1153 1321 1188 τὴν
1343 1153 1545 1188 αἰχμαλωσίαν·
1571 1153 1740 1189 κυριώτερον
1759 1154 1788 1180 δὲ

995 1198 1037 1224 ἐπ’
1051 1198 1140 1226 αὐτῶν
1154 1198 1208 1224 τῶν
1227 1198 1393 1234 Ἐκκλησιῶν
1413 1200 1550 1235 ὁσημέραι
1575 1199 1788 1234 πλατυνομένων

996 1245 1041 1271 καὶ
1056 1245 1175 1271 ἐπίδοσιν
1195 1245 1391 1280 λαμϐανουσῶν
1419 1245 1462 1272 διὰ
1490 1245 1543 1271 τῶν
1564 1245 1788 1281 προστιθεμένων

995 1291 1028 1325 τῇ
1050 1290 1141 1325 χάριτι
1177 1289 1224 1316 τοῦ
1259 1289 1342 1317 Θεοῦ·
1380 1291 1480 1316 νοεῖται
1511 1290 1540 1316 δὲ
1575 1290 1622 1316 καὶ
1656 1291 1696 1321 εἰς
1722 1290 1787 1316 ἑκά-

997 1343 1063 1371 στην
1084 1335 1172 1371 ψυχὴν
1193 1336 1372 1363 συντελοῦσαν
1396 1337 1436 1367 εἴς
1459 1345 1483 1362 τι
1507 1336 1561 1362 τῶν
1584 1336 1635 1370 τῆς
1656 1336 1788 1371 ἀληθείας

996 1382 1086 1409 καλῶν
1091 1403 1097 1409 .

1032 1430 1112 1464 Λέγει
1127 1429 1155 1455 δὲ
1169 1429 1217 1456 καὶ
1231 1428 1301 1455 κατὰ
1319 1428 1466 1464 ἀναγωγὴν
1481 1427 1543 1464 περὶ
1556 1428 1610 1454 τῶν
1629 1427 1716 1454 ὲθνῶν
1733 1427 1789 1454 τῶν

1000 1475 1150 1511 μελλόντων
1173 1474 1210 1509 μὴ
1230 1474 1269 1506 εἰς
1294 1474 1408 1500 θάνατον
1425 1473 1652 1509 κληρονομεῖσθαι
1676 1473 1722 1500 ὑπ’
1742 1473 1789 1499 αὑ-

161 1520 215 1552 dis,
233 1520 280 1547 sed
297 1523 326 1546 ut
341 1527 394 1546 una
412 1519 463 1547 [ide
478 1520 622 1547 credentes
637 1527 699 1547 cum
717 1520 779 1554 ipso
794 1520 946 1548 salventur.

1004 1521 1063 1554 τῶν,
1087 1521 1144 1548 ἀλλ’
1178 1522 1217 1552 είς
1254 1520 1426 1556 περιποίησιν
1455 1520 1502 1546 καὶ
1540 1519 1679 1555 σωτηρίαν
1710 1520 1786 1554 κοινῇ

200 1609 281 1637 Vsus.
299 1610 323 1636 7.
342 1610 448 1638 Cuncta
479 1618 509 1638 se
531 1610 603 1637 mala
623 1611 755 1638 oblivioni
780 1611 945 1638 traditurum

162 1658 274 1686 indicat.
292 1657 338 1684 Sic
357 1657 429 1685 enim
455 1657 543 1692 inquit
562 1666 568 1684 :
587 1657 754 1685 (Iondonabo
768 1658 947 1693 negligentias

163 1709 233 1734 tuas.
246 1708 276 1730 ut
288 1705 343 1738 jam
355 1711 408 1730 non
419 1703 535 1738 amplius
552 1703 599 1730 tibi
616 1710 708 1730 earum
725 1703 884 1730 memoriam
900 1710 931 1730 ex

163 1750 300 1784 probrem,
327 1749 401 1784 quod
430 1748 518 1776 facere
536 1748 623 1776 solent
638 1749 684 1783 qui
705 1749 797 1783 lapsas
819 1748 948 1777 mulieres

163 1794 196 1821 ad
211 1798 317 1829 tempus
334 1794 471 1829 rejieiuut.

200 1839 281 1867 Vens.
293 1840 336 1868 tl.
353 1840 553 1868 lnclementiam
567 1840 611 1867 hic
621 1839 947 1868 dcclaratClmldzeorum.

164 1886 269 1921 Quippe
288 1887 344 1921 qui,
358 1894 456 1914 munus
470 1893 533 1913 cum
551 1886 722 1921 accepissent
739 1893 754 1912 a
772 1885 826 1912 Deo
840 1886 948 1913 lsracli—

163 1935 204 1959 tas
223 1937 331 1966 propter
355 1935 467 1967 peccata
494 1931 640 1965 puniente,
665 1938 714 1958 sua
731 1930 812 1957 etiam
837 1931 949 1959 uoidine

163 1979 301 2012 graviores
328 1979 355 2005 in
381 1985 429 2005 eos
453 1984 548 2012 poenas
566 1977 790 2012 excogitaverunt
816 1981 842 2004 et
861 1978 949 2005 inten-

164 2025 272 2053 derunt.

202 2070 283 2097 Vens.
299 2070 339 2096 ΓΙ.
356 2069 397 2096 Nil
408 2069 579 2104 profecturos
594 2069 714 2097 hostium
731 2070 858 2097 incursus
870 2069 948 2102 dicit,

164 2116 224 2151 ipso
243 2115 390 2142 Jerusalem
404 2119 579 2150 protegente;
593 2123 647 2142 non
667 2115 740 2142 enim
753 2115 853 2142 valebit
869 2122 950 2142 omne

164 2169 213 2189 vas
229 2161 328 2189 hostile
342 2161 368 2188 in
385 2169 452 2194 vos;
469 2161 626 2195 vosmetipsi
643 2160 818 2196 superabitis.

201 2251 266 2278 Cu.
282 2249 337 2283 LV,
355 2250 438 2278 Vens.
455 2251 482 2277 2.
506 2251 622 2278 Paratus
639 2256 681 2279 est
697 2251 829 2280 Dominus
845 2253 879 2280 ad
899 2253 950 2281 du-

167 2297 269 2325 cendos
282 2297 418 2330 homines,
436 2297 469 2325 ad
486 2306 533 2326 eos
544 2298 622 2326 bonis
637 2298 779 2327 donandos
795 2300 950 2328 misericors

167 2343 256 2377 Deus;
279 2351 330 2371 nec
349 2344 421 2371 dona
447 2345 614 2380 temporaria
640 2345 721 2374 modo
747 2345 792 2373 hic
816 2353 846 2373 se
872 2347 952 2374 nobis

166 2389 328 2425 largiturum
357 2390 517 2423 annuntiat,
548 2391 593 2418 sed
620 2395 647 2419 et
674 2395 775 2419 mtcrna
805 2392 833 2419 in
857 2393 949 2426 omlo;

168 2436 235 2463 nihil
248 2435 321 2463 aliud
336 2444 351 2463 a
372 2437 452 2464 nobis
472 2437 619 2471 deposcet,
641 2438 695 2465 nisi
711 2438 832 2465 animum
845 2443 952 2474 gratum

168 2486 194 2509 et
208 2482 324 2510 docilem
336 2502 343 2516 ,
360 2483 468 2510 docenti
481 2484 697 2511 consentientem
706 2505 713 2518 ,
727 2487 754 2512 et
768 2485 877 2512 vocanti
891 2493 951 2512 cum

169 2528 261 2556 studio
277 2531 498 2564 respondentem.

207 2573 287 2602 Vens.
304 2575 331 2603 ‘5.
347 2575 467 2604 Auribus
482 2576 621 2604 attendere
634 2577 697 2604 dum
710 2577 804 2612 jubet,
822 2585 876 2605 non
894 2585 956 2605 sen—

171 2628 218 2648 sus
232 2622 355 2656 corporis
372 2622 514 2650 intendere
532 2623 651 2651 videtur.
669 2623 737 2650 Nam
755 2625 844 2652 oculis
868 2629 956 2653 atten-

171 2666 283 2700 dentes,
299 2668 396 2696 iisdem
417 2669 512 2696 audire
531 2678 585 2696 non
609 2671 752 2703 valemus;
772 2679 823 2699 nec
842 2673 956 2700 auribus

174 2713 342 2746 attendenti,
361 2715 456 2743 iisdem
477 2717 570 2744 videre
595 2717 668 2744 licet.
705 2717 782 2750 Quod
813 2719 894 2745 etiam
924 2719 956 2746 de

174 2760 278 2787 caeteris
307 2763 430 2796 corporis
446 2763 571 2791 sensibus
594 2764 675 2791 valet.
693 2763 752 2797 Quo
772 2769 879 2792 constat
895 2774 956 2792 eum

212 2841 234 2857 "
242 2841 321 2869 'Joan.
345 2849 380 2874 tv,
393 2843 436 2869 54.

999 1568 1202 1594 πιστευσάντων
1218 1566 1272 1593 τῶν
1288 1566 1380 1592 ἐθνῶν.

1034 1614 1070 1640 Τὸ
1086 1611 1274 1647 ἀμνησίκακον
1287 1611 1333 1637 τοῦ
1347 1610 1414 1637 θεοῦ
1430 1610 1476 1637 καὶ
1492 1611 1520 1637 ἐν
1538 1609 1625 1644 τούτῳ
1639 1609 1766 1645 δηλοῦται
1779 1618 1786 1624 ·

997 1659 1069 1686 οὕτω
1088 1659 1141 1694 γάρ
1157 1666 1233 1693 (mar
1252 1657 1425 1692 Συγχωρήσω
1439 1656 1473 1682 τὰ
1491 1656 1719 1691 πλημμελήματά
1735 1664 1786 1688 σοι,

999 1706 1035 1737 ὼς
1053 1705 1119 1740 μηδὲ
1141 1705 1180 1736 εἰς
1203 1704 1355 1739 ὑπόμνησιν
1372 1702 1461 1729 αὐτῶν
1479 1710 1543 1728 ποτε
1563 1702 1674 1728 ἐλθόντα
1691 1702 1789 1728 ὀνειδί-

1000 1760 1044 1778 σαι
1055 1759 1062 1764 ·
1078 1750 1204 1786 καθάπερ
1219 1749 1341 1776 ποιοῦσιν
1355 1750 1378 1775 οἱ
1395 1749 1527 1783 γυναῖκας
1544 1747 1722 1783 ἁμαρτούσας
1735 1747 1789 1773 ὀλί-

999 1807 1046 1832 γον
1066 1796 1278 1833 ἀπορρίψαντες.

1034 1843 1090 1878 Τῆς
1105 1842 1300 1877 ἀπανθρωπίας
1313 1841 1428 1868 ἐνταῦθα
1441 1843 1632 1878 κατηγορεῖται
1645 1841 1700 1868 τῶν
1717 1841 1790 1868 Χαλ‹

998 1890 1091 1922 δαίων,
1105 1888 1241 1916 λαϐόντων
1263 1889 1312 1924 μὲν
1336 1887 1412 1924 παρὰ
1435 1887 1482 1914 τοῦ
1503 1888 1570 1914 Θεοῦ
1594 1888 1625 1914 τὸ
1646 1887 1789 1922 ἐνδόσιμον

999 1937 1045 1964 τοῦ
1059 1935 1267 1972 τιμωρήσασθαι
1287 1936 1349 1967 τοὺς
1369 1935 1538 1971 Ἰσραηλίτας
1552 1934 1596 1962 διὰ
1609 1934 1644 1961 τὰ
1660 1935 1791 1970 πλημμε-

999 1983 1113 2018 ληθέντα
1128 1983 1227 2014 αὐτοῖς,
1246 1981 1316 2017 ἰσχύϊ
1333 1981 1362 2007 δὲ
1383 1981 1435 2016 ίδίᾳ
1456 1981 1642 2016 λογισαμένων
1663 1986 1711 2007 και
1732 1982 1791 2007 ἐπι-

1000 2028 1140 2055 τεινόντων
1156 2028 1247 2059 αὐτοῖς
1263 2027 1298 2054 τὰ
1314 2027 1397 2054 δεινά.

1035 2075 1090 2111 Τὴν
1103 2075 1178 2110 παρὰ
1191 2074 1244 2101 τῶν
1258 2073 1395 2109 πολεμίων
1414 2073 1507 2108 ἔφοδον
1526 2073 1576 2108 τῆς
1591 2073 1674 2099 αὑτοῦ
1700 2073 1788 2108 ῥοπῆς

1001 2119 1140 2156 παρούσης
1156 2120 1247 2150 αὐτοῖς
1268 2119 1443 2154 ἁδυνατήσειν
1467 2118 1558 2152 λέγει’
1576 2117 1635 2144 οὐδὲ
1655 2117 1710 2153 γὰρ
1736 2118 1790 2143 πᾶν

1003 2167 1097 2198 σκεῦος
1110 2165 1257 2201 πολεμικὸν
1274 2165 1377 2200 ίσχύσει
1398 2165 1459 2191 καθ’
1474 2163 1568 2199 ὑμῶν’
1582 2164 1662 2198 ὑμεῖς
1678 2172 1790 2198 περιτε-

966 2200 989 2228 Ῐ)
1003 2212 1116 2238 vitasse;
1132 2211 1219 2246 ὑμῶν.

1037 2259 1164 2293 Ἔτοιμος
1183 2257 1220 2284 ὢν
1248 2256 1315 2292 πρὸς
1336 2255 1385 2287 τὰς
1404 2255 1561 2291 χορηγίαςδ
1576 2254 1726 2289 Δεσπότης,
1743 2254 1790 2280 καὶ

1002 2305 1090 2340 βρύων
1107 2305 1162 2335 τοῖς
1181 2303 1293 2337 ἀγαθοῖς
1318 2303 1332 2329 ὁ
1357 2301 1545 2336 φιλάνθρωπος
1563 2300 1645 2332 Θεός·
1660 2300 1691 2326 οὒ
1709 2299 1789 2334 μόνον

1000 2352 1056 2387 γὰρ
1074 2350 1108 2377 τὰ
1124 2348 1240 2376 ἐνταῦθα
1263 2347 1354 2382 ἀγαθὰ
1372 2346 1570 2381 ἐπαγγέλλεται
1589 2345 1698 2377 δώσειν,
1722 2344 1790 2371 ἀλλὰ

1001 2398 1048 2424 καὶ
1067 2396 1121 2423 τῶν
1136 2394 1282 2432 μετέπειτα
1298 2394 1414 2421 αἰωνίων
1426 2392 1536 2428 δωρεῶν
1550 2392 1599 2427 τὴν
1617 2391 1769 2418 ἀπόλαυσιν
1782 2399 1789 2404 ·

1002 2443 1077 2470 οὐδὲν
1090 2442 1182 2478 ἕτερον
1196 2441 1306 2468 ἀπαιτεί
1321 2440 1337 2475 ἢ
1356 2439 1515 2474 εὐγνώμονα
1527 2437 1677 2473 ἀκροατὴν,
1691 2437 1791 2463 συνιένο

1003 2498 1037 2516 τα
1056 2489 1103 2525 μὲν
1125 2487 1159 2514 τὰ
1180 2487 1324 2522 λεγόμενα,
1342 2485 1543 2521 προστρέχοντα
1562 2484 1591 2510 δὲ
1610 2483 1649 2519 τῷ
1663 2482 1791 2510 καλοῦντι

1005 2535 1063 2570 μετ’
1078 2533 1193 2565 εὐνοίας.

1040 2580 1076 2606 Τὸ
1093 2579 1238 2614 προσέχειν
1251 2577 1318 2604 ὠσὶν
1333 2577 1370 2609 ὡς
1384 2574 1449 2612 ἧκεν
1464 2577 1503 2606 εἰς
1527 2575 1576 2606 τὰς
1593 2574 1641 2601 τοῦ
1664 2573 1792 2608 σώματος

1006 2627 1149 2662 αἰσθήσεις
1169 2623 1346 2652 ἀνακόλουθον
1362 2621 1431 2649 εἶναι
1453 2622 1540 2648 δοκεῖ·
1566 2620 1716 2655 ὀφθαλμοῖς
1738 2619 1791 2654 γὰρ

1006 2672 1193 2709 προσέχοντες,
1216 2672 1272 2702 τοῖς
1292 2670 1384 2701 αὐτοῖς
1401 2668 1447 2695 καὶ
1468 2667 1576 2695 ἀκούειν
1591 2667 1620 2693 οὺ
1637 2665 1791 2701 δυνάμεθα·

1006 2708 1052 2745 καὶ
1077 2718 1143 2744 ὠσὶν
1166 2715 1321 2747 ἀκούοντες,
1343 2714 1447 2745 τούτοις
1475 2712 1583 2748 βλέπειν
1613 2711 1662 2746 οὐχ
1692 2708 1744 2736 οἷοί
1763 2709 1793 2735 τέ

1006 2766 1088 2800 ἐσμεν
1100 2773 1108 2780 ·
1123 2762 1223 2798 ὁμοίως
1238 2762 1266 2788 δὲ
1288 2760 1336 2787 καὶ
1359 2760 1405 2786 ἐπὶ
1424 2758 1478 2785 τῶν
1493 2757 1580 2785 ἄλλων
1594 2755 1649 2783 τῶν
1667 2755 1739 2782 κατὰ
1762 2754 1793 2781 τὸ
