1919 3075
135 124 200 154 1561

851 135 883 162 IN
903 135 1029 163 ISAIAM.

1697 144 1764 172 1362

135 184 217 220 σῶμα
245 185 414 220 cher,wa
439 188 478 220 ὡς
504 189 535 215 ὲκ
565 191 659 216 τούτου
682 191 835 220 δείκνυσθαι
863 203 925 230 συμ-

980 196 1058 224 nobis
1073 198 1233 230 consulere,
1250 202 1279 224 ut
1297 199 1384 226 oculis
1401 199 1483 226 animi
1499 203 1686 234 attermamus,
1703 202 1764 236 qui-

135 230 273 264 βουλεύειν
296 232 386 264 αὐτοῖς
409 234 553 270 προσέχειν
567 235 637 262 κατά
652 238 714 269 τοὺς
737 238 787 272 τῆς
807 238 942 271 διανοίας’

133 276 302 312 ὁςθαλμοὺς,
319 278 380 304 καθ’
396 278 443 311 οὓς
459 280 504 306 καὶ
518 281 628 308 ἀκούειν
639 282 750 309 δυνατόν
760 292 767 299 ·
783 284 854 320 ἁπλῆ
869 285 925 321 γάρ

133 330 177 353 τις
189 320 254 348 οὖσα
271 323 287 358 ἡ
306 323 378 359 ψυχὴ
395 325 441 351 καὶ
458 327 594 362 μονοειδὴς
608 327 656 363 τὴν
673 328 762 363 φύσιν,
781 331 830 365 μιᾷ
847 330 925 358 δυνά-

134 376 182 402 μει
199 367 228 394 τό
241 377 270 394 τε
283 369 392 396 ἀκούειν
409 372 455 397 καὶ
473 373 538 408 ὁρᾷν
554 373 694 410 κέκτηται.

177 414 245 440 Ἀλλ’
269 415 334 447 ἴσως
357 419 518 453 στενοχωρεῖ
543 419 624 454 ὑμᾶς,
653 421 699 448 καὶ
724 421 822 448 κωλύει
850 423 924 458 αὐτῷ

132 462 303 495 προσφυγεῖν
321 462 350 488 τὸ
369 462 469 498 πλῆθος
482 464 534 490 τῶν
551 465 691 501 ἁμαρτιῶν
707 467 753 493 καὶ
771 467 800 494 τι
819 469 858 500 εἰς
878 469 925 495 αὐ-

131 506 180 533 τὸν
202 507 382 543 ἠσεϐηκέναι·
400 510 458 536 ἀλλ’
483 511 543 537 ούδέ
562 521 612 538 που
635 513 704 548 μέγα
729 513 843 550 κώλυμα
861 517 924 551 ὑμῖν

133 555 270 586 φανεῖται,
289 555 312 580 εί
329 555 373 581 τὸν
396 555 477 582 αὑτοῦ
499 556 572 583 ἔλεον
594 557 696 592 ἄφατον
721 559 784 585 ὄντα
808 559 925 596 ἐνθυμη-

132 600 210 635 θῆτε.
226 601 262 626 Οὐ
278 600 330 635 γὰρ
344 601 461 633 τοσαῦτα
480 602 556 629 ἔσται
570 603 646 638 ὑμῶν
661 604 692 630 τὰ
707 606 789 636 mli,
803 605 840 637 ὼς
853 607 926 641 νικῆ-

134 655 181 673 σαι
196 647 242 673 καὶ
256 648 418 683 ὑπερϐαλεῖν
430 648 477 684 τὴν
494 649 577 675 αὐτοῦ
595 650 798 686 φιλανθρωπίαν
811 660 817 666 ·
842 653 925 684 πολὺς

132 693 188 728 γὰρ
209 693 246 720 ὢν
265 695 293 720 ὲν
315 695 476 730 οἰκτιρμοῖς,
494 696 592 731 πολλὴν
614 697 660 723 καὶ
680 698 729 733 τὴν
754 698 849 732 ἄφεσιν
871 699 924 725 τῶν

132 740 278 775 ἁμαρτιῶν
291 741 366 776 ὑμῶν
380 742 537 776 ποιήσεται·
551 743 596 769 καὶ
607 743 693 775 οὕτως
706 744 777 779 ὑμᾶς
789 745 925 781 καθαροὺς

133 785 281 818 ἀποδείξει,
306 786 343 818 ὡς
368 786 434 822 μηδὲ
459 786 531 822 [χνος
555 787 688 819 σώζεσθαι
709 789 764 815 τῶν
786 790 925 825 προτέρων

134 833 150 857 ὑ
155 831 213 866 μῶν
227 833 282 867 ἁμα
287 841 334 868 ρτη
340 833 440 868 μάτων.

171 878 226 914 Τὴν
239 879 284 905 ἐπὶ
296 880 354 910 ταῖς
374 879 494 911 ἐντολαῖς
510 880 556 906 τοῦ
574 881 657 916 νόμον
672 881 776 908 εὐοδίαν
794 881 923 918 παρέξειν

132 924 227 955 αὐτοῖς
242 925 437 959 ἐπαγγέλλεται
449 926 525 959 Θεὸς,
546 927 626 962 μόνον
640 928 663 953 εἰ
680 928 791 959 ἑαυτοὺς
808 929 926 964 ἐργάτας

133 969 226 996 αὐτῶν
244 969 329 1002 δεῖξαι
349 970 533 1005 ἐθελήσουσιν,
549 971 630 998 αὐτοῦ
645 972 825 1008 χορηγοῦντος
850 974 925 1008 ίσχὺν

133 1016 204 1050 πρὸς
216 1015 245 1042 τὸ
262 1016 414 1043 ἐπιτελέσαι
435 1017 544 1049 ταύτας.
562 1018 598 1044 Οὐ
619 1018 672 1053 μὴν
689 1018 756 1044 ἀλλὰ
774 1019 820 1045 καὶ
835 1018 882 1054 τὴν
894 1020 926 1046 ἐκ

133 1063 185 1098 τῆς
207 1063 395 1098 αἰχμαλωσίας
418 1063 510 1090 ἄνοδον
531 1063 616 1096 οὕτως
635 1064 724 1096 ἔδοξεν
742 1065 839 1096 αὐτοὺς
863 1066 926 1097 τοὺς

134 1108 266 1141 ἀφιέντας
283 1109 417 1143 τοσαύτην
434 1109 578 1136 ἀναλαϐεῖν
592 1109 746 1145 προθυμίαν
761 1110 809 1145 τῆς
825 1110 926 1137 τούτων

134 1154 290 1188 ἐκπομπῆς,
306 1154 344 1185 ὡς
360 1154 429 1189 μετὰ
445 1154 608 1190 δορυφορίας
623 1156 668 1181 καὶ
681 1155 842 1191 ὀδηγήσειν·
858 1156 926 1191 ὅπερ

134 1199 182 1225 ἐπὶ
195 1199 285 1234 Κύρου
299 1199 344 1226 τοῦ
369 1200 499 1234 βασιλέως
511 1200 623 1236 Περσῶν
639 1200 800 1237 ἐπληροῦτο,
817 1210 927 1237 τρανου-

138 1244 222 1278 μένης
237 1245 286 1279 τῆς
300 1244 347 1270 τοῦ
364 1244 431 1270 Θεοῦ
440 1246 525 1280 ῥοπῆς
535 1254 541 1259 ·
554 1246 599 1272 καὶ
611 1246 654 1271 ἐπ’
668 1246 757 1272 αὐτῶν
774 1246 827 1272 τῶν
841 1247 926 1282 ὀρέων

134 1290 164 1316 ὲν
192 1291 224 1325 τῇ
252 1291 354 1316 τούτων
378 1291 483 1326 κινήσει
503 1291 550 1326 τὴν
577 1291 737 1326 ἀγαλλίασιν
752 1292 925 1324 δεικνύντων,

135 1336 176 1362 ἑτι
199 1336 251 1372 μὴν
285 1336 333 1362 καὶ
369 1336 456 1363 ἄλλων
480 1337 600 1372 σημείων
630 1338 924 1373 παρακολουθούντων·

135 1381 229 1417 ὥσπερ
260 1381 314 1417 γὰρ
339 1382 385 1408 ἐπὶ
409 1381 458 1418 τὴν
480 1381 582 1418 ἔρημον
609 1382 728 1409 διιόντων
756 1382 925 1418 ὑπεχώρειὴ

142 1427 259 1464 Ἐρυθρὰ
269 1427 401 1460 θάλασσα,
425 1428 522 1460 οὕτως,
547 1428 670 1460 ἐξιόντων
687 1429 739 1455 ἀπὸ
756 1429 803 1464 τῆς
826 1429 926 1464 αἰχμα-

135 1474 246 1506 λωσίας,
268 1475 412 1511 ἱστορεῖται
432 1475 477 1501 τὸν
494 1475 589 1511 Τίγριν
607 1476 728 1510 ποταμὺν
748 1476 808 1502 ποδὶ
827 1477 925 1507 αὐτοὺς

135 1519 336 1554 διαϐεϐηκέναι,
362 1519 432 1546 καθὰ
462 1521 507 1547 καὶ
528 1522 542 1547 ὁ
563 1521 707 1556 Ἰορδάνης
726 1521 772 1547 καὶ
790 1521 924 1556 τοσαύτην

137 1565 288 1602 μεταϐολὴν
315 1565 350 1592 τὰ
373 1566 423 1601 ὅρη
444 1566 546 1598 λαϐεῖν,
568 1567 629 1593 ἀντὶ
648 1567 697 1602 τῆς
717 1567 923 1601 καταλαϐούσης

137 1612 170 1639 ἐκ
195 1612 248 1639 τῶν
271 1612 407 1647 πολεμίων
437 1612 564 1648 ἐρημίας,
586 1613 623 1644 ὡς
650 1613 696 1639 καὶ
706 1613 822 1649 δένδρων
842 1612 923 1645 ξένων

136 1658 213 1694 παρὰ
237 1658 271 1684 τὰ
285 1659 348 1685 οντα
365 1658 487 1685 ἐκδοῦναι
509 1659 625 1693 βλάστην
636 1667 642 1673 ·
659 1659 704 1685 καὶ
721 1659 769 1695 τὴν
786 1659 831 1685 τοῦ
855 1659 922 1685 Θεοῦ

135 1705 277 1739 εὐμένειαν
296 1705 329 1731 ὲκ
350 1705 399 1740 τῆς
420 1706 474 1731 τῶν
491 1705 575 1740 ὀρέων
598 1705 748 1741 μεταδολῆς
764 1706 918 1741 δειχθῇναν

135 1751 240 1777 ἐκείνου
260 1752 383 1787 μήνυσιν.

173 1798 209 1824 Οὐ
226 1799 314 1824 τοίνυν
336 1798 428 1833 ὠνητὰ
449 1798 483 1825 "ait
498 1798 572 1834 παρὰ
590 1799 668 1831 Θεοῦ,
690 1798 758 1825 ἀλλὰ
776 1799 877 1834 προῖκά
895 1807 925 1824 τε

135 1845 184 1871 καὶ
201 1845 283 1880 χωρὶς
299 1845 431 1880 ἀργυρίου
447 1845 533 1871 ταῦτα
557 1844 673 1880 λήψεσθε
684 1853 690 1859 ·
707 1844 766 1870 οὐδὲ
784 1845 837 1880 γὰρ
855 1845 925 1870 οἴνου

137 1890 216 1925 χρεία
246 1891 284 1922 είς
312 1890 437 1926 σπονδὴν,
460 1890 507 1917 καὶ
530 1891 637 1922 στέατος
661 1892 701 1922 εἰς
718 1891 828 1918 θυσίαν·
847 1891 865 1918 ἃ
880 1892 926 1918 καὶ

136 1935 224 1962 ταῦτα
243 1935 374 1972 ἀργυρίου
397 1936 556 1971 ὠνούμενοι,
573 1936 648 1962 οὐδὲν
662 1936 742 1963 πλέον
754 1936 925 1971 ἀποιρὲρεσθε

137 1983 177 2013 εἰς
191 1981 281 2017 ὄνησιν
293 1981 436 2017 ἢκόπον,ἢ
453 1981 561 2017 μόχθον,
572 1982 609 2017 μὴ
625 1981 708 2008 ὅντων
724 1981 823 2008 ἱκανῶν
835 1981 925 2008 δυσω-

138 2036 176 2064 πη
182 2028 282 2062 μάτων.

179 2072 283 2108 Ὑμεῖς,
306 2073 398 2108 φησιν,
415 2074 439 2100 οἱ
464 2073 625 2108 ἀλλογενεῖς,
643 2073 667 2099 οἱ
688 2072 726 2108 τῷ
743 2073 801 2108 Θεῷ
817 2073 926 2099 ἀνακεί-

141 2125 227 2152 μενοι,
255 2117 302 2144 καὶ
329 2117 399 2144 κατὰ
427 2117 476 2149 τὰς
500 2118 608 2150 ἐντολὰς
631 2118 714 2145 αὑτοῦ
739 2118 868 2153 βιοῦντες,
889 2118 925 2153 μὴ

138 2162 282 2196 λογίσησθε
308 2164 419 2194 ἑαυτοὺς
446 2164 645 2200 μακαριότητος
666 2164 854 2197 ἑπιτεύξεσθαι
880 2164 927 2190 καὶ

138 2208 186 2233 τοῦ
203 2207 303 2243 κλήρου
323 2207 376 2234 τῶν
402 2208 501 2242 ἀγίων’
517 2208 573 2235 ἀλλ’
585 2209 771 2244 ἐπιστάμενοι,
782 2209 820 2241 ὡς
830 2209 928 2244 τρόπος

140 2253 214 2288 ὑμᾶς
239 2254 366 2280 συνάπτει
392 2253 430 2288 τῷ
454 2254 587 2290 Ἀϐραὰμ,
611 2255 657 2281 καὶ
674 2255 704 2281 ού
730 2256 825 2289 γένους
848 2255 927 2290 ἀγχι-

141 2298 227 2328 στεία,
247 2299 319 2333 ἠθῶν
338 2299 495 2334 ἐπιμέλειαν
511 2299 642 2331 ποιεῖσθε,
658 2302 704 2327 καὶ
717 2300 776 2336 Θεῷ
793 2301 928 2327 δουλεύειν

141 2344 280 2376 σπεύδετε,
307 2345 353 2372 καὶ
368 2346 398 2372 οὐ
429 2345 692 2382 φυλοκρινηοήσεσθε
707 2347 753 2372 τοῦ
771 2346 865 2381 γένους
875 2347 928 2373 τῶν

141 2389 262 2416 δασέων.

185 2435 297 2469 Ἑπάγει
320 2436 418 2467 αὐτοὺς
444 2437 483 2467 εἰς
508 2438 670 2471 κατανόησιν
700 2437 743 2463 διὰ
760 2438 861 2463 τούτων
875 2438 928 2464 τῶν

141 2480 198 2510 τοῖς
211 2479 323 2511 δικαίοις
339 2481 522 2516 ὀφειλομένων
533 2482 664 2517 ἀμοιὸῶν.

179 2526 262 2553 Πάλιν
277 2527 308 2552 ἐκ
331 2527 512 2563 προσαγωγῆς
529 2529 568 2559 εἰς
580 2528 753 2564 συναίσθησιν
765 2528 862 2560 αὐτοὺς
874 2529 929 2554 τῶν

144 2572 216 2599 ῑῖίων
230 2573 471 2609 πλημμελημάτων
493 2575 607 2608 ἀγαγεῖν
631 2574 764 2610 βούλεται,
776 2575 930 2610 φθεγγομέ-

142 2628 204 2651 νους
220 2620 268 2655 μὲν
282 2620 367 2651 ἀδεῶς
378 2620 447 2646 κατὰ
458 2619 503 2646 τοῦ
521 2620 634 2651 δικαίου,
650 2621 824 2656 ἀπρονοήτως
840 2620 868 2647 δὲ
882 2620 929 2647 τοῦ

144 2665 202 2700 βίου
224 2666 318 2692 τούτου
345 2665 501 2700 νομίζοντας
522 2666 756 2692 ἀπαλλάττεσθαι·
771 2666 930 2698 ὑποδεικνὺς

143 2711 234 2742 αὐτοῖς
261 2711 298 2742 ὡς
327 2712 484 2747 ἠρνήθησαν
500 2711 549 2746 μὲν
561 2711 592 2737 τὸ
611 2712 766 2746 σωματικὸν
783 2710 852 2744 εἶδος
875 2712 930 2739 τῶν

145 2757 230 2790 ἁγίων
241 2765 247 2772 .
265 2758 298 2792 τῇ
320 2757 346 2784 δὲ
366 2757 419 2784 τῶν
434 2757 542 2793 τρόπων
564 2757 699 2793 μοχθηρία
713 2758 855 2793 ᾤκείωσαν
868 2759 930 2785 ἑαυ-

143 2803 206 2834 τοὺς
224 2804 327 2837 μοιχοῖς
340 2811 368 2828 τε
383 2803 429 2829 καὶ
444 2803 551 2838 πόρνοις
561 2811 567 2818 ”
587 2803 623 2838 μὴ
635 2803 868 2838 ἀναλογισάμενοι,
881 2805 928 2836 ὡς,

144 2849 220 2875 αὐτοὶ
250 2849 324 2880 ὄντες
349 2850 485 2882 ἀπωλείας
500 2850 581 2884 ἄξιοι,
603 2850 726 2883 κακίζειν
746 2851 930 2886 ἐπειράθησαν

976 243 1027 270 bus
1039 246 1065 269 et
1077 243 1171 269 audire
1186 243 1227 270 fas
1242 247 1281 270 est
1297 254 1303 276 ;
1321 244 1435 279 simplex
1450 245 1523 271 enim
1538 253 1598 272 cum
1614 246 1648 273 sit
1665 251 1763 274 natura

976 288 1085 316 animus
1103 293 1130 315 et
1153 289 1352 324 incompositus
1365 311 1372 323 ,
1388 298 1441 317 una
1463 291 1612 326 eademque
1634 291 1764 321 facultate

976 335 1053 362 audit
1069 342 1100 362 ac
1116 335 1198 362 videt.

1011 419 1094 447 Vens.
1109 420 1134 447 7.
1152 419 1305 456 Impediunt
1320 424 1347 448 te
1364 421 1480 448 fortasse
1494 427 1604 456 peccata
1620 427 1666 449 tua
1681 426 1762 458 atque

976 465 1002 492 in
1014 465 1097 492 Deum
1110 465 1247 500 impietas,
1265 470 1290 492 et
1305 470 1398 493 vetant.
1411 474 1444 493 ne
1457 467 1489 493 ad
1503 467 1590 501 ipsum
1606 467 1760 503 confugias.

975 511 1052 544 Quod
1081 512 1102 538 si
1134 515 1223 538 autem
1253 511 1468 539 misericordiam
1491 513 1550 546 ejus
1573 513 1760 548 perpenderis,

974 557 1029 592 jam
1045 557 1111 583 nihil
1129 561 1155 584 te
1176 556 1310 591 impedire
1327 557 1448 590 valebit;
1468 565 1522 584 non
1543 558 1615 585 enim
1632 565 1663 586 ea
1681 562 1762 586 erunt

977 607 1087 639 peccata
1104 608 1160 636 tua,
1175 611 1235 638 qua:
1256 603 1452 638 benignitatem
1466 603 1525 638 ejus
1541 604 1650 632 vincere
1664 609 1691 631 et
1715 613 1761 632 sn-

977 657 1071 684 pcrare
1086 649 1190 684 possint
1204 657 1210 682 ;
1235 649 1336 676 mullus
1351 649 1409 684 ipse
1427 650 1452 676 in
1479 650 1676 682 misericordia,
1693 652 1761 678 ntul-

976 700 1002 721 ta
1029 703 1138 731 quoque
1161 699 1272 730 peccata
1296 695 1433 727 dimittet,
1457 700 1484 724 et
1510 697 1547 723 ita
1572 704 1619 724 vos
1644 697 1760 725 mundus

975 742 1071 769 eﬂiciet
1087 762 1093 774 ,
1112 747 1140 769 ut
1157 749 1190 768 ne
1206 741 1349 776 vestigium
1373 741 1481 776 quidem
1507 743 1628 777 priorum
1645 742 1760 770 delicto-

977 795 1037 814 rum
1053 792 1203 815 remaneat.
1483 783 1487 786 ”

941 871 961 899 Β
1012 877 1095 904 Vens.
1115 877 1159 904 ll.
1178 877 1326 910 Prosperas
1339 878 1396 904 vias
1408 877 1618 905 observantibus
1633 879 1717 914 legem
1733 887 1762 906 se

976 923 1103 950 daturum
1129 923 1290 955 denuntiat,
1307 924 1380 951 vires
1402 924 1435 950 ad
1452 923 1617 958 perficienda
1635 925 1761 952 mandata

975 974 1109 1004 praestans
1121 990 1127 1001 ,
1145 969 1294 996 dummodo
1312 969 1379 1004 legis
1395 969 1512 997 factores
1534 977 1563 997 se
1579 970 1699 1004 prmbere
1713 978 1760 998 ve-

976 1016 1036 1043 lint.
1051 1015 1206 1042 Praesertim
1225 1023 1289 1042 vero
1303 1015 1353 1042 hoc
1371 1014 1424 1042 Deo
1439 1015 1541 1050 placuit
1562 1019 1589 1042 ut
1606 1016 1652 1050 qui
1671 1016 1761 1051 capti-

975 1063 1083 1089 vitatem
1110 1070 1143 1089 ex
1158 1061 1276 1097 [Egypto
1293 1062 1410 1088 soluturi
1429 1065 1508 1088 erant
1522 1081 1528 1094 ,
1548 1069 1656 1088 summo
1670 1061 1762 1089 studio

975 1116 1043 1143 opus
1059 1115 1137 1136 suum
1150 1107 1328 1142 perlicerent,
1355 1107 1406 1142 ipsi
1418 1105 1611 1134 'Israelitarum
1628 1108 1680 1135 iter
1694 1108 1761 1135 diri-

976 1157 1070 1189 gerent
1096 1157 1123 1181 et
1140 1152 1268 1188 praesidio
1286 1157 1436 1180 tuerentur.
1460 1152 1537 1185 Quod
1559 1154 1668 1188 quidem
1681 1174 1688 1187 ,
1706 1153 1761 1182 Deo

973 1199 1100 1233 jnbentc,
1116 1197 1179 1234 Cyri
1193 1197 1340 1225 Persarum
1355 1198 1427 1232 regis
1440 1205 1490 1232 ope
1508 1198 1610 1225 factum
1620 1204 1677 1233 est;
1692 1199 1760 1234 ipsis

975 1245 1115 1272 montibus
1130 1245 1163 1272 de
1175 1244 1227 1271 hac
1239 1244 1402 1279 migratione
1415 1244 1633 1278 exsultantibus,
1647 1249 1675 1272 et
1700 1245 1761 1273 aliis

975 1298 1084 1325 quoque
1102 1289 1299 1325 apparentibus
1321 1289 1418 1324 signis.
1443 1288 1510 1316 Nam
1528 1290 1600 1317 sicut
1621 1289 1759 1318 desertum

975 1337 1168 1364 accedentibus
1184 1343 1259 1362 mare
1276 1334 1443 1370 Erylln'zeum
1460 1336 1578 1363 transire
1593 1336 1680 1367 licuit.
1695 1337 1731 1363 ita
1747 1345 1761 1364 e

975 1383 1133 1417 captivitate
1151 1382 1254 1417 egressi
1277 1381 1360 1409 siccis
1391 1381 1506 1417 pedibus
1531 1383 1631 1421 flumen
1657 1383 1759 1418 Tigrim

975 1429 1116 1463 trajecisse
1139 1433 1301 1461 narrantur,
1328 1434 1357 1456 ut
1380 1429 1444 1456 olim
1465 1428 1628 1461 Jordanem,
1646 1429 1762 1458 refertur

975 1482 1083 1510 quoque
1103 1479 1224 1506 montes,
1242 1476 1274 1502 ab
1290 1475 1416 1503 hostibus
1434 1480 1513 1502 antea
1537 1480 1657 1503 vastatos
1673 1496 1680 1508 ,
1697 1481 1761 1503 tun'.

953 1546 958 1553 ,
976 1529 990 1547 a
1004 1520 1058 1547 Deo
1072 1519 1158 1547 fuisse
1175 1520 1212 1547 ita
1238 1521 1415 1552 immutatos,
1434 1525 1463 1547 ut
1490 1529 1544 1548 non
1569 1521 1626 1549 suis
1642 1526 1760 1552 tantum,

951 1564 959 1572 ‘
977 1566 1023 1594 sed
1042 1569 1068 1593 et
1083 1566 1198 1594 exoticis
1214 1566 1361 1595 arboribus
1382 1566 1522 1594 ﬂorerent.
1550 1567 1608 1600 Qua
1627 1567 1759 1594 montium

977 1612 1166 1639 immutatione
1195 1612 1310 1647 benigne
1343 1612 1532 1647 comprobavit
1560 1612 1632 1640 Deus
1662 1617 1762 1640 cuncta

977 1658 1062 1693 ipsius
1080 1658 1108 1685 in
1124 1658 1250 1686 manibus
1266 1658 1414 1692 contineri,
1433 1663 1460 1686 et
1479 1663 1570 1686 mente
1586 1658 1677 1694 dirigi.

938 1705 975 1737 ὡς
992 1705 1079 1732 πάντα
1093 1705 1212 1732 συντελεῖ
1226 1706 1265 1737 είς
1274 1706 1323 1740 τὴν
1337 1705 1382 1732 τοῦ
1395 1705 1462 1731 Θεοῦ
1483 1705 1608 1740 δύναμιν.
1639 1707 1685 1732 καὶ
1715 1705 1763 1741 τήν

1011 1796 1094 1824 VEns.
1118 1796 1158 1823 i5.
1179 1795 1238 1822 Non
1263 1796 1347 1832 igitur
1370 1804 1424 1823 tere
1442 1796 1527 1828 dato,
1552 1797 1599 1824 sed
1627 1797 1713 1831 gratis
1737 1801 1764 1823 et

975 1844 1035 1871 sine
1061 1843 1178 1878 pecunia
1204 1842 1275 1870 dona
1304 1841 1352 1869 Dei
1372 1843 1602 1877 consequemini;
1633 1851 1687 1870 non
1708 1843 1763 1870 vini

975 1890 1152 1917 Iibaminibus
1164 1910 1171 1921 ,
1185 1893 1232 1916 aut
1248 1888 1421 1916 victimarum
1432 1888 1512 1923 adipe
1527 1888 1656 1924 indigetis
1671 1897 1677 1920 ;
1701 1889 1763 1924 qui-

974 1936 1025 1962 bus
1041 1935 1113 1962 enim
1126 1955 1133 1967 ,
1162 1940 1188 1962 et
1202 1935 1263 1962 aliis
1281 1934 1368 1969 pretio
1384 1934 1502 1968 emptis,
1522 1941 1577 1961 non
1598 1934 1659 1969 plus
1683 1933 1765 1970 profl-

976 1982 1054 2008 cietis
1067 2001 1074 2013 ,
1089 1989 1170 2015 quam
1188 1981 1329 2008 laboribus
1347 1984 1373 2007 et
1388 1979 1603 2015 defatigatione;
1620 1980 1676 2007 haec
1691 1980 1763 2006 enim

976 2035 1029 2055 non
1048 2027 1185 2054 suﬁiciunt
1208 2026 1240 2053 ad
1258 2025 1422 2053 ﬂectendum
1440 2025 1524 2052 Deum

1013 2072 1076 2099 Clu».
1092 2072 1160 2103 LVI,
1180 2071 1263 2099 Vnus.
1281 2072 1306 2098 '5.
1324 2070 1389 2104 \‘os,
1410 2071 1508 2106 inquit,
1523 2071 1681 2106 alienigenae
1695 2090 1702 2103 ,
1719 2071 1764 2106 qui

978 2118 1033 2144 Deo
1064 2117 1179 2152 appositi
1208 2117 1296 2148 estis,
1323 2120 1350 2144 et
1375 2116 1408 2143 ad
1435 2120 1571 2151 praacepta
1600 2117 1660 2151 ejus
1682 2116 1765 2143 vitam

977 2165 1123 2196 instruitis,
1139 2172 1172 2191 ne
1182 2165 1284 2198 putetis
1299 2171 1346 2191 vos
1361 2163 1557 2190 beatitudinem
1570 2168 1766 2190 consecuturos

944 2202 1006 2238 Det
1036 2209 1222 2238 limreditatem
1249 2214 1431 2242 sanctorum;
1458 2209 1506 2236 sed
1534 2208 1585 2236 hoc
1618 2208 1765 2240 recordati,

978 2257 1050 2292 quod
1067 2256 1188 2284 moribus
1215 2263 1277 2283 cum
1303 2256 1438 2283 Abraham
1467 2255 1664 2289 conjungimini
1679 2275 1687 2287 ,
1711 2262 1764 2282 non

977 2303 1085 2338 generis
1104 2301 1266 2337 cognatione
1279 2323 1286 2334 ,
1313 2309 1420 2328 morum
1447 2308 1540 2327 curam
1561 2301 1662 2336 geratis
1676 2321 1684 2333 ,
1708 2307 1767 2328 stu-

978 2350 1054 2376 diose
1071 2348 1127 2376 Deo
1145 2348 1317 2380 inserviatis,
1332 2353 1359 2375 et
1381 2356 1435 2374 non
1452 2347 1616 2382 separemini
1634 2355 1648 2374 a
1669 2355 1767 2383 genere

978 2393 1126 2428 iustorum.

1014 2439 1077 2467 Cu».
1094 2439 1173 2471 LVII,
1189 2439 1274 2466 Vens.
1292 2439 1316 2466 1.
1339 2438 1453 2466 Deducit
1467 2447 1514 2466 eos
1531 2439 1564 2466 ad
1580 2439 1767 2474 pmniteutiam

979 2487 1112 2514 memOria
1130 2487 1264 2513 bonorum
1281 2486 1364 2521 jnstis
1384 2485 1596 2513 destinatorum.

1016 2531 1098 2559 Vsus.
1125 2533 1150 2559 5.
1181 2532 1302 2560 Ulterius
1328 2539 1493 2568 progressus
1524 2532 1622 2559 iterum
1654 2539 1703 2559 eos
1735 2532 1769 2559 ad

979 2578 1150 2613 agnoscenda
1183 2584 1293 2614 peccata
1329 2579 1464 2606 aildu:ere
1505 2578 1623 2610 studet,
1664 2578 1768 2613 justum

981 2623 1134 2658 procaciter
1145 2623 1336 2659 increpantes.
1352 2629 1379 2651 et
1393 2632 1454 2651 eum
1483 2624 1639 2652 inconsulte
1663 2624 1697 2651 de
1714 2624 1770 2651 vita

981 2668 1100 2694 ablatum
1147 2669 1346 2696 existimantes.
1394 2669 1498 2696 Iudicat
1530 2677 1577 2697 eos
1611 2676 1769 2704 corpoream

981 2715 1100 2748 speciem
1118 2719 1277 2741 sanctorum
1294 2717 1447 2751 negavisse,
1468 2721 1495 2743 et
1511 2724 1617 2744 morum
1636 2717 1771 2752 pravitate

981 2768 1011 2788 se
1027 2761 1102 2795 ipsos
1127 2760 1332 2788 consociavisse
1354 2769 1416 2788 cum
1442 2761 1574 2789 adulteris
1597 2769 1623 2790 et
1649 2761 1771 2789 meretri-

981 2807 1069 2833 cibus.
1098 2805 1254 2834 Perditioue
1274 2806 1348 2841 digni
1364 2815 1425 2834 eum
1446 2813 1539 2835 essent
1552 2829 1559 2841 ,
1577 2813 1678 2835 temere
1698 2808 1770 2834 viros

982 2853 1117 2881 lacessere
1145 2853 1236 2881 conati
1257 2858 1320 2880 sunt
1343 2853 1389 2889 qui
1413 2853 1446 2881 de
1464 2859 1539 2882 recto
1553 2861 1651 2883 curare
1669 2857 1696 2882 et
1719 2853 1772 2880 Dea
