  <div class='ocr_page' id='page_1' title='image "/cluster/home/n/w/nwhite01/storage/ocr_20150623/18/njp.32101077772455/1077.png"; bbox 0 0 1919 3075; ppageno 0'>
   <div class='ocr_carea' id='block_1_1' title="bbox 175 137 243 165">
    <p class='ocr_par' dir='ltr' id='par_1_1' title="bbox 175 137 243 165">
     <span class='ocr_line' id='line_1_1' title="bbox 175 137 243 165; baseline -0.015 0"><span class='ocrx_word' id='word_1_1' title='bbox 175 137 243 165; x_wconf 66' lang='grc'><strong>1563</strong></span> 
     </span>
    </p>
   </div>
   <div class='ocr_carea' id='block_1_2' title="bbox 753 139 1197 168">
    <p class='ocr_par' dir='ltr' id='par_1_2' title="bbox 753 139 1197 168">
     <span class='ocr_line' id='line_1_2' title="bbox 753 139 1197 168; baseline 0 -2"><span class='ocrx_word' id='word_1_2' title='bbox 753 139 925 168; x_wconf 65' lang='lat' dir='ltr'><strong>THEODOIH</strong></span> <span class='ocrx_word' id='word_1_3' title='bbox 938 140 1197 168; x_wconf 69' lang='lat' dir='ltr'><strong>HIZRACLEENSIS</strong></span> 
     </span>
    </p>
   </div>
   <div class='ocr_carea' id='block_1_3' title="bbox 1737 137 1804 164">
    <p class='ocr_par' dir='ltr' id='par_1_3' title="bbox 1737 137 1804 164">
     <span class='ocr_line' id='line_1_3' title="bbox 1737 137 1804 164; baseline 0 0"><span class='ocrx_word' id='word_1_4' title='bbox 1737 137 1804 164; x_wconf 72' lang='grc'><strong>1364</strong></span> 
     </span>
    </p>
   </div>
   <div class='ocr_carea' id='block_1_4' title="bbox 173 194 950 234">
    <p class='ocr_par' dir='ltr' id='par_1_4' title="bbox 173 194 950 234">
     <span class='ocr_line' id='line_1_4' title="bbox 173 194 950 234; baseline 0.004 -11"><span class='ocrx_word' id='word_1_5' title='bbox 173 194 315 224; x_wconf 82' lang='lat' dir='ltr'><strong>intendere</strong></span> <span class='ocrx_word' id='word_1_6' title='bbox 338 195 493 222; x_wconf 84' lang='lat' dir='ltr'><strong>studebant.</strong></span> <span class='ocrx_word' id='word_1_7' title='bbox 522 195 659 225; x_wconf 86' lang='lat' dir='ltr'><strong>Idolorum</strong></span> <span class='ocrx_word' id='word_1_8' title='bbox 685 197 826 231; x_wconf 82' lang='lat' dir='ltr'><strong>fautores,</strong></span> <span class='ocrx_word' id='word_1_9' title='bbox 855 199 950 234; x_wconf 81' lang='lat' dir='ltr'><strong>quibus</strong></span> 
     </span>
    </p>
   </div>
   <div class='ocr_carea' id='block_1_5' title="bbox 1008 194 1806 234">
    <p class='ocr_par' dir='ltr' id='par_1_5' title="bbox 1010 196 1806 232">
     <span class='ocr_line' id='line_1_5' title="bbox 1010 196 1806 232; baseline -0.005 -7"><span class='ocrx_word' id='word_1_10' title='bbox 1010 199 1072 230; x_wconf 80' lang='grc' dir='ltr'>τοὺς</span> <span class='ocrx_word' id='word_1_11' title='bbox 1092 197 1138 224; x_wconf 74' lang='grc' dir='ltr'><strong>τοῦ</strong></span> <span class='ocrx_word' id='word_1_12' title='bbox 1163 198 1266 225; x_wconf 77' lang='grc' dir='ltr'><strong>δικαίου</strong></span> <span class='ocrx_word' id='word_1_13' title='bbox 1300 196 1515 232; x_wconf 78' lang='grc' dir='ltr'>ἐπιμελομένους</span> <span class='ocrx_word' id='word_1_14' title='bbox 1530 197 1577 223; x_wconf 80' lang='grc' dir='ltr'>καὶ</span> <span class='ocrx_word' id='word_1_15' title='bbox 1604 196 1664 230; x_wconf 86' lang='grc' dir='ltr'><strong>Θεῷ</strong></span> <span class='ocrx_word' id='word_1_16' title='bbox 1685 204 1806 225; x_wconf 76' lang='grc' dir='ltr'>προσαν-</span> 
     </span>
    </p>
   </div>
   <div class='ocr_carea' id='block_1_6' title="bbox 173 243 956 276">
    <p class='ocr_par' dir='ltr' id='par_1_6' title="bbox 173 243 956 276">
     <span class='ocr_line' id='line_1_6' title="bbox 173 243 956 276; baseline 0.004 -8"><span class='ocrx_word' id='word_1_17' title='bbox 173 248 272 276; x_wconf 88' lang='lat' dir='ltr'><strong>pueros</strong></span> <span class='ocrx_word' id='word_1_18' title='bbox 292 248 373 275; x_wconf 84' lang='lat' dir='ltr'><strong>super</strong></span> <span class='ocrx_word' id='word_1_19' title='bbox 400 246 505 268; x_wconf 89' lang='lat' dir='ltr'><strong>montes</strong></span> <span class='ocrx_word' id='word_1_20' title='bbox 520 247 547 268; x_wconf 86' lang='lat' dir='ltr'><strong>et</strong></span> <span class='ocrx_word' id='word_1_21' title='bbox 571 247 661 276; x_wconf 87' lang='lat' dir='ltr'><strong>petras</strong></span> <span class='ocrx_word' id='word_1_22' title='bbox 680 243 837 271; x_wconf 83' lang='lat' dir='ltr'><strong>deferebant</strong></span> <span class='ocrx_word' id='word_1_23' title='bbox 859 245 956 271; x_wconf 87' lang='lat' dir='ltr'><strong>immo-</strong></span> 
     </span>
    </p>
   </div>
   <div class='ocr_carea' id='block_1_7' title="bbox 172 286 822 324">
    <p class='ocr_par' dir='ltr' id='par_1_7' title="bbox 172 286 822 324">
     <span class='ocr_line' id='line_1_7' title="bbox 172 286 822 324; baseline 0.003 -10"><span class='ocrx_word' id='word_1_24' title='bbox 172 286 280 319; x_wconf 79' lang='lat' dir='ltr'><strong>landos,</strong></span> <span class='ocrx_word' id='word_1_25' title='bbox 297 286 343 314; x_wconf 85' lang='lat' dir='ltr'><strong>Dei</strong></span> <span class='ocrx_word' id='word_1_26' title='bbox 362 287 507 314; x_wconf 73' lang='lat' dir='ltr'><strong>vindictam</strong></span> <span class='ocrx_word' id='word_1_27' title='bbox 523 289 657 316; x_wconf 81' lang='lat' dir='ltr'><strong>vitaturos</strong></span> <span class='ocrx_word' id='word_1_28' title='bbox 674 291 822 324; x_wconf 81' lang='lat' dir='ltr'><strong>sperabant</strong></span> 
     </span>
    </p>
   </div>
   <div class='ocr_carea' id='block_1_8' title="bbox 208 421 956 458">
    <p class='ocr_par' dir='ltr' id='par_1_8' title="bbox 208 421 956 458">
     <span class='ocr_line' id='line_1_8' title="bbox 208 421 956 458; baseline 0.003 -9"><span class='ocrx_word' id='word_1_29' title='bbox 208 422 289 451; x_wconf 77' lang='lat' dir='ltr'><strong>VEns.</strong></span> <span class='ocrx_word' id='word_1_30' title='bbox 308 422 350 449; x_wconf 77' lang='lat' dir='ltr'><strong>I5.</strong></span> <span class='ocrx_word' id='word_1_31' title='bbox 367 421 472 454; x_wconf 80' lang='lat' dir='ltr'><strong>Quibus</strong></span> <span class='ocrx_word' id='word_1_32' title='bbox 487 421 645 449; x_wconf 85' lang='lat' dir='ltr'><strong>nominibus</strong></span> <span class='ocrx_word' id='word_1_33' title='bbox 659 422 774 458; x_wconf 80' lang='lat' dir='ltr'><strong>benigne</strong></span> <span class='ocrx_word' id='word_1_34' title='bbox 787 422 857 450; x_wconf 89' lang='lat' dir='ltr'><strong>Deus</strong></span> <span class='ocrx_word' id='word_1_35' title='bbox 873 423 956 458; x_wconf 82' lang='lat' dir='ltr'><strong>signi-</strong></span> 
     </span>
    </p>
   </div>
   <div class='ocr_carea' id='block_1_9' title="bbox 171 467 957 503">
    <p class='ocr_par' dir='ltr' id='par_1_9' title="bbox 171 467 957 503">
     <span class='ocr_line' id='line_1_9' title="bbox 171 467 957 503; baseline 0.001 -7"><span class='ocrx_word' id='word_1_36' title='bbox 171 469 234 496; x_wconf 85' lang='lat' dir='ltr'><strong>ﬁcat</strong></span> <span class='ocrx_word' id='word_1_37' title='bbox 252 476 280 496; x_wconf 90' lang='lat' dir='ltr'><strong>se</strong></span> <span class='ocrx_word' id='word_1_38' title='bbox 295 475 355 495; x_wconf 85' lang='lat' dir='ltr'><strong>esse</strong></span> <span class='ocrx_word' id='word_1_39' title='bbox 372 467 535 497; x_wconf 82' lang='lat' dir='ltr'><strong>Excelsum:</strong></span> <span class='ocrx_word' id='word_1_40' title='bbox 553 467 604 502; x_wconf 84' lang='lat' dir='ltr'><strong>ipsi</strong></span> <span class='ocrx_word' id='word_1_41' title='bbox 618 468 690 495; x_wconf 88' lang='lat' dir='ltr'><strong>enim</strong></span> <span class='ocrx_word' id='word_1_42' title='bbox 713 473 845 503; x_wconf 89' lang='lat' dir='ltr'><strong>quantum</strong></span> <span class='ocrx_word' id='word_1_43' title='bbox 868 470 896 496; x_wconf 92' lang='lat' dir='ltr'><strong>in</strong></span> <span class='ocrx_word' id='word_1_44' title='bbox 917 469 957 497; x_wconf 90' lang='lat' dir='ltr'><strong>eis</strong></span> 
     </span>
    </p>
   </div>
   <div class='ocr_carea' id='block_1_10' title="bbox 170 512 957 545">
    <p class='ocr_par' dir='ltr' id='par_1_10' title="bbox 170 512 957 545">
     <span class='ocr_line' id='line_1_10' title="bbox 170 512 957 545; baseline 0 -4"><span class='ocrx_word' id='word_1_45' title='bbox 170 517 248 544; x_wconf 86' lang='lat' dir='ltr'><strong>erat.</strong></span> <span class='ocrx_word' id='word_1_46' title='bbox 267 513 349 540; x_wconf 87' lang='lat' dir='ltr'><strong>Deum</strong></span> <span class='ocrx_word' id='word_1_47' title='bbox 365 513 495 540; x_wconf 77' lang='lat' dir='ltr'><strong>humilem</strong></span> <span class='ocrx_word' id='word_1_48' title='bbox 511 512 673 545; x_wconf 80' lang='lat' dir='ltr'><strong>ell&#39;ecerant,</strong></span> <span class='ocrx_word' id='word_1_49' title='bbox 689 514 769 541; x_wconf 87' lang='lat' dir='ltr'><strong>idolis</strong></span> <span class='ocrx_word' id='word_1_50' title='bbox 784 515 957 542; x_wconf 88' lang='lat' dir='ltr'><strong>consentien-</strong></span> 
     </span>
    </p>
   </div>
   <div class='ocr_carea' id='block_1_11' title="bbox 169 559 956 593">
    <p class='ocr_par' dir='ltr' id='par_1_11' title="bbox 169 559 956 593">
     <span class='ocr_line' id='line_1_11' title="bbox 169 559 956 593; baseline 0 -6"><span class='ocrx_word' id='word_1_51' title='bbox 169 560 215 588; x_wconf 86' lang='lat' dir='ltr'><strong>do.</strong></span> <span class='ocrx_word' id='word_1_52' title='bbox 233 559 386 587; x_wconf 70' lang='lat' dir='ltr'><strong>Prmsertim</strong></span> <span class='ocrx_word' id='word_1_53' title='bbox 399 566 464 586; x_wconf 86' lang='lat' dir='ltr'><strong>vero</strong></span> <span class='ocrx_word' id='word_1_54' title='bbox 476 563 599 586; x_wconf 82' lang='lat' dir='ltr'><strong>sanctum</strong></span> <span class='ocrx_word' id='word_1_55' title='bbox 613 567 641 586; x_wconf 92' lang='lat' dir='ltr'><strong>se</strong></span> <span class='ocrx_word' id='word_1_56' title='bbox 653 567 713 587; x_wconf 87' lang='lat' dir='ltr'><strong>esse</strong></span> <span class='ocrx_word' id='word_1_57' title='bbox 725 560 880 593; x_wconf 85' lang='lat' dir='ltr'><strong>contendit,</strong></span> <span class='ocrx_word' id='word_1_58' title='bbox 894 568 956 587; x_wconf 90' lang='lat' dir='ltr'><strong>cum</strong></span> 
     </span>
    </p>
   </div>
   <div class='ocr_carea' id='block_1_12' title="bbox 169 605 957 640">
    <p class='ocr_par' dir='ltr' id='par_1_12' title="bbox 169 605 957 640">
     <span class='ocr_line' id='line_1_12' title="bbox 169 605 957 640; baseline -0.001 -7"><span class='ocrx_word' id='word_1_59' title='bbox 169 606 208 634; x_wconf 84' lang='lat' dir='ltr'><strong>illi</strong></span> <span class='ocrx_word' id='word_1_60' title='bbox 223 613 322 633; x_wconf 90' lang='lat' dir='ltr'>nomen</span> <span class='ocrx_word' id='word_1_61' title='bbox 336 606 396 640; x_wconf 87' lang='lat' dir='ltr'><strong>ejus</strong></span> <span class='ocrx_word' id='word_1_62' title='bbox 412 605 503 639; x_wconf 88' lang='lat' dir='ltr'><strong>pravis</strong></span> <span class='ocrx_word' id='word_1_63' title='bbox 523 605 734 639; x_wconf 78' lang='lat' dir='ltr'><strong>cogitationibus</strong></span> <span class='ocrx_word' id='word_1_64' title='bbox 755 609 781 632; x_wconf 87' lang='lat' dir='ltr'><strong>et</strong></span> <span class='ocrx_word' id='word_1_65' title='bbox 806 605 957 633; x_wconf 85' lang='lat' dir='ltr'><strong>inhonestis</strong></span> 
     </span>
    </p>
   </div>
   <div class='ocr_carea' id='block_1_13' title="bbox 168 649 958 686">
    <p class='ocr_par' dir='ltr' id='par_1_13' title="bbox 168 649 958 686">
     <span class='ocr_line' id='line_1_13' title="bbox 168 649 958 686; baseline 0.001 -8"><span class='ocrx_word' id='word_1_66' title='bbox 168 651 300 686; x_wconf 83' lang='lat' dir='ltr'><strong>operibus</strong></span> <span class='ocrx_word' id='word_1_67' title='bbox 328 650 513 686; x_wconf 80' lang='lat' dir='ltr'><strong>profanarent.</strong></span> <span class='ocrx_word' id='word_1_68' title='bbox 536 649 591 684; x_wconf 72' lang='lat' dir='ltr'><strong>Ego</strong></span> <span class='ocrx_word' id='word_1_69' title='bbox 612 658 676 677; x_wconf 84' lang='lat' dir='ltr'><strong>vero</strong></span> <span class='ocrx_word' id='word_1_70' title='bbox 698 655 810 678; x_wconf 86' lang='lat' dir='ltr'><strong>sanctus</strong></span> <span class='ocrx_word' id='word_1_71' title='bbox 832 659 908 683; x_wconf 91' lang='lat' dir='ltr'><strong>sum,</strong></span> <span class='ocrx_word' id='word_1_72' title='bbox 931 657 958 679; x_wconf 90' lang='lat' dir='ltr'><strong>et</strong></span> 
     </span>
    </p>
   </div>
   <div class='ocr_carea' id='block_1_14' title="bbox 169 688 957 732">
    <p class='ocr_par' dir='ltr' id='par_1_14' title="bbox 169 688 957 732">
     <span class='ocr_line' id='line_1_14' title="bbox 169 688 957 732; baseline 0 -7"><span class='ocrx_word' id='word_1_73' title='bbox 169 698 273 725; x_wconf 77' lang='lat' dir='ltr'><strong>sanctis</strong></span> <span class='ocrx_word' id='word_1_74' title='bbox 288 688 456 732; x_wconf 83' lang='lat' dir='ltr'><strong>congaudeo,</strong></span> <span class='ocrx_word' id='word_1_75' title='bbox 470 702 497 724; x_wconf 91' lang='lat' dir='ltr'><strong>et</strong></span> <span class='ocrx_word' id='word_1_76' title='bbox 514 700 623 724; x_wconf 87' lang='lat' dir='ltr'><strong>sanctos</strong></span> <span class='ocrx_word' id='word_1_77' title='bbox 637 697 759 724; x_wconf 85' lang='lat' dir='ltr'><strong>homines</strong></span> <span class='ocrx_word' id='word_1_78' title='bbox 773 697 869 729; x_wconf 84' lang='lat' dir='ltr'><strong>elIicio,</strong></span> <span class='ocrx_word' id='word_1_79' title='bbox 885 698 957 725; x_wconf 90' lang='lat' dir='ltr'><strong>vires</strong></span> 
     </span>
    </p>
   </div>
   <div class='ocr_carea' id='block_1_15' title="bbox 169 743 955 778">
    <p class='ocr_par' dir='ltr' id='par_1_15' title="bbox 169 743 955 778">
     <span class='ocr_line' id='line_1_15' title="bbox 169 743 955 778; baseline 0 -8"><span class='ocrx_word' id='word_1_80' title='bbox 169 751 264 770; x_wconf 88' lang='lat' dir='ltr'><strong>eorum</strong></span> <span class='ocrx_word' id='word_1_81' title='bbox 277 743 400 778; x_wconf 83' lang='lat' dir='ltr'><strong>augendo</strong></span> <span class='ocrx_word' id='word_1_82' title='bbox 410 763 417 775; x_wconf 88' lang='lat'><strong>,</strong></span> <span class='ocrx_word' id='word_1_83' title='bbox 432 747 458 770; x_wconf 88' lang='lat' dir='ltr'><strong>et</strong></span> <span class='ocrx_word' id='word_1_84' title='bbox 471 747 577 770; x_wconf 85' lang='lat' dir='ltr'><strong>mentes</strong></span> <span class='ocrx_word' id='word_1_85' title='bbox 591 743 719 778; x_wconf 81' lang='lat' dir='ltr'><strong>erigendo</strong></span> <span class='ocrx_word' id='word_1_86' title='bbox 735 743 767 770; x_wconf 85' lang='lat' dir='ltr'><strong>ad</strong></span> <span class='ocrx_word' id='word_1_87' title='bbox 781 743 955 776; x_wconf 78' lang='lat' dir='ltr'><strong>sublimiora,</strong></span> 
     </span>
    </p>
   </div>
   <div class='ocr_carea' id='block_1_16' title="bbox 169 789 956 824">
    <p class='ocr_par' dir='ltr' id='par_1_16' title="bbox 169 789 956 824">
     <span class='ocr_line' id='line_1_16' title="bbox 169 789 956 824; baseline 0 -8"><span class='ocrx_word' id='word_1_88' title='bbox 169 789 317 820; x_wconf 82' lang='lat' dir='ltr'><strong>dummodo</strong></span> <span class='ocrx_word' id='word_1_89' title='bbox 332 797 361 817; x_wconf 87' lang='lat' dir='ltr'><strong>se</strong></span> <span class='ocrx_word' id='word_1_90' title='bbox 377 797 427 824; x_wconf 89' lang='lat' dir='ltr'><strong>ope</strong></span> <span class='ocrx_word' id='word_1_91' title='bbox 440 797 500 816; x_wconf 89' lang='lat' dir='ltr'><strong>mea</strong></span> <span class='ocrx_word' id='word_1_92' title='bbox 515 789 612 824; x_wconf 77' lang='lat' dir='ltr'><strong>dignos</strong></span> <span class='ocrx_word' id='word_1_93' title='bbox 628 789 759 824; x_wconf 59' lang='lat' dir='ltr'><strong>prabere,</strong></span> <span class='ocrx_word' id='word_1_94' title='bbox 772 794 797 816; x_wconf 89' lang='lat' dir='ltr'><strong>et</strong></span> <span class='ocrx_word' id='word_1_95' title='bbox 811 789 956 816; x_wconf 79' lang='lat' dir='ltr'><strong>contritam</strong></span> 
     </span>
    </p>
   </div>
   <div class='ocr_carea' id='block_1_17' title="bbox 168 835 954 871">
    <p class='ocr_par' dir='ltr' id='par_1_17' title="bbox 168 835 954 871">
     <span class='ocr_line' id='line_1_17' title="bbox 168 835 954 871; baseline 0 -9"><span class='ocrx_word' id='word_1_96' title='bbox 168 835 393 871; x_wconf 85' lang='lat' dir='ltr'><strong>humiliatamque</strong></span> <span class='ocrx_word' id='word_1_97' title='bbox 406 835 570 862; x_wconf 88' lang='lat' dir='ltr'><strong>voluntatem</strong></span> <span class='ocrx_word' id='word_1_98' title='bbox 580 839 709 870; x_wconf 72' lang='lat' dir='ltr'><strong>prtestare</strong></span> <span class='ocrx_word' id='word_1_99' title='bbox 719 835 878 869; x_wconf 84' lang='lat' dir='ltr'><strong>videantur;</strong></span> <span class='ocrx_word' id='word_1_100' title='bbox 892 843 954 862; x_wconf 81' lang='lat' dir='ltr'><strong>nam</strong></span> 
     </span>
    </p>
   </div>
   <div class='ocr_carea' id='block_1_18' title="bbox 167 881 698 917">
    <p class='ocr_par' dir='ltr' id='par_1_18' title="bbox 167 881 698 917">
     <span class='ocr_line' id='line_1_18' title="bbox 167 881 698 917; baseline 0 -9"><span class='ocrx_word' id='word_1_101' title='bbox 167 882 268 913; x_wconf 79' lang='lat' dir='ltr'><strong>talibus</strong></span> <span class='ocrx_word' id='word_1_102' title='bbox 282 889 331 917; x_wconf 74' lang='lat' dir='ltr'><strong>ego</strong></span> <span class='ocrx_word' id='word_1_103' title='bbox 346 881 428 909; x_wconf 88' lang='lat' dir='ltr'><strong>vitam</strong></span> <span class='ocrx_word' id='word_1_104' title='bbox 443 885 572 908; x_wconf 68' lang='lat' dir='ltr'><strong>aeternam</strong></span> <span class='ocrx_word' id='word_1_105' title='bbox 587 881 698 916; x_wconf 77' lang='lat' dir='ltr'><strong>largior.</strong></span> 
     </span>
    </p>
   </div>
   <div class='ocr_carea' id='block_1_19' title="bbox 206 970 955 1006">
    <p class='ocr_par' dir='ltr' id='par_1_19' title="bbox 206 970 955 1006">
     <span class='ocr_line' id='line_1_19' title="bbox 206 970 955 1006; baseline -0.003 -8"><span class='ocrx_word' id='word_1_106' title='bbox 206 971 286 999; x_wconf 68' lang='lat' dir='ltr'><strong>Vens.</strong></span> <span class='ocrx_word' id='word_1_107' title='bbox 309 972 353 1006; x_wconf 81' lang='lat' dir='ltr'><strong>l6.</strong></span> <span class='ocrx_word' id='word_1_108' title='bbox 374 972 476 1000; x_wconf 89' lang='lat' dir='ltr'><strong>Ulcisci</strong></span> <span class='ocrx_word' id='word_1_109' title='bbox 498 979 531 999; x_wconf 85' lang='lat' dir='ltr'><strong>eo</strong></span> <span class='ocrx_word' id='word_1_110' title='bbox 554 979 637 999; x_wconf 89' lang='lat' dir='ltr'><strong>sensu</strong></span> <span class='ocrx_word' id='word_1_111' title='bbox 658 971 730 999; x_wconf 85' lang='lat' dir='ltr'><strong>Deus</strong></span> <span class='ocrx_word' id='word_1_112' title='bbox 750 970 861 1003; x_wconf 83' lang='lat' dir='ltr'><strong>dicitur,</strong></span> <span class='ocrx_word' id='word_1_113' title='bbox 881 970 955 1004; x_wconf 85' lang='lat' dir='ltr'><strong>quod</strong></span> 
     </span>
    </p>
   </div>
   <div class='ocr_carea' id='block_1_20' title="bbox 167 1017 955 1052">
    <p class='ocr_par' dir='ltr' id='par_1_20' title="bbox 167 1017 955 1052">
     <span class='ocr_line' id='line_1_20' title="bbox 167 1017 955 1052; baseline -0.001 -7"><span class='ocrx_word' id='word_1_114' title='bbox 167 1022 327 1052; x_wconf 82' lang='lat' dir='ltr'><strong>peccatores</strong></span> <span class='ocrx_word' id='word_1_115' title='bbox 342 1018 404 1045; x_wconf 91' lang='lat' dir='ltr'><strong>ideo</strong></span> <span class='ocrx_word' id='word_1_116' title='bbox 418 1019 498 1046; x_wconf 89' lang='lat' dir='ltr'><strong>malis</strong></span> <span class='ocrx_word' id='word_1_117' title='bbox 513 1017 628 1050; x_wconf 83' lang='lat' dir='ltr'><strong>alliciat,</strong></span> <span class='ocrx_word' id='word_1_118' title='bbox 643 1021 673 1044; x_wconf 91' lang='lat' dir='ltr'><strong>ut</strong></span> <span class='ocrx_word' id='word_1_119' title='bbox 689 1025 719 1045; x_wconf 88' lang='lat' dir='ltr'><strong>se</strong></span> <span class='ocrx_word' id='word_1_120' title='bbox 731 1017 847 1052; x_wconf 88' lang='lat' dir='ltr'><strong>quisque</strong></span> <span class='ocrx_word' id='word_1_121' title='bbox 858 1017 892 1043; x_wconf 87' lang='lat' dir='ltr'><strong>ad</strong></span> <span class='ocrx_word' id='word_1_122' title='bbox 907 1017 955 1044; x_wconf 82' lang='lat' dir='ltr'><strong>bo-</strong></span> 
     </span>
    </p>
   </div>
   <div class='ocr_carea' id='block_1_21' title="bbox 165 1063 954 1100">
    <p class='ocr_par' dir='ltr' id='par_1_21' title="bbox 165 1063 954 1100">
     <span class='ocr_line' id='line_1_21' title="bbox 165 1063 954 1100; baseline -0.001 -9"><span class='ocrx_word' id='word_1_123' title='bbox 165 1072 229 1091; x_wconf 87' lang='lat' dir='ltr'><strong>nam</strong></span> <span class='ocrx_word' id='word_1_124' title='bbox 248 1063 353 1100; x_wconf 79' lang='lat' dir='ltr'><strong>frugem</strong></span> <span class='ocrx_word' id='word_1_125' title='bbox 371 1065 503 1099; x_wconf 83' lang='lat' dir='ltr'><strong>recipiat;</strong></span> <span class='ocrx_word' id='word_1_126' title='bbox 524 1064 596 1099; x_wconf 88' lang='lat' dir='ltr'><strong>quod</strong></span> <span class='ocrx_word' id='word_1_127' title='bbox 618 1064 683 1091; x_wconf 80' lang='lat' dir='ltr'><strong>facit</strong></span> <span class='ocrx_word' id='word_1_128' title='bbox 695 1064 784 1096; x_wconf 83' lang='lat' dir='ltr'><strong>Deus,</strong></span> <span class='ocrx_word' id='word_1_129' title='bbox 799 1063 954 1090; x_wconf 84' lang='lat' dir='ltr'><strong>misericor-</strong></span> 
     </span>
    </p>
   </div>
   <div class='ocr_carea' id='block_1_22' title="bbox 165 1109 446 1145">
    <p class='ocr_par' dir='ltr' id='par_1_22' title="bbox 165 1109 446 1145">
     <span class='ocr_line' id='line_1_22' title="bbox 165 1109 446 1145; baseline 0.004 -9"><span class='ocrx_word' id='word_1_130' title='bbox 165 1109 209 1136; x_wconf 85' lang='lat' dir='ltr'><strong>dia</strong></span> <span class='ocrx_word' id='word_1_131' title='bbox 226 1111 305 1138; x_wconf 84' lang='lat' dir='ltr'><strong>nobis</strong></span> <span class='ocrx_word' id='word_1_132' title='bbox 320 1118 446 1145; x_wconf 81' lang='lat' dir='ltr'><strong>parcens.</strong></span> 
     </span>
    </p>
   </div>
   <div class='ocr_carea' id='block_1_23' title="bbox 202 1155 954 1192">
    <p class='ocr_par' dir='ltr' id='par_1_23' title="bbox 202 1155 954 1192">
     <span class='ocr_line' id='line_1_23' title="bbox 202 1155 954 1192; baseline 0.003 -12"><span class='ocrx_word' id='word_1_133' title='bbox 202 1155 285 1191; x_wconf 60' lang='lat' dir='ltr'><strong>Vens.</strong></span> <span class='ocrx_word' id='word_1_134' title='bbox 307 1157 349 1192; x_wconf 71' lang='lat'><strong>17.</strong></span> <span class='ocrx_word' id='word_1_135' title='bbox 372 1157 400 1183; x_wconf 92' lang='lat' dir='ltr'>In</span> <span class='ocrx_word' id='word_1_136' title='bbox 414 1157 481 1192; x_wconf 86' lang='lat' dir='ltr'><strong>ipsis</strong></span> <span class='ocrx_word' id='word_1_137' title='bbox 494 1157 574 1184; x_wconf 85' lang='lat' dir='ltr'><strong>etiam</strong></span> <span class='ocrx_word' id='word_1_138' title='bbox 588 1157 676 1192; x_wconf 76' lang='lat' dir='ltr'><strong>pcenis</strong></span> <span class='ocrx_word' id='word_1_139' title='bbox 687 1156 840 1191; x_wconf 87' lang='lat' dir='ltr'><strong>repetendis</strong></span> <span class='ocrx_word' id='word_1_140' title='bbox 850 1156 954 1183; x_wconf 84' lang='lat' dir='ltr'><strong>miscri-</strong></span> 
     </span>
    </p>
   </div>
   <div class='ocr_carea' id='block_1_24' title="bbox 165 1202 953 1237">
    <p class='ocr_par' dir='ltr' id='par_1_24' title="bbox 165 1202 953 1237">
     <span class='ocr_line' id='line_1_24' title="bbox 165 1202 953 1237; baseline -0.001 -8"><span class='ocrx_word' id='word_1_141' title='bbox 165 1202 285 1229; x_wconf 88' lang='lat' dir='ltr'><strong>cordiam</strong></span> <span class='ocrx_word' id='word_1_142' title='bbox 301 1210 378 1230; x_wconf 87' lang='lat' dir='ltr'><strong>suam</strong></span> <span class='ocrx_word' id='word_1_143' title='bbox 392 1203 514 1231; x_wconf 86' lang='lat' dir='ltr'><strong>declarat</strong></span> <span class='ocrx_word' id='word_1_144' title='bbox 530 1203 615 1236; x_wconf 89' lang='lat' dir='ltr'><strong>Deus,</strong></span> <span class='ocrx_word' id='word_1_145' title='bbox 633 1202 697 1229; x_wconf 90' lang='lat' dir='ltr'><strong>dum</strong></span> <span class='ocrx_word' id='word_1_146' title='bbox 710 1203 794 1229; x_wconf 87' lang='lat' dir='ltr'><strong>multa</strong></span> <span class='ocrx_word' id='word_1_147' title='bbox 809 1205 953 1237; x_wconf 80' lang='lat' dir='ltr'><strong>peccantes</strong></span> 
     </span>
    </p>
   </div>
   <div class='ocr_carea' id='block_1_25' title="bbox 164 1249 379 1284">
    <p class='ocr_par' dir='ltr' id='par_1_25' title="bbox 164 1249 379 1284">
     <span class='ocr_line' id='line_1_25' title="bbox 164 1249 379 1284; baseline 0.005 -9"><span class='ocrx_word' id='word_1_148' title='bbox 164 1249 260 1284; x_wconf 84' lang='lat' dir='ltr'><strong>paucis</strong></span> <span class='ocrx_word' id='word_1_149' title='bbox 276 1249 379 1284; x_wconf 78' lang='lat' dir='ltr'><strong>allligit.</strong></span> 
     </span>
    </p>
   </div>
   <div class='ocr_carea' id='block_1_26' title="bbox 200 1294 952 1331">
    <p class='ocr_par' dir='ltr' id='par_1_26' title="bbox 200 1294 952 1331">
     <span class='ocr_line' id='line_1_26' title="bbox 200 1294 952 1331; baseline 0 -9"><span class='ocrx_word' id='word_1_150' title='bbox 200 1295 263 1330; x_wconf 61' lang='lat' dir='ltr'><strong>CAP.</strong></span> <span class='ocrx_word' id='word_1_151' title='bbox 281 1295 379 1328; x_wconf 88' lang='lat' dir='ltr'>LVIII,</span> <span class='ocrx_word' id='word_1_152' title='bbox 396 1294 480 1323; x_wconf 74' lang='lat' dir='ltr'><strong>Vens.</strong></span> <span class='ocrx_word' id='word_1_153' title='bbox 494 1296 519 1323; x_wconf 83' lang='lat' dir='ltr'><strong>I.</strong></span> <span class='ocrx_word' id='word_1_154' title='bbox 535 1295 600 1323; x_wconf 79' lang='lat' dir='ltr'><strong>Rem</strong></span> <span class='ocrx_word' id='word_1_155' title='bbox 615 1295 709 1323; x_wconf 90' lang='lat' dir='ltr'><strong>leviter</strong></span> <span class='ocrx_word' id='word_1_156' title='bbox 722 1295 952 1331; x_wconf 88' lang='lat' dir='ltr'><strong>perpendentibus</strong></span> 
     </span>
    </p>
   </div>
   <div class='ocr_carea' id='block_1_27' title="bbox 164 1342 951 1377">
    <p class='ocr_par' dir='ltr' id='par_1_27' title="bbox 164 1342 951 1377">
     <span class='ocr_line' id='line_1_27' title="bbox 164 1342 951 1377; baseline 0.001 -9"><span class='ocrx_word' id='word_1_157' title='bbox 164 1342 251 1369; x_wconf 70' lang='lat' dir='ltr'><strong>laetari</strong></span> <span class='ocrx_word' id='word_1_158' title='bbox 272 1342 400 1369; x_wconf 83' lang='lat' dir='ltr'><strong>videntur</strong></span> <span class='ocrx_word' id='word_1_159' title='bbox 420 1342 494 1377; x_wconf 88' lang='lat' dir='ltr'><strong>impii</strong></span> <span class='ocrx_word' id='word_1_160' title='bbox 516 1343 543 1369; x_wconf 93' lang='lat' dir='ltr'><strong>in</strong></span> <span class='ocrx_word' id='word_1_161' title='bbox 566 1342 753 1377; x_wconf 85' lang='lat' dir='ltr'><strong>voluptatibus</strong></span> <span class='ocrx_word' id='word_1_162' title='bbox 773 1343 851 1376; x_wconf 89' lang='lat' dir='ltr'><strong>suis;</strong></span> <span class='ocrx_word' id='word_1_163' title='bbox 874 1346 902 1369; x_wconf 87' lang='lat' dir='ltr'><strong>at</strong></span> <span class='ocrx_word' id='word_1_164' title='bbox 924 1343 951 1369; x_wconf 94' lang='lat' dir='ltr'><strong>in</strong></span> 
     </span>
    </p>
   </div>
   <div class='ocr_carea' id='block_1_28' title="bbox 164 1388 951 1423">
    <p class='ocr_par' dir='ltr' id='par_1_28' title="bbox 164 1388 951 1423">
     <span class='ocr_line' id='line_1_28' title="bbox 164 1388 951 1423; baseline -0.001 -7"><span class='ocrx_word' id='word_1_165' title='bbox 164 1389 223 1416; x_wconf 80' lang='lat' dir='ltr'><strong>dies</strong></span> <span class='ocrx_word' id='word_1_166' title='bbox 245 1388 278 1415; x_wconf 84' lang='lat' dir='ltr'><strong>ad</strong></span> <span class='ocrx_word' id='word_1_167' title='bbox 296 1388 442 1423; x_wconf 86' lang='lat' dir='ltr'><strong>perniciem</strong></span> <span class='ocrx_word' id='word_1_168' title='bbox 461 1389 572 1423; x_wconf 87' lang='lat' dir='ltr'><strong>propius</strong></span> <span class='ocrx_word' id='word_1_169' title='bbox 585 1388 762 1420; x_wconf 83' lang='lat' dir='ltr'><strong>accedentes,</strong></span> <span class='ocrx_word' id='word_1_170' title='bbox 779 1396 843 1415; x_wconf 82' lang='lat' dir='ltr'><strong>vera</strong></span> <span class='ocrx_word' id='word_1_171' title='bbox 859 1389 951 1416; x_wconf 68' lang='lat' dir='ltr'><strong>laetitia</strong></span> 
     </span>
    </p>
   </div>
   <div class='ocr_carea' id='block_1_29' title="bbox 164 1433 952 1469">
    <p class='ocr_par' dir='ltr' id='par_1_29' title="bbox 164 1433 952 1469">
     <span class='ocr_line' id='line_1_29' title="bbox 164 1433 952 1469; baseline 0 -9"><span class='ocrx_word' id='word_1_172' title='bbox 164 1437 278 1468; x_wconf 70' lang='lat' dir='ltr'><strong>carent;</strong></span> <span class='ocrx_word' id='word_1_173' title='bbox 293 1441 347 1460; x_wconf 92' lang='lat' dir='ltr'><strong>non</strong></span> <span class='ocrx_word' id='word_1_174' title='bbox 365 1433 437 1466; x_wconf 85' lang='lat' dir='ltr'><strong>enim</strong></span> <span class='ocrx_word' id='word_1_175' title='bbox 454 1437 495 1461; x_wconf 85' lang='lat' dir='ltr'><strong>est</strong></span> <span class='ocrx_word' id='word_1_176' title='bbox 511 1433 564 1460; x_wconf 89' lang='lat' dir='ltr'><strong>alia</strong></span> <span class='ocrx_word' id='word_1_177' title='bbox 578 1433 670 1461; x_wconf 58' lang='lat' dir='ltr'><strong>latitia</strong></span> <span class='ocrx_word' id='word_1_178' title='bbox 689 1437 787 1467; x_wconf 82' lang='lat' dir='ltr'><strong>praeter</strong></span> <span class='ocrx_word' id='word_1_179' title='bbox 800 1441 859 1461; x_wconf 88' lang='lat' dir='ltr'><strong>eam</strong></span> <span class='ocrx_word' id='word_1_180' title='bbox 870 1455 877 1466; x_wconf 83' lang='lat'><strong>,</strong></span> <span class='ocrx_word' id='word_1_181' title='bbox 892 1442 952 1469; x_wconf 76' lang='lat' dir='ltr'><strong>qua:</strong></span> 
     </span>
    </p>
   </div>
   <div class='ocr_carea' id='block_1_30' title="bbox 163 1479 951 1519">
    <p class='ocr_par' dir='ltr' id='par_1_30' title="bbox 163 1479 951 1519">
     <span class='ocr_line' id='line_1_30' title="bbox 163 1479 951 1519; baseline 0.001 -13"><span class='ocrx_word' id='word_1_182' title='bbox 163 1487 213 1519; x_wconf 88' lang='lat' dir='ltr'><strong>per</strong></span> <span class='ocrx_word' id='word_1_183' title='bbox 229 1479 336 1506; x_wconf 87' lang='lat' dir='ltr'><strong>labores</strong></span> <span class='ocrx_word' id='word_1_184' title='bbox 354 1484 381 1506; x_wconf 86' lang='lat' dir='ltr'><strong>et</strong></span> <span class='ocrx_word' id='word_1_185' title='bbox 400 1479 589 1506; x_wconf 88' lang='lat' dir='ltr'><strong>tribulationes</strong></span> <span class='ocrx_word' id='word_1_186' title='bbox 601 1479 685 1506; x_wconf 88' lang='lat' dir='ltr'><strong>vitam</strong></span> <span class='ocrx_word' id='word_1_187' title='bbox 700 1483 829 1512; x_wconf 74' lang='lat' dir='ltr'><strong>atet&#39;nam</strong></span> <span class='ocrx_word' id='word_1_188' title='bbox 854 1487 951 1515; x_wconf 86' lang='lat' dir='ltr'><strong>opera-</strong></span> 
     </span>
    </p>
   </div>
   <div class='ocr_carea' id='block_1_31' title="bbox 162 1525 986 1575">
    <p class='ocr_par' dir='ltr' id='par_1_31' title="bbox 162 1525 986 1575">
     <span class='ocr_line' id='line_1_31' title="bbox 162 1525 986 1575; baseline -0.001 -21"><span class='ocrx_word' id='word_1_189' title='bbox 162 1530 219 1555; x_wconf 89' lang='lat' dir='ltr'><strong>tur.</strong></span> <span class='ocrx_word' id='word_1_190' title='bbox 236 1525 307 1553; x_wconf 83' lang='lat' dir='ltr'><strong>Justi</strong></span> <span class='ocrx_word' id='word_1_191' title='bbox 323 1530 411 1553; x_wconf 84' lang='lat' dir='ltr'><strong>autem</strong></span> <span class='ocrx_word' id='word_1_192' title='bbox 427 1533 490 1553; x_wconf 84' lang='lat' dir='ltr'><strong>vera</strong></span> <span class='ocrx_word' id='word_1_193' title='bbox 503 1526 595 1553; x_wconf 63' lang='lat' dir='ltr'><strong>laetitia</strong></span> <span class='ocrx_word' id='word_1_194' title='bbox 609 1526 768 1561; x_wconf 86' lang='lat' dir='ltr'><strong>replentur;</strong></span> <span class='ocrx_word' id='word_1_195' title='bbox 787 1527 886 1561; x_wconf 88' lang='lat' dir='ltr'><strong>quippe</strong></span> <span class='ocrx_word' id='word_1_196' title='bbox 903 1526 949 1560; x_wconf 88' lang='lat' dir='ltr'><strong>qui</strong></span> <span class='ocrx_word' id='word_1_197' title='bbox 964 1545 986 1575; x_wconf 69' lang='grc' dir='ltr'>ο</span> 
     </span>
    </p>
   </div>
   <div class='ocr_carea' id='block_1_32' title="bbox 162 1572 950 1609">
    <p class='ocr_par' dir='ltr' id='par_1_32' title="bbox 162 1572 950 1609">
     <span class='ocr_line' id='line_1_32' title="bbox 162 1572 950 1609; baseline 0 -9"><span class='ocrx_word' id='word_1_198' title='bbox 162 1580 245 1608; x_wconf 88' lang='lat' dir='ltr'><strong>opere</strong></span> <span class='ocrx_word' id='word_1_199' title='bbox 266 1579 298 1599; x_wconf 88' lang='lat' dir='ltr'><strong>ea</strong></span> <span class='ocrx_word' id='word_1_200' title='bbox 319 1572 463 1607; x_wconf 80' lang='lat' dir='ltr'><strong>perﬁciunt</strong></span> <span class='ocrx_word' id='word_1_201' title='bbox 476 1580 536 1608; x_wconf 76' lang='lat' dir='ltr'><strong>quae</strong></span> <span class='ocrx_word' id='word_1_202' title='bbox 549 1572 711 1609; x_wconf 51' lang='lat' dir='ltr'><strong>intendunt,</strong></span> <span class='ocrx_word' id='word_1_203' title='bbox 726 1577 753 1600; x_wconf 86' lang='lat' dir='ltr'><strong>et</strong></span> <span class='ocrx_word' id='word_1_204' title='bbox 768 1572 829 1600; x_wconf 89' lang='lat' dir='ltr'><strong>ideo</strong></span> <span class='ocrx_word' id='word_1_205' title='bbox 843 1573 950 1607; x_wconf 84' lang='lat' dir='ltr'><strong>placida</strong></span> 
     </span>
    </p>
   </div>
   <div class='ocr_carea' id='block_1_33' title="bbox 163 1617 616 1654">
    <p class='ocr_par' dir='ltr' id='par_1_33' title="bbox 163 1617 616 1654">
     <span class='ocr_line' id='line_1_33' title="bbox 163 1617 616 1654; baseline -0.002 -9"><span class='ocrx_word' id='word_1_206' title='bbox 163 1623 254 1646; x_wconf 88' lang='lat' dir='ltr'><strong>mente</strong></span> <span class='ocrx_word' id='word_1_207' title='bbox 270 1617 398 1644; x_wconf 83' lang='lat' dir='ltr'><strong>fruuntur</strong></span> <span class='ocrx_word' id='word_1_208' title='bbox 413 1625 445 1644; x_wconf 85' lang='lat' dir='ltr'><strong>ac</strong></span> <span class='ocrx_word' id='word_1_209' title='bbox 459 1618 616 1654; x_wconf 66' lang='lat' dir='ltr'><strong>tranquilla.</strong></span> 
     </span>
    </p>
   </div>
   <div class='ocr_carea' id='block_1_34' title="bbox 200 1706 948 1742">
    <p class='ocr_par' dir='ltr' id='par_1_34' title="bbox 200 1706 948 1742">
     <span class='ocr_line' id='line_1_34' title="bbox 200 1706 948 1742; baseline 0.001 -9"><span class='ocrx_word' id='word_1_210' title='bbox 200 1706 281 1734; x_wconf 70' lang='lat' dir='ltr'><strong>Vens.</strong></span> <span class='ocrx_word' id='word_1_211' title='bbox 298 1707 325 1734; x_wconf 89' lang='lat'><strong>9.</strong></span> <span class='ocrx_word' id='word_1_212' title='bbox 341 1707 406 1740; x_wconf 63' lang='lat' dir='ltr'><strong>Quae</strong></span> <span class='ocrx_word' id='word_1_213' title='bbox 417 1707 525 1742; x_wconf 83' lang='lat' dir='ltr'><strong>quidem</strong></span> <span class='ocrx_word' id='word_1_214' title='bbox 540 1707 697 1734; x_wconf 86' lang='lat' dir='ltr'><strong>hominibus</strong></span> <span class='ocrx_word' id='word_1_215' title='bbox 710 1707 862 1742; x_wconf 78' lang='lat' dir='ltr'><strong>peragenda</strong></span> <span class='ocrx_word' id='word_1_216' title='bbox 875 1711 948 1740; x_wconf 88' lang='lat' dir='ltr'><strong>sunt,</strong></span> 
     </span>
    </p>
   </div>
   <div class='ocr_carea' id='block_1_35' title="bbox 163 1753 882 1781">
    <p class='ocr_par' dir='ltr' id='par_1_35' title="bbox 163 1753 882 1781">
     <span class='ocr_line' id='line_1_35' title="bbox 163 1753 882 1781; baseline 0.001 -2"><span class='ocrx_word' id='word_1_217' title='bbox 163 1754 247 1780; x_wconf 79' lang='lat' dir='ltr'><strong>vitam</strong></span> <span class='ocrx_word' id='word_1_218' title='bbox 263 1761 339 1781; x_wconf 90' lang='lat' dir='ltr'><strong>suam</strong></span> <span class='ocrx_word' id='word_1_219' title='bbox 356 1757 383 1781; x_wconf 91' lang='lat' dir='ltr'><strong>et</strong></span> <span class='ocrx_word' id='word_1_220' title='bbox 399 1761 489 1780; x_wconf 87' lang='lat' dir='ltr'><strong>mures</strong></span> <span class='ocrx_word' id='word_1_221' title='bbox 505 1761 570 1780; x_wconf 92' lang='lat' dir='ltr'><strong>suos</strong></span> <span class='ocrx_word' id='word_1_222' title='bbox 586 1758 658 1781; x_wconf 90' lang='lat' dir='ltr'><strong>recte</strong></span> <span class='ocrx_word' id='word_1_223' title='bbox 673 1753 882 1781; x_wconf 87' lang='lat' dir='ltr'><strong>instruentibus.</strong></span> 
     </span>
    </p>
   </div>
   <div class='ocr_carea' id='block_1_36' title="bbox 197 1798 950 1836">
    <p class='ocr_par' dir='ltr' id='par_1_36' title="bbox 197 1798 950 1836">
     <span class='ocr_line' id='line_1_36' title="bbox 197 1798 950 1836; baseline 0.001 -10"><span class='ocrx_word' id='word_1_224' title='bbox 197 1799 266 1835; x_wconf 69' lang='lat' dir='ltr'><strong>CAP.</strong></span> <span class='ocrx_word' id='word_1_225' title='bbox 283 1798 356 1832; x_wconf 80' lang='lat' dir='ltr'><strong>LIX,</strong></span> <span class='ocrx_word' id='word_1_226' title='bbox 378 1799 460 1827; x_wconf 73' lang='lat' dir='ltr'><strong>Vens.</strong></span> <span class='ocrx_word' id='word_1_227' title='bbox 477 1800 502 1827; x_wconf 87' lang='lat'><strong>5.</strong></span> <span class='ocrx_word' id='word_1_228' title='bbox 524 1799 655 1834; x_wconf 88' lang='lat' dir='ltr'><strong>Pleraque</strong></span> <span class='ocrx_word' id='word_1_229' title='bbox 676 1799 868 1832; x_wconf 87' lang='lat' dir='ltr'><strong>consiliorum,</strong></span> <span class='ocrx_word' id='word_1_230' title='bbox 889 1808 950 1836; x_wconf 69' lang='lat' dir='ltr'><strong>qua:</strong></span> 
     </span>
    </p>
   </div>
   <div class='ocr_carea' id='block_1_37' title="bbox 163 1845 949 1881">
    <p class='ocr_par' dir='ltr' id='par_1_37' title="bbox 163 1845 949 1881">
     <span class='ocr_line' id='line_1_37' title="bbox 163 1845 949 1881; baseline 0.001 -9"><span class='ocrx_word' id='word_1_231' title='bbox 163 1845 253 1873; x_wconf 87' lang='lat' dir='ltr'><strong>verbis</strong></span> <span class='ocrx_word' id='word_1_232' title='bbox 273 1846 357 1873; x_wconf 85' lang='lat' dir='ltr'><strong>locuti</strong></span> <span class='ocrx_word' id='word_1_233' title='bbox 384 1850 464 1878; x_wconf 87' lang='lat' dir='ltr'><strong>sunt,</strong></span> <span class='ocrx_word' id='word_1_234' title='bbox 491 1850 520 1873; x_wconf 91' lang='lat' dir='ltr'><strong>ut</strong></span> <span class='ocrx_word' id='word_1_235' title='bbox 543 1854 594 1874; x_wconf 90' lang='lat' dir='ltr'><strong>ova</strong></span> <span class='ocrx_word' id='word_1_236' title='bbox 615 1846 740 1881; x_wconf 88' lang='lat' dir='ltr'><strong>aspidum</strong></span> <span class='ocrx_word' id='word_1_237' title='bbox 754 1847 876 1874; x_wconf 92' lang='lat' dir='ltr'><strong>nondum</strong></span> <span class='ocrx_word' id='word_1_238' title='bbox 891 1854 949 1873; x_wconf 92' lang='lat' dir='ltr'><strong>ma-</strong></span> 
     </span>
    </p>
   </div>
   <div class='ocr_carea' id='block_1_38' title="bbox 161 1892 948 1928">
    <p class='ocr_par' dir='ltr' id='par_1_38' title="bbox 161 1892 948 1928">
     <span class='ocr_line' id='line_1_38' title="bbox 161 1892 948 1928; baseline 0.004 -11"><span class='ocrx_word' id='word_1_239' title='bbox 161 1894 242 1920; x_wconf 83' lang='lat' dir='ltr'><strong>tura.</strong></span> <span class='ocrx_word' id='word_1_240' title='bbox 260 1896 306 1918; x_wconf 88' lang='lat' dir='ltr'><strong>aut</strong></span> <span class='ocrx_word' id='word_1_241' title='bbox 322 1892 373 1919; x_wconf 88' lang='lat' dir='ltr'><strong>tela</strong></span> <span class='ocrx_word' id='word_1_242' title='bbox 389 1899 494 1919; x_wconf 78' lang='lat' dir='ltr'><strong>araneae</strong></span> <span class='ocrx_word' id='word_1_243' title='bbox 509 1900 569 1927; x_wconf 73' lang='lat' dir='ltr'><strong>qua:</strong></span> <span class='ocrx_word' id='word_1_244' title='bbox 590 1892 693 1919; x_wconf 91' lang='lat' dir='ltr'><strong>nullius</strong></span> <span class='ocrx_word' id='word_1_245' title='bbox 714 1900 783 1920; x_wconf 84' lang='lat' dir='ltr'><strong>usus</strong></span> <span class='ocrx_word' id='word_1_246' title='bbox 805 1897 865 1925; x_wconf 88' lang='lat' dir='ltr'><strong>est,</strong></span> <span class='ocrx_word' id='word_1_247' title='bbox 888 1893 948 1928; x_wconf 91' lang='lat' dir='ltr'><strong>plus</strong></span> 
     </span>
    </p>
   </div>
   <div class='ocr_carea' id='block_1_39' title="bbox 161 1936 949 1972">
    <p class='ocr_par' dir='ltr' id='par_1_39' title="bbox 161 1936 949 1972">
     <span class='ocr_line' id='line_1_39' title="bbox 161 1936 949 1972; baseline 0.004 -9"><span class='ocrx_word' id='word_1_248' title='bbox 161 1936 252 1964; x_wconf 86' lang='lat' dir='ltr'><strong>damni</strong></span> <span class='ocrx_word' id='word_1_249' title='bbox 266 1936 381 1964; x_wconf 80' lang='lat' dir='ltr'><strong>alTerunt</strong></span> <span class='ocrx_word' id='word_1_250' title='bbox 393 1945 474 1972; x_wconf 83' lang='lat' dir='ltr'><strong>quam</strong></span> <span class='ocrx_word' id='word_1_251' title='bbox 490 1938 624 1965; x_wconf 85' lang='lat' dir='ltr'><strong>utilitatis.</strong></span> <span class='ocrx_word' id='word_1_252' title='bbox 639 1938 718 1971; x_wconf 86' lang='lat' dir='ltr'><strong>Quod</strong></span> <span class='ocrx_word' id='word_1_253' title='bbox 734 1939 757 1966; x_wconf 89' lang='lat' dir='ltr'><strong>si</strong></span> <span class='ocrx_word' id='word_1_254' title='bbox 773 1943 863 1966; x_wconf 86' lang='lat' dir='ltr'><strong>autem</strong></span> <span class='ocrx_word' id='word_1_255' title='bbox 879 1938 949 1966; x_wconf 75' lang='lat' dir='ltr'><strong>forte</strong></span> 
     </span>
    </p>
   </div>
   <div class='ocr_carea' id='block_1_40' title="bbox 161 1980 948 2018">
    <p class='ocr_par' dir='ltr' id='par_1_40' title="bbox 161 1980 948 2018">
     <span class='ocr_line' id='line_1_40' title="bbox 161 1980 948 2018; baseline 0.006 -10"><span class='ocrx_word' id='word_1_256' title='bbox 161 1990 192 2009; x_wconf 83' lang='lat' dir='ltr'><strong>ea</strong></span> <span class='ocrx_word' id='word_1_257' title='bbox 203 2002 210 2013; x_wconf 88' lang='lat'><strong>,</strong></span> <span class='ocrx_word' id='word_1_258' title='bbox 228 1982 301 2009; x_wconf 89' lang='lat' dir='ltr'><strong>velut</strong></span> <span class='ocrx_word' id='word_1_259' title='bbox 318 1983 372 2009; x_wconf 80' lang='lat' dir='ltr'><strong>fota</strong></span> <span class='ocrx_word' id='word_1_260' title='bbox 384 2003 391 2014; x_wconf 88' lang='lat'><strong>,</strong></span> <span class='ocrx_word' id='word_1_261' title='bbox 408 1991 490 2017; x_wconf 88' lang='lat' dir='ltr'><strong>opere</strong></span> <span class='ocrx_word' id='word_1_262' title='bbox 504 1980 662 2018; x_wconf 80' lang='lat' dir='ltr'><strong>perﬁcient,</strong></span> <span class='ocrx_word' id='word_1_263' title='bbox 681 1992 772 2012; x_wconf 90' lang='lat' dir='ltr'><strong>nonne</strong></span> <span class='ocrx_word' id='word_1_264' title='bbox 787 1985 884 2013; x_wconf 89' lang='lat' dir='ltr'><strong>merito</strong></span> <span class='ocrx_word' id='word_1_265' title='bbox 901 1993 948 2013; x_wconf 89' lang='lat' dir='ltr'><strong>eos</strong></span> 
     </span>
    </p>
   </div>
   <div class='ocr_carea' id='block_1_41' title="bbox 161 2027 948 2065">
    <p class='ocr_par' dir='ltr' id='par_1_41' title="bbox 161 2027 948 2065">
     <span class='ocr_line' id='line_1_41' title="bbox 161 2027 948 2065; baseline 0.005 -12"><span class='ocrx_word' id='word_1_266' title='bbox 161 2035 224 2056; x_wconf 80' lang='lat' dir='ltr'><strong>eum</strong></span> <span class='ocrx_word' id='word_1_267' title='bbox 239 2027 397 2062; x_wconf 85' lang='lat' dir='ltr'><strong>hominibus</strong></span> <span class='ocrx_word' id='word_1_268' title='bbox 411 2028 568 2059; x_wconf 79' lang='lat' dir='ltr'><strong>conferres.</strong></span> <span class='ocrx_word' id='word_1_269' title='bbox 584 2036 665 2057; x_wconf 83' lang='lat' dir='ltr'><strong>ovum</strong></span> <span class='ocrx_word' id='word_1_270' title='bbox 679 2030 783 2064; x_wconf 83' lang='lat' dir='ltr'><strong>aspidis</strong></span> <span class='ocrx_word' id='word_1_271' title='bbox 797 2029 948 2065; x_wconf 76' lang='lat' dir='ltr'><strong>frangenti-</strong></span> 
     </span>
    </p>
   </div>
   <div class='ocr_carea' id='block_1_42' title="bbox 161 2073 949 2109">
    <p class='ocr_par' dir='ltr' id='par_1_42' title="bbox 161 2073 949 2109">
     <span class='ocr_line' id='line_1_42' title="bbox 161 2073 949 2109; baseline 0.005 -10"><span class='ocrx_word' id='word_1_272' title='bbox 161 2073 229 2104; x_wconf 80' lang='lat' dir='ltr'><strong>bus,</strong></span> <span class='ocrx_word' id='word_1_273' title='bbox 243 2080 270 2099; x_wconf 90' lang='lat' dir='ltr'><strong>et</strong></span> <span class='ocrx_word' id='word_1_274' title='bbox 284 2073 312 2100; x_wconf 94' lang='lat' dir='ltr'><strong>in</strong></span> <span class='ocrx_word' id='word_1_275' title='bbox 326 2081 359 2100; x_wconf 92' lang='lat' dir='ltr'><strong>eo</strong></span> <span class='ocrx_word' id='word_1_276' title='bbox 375 2073 498 2108; x_wconf 79' lang='lat' dir='ltr'><strong>regulum</strong></span> <span class='ocrx_word' id='word_1_277' title='bbox 521 2075 721 2109; x_wconf 82' lang='lat' dir='ltr'><strong>reperientihus</strong></span> <span class='ocrx_word' id='word_1_278' title='bbox 733 2075 744 2102; x_wconf 87' lang='lat'><strong>?</strong></span> <span class='ocrx_word' id='word_1_279' title='bbox 767 2074 819 2108; x_wconf 83' lang='lat' dir='ltr'><strong>Qui</strong></span> <span class='ocrx_word' id='word_1_280' title='bbox 843 2076 949 2103; x_wconf 78' lang='lat' dir='ltr'><strong>sciliCet</strong></span> 
     </span>
    </p>
   </div>
   <div class='ocr_carea' id='block_1_43' title="bbox 161 2116 704 2151">
    <p class='ocr_par' dir='ltr' id='par_1_43' title="bbox 161 2116 704 2151">
     <span class='ocr_line' id='line_1_43' title="bbox 161 2116 704 2151; baseline 0.006 -9"><span class='ocrx_word' id='word_1_281' title='bbox 161 2116 258 2151; x_wconf 76' lang='lat' dir='ltr'><strong>anguis</strong></span> <span class='ocrx_word' id='word_1_282' title='bbox 274 2120 316 2144; x_wconf 89' lang='lat' dir='ltr'><strong>est</strong></span> <span class='ocrx_word' id='word_1_283' title='bbox 331 2121 481 2145; x_wconf 85' lang='lat' dir='ltr'><strong>venenatus</strong></span> <span class='ocrx_word' id='word_1_284' title='bbox 496 2121 523 2145; x_wconf 90' lang='lat' dir='ltr'><strong>et</strong></span> <span class='ocrx_word' id='word_1_285' title='bbox 537 2118 704 2147; x_wconf 80' lang='lat' dir='ltr'><strong>mortiferus.</strong></span> 
     </span>
    </p>
   </div>
   <div class='ocr_carea' id='block_1_44' title="bbox 1011 239 1803 278">
    <p class='ocr_par' dir='ltr' id='par_1_44' title="bbox 1011 239 1803 278">
     <span class='ocr_line' id='line_1_44' title="bbox 1011 239 1803 278; baseline -0.004 -9"><span class='ocrx_word' id='word_1_286' title='bbox 1011 243 1137 278; x_wconf 84' lang='grc' dir='ltr'>ἐχοντας·</span> <span class='ocrx_word' id='word_1_287' title='bbox 1161 242 1278 274; x_wconf 76' lang='grc' dir='ltr'>εἰδώλοις</span> <span class='ocrx_word' id='word_1_288' title='bbox 1303 242 1357 278; x_wconf 83' lang='grc' dir='ltr'><strong>γὰρ</strong></span> <span class='ocrx_word' id='word_1_289' title='bbox 1372 240 1594 277; x_wconf 80' lang='grc' dir='ltr'><strong>προσκυνοῦντες,</strong></span> <span class='ocrx_word' id='word_1_290' title='bbox 1625 241 1673 267; x_wconf 69' lang='grc' dir='ltr'><strong>καὶ</strong></span> <span class='ocrx_word' id='word_1_291' title='bbox 1695 239 1803 266; x_wconf 74' lang='grc' dir='ltr'>τούτοις</span> 
     </span>
    </p>
   </div>
   <div class='ocr_carea' id='block_1_45' title="bbox 1011 284 1802 320">
    <p class='ocr_par' dir='ltr' id='par_1_45' title="bbox 1011 284 1802 320">
     <span class='ocr_line' id='line_1_45' title="bbox 1011 284 1802 320; baseline -0.001 -10"><span class='ocrx_word' id='word_1_292' title='bbox 1011 285 1194 320; x_wconf 77' lang='grc' dir='ltr'><strong>προσάγοντες</strong></span> <span class='ocrx_word' id='word_1_293' title='bbox 1223 285 1257 312; x_wconf 75' lang='grc' dir='ltr'>τὰ</span> <span class='ocrx_word' id='word_1_294' title='bbox 1282 286 1385 312; x_wconf 79' lang='grc' dir='ltr'><strong>ἑαυτῶν</strong></span> <span class='ocrx_word' id='word_1_295' title='bbox 1407 286 1490 312; x_wconf 81' lang='grc' dir='ltr'>τέκνα</span> <span class='ocrx_word' id='word_1_296' title='bbox 1513 285 1552 314; x_wconf 78' lang='grc' dir='ltr'><strong>εἰς</strong></span> <span class='ocrx_word' id='word_1_297' title='bbox 1580 284 1687 319; x_wconf 78' lang='grc' dir='ltr'>σφαγὴν</span> <span class='ocrx_word' id='word_1_298' title='bbox 1704 284 1752 310; x_wconf 79' lang='grc' dir='ltr'><strong>ἐπί</strong></span> <span class='ocrx_word' id='word_1_299' title='bbox 1771 291 1802 309; x_wconf 73' lang='grc' dir='ltr'><strong>τε</strong></span> 
     </span>
    </p>
   </div>
   <div class='ocr_carea' id='block_1_46' title="bbox 1008 329 1802 367">
    <p class='ocr_par' dir='ltr' id='par_1_46' title="bbox 1008 329 1802 367">
     <span class='ocr_line' id='line_1_46' title="bbox 1008 329 1802 367; baseline -0.003 -10"><span class='ocrx_word' id='word_1_300' title='bbox 1008 331 1062 357; x_wconf 84' lang='grc' dir='ltr'>τῶν</span> <span class='ocrx_word' id='word_1_301' title='bbox 1073 332 1159 366; x_wconf 77' lang='grc' dir='ltr'>ὀρέων</span> <span class='ocrx_word' id='word_1_302' title='bbox 1174 332 1219 358; x_wconf 77' lang='grc' dir='ltr'>καὶ</span> <span class='ocrx_word' id='word_1_303' title='bbox 1235 331 1289 358; x_wconf 87' lang='grc' dir='ltr'>τῶν</span> <span class='ocrx_word' id='word_1_304' title='bbox 1306 332 1422 367; x_wconf 83' lang='grc' dir='ltr'>πετρῶν,</span> <span class='ocrx_word' id='word_1_305' title='bbox 1443 331 1492 366; x_wconf 80' lang='grc' dir='ltr'>τὴν</span> <span class='ocrx_word' id='word_1_306' title='bbox 1505 331 1552 357; x_wconf 85' lang='grc' dir='ltr'><strong>τοῦ</strong></span> <span class='ocrx_word' id='word_1_307' title='bbox 1569 330 1635 357; x_wconf 87' lang='grc' dir='ltr'>Θεοῦ</span> <span class='ocrx_word' id='word_1_308' title='bbox 1648 330 1728 364; x_wconf 81' lang='grc' dir='ltr'>δίκην</span> <span class='ocrx_word' id='word_1_309' title='bbox 1741 329 1802 356; x_wconf 62' lang='grc' dir='ltr'>διας</span> 
     </span>
    </p>
   </div>
   <div class='ocr_carea' id='block_1_47' title="bbox 1009 376 1336 412">
    <p class='ocr_par' dir='ltr' id='par_1_47' title="bbox 1009 376 1336 412">
     <span class='ocr_line' id='line_1_47' title="bbox 1009 376 1336 412; baseline 0.006 -10"><span class='ocrx_word' id='word_1_310' title='bbox 1009 376 1120 410; x_wconf 79' lang='grc' dir='ltr'>φεύγειν</span> <span class='ocrx_word' id='word_1_311' title='bbox 1138 377 1336 412; x_wconf 73' lang='grc' dir='ltr'>ὑπελάμϐανον.</span> 
     </span>
    </p>
   </div>
   <div class='ocr_carea' id='block_1_48' title="bbox 1043 421 1797 459">
    <p class='ocr_par' dir='ltr' id='par_1_48' title="bbox 1043 421 1797 459">
     <span class='ocr_line' id='line_1_48' title="bbox 1043 421 1797 459; baseline 0 -12"><span class='ocrx_word' id='word_1_312' title='bbox 1043 421 1092 448; x_wconf 86' lang='grc' dir='ltr'>Διὰ</span> <span class='ocrx_word' id='word_1_313' title='bbox 1104 421 1207 448; x_wconf 76' lang='grc' dir='ltr'>τούτων</span> <span class='ocrx_word' id='word_1_314' title='bbox 1223 422 1290 449; x_wconf 80' lang='grc' dir='ltr'>ὅλων</span> <span class='ocrx_word' id='word_1_315' title='bbox 1307 422 1360 448; x_wconf 85' lang='grc' dir='ltr'>τῶν</span> <span class='ocrx_word' id='word_1_316' title='bbox 1375 423 1513 457; x_wconf 79' lang='grc' dir='ltr'><strong>ὀνομάτων</strong></span> <span class='ocrx_word' id='word_1_317' title='bbox 1530 422 1547 459; x_wconf 75' lang='grc' dir='ltr'>ἡ</span> <span class='ocrx_word' id='word_1_318' title='bbox 1564 421 1610 449; x_wconf 86' lang='grc' dir='ltr'><strong>τοῦ</strong></span> <span class='ocrx_word' id='word_1_319' title='bbox 1627 421 1696 447; x_wconf 88' lang='grc' dir='ltr'>Θεοῦ</span> <span class='ocrx_word' id='word_1_320' title='bbox 1713 421 1797 456; x_wconf 82' lang='grc' dir='ltr'>εὐμέ-</span> 
     </span>
    </p>
   </div>
   <div class='ocr_carea' id='block_1_49' title="bbox 1008 466 1796 503">
    <p class='ocr_par' dir='ltr' id='par_1_49' title="bbox 1008 466 1796 503">
     <span class='ocr_line' id='line_1_49' title="bbox 1008 466 1796 503; baseline -0.001 -9"><span class='ocrx_word' id='word_1_321' title='bbox 1008 477 1066 494; x_wconf 87' lang='grc' dir='ltr'>νεια</span> <span class='ocrx_word' id='word_1_322' title='bbox 1079 468 1214 503; x_wconf 78' lang='grc' dir='ltr'>δηλοῦται,</span> <span class='ocrx_word' id='word_1_323' title='bbox 1231 470 1271 495; x_wconf 81' lang='grc' dir='ltr'>ὅτι</span> <span class='ocrx_word' id='word_1_324' title='bbox 1287 478 1316 496; x_wconf 89' lang='grc' dir='ltr'><strong>τε</strong></span> <span class='ocrx_word' id='word_1_325' title='bbox 1334 469 1443 503; x_wconf 62' lang='grc' dir='ltr'>ῦψιστός</span> <span class='ocrx_word' id='word_1_326' title='bbox 1457 470 1529 495; x_wconf 79' lang='grc' dir='ltr'>ἐστιν</span> <span class='ocrx_word' id='word_1_327' title='bbox 1541 477 1548 484; x_wconf 82' lang='grc'><strong><em>⁸</em></strong></span> <span class='ocrx_word' id='word_1_328' title='bbox 1561 469 1585 495; x_wconf 85' lang='grc' dir='ltr'>εἱ</span> <span class='ocrx_word' id='word_1_329' title='bbox 1595 469 1651 500; x_wconf 79' lang='grc' dir='ltr'>καὶ,</span> <span class='ocrx_word' id='word_1_330' title='bbox 1663 469 1726 494; x_wconf 83' lang='grc' dir='ltr'>ὅσον</span> <span class='ocrx_word' id='word_1_331' title='bbox 1744 466 1796 503; x_wconf 78' lang='grc' dir='ltr'>ἧκε</span> 
     </span>
    </p>
   </div>
   <div class='ocr_carea' id='block_1_50' title="bbox 1007 513 1796 549">
    <p class='ocr_par' dir='ltr' id='par_1_50' title="bbox 1007 513 1796 549">
     <span class='ocr_line' id='line_1_50' title="bbox 1007 513 1796 549; baseline 0 -11"><span class='ocrx_word' id='word_1_332' title='bbox 1007 513 1037 539; x_wconf 74' lang='grc' dir='ltr'>τὸ</span> <span class='ocrx_word' id='word_1_333' title='bbox 1060 513 1148 540; x_wconf 74' lang='grc' dir='ltr'>αὐτῶν</span> <span class='ocrx_word' id='word_1_334' title='bbox 1163 513 1255 549; x_wconf 81' lang='grc' dir='ltr'><strong>μέρος,</strong></span> <span class='ocrx_word' id='word_1_335' title='bbox 1280 514 1404 540; x_wconf 82' lang='grc' dir='ltr'>ταπεινὸν</span> <span class='ocrx_word' id='word_1_336' title='bbox 1412 515 1588 549; x_wconf 79' lang='grc' dir='ltr'>πεποιήκασι,</span> <span class='ocrx_word' id='word_1_337' title='bbox 1604 513 1796 548; x_wconf 70' lang='grc' dir='ltr'><strong>συγκρίνοντες</strong></span> 
     </span>
    </p>
   </div>
   <div class='ocr_carea' id='block_1_51' title="bbox 1008 558 1792 594">
    <p class='ocr_par' dir='ltr' id='par_1_51' title="bbox 1008 558 1792 594">
     <span class='ocr_line' id='line_1_51' title="bbox 1008 558 1792 594; baseline -0.001 -9"><span class='ocrx_word' id='word_1_338' title='bbox 1008 559 1126 591; x_wconf 78' lang='grc' dir='ltr'><strong>εἰδώλοις</strong></span> <span class='ocrx_word' id='word_1_339' title='bbox 1148 568 1177 586; x_wconf 86' lang='grc' dir='ltr'><strong>τε</strong></span> <span class='ocrx_word' id='word_1_340' title='bbox 1203 560 1249 585; x_wconf 75' lang='grc' dir='ltr'><strong>καὶ</strong></span> <span class='ocrx_word' id='word_1_341' title='bbox 1279 559 1418 594; x_wconf 66' lang='grc' dir='ltr'><strong>δαίμοσιν⁸</strong></span> <span class='ocrx_word' id='word_1_342' title='bbox 1436 559 1466 585; x_wconf 75' lang='grc' dir='ltr'>οὐ</span> <span class='ocrx_word' id='word_1_343' title='bbox 1488 559 1540 594; x_wconf 83' lang='grc' dir='ltr'>μὴν</span> <span class='ocrx_word' id='word_1_344' title='bbox 1560 558 1628 585; x_wconf 81' lang='grc' dir='ltr'>ἀλλὰ</span> <span class='ocrx_word' id='word_1_345' title='bbox 1645 558 1692 584; x_wconf 79' lang='grc' dir='ltr'>καὶ</span> <span class='ocrx_word' id='word_1_346' title='bbox 1704 558 1792 591; x_wconf 80' lang='grc' dir='ltr'>ᾰγιος,</span> 
     </span>
    </p>
   </div>
   <div class='ocr_carea' id='block_1_52' title="bbox 1007 604 1794 641">
    <p class='ocr_par' dir='ltr' id='par_1_52' title="bbox 1007 604 1794 641">
     <span class='ocr_line' id='line_1_52' title="bbox 1007 604 1794 641; baseline -0.001 -10"><span class='ocrx_word' id='word_1_347' title='bbox 1007 605 1109 632; x_wconf 87' lang='grc' dir='ltr'>τούτων</span> <span class='ocrx_word' id='word_1_348' title='bbox 1127 605 1310 641; x_wconf 78' lang='grc' dir='ltr'>βεὸηλούντων</span> <span class='ocrx_word' id='word_1_349' title='bbox 1329 604 1359 630; x_wconf 82' lang='grc' dir='ltr'>τὸ</span> <span class='ocrx_word' id='word_1_350' title='bbox 1375 604 1456 631; x_wconf 79' lang='grc' dir='ltr'>αὐτοῦ</span> <span class='ocrx_word' id='word_1_351' title='bbox 1472 605 1557 640; x_wconf 72' lang='grc' dir='ltr'>ὄνομα</span> <span class='ocrx_word' id='word_1_352' title='bbox 1568 606 1665 635; x_wconf 83' lang='grc' dir='ltr'>κακαῖς</span> <span class='ocrx_word' id='word_1_353' title='bbox 1677 604 1794 639; x_wconf 81' lang='grc' dir='ltr'>ἐνθυμὴ-</span> 
     </span>
    </p>
   </div>
   <div class='ocr_carea' id='block_1_53' title="bbox 1009 651 1794 687">
    <p class='ocr_par' dir='ltr' id='par_1_53' title="bbox 1009 651 1794 687">
     <span class='ocr_line' id='line_1_53' title="bbox 1009 651 1794 687; baseline -0.001 -9"><span class='ocrx_word' id='word_1_354' title='bbox 1009 660 1067 678; x_wconf 86' lang='grc' dir='ltr'>σεσι</span> <span class='ocrx_word' id='word_1_355' title='bbox 1081 652 1128 678; x_wconf 71' lang='grc' dir='ltr'>καὶ</span> <span class='ocrx_word' id='word_1_356' title='bbox 1143 652 1273 687; x_wconf 65' lang='grc' dir='ltr'>πράξεσιν</span> <span class='ocrx_word' id='word_1_357' title='bbox 1285 651 1314 678; x_wconf 74' lang='grc' dir='ltr'>οὐ</span> <span class='ocrx_word' id='word_1_358' title='bbox 1333 651 1442 683; x_wconf 79' lang='grc' dir='ltr'>καλαῖς·</span> <span class='ocrx_word' id='word_1_359' title='bbox 1457 652 1512 678; x_wconf 79' lang='grc' dir='ltr'>ἀλλ’</span> <span class='ocrx_word' id='word_1_360' title='bbox 1526 652 1600 686; x_wconf 80' lang='grc' dir='ltr'>ὅμως</span> <span class='ocrx_word' id='word_1_361' title='bbox 1620 651 1702 682; x_wconf 73' lang='grc' dir='ltr'>αὐτὸς</span> <span class='ocrx_word' id='word_1_362' title='bbox 1718 651 1794 684; x_wconf 76' lang='grc' dir='ltr'>ἅγιος</span> 
     </span>
    </p>
   </div>
   <div class='ocr_carea' id='block_1_54' title="bbox 1007 696 1793 733">
    <p class='ocr_par' dir='ltr' id='par_1_54' title="bbox 1007 696 1793 733">
     <span class='ocr_line' id='line_1_54' title="bbox 1007 696 1793 733; baseline -0.003 -9"><span class='ocrx_word' id='word_1_363' title='bbox 1007 696 1045 724; x_wconf 82' lang='grc' dir='ltr'>ὢν</span> <span class='ocrx_word' id='word_1_364' title='bbox 1058 698 1104 724; x_wconf 70' lang='grc' dir='ltr'>καὶ</span> <span class='ocrx_word' id='word_1_365' title='bbox 1116 698 1203 731; x_wconf 80' lang='grc' dir='ltr'>ἁγίοις</span> <span class='ocrx_word' id='word_1_366' title='bbox 1218 697 1331 733; x_wconf 85' lang='grc' dir='ltr'>χαίρων,</span> <span class='ocrx_word' id='word_1_367' title='bbox 1349 698 1490 729; x_wconf 78' lang='grc' dir='ltr'>κάκείνους</span> <span class='ocrx_word' id='word_1_368' title='bbox 1510 696 1640 731; x_wconf 78' lang='grc' dir='ltr'>ἁγιάζων,</span> <span class='ocrx_word' id='word_1_369' title='bbox 1656 698 1793 732; x_wconf 73' lang='grc' dir='ltr'>ἐπιρρων-</span> 
     </span>
    </p>
   </div>
   <div class='ocr_carea' id='block_1_55' title="bbox 1008 742 1794 779">
    <p class='ocr_par' dir='ltr' id='par_1_55' title="bbox 1008 742 1794 779">
     <span class='ocr_line' id='line_1_55' title="bbox 1008 742 1794 779; baseline 0.001 -11"><span class='ocrx_word' id='word_1_370' title='bbox 1008 743 1054 774; x_wconf 73' lang='grc' dir='ltr'>νὺς</span> <span class='ocrx_word' id='word_1_371' title='bbox 1069 742 1158 769; x_wconf 82' lang='grc' dir='ltr'>αὐτῶν</span> <span class='ocrx_word' id='word_1_372' title='bbox 1169 743 1218 779; x_wconf 75' lang='grc' dir='ltr'>τὴν</span> <span class='ocrx_word' id='word_1_373' title='bbox 1231 742 1365 778; x_wconf 82' lang='grc' dir='ltr'>δύναμιν,</span> <span class='ocrx_word' id='word_1_374' title='bbox 1383 744 1429 769; x_wconf 58' lang='grc' dir='ltr'><strong>καὶ¹</strong></span> <span class='ocrx_word' id='word_1_375' title='bbox 1448 744 1561 779; x_wconf 80' lang='grc' dir='ltr'><strong>ἐγείρων</strong></span> <span class='ocrx_word' id='word_1_376' title='bbox 1576 743 1667 769; x_wconf 73' lang='grc' dir='ltr'>αὐτῶν</span> <span class='ocrx_word' id='word_1_377' title='bbox 1682 743 1716 769; x_wconf 75' lang='grc' dir='ltr'>τὰ</span> <span class='ocrx_word' id='word_1_378' title='bbox 1731 752 1794 779; x_wconf 83' lang='grc' dir='ltr'>φρο-</span> 
     </span>
    </p>
   </div>
   <div class='ocr_carea' id='block_1_56' title="bbox 1007 788 1793 824">
    <p class='ocr_par' dir='ltr' id='par_1_56' title="bbox 1007 788 1793 824">
     <span class='ocr_line' id='line_1_56' title="bbox 1007 788 1793 824; baseline 0 -10"><span class='ocrx_word' id='word_1_379' title='bbox 1007 789 1126 822; x_wconf 78' lang='grc' dir='ltr'>νήματα,</span> <span class='ocrx_word' id='word_1_380' title='bbox 1153 788 1232 823; x_wconf 86' lang='grc' dir='ltr'>μόνον</span> <span class='ocrx_word' id='word_1_381' title='bbox 1262 789 1285 814; x_wconf 85' lang='grc' dir='ltr'>εὶ</span> <span class='ocrx_word' id='word_1_382' title='bbox 1311 788 1459 823; x_wconf 76' lang='grc' dir='ltr'>φανείησαν</span> <span class='ocrx_word' id='word_1_383' title='bbox 1488 788 1599 819; x_wconf 70' lang='grc' dir='ltr'>ἑαυτοὺς</span> <span class='ocrx_word' id='word_1_384' title='bbox 1627 789 1793 824; x_wconf 73' lang='grc' dir='ltr'><strong>παρέχοντες</strong></span> 
     </span>
    </p>
   </div>
   <div class='ocr_carea' id='block_1_57' title="bbox 1007 835 1794 871">
    <p class='ocr_par' dir='ltr' id='par_1_57' title="bbox 1007 835 1794 871">
     <span class='ocr_line' id='line_1_57' title="bbox 1007 835 1794 871; baseline -0.001 -10"><span class='ocrx_word' id='word_1_385' title='bbox 1007 835 1108 867; x_wconf 80' lang='grc' dir='ltr'>ἀξίους,</span> <span class='ocrx_word' id='word_1_386' title='bbox 1119 835 1165 862; x_wconf 80' lang='grc' dir='ltr'>καὶ</span> <span class='ocrx_word' id='word_1_387' title='bbox 1177 835 1226 871; x_wconf 83' lang='grc' dir='ltr'>τὴν</span> <span class='ocrx_word' id='word_1_388' title='bbox 1243 835 1345 862; x_wconf 79' lang='grc' dir='ltr'><strong>ἑαυτῶν</strong></span> <span class='ocrx_word' id='word_1_389' title='bbox 1360 835 1467 870; x_wconf 76' lang='grc' dir='ltr'><strong>θέλησιν</strong></span> <span class='ocrx_word' id='word_1_390' title='bbox 1473 835 1625 866; x_wconf 79' lang='grc' dir='ltr'><strong>δεικνύντες</strong></span> <span class='ocrx_word' id='word_1_391' title='bbox 1636 843 1794 870; x_wconf 82' lang='grc' dir='ltr'>συντετριμ-</span> 
     </span>
    </p>
   </div>
   <div class='ocr_carea' id='block_1_58' title="bbox 970 876 1795 917">
    <p class='ocr_par' dir='ltr' id='par_1_58' title="bbox 970 876 1795 917">
     <span class='ocr_line' id='line_1_58' title="bbox 970 876 1795 917; baseline -0.001 -10"><span class='ocrx_word' id='word_1_392' title='bbox 970 876 991 903; x_wconf 81' lang='grc' dir='ltr'><strong>Β</strong></span> <span class='ocrx_word' id='word_1_393' title='bbox 1008 882 1090 917; x_wconf 85' lang='grc' dir='ltr'>μένην</span> <span class='ocrx_word' id='word_1_394' title='bbox 1103 881 1149 908; x_wconf 74' lang='grc' dir='ltr'>καὶ</span> <span class='ocrx_word' id='word_1_395' title='bbox 1171 882 1409 917; x_wconf 76' lang='grc' dir='ltr'>τεταπεινωμένην</span> <span class='ocrx_word' id='word_1_396' title='bbox 1420 890 1426 897; x_wconf 93' lang='grc'><strong>·</strong></span> <span class='ocrx_word' id='word_1_397' title='bbox 1447 881 1493 908; x_wconf 84' lang='grc' dir='ltr'>καὶ</span> <span class='ocrx_word' id='word_1_398' title='bbox 1511 881 1566 915; x_wconf 84' lang='grc' dir='ltr'>γὰρ</span> <span class='ocrx_word' id='word_1_399' title='bbox 1582 882 1629 907; x_wconf 75' lang='grc' dir='ltr'>καὶ</span> <span class='ocrx_word' id='word_1_400' title='bbox 1643 879 1718 915; x_wconf 75' lang='grc' dir='ltr'>ζωὴν</span> <span class='ocrx_word' id='word_1_401' title='bbox 1730 881 1795 907; x_wconf 79' lang='grc' dir='ltr'><strong>αἰώ-</strong></span> 
     </span>
    </p>
   </div>
   <div class='ocr_carea' id='block_1_59' title="bbox 1006 925 1437 962">
    <p class='ocr_par' dir='ltr' id='par_1_59' title="bbox 1006 925 1437 962">
     <span class='ocr_line' id='line_1_59' title="bbox 1006 925 1437 962; baseline 0.002 -11"><span class='ocrx_word' id='word_1_402' title='bbox 1006 933 1060 952; x_wconf 91' lang='grc' dir='ltr'>νιον</span> <span class='ocrx_word' id='word_1_403' title='bbox 1071 926 1128 956; x_wconf 88' lang='grc' dir='ltr'>τοῖς</span> <span class='ocrx_word' id='word_1_404' title='bbox 1138 925 1268 957; x_wconf 84' lang='grc' dir='ltr'>τοιούτοις</span> <span class='ocrx_word' id='word_1_405' title='bbox 1282 927 1437 962; x_wconf 80' lang='grc' dir='ltr'>χορηγήσω.</span> 
     </span>
    </p>
   </div>
   <div class='ocr_carea' id='block_1_60' title="bbox 1049 971 1794 1008">
    <p class='ocr_par' dir='ltr' id='par_1_60' title="bbox 1049 971 1794 1008">
     <span class='ocr_line' id='line_1_60' title="bbox 1049 971 1794 1008; baseline -0.001 -10"><span class='ocrx_word' id='word_1_406' title='bbox 1049 971 1171 998; x_wconf 86' lang='grc' dir='ltr'>Ἑκδικία</span> <span class='ocrx_word' id='word_1_407' title='bbox 1188 972 1216 999; x_wconf 80' lang='grc' dir='ltr'><strong>δὲ</strong></span> <span class='ocrx_word' id='word_1_408' title='bbox 1227 972 1273 999; x_wconf 71' lang='grc' dir='ltr'>καὶ</span> <span class='ocrx_word' id='word_1_409' title='bbox 1286 974 1344 999; x_wconf 81' lang='grc' dir='ltr'>κατ’</span> <span class='ocrx_word' id='word_1_410' title='bbox 1361 972 1439 999; x_wconf 82' lang='grc' dir='ltr'>ἄλλον</span> <span class='ocrx_word' id='word_1_411' title='bbox 1455 972 1554 1008; x_wconf 80' lang='grc' dir='ltr'>τρόπον</span> <span class='ocrx_word' id='word_1_412' title='bbox 1567 972 1688 1006; x_wconf 83' lang='grc' dir='ltr'>λέγεται,</span> <span class='ocrx_word' id='word_1_413' title='bbox 1701 971 1734 997; x_wconf 77' lang='grc' dir='ltr'>τὸ</span> <span class='ocrx_word' id='word_1_414' title='bbox 1748 975 1794 998; x_wconf 69' lang='grc' dir='ltr'>τὸν</span> 
     </span>
    </p>
   </div>
   <div class='ocr_carea' id='block_1_61' title="bbox 1004 1017 1794 1055">
    <p class='ocr_par' dir='ltr' id='par_1_61' title="bbox 1004 1017 1794 1055">
     <span class='ocr_line' id='line_1_61' title="bbox 1004 1017 1794 1055; baseline -0.003 -10"><span class='ocrx_word' id='word_1_415' title='bbox 1004 1019 1194 1054; x_wconf 79' lang='grc' dir='ltr'>ἁμαρτάνοντα</span> <span class='ocrx_word' id='word_1_416' title='bbox 1207 1019 1390 1055; x_wconf 80' lang='grc' dir='ltr'>παραδοθῆναι</span> <span class='ocrx_word' id='word_1_417' title='bbox 1405 1018 1574 1053; x_wconf 84' lang='grc' dir='ltr'>σκυθρωποῖς</span> <span class='ocrx_word' id='word_1_418' title='bbox 1588 1018 1656 1053; x_wconf 67' lang='grc' dir='ltr'>προς</span> <span class='ocrx_word' id='word_1_419' title='bbox 1668 1017 1700 1043; x_wconf 82' lang='grc' dir='ltr'>τὸ</span> <span class='ocrx_word' id='word_1_420' title='bbox 1712 1017 1794 1044; x_wconf 67' lang='grc' dir='ltr'>αὐτόν</span> 
     </span>
    </p>
   </div>
   <div class='ocr_carea' id='block_1_62' title="bbox 1003 1062 1793 1099">
    <p class='ocr_par' dir='ltr' id='par_1_62' title="bbox 1003 1062 1793 1099">
     <span class='ocr_line' id='line_1_62' title="bbox 1003 1062 1793 1099; baseline -0.003 -9"><span class='ocrx_word' id='word_1_421' title='bbox 1003 1072 1063 1090; x_wconf 85' lang='grc' dir='ltr'>τινα</span> <span class='ocrx_word' id='word_1_422' title='bbox 1087 1063 1152 1099; x_wconf 81' lang='grc' dir='ltr'>παρ’</span> <span class='ocrx_word' id='word_1_423' title='bbox 1177 1063 1273 1089; x_wconf 80' lang='grc' dir='ltr'>ἑαυτοῦ</span> <span class='ocrx_word' id='word_1_424' title='bbox 1303 1062 1494 1097; x_wconf 80' lang='grc' dir='ltr'>παιδευθῆναι·</span> <span class='ocrx_word' id='word_1_425' title='bbox 1515 1062 1601 1089; x_wconf 80' lang='grc' dir='ltr'>ταῦτα</span> <span class='ocrx_word' id='word_1_426' title='bbox 1621 1063 1695 1088; x_wconf 82' lang='grc' dir='ltr'>ποιεῖ</span> <span class='ocrx_word' id='word_1_427' title='bbox 1716 1062 1793 1094; x_wconf 78' lang='grc' dir='ltr'>Θεὸς,</span> 
     </span>
    </p>
   </div>
   <div class='ocr_carea' id='block_1_63' title="bbox 1004 1106 1696 1145">
    <p class='ocr_par' dir='ltr' id='par_1_63' title="bbox 1004 1106 1696 1145">
     <span class='ocr_line' id='line_1_63' title="bbox 1004 1106 1696 1145; baseline 0 -10"><span class='ocrx_word' id='word_1_428' title='bbox 1004 1109 1191 1145; x_wconf 72' lang='grc' dir='ltr'>φιλανθρωπίᾳ</span> <span class='ocrx_word' id='word_1_429' title='bbox 1206 1109 1363 1144; x_wconf 80' lang='grc' dir='ltr'>φειδόμενος</span> <span class='ocrx_word' id='word_1_430' title='bbox 1377 1106 1423 1135; x_wconf 91' lang='grc' dir='ltr'><strong>τοῦ</strong></span> <span class='ocrx_word' id='word_1_431' title='bbox 1441 1109 1574 1144; x_wconf 78' lang='grc' dir='ltr'>ἡμετέρου</span> <span class='ocrx_word' id='word_1_432' title='bbox 1590 1108 1696 1142; x_wconf 86' lang='grc' dir='ltr'>γένους.</span> 
     </span>
    </p>
   </div>
   <div class='ocr_carea' id='block_1_64' title="bbox 1037 1153 1795 1190">
    <p class='ocr_par' dir='ltr' id='par_1_64' title="bbox 1037 1153 1795 1190">
     <span class='ocr_line' id='line_1_64' title="bbox 1037 1153 1795 1190; baseline 0.001 -10"><span class='ocrx_word' id='word_1_433' title='bbox 1037 1153 1093 1190; x_wconf 81' lang='grc' dir='ltr'><strong>Τὴν</strong></span> <span class='ocrx_word' id='word_1_434' title='bbox 1125 1154 1330 1190; x_wconf 77' lang='grc' dir='ltr'>φιλανθρωπίαν</span> <span class='ocrx_word' id='word_1_435' title='bbox 1346 1154 1443 1181; x_wconf 80' lang='grc' dir='ltr'>ἑαυτοῦ</span> <span class='ocrx_word' id='word_1_436' title='bbox 1462 1156 1476 1181; x_wconf 86' lang='grc' dir='ltr'>ὁ</span> <span class='ocrx_word' id='word_1_437' title='bbox 1493 1155 1561 1186; x_wconf 62' lang='grc' dir='ltr'>Θεθις</span> <span class='ocrx_word' id='word_1_438' title='bbox 1573 1155 1620 1181; x_wconf 83' lang='grc' dir='ltr'>καὶ</span> <span class='ocrx_word' id='word_1_439' title='bbox 1633 1156 1662 1181; x_wconf 75' lang='grc' dir='ltr'>ἐν</span> <span class='ocrx_word' id='word_1_440' title='bbox 1676 1156 1739 1186; x_wconf 84' lang='grc' dir='ltr'>ταῖς</span> <span class='ocrx_word' id='word_1_441' title='bbox 1754 1163 1795 1180; x_wconf 81' lang='grc' dir='ltr'><strong>τι·</strong></span> 
     </span>
    </p>
   </div>
   <div class='ocr_carea' id='block_1_65' title="bbox 1005 1199 1793 1236">
    <p class='ocr_par' dir='ltr' id='par_1_65' title="bbox 1005 1199 1793 1236">
     <span class='ocr_line' id='line_1_65' title="bbox 1005 1199 1793 1236; baseline 0 -10"><span class='ocrx_word' id='word_1_442' title='bbox 1005 1201 1121 1236; x_wconf 80' lang='grc' dir='ltr'>μωρίαις</span> <span class='ocrx_word' id='word_1_443' title='bbox 1136 1200 1311 1232; x_wconf 76' lang='grc' dir='ltr'>ἐνδείκνυται,</span> <span class='ocrx_word' id='word_1_444' title='bbox 1321 1199 1399 1235; x_wconf 81' lang='grc' dir='ltr'>ἡμῶν</span> <span class='ocrx_word' id='word_1_445' title='bbox 1411 1200 1459 1235; x_wconf 84' lang='grc' dir='ltr'>μὲν</span> <span class='ocrx_word' id='word_1_446' title='bbox 1468 1200 1552 1227; x_wconf 76' lang='grc' dir='ltr'>πολλὰ</span> <span class='ocrx_word' id='word_1_447' title='bbox 1566 1200 1793 1235; x_wconf 79' lang='grc' dir='ltr'>ἁμαρτανόντων,</span> 
     </span>
    </p>
   </div>
   <div class='ocr_carea' id='block_1_66' title="bbox 1002 1246 1411 1280">
    <p class='ocr_par' dir='ltr' id='par_1_66' title="bbox 1002 1246 1411 1280">
     <span class='ocr_line' id='line_1_66' title="bbox 1002 1246 1411 1280; baseline 0.002 -8"><span class='ocrx_word' id='word_1_448' title='bbox 1002 1246 1084 1273; x_wconf 62' lang='grc' dir='ltr'>αὐτοῦ</span> <span class='ocrx_word' id='word_1_449' title='bbox 1095 1246 1122 1272; x_wconf 80' lang='grc' dir='ltr'><strong>δὲ</strong></span> <span class='ocrx_word' id='word_1_450' title='bbox 1137 1246 1215 1280; x_wconf 85' lang='grc' dir='ltr'>ὀλίγα</span> <span class='ocrx_word' id='word_1_451' title='bbox 1230 1247 1411 1277; x_wconf 80' lang='grc' dir='ltr'>παιδεύοντος.</span> 
     </span>
    </p>
   </div>
   <div class='ocr_carea' id='block_1_67' title="bbox 1035 1291 1794 1328">
    <p class='ocr_par' dir='ltr' id='par_1_67' title="bbox 1035 1291 1794 1328">
     <span class='ocr_line' id='line_1_67' title="bbox 1035 1291 1794 1328; baseline 0 -10"><span class='ocrx_word' id='word_1_452' title='bbox 1035 1291 1094 1318; x_wconf 80' lang='grc' dir='ltr'>Κᾶν</span> <span class='ocrx_word' id='word_1_453' title='bbox 1119 1292 1173 1328; x_wconf 85' lang='grc' dir='ltr'><strong>γὰρ</strong></span> <span class='ocrx_word' id='word_1_454' title='bbox 1198 1293 1222 1318; x_wconf 86' lang='grc' dir='ltr'><strong>οἱ</strong></span> <span class='ocrx_word' id='word_1_455' title='bbox 1246 1292 1353 1323; x_wconf 77' lang='grc' dir='ltr'>ἀσεϐεῖς</span> <span class='ocrx_word' id='word_1_456' title='bbox 1370 1292 1409 1327; x_wconf 81' lang='grc' dir='ltr'>τῷ</span> <span class='ocrx_word' id='word_1_457' title='bbox 1424 1291 1512 1318; x_wconf 79' lang='grc' dir='ltr'>δοκεῖν</span> <span class='ocrx_word' id='word_1_458' title='bbox 1528 1292 1626 1318; x_wconf 78' lang='grc' dir='ltr'>δοκῶσι</span> <span class='ocrx_word' id='word_1_459' title='bbox 1641 1292 1748 1327; x_wconf 82' lang='grc' dir='ltr'>χαίρειν</span> <span class='ocrx_word' id='word_1_460' title='bbox 1763 1293 1794 1319; x_wconf 79' lang='grc' dir='ltr'>ἐν</span> 
     </span>
    </p>
   </div>
   <div class='ocr_carea' id='block_1_68' title="bbox 1001 1337 1794 1374">
    <p class='ocr_par' dir='ltr' id='par_1_68' title="bbox 1001 1337 1794 1374">
     <span class='ocr_line' id='line_1_68' title="bbox 1001 1337 1794 1374; baseline -0.001 -9"><span class='ocrx_word' id='word_1_461' title='bbox 1001 1340 1062 1370; x_wconf 84' lang='grc' dir='ltr'>ταῖς</span> <span class='ocrx_word' id='word_1_462' title='bbox 1088 1338 1191 1365; x_wconf 79' lang='grc' dir='ltr'>ἑαυτῶν</span> <span class='ocrx_word' id='word_1_463' title='bbox 1218 1339 1325 1374; x_wconf 80' lang='grc' dir='ltr'>ἡδοναῖς</span> <span class='ocrx_word' id='word_1_464' title='bbox 1350 1338 1521 1374; x_wconf 75' lang='grc' dir='ltr'>τρεφόμενοι,</span> <span class='ocrx_word' id='word_1_465' title='bbox 1546 1338 1614 1366; x_wconf 85' lang='grc' dir='ltr'><strong>ἀλλά</strong></span> <span class='ocrx_word' id='word_1_466' title='bbox 1645 1337 1723 1373; x_wconf 80' lang='grc' dir='ltr'>γὀὖν</span> <span class='ocrx_word' id='word_1_467' title='bbox 1752 1340 1794 1370; x_wconf 83' lang='grc' dir='ltr'><strong>είς</strong></span> 
     </span>
    </p>
   </div>
   <div class='ocr_carea' id='block_1_69' title="bbox 1002 1384 1794 1420">
    <p class='ocr_par' dir='ltr' id='par_1_69' title="bbox 1002 1384 1794 1420">
     <span class='ocr_line' id='line_1_69' title="bbox 1002 1384 1794 1420; baseline 0.001 -10"><span class='ocrx_word' id='word_1_468' title='bbox 1002 1384 1138 1416; x_wconf 86' lang='grc' dir='ltr'>ἀπωλείας</span> <span class='ocrx_word' id='word_1_469' title='bbox 1166 1385 1242 1416; x_wconf 80' lang='grc' dir='ltr'>τέλος</span> <span class='ocrx_word' id='word_1_470' title='bbox 1264 1385 1504 1420; x_wconf 78' lang='grc' dir='ltr'>καταστρέφοντες,</span> <span class='ocrx_word' id='word_1_471' title='bbox 1534 1385 1564 1411; x_wconf 85' lang='grc' dir='ltr'>οὐ</span> <span class='ocrx_word' id='word_1_472' title='bbox 1586 1385 1635 1420; x_wconf 85' lang='grc' dir='ltr'>τὴν</span> <span class='ocrx_word' id='word_1_473' title='bbox 1662 1384 1794 1420; x_wconf 78' lang='grc' dir='ltr'>ἀληθινὴν</span> 
     </span>
    </p>
   </div>
   <div class='ocr_carea' id='block_1_70' title="bbox 1001 1429 1792 1466">
    <p class='ocr_par' dir='ltr' id='par_1_70' title="bbox 1001 1429 1792 1466">
     <span class='ocr_line' id='line_1_70' title="bbox 1001 1429 1792 1466; baseline -0.001 -10"><span class='ocrx_word' id='word_1_474' title='bbox 1001 1429 1087 1465; x_wconf 74' lang='grc' dir='ltr'>χαρὰν</span> <span class='ocrx_word' id='word_1_475' title='bbox 1119 1430 1259 1466; x_wconf 83' lang='grc' dir='ltr'>χαίρουσι·</span> <span class='ocrx_word' id='word_1_476' title='bbox 1278 1430 1343 1465; x_wconf 87' lang='grc' dir='ltr'>μόνη</span> <span class='ocrx_word' id='word_1_477' title='bbox 1371 1430 1425 1465; x_wconf 82' lang='grc' dir='ltr'>γὰρ</span> <span class='ocrx_word' id='word_1_478' title='bbox 1453 1430 1556 1465; x_wconf 84' lang='grc' dir='ltr'>κυρίως</span> <span class='ocrx_word' id='word_1_479' title='bbox 1571 1429 1603 1456; x_wconf 81' lang='grc' dir='ltr'>ἂν</span> <span class='ocrx_word' id='word_1_480' title='bbox 1624 1430 1667 1464; x_wconf 77' lang='grc' dir='ltr'>εἴη</span> <span class='ocrx_word' id='word_1_481' title='bbox 1687 1429 1792 1464; x_wconf 78' lang='grc' dir='ltr'>χαρὰή</span> 
     </span>
    </p>
   </div>
   <div class='ocr_carea' id='block_1_71' title="bbox 1002 1475 1794 1510">
    <p class='ocr_par' dir='ltr' id='par_1_71' title="bbox 1002 1475 1794 1510">
     <span class='ocr_line' id='line_1_71' title="bbox 1002 1475 1794 1510; baseline 0 -9"><span class='ocrx_word' id='word_1_482' title='bbox 1002 1477 1033 1501; x_wconf 82' lang='grc' dir='ltr'>ὲκ</span> <span class='ocrx_word' id='word_1_483' title='bbox 1050 1476 1179 1510; x_wconf 79' lang='grc' dir='ltr'>καμάτων</span> <span class='ocrx_word' id='word_1_484' title='bbox 1205 1485 1234 1502; x_wconf 80' lang='grc' dir='ltr'><strong>τε</strong></span> <span class='ocrx_word' id='word_1_485' title='bbox 1260 1476 1306 1502; x_wconf 74' lang='grc' dir='ltr'>καὶ</span> <span class='ocrx_word' id='word_1_486' title='bbox 1327 1475 1443 1510; x_wconf 64' lang='grc' dir='ltr'>θλίψεων</span> <span class='ocrx_word' id='word_1_487' title='bbox 1455 1475 1527 1510; x_wconf 77' lang='grc' dir='ltr'>ζωὴν</span> <span class='ocrx_word' id='word_1_488' title='bbox 1540 1475 1648 1502; x_wconf 87' lang='grc' dir='ltr'>αίώνιον</span> <span class='ocrx_word' id='word_1_489' title='bbox 1661 1483 1794 1510; x_wconf 80' lang='grc' dir='ltr'>πραγμα-</span> 
     </span>
    </p>
   </div>
   <div class='ocr_carea' id='block_1_72' title="bbox 1001 1520 1792 1558">
    <p class='ocr_par' dir='ltr' id='par_1_72' title="bbox 1001 1520 1792 1558">
     <span class='ocr_line' id='line_1_72' title="bbox 1001 1520 1792 1558; baseline -0.001 -11"><span class='ocrx_word' id='word_1_490' title='bbox 1001 1522 1143 1557; x_wconf 83' lang='grc' dir='ltr'>τευομένη.</span> <span class='ocrx_word' id='word_1_491' title='bbox 1162 1521 1242 1548; x_wconf 73' lang='grc' dir='ltr'>Ἀλλὰ</span> <span class='ocrx_word' id='word_1_492' title='bbox 1259 1522 1306 1548; x_wconf 63' lang='grc' dir='ltr'>καὶ</span> <span class='ocrx_word' id='word_1_493' title='bbox 1319 1523 1406 1558; x_wconf 80' lang='grc' dir='ltr'>χαρᾶς</span> <span class='ocrx_word' id='word_1_494' title='bbox 1420 1521 1469 1556; x_wconf 76' lang='grc' dir='ltr'>τῆς</span> <span class='ocrx_word' id='word_1_495' title='bbox 1480 1520 1610 1556; x_wconf 73' lang='grc' dir='ltr'>ἀληθινῆς</span> <span class='ocrx_word' id='word_1_496' title='bbox 1620 1520 1792 1556; x_wconf 79' lang='grc' dir='ltr'>πληροῦνται</span> 
     </span>
    </p>
   </div>
   <div class='ocr_carea' id='block_1_73' title="bbox 1001 1566 1793 1602">
    <p class='ocr_par' dir='ltr' id='par_1_73' title="bbox 1001 1566 1793 1602">
     <span class='ocr_line' id='line_1_73' title="bbox 1001 1566 1793 1602; baseline 0 -10"><span class='ocrx_word' id='word_1_497' title='bbox 1001 1567 1025 1592; x_wconf 91' lang='grc' dir='ltr'><strong>οί</strong></span> <span class='ocrx_word' id='word_1_498' title='bbox 1046 1566 1313 1602; x_wconf 81' lang='grc' dir='ltr'>δικαιοπραγοῦντες,</span> <span class='ocrx_word' id='word_1_499' title='bbox 1327 1568 1366 1598; x_wconf 81' lang='grc' dir='ltr'><strong>εἰς</strong></span> <span class='ocrx_word' id='word_1_500' title='bbox 1381 1567 1460 1601; x_wconf 76' lang='grc' dir='ltr'>ἔργον</span> <span class='ocrx_word' id='word_1_501' title='bbox 1480 1567 1571 1598; x_wconf 82' lang='grc' dir='ltr'>αὐτοῖς</span> <span class='ocrx_word' id='word_1_502' title='bbox 1583 1566 1793 1601; x_wconf 80' lang='grc' dir='ltr'>προχωροῦντος</span> 
     </span>
    </p>
   </div>
   <div class='ocr_carea' id='block_1_74' title="bbox 1000 1612 1792 1650">
    <p class='ocr_par' dir='ltr' id='par_1_74' title="bbox 1000 1612 1792 1650">
     <span class='ocr_line' id='line_1_74' title="bbox 1000 1612 1792 1650; baseline -0.001 -10"><span class='ocrx_word' id='word_1_503' title='bbox 1000 1612 1046 1640; x_wconf 83' lang='grc' dir='ltr'><strong>τοῦ</strong></span> <span class='ocrx_word' id='word_1_504' title='bbox 1060 1613 1172 1645; x_wconf 80' lang='grc' dir='ltr'>σκοποῦ,</span> <span class='ocrx_word' id='word_1_505' title='bbox 1191 1613 1238 1640; x_wconf 69' lang='grc' dir='ltr'><strong>καὶ</strong></span> <span class='ocrx_word' id='word_1_506' title='bbox 1253 1614 1390 1650; x_wconf 79' lang='grc' dir='ltr'>ἁταράχου</span> <span class='ocrx_word' id='word_1_507' title='bbox 1412 1613 1544 1649; x_wconf 83' lang='grc' dir='ltr'>μενούσης</span> <span class='ocrx_word' id='word_1_508' title='bbox 1565 1614 1615 1649; x_wconf 79' lang='grc' dir='ltr'>τῆς</span> <span class='ocrx_word' id='word_1_509' title='bbox 1628 1614 1729 1650; x_wconf 78' lang='grc' dir='ltr'>ψυχῆς,</span> <span class='ocrx_word' id='word_1_510' title='bbox 1744 1613 1792 1640; x_wconf 73' lang='grc' dir='ltr'>καὶ</span> 
     </span>
    </p>
   </div>
   <div class='ocr_carea' id='block_1_75' title="bbox 999 1659 1365 1695">
    <p class='ocr_par' dir='ltr' id='par_1_75' title="bbox 999 1659 1365 1695">
     <span class='ocr_line' id='line_1_75' title="bbox 999 1659 1365 1695; baseline 0.003 -10"><span class='ocrx_word' id='word_1_511' title='bbox 999 1659 1213 1695; x_wconf 77' lang='grc' dir='ltr'>γαληνιαζούσης</span> <span class='ocrx_word' id='word_1_512' title='bbox 1229 1661 1257 1686; x_wconf 81' lang='grc' dir='ltr'>ἐν</span> <span class='ocrx_word' id='word_1_513' title='bbox 1273 1660 1365 1695; x_wconf 78' lang='grc' dir='ltr'>ἑαυτῇ.</span> 
     </span>
    </p>
   </div>
   <div class='ocr_carea' id='block_1_76' title="bbox 1034 1704 1793 1741">
    <p class='ocr_par' dir='ltr' id='par_1_76' title="bbox 1034 1704 1793 1741">
     <span class='ocr_line' id='line_1_76' title="bbox 1034 1704 1793 1741; baseline 0 -10"><span class='ocrx_word' id='word_1_514' title='bbox 1034 1706 1089 1731; x_wconf 67' lang='grc' dir='ltr'><strong>Καὶ</strong></span> <span class='ocrx_word' id='word_1_515' title='bbox 1101 1704 1188 1732; x_wconf 79' lang='grc' dir='ltr'>ταῦτα</span> <span class='ocrx_word' id='word_1_516' title='bbox 1215 1705 1400 1741; x_wconf 78' lang='grc' dir='ltr'>ρυθμιζόντων</span> <span class='ocrx_word' id='word_1_517' title='bbox 1413 1706 1511 1737; x_wconf 78' lang='grc' dir='ltr'>αὐτοὺς</span> <span class='ocrx_word' id='word_1_518' title='bbox 1536 1706 1576 1737; x_wconf 86' lang='grc' dir='ltr'><strong>είς</strong></span> <span class='ocrx_word' id='word_1_519' title='bbox 1593 1705 1650 1740; x_wconf 90' lang='grc' dir='ltr'>βίον</span> <span class='ocrx_word' id='word_1_520' title='bbox 1674 1705 1722 1731; x_wconf 80' lang='grc' dir='ltr'>τὸν</span> <span class='ocrx_word' id='word_1_521' title='bbox 1749 1706 1793 1731; x_wconf 79' lang='grc' dir='ltr'><strong>ἑν-</strong></span> 
     </span>
    </p>
   </div>
   <div class='ocr_carea' id='block_1_77' title="bbox 1000 1751 1607 1787">
    <p class='ocr_par' dir='ltr' id='par_1_77' title="bbox 1000 1751 1607 1787">
     <span class='ocr_line' id='line_1_77' title="bbox 1000 1751 1607 1787; baseline 0.002 -10"><span class='ocrx_word' id='word_1_522' title='bbox 1000 1751 1106 1786; x_wconf 83' lang='grc' dir='ltr'>άρετον,</span> <span class='ocrx_word' id='word_1_523' title='bbox 1121 1752 1167 1778; x_wconf 83' lang='grc' dir='ltr'>καὶ</span> <span class='ocrx_word' id='word_1_524' title='bbox 1181 1752 1290 1787; x_wconf 80' lang='grc' dir='ltr'>τρόπων</span> <span class='ocrx_word' id='word_1_525' title='bbox 1304 1751 1439 1787; x_wconf 74' lang='grc' dir='ltr'>εὐθύτητα</span> <span class='ocrx_word' id='word_1_526' title='bbox 1455 1753 1607 1787; x_wconf 83' lang='grc' dir='ltr'>ὑφηγεῖται.</span> 
     </span>
    </p>
   </div>
   <div class='ocr_carea' id='block_1_78' title="bbox 1035 1794 1792 1833">
    <p class='ocr_par' dir='ltr' id='par_1_78' title="bbox 1035 1794 1792 1833">
     <span class='ocr_line' id='line_1_78' title="bbox 1035 1794 1792 1833; baseline 0 -10"><span class='ocrx_word' id='word_1_527' title='bbox 1035 1798 1075 1823; x_wconf 80' lang='grc' dir='ltr'><strong>Τὰ</strong></span> <span class='ocrx_word' id='word_1_528' title='bbox 1088 1797 1140 1833; x_wconf 83' lang='grc' dir='ltr'>γὰρ</span> <span class='ocrx_word' id='word_1_529' title='bbox 1157 1797 1270 1824; x_wconf 79' lang='grc' dir='ltr'>πλεῖστα</span> <span class='ocrx_word' id='word_1_530' title='bbox 1284 1798 1337 1824; x_wconf 87' lang='grc' dir='ltr'>τῶν</span> <span class='ocrx_word' id='word_1_531' title='bbox 1347 1798 1561 1833; x_wconf 73' lang='grc' dir='ltr'>ἐπιθυμημόπων</span> <span class='ocrx_word' id='word_1_532' title='bbox 1572 1797 1662 1824; x_wconf 79' lang='grc' dir='ltr'>αὐτῶν</span> <span class='ocrx_word' id='word_1_533' title='bbox 1676 1794 1715 1824; x_wconf 86' lang='grc' dir='ltr'>ὧν</span> <span class='ocrx_word' id='word_1_534' title='bbox 1728 1806 1792 1823; x_wconf 84' lang='grc' dir='ltr'>συν-</span> 
     </span>
    </p>
   </div>
   <div class='ocr_carea' id='block_1_79' title="bbox 999 1842 1792 1879">
    <p class='ocr_par' dir='ltr' id='par_1_79' title="bbox 999 1842 1792 1879">
     <span class='ocr_line' id='line_1_79' title="bbox 999 1842 1792 1879; baseline 0.001 -11"><span class='ocrx_word' id='word_1_535' title='bbox 999 1842 1124 1876; x_wconf 78' lang='grc' dir='ltr'>ελέξαντο</span> <span class='ocrx_word' id='word_1_536' title='bbox 1147 1843 1240 1878; x_wconf 85' lang='grc' dir='ltr'>ὥσπερ</span> <span class='ocrx_word' id='word_1_537' title='bbox 1265 1844 1307 1870; x_wconf 59' lang='lat' dir='ltr'><strong>ibi</strong></span> <span class='ocrx_word' id='word_1_538' title='bbox 1327 1844 1447 1871; x_wconf 83' lang='grc' dir='ltr'>ἀσπίδων</span> <span class='ocrx_word' id='word_1_539' title='bbox 1459 1844 1672 1879; x_wconf 80' lang='grc' dir='ltr'>ἁτελεσφόρητα,</span> <span class='ocrx_word' id='word_1_540' title='bbox 1689 1844 1737 1870; x_wconf 72' lang='grc' dir='ltr'>καὶ</span> <span class='ocrx_word' id='word_1_541' title='bbox 1752 1843 1792 1874; x_wconf 86' lang='grc' dir='ltr'>ὠς</span> 
     </span>
    </p>
   </div>
   <div class='ocr_carea' id='block_1_80' title="bbox 1001 1886 1790 1924">
    <p class='ocr_par' dir='ltr' id='par_1_80' title="bbox 1001 1886 1790 1924">
     <span class='ocr_line' id='line_1_80' title="bbox 1001 1886 1790 1924; baseline 0.003 -10"><span class='ocrx_word' id='word_1_542' title='bbox 1001 1888 1074 1919; x_wconf 78' lang='grc' dir='ltr'>ἱστὸς</span> <span class='ocrx_word' id='word_1_543' title='bbox 1085 1888 1208 1924; x_wconf 79' lang='grc' dir='ltr'>ἀράχνης</span> <span class='ocrx_word' id='word_1_544' title='bbox 1227 1890 1266 1920; x_wconf 85' lang='grc' dir='ltr'><strong>είς</strong></span> <span class='ocrx_word' id='word_1_545' title='bbox 1284 1889 1359 1915; x_wconf 80' lang='grc' dir='ltr'>οὐδὲν</span> <span class='ocrx_word' id='word_1_546' title='bbox 1373 1890 1506 1916; x_wconf 87' lang='grc' dir='ltr'>συντελῶν</span> <span class='ocrx_word' id='word_1_547' title='bbox 1520 1886 1604 1924; x_wconf 72' lang='grc' dir='ltr'>μένει,</span> <span class='ocrx_word' id='word_1_548' title='bbox 1622 1889 1725 1924; x_wconf 73' lang='grc' dir='ltr'>βλάϐην</span> <span class='ocrx_word' id='word_1_549' title='bbox 1739 1890 1790 1916; x_wconf 72' lang='grc' dir='ltr'><strong>αὺ-</strong></span> 
     </span>
    </p>
   </div>
   <div class='ocr_carea' id='block_1_81' title="bbox 999 1929 1791 1970">
    <p class='ocr_par' dir='ltr' id='par_1_81' title="bbox 999 1929 1791 1970">
     <span class='ocr_line' id='line_1_81' title="bbox 999 1929 1791 1970; baseline 0.001 -11"><span class='ocrx_word' id='word_1_550' title='bbox 999 1929 1055 1965; x_wconf 64' lang='grc' dir='ltr'>τοῖς</span> <span class='ocrx_word' id='word_1_551' title='bbox 1069 1934 1167 1968; x_wconf 86' lang='grc' dir='ltr'>μᾶλλον</span> <span class='ocrx_word' id='word_1_552' title='bbox 1182 1934 1253 1969; x_wconf 74' lang='grc' dir='ltr'>ἥπερ</span> <span class='ocrx_word' id='word_1_553' title='bbox 1266 1934 1401 1969; x_wconf 78' lang='grc' dir='ltr'>ὠφέλειαν</span> <span class='ocrx_word' id='word_1_554' title='bbox 1417 1935 1535 1970; x_wconf 77' lang='grc' dir='ltr'>φέροντα</span> <span class='ocrx_word' id='word_1_555' title='bbox 1549 1944 1556 1950; x_wconf 93' lang='grc'><strong>·</strong></span> <span class='ocrx_word' id='word_1_556' title='bbox 1573 1935 1597 1960; x_wconf 85' lang='grc' dir='ltr'>εἰ</span> <span class='ocrx_word' id='word_1_557' title='bbox 1612 1935 1641 1961; x_wconf 79' lang='grc' dir='ltr'><strong>δὲ</strong></span> <span class='ocrx_word' id='word_1_558' title='bbox 1658 1935 1706 1960; x_wconf 75' lang='grc' dir='ltr'>καὶ</span> <span class='ocrx_word' id='word_1_559' title='bbox 1721 1943 1791 1968; x_wconf 84' lang='grc' dir='ltr'>συμ-</span> 
     </span>
    </p>
   </div>
   <div class='ocr_carea' id='block_1_82' title="bbox 1000 1979 1791 2017">
    <p class='ocr_par' dir='ltr' id='par_1_82' title="bbox 1000 1979 1791 2017">
     <span class='ocr_line' id='line_1_82' title="bbox 1000 1979 1791 2017; baseline 0.001 -12"><span class='ocrx_word' id='word_1_560' title='bbox 1000 1979 1063 2014; x_wconf 83' lang='grc' dir='ltr'>ϐαίη</span> <span class='ocrx_word' id='word_1_561' title='bbox 1077 1980 1180 2011; x_wconf 84' lang='grc' dir='ltr'>ταύτας</span> <span class='ocrx_word' id='word_1_562' title='bbox 1190 1979 1239 2011; x_wconf 83' lang='grc' dir='ltr'><strong>τὰς</strong></span> <span class='ocrx_word' id='word_1_563' title='bbox 1263 1979 1367 2012; x_wconf 78' lang='grc' dir='ltr'>ἐννοίας</span> <span class='ocrx_word' id='word_1_564' title='bbox 1388 1980 1480 2017; x_wconf 83' lang='grc' dir='ltr'>ὥσπερ</span> <span class='ocrx_word' id='word_1_565' title='bbox 1491 1980 1737 2016; x_wconf 86' lang='grc' dir='ltr'>διαθερμανθείσας</span> <span class='ocrx_word' id='word_1_566' title='bbox 1749 1982 1791 2012; x_wconf 80' lang='grc' dir='ltr'><strong>εἰς</strong></span> 
     </span>
    </p>
   </div>
   <div class='ocr_carea' id='block_1_83' title="bbox 999 2026 1785 2062">
    <p class='ocr_par' dir='ltr' id='par_1_83' title="bbox 999 2026 1785 2062">
     <span class='ocr_line' id='line_1_83' title="bbox 999 2026 1785 2062; baseline 0.003 -11"><span class='ocrx_word' id='word_1_567' title='bbox 999 2026 1112 2060; x_wconf 76' lang='grc' dir='ltr'>πράξεις</span> <span class='ocrx_word' id='word_1_568' title='bbox 1125 2026 1268 2062; x_wconf 70' lang='grc' dir='ltr'>προκόψαι,</span> <span class='ocrx_word' id='word_1_569' title='bbox 1285 2026 1335 2052; x_wconf 74' lang='grc' dir='ltr'>οὐκ</span> <span class='ocrx_word' id='word_1_570' title='bbox 1352 2026 1439 2054; x_wconf 82' lang='grc' dir='ltr'>ἔοικεν</span> <span class='ocrx_word' id='word_1_571' title='bbox 1456 2027 1570 2058; x_wconf 72' lang='grc' dir='ltr'>ἐκείνοις</span> <span class='ocrx_word' id='word_1_572' title='bbox 1588 2029 1646 2058; x_wconf 83' lang='grc' dir='ltr'>τοῖς</span> <span class='ocrx_word' id='word_1_573' title='bbox 1665 2027 1785 2053; x_wconf 78' lang='grc' dir='ltr'>κλάσασι</span> 
     </span>
    </p>
   </div>
   <div class='ocr_carea' id='block_1_84' title="bbox 1001 2071 1791 2108">
    <p class='ocr_par' dir='ltr' id='par_1_84' title="bbox 1001 2071 1791 2108">
     <span class='ocr_line' id='line_1_84' title="bbox 1001 2071 1791 2108; baseline 0.003 -11"><span class='ocrx_word' id='word_1_574' title='bbox 1001 2071 1050 2106; x_wconf 84' lang='grc' dir='ltr'>μὲν</span> <span class='ocrx_word' id='word_1_575' title='bbox 1073 2071 1126 2098; x_wconf 77' lang='grc' dir='ltr'><strong>ὠὸν</strong></span> <span class='ocrx_word' id='word_1_576' title='bbox 1155 2072 1277 2105; x_wconf 81' lang='grc' dir='ltr'>ἀσπίδος,</span> <span class='ocrx_word' id='word_1_577' title='bbox 1295 2072 1451 2107; x_wconf 87' lang='grc' dir='ltr'>βασιλίσκον</span> <span class='ocrx_word' id='word_1_578' title='bbox 1475 2073 1504 2099; x_wconf 84' lang='grc' dir='ltr'><strong>δὲ</strong></span> <span class='ocrx_word' id='word_1_579' title='bbox 1518 2074 1546 2098; x_wconf 80' lang='grc' dir='ltr'>ἐν</span> <span class='ocrx_word' id='word_1_580' title='bbox 1561 2073 1652 2104; x_wconf 84' lang='grc' dir='ltr'>αὐτοῖς</span> <span class='ocrx_word' id='word_1_581' title='bbox 1668 2073 1728 2108; x_wconf 72' lang='grc'>(12)</span> <span class='ocrx_word' id='word_1_582' title='bbox 1744 2073 1791 2099; x_wconf 77' lang='grc' dir='ltr'><strong>εὑ-</strong></span> 
     </span>
    </p>
   </div>
   <div class='ocr_carea' id='block_1_85' title="bbox 1000 2117 1792 2154">
    <p class='ocr_par' dir='ltr' id='par_1_85' title="bbox 1000 2117 1792 2154">
     <span class='ocr_line' id='line_1_85' title="bbox 1000 2117 1792 2154; baseline 0.004 -12"><span class='ocrx_word' id='word_1_583' title='bbox 1000 2117 1090 2151; x_wconf 80' lang='grc' dir='ltr'>ροῦσι;</span> <span class='ocrx_word' id='word_1_584' title='bbox 1107 2117 1154 2143; x_wconf 74' lang='grc' dir='ltr'>καὶ</span> <span class='ocrx_word' id='word_1_585' title='bbox 1179 2117 1244 2143; x_wconf 80' lang='grc' dir='ltr'>αὑτό</span> <span class='ocrx_word' id='word_1_586' title='bbox 1268 2118 1326 2143; x_wconf 77' lang='grc' dir='ltr'>ἐστι</span> <span class='ocrx_word' id='word_1_587' title='bbox 1353 2117 1454 2144; x_wconf 76' lang='grc' dir='ltr'>ἰοϐόλον</span> <span class='ocrx_word' id='word_1_588' title='bbox 1471 2118 1516 2144; x_wconf 76' lang='grc' dir='ltr'>καὶ</span> <span class='ocrx_word' id='word_1_589' title='bbox 1535 2118 1723 2154; x_wconf 81' lang='grc' dir='ltr'>θανατηφόρον</span> <span class='ocrx_word' id='word_1_590' title='bbox 1744 2119 1792 2153; x_wconf 80' lang='grc' dir='ltr'><strong>ἐρ-</strong></span> 
     </span>
    </p>
   </div>
   <div class='ocr_carea' id='block_1_86' title="bbox 999 2163 1089 2188">
    <p class='ocr_par' dir='ltr' id='par_1_86' title="bbox 999 2163 1089 2188">
     <span class='ocr_line' id='line_1_86' title="bbox 999 2163 1089 2188; baseline 0 0"><span class='ocrx_word' id='word_1_591' title='bbox 999 2163 1089 2188; x_wconf 85' lang='grc' dir='ltr'>πετόν.</span> 
     </span>
    </p>
   </div>
   <div class='ocr_carea' id='block_1_87' title="bbox 198 2204 950 2245">
    <p class='ocr_par' dir='ltr' id='par_1_87' title="bbox 198 2204 946 2244">
     <span class='ocr_line' id='line_1_87' title="bbox 198 2204 946 2244; baseline 0.007 -12"><span class='ocrx_word' id='word_1_592' title='bbox 198 2204 279 2234; x_wconf 72' lang='lat' dir='ltr'><strong>Vens.</strong></span> <span class='ocrx_word' id='word_1_593' title='bbox 301 2206 344 2233; x_wconf 80' lang='grc'><strong>10.</strong></span> <span class='ocrx_word' id='word_1_594' title='bbox 365 2206 431 2239; x_wconf 69' lang='lat' dir='ltr'><strong>Quae</strong></span> <span class='ocrx_word' id='word_1_595' title='bbox 447 2207 497 2235; x_wconf 88' lang='lat' dir='ltr'><strong>hoc</strong></span> <span class='ocrx_word' id='word_1_596' title='bbox 514 2215 597 2235; x_wconf 83' lang='lat' dir='ltr'><strong>sensu</strong></span> <span class='ocrx_word' id='word_1_597' title='bbox 615 2209 752 2243; x_wconf 87' lang='lat' dir='ltr'><strong>accipies:</strong></span> <span class='ocrx_word' id='word_1_598' title='bbox 770 2210 946 2244; x_wconf 86' lang='lat' dir='ltr'><strong>quemadmo-</strong></span> 
     </span>
    </p>
   </div>
   <div class='ocr_carea' id='block_1_88' title="bbox 1008 2204 1790 2245">
    <p class='ocr_par' dir='ltr' id='par_1_88' title="bbox 1038 2207 1790 2245">
     <span class='ocr_line' id='line_1_88' title="bbox 1038 2207 1790 2245; baseline 0.004 -12"><span class='ocrx_word' id='word_1_599' title='bbox 1038 2208 1092 2234; x_wconf 80' lang='grc' dir='ltr'><strong>Καὶ</strong></span> <span class='ocrx_word' id='word_1_600' title='bbox 1115 2207 1194 2235; x_wconf 86' lang='grc' dir='ltr'>τοῦτο</span> <span class='ocrx_word' id='word_1_601' title='bbox 1217 2208 1246 2234; x_wconf 82' lang='grc' dir='ltr'><strong>δὲ</strong></span> <span class='ocrx_word' id='word_1_602' title='bbox 1271 2210 1431 2244; x_wconf 85' lang='grc' dir='ltr'>σκοπητέον,</span> <span class='ocrx_word' id='word_1_603' title='bbox 1447 2210 1497 2241; x_wconf 84' lang='grc' dir='ltr'>ὅτι,</span> <span class='ocrx_word' id='word_1_604' title='bbox 1523 2210 1618 2244; x_wconf 78' lang='grc' dir='ltr'>ὥσπερ</span> <span class='ocrx_word' id='word_1_605' title='bbox 1640 2210 1790 2245; x_wconf 75' lang='grc' dir='ltr'>ὀφθαλμῶν</span> 
     </span>
    </p>
   </div>
   <div class='ocr_carea' id='block_1_89' title="bbox 159 2249 944 2289">
    <p class='ocr_par' dir='ltr' id='par_1_89' title="bbox 159 2249 944 2289">
     <span class='ocr_line' id='line_1_89' title="bbox 159 2249 944 2289; baseline 0.009 -13"><span class='ocrx_word' id='word_1_606' title='bbox 159 2249 225 2277; x_wconf 89' lang='lat' dir='ltr'><strong>dum</strong></span> <span class='ocrx_word' id='word_1_607' title='bbox 240 2251 307 2278; x_wconf 90' lang='lat' dir='ltr'><strong>nihil</strong></span> <span class='ocrx_word' id='word_1_608' title='bbox 321 2259 414 2279; x_wconf 90' lang='lat' dir='ltr'><strong>eorum</strong></span> <span class='ocrx_word' id='word_1_609' title='bbox 431 2261 491 2287; x_wconf 62' lang='lat' dir='ltr'><strong>qua:</strong></span> <span class='ocrx_word' id='word_1_610' title='bbox 505 2254 688 2281; x_wconf 80' lang='lat' dir='ltr'><strong>obversantur</strong></span> <span class='ocrx_word' id='word_1_611' title='bbox 702 2262 814 2282; x_wconf 90' lang='lat' dir='ltr'><strong>cernere</strong></span> <span class='ocrx_word' id='word_1_612' title='bbox 828 2255 944 2289; x_wconf 88' lang='lat' dir='ltr'><strong>poterit,</strong></span> 
     </span>
    </p>
   </div>
   <div class='ocr_carea' id='block_1_90' title="bbox 160 2296 946 2335">
    <p class='ocr_par' dir='ltr' id='par_1_90' title="bbox 160 2296 946 2335">
     <span class='ocr_line' id='line_1_90' title="bbox 160 2296 946 2335; baseline 0.008 -13"><span class='ocrx_word' id='word_1_613' title='bbox 160 2296 205 2331; x_wconf 87' lang='lat' dir='ltr'><strong>qui</strong></span> <span class='ocrx_word' id='word_1_614' title='bbox 222 2297 309 2325; x_wconf 91' lang='lat' dir='ltr'><strong>oculis</strong></span> <span class='ocrx_word' id='word_1_615' title='bbox 324 2297 386 2324; x_wconf 87' lang='lat' dir='ltr'><strong>licet</strong></span> <span class='ocrx_word' id='word_1_616' title='bbox 402 2298 532 2332; x_wconf 70' lang='lat' dir='ltr'><strong>praeditus</strong></span> <span class='ocrx_word' id='word_1_617' title='bbox 549 2299 609 2326; x_wconf 89' lang='lat' dir='ltr'><strong>luce</strong></span> <span class='ocrx_word' id='word_1_618' title='bbox 624 2304 716 2331; x_wconf 88' lang='lat' dir='ltr'><strong>caret,</strong></span> <span class='ocrx_word' id='word_1_619' title='bbox 735 2304 781 2326; x_wconf 91' lang='lat' dir='ltr'><strong>aut</strong></span> <span class='ocrx_word' id='word_1_620' title='bbox 796 2302 841 2335; x_wconf 87' lang='lat' dir='ltr'><strong>qui</strong></span> <span class='ocrx_word' id='word_1_621' title='bbox 858 2301 946 2328; x_wconf 87' lang='lat' dir='ltr'><strong>lucem</strong></span> 
     </span>
    </p>
   </div>
   <div class='ocr_carea' id='block_1_91' title="bbox 161 2342 946 2381">
    <p class='ocr_par' dir='ltr' id='par_1_91' title="bbox 161 2342 946 2381">
     <span class='ocr_line' id='line_1_91' title="bbox 161 2342 946 2381; baseline 0.008 -13"><span class='ocrx_word' id='word_1_622' title='bbox 161 2342 290 2377; x_wconf 82' lang='lat' dir='ltr'><strong>adeptus,</strong></span> <span class='ocrx_word' id='word_1_623' title='bbox 305 2343 393 2370; x_wconf 89' lang='lat' dir='ltr'><strong>oculis</strong></span> <span class='ocrx_word' id='word_1_624' title='bbox 408 2344 578 2377; x_wconf 65' lang='lat' dir='ltr'><strong>destituitur,</strong></span> <span class='ocrx_word' id='word_1_625' title='bbox 603 2344 639 2371; x_wconf 90' lang='lat' dir='ltr'><strong>ita</strong></span> <span class='ocrx_word' id='word_1_626' title='bbox 663 2353 775 2373; x_wconf 89' lang='lat' dir='ltr'><strong>necesse</strong></span> <span class='ocrx_word' id='word_1_627' title='bbox 798 2351 839 2373; x_wconf 89' lang='lat' dir='ltr'><strong>est</strong></span> <span class='ocrx_word' id='word_1_628' title='bbox 853 2351 883 2373; x_wconf 90' lang='lat' dir='ltr'><strong>ut</strong></span> <span class='ocrx_word' id='word_1_629' title='bbox 900 2347 946 2381; x_wconf 93' lang='lat' dir='ltr'><strong>qui</strong></span> 
     </span>
    </p>
   </div>
   <div class='ocr_carea' id='block_1_92' title="bbox 159 2387 947 2424">
    <p class='ocr_par' dir='ltr' id='par_1_92' title="bbox 159 2387 947 2424">
     <span class='ocr_line' id='line_1_92' title="bbox 159 2387 947 2424; baseline 0.008 -10"><span class='ocrx_word' id='word_1_630' title='bbox 159 2392 250 2415; x_wconf 82' lang='lat' dir='ltr'><strong>:ncnte</strong></span> <span class='ocrx_word' id='word_1_631' title='bbox 265 2387 367 2423; x_wconf 89' lang='lat' dir='ltr'><strong>aliquid</strong></span> <span class='ocrx_word' id='word_1_632' title='bbox 380 2389 523 2423; x_wconf 91' lang='lat' dir='ltr'><strong>complecti</strong></span> <span class='ocrx_word' id='word_1_633' title='bbox 539 2390 674 2424; x_wconf 86' lang='lat' dir='ltr'><strong>voluerit,</strong></span> <span class='ocrx_word' id='word_1_634' title='bbox 691 2391 815 2419; x_wconf 89' lang='lat' dir='ltr'><strong>doctrina</strong></span> <span class='ocrx_word' id='word_1_635' title='bbox 827 2392 947 2421; x_wconf 89' lang='lat' dir='ltr'><strong>illustre-</strong></span> 
     </span>
    </p>
   </div>
   <div class='ocr_carea' id='block_1_93' title="bbox 158 2431 699 2470">
    <p class='ocr_par' dir='ltr' id='par_1_93' title="bbox 158 2431 699 2470">
     <span class='ocr_line' id='line_1_93' title="bbox 158 2431 699 2470; baseline 0.006 -11"><span class='ocrx_word' id='word_1_636' title='bbox 158 2437 203 2459; x_wconf 72' lang='lat' dir='ltr'><strong>:ur</strong></span> <span class='ocrx_word' id='word_1_637' title='bbox 219 2440 252 2460; x_wconf 81' lang='lat' dir='ltr'><strong>ex</strong></span> <span class='ocrx_word' id='word_1_638' title='bbox 265 2431 366 2460; x_wconf 86' lang='lat' dir='ltr'><strong>divinis</strong></span> <span class='ocrx_word' id='word_1_639' title='bbox 382 2432 531 2469; x_wconf 88' lang='lat' dir='ltr'><strong>Scripturis</strong></span> <span class='ocrx_word' id='word_1_640' title='bbox 546 2434 699 2470; x_wconf 87' lang='lat' dir='ltr'><strong>desumpta.</strong></span> 
     </span>
    </p>
   </div>
   <div class='ocr_carea' id='block_1_94' title="bbox 195 2477 944 2516">
    <p class='ocr_par' dir='ltr' id='par_1_94' title="bbox 195 2477 944 2516">
     <span class='ocr_line' id='line_1_94' title="bbox 195 2477 944 2516; baseline 0.008 -12"><span class='ocrx_word' id='word_1_641' title='bbox 195 2477 278 2505; x_wconf 72' lang='lat' dir='ltr'><strong>Vens.</strong></span> <span class='ocrx_word' id='word_1_642' title='bbox 301 2478 344 2506; x_wconf 80' lang='grc' dir='ltr'><strong>Η.</strong></span> <span class='ocrx_word' id='word_1_643' title='bbox 365 2478 470 2506; x_wconf 86' lang='lat' dir='ltr'><strong>Tantus</strong></span> <span class='ocrx_word' id='word_1_644' title='bbox 491 2480 542 2507; x_wconf 89' lang='lat' dir='ltr'><strong>crit</strong></span> <span class='ocrx_word' id='word_1_645' title='bbox 563 2480 603 2508; x_wconf 88' lang='lat' dir='ltr'><strong>eis</strong></span> <span class='ocrx_word' id='word_1_646' title='bbox 620 2482 736 2516; x_wconf 79' lang='lat' dir='ltr'><strong>gemitus</strong></span> <span class='ocrx_word' id='word_1_647' title='bbox 761 2486 788 2510; x_wconf 89' lang='lat' dir='ltr'><strong>et</strong></span> <span class='ocrx_word' id='word_1_648' title='bbox 810 2483 944 2515; x_wconf 80' lang='lat' dir='ltr'><strong>ululatus.</strong></span> 
     </span>
    </p>
   </div>
   <div class='ocr_carea' id='block_1_95' title="bbox 159 2526 945 2562">
    <p class='ocr_par' dir='ltr' id='par_1_95' title="bbox 159 2526 945 2562">
     <span class='ocr_line' id='line_1_95' title="bbox 159 2526 945 2562; baseline 0.005 -11"><span class='ocrx_word' id='word_1_649' title='bbox 159 2528 278 2558; x_wconf 84' lang='lat' dir='ltr'><strong>quantus</strong></span> <span class='ocrx_word' id='word_1_650' title='bbox 295 2532 360 2552; x_wconf 91' lang='lat' dir='ltr'><strong>urso</strong></span> <span class='ocrx_word' id='word_1_651' title='bbox 375 2526 481 2552; x_wconf 89' lang='lat' dir='ltr'><strong>catulos</strong></span> <span class='ocrx_word' id='word_1_652' title='bbox 504 2526 620 2554; x_wconf 88' lang='lat' dir='ltr'><strong>amissos</strong></span> <span class='ocrx_word' id='word_1_653' title='bbox 645 2527 767 2562; x_wconf 83' lang='lat' dir='ltr'><strong>lugenti;</strong></span> <span class='ocrx_word' id='word_1_654' title='bbox 793 2532 841 2555; x_wconf 89' lang='lat' dir='ltr'><strong>aut</strong></span> <span class='ocrx_word' id='word_1_655' title='bbox 864 2529 945 2556; x_wconf 89' lang='lat' dir='ltr'><strong>etiam</strong></span> 
     </span>
    </p>
   </div>
   <div class='ocr_carea' id='block_1_96' title="bbox 159 2572 874 2606">
    <p class='ocr_par' dir='ltr' id='par_1_96' title="bbox 159 2572 874 2606">
     <span class='ocr_line' id='line_1_96' title="bbox 159 2572 874 2606; baseline 0.008 -10"><span class='ocrx_word' id='word_1_656' title='bbox 159 2574 278 2604; x_wconf 81' lang='lat' dir='ltr'><strong>quantus</strong></span> <span class='ocrx_word' id='word_1_657' title='bbox 293 2572 427 2599; x_wconf 71' lang='lat' dir='ltr'><strong>columba:</strong></span> <span class='ocrx_word' id='word_1_658' title='bbox 441 2580 502 2606; x_wconf 66' lang='lat' dir='ltr'><strong>quae</strong></span> <span class='ocrx_word' id='word_1_659' title='bbox 515 2576 612 2600; x_wconf 86' lang='lat' dir='ltr'><strong>natura</strong></span> <span class='ocrx_word' id='word_1_660' title='bbox 628 2574 758 2601; x_wconf 89' lang='lat' dir='ltr'><strong>continuo</strong></span> <span class='ocrx_word' id='word_1_661' title='bbox 772 2574 874 2602; x_wconf 82' lang='lat' dir='ltr'><strong>fremit.</strong></span> 
     </span>
    </p>
   </div>
   <div class='ocr_carea' id='block_1_97' title="bbox 197 2656 944 2698">
    <p class='ocr_par' dir='ltr' id='par_1_97' title="bbox 197 2656 944 2698">
     <span class='ocr_line' id='line_1_97' title="bbox 197 2656 944 2698; baseline 0.009 -15"><span class='ocrx_word' id='word_1_662' title='bbox 197 2656 278 2685; x_wconf 77' lang='lat' dir='ltr'><strong>Vsns.</strong></span> <span class='ocrx_word' id='word_1_663' title='bbox 297 2659 340 2686; x_wconf 73' lang='lat' dir='ltr'><strong>l7.</strong></span> <span class='ocrx_word' id='word_1_664' title='bbox 357 2660 478 2688; x_wconf 88' lang='lat' dir='ltr'><strong>Salutem</strong></span> <span class='ocrx_word' id='word_1_665' title='bbox 489 2681 496 2692; x_wconf 82' lang='grc'><em>,</em></span> <span class='ocrx_word' id='word_1_666' title='bbox 510 2668 592 2695; x_wconf 87' lang='lat' dir='ltr'><strong>quam</strong></span> <span class='ocrx_word' id='word_1_667' title='bbox 606 2668 702 2696; x_wconf 62' lang='lat' dir='ltr'><strong>poenas</strong></span> <span class='ocrx_word' id='word_1_668' title='bbox 715 2664 811 2690; x_wconf 86' lang='lat' dir='ltr'><strong>dantes</strong></span> <span class='ocrx_word' id='word_1_669' title='bbox 826 2670 874 2697; x_wconf 88' lang='lat' dir='ltr'><strong>per</strong></span> <span class='ocrx_word' id='word_1_670' title='bbox 886 2670 944 2698; x_wconf 81' lang='lat' dir='ltr'><strong>pce-</strong></span> 
     </span>
    </p>
   </div>
   <div class='ocr_carea' id='block_1_98' title="bbox 161 2702 943 2744">
    <p class='ocr_par' dir='ltr' id='par_1_98' title="bbox 161 2702 943 2744">
     <span class='ocr_line' id='line_1_98' title="bbox 161 2702 943 2744; baseline 0.013 -17"><span class='ocrx_word' id='word_1_671' title='bbox 161 2702 300 2734; x_wconf 76' lang='lat' dir='ltr'><strong>nitentiam</strong></span> <span class='ocrx_word' id='word_1_672' title='bbox 322 2709 349 2732; x_wconf 86' lang='lat' dir='ltr'><strong>et</strong></span> <span class='ocrx_word' id='word_1_673' title='bbox 369 2706 538 2734; x_wconf 88' lang='lat' dir='ltr'><strong>docilitatem</strong></span> <span class='ocrx_word' id='word_1_674' title='bbox 561 2708 686 2736; x_wconf 89' lang='lat' dir='ltr'><strong>homines</strong></span> <span class='ocrx_word' id='word_1_675' title='bbox 708 2709 759 2736; x_wconf 88' lang='lat' dir='ltr'><strong>sibi</strong></span> <span class='ocrx_word' id='word_1_676' title='bbox 785 2713 943 2744; x_wconf 88' lang='lat' dir='ltr'><strong>operantur,</strong></span> 
     </span>
    </p>
   </div>
   <div class='ocr_carea' id='block_1_99' title="bbox 162 2747 943 2789">
    <p class='ocr_par' dir='ltr' id='par_1_99' title="bbox 162 2747 943 2789">
     <span class='ocr_line' id='line_1_99' title="bbox 162 2747 943 2789; baseline 0.013 -17"><span class='ocrx_word' id='word_1_677' title='bbox 162 2747 300 2781; x_wconf 48' lang='lat' dir='ltr'><strong>suscipere</strong></span> <span class='ocrx_word' id='word_1_678' title='bbox 310 2749 377 2776; x_wconf 87' lang='lat' dir='ltr'><strong>dicit</strong></span> <span class='ocrx_word' id='word_1_679' title='bbox 386 2750 470 2778; x_wconf 85' lang='lat' dir='ltr'><strong>Deum</strong></span> <span class='ocrx_word' id='word_1_680' title='bbox 483 2771 489 2782; x_wconf 88' lang='lat'><strong>,</strong></span> <span class='ocrx_word' id='word_1_681' title='bbox 502 2756 528 2780; x_wconf 88' lang='lat' dir='ltr'><strong>et</strong></span> <span class='ocrx_word' id='word_1_682' title='bbox 539 2753 612 2780; x_wconf 88' lang='lat' dir='ltr'><strong>velut</strong></span> <span class='ocrx_word' id='word_1_683' title='bbox 626 2753 815 2782; x_wconf 90' lang='lat' dir='ltr'><strong>indumentum</strong></span> <span class='ocrx_word' id='word_1_684' title='bbox 826 2775 834 2789; x_wconf 87' lang='lat'><strong>,</strong></span> <span class='ocrx_word' id='word_1_685' title='bbox 850 2762 943 2782; x_wconf 88' lang='lat' dir='ltr'><strong>eorum</strong></span> 
     </span>
    </p>
   </div>
   <div class='ocr_carea' id='block_1_100' title="bbox 195 2832 455 2879">
    <p class='ocr_par' dir='ltr' id='par_1_100' title="bbox 195 2832 455 2879">
     <span class='ocr_line' id='line_1_100' title="bbox 195 2832 455 2879; baseline 0.008 -17"><span class='ocrx_word' id='word_1_686' title='bbox 195 2832 252 2876; x_wconf 51' lang='lat'><strong>«1}</strong></span> <span class='ocrx_word' id='word_1_687' title='bbox 266 2833 357 2867; x_wconf 73' lang='lat' dir='ltr'><strong>Potius</strong></span> <span class='ocrx_word' id='word_1_688' title='bbox 372 2837 455 2879; x_wconf 61' lang='grc' dir='ltr'>αὐτῷ,</span> 
     </span>
    </p>
   </div>
   <div class='ocr_carea' id='block_1_101' title="bbox 997 2253 1790 2292">
    <p class='ocr_par' dir='ltr' id='par_1_101' title="bbox 997 2253 1790 2292">
     <span class='ocr_line' id='line_1_101' title="bbox 997 2253 1790 2292; baseline 0.003 -12"><span class='ocrx_word' id='word_1_689' title='bbox 997 2253 1092 2286; x_wconf 74' lang='grc' dir='ltr'>ὅντων,</span> <span class='ocrx_word' id='word_1_690' title='bbox 1121 2255 1145 2290; x_wconf 80' lang='grc' dir='ltr'><strong>εί</strong></span> <span class='ocrx_word' id='word_1_691' title='bbox 1171 2255 1209 2290; x_wconf 86' lang='grc' dir='ltr'>μὴ</span> <span class='ocrx_word' id='word_1_692' title='bbox 1223 2257 1321 2292; x_wconf 84' lang='grc' dir='ltr'>παρείη</span> <span class='ocrx_word' id='word_1_693' title='bbox 1338 2256 1405 2291; x_wconf 79' lang='grc' dir='ltr'>φῶς,</span> <span class='ocrx_word' id='word_1_694' title='bbox 1423 2257 1469 2282; x_wconf 82' lang='grc' dir='ltr'>καὶ</span> <span class='ocrx_word' id='word_1_695' title='bbox 1491 2256 1580 2290; x_wconf 85' lang='grc' dir='ltr'>φωτὸς</span> <span class='ocrx_word' id='word_1_696' title='bbox 1603 2256 1691 2288; x_wconf 76' lang='grc' dir='ltr'>ὄντος,</span> <span class='ocrx_word' id='word_1_697' title='bbox 1710 2257 1734 2282; x_wconf 88' lang='grc' dir='ltr'>εἰ</span> <span class='ocrx_word' id='word_1_698' title='bbox 1752 2257 1790 2292; x_wconf 79' lang='grc' dir='ltr'>μὴ</span> 
     </span>
    </p>
   </div>
   <div class='ocr_carea' id='block_1_102' title="bbox 997 2297 1790 2336">
    <p class='ocr_par' dir='ltr' id='par_1_102' title="bbox 997 2297 1790 2336">
     <span class='ocr_line' id='line_1_102' title="bbox 997 2297 1790 2336; baseline 0.004 -10"><span class='ocrx_word' id='word_1_699' title='bbox 997 2297 1062 2326; x_wconf 81' lang='grc' dir='ltr'>ὦσιν</span> <span class='ocrx_word' id='word_1_700' title='bbox 1073 2301 1205 2336; x_wconf 72' lang='grc' dir='ltr'>ὀφθαλμοὶ</span> <span class='ocrx_word' id='word_1_701' title='bbox 1223 2302 1377 2336; x_wconf 83' lang='grc' dir='ltr'>βλέποντες,</span> <span class='ocrx_word' id='word_1_702' title='bbox 1401 2302 1531 2330; x_wconf 77' lang='grc' dir='ltr'>ἀδύνατόν</span> <span class='ocrx_word' id='word_1_703' title='bbox 1548 2304 1605 2328; x_wconf 81' lang='grc' dir='ltr'>ἐστι</span> <span class='ocrx_word' id='word_1_704' title='bbox 1623 2302 1658 2329; x_wconf 79' lang='grc' dir='ltr'><strong>τὰ</strong></span> <span class='ocrx_word' id='word_1_705' title='bbox 1676 2303 1790 2329; x_wconf 61' lang='lat' dir='ltr'><strong>(amassi-</strong></span> 
     </span>
    </p>
   </div>
   <div class='ocr_carea' id='block_1_103' title="bbox 999 2346 1788 2384">
    <p class='ocr_par' dir='ltr' id='par_1_103' title="bbox 999 2346 1788 2384">
     <span class='ocr_line' id='line_1_103' title="bbox 999 2346 1788 2384; baseline 0.001 -12"><span class='ocrx_word' id='word_1_706' title='bbox 999 2355 1067 2381; x_wconf 87' lang='grc' dir='ltr'>μενα</span> <span class='ocrx_word' id='word_1_707' title='bbox 1080 2346 1199 2383; x_wconf 82' lang='grc' dir='ltr'>καθορᾷν</span> <span class='ocrx_word' id='word_1_708' title='bbox 1210 2356 1217 2363; x_wconf 67' lang='grc' dir='ltr'><strong>ι</strong></span> <span class='ocrx_word' id='word_1_709' title='bbox 1237 2347 1324 2379; x_wconf 73' lang='grc' dir='ltr'>οὕτως</span> <span class='ocrx_word' id='word_1_710' title='bbox 1338 2348 1444 2384; x_wconf 80' lang='grc' dir='ltr'>ἀνάγκη</span> <span class='ocrx_word' id='word_1_711' title='bbox 1465 2349 1511 2375; x_wconf 84' lang='grc' dir='ltr'>καὶ</span> <span class='ocrx_word' id='word_1_712' title='bbox 1525 2348 1570 2375; x_wconf 78' lang='grc' dir='ltr'>τὸν</span> <span class='ocrx_word' id='word_1_713' title='bbox 1585 2347 1749 2383; x_wconf 85' lang='grc' dir='ltr'>βουλόμενόν</span> <span class='ocrx_word' id='word_1_714' title='bbox 1762 2356 1788 2373; x_wconf 86' lang='grc' dir='ltr'><strong>τι</strong></span> 
     </span>
    </p>
   </div>
   <div class='ocr_carea' id='block_1_104' title="bbox 997 2392 1788 2433">
    <p class='ocr_par' dir='ltr' id='par_1_104' title="bbox 997 2392 1788 2433">
     <span class='ocr_line' id='line_1_104' title="bbox 997 2392 1788 2433; baseline 0.003 -15"><span class='ocrx_word' id='word_1_715' title='bbox 997 2392 1159 2420; x_wconf 82' lang='grc' dir='ltr'>διανοεῖσθαι</span> <span class='ocrx_word' id='word_1_716' title='bbox 1175 2393 1247 2427; x_wconf 80' lang='grc' dir='ltr'>νοῦν,</span> <span class='ocrx_word' id='word_1_717' title='bbox 1263 2395 1300 2430; x_wconf 78' lang='grc' dir='ltr'>μὴ</span> <span class='ocrx_word' id='word_1_718' title='bbox 1310 2395 1341 2420; x_wconf 81' lang='grc' dir='ltr'>ἐκ</span> <span class='ocrx_word' id='word_1_719' title='bbox 1354 2394 1407 2421; x_wconf 80' lang='grc' dir='ltr'>τῶν</span> <span class='ocrx_word' id='word_1_720' title='bbox 1416 2394 1496 2428; x_wconf 85' lang='grc' dir='ltr'>θείων</span> <span class='ocrx_word' id='word_1_721' title='bbox 1507 2395 1527 2421; x_wconf 88' lang='grc' dir='ltr'><strong><em>Γ</em></strong></span> <span class='ocrx_word' id='word_1_722' title='bbox 1530 2394 1623 2433; x_wconf 75' lang='grc' dir='ltr'>ραφῶν</span> <span class='ocrx_word' id='word_1_723' title='bbox 1636 2395 1788 2430; x_wconf 77' lang='grc' dir='ltr'>ἀρυόμενον</span> 
     </span>
    </p>
   </div>
   <div class='ocr_carea' id='block_1_105' title="bbox 999 2439 1287 2475">
    <p class='ocr_par' dir='ltr' id='par_1_105' title="bbox 999 2439 1287 2475">
     <span class='ocr_line' id='line_1_105' title="bbox 999 2439 1287 2475; baseline 0.007 -11"><span class='ocrx_word' id='word_1_724' title='bbox 999 2439 1102 2473; x_wconf 84' lang='grc' dir='ltr'>σοφίαν,</span> <span class='ocrx_word' id='word_1_725' title='bbox 1118 2440 1287 2475; x_wconf 85' lang='grc' dir='ltr'>διαμαρτεῖν.</span> 
     </span>
    </p>
   </div>
   <div class='ocr_carea' id='block_1_106' title="bbox 1033 2484 1788 2522">
    <p class='ocr_par' dir='ltr' id='par_1_106' title="bbox 1033 2484 1788 2522">
     <span class='ocr_line' id='line_1_106' title="bbox 1033 2484 1788 2522; baseline 0 -11"><span class='ocrx_word' id='word_1_726' title='bbox 1033 2485 1164 2517; x_wconf 79' lang='grc' dir='ltr'>Τοσοῦτος</span> <span class='ocrx_word' id='word_1_727' title='bbox 1187 2486 1215 2511; x_wconf 80' lang='grc' dir='ltr'><strong>δὲ</strong></span> <span class='ocrx_word' id='word_1_728' title='bbox 1235 2484 1310 2512; x_wconf 81' lang='grc' dir='ltr'>ἔσται</span> <span class='ocrx_word' id='word_1_729' title='bbox 1327 2487 1340 2512; x_wconf 83' lang='grc' dir='ltr'><strong><em>ὁ</em></strong></span> <span class='ocrx_word' id='word_1_730' title='bbox 1355 2487 1504 2522; x_wconf 81' lang='grc' dir='ltr'>στεναγμὸς</span> <span class='ocrx_word' id='word_1_731' title='bbox 1520 2487 1567 2513; x_wconf 73' lang='grc' dir='ltr'>καὶ</span> <span class='ocrx_word' id='word_1_732' title='bbox 1584 2487 1600 2522; x_wconf 83' lang='grc' dir='ltr'>ἡ</span> <span class='ocrx_word' id='word_1_733' title='bbox 1619 2487 1686 2521; x_wconf 83' lang='grc' dir='ltr'>παρ’</span> <span class='ocrx_word' id='word_1_734' title='bbox 1698 2485 1788 2513; x_wconf 80' lang='grc' dir='ltr'>αὐτῶν</span> 
     </span>
    </p>
   </div>
   <div class='ocr_carea' id='block_1_107' title="bbox 996 2531 1787 2567">
    <p class='ocr_par' dir='ltr' id='par_1_107' title="bbox 996 2531 1787 2567">
     <span class='ocr_line' id='line_1_107' title="bbox 996 2531 1787 2567; baseline 0.003 -11"><span class='ocrx_word' id='word_1_735' title='bbox 996 2531 1114 2566; x_wconf 73' lang='grc' dir='ltr'>οἰμωγὴ,</span> <span class='ocrx_word' id='word_1_736' title='bbox 1131 2531 1198 2566; x_wconf 82' lang='grc' dir='ltr'>ὅσην</span> <span class='ocrx_word' id='word_1_737' title='bbox 1215 2531 1316 2567; x_wconf 72' lang='grc' dir='ltr'>ἄρκτος</span> <span class='ocrx_word' id='word_1_738' title='bbox 1327 2533 1483 2560; x_wconf 79' lang='grc' dir='ltr'>ἀπολέσασα</span> <span class='ocrx_word' id='word_1_739' title='bbox 1494 2533 1526 2560; x_wconf 82' lang='grc' dir='ltr'><strong>τὰ</strong></span> <span class='ocrx_word' id='word_1_740' title='bbox 1539 2533 1639 2567; x_wconf 83' lang='grc' dir='ltr'>ἑαυτῆς</span> <span class='ocrx_word' id='word_1_741' title='bbox 1651 2533 1736 2559; x_wconf 81' lang='grc' dir='ltr'>τέκνα</span> <span class='ocrx_word' id='word_1_742' title='bbox 1749 2533 1787 2558; x_wconf 84' lang='grc' dir='ltr'><strong>οἰ-</strong></span> 
     </span>
    </p>
   </div>
   <div class='ocr_carea' id='block_1_108' title="bbox 998 2576 1788 2614">
    <p class='ocr_par' dir='ltr' id='par_1_108' title="bbox 998 2576 1788 2614">
     <span class='ocr_line' id='line_1_108' title="bbox 998 2576 1788 2614; baseline 0 -11"><span class='ocrx_word' id='word_1_743' title='bbox 998 2576 1096 2612; x_wconf 77' lang='grc' dir='ltr'>μώξει·</span> <span class='ocrx_word' id='word_1_744' title='bbox 1113 2577 1142 2603; x_wconf 84' lang='grc' dir='ltr'>οὑ</span> <span class='ocrx_word' id='word_1_745' title='bbox 1161 2577 1214 2612; x_wconf 84' lang='grc' dir='ltr'>μὴν</span> <span class='ocrx_word' id='word_1_746' title='bbox 1237 2577 1305 2604; x_wconf 84' lang='grc' dir='ltr'>ἀλλὰ</span> <span class='ocrx_word' id='word_1_747' title='bbox 1319 2578 1365 2604; x_wconf 74' lang='grc' dir='ltr'><strong>καὶ</strong></span> <span class='ocrx_word' id='word_1_748' title='bbox 1381 2579 1527 2614; x_wconf 79' lang='grc' dir='ltr'>περιστερὰ</span> <span class='ocrx_word' id='word_1_749' title='bbox 1542 2578 1725 2612; x_wconf 68' lang='grc' dir='ltr'>ἀδιαλείπτως</span> <span class='ocrx_word' id='word_1_750' title='bbox 1737 2586 1788 2612; x_wconf 78' lang='grc' dir='ltr'>φυ-</span> 
     </span>
    </p>
   </div>
   <div class='ocr_carea' id='block_1_109' title="bbox 997 2623 1242 2658">
    <p class='ocr_par' dir='ltr' id='par_1_109' title="bbox 997 2623 1242 2658">
     <span class='ocr_line' id='line_1_109' title="bbox 997 2623 1242 2658; baseline 0.008 -10"><span class='ocrx_word' id='word_1_751' title='bbox 997 2623 1080 2654; x_wconf 83' lang='grc' dir='ltr'>σικῶς</span> <span class='ocrx_word' id='word_1_752' title='bbox 1094 2623 1193 2658; x_wconf 85' lang='grc' dir='ltr'>βρύχου</span> <span class='ocrx_word' id='word_1_753' title='bbox 1198 2633 1242 2650; x_wconf 83' lang='grc' dir='ltr'>σα.</span> 
     </span>
    </p>
   </div>
   <div class='ocr_carea' id='block_1_110' title="bbox 1032 2669 1788 2708">
    <p class='ocr_par' dir='ltr' id='par_1_110' title="bbox 1032 2669 1788 2708">
     <span class='ocr_line' id='line_1_110' title="bbox 1032 2669 1788 2708; baseline 0.007 -13"><span class='ocrx_word' id='word_1_754' title='bbox 1032 2669 1086 2705; x_wconf 83' lang='grc' dir='ltr'><strong>Τὴν</strong></span> <span class='ocrx_word' id='word_1_755' title='bbox 1100 2671 1132 2696; x_wconf 82' lang='grc' dir='ltr'>ὲκ</span> <span class='ocrx_word' id='word_1_756' title='bbox 1149 2670 1199 2705; x_wconf 85' lang='grc' dir='ltr'>τῆς</span> <span class='ocrx_word' id='word_1_757' title='bbox 1221 2671 1364 2706; x_wconf 83' lang='grc' dir='ltr'>μετανοίας</span> <span class='ocrx_word' id='word_1_758' title='bbox 1382 2672 1429 2700; x_wconf 69' lang='grc' dir='ltr'>καὶ</span> <span class='ocrx_word' id='word_1_759' title='bbox 1443 2672 1576 2704; x_wconf 80' lang='grc' dir='ltr'>συνέσεως</span> <span class='ocrx_word' id='word_1_760' title='bbox 1590 2681 1788 2708; x_wconf 76' lang='grc' dir='ltr'>πραγματευο-</span> 
     </span>
    </p>
   </div>
   <div class='ocr_carea' id='block_1_111' title="bbox 997 2714 1787 2752">
    <p class='ocr_par' dir='ltr' id='par_1_111' title="bbox 997 2714 1787 2752">
     <span class='ocr_line' id='line_1_111' title="bbox 997 2714 1787 2752; baseline 0.004 -12"><span class='ocrx_word' id='word_1_761' title='bbox 997 2714 1081 2749; x_wconf 81' lang='grc' dir='ltr'>μὲνην</span> <span class='ocrx_word' id='word_1_762' title='bbox 1099 2715 1235 2750; x_wconf 87' lang='grc' dir='ltr'>σωτηρίαν</span> <span class='ocrx_word' id='word_1_763' title='bbox 1252 2717 1308 2747; x_wconf 86' lang='grc' dir='ltr'>τοῖς</span> <span class='ocrx_word' id='word_1_764' title='bbox 1329 2716 1544 2752; x_wconf 83' lang='grc' dir='ltr'>τιμωρουμένοις</span> <span class='ocrx_word' id='word_1_765' title='bbox 1559 2717 1727 2744; x_wconf 83' lang='grc' dir='ltr'>οἰκειοῦσθαι</span> <span class='ocrx_word' id='word_1_766' title='bbox 1743 2717 1787 2745; x_wconf 74' lang='grc' dir='ltr'>τὸν</span> 
     </span>
    </p>
   </div>
   <div class='ocr_carea' id='block_1_112' title="bbox 996 2758 1787 2797">
    <p class='ocr_par' dir='ltr' id='par_1_112' title="bbox 996 2758 1787 2797">
     <span class='ocr_line' id='line_1_112' title="bbox 996 2758 1787 2797; baseline 0.004 -12"><span class='ocrx_word' id='word_1_767' title='bbox 996 2758 1060 2785; x_wconf 83' lang='grc' dir='ltr'>Θεὸν</span> <span class='ocrx_word' id='word_1_768' title='bbox 1090 2759 1199 2794; x_wconf 72' lang='grc' dir='ltr'>φάσκει,</span> <span class='ocrx_word' id='word_1_769' title='bbox 1231 2760 1277 2786; x_wconf 68' lang='grc' dir='ltr'>καὶ</span> <span class='ocrx_word' id='word_1_770' title='bbox 1292 2759 1431 2793; x_wconf 73' lang='grc' dir='ltr'>ἐνδύεσθαι</span> <span class='ocrx_word' id='word_1_771' title='bbox 1455 2761 1549 2796; x_wconf 77' lang='grc' dir='ltr'>ὥσπερ</span> <span class='ocrx_word' id='word_1_772' title='bbox 1569 2770 1596 2787; x_wconf 85' lang='grc' dir='ltr'><strong>τι</strong></span> <span class='ocrx_word' id='word_1_773' title='bbox 1614 2761 1718 2796; x_wconf 76' lang='grc' dir='ltr'>ἔνδυμα</span> <span class='ocrx_word' id='word_1_774' title='bbox 1738 2761 1787 2797; x_wconf 74' lang='grc' dir='ltr'><strong>τὴν</strong></span> 
     </span>
    </p>
   </div>
  </div>
