1919 3075
87 127 158 155 1565

803 129 834 156 ΙΝ
852 130 976 158 lSAlAM.

1637 132 1703 160 1566

85 184 375 221 τούτωῃδικαιοσύνην
388 193 394 199 ·
413 185 442 210 οὗ
459 185 510 220 μὴν
519 185 586 212 ἀλλᾶ
602 186 648 212 καὶ
660 185 753 220 ὥσπερ
765 194 790 211 τι
807 186 872 221 κρὰ-
886 209 889 215 ,

944 186 1053 213 nstituam
1070 187 1192 214 induere.
1204 187 1260 215 lmo
1275 189 1352 223 quasi
1366 189 1447 216 lorica
1460 195 1485 217 et
1496 197 1570 224 ganea
1580 209 1587 221 ,
1600 192 1705 224 Inquit,

87 239 135 262 νος
151 231 198 257 καὶ
229 230 340 264 θώρακα
362 231 546 266 περιτίθεσθαι
560 231 658 265 φάσκει
673 231 718 258 τὸν
728 231 803 263 Θεὺν,
822 232 870 264 τὰς

89 276 145 303 τῶν
158 276 309 312 ἀνθρώπων
329 276 625 313 δικαιοπραγματείας·
647 278 681 304 τὰ
702 278 730 304 δὲ
748 277 795 304 ἐπὶ
804 277 871 304 Θεοῦ

89 322 218 358 εἴληπται
242 323 416 358 παραμυθίαν
435 323 550 359 φέροντα
569 325 625 355 τοῖς
641 325 787 358 ἀκροαταῖς
799 332 806 340 ·
826 323 873 350 καὶ

90 368 230 403 ἐπεγείρει
263 368 351 394 αὐτῶν
382 368 416 395 τὰ
441 369 620 404 φρονήματα,
650 369 687 401 ὡς
718 369 873 404 δυναμένων

91 414 183 440 αὐτῶν
208 414 255 440 καὶ
271 413 370 449 ἔνδυμα
391 414 458 442 Θεοῦ
472 414 607 449 γενέσθαι,
625 414 796 450 δικαιοσύνην
810 424 872 450 μετ-

93 460 200 486 ιόντων.

132 505 289 540 Προειδέναι
306 506 358 541 χρὴ
374 506 403 532 τὸ
420 504 485 541 ἦθος
501 506 530 532 τὸ
552 506 720 538 δεσποτικὸν,
736 507 775 533 ὅτι
787 507 876 534 πάντα

94 550 127 577 δι’
141 551 296 587 ἀγαθότητα
318 551 460 586 προλέγει·
485 553 532 583 ὡς,
549 553 612 578 ὅταν
631 553 728 587 ἀπειλῇ
746 553 804 587 μὲν,
822 552 875 583 ἵνα,

96 597 261 632 φοὸηθὲντες
281 597 315 624 τὰ
332 597 490 633 σκυθρωπὰ,
507 598 718 633 ἐπιστρέψαντες
731 598 777 624 καὶ
795 606 878 633 μετα-

95 643 243 677 νοήσαντες
271 642 447 677 ἁπαλλαγῶσι
471 644 520 679 τῆς
539 644 635 680 πείρας
664 644 718 670 τῶν
732 644 839 670 δεινῶν·
860 644 877 679 ἢ

97 687 179 714 πάλιν
195 688 390 722 ἐπαγγέλλεται
405 689 438 715 τὰ
455 689 555 723 ἀγαθὰ,
567 690 610 716 ἴνα
624 691 683 722 ταῖς
703 690 878 724 ἐπαγγελίαις

98 732 242 769 ὲπιῤῥὼσῃ
252 734 305 760 τῶν
316 734 580 770 δικαιοπραγούντων
590 735 639 766 τὰς
656 734 753 769 ψυχὰς,
771 734 837 770 πρὸς
850 734 880 760 τὸ

99 779 204 815 μᾶλλον
235 779 343 815 ἔχεσθαι
369 781 417 816 τῆς
439 781 506 817 πρὸς
524 781 568 808 τὸν
588 781 654 807 Θεὸν
669 781 784 812 ἐλπίδος.
811 780 879 807 Ἀλλ’

98 825 161 853 οὐδέ
177 834 226 852 που
255 826 301 853 καὶ
328 827 449 862 ἀνάγκην
461 826 516 861 ἔχει
535 826 599 858 Θεὸς
616 826 735 863 πληροῦν
745 827 847 853 ταῦτα·
863 826 879 862 ἦ

925 232 1140 259 circumdabitur
1152 232 1224 260 Deus
1236 234 1314 261 bonis
1327 234 1467 261 hominum
1483 235 1620 269 operibus.
1639 235 1704 269 Quae

924 276 1033 311 quidem
1047 277 1080 303 de
1097 276 1151 305 Deo
1165 276 1331 312 referuntur,
1343 283 1372 306 ut
1385 280 1526 308 audientes
1536 282 1666 314 excitent,
1679 287 1707 309 et

925 327 1029 350 mentes
1044 330 1137 350 eorum
1153 323 1274 358 erigant,
1300 325 1501 354 recordantium
1521 334 1551 355 se
1571 327 1704 356 iustitiam

925 368 1040 395 colendo
1054 369 1100 396 Dei
1117 369 1303 397 indumentum
1317 379 1396 406 posse
1413 372 1479 399 ﬁeri.

997 507 1061 534 CAP.
1082 507 1146 540 LX,
1170 507 1249 536 Vens.
1271 509 1296 536 8.
1317 509 1376 537 Prae
1398 511 1483 538 oculis
1505 511 1643 539 habendus
1666 517 1708 539 est

930 552 976 579 Dei
995 559 1053 580 mos
1068 557 1176 588 propter
1192 554 1386 588 benignitatem
1400 559 1511 582 ventura
1527 556 1707 590 praedicentis.

929 597 1006 624 Nune
1026 599 1114 625 minas
1130 597 1262 631 intendit,
1289 603 1319 626 ut
1333 600 1400 626 diris
1415 601 1568 634 perterriti,
1586 609 1633 636 per
1651 608 1708 636 pce-

931 644 1074 671 nitentiam
1090 649 1116 672 et
1139 645 1292 672 animorum
1314 646 1518 674 conversionem
1542 647 1708 674 imminentia

932 690 982 717 sibi
1000 690 1070 716 mala
1083 694 1226 723 avertant;
1242 698 1314 717 nunc
1326 696 1415 718 autem
1431 692 1499 718 bona
1516 692 1663 727 promittit,
1679 695 1709 718 ut

929 735 1065 770 justorum
1083 737 1187 764 animos
1209 737 1350 770 promissis
1372 738 1529 770 conﬁrmet,
1552 742 1578 765 et
1596 737 1711 773 ﬂagrau-

932 780 994 806 tiori
1009 780 1036 807 in
1052 780 1136 807 Deum
1159 781 1249 808 studio
1276 781 1412 808 incendat.
1434 783 1469 808 At
1493 783 1565 809 nulla
1594 791 1710 818 unquam

934 826 991 861 lege
1005 827 1037 854 ad
1051 827 1109 854 hac
1122 827 1284 862 perﬁcienda
1299 828 1414 862 cogitur.
1431 827 1497 854 Nam
1511 829 1564 856 illis
1578 830 1712 864 poeniten-

99 871 155 907 γὰρ
171 873 393 907 μετανοησάντων
412 873 495 908 ἀνῆκε
513 873 556 899 τὸν
571 872 666 908 θυμδν,
686 873 715 907 ἢ,
737 871 774 908 μὴ
787 873 884 907 ὲμμει-

947 872 999 898 iam
1014 872 1156 906 agentibus
1167 892 1174 904 ,
1192 873 1260 898 iram
1283 872 1359 906 ponit
1373 880 1380 905 ;
1395 876 1422 899 et
1438 872 1479 898 his
1491 879 1506 898 ιι
1521 862 1594 900 recta
1608 874 1651 900 via
1665 873 1713 900 de—

100 917 205 944 νάντων
227 919 282 949 τοῖς
305 918 407 950 καλοῖς,
426 918 455 944 οὐ
480 917 615 944 τελειώσει
632 919 666 945 τὰ
683 917 883 952 ὲπαγγελθέντα

100 961 183 994 καλὰ,
196 961 273 998 ἡμῶν
284 963 454 998 παρεχόντων
470 963 518 996 τὰς
531 963 619 994 αίτίας
633 962 671 998 τῷ
685 962 744 997 Θεῷ
756 961 801 988 τοῦ
818 961 885 996 πλη-

101 1005 168 1042 ροῦν
182 1007 216 1032 τὰ
230 1007 433 1041 ὲπαγγελθέντα
447 1007 529 1034 κακά.

140 1053 193 1078 Καὶ
205 1052 289 1079 ταῦτα
300 1052 394 1079 δὲκαθ’
411 1053 530 1088 ἱστορίαν
542 1052 665 1087 ζητοῦντι
674 1052 775 1078 ἔνεστιν
784 1052 883 1087 εὑρεῖν*

102 1097 183 1124 τοῦτο
198 1098 245 1132 μὲν
263 1097 353 1133 Κύρου
373 1098 609 1133 ἁνοικοδομοῦντος
626 1097 675 1133 τὴν
699 1097 884 1132 Ἰερουσαλὴμ,

102 1143 152 1169 καὶ
173 1145 231 1178 μετ’
244 1144 324 1170 αὐτὸν
343 1144 458 1179 Δαρείου
472 1153 479 1160 ·
497 1145 528 1170 οὐ
548 1144 600 1179 μὴν
615 1144 682 1170 ἀλλᾶ
699 1144 745 1171 καὶ
764 1143 886 1176 Ἀλεξάν-

102 1188 166 1224 δρου
181 1189 226 1215 τὸν
246 1190 380 1225 ἱερατικὸν
396 1190 485 1216 στόλον
498 1189 677 1224 θεασαμένου,
694 1189 740 1216 καὶ
754 1188 886 1224 μεταϐαλ-

104 1233 217 1268 λομένου
230 1233 274 1260 τὸν
290 1233 374 1268 θυμὸν
387 1235 426 1265 εἰς
438 1233 632 1269 προσκύνησιν.

141 1279 229 1315 Ὅπερ
243 1277 286 1314 ἦν,
299 1280 346 1306 καὶ
357 1279 402 1305 ἐπὶ
414 1279 463 1314 τῆς
477 1279 534 1306 νυνὶ
549 1279 740 1310 καταστάσεως
752 1278 804 1305 τῶν
827 1279 887 1304 Ἑκ-

105 1324 224 1360 κλησιῶν
238 1324 363 1359 δηλοῦται
372 1334 379 1340 ·
393 1324 491 1356 πάντες
507 1324 562 1359 γὰρ
581 1323 764 1359 ἁπανταχόθεν
776 1323 887 1354 ταύταις

106 1370 280 1405 προσοίσουσι
294 1370 343 1401 τὰς
356 1370 492 1405 ἀπαρχάς.

148 1415 327 1446 Ἐπισκόπους
351 1415 423 1449 λέγει
438 1416 500 1447 τοὺς
518 1415 731 1446 ἐπιστατοῦντας
745 1415 790 1441 τοῦ
812 1415 886 1446 λαοῦ,

107 1460 154 1491 οὓς
166 1461 213 1487 καὶ
229 1460 400 1496 δικαιοσύνης
418 1460 535 1496 ἐραστὰς
553 1461 658 1496 μέλλειν
679 1460 786 1487 ἔσεσθαι
805 1461 888 1496 προῦ-

107 1505 195 1539 λεγεν.

144 1552 224 1584 Ἔθος
238 1553 293 1584 τοῖς
309 1553 470 1588 προφήταις,
488 1551 724 1588 προαναθεωροῦσι
738 1552 768 1578 τὺ
784 1552 887 1587 μέλλον,

108 1597 156 1623 ἐπὶ
171 1598 218 1633 μὲν
232 1597 284 1624 τῶν
310 1598 479 1632 σκυθρωπῶν
506 1598 630 1625 ἀνιᾶσθαι
649 1599 695 1625 καὶ
714 1597 830 1630 πενθεῖν,
845 1597 890 1623 ἐπὶ

108 1645 137 1670 δὲ
160 1646 193 1680 τῇ
219 1645 272 1671 τῶν
302 1644 411 1678 ἀγαθῶν
440 1644 540 1680 θεωρίᾳ
557 1646 589 1680 ἥν
612 1645 830 1679 εὐαγγελίζονται
853 1643 890 1679 τῷ

109 1690 176 1726 λαῷ,
197 1691 480 1727 κᾶνάναισθητῶτινοὶ
495 1691 637 1722 ἀκούοντες
656 1691 763 1722 αὐτοὺς,
776 1699 890 1726 προεορ-

109 1738 203 1770 τάξειν
235 1738 283 1766 καὶ
301 1738 493 1773 προεστιᾶσθαι
522 1737 592 1764 κατὰ
614 1737 712 1772 ψυχὴν,
728 1739 830 1771 πεῖσμα
847 1736 891 1771 βέ-

111 1784 187 1810 ϐαιον
203 1784 387 1818 κεκτημένους
402 1783 451 1818 τῆς
475 1783 528 1810 τῶν
542 1783 699 1818 δειχθέντων
721 1783 846 1818 θεωρίας.
859 1797 892 1803 -

112 1829 223 1856 Βλέπων
247 1830 336 1856 τοίνυν
367 1830 380 1856 ὁ
409 1830 549 1865 προφήτης
574 1828 641 1864 πρὸς
655 1828 700 1854 τὸν
715 1828 842 1864 Χριστὸν,
855 1828 892 1860 ὡς

113 1875 217 1911 ἔνδυμα
231 1875 313 1901 αὑτοῦ
326 1875 454 1909 ἐγεγόνει·
471 1875 524 1906 πᾶς
541 1873 595 1910 γὰρ
609 1876 623 1901 ὁ
636 1874 811 1909 ἐνδυσάμενος
825 1875 892 1910 Χρι-

114 1921 186 1954 στὸν,
207 1921 313 1956 ἱμάτιον
347 1921 481 1956 σωτηρίας
505 1920 656 1952 ἐνεδύσατο,
676 1920 736 1946 καθ’
751 1920 765 1946 ὃ
788 1920 833 1946 καὶ
845 1919 894 1955 τὴν

113 1968 195 2002 ἁγίαν
216 1967 298 1994 αὑτοῦ
319 1967 482 2002 Ἐκκλησίαν
503 1967 681 2001 κατακοσμεῖ.
696 1965 833 2000 Κάκείνην
845 1964 894 2000 τὴν

114 2013 233 2040 διάθεσιν
259 2013 381 2048 πληρῶν,
408 2014 440 2048 ἣν
467 2012 499 2039 ἂν
521 2012 652 2049 πληρώσῃ
662 2011 802 2043 νεανίσκος
828 2011 895 2046 πρὸς

116 2059 260 2095 παρθένον,
281 2059 374 2094 ἔχαιρε
399 2058 444 2085 καὶ
458 2059 585 2093 εὐωχεῖτο
604 2058 673 2085 κατὰ
687 2058 785 2093 ψυχὴν,
807 2056 843 2089 ὡς
858 2056 896 2092 τῷ

115 2103 226 2140 Χριστῷ
256 2103 351 2136 συνὼν,
377 2104 501 2130 κάκεῖνον
536 2103 718 2138 ἐνδεδυμένος,
739 2103 785 2129 καὶ
797 2102 897 2137 χιτῶνα

117 2151 198 2178 αὑτὸν
210 2150 277 2186 ἔχων
290 2149 467 2185 εὐφροσύνης.

933 917 1121 950 ﬂectentibus,
1138 917 1267 951 prmdicta
1280 917 1349 944 bona
1365 924 1418 943 non
1436 916 1549 951 largitur
1564 928 1569 944 :
1589 918 1639 952 ipsi
1662 925 1713 945 nos

934 966 1060 989 auctores
1079 970 1174 990 sumus
1188 961 1242 989 Deo
1259 963 1438 997 praenuntiata
1453 962 1523 989 mala
1540 962 1711 990 immittendi.

912 1072 923 1081 ρ
970 1051 1051 1078 Vens.
1064 1051 1106 1079 tt).
1119 1051 1184 1085 Qum
1195 1060 1229 1079 an
1242 1059 1335 1087 reapse
1347 1052 1464 1086 perlecta
1475 1052 1529 1079 sint
1540 1057 1724 1087 qumrenlentk

936 1098 1050 1124 historia
1065 1098 1235 1133 apertissime
1259 1099 1387 1126 docebit:
1410 1099 1526 1134 primunt
1548 1105 1608 1125 cum
1629 1097 1716 1132 Cyrus

935 1149 961 1170 et
977 1148 1037 1179 post
1053 1144 1125 1171 hunc
1140 1144 1236 1172 Darius
1256 1144 1408 1172 Jerusalem
1432 1145 1598 1176 aediﬁcaret;
1620 1143 1716 1170 deinde

935 1190 1016 1216 etiam
1033 1197 1094 1217 cum
1117 1190 1280 1224 Alexander,
1303 1198 1407 1218 sacrant
1433 1197 1558 1225 pompam
1582 1189 1715 1223 miratus,

937 1242 985 1268 pro
1001 1234 1070 1261 irato
1086 1235 1280 1262 amicissimum
1296 1243 1325 1262 se
1340 1235 1480 1270 prmberet.

973 1279 1056 1309 Vens.
1076 1281 1118 1307 15.
1141 1280 1216 1313 Quod
1231 1281 1294 1307 olim
1309 1282 1398 1308 evenit
1409 1301 1415 1312 ,
1433 1284 1459 1307 et
1474 1286 1546 1307 nunc
1561 1286 1669 1314 quoque
1685 1277 1723 1306 do.

937 1326 1066 1354 Ecclesiis
1087 1327 1285 1355 constituendis
1307 1327 1378 1354 valet
1392 1335 1399 1360 ;
1414 1326 1514 1362 quibus
1536 1326 1608 1352 enim
1631 1324 1718 1352 unde-

937 1382 1043 1409 quaque
1058 1379 1150 1409 gentes
1166 1375 1299 1410 primitias
1312 1374 1437 1402 afferunt.

973 1420 1055 1446 \‘ens.
1073 1419 1114 1446 17.
1134 1419 1282 1454 EpiscopOs
1294 1424 1373 1446 vocat
1386 1417 1526 1454 principes
1537 1415 1638 1452 populi,
1652 1421 1721 1450 quos

938 1468 964 1491 et
976 1464 1087 1499 iustitia:
1101 1464 1281 1491 inservituros
1297 1463 1470 1500 pt'zediccbat.

975 1553 1038 1580 CAP.
1061 1551 1134 1584 LXI,
1157 1551 1237 1579 Vens.
1264 1552 1305 1578 10.
1327 1551 1383 1579 Mos
1398 1555 1439 1578 est
1455 1549 1594 1585 prophetis
1609 1553 1720 1576 ventura

941 1598 1168 1634 prospicientibus
1178 1618 1185 1630 ,
1200 1597 1233 1625 de
1251 1598 1369 1624 miseriis
1387 1596 1494 1631 quidem
1510 1596 1601 1631 lugere
1615 1599 1642 1622 et
1657 1601 1718 1621 con-

941 1645 1060 1676 tristari,
1076 1644 1109 1671 de
1126 1644 1258 1671 bonorum
1282 1647 1371 1671 autem
1395 1641 1638 1676 contemplatione,
1664 1647 1724 1675 quae

941 1691 1040 1727 populo
1057 1691 1198 1722 nuntiant,
1220 1689 1328 1717 etiamsi
1351 1688 1493 1715 audientes
1509 1687 1589 1714 tidem
1605 1686 1724 1720 denega-

942 1738 1039 1769 verint,
1059 1736 1143 1764 Iretari
1157 1740 1184 1762 et
1199 1735 1294 1770 spiritu
1309 1735 1445 1762 exsultare
1455 1753 1462 1766 ,
1479 1737 1581 1760 certam
1595 1732 1725 1759 habentes

942 1785 994 1818 ipsi
1008 1791 1097 1811 rerum
1109 1783 1320 1818 signiticatat‘um
1333 1780 1469 1809 ﬁduciam.
1479 1778 1724 1813 —Prospectatum

943 1831 1026 1866 igitur
1037 1830 1174 1857 Christum
1189 1827 1318 1863 propheta
1330 1847 1337 1860 ,
1353 1831 1381 1854 ιιι
1393 1826 1603 1854 vestimentum.
1618 1824 1724 1856 induit;

944 1877 1099 1912 quicunque
1124 1876 1194 1904 enim
1220 1875 1358 1903 Christum
1393 1872 1535 1903 induerit,
1562 1871 1726 1897 vestimento

944 1921 1040 1948 salutis
1053 1921 1167 1948 vestitus
1182 1923 1238 1952 est,
1253 1926 1306 1954 quo
1325 1918 1406 1945 etiam
1429 1920 1550 1944 sanctam
1576 1922 1653 1943 suam
1676 1914 1727 1940 Ee-

945 1966 1057 1993 clesiam
1081 1969 1206 1993 exornat.
1236 1965 1275 1992 Ae
1299 1964 1394 1991 iisdem
1422 1962 1564 1989 atlectibus
1587 1964 1727 1996 permotus

946 2012 1045 2046 quibus
1065 2019 1184 2046 sponsus
1208 2011 1235 2038 in
1261 2017 1389 2045 sponsam
1415 2013 1548 2038 movetur,
1568 2005 1664 2040 spiritu
1683 2005 1728 2032 la:-

946 2062 1019 2085 tatur
1033 2061 1061 2085 et
1085 2057 1219 2089 exsultat,
1244 2055 1316 2082 haud
1337 2062 1416 2081 secus
1436 2061 1468 2081 ac
1488 2053 1511 2080 si
1537 2060 1598 2079 cum
1619 2051 1729 2078 Christo

947 2103 1166 2138 coniungeretur,
1178 2099 1461 2135 Cbristum_induisset
1471 2119 1478 2132 ,
1492 2103 1518 2125 et
1533 2097 1652 2124 tunicam
1667 2103 1730 2123 eum

948 2148 1086 2176 habuisset
1101 2147 1209 2174 lmtitire.

154 2197 222 2228 Τοὺς
237 2195 441 2231 σπερματικοὺς
462 2195 556 2229 λόγους
574 2195 710 2230 σημαίνει,
726 2203 789 2226 τους
805 2195 889 2229 ὥσπερ

986 2194 1070 2222 Vens.
1091 2194 1134 2220 Η.
1157 2191 1308 2220 Seminales
1330 2196 1470 2218 sermones
1493 2187 1610 2215 intendit
1632 2185 1730 2212 animis

117 2245 146 2270 ὲν
158 2245 193 2279 γῇ
210 2245 242 2278 τῇ
251 2243 323 2278 ψυχῇ
337 2241 574 2276 ὲναποκειμένους,
584 2242 629 2268 καὶ
637 2241 674 2272 ὡς
686 2241 773 2276 κῆπον
786 2241 900 2272 αὔξοντα

117 2291 153 2316 τὰ
165 2290 193 2316 ὲν
208 2288 281 2324 αὑτῷ
297 2288 451 2323 σπέρματα,
464 2288 511 2314 καὶ
525 2288 575 2314 οὐκ
593 2286 692 2319 ἔξωθεν
710 2287 770 2313 οὐδὲ
785 2286 900 2321 ἀλλαχό-

118 2337 165 2363 θεν
182 2335 378 2370 ἐπεισφέροντα
389 2334 544 2369 σπέρματα,
560 2333 617 2359 ἀλλ’
634 2333 703 2360 ὥστε
722 2333 774 2366 γῆν
789 2333 900 2367 ἔχουσαν

118 2383 198 2416 λόγον
214 2381 260 2407 καὶ
266 2380 438 2408 ὀδοποιοῦσαν
451 2381 490 2412 al;
502 2381 523 2406 Χ
528 2380 617 2415 ριστὸν
627 2387 633 2392 ·
645 2379 738 2413 ὥσπερ
750 2379 778 2404 ὲν
795 2377 901 2412 σώματι

119 2427 253 2462 ὀφθαλμοὶ
273 2427 429 2460 συγγένειαν
448 2426 538 2461 έχουσι
555 2426 621 2461 πρὸς
643 2425 673 2451 τὸ
693 2424 760 2458 φῶς,
777 2423 823 2450 καὶ
836 2424 900 2450 ἀνα-

119 2475 258 2505 τείλαντος
285 2472 360 2508 ἡλίου
375 2472 474 2502 εὐθέως
491 2472 521 2498 τὸ
544 2471 671 2506 συγγενὲς
683 2470 801 2506 ὁρῶμεν,
820 2468 900 2501 οὕτω,

121 2521 168 2548 τοῦ
182 2521 305 2555 Σωτῆρος
321 2517 398 2554 ἡμῶν
415 2517 625 2552 ἐπιλάμψαντος,
642 2516 690 2553 τὴν
709 2515 902 2552 κεκρυμμένην

122 2569 151 2595 ὲν
161 2569 226 2602 ἡμῖν
239 2566 444 2602 ἐπιτηδειότητα
453 2564 519 2600 πρὸς
527 2564 696 2599 δικαιοσύνην
709 2563 902 2598 ἐκλάμψωμεν,

122 2614 154 2640 τὸ
172 2613 307 2640 σκοτεινὸν
331 2610 493 2645 ἀποθέμενοι
528 2610 578 2644 τῆς
596 2610 684 2645 ψυχῆς
707 2607 782 2645 ἦθος.
813 2608 905 2642 Ἀγαλ-

123 2658 211 2686 λίασιν
230 2659 259 2685 δὲ
278 2658 352 2692 λέγει
370 2655 483 2683 ἐνώπιον
512 2655 565 2681 τῶν
589 2654 672 2681 ἐθνῶν
695 2654 902 2689 ὲξαπλούμενος.

160 2704 213 2732 Τοῦ
228 2704 366 2740 προφήτου
382 2702 451 2729 κατὰ
466 2701 553 2736 ψυχὴν
574 2700 741 2731 ἐστιαθέντος
762 2700 804 2726 διὰ
822 2699 854 2726 τὰ
867 2699 905 2734 τῷ

123 2750 181 2786 λαῷ
200 2750 416 2784 ὲπαγγελθέντα·
445 2749 475 2775 οὺ
501 2747 553 2783 μὴν
570 2746 637 2773 ἀλλὰ
659 2746 704 2773 καὶ
721 2747 822 2773 τούτων
840 2747 906 2781 ἀμε-

124 2797 241 2825 λούντων
262 2796 310 2832 τὴν
324 2797 362 2828 είς
376 2795 409 2822 τὰ
422 2795 485 2830 ἔθνη
511 2794 662 2828 φθάνουςαν
683 2793 762 2828 χάριν
790 2801 907 2828 προανα-

128 2844 310 2881 ςωνήσαντος,
328 2841 479 2872 ἀκολούθως
496 2840 554 2867 οὐδὲ
573 2840 620 2875 τῆς
636 2839 703 2866 Σιὼν
722 2839 906 2874 ἐπιμελεῖσθαί

951 2239 1024 2267 velut
1038 2242 1118 2266 terra:
1132 2236 1293 2264 commissos
1307 2243 1314 2267 ;
1329 2239 1356 2261 et
1375 2241 1436 2260 eum
1459 2233 1539 2259 horto
1560 2231 1674 2257 collatos
1689 2237 1732 2257 se-

950 2286 1022 2312 mina
1037 2291 1086 2312 sua
1103 2283 1248 2314 eil'erente,
1265 2288 1320 2308 non
1345 2279 1451 2307 exotica
1473 2281 1520 2304 aut
1541 2277 1627 2303 aliena
1652 2274 1731 2302 indu-

950 2336 1049 2364 cente;
1067 2338 1128 2357 cum
1141 2333 1214 2356 terra
1228 2327 1335 2354 ratione
1348 2325 1459 2360 prazdita
1474 2327 1500 2350 et
1518 2323 1589 2350 viam
1604 2322 1637 2349 ad
1653 2321 1731 2348 Chri—

951 2383 1023 2406 stum
1047 2375 1235 2412 patel‘aciente.
1259 2373 1318 2405 Quo
1343 2371 1413 2398 enim
1439 2368 1518 2396 modo
1541 2367 1613 2395 oculi
1637 2367 1732 2394 intima

952 2423 1114 2458 cognatione
1135 2428 1196 2448 cum
1218 2420 1278 2446 luce
1298 2417 1512 2451 conjunguntur,
1529 2417 1556 2441 et
1583 2416 1644 2439 orto
1659 2412 1732 2443 sole,

953 2469 1044 2497 statim
1066 2468 1124 2494 haec
1139 2465 1265 2500 cognatio
1288 2465 1414 2498 apparet,
1437 2462 1473 2487 ita
1494 2460 1663 2487 iliuminante
1683 2465 1732 2484 nos

954 2515 1111 2547 Salvatore,
1138 2511 1289 2540 tenebrosis
1311 2510 1407 2536 animze
1425 2507 1546 2534 moribus
1572 2504 1732 2536 illustratis,

955 2560 1107 2596 splendebit
1131 2559 1157 2585 in
1178 2557 1258 2584 nobis
1272 2556 1360 2582 latens
1382 2553 1415 2581 ad
1439 2552 1581 2596 justitiam
1597 2549 1733 2596 habilitas.

955 2592 1169 2632 [insultationem
1183 2602 1250 2628 dicit
1264 2608 1293 2628 se
1309 2600 1336 2626 in
1351 2601 1497 2632 conspectu
1512 2594 1631 2631 gentium
1647 2592 1735 2620 multi-

956 2653 1125 2687 plicaturum.

990 2699 1054 2725 Cap.
1081 2693 1148 2722 LXII
1164 2713 1170 2725 ,
1186 2693 1266 2720 Vens.
1287 2692 1311 2717 t.
1334 2690 1436 2725 Spiritu
1460 2688 1580 2716 exsultat
1605 2685 1737 2721 propheta

956 2747 1065 2780 propter
1081 2742 1152 2768 bona
1167 2738 1267 2775 populo
1293 2735 1454 2764 denuntiata
1468 2744 1475 2767 ;
1493 2732 1618 2769 praedicit
1644 2731 1736 2780 pro-fe-

957 2776 1053 2818 etovet
1068 2788 1160 2815 invitis
1170 2784 1297 2814 Israelitis
1312 2782 1424 2817 gratiam
1441 2788 1455 2806 a
1470 2780 1523 2807 Deo
1534 2780 1560 2806 in
1573 2782 1667 2814 gentes
1686 2776 1738 2805 dif-

961 2835 1136 2866 lundendam,
1154 2830 1282 2868 non_ideo
1295 2834 1383 2856 tamen
1397 2827 1463 2854 Sion
1475 2825 1674 2861 negligentiam,
1692 2827 1748 2849 aut:
