1919 3075
204 126 272 154 53'57

783 124 957 152 THEODORI
976 123 1235 152 HERACLEENSIS

1758 120 1829 148 1568

203 183 446 217 derelinquendam
477 181 654 215 Jerusalem;
687 189 744 209 nacc
771 187 863 209 autem
887 181 981 209 illumi-

1040 190 1132 217 φησιν,
1147 181 1208 208 οὐδὲ
1231 181 1280 217 τὴν
1311 178 1487 217 Ἰερουσαλὴμ.
1512 179 1620 207 ὲακεναι
1647 178 1732 213 λέγει,
1758 178 1828 205 ἀλλὰ

203 230 293 257 nanda
317 233 376 256 erat
392 229 425 255 ab
440 236 472 256 eo
485 229 604 264 [propter
615 227 708 255 divina
728 228 763 255 de
789 229 847 264 ipsa
861 229 987 261 consilia,

201 281 229 304 et
252 276 322 303 dona
347 275 398 310 ipsi
426 275 532 310 largita.
554 274 660 301 Etenim
687 276 897 310 properantibus
917 283 987 310 apo-

202 320 280 348 Stolis
304 320 484 355 Evangelium
504 321 632 355 gentibus
654 320 804 355 praedicare
826 321 909 355 jussit
927 322 988 349 Sal-

201 370 328 397 vator,ut
344 366 377 393 ad
392 373 457 394 oves
475 367 553 402 prius
569 366 650 399 irent,
663 374 724 398 qua:
739 367 879 401 perierunt
891 368 988 396 domus

202 411 286 439 Israel
301 412 334 439 ".

237 501 319 528 Vens.
334 501 361 528 2.
389 501 491 528 Nomen
509 508 608 528 novum
624 501 726 528 dicitur
741 510 838 528 nomen
855 502 988 530 Christia-

202 556 324 580 norum;
349 548 448 582 sacpius
474 547 544 575 idem
575 548 675 575 innuit.
703 547 808 574 Etenim
834 548 987 583 baptizatus

201 595 338 629 baptismo
353 594 463 625 salutis,
487 597 616 621 renovata
643 597 697 621 tota
719 594 805 629 ipsius
818 594 986 629 conditione,

201 648 274 667 novo
297 648 407 675 quoque
426 641 536 667 nomine
553 644 668 667 vocatur
686 640 783 667 lidelis.
811 640 922 669 Iudaeus
937 649 987 668 no-

201 696 264 715 vum
287 687 354 714 illud
380 695 478 715 nomen
506 687 657 723 impugnat.
688 680 764 715 Dicat
789 689 892 723 igitur,
908 689 987 723 juxta

201 734 276 761 Isaia:
290 734 458 769 prophetiam
472 754 479 765 ,
506 742 606 761 novum
626 743 723 762 nomen
740 736 820 770 quale
837 735 888 762 sibi
904 735 987 763 fuerit

201 780 368 814 impositum.
387 779 421 806 At
435 788 488 806 non
512 779 593 807 habet
611 781 682 815 quod
698 781 809 808 indicet.
828 781 923 809 Restat
937 782 987 816 igi-

199 829 245 851 tur
265 829 294 852 ut
323 833 421 852 nomen
451 826 517 852 illud
541 825 760 854 Christianorum
780 835 878 855 nomen
906 828 951 860 sit,
971 835 984 854 a

198 871 309 899 Christo
326 871 512 906 desumptum,
527 872 599 907 quod
613 873 671 907 ipse
687 872 766 900 nobis
784 872 916 900 Dominus
933 874 985 901 im-

199 917 305 952 posuit,
327 921 419 952 gentes
437 919 547 945 nomine
565 926 614 946 suo
630 919 788 946 nobilitans.

238 962 316 991 Vens.
333 964 359 991 5.
377 963 416 991 Ex
432 965 516 992 variis
532 965 645 992 ﬂoribus
673 971 745 994 serta
762 975 863 994 corona
877 971 904 995 et
925 968 984 995 dia-

198 1008 275 1035 dema
292 1010 368 1044 regni
405 1014 505 1037 ccetum
532 1012 717 1046 apostolorum
750 1013 911 1048 designant,
935 1014 982 1050 qui

197 1053 380 1082 Ecclesiarum
405 1057 544 1092 principes
565 1057 677 1084 fuerunt
691 1063 718 1085 et
732 1059 813 1086 simul
829 1066 928 1092 genere
942 1059 981 1086 ls-

197 1100 432 1136 raelitze;quibus
457 1111 558 1130 n0vum
576 1113 675 1132 nomen
704 1109 766 1140 apte
789 1106 980 1138 conveniebat,

197 1154 259 1173 cum
286 1155 431 1176 commune
447 1157 532 1184 genus
554 1158 616 1177 cum
631 1151 665 1178 iis
681 1151 823 1180 haberent.

231 1192 315 1221 Vens.
331 1194 357 1221 Δ.
378 1194 510 1224 Voluntas
524 1202 658 1224 vocantur
686 1199 731 1233 qui
749 1198 795 1226 Dei
813 1199 981 1226 voluntatem

198 1238 318 1273 faciunt;
337 1248 385 1268 vos
413 1245 440 1268 et
463 1242 577 1278 diligere
605 1243 725 1276 dicitur.
755 1244 826 1272 sicut
853 1245 982 1273 habitans

195 1286 303 1320 juvenis
320 1294 380 1314 cum
409 1287 524 1323 virgine.
549 1289 606 1317 lloc
625 1298 689 1317 vero
716 1299 769 1317 non
792 1297 980 1325 marcentem,

197 1333 244 1359 sed
270 1332 410 1360 ﬂorentem
424 1335 610 1362 conditionem
635 1336 796 1371 designans;
814 1346 875 1365 nam
903 1347 983 1374 spon-

197 1387 244 1405 sus
257 1387 384 1413 sponsam
401 1381 606 1409 cohabitatione
623 1384 751 1418 protegit.

232 1424 315 1452 Vens.
333 1424 357 1452 6.
375 1424 539 1453 Ilodiernam
560 1427 742 1455 Ecclesiarum
758 1431 981 1459 constitutionem

197 1471 411 1506 indicat;p0pulo
422 1476 478 1499 tota
487 1472 530 1500 die
540 1477 567 1501 et
579 1478 633 1501 tota
642 1479 723 1502 nocte
738 1477 865 1504 mandata
880 1477 925 1506 Dei
934 1486 982 1505 eu-

196 1517 346 1551 stodiente;
364 1522 420 1546 tota
435 1523 514 1547 nocte
530 1519 690 1549 docentibus
705 1522 870 1557 presbyteris
889 1533 981 1552 veram
997 1538 1017 1566 ο

195 1564 230 1591 de
245 1563 300 1591 Deo
311 1565 462 1593 doctrinam
472 1585 480 1599 ,
496 1574 528 1593 ac
540 1566 586 1594 Dei
600 1567 695 1596 laudes
705 1573 731 1596 et
745 1571 902 1598 memoriam
914 1572 984 1600 cele-

196 1610 352 1637 brantibus.

230 1656 295 1683 Car.
307 1656 398 1688 LXIII,
410 1657 494 1685 Vens.
516 1658 540 1685 I.
557 1657 640 1685 Edom
652 1662 732 1685 vorat
753 1659 821 1687 filios
834 1660 916 1695 Esau;
933 1661 984 1689 Bo-

196 1709 244 1729 soz
255 1702 297 1728 vel
313 1701 397 1729 Bosra
415 1702 514 1730 dicitur
530 1711 594 1730 caro
607 1703 674 1739 (15).
687 1703 735 1731 Vir
753 1705 835 1740 igitur
850 1706 901 1734 iste
921 1714 981 1734 cum

196 1747 354 1776 fortitudine
381 1753 408 1776 et
440 1749 570 1776 violentia
607 1750 750 1778 vobiscum
774 1751 851 1786 justo
877 1753 982 1780 calculo

195 1794 322 1829 litigabit,
349 1803 445 1829 poenas
471 1803 485 1822 a
517 1796 595 1823 vobis
625 1801 761 1831 repetens.
784 1796 884 1833 Litigat
910 1798 982 1827 Deus

195 1839 268 1866 enim
283 1847 344 1865 cum
370 1839 537 1871 hominibus,
565 1841 676 1875 quando
693 1846 773 1868 vocat
793 1849 841 1870 eos
855 1842 882 1869 in
905 1842 981 1878 judi—

196 1884 279 1914 cium.
299 1889 327 1911 ut
352 1885 448 1912 doceat
464 1894 493 1912 se
514 1886 633 1921 legititna
658 1887 777 1914 vindicta
794 1889 844 1921 uti,
867 1897 918 1917 nos
933 1897 981 1916 au-

194 1933 248 1957 tem
266 1930 318 1965 ipsi
343 1935 470 1959 auctores
487 1940 549 1959 esse
572 1932 707 1967 supplicia
723 1933 749 1960 in
770 1942 820 1962 nos
836 1934 979 1963 inferendi.

194 1974 261 2002 Nam
275 1996 281 2008 ,
301 1977 341 2004 vcl
367 1978 515 2004 vindictam
534 1978 645 2013 exigens
661 1999 668 2011 ,
699 1979 790 2006 omnia
815 1981 848 2008 ad
865 1982 980 2009 salutem

194 2022 275 2049 nobis
292 2023 492 2057 procurandam
517 2025 601 2056 facit,
619 2029 675 2052 uta
692 2027 813 2061 peccatis
830 2035 980 2061 cessemus,

195 2072 224 2094 at
242 2069 430 2102 pcenilentiam
446 2074 558 2104 agentes
582 2071 731 2104 salvemur,
750 2076 798 2099 aut
816 2073 981 2103 mandemur

192 2122 336 2150 poenarum
351 2116 465 2151 judicio.
481 2116 514 2143 Et
528 2117 606 2150 paulo
622 2123 700 2152 post:
717 2119 786 2147 Vere
800 2120 981 2149 admiratione

193 2162 342 2192 stupebant
354 2163 512 2197 spirituales
524 2164 641 2192 virtutes
652 2185 658 2196 ,
671 2173 733 2192 cum
749 2166 879 2194 videbunt
894 2167 978 2195 Deum

1040 228 1087 255 καὶ
1102 227 1203 262 ταύτην
1217 225 1491 261 καταυγασθήσεσθαι
1511 225 1555 251 ὑπ’
1573 223 1653 250 αὑτοῦ
1668 223 1712 250 διά
1731 232 1762 250 τε
1777 223 1827 257 τὴν

1039 271 1108 307 πρὸς
1123 270 1207 305 αὐτὴν
1226 269 1327 296 ἄνωθεν
1343 268 1434 304 σχέσιν
1448 267 1494 294 καὶ
1514 267 1556 294 διὰ
1576 267 1609 293 τὰ
1625 266 1737 293 δοθέντα
1756 265 1825 301 αὐτῇ

1040 315 1142 351 σεμνά·
1159 314 1206 341 καὶ
1229 313 1282 350 γὰρ
1298 313 1352 339 τῶν
1368 312 1523 339 ἀποστόλων
1543 311 1711 338 σπευδόντων
1728 311 1770 342 είς
1793 310 1826 336 τὰ

1038 361 1101 397 ἔθνη
1118 361 1149 387 τὸ
1166 361 1295 396 κήρυγμα
1311 360 1465 393 ἐξαγαγεῖν,
1479 359 1494 385 ὁ
1518 358 1612 393 Σωτὴρ
1631 358 1764 393 πρότερον
1779 357 1826 383 αι-

1036 408 1101 438 τοὺς
1123 407 1257 433 ποιεῖσθαι
1278 406 1309 432 τὸ
1330 407 1462 441 κήρυγμα
1482 404 1680 441 παρεκελεύετο
1699 403 1769 439 πρὸς
1791 403 1824 429 τα

1038 453 1161 488 πρόϐατα
1179 452 1212 478 τα
1227 452 1381 480 ἀπολωλότα
1396 452 1469 478 οἴκου
1492 451 1609 487 Ἰσραήλ.

1074 501 1178 534 Ὀνομα
1195 498 1285 525 καινὸν
1307 498 1414 532 λέγεται
1432 498 1461 524 τὸ
1476 497 1553 532 ἡμῶν
1568 496 1621 523 τῶν
1635 496 1820 532 Χριστιανῶν·

1038 545 1179 581 πολλαχῶς
1201 545 1229 571 δὲ
1244 545 1322 571 τοῦτο
1346 546 1460 571 νοεῖται·
1487 543 1534 570 καὶ
1554 543 1608 578 γὰρ
1630 544 1644 569 ὁ
1664 542 1822 577 βαπτισθεὶς

1038 593 1178 628 βάπτισμα
1202 592 1333 627 σωτήριον
1354 591 1438 626 ὄνομα
1470 590 1562 625 ἕτερον
1588 588 1773 625 ὀνομάζεται,
1809 591 1822 615 ὀ

1037 641 1142 672 πιστὸς,
1158 639 1328 667 ἀνακαίνισιν
1343 638 1485 673 δεχόμενος
1499 637 1548 672 τῆς
1560 637 1624 672 ὅλης
1639 636 1724 662 αὑτοῦ
1741 644 1821 662 κατα-

1037 688 1168 718 στάσεως.
1193 685 1262 712 ’Λλλ¹
1278 685 1291 711 ὁ
1312 684 1436 715 Ἰουδαῖος
1457 683 1571 719 μάχεται
1596 683 1666 718 πρὸς
1681 682 1713 708 τὸ
1733 683 1821 708 καινὸν

1037 735 1115 761 τοῦτο
1134 734 1218 770 ὄνομα
1229 743 1236 749 ·
1262 735 1365 760 εἰπάτω
1383 733 1483 764 τοίνυν,
1506 731 1576 758 κατά
1590 731 1701 757 Ἡσαΐου
1717 739 1821 765 7:953:11-

1036 781 1121 813 τείαν,
1144 781 1229 816 ὄνομα
1246 779 1338 807 καινὸν
1355 778 1479 806 ὲπιτεθὲν
1494 777 1567 812 αὐτῷ
1579 786 1585 792 ·
1613 776 1670 803 ἀλλ’
1695 777 1747 802 οὐκ
1769 776 1820 811 ἔχει

1036 827 1136 858 δεῖξαι·
1157 826 1212 862 ἄρα
1231 826 1320 853 τοίνυν
1344 825 1373 852 τὸ
1396 824 1566 861 Χριστιανῶν
1585 824 1676 854 ἐστιν,
1699 821 1756 849 ἀπὸ
1779 822 1821 848 τοῦ

1037 873 1154 909 Χριστοῦ
1170 872 1380 908 γνωριζόμενον,
1406 871 1420 897 ὃ
1446 873 1460 897 ὁ
1481 870 1583 905 Κύριος
1604 871 1670 905 ἡμῖν
1691 868 1820 899 τέθεικεν,

1036 919 1090 945 ἀπὸ
1103 918 1150 945 τοῦ
1164 919 1264 945 οίκείου
1281 919 1412 953 ὀνόματος
1426 918 1564 952 σεμνύνων
1576 916 1610 943 τὰ
1624 916 1700 951 ἔθνη.

1078 966 1124 992 Ἐκ
1148 965 1283 1000 διαφόρων
1300 964 1388 992 ἀνθῶν
1413 964 1535 996 πλακεὶς,
1551 963 1597 990 καὶ
1609 962 1731 997 διάδημα
1752 961 1817 996 βατι-

1036 1012 1109 1044 λείας
1124 1012 1154 1038 τὸ
1165 1013 1257 1046 τάγμα
1272 1011 1325 1037 τῶν
1340 1010 1496 1038 ἀποστόλων
1511 1010 1649 1045 τυγχάνει,
1667 1009 1692 1035 οἳ
1708 1008 1757 1035 καὶ
1772 1008 1822 1034 τῶν

1043 1058 1208 1094 Ἑκκλησιῶν
1222 1057 1408 1094 προήχθησαν,
1425 1057 1501 1088 ὄντες
1514 1057 1584 1083 κατὰ
1596 1055 1674 1090 γένος
1693 1055 1824 1090 Ἰσραηλῖ-

1035 1113 1091 1137 ται,
1107 1102 1147 1136 οἷς
1170 1104 1217 1130 καὶ
1232 1104 1337 1139 ἥρμοσε
1359 1103 1390 1129 τὸ
1404 1103 1489 1138 ὅνομα
1512 1102 1542 1128 τὸ
1560 1101 1665 1132 καινὸν,
1682 1100 1824 1126 κοινωνίαν

1035 1151 1126 1186 ἔχουσι
1142 1150 1210 1186 πρὸς
1225 1150 1256 1176 τὸ
1273 1148 1360 1183 γένος.

1070 1195 1181 1231 Θέλημα
1195 1195 1285 1221 τοίνυν
1302 1193 1445 1221 καλοῦνται
1461 1193 1486 1219 οἱ
1503 1193 1533 1219 τὸ
1548 1192 1654 1227 θέλημα
1676 1190 1765 1217 αὑτοῦ
1780 1199 1825 1216 πε-

1036 1242 1189 1277 ποιηκότες,
1204 1241 1250 1273 οὒς
1270 1242 1315 1268 καὶ
1330 1241 1439 1276 ἀγαπᾷν
1452 1240 1536 1274 λέγει,
1557 1239 1594 1271 ὡς
1613 1238 1749 1265 συνοικῶν
1766 1246 1825 1264 νεα-

1035 1288 1126 1320 νίσκος
1139 1287 1274 1323 παρθένῳ.
1290 1286 1374 1314 Τοῦτο
1387 1287 1415 1313 δὲ
1429 1287 1460 1313 οὐ
1485 1286 1587 1322 φθορὰν
1605 1286 1746 1321 σημαίνει,
1768 1284 1823 1310 ἁὶίν

1035 1334 1209 1369 ἀκμάζουσαν
1224 1334 1315 1369 σχέσιν
1325 1342 1331 1348 ·
1347 1334 1395 1359 καὶ
1411 1333 1464 1369 γὰρ
1475 1335 1554 1368 τηρεῖ
1566 1333 1596 1358 ἐν
1608 1332 1647 1367 τῷ
1664 1331 1825 1366 συνοικεσῐῳ

1034 1380 1082 1416 τὴν
1098 1380 1241 1416 παρθένον.
1450 1405 1456 1411 ,

1070 1427 1124 1462 Τὴν
1138 1427 1196 1453 νυν).
1218 1426 1383 1452 κατάστασιν
1407 1425 1461 1451 τῶν
1484 1424 1652 1459 Ἐκκλησιῶν
1678 1423 1823 1458 ἐμφαίνεισ

1036 1472 1093 1507 μεθ’
1110 1472 1217 1507 ἡμέραν
1229 1480 1257 1497 τε
1270 1472 1317 1498 καὶ
1328 1470 1435 1506 νύκτωρ
1450 1469 1615 1505 μελετῶντος
1628 1467 1676 1494 τοῦ
1692 1466 1758 1493 λαοῦ
1776 1467 1824 1498 τὰς

1035 1518 1143 1549 ἐντολὰς
1159 1517 1204 1544 τοῦ
1219 1517 1285 1543 Θεοῦ
1297 1525 1303 1532 ·
1320 1515 1531 1543 ὲκδιδασκόντων
1547 1523 1576 1540 τε
1595 1514 1692 1547 ίερέων
1709 1513 1745 1539 τὰ
1761 1520 1824 1547 περι

1035 1564 1100 1591 Θεοῦ
1116 1565 1148 1591 δι’
1165 1564 1229 1599 ὅλης
1248 1564 1353 1596 νυκτὸς,
1370 1562 1515 1590 αἰνούντων
1531 1561 1576 1588 τὸν
1592 1561 1697 1596 Κύριον
1711 1562 1760 1586 ’καὶ
1776 1561 1823 1587 αὖ·

1034 1611 1080 1637 τοῦ
1097 1610 1327 1646 μνημονευόντων.

1075 1656 1164 1691 Ἐδὼμ
1177 1655 1251 1690 λέγει
1267 1656 1330 1687 τοὺς
1342 1656 1417 1687 υἱοὺς
1439 1655 1534 1681 Ἠσαῦ.
1554 1653 1639 1689 Βοσὸρ
1650 1653 1678 1679 δὲ
1701 1653 1761 1688 ἢτοι
1775 1652 1823 1688 τὴν

1034 1703 1152 1740 Βόστραν
1172 1704 1245 1737 λέγει
1263 1703 1323 1729 καθ’
1348 1703 1488 1739 Ἐϐραίους
1509 1703 1608 1738 σάρκα.
1625 1698 1711 1743 Οὗτος
1733 1702 1822 1728 τοίνυν

1033 1751 1047 1776 ὀ
1066 1751 1150 1785 μέγας
1173 1752 1202 1776 εν
1227 1750 1298 1785 ἰσχύϊ
1315 1750 1361 1776 καὶ
1381 1749 1546 1784 ἀσύγκριτος
1569 1748 1730 1784 κριθήσεται
1755 1747 1823 1783 πρὸς

1033 1795 1131 1827 αὐτοὺς
1152 1795 1243 1830 δικαία
1264 1795 1356 1830 ψήφιι),
1374 1795 1423 1830 τὴν
1441 1795 1501 1821 κατ¹
1517 1794 1615 1825 αὐτοὺς
1635 1792 1822 1828 ποιησάμενο-

1033 1841 1167 1868 ὲκδικίαν’
1194 1841 1240 1867 καὶ
1259 1842 1312 1876 γὰρ
1335 1841 1400 1871 Θεὸς
1422 1839 1489 1875 πρὸς
1512 1839 1672 1875 ἀνθρώπους
1699 1838 1822 1874 κρίνεται

1033 1887 1122 1914 καλῶν
1136 1888 1209 1922 ἡμᾶς
1225 1888 1265 1918 εὶς
1287 1887 1387 1923 κρίσιν,
1414 1887 1457 1913 ἵνα
1482 1885 1584 1921 διδάξῃ,
1610 1886 1651 1912 ὅτι
1668 1884 1751 1911 αὑτοῦ
1774 1885 1822 1919 μὲν

1031 1934 1123 1960 δικαία
1138 1934 1154 1968 ὴ
1170 1933 1271 1968 ἄμυνα,
1291 1934 1370 1968 ἡμεῖς
1384 1932 1413 1959 δὲ
1427 1932 1516 1958 αὐτῶν
1536 1931 1616 1958 αἴτιοι
1636 1931 1698 1957 καθ’
1715 1930 1821 1956 ἐαυτᾱν

1031 1979 1215 2014 ἐπισπώμενοι
1228 1979 1277 2015 τὴν
1298 1979 1375 2014 δίκην
1388 1987 1394 1992 ”
1424 1978 1505 2009 αὐτὸς
1533 1977 1586 2013 γὰρ
1603 1977 1649 2004 καὶ
1666 1977 1745 2012 δίκην
1772 1978 1820 2002 ἐπ-

1031 2029 1116 2062 όιγων1
1132 2027 1201 2063 ὑπὲρ
1223 2027 1358 2062 σωτηρίας
1373 2027 1451 2062 ἡμῶν
1467 2026 1555 2052 πάντα
1575 2027 1654 2057 ποιεῖ,
1677 2024 1750 2060 ὑπὲρ
1773 2024 1819 2051 τοῦ

1031 2074 1076 2101 καὶ
1094 2073 1198 2101 παῦλαν
1218 2075 1291 2109 ἡμᾶς
1304 2073 1395 2100 λαϐεῖν
1409 2073 1455 2099 τοῦ
1482 2073 1661 2108 ἁμαρτάνειν,
1687 2072 1704 2107 ἢ
1735 2081 1819 2107 μετα-

1031 2121 1177 2155 νοήσαντας
1192 2119 1321 2154 σωθῆναι,
1340 2119 1355 2155 ἣ
1371 2119 1548 2154 κουφισθῆναι
1571 2119 1600 2144 ἐν
1614 2120 1646 2153 τῇ
1664 2118 1756 2154 κρίσει
1771 2119 1820 2153 τῆς

1030 2165 1174 2201 τιμωρίας.
1195 2164 1249 2191 Καὶ
1266 2165 1330 2199 μετ’
1348 2165 1445 2199 ἐλίγα-
1471 2163 1591 2199 Ἀληθῶς
1605 2163 1659 2199 γὰρ
1678 2163 1819 2198 θαύματος

192 2216 284 2239 suum,
302 2216 364 2235 cum
380 2217 497 2244 corpore
515 2210 543 2236 in
560 2210 645 2238 σωῐοε
661 2211 854 2240 ascendentem
866 2233 872 2244 ,
892 2217 919 2240 et
932 2222 978 2241 ru-

1038 2212 1224 2248 :11:7:).1']pwv:o
1245 2211 1292 2238 καὶ
1316 2212 1342 2238 αί
1365 2211 1460 2246 νοηταὶ
1479 2210 1625 2245 δυνάμεις,
1647 2210 1752 2245 ὁρῶσαι
1776 2210 1820 2236 τὸν

191 2254 299 2281 hentem
315 2255 457 2290 sanguine,
470 2259 497 2282 et
511 2257 601 2283 crucis
621 2257 793 2291 stigmatibus
806 2259 978 2293 transfixum;

191 2303 218 2326 et
235 2299 379 2327 victoriam
400 2301 434 2328 de
451 2305 539 2328 morte
553 2302 687 2335 relatam;
705 2307 732 2330 et
754 2304 867 2338 gratiam
889 2305 978 2332 homi-

190 2347 272 2374 nibus
288 2347 430 2381 largitam;
447 2352 474 2374 et
492 2352 666 2382 peceatorum
689 2350 888 2377 remissionem.
909 2350 976 2378 Nam

190 2393 346 2420 hominibus
378 2399 488 2429 propter
505 2400 616 2430 peccata
645 2404 694 2423 sua
717 2402 805 2424 morte
821 2397 974 2430 damnatis,

191 2438 316 2466 Salvator
332 2445 424 2467 noster
441 2441 498 2474 ipse
522 2449 571 2476 pro
588 2441 667 2469 nobis
690 2447 804 2469 mortem
825 2442 909 2470 subiit
922 2463 929 2474 ,
945 2448 975 2470 ut

188 2485 269 2512 nobis
299 2486 530 2513 immortalitatem
561 2491 732 2521 operaretur.
752 2487 785 2513 Et
803 2487 882 2522 paulo
897 2495 974 2521 post:

189 2531 265 2563 Quod
283 2531 306 2558 si
327 2532 438 2566 angelos
457 2533 638 2559 exsultavisse
664 2533 803 2565 audieris,
830 2533 884 2560 noli
913 2533 974 2561 illos

189 2576 350 2610 ignorantia:
367 2585 494 2612 arguere;
514 2583 646 2605 noverant
662 2578 733 2605 enim
749 2578 897 2606 Salvatoris
908 2586 975 2606 con-

190 2620 250 2647 silia
262 2629 294 2648 ex
309 2629 365 2657 quo
380 2623 406 2650 in
428 2626 528 2650 terram
550 2623 679 2658 delapsus
703 2631 812 2651 carnem
830 2625 950 2661 suscepit
965 2634 972 2657 ;

210 2698 231 2713 “
242 2698 336 2726 Matth.
353 2709 368 2727 x
395 2703 420 2728 (ἱ.

1032 2257 1134 2284 ἑαυτῶν
1156 2257 1220 2284 Θεὸν
1238 2259 1266 2284 ἐν
1287 2257 1391 2292 σώματι
1416 2258 1455 2288 εις
1478 2257 1608 2293 οὐρανοὺς
1633 2256 1746 2282 ἀνιόντα
1774 2257 1820 2282 καὶ

1031 2303 1148 2338 φέροντα
1170 2303 1200 2329 τὸ
1225 2302 1350 2338 ἐρύθημα
1374 2302 1421 2329 ’τοῦ
1449 2302 1563 2337 αἵματος
1578 2301 1624 2328 καὶ
1638 2300 1672 2328 τὰ
1696 2301 1819 2336 σύμϐολα

1029 2348 1075 2375 τοῦ
1092 2349 1219 2384 σταυροῦ,
1236 2351 1286 2384 τήν
1309 2357 1338 2375 τε
1362 2349 1431 2375 κατὰ
1450 2348 1497 2375 τοῦ
1518 2347 1633 2375 θανάτου
1659 2347 1749 2383 νίκην,
1774 2356 1819 2373 και

1028 2395 1077 2430 τὴν
1098 2395 1250 2430 ἀνθρώποις
1266 2395 1442 2430 χαρισθεῖσαν
1456 2395 1535 2430 χάριν
1555 2395 1601 2421 καὶ
1616 2393 1715 2428 ἄφεσιν
1729 2394 1819 2429 ἁμαξι-

1028 2442 1103 2469 τιῶν.
1121 2442 1181 2468 Τῶν
1195 2442 1249 2478 γὰρ
1267 2441 1417 2477 ἀνθρώπων
1441 2442 1510 2476 ὑπὲρ
1529 2441 1583 2468 τῶν
1599 2441 1708 2467 οἰκείων
1726 2441 1817 2475 ἁμαρ-

1029 2488 1159 2523 τημάτων
1185 2488 1298 2515 θάνατον
1323 2487 1548 2523 χρεωστούντων,
1574 2488 1588 2513 ὁ
1615 2487 1712 2522 Σωτὴρ
1740 2487 1818 2522 ἡμᾶν

1029 2534 1147 2569 ὑπῆλθεν
1172 2535 1252 2566 αὐτὸς
1275 2534 1320 2561 τὸν
1348 2533 1459 2561 θάνατον
1484 2533 1554 2568 ὑπὲρ
1578 2532 1671 2567 ἡμῶν,
1690 2531 1725 2558 ἶν’
1753 2533 1818 2567 ἡμῖν

1028 2580 1176 2607 ἀθανασίαν
1195 2580 1448 2616 πραγματεύσηται.
1468 2579 1522 2606 Καὶ
1537 2579 1600 2614 μετ’
1617 2579 1706 2613 ὀλίγα
1721 2586 1728 2593 ·
1746 2579 1778 2605 Εἰ
1791 2579 1818 2605 δὲ

1028 2625 1073 2651 ἐπὶ
1096 2625 1218 2659 ἀγγέλων
1241 2625 1350 2657 ἀκούοις
1381 2626 1418 2657 ὡς
1440 2624 1664 2660 ἐπαπορούντων,
1693 2624 1732 2659 μὴ
1747 2623 1818 2650 ὲκεί-

226 2777 374 2817 (ᾌὸλ-ῌιιηο
392 2788 484 2808 vocem
505 2789 558 2809 non
572 2789 675 2808 carnem
686 2781 849 2816 signiﬁcare,
867 2781 913 2809 sed
924 2782 1028 2816 ﬁrmam
1045 2786 1125 2817 atque
1146 2783 1284 2814 nutnilam,
1303 2782 1363 2810 luce
1378 2782 1474 2817 probat
1484 2780 1587 2809 clarius
1603 2779 1632 2807 S.
1649 2779 1725 2808 Hier.
1743 2786 1817 2808 com.

191 2811 218 2839 in
231 2811 276 2839 Is.
285 2813 331 2840 Iili.
350 2822 405 2841 xvu
