1920 3070
69 108 113 137 N9
610 111 799 140 CONVIVIUM
821 110 934 139 DECEM
954 110 1133 138 VlRGlNUM.

1638 118 1689 145 170

100 169 153 199 Πᾶς
168 168 242 200 δστις
254 167 306 195 κᾶν
325 168 416 204 βραχὺ
435 168 543 200 συνετὸς
553 169 714 205 ὁμολογήσει
726 169 771 196 τὸν
785 170 847 196 Θεὸν

936 166 1065 202 Quisquis
1077 168 1117 195 vel
1132 168 1244 196 minima
1259 169 1323 196 boni
1335 177 1431 198 sensus
1448 173 1580 207 particula
1596 182 1690 210 asper—

65 215 171 247 ἀγαῦὸν,
195 214 311 246 δίκαιον,
337 215 432 248 σοφὸν,
460 214 555 250 ἀληθῆ,
573 215 719 250 ὠφέλιμον,
736 215 854 242 ἀναίτιον

64 260 162 292 κακῶν,
177 260 229 286 icti
235 261 355 296 μπλοκον
367 261 482 293 πάθους,
497 263 543 289 καὶ
556 263 609 288 πᾶν
623 263 648 288 εἴ
660 271 686 288 τι
700 262 754 297 (5‘2)
765 262 853 288 τοιοῦ-

63 316 113 334 τον.
127 307 184 333 Καὶ
197 308 223 333 εἰ
237 308 261 333 οἱ
276 306 377 334 δίκαιοι
392 308 536 344 κρείσσους
550 309 602 335 εἰσὶ
613 309 667 335 τῶν
684 309 793 340 ἀδίκων,
808 310 854 336 καὶ

63 353 130 380 ἔστιν
145 354 240 384 αὐτοῖς
256 354 274 388 ἡ
293 353 386 380 ἀδικία
400 354 530 389 βδελυκτή
541 363 547 369 ·
565 354 654 390 χαίρει
671 355 700 380 δὲ
713 355 728 380 ὁ
741 354 806 385 Θεὸς
819 355 852 389 τῇ

61 401 219 436 δικαιοσύνῃ
244 400 348 432 δίκαιος
373 400 428 432 ὢν,
461 401 579 436 στυγητὴ
606 401 679 436 αὐτῷ
706 402 722 435 ἠ
752 401 852 433 ἀδικία,

61 447 180 473 ἐναντίον
201 444 271 473 οὖσα
293 448 340 473 καὶ
362 447 458 482 ἐχθρὸν
480 448 512 482 τῇ
533 447 706 482 δικαιοσύνῃ·
728 447 776 473 οὐκ
800 447 852 483 ἄρα

60 493 166 524 ἀδικίας
181 493 270 524 αἴτιος
284 493 299 520 ὁ
313 493 388 525 Θεός.

93 625 126 651 Εἰ
141 625 173 651 τὸ
190 624 316 659 ὠφελοῦν
333 625 439 656 πάντως
455 626 528 652 ἐστὶν
542 625 640 659 ἀγαθόν
650 634 656 640 ·
673 626 809 661 ὠφέλιμον
823 627 851 653 δὲ

62 670 226 706 σωφροσύνη
249 671 296 697 καὶ
320 670 396 704 οἴκῳ,
422 672 468 698 καὶ
491 671 539 706 βίῳ
561 673 606 698 καὶ
628 671 730 706 φίλοις·
751 672 851 706 ἀγαθὸν

63 717 115 752 ἄρα
127 718 202 743 ἐστὶν
217 719 233 752 ὴ
254 718 425 753 σωφροσύνη.
447 718 501 744 Καὶ
522 719 545 745 εξ
562 719 577 754 ἡ
596 718 755 754 σωφροσύνη
772 719 850 752 φύσει

59 763 173 797 ἀγαθὸν,
186 763 318 789 ἀκολασία
331 763 358 789 δὲ
371 764 490 790 ἐναντίον
508 765 678 800 σωφροσύνῃ·
692 765 721 791 τὸ
736 765 763 792 δὲ
777 766 851 791 ἐναν-

59 809 114 835 τίον
135 810 176 845 τῷ
193 809 288 844 ἀγαθῷ
309 810 406 836 κακόν·
430 810 513 837 κακὸν
534 811 586 847 ἄρα
603 812 619 846 ή
638 811 778 838 ἀκολασία.
797 812 850 838 Καὶ

906 220 952 240 sus
960 217 1012 244 est,
1024 212 1152 240 fatebitur
1161 214 1251 241 statim
1262 214 1366 242 Numen
1372 216 1492 244 divinum
1505 219 1604 247 bonum
1617 229 1687 252 esse.

902 259 1023 293 justum,
1043 259 1152 294 sapiens
1163 280 1171 291 ,
1186 268 1266 288 verax
1279 281 1286 292 ,
1302 269 1392 289 rerum
1411 264 1573 293 utilitatibus
1589 274 1689 294 consu—

904 305 973 335 lens,
992 304 1202 340 liaudquaquam
1219 307 1352 334 malorum
1369 313 1506 337 auctorem
1518 332 1525 344 ,
1540 313 1623 340 nullis
1638 313 1702 340 ini-'

903 351 1033 384 plicatum
1049 351 1156 378 vitiosis
1172 352 1330 385 affectibus,
1348 361 1379 381 ac
1395 355 1416 382 si
1430 357 1494 390 quid
1508 358 1566 391 ejus
1581 360 1689 392 generis

904 401 955 424 est.
970 396 1028 423 Jam
1043 398 1065 424 si
1077 398 1176 431 etjusti
1186 400 1312 428 meliores
1323 401 1433 435 injustis
1449 407 1522 435 sunt,
1536 405 1629 440 eisque
1641 414 1690 433 ex-

903 443 1050 469 sccrationi
1067 443 1201 478 iujustitia
1228 445 1358 479 habetur;
1376 447 1509 483 Deusque,
1526 451 1624 485 quippe
1640 452 1688 487 qui

900 488 992 522 justus
1003 489 1050 521 sit,
1060 491 1157 524 gaudet
1170 492 1292 526 jnstitia;
1309 494 1388 528 plane
1402 495 1563 528 injustitiam
1578 506 1686 526 exosam

904 533 995 565 habet,
1009 543 1068 569 qua:
1083 535 1196 569 justitia:
1210 537 1380 569 adversetur,
1396 539 1486 574 sitque
1502 540 1540 567 illi
1557 542 1666 570 inimica
1679 551 1686 570 :

903 587 957 606 non
973 585 1015 607 cst
1032 581 1115 616 igitur
1128 581 1199 610 Deus
1212 588 1308 610 auctor
1326 585 1476 619 injustitizc.

940 625 968 652 Si
994 627 1066 660 quod
1092 628 1236 655 utilitatem
1256 635 1378 664 prmstat,
1395 633 1488 668 utique
1509 635 1609 662 bonum
1625 641 1687 666 est:

902 677 1011 707 praestat
1019 679 1107 702 autem
1120 676 1233 703 castitas
1245 681 1271 703 et
1282 677 1374 706 domui
1387 683 1413 706 et
1425 681 1527 708 mundo
1536 687 1562 708 et
1573 683 1686 712 amicis:

902 718 974 745 bona
999 720 1092 755 utique
1115 726 1156 748 est
1175 724 1298 751 castitas.
1324 724 1400 757 Quod
1413 726 1435 753 si
1450 732 1546 754 natura
1563 729 1632 756 bona
1647 733 1689 758 est

901 765 1022 797 castitas,
1033 766 1151 793 castitati
1164 775 1227 794 vero
1236 769 1341 796 luxuria
1349 772 1484 799 contraria
1496 777 1547 806 est,
1558 775 1584 802 id
1597 780 1687 804 autem

901 814 943 838 est
956 812 1068 844 malum,
1083 813 1155 846 quod
1170 813 1241 841 bono
1257 817 1423 843 contrarium
1434 823 1485 851 est,
1500 820 1622 855 sequitur
1630 829 1690 848 ma-

63 855 84 882 ει
101 856 118 888 ὴ
133 855 270 881 ἀκολασία
292 855 370 890 φύσει
392 855 486 887 κακὸν,
501 856 570 882 κατὰ
585 856 731 883 ἀκολασίαν
747 856 775 883 δὲ
794 865 847 892 μοι·

903 856 955 882 lam
966 865 1027 885 esse
1039 858 1183 886 luxuriam.
1195 859 1270 892 Quod
1285 862 1306 888 si
1322 862 1429 890 luxuria
1439 870 1535 892 natura
1548 867 1618 894 mala
1630 871 1688 901 est;

63 903 131 937 χεῖαι
164 902 286 934 γίνονται
308 902 354 928 καὶ
380 902 479 928 κλοπαὶ
501 902 548 929 καὶ
571 903 652 938 ὀργαὶ
681 903 727 929 καὶ
756 903 847 937 φόνοιο

63 947 138 981 ρξῦσει
155 948 210 983 ἄρα
226 947 310 974 κακόν
323 949 396 973 ἐστιν
408 949 422 974 ὁ
439 947 586 979 ἀκόλαστος
601 947 666 982 βίος.
683 947 719 974 To
734 948 761 974 δὲ
773 949 849 975 Θεῖον

63 993 154 1019 κακῶν
168 994 346 1029 ἀσύμπλοκον
362 993 492 1028 πέφυκεν.
512 994 566 1020 Οὐκ
579 993 633 1029 ἄρα
649 994 755 1028 γένεσις

94 1084 126 1109 ΕΞ
143 1084 168 1109 οἱ
187 1083 326 1119 σώφρονες
343 1084 464 1119 βελτίους
484 1085 536 1110 εἰσὶ
558 1084 612 1110 τῶν
635 1085 772 1121 ἀκρατῶν,
803 1087 848 1112 καὶ

63 1129 132 1155 ἔστιν
155 1129 248 1161 αὐτοῖς
265 1131 281 1164 ἡ
301 1130 421 1165 ἀκρασία
436 1130 563 1166 βδελυκτή
575 1139 581 1145 ·
602 1131 690 1166 χαίρει
704 1132 732 1158 δὲ
753 1132 766 1157 ὀ
783 1132 848 1164 Θεὸς

63 1178 90 1211 τῇ
105 1176 281 1212 σωφροσύνῃ,
297 1177 390 1203 παθῶν
408 1177 564 1212 ἀνεννόητος
584 1176 620 1203 ὢν
631 1186 637 1192 ·
660 1177 780 1213 στυγητὴ
794 1178 848 1214 ἄρα

62 1223 104 1249 καὶ
169 1222 230 1257 Θεῷ
244 1224 260 1258 ἡ
281 1223 412 1258 ἀκρασία.
434 1224 493 1250 Ὅτι
507 1224 535 1250 δὲ
551 1225 567 1260 ἡ
586 1224 656 1251 κατὰ
671 1223 848 1259 σωφροσύνην

61 1267 171 1302 πρᾶξις,
190 1267 276 1303 ἁρετὴ
297 1266 374 1301 οὖσα,
390 1268 521 1304 κρείττων
540 1270 597 1296 ἐστὶ
612 1270 661 1304 τῆς
677 1269 747 1296 κατὰ
763 1269 847 1304 ἀκρα-

63 1313 128 1343 σίαν,
145 1312 247 1343 κακίας
262 1312 356 1348 οὔσης,
376 1313 472 1348 μαθεῖν
487 1313 560 1340 ἔστιν
571 1313 624 1340 ἀπὸ
642 1313 781 1348 βασιλέων,
794 1314 848 1340 ἀπὸ

61 1358 209 1393 ἀρχόντων,
227 1359 283 1384 ἀπὸ
306 1359 473 1394 στρατηγῶν,
493 1360 546 1386 ἀπὸ
566 1359 712 1394 γυναικῶν,
729 1359 783 1387 ἀπὸ
803 1359 847 1386 τὲ-

62 1413 140 1435 κνων,
154 1404 210 1430 ἀπὸ
221 1405 348 1435 πολιτῶν,
365 1405 418 1431 ἀπὸ
430 1405 576 1438 δεσποτῶν,
592 1406 645 1433 ἀπὸ
657 1406 779 1439 οἰκετῶν,
793 1406 847 1432 ἀπὸ

61 1450 253 1485 παιδαγωγῶν,
269 1451 321 1478 ἀπο
339 1451 505 1478 διδασκάλων
517 1461 523 1467 ·
548 1453 662 1485 ἕκαστος
675 1454 728 1489 γὰρ
744 1453 846 1479 τούτων

61 1498 105 1523 καὶ
116 1497 206 1532 ἐαυτῷ
219 1498 265 1523 καὶ
279 1497 316 1532 τῷ
330 1497 411 1532 κοινῷ
426 1498 560 1534 ὠφέλιμος
573 1499 676 1533 γίνεται
689 1499 844 1535 σωφρονῶν·

899 911 948 938 per
963 911 1021 931 eam
1039 910 1127 933 autem
1146 906 1213 933 ﬁunt
1240 907 1372 935 adulteria
1383 929 1390 939 .
1410 909 1479 936 furta
1491 931 1497 942 ,
1511 912 1600 947 jurgia
1612 934 1618 941 .
1635 921 1689 941 σωκ

899 949 966 977 des:
994 954 1090 978 natura
1112 959 1176 987 ergo
1203 954 1304 980 malum
1325 958 1367 982 est
1383 956 1436 982 vita
1455 957 1593 986 luxuriosa
1604 963 1629 986 et
1645 961 1688 987 in-

899 997 1064 1029 temperans.
1092 995 1217 1024 Divinum
1238 1002 1328 1026 autem
1350 998 1454 1027 Numen
1471 1003 1548 1029 malis
1564 1003 1687 1038 implica-

900 1043 957 1066 tum
973 1049 1027 1068 nou
1043 1045 1095 1069 est.
1111 1041 1279 1076 Explodatur
1293 1051 1359 1079 ergo
1375 1044 1464 1073 fatalis
1480 1049 1639 1077 necessitas.

936 1084 963 1112 Si
978 1087 1046 1114 casti
1065 1088 1192 1115 meliores
1205 1094 1269 1116 sunt
1282 1089 1446 1123 luxuriosis,
1461 1092 1568 1128 illisque
1582 1095 1687 1122 abomi-

899 1131 998 1159 nabilis
1019 1138 1061 1160 est
1090 1133 1209 1166 luxuria,
1227 1134 1380 1170 gaudetque
1407 1136 1478 1164 Deus
1493 1140 1634 1172 castitate,
1657 1141 1685 1168 in

899 1185 978 1212 quem
1004 1178 1077 1205 nulla
1103 1179 1184 1206 cadat
1206 1180 1352 1208 libidinosa
1369 1189 1400 1209 ac
1415 1183 1479 1210 vitio
1496 1184 1601 1212 btet-ens
1612 1186 1687 1221 cogi-

899 1221 975 1253 tatio,
1002 1230 1084 1249 exosa
1109 1224 1204 1258 utique
1222 1225 1304 1251 etiam
1331 1225 1385 1253 Deo
1410 1227 1607 1256 incontinentia
1631 1233 1684 1259 est.

899 1266 984 1294 Porro
999 1269 1134 1296 actionem
1152 1278 1212 1304 quae
1226 1278 1260 1298 ex
1278 1273 1385 1299 ratione
1405 1275 1539 1303 castitatis
1556 1277 1587 1304 lit
1606 1277 1686 1312 (qua).

898 1317 970 1340 certe
990 1314 1076 1341 virtus
1095 1315 1154 1350 est)
1174 1317 1308 1351 potiorem
1326 1325 1387 1345 esse
1403 1319 1447 1346 illa
1461 1328 1521 1354 qua:
1541 1329 1574 1348 ex
1590 1322 1686 1350 incon-

898 1358 1010 1386 tinentia
1035 1364 1077 1387 est
1096 1364 1123 1388 et
1140 1361 1173 1388 ad
1189 1363 1284 1389 vilium
1300 1364 1418 1398 pertinet
1434 1374 1440 1391 :
1458 1366 1608 1401 intelligere
1622 1368 1686 1396 licet

897 1412 930 1432 ex
944 1406 1064 1440 regibus.
1080 1415 1111 1434 ex
1125 1408 1277 1442 politicisct
1291 1409 1456 1439 militaribus
1468 1413 1684 1448 magistratibus,

897 1458 930 1478 cx
957 1451 1116 1480 mulieribus
1127 1473 1134 1486 ,
1151 1462 1182 1480 ex
1199 1454 1306 1486 liberis,
1320 1463 1353 1483 ex
1367 1457 1482 1488 civibus.
1496 1466 1529 1485 ex
1547 1458 1620 1487 beris
1631 1479 1639 1492 ,
1652 1468 1686 1488 ex

898 1496 1018 1530 famulis,
1032 1506 1064 1525 ex
1082 1499 1247 1534 paedagogis,
1267 1509 1298 1528 ex
1314 1503 1452 1538 magistris
1469 1513 1475 1531 :
1496 1506 1686 1542 unusquisque

61 1544 262 1570 ἀκολασταίνων
274 1544 311 1575 δὲ,
331 1545 377 1570 καὶ
390 1544 477 1580 ἐαυτῷ
492 1545 537 1571 καὶ
549 1545 587 1581 τῷ
604 1545 684 1580 κοινῷ
702 1545 842 1582 βλαϐερός.

901 1544 970 1570 enim
997 1544 1093 1572 borum
1122 1549 1174 1572 tam
1201 1547 1253 1573 sibi
1281 1555 1362 1582 quam
1379 1549 1487 1583 publico
1499 1551 1573 1579 utilis
1587 1540 1686 1584 est,si

60 1590 112 1616 Kal
124 1591 147 1615 εξ
162 1589 221 1615 ἔστι
238 1589 356 1625 διαφορά
372 1599 414 1621 τις
428 1591 553 1617 κιναίδων
568 1592 614 1618 καὶ
627 1592 767 1627 ἀνδρείων,
782 1593 847 1618 ἁκο-

59 1634 161 1662 λάστων
188 1634 237 1660 καὶ
261 1635 427 1670 σωφρόνων
451 1635 497 1661 καὶ
519 1635 576 1661 ἔστι
599 1636 733 1672 κρείσσων
755 1637 771 1671 ἡ
795 1636 847 1662 τῶν

59 1681 188 1716 ἀνδρείων
206 1681 255 1706 καὶ
273 1681 428 1715 σωφρόνων,
450 1681 546 1717 χείρων
558 1681 586 1708 δὲ
603 1682 684 1716 ἡτῶν
702 1682 845 1708 ἐναντίων·

59 1727 81 1752 οἱ
96 1727 124 1753 δὲ
138 1727 189 1761 τῆς
205 1725 365 1762 κρείσσονος
382 1726 465 1760 ἐγγύς
481 1728 533 1752 εἰσι
557 1727 603 1753 καὶ
618 1727 688 1761 φίλοι
709 1727 786 1758 Θεοῦ,
802 1728 848 1754 καὶ

60 1773 82 1798 οἱ
96 1773 145 1807 τῆς
160 1772 284 1808 χείρονος
307 1772 416 1808 μακρὰν
430 1773 477 1799 καὶ
493 1773 583 1808 ἐχθροί
594 1781 600 1787 ·
622 1773 645 1799 οἱ
665 1772 788 1806 λέγοντες
802 1773 849 1808 γέ-

61 1827 128 1845 νεσιν
140 1819 170 1845 τὸ
187 1819 254 1845 αὐτὸ
270 1819 318 1854 τὴν
335 1819 441 1845 ἀδικίαν
458 1817 525 1845 εἶναι
542 1819 587 1845 καὶ
602 1819 650 1855 τὴν
664 1819 846 1855 δικαιοσύνην,

60 1865 87 1890 οὺ
101 1865 265 1900 διορίζονται
282 1865 415 1892 κιναιδίαν
431 1865 476 1891 καὶ
492 1865 626 1901 ἀνδρείαν,
644 1865 779 1901 ἀκρασίαν
801 1866 847 1892 καὶ

61 1910 247 1946 οωεξροσύνην,
263 1912 332 1946 ὅπερ
347 1911 485 1937 ἀδύνατον.
505 1911 536 1937 El
552 1912 605 1948 γὰρ
622 1911 660 1946 τῷ
673 1911 750 1946 κακῷ
764 1912 848 1945 τάγα-

61 1955 103 1982 θὸν
120 1957 254 1989 ἐναντίον,
271 1958 301 1983 τὸ
315 1957 343 1983 δὲ
359 1957 452 1984 ἄδικον
466 1958 565 1984 κακὸν·
585 1957 663 1984 τοῦτο
677 1957 705 1984 δὲ
726 1958 846 1984 ἐναντίον

60 2003 94 2037 τῷ
104 2003 200 2038 δικαίῳ
209 2011 216 2017 ·
231 2002 262 2028 τὸ
273 2003 301 2029 δὲ
311 2003 423 2035 δίκαιον,
439 2004 549 2037 ἀγαθόν·
561 2003 625 2029 τὸδὲ
636 2003 736 2036 ἀγαθὸν
751 2003 846 2038 ἐχθρὸν

59 2049 102 2075 τοῦ
119 2049 223 2076 κακοῦ·
243 2049 370 2084 ἀνόμοιον
390 2049 418 2076 δὲ
432 2049 462 2075 τὺ
477 2050 561 2076 κακὸν
578 2049 616 2084 τῷ
629 2048 737 2084 ἀγαοῷ-
754 2049 846 2084 ἕτερον

59 2095 109 2131 ἄρα
125 2096 155 2121 τὸ
170 2096 277 2122 δίκαιον
293 2094 339 2121 τοῦ
354 2095 458 2122 ἀδίκου.
483 2096 540 2122 Οὐκ
559 2095 612 2131 ἄρα
628 2095 712 2126 αἴτιος
726 2094 818 2121 κακῶν
832 2096 847 2121 ὁ

59 2141 132 2173 Θεὶς,
148 2142 210 2168 οὐδὲ
228 2142 318 2177 χαίρει
334 2143 390 2172 τοῖς
403 2144 507 2173 κακοῖς.
526 2142 563 2168 Οὐ
580 2143 734 2176 συνίστησιν
750 2142 846 2172 αὐτοὺς

58 2188 71 2214 ὁ
89 2189 187 2222 Λόγος,
203 2188 306 2222 ἀγαθὸς
324 2187 371 2215 ὧν.
390 2187 425 2214 Εἴ
437 2189 489 2214 εἰσι
504 2189 532 2215 δὲ
551 2188 662 2223 πονηροί
677 2196 758 2219 τινες,
777 2186 846 2214 κατὰ

900 1593 993 1617 castus
1011 1591 1064 1623 sit;
1091 1592 1133 1619 sin
1150 1591 1322 1626 luxuriosus,
1342 1597 1398 1620 tam
1416 1595 1467 1622 sibi
1485 1603 1564 1630 quam
1576 1598 1686 1632 publico

899 1636 1009 1663 noxius.
1023 1636 1055 1663 Et
1069 1638 1091 1664 si
1106 1641 1147 1664 est
1163 1638 1312 1666 discrimen
1327 1640 1462 1673 quoddam
1479 1641 1550 1669 inter
1566 1644 1686 1674 cinados

900 1682 1027 1717 virosque
1044 1683 1127 1710 fortes
1139 1703 1147 1716 ,
1163 1684 1289 1719 interque
1301 1685 1453 1720 impudicos
1468 1691 1494 1714 et
1511 1693 1613 1722 castos,
1628 1694 1685 1719 est-

899 1736 952 1763 que
965 1731 1060 1757 melior
1076 1730 1185 1758 fortium
1201 1737 1282 1766 atque
1296 1737 1433 1760 castorum
1450 1735 1541 1770 natio,
1566 1736 1686 1766 deterior

899 1782 963 1802 vero
986 1783 1080 1803 eorum
1095 1778 1142 1812 qui
1167 1778 1347 1806 adversantur
1363 1789 1370 1806 :
1388 1780 1521 1815 siquidem
1540 1783 1620 1809 etiam
1636 1784 1683 1818 qui

899 1822 984 1854 partis
1000 1823 1121 1850 melioris
1145 1828 1218 1856 sunt,
1244 1825 1299 1852 Deo
1312 1826 1394 1853 vicini
1412 1827 1489 1862 eique
1505 1829 1586 1855 amici
1603 1833 1683 1863 sunt;

899 1867 946 1901 qui
961 1875 1024 1894 vero
1040 1869 1073 1895 ad
1089 1870 1242 1904 sequiorem
1266 1873 1421 1906 pertinent,
1449 1874 1527 1909 longe
1544 1882 1558 1901 a
1575 1875 1630 1903 Deo
1646 1877 1686 1904 di-

898 1917 988 1945 stant,
1004 1919 1031 1940 et
1046 1919 1110 1941 sunt
1129 1916 1230 1943 inimici
1249 1927 1254 1943 :
1273 1918 1319 1952 qui
1334 1918 1428 1946 dicunt
1453 1921 1536 1947 natali
1554 1920 1685 1950 fataiitate

897 1958 1009 1993 perinde
1029 1960 1190 1994 injustitiam
1206 1966 1287 1997 atque
1298 1963 1433 1997 justitiam
1453 1965 1549 1998 amari,
1561 1975 1615 1994 non
1627 1968 1685 1996 dis-

896 2004 1024 2039 tinguunt
1042 2006 1208 2033 cinaedorum
1226 2007 1367 2035 mollitiem
1389 2017 1404 2036 a
1421 2008 1593 2043 fortitudine,
1607 2016 1633 2039 et
1647 2012 1686 2040 lu-

897 2051 1002 2076 xuriam
1014 2058 1028 2077 a
1047 2052 1187 2079 castitate:
1203 2060 1263 2087 qua:
1283 2056 1312 2079 ut
1335 2053 1362 2080 in
1373 2062 1456 2081 unum
1471 2060 1613 2090 cogantur,
1626 2057 1684 2085 fieri

896 2103 952 2122 non
968 2100 1068 2131 potest.
1089 2097 1118 2124 Si
1143 2098 1216 2124 enim
1241 2098 1342 2125 bonum
1356 2100 1426 2127 malo
1442 2103 1611 2130 contrarium
1625 2108 1683 2137 est,

897 2142 1029 2178 injustum
1050 2148 1140 2172 autem
1163 2145 1263 2173 malum
1285 2150 1326 2174 est
1344 2157 1350 2174 :
1367 2151 1393 2174 et
1407 2148 1469 2180 hocl
1484 2153 1560 2183 iusto
1576 2157 1685 2178 contra-

896 2189 966 2216 rium
981 2200 987 2217 2
1000 2198 1083 2225 porro
1093 2191 1165 2226 quod
1176 2191 1292 2226 justum,
1305 2192 1376 2220 idem
1391 2193 1507 2222 bonum:
1520 2195 1621 2223 bonum
1635 2205 1683 2223 au-

58 2234 159 2261 ἑνδεισν
189 2234 297 2270 φρενῶν
319 2235 388 2260 εἰσιν
409 2231 479 2260 οὗτοι
504 2234 627 2270 πονηροὶ,
655 2233 701 2260 καὶ
723 2233 753 2260 οὑ
776 2233 846 2260 κατὰ

901 2239 952 2262 tem
969 2237 1110 2264 inimicum
1127 2238 1199 2264 malo
1214 2247 1220 2265 :
1245 2238 1377 2266 dissimile
1397 2248 1460 2267 vero
1474 2241 1573 2268 malum
1589 2242 1660 2269 bono
1675 2252 1681 2268 :

57 2280 173 2314 γένεσιν.

900 2281 972 2309 aliud
991 2282 1102 2309 omnino
1114 2283 1165 2310 erit
1180 2284 1312 2319 longeque
1322 2285 1572 2320 diversumjustum
1590 2288 1624 2314 ab
1638 2288 1682 2314 in-

57 2326 139 2360 justo.
156 2326 217 2354 Non
233 2327 315 2362 igitur
332 2331 429 2353 auctor
444 2327 575 2353 malorum
597 2326 667 2354 Deus
680 2346 686 2358 ,
705 2335 755 2354 nec
768 2327 846 2355 malis
864 2327 1022 2356 delectatur.
1036 2329 1128 2364 Neque
1144 2330 1214 2358 ratio
1229 2331 1289 2359 illos
1311 2332 1497 2366 commendat,
1522 2341 1581 2368 qua:
1611 2334 1683 2361 bona

58 2376 101 2402 sit.
119 2375 201 2408 Quod
214 2377 236 2402 si
254 2375 363 2409 quidam
379 2375 444 2401 mali
462 2380 541 2408 sunt,
571 2376 669 2402 trientis
683 2375 772 2410 inopia
786 2376 850 2403 mali
871 2380 944 2408 sunt,
960 2385 1014 2404 non
1031 2379 1113 2405 natali
1127 2379 1180 2405 ulla
1196 2379 1337 2406 latalitate.

90 2422 214 2457 Σςςῇσιν
239 2423 463 2456 ἀτασθαλίῃσιν
483 2422 650 2457 ὑπέρμορον
667 2422 747 2457 ἄλγε’
762 2424 848 2457 ἕχον-

60 2478 102 2503 ‘ec
119 2470 187 2506 (55)-

91 2517 121 2542 Ei
136 2517 166 2543 δὲ
189 2516 293 2543 ἀνελεῖν
306 2524 377 2547 τινα,
399 2515 445 2541 καὶ
467 2515 538 2550 φόνῳ
557 2515 604 2547 τὰς
621 2517 713 2551 χεῖρας
731 2516 845 2551 αἱμάξαι

58 2561 161 2595 γένεσις
173 2561 340 2597 ἐργάζεται·
359 2560 438 2587 τοῦτο
457 2560 484 2587 δὲ
500 2561 580 2596 νόμος
599 2561 706 2594 κωλύει,
724 2561 844 2594 κολάζων

60 2607 118 2638 τοὺς
137 2607 303 2642 ἀλάστορας,
327 2607 375 2633 καὶ
397 2605 430 2631 δι’
453 2605 567 2641 ἀπειλῆς
589 2606 726 2642 ἁπείργων
741 2605 775 2633 τὰ
795 2607 844 2642 τῆς

59 2654 186 2686 γενέσεως
201 2653 324 2688 δόγματα
338 2661 344 2667 ·
368 2650 424 2679 οἷον
443 2652 472 2678 τὸ
488 2652 625 2688 ἀδικῆσαι,
641 2652 844 2688 μοιχεύσασοαι,

61 2699 160 2733 κλέψαι,
175 2699 373 2735 φαρμακεῦσαι
384 2708 390 2713 ·
403 2699 523 2724 ἐναντίον
535 2698 588 2734 ἄρα
600 2699 614 2724 ὁ
630 2699 710 2734 νὸμος
724 2699 842 2733 γενέσει.

63 2744 124 2772 Ὅσα
144 2746 194 2781 μὲν
208 2745 265 2782 γὰρ
283 2746 394 2780 γένεσις
413 2744 506 2779 ὥρισε,
523 2744 607 2771 ταῦτα
627 2745 707 2780 νόμος
728 2745 843 2771 κωλύει·

94 2814 143 2850 (52)
158 2814 193 2842 EI
205 2823 244 2840 τι.
258 2814 299 2850 ita
311 2812 399 2850 code:
410 2811 510 2850 Mazar.
525 2816 551 2838 et
562 2812 686 2840 Allatius.
699 2811 841 2840 Possinius

63 2848 168 2884 vero,“
183 2859 238 2878 ms.
258 2849 338 2879 Vat.,
356 2848 370 2874 ὃ
386 2855 421 2874 τι.
433 2848 577 2874 COIBEFIS.

207 2899 359 2929 Ρλσιιιιοιι.
376 2895 434 2927 Gn.
453 2895 566 2927 XVIII.

937 2423 1068 2460 Ner/uitiis
1089 2426 1139 2452 sibi
1156 2426 1254 2452 damna
1275 2426 1330 2452 suis
1346 2430 1503 2460 mortemque
1518 2430 1645 2455 creantes.

936 2513 963 2542 Si
985 2515 1121 2542 hominem
1145 2515 1299 2542 interﬁcere
1322 2519 1349 2542 et
1370 2521 1443 2541 caece
1460 2522 1557 2542 manus
1582 2522 1681 2542 cruen-

897 2564 965 2593 tare,
985 2562 1083 2589 natalis
1101 2561 1219 2590 fatalitas
1234 2562 1335 2597 adigit;
1349 2561 1419 2588 idem
1433 2564 1524 2588 autem
1541 2561 1584 2587 lex
1595 2564 1679 2591 vetat,

897 2607 1002 2635 sicariis
1017 2607 1149 2641 supplicia
1165 2608 1326 2637 decernens.
1340 2607 1476 2641 minisque
1487 2606 1615 2641 gravibus
1630 2605 1678 2632 de-

899 2657 1005 2681 terrcns
1016 2654 1050 2680 ab
1067 2653 1101 2680 iis
1115 2661 1174 2688 qua:
1194 2654 1293 2680 natalis
1320 2653 1439 2681 fatalitas
1458 2653 1591 2687 iniungit;
1614 2655 1679 2686 puta

898 2699 931 2726 ab
945 2699 1043 2734 injuria
1063 2699 1212 2730 inferenda.
1235 2699 1269 2725 ab
1290 2699 1435 2730 adulterio,
1460 2706 1475 2725 a
1493 2698 1578 2730 furto,
1600 2704 1615 2724 a
1635 2704 1680 2724 ve-

900 2745 1004 2772 neliciis
1027 2754 1032 2771 :
1052 2745 1188 2772 contraria
1214 2752 1277 2779 ergo
1302 2745 1400 2772 natalis
1429 2744 1547 2772 fatalitas
1572 2747 1598 2772 et
1623 2743 1680 2773 lex.

930 2811 986 2847 (55)
1004 2810 1130 2846 Σφῇσιν.
1154 2811 1258 2837 ὐδυσσ.
1274 2807 1308 2842 Α,
1326 2807 1351 2836 7.
