1919 3075
133 89 206 117 1369
853 89 884 116 ΙΝ
905 89 921 116 ll

978 89 1036 115 AM.
1697 91 1766 120 4370

134 158 192 182 νοις
207 149 475 186 ἄγνοιαν”προσάγῃς
485 157 492 163 ·
517 149 627 185 ᾔδεισαν
643 149 697 184 γὰρ
714 150 748 177 τὰ
767 150 921 185 οἰκονομού-

978 150 1022 177 sed
1035 141 1064 177 ἲο
1080 146 1222 177 erudiendi
1242 152 1329 186 gratia
1347 158 1378 178 ac
1396 150 1513 178 docendi
1536 150 1594 178 base
1607 150 1678 178 dicta
1690 156 1765 184 sunt,

133 203 207 230 μενα
232 195 285 222 ὑπὸ
301 194 347 222 τοῦ
365 195 500 230 Σωτῆρος,
519 195 565 228 ἀφ’
584 193 614 221 οὗ
640 196 680 227 εἰς
704 195 805 230 κόσμον
830 195 921 231 ἐπιδη-

978 201 1004 223 ut
1018 196 1111 224 discas
1126 195 1238 230 angelos
1251 203 1360 231 quoque
1373 196 1406 223 de
1422 197 1512 224 salute
1527 201 1621 224 nostra
1637 197 1764 232 gaudere,

133 242 227 276 μήσας
242 240 332 276 σάρκα
348 240 505 276 ἀνειλήφειι
529 240 597 267 ἀλλὰ
611 240 660 276 τὴν
673 239 742 268 εἶναι
762 241 921 276 ὀμμάτωσιν

978 249 1005 269 ac
1022 241 1137 269 Domino
1158 242 1354 277 congratulari,
1368 246 1395 270 et
1408 243 1502 270 mirari
1520 243 1594 278 quod
1610 242 1683 271 Deus
1705 251 1766 279 pm—

132 286 182 312 καὶ
195 285 369 312 διδασκαλίαν
385 285 416 312 τὸ
430 286 555 321 πρᾶγμα,
573 286 616 312 ἵνα
639 286 739 322 μάθῃς,
753 287 793 313 ὅτι
809 287 856 312 καὶ
871 286 921 320 ἀγ-

978 295 1025 316 nas
1044 287 1165 323 peccatis
1180 287 1285 315 nostris
1300 287 1407 316 debitas
1419 308 1426 320 ,
1443 289 1476 315 ad
1494 288 1580 316 salute
1595 296 1646 316 nos
1671 294 1697 320 et
1714 289 1766 316 im-

131 332 208 366 γελοι
235 332 360 368 χαίρουσι
388 331 434 358 ἐπὶ
464 331 602 368 σωτηρίᾳ,
627 333 674 359 καὶ
700 332 859 369 γεραίρουσι
879 332 921 358 τὸν

980 333 1138 361 nortalitate
1176 333 1330 366 donaudos,
1361 341 1411 368 pro
1426 335 1505 362 nobis
1517 335 1610 362 subire
1625 334 1750 362 voluerit.

130 378 285 413 Δεσπότην,
307 377 354 404 καὶ
374 377 569 413 θαυμάζουσιν,
591 378 632 405 ὅτι
645 379 659 404 ὁ
673 378 738 410 Θεὸς
754 378 881 413 ἠνέσχετο
899 378 929 404 τὸ
947 379 1168 414 χρεωστούμενον
1194 378 1350 415 ἀνθρώποις
1376 381 1420 407 διὰ
1455 380 1504 413 τὰς
1529 381 1619 408 αὐτῶν
1644 389 1765 417 παρανο-

133 423 201 457 μίας
218 422 344 450 ὑπελθεῖν
360 423 428 458 ὑπὲρ
444 423 544 455 αὐτῶν,
561 424 585 450 ἵν
611 424 704 455 αὺτοῖς
719 423 858 458 σωτηρίαν
881 424 1037 460 χαρίσηται,
1055 425 1207 452 ἀθανασίαν
1222 426 1313 457 αὐτοῖς
1327 426 1519 462 χαρισάμενος.

169 470 255 496 Πάλιν
277 469 394 496 ἐνταῦθα
414 469 445 496 τὸ
470 470 572 504 ἄφατον
595 470 643 506 τῆς
669 470 716 496 τοῦ
740 469 807 496 Θεοῦ
830 470 924 504 φιλαν-

131 515 258 551 θρωπίας
283 516 459 551 σημαίνεταν
479 516 540 543 καθ’
566 516 580 542 ὃ
602 517 738 543 δείκνυται
755 516 835 548 αὐτὸς
858 517 923 551 ἡμῖν

132 561 318 597 παρεσχηκὼς
345 563 392 589 καὶ
419 562 450 589 τὸ
470 560 539 590 εἶναι
563 562 597 589 δι’
621 562 794 597 ἀγαθότητα,
822 562 869 588 καὶ
893 562 923 588 τὺ

131 608 268 634 ἐλεεῖσθαι
293 608 338 634 διὰ
363 608 577 644 φιλανθρωπίας,
603 608 641 640 ὡς
669 609 741 635 ἰδίων
764 609 923 644 ποιημάτων

132 652 374 687 ἀντιποιούμενος·
403 652 451 679 καὶ
477 653 537 688 οὺχί
561 654 625 689 παρ’
642 653 722 680 ἄλλου
748 654 822 689 ἡμᾶς
844 653 922 685 δεξά-

133 707 216 734 μενος
230 699 331 732 ἔλεγεν,
347 708 356 724 ι
373 699 428 734 Οὐχ
452 700 466 726 ὁ
486 699 550 731 λαός
573 699 623 735 μού
649 700 706 727 ἐστι
724 699 806 726 τέκνα
823 708 892 734 pou;
915 710 925 726 ι

131 744 280 778 τουτέστιν,
290 745 359 780 Ἑμὰ
365 745 493 778 ὅντες,εῐς
500 745 582 773 τέκνα
590 754 640 781 μου
648 745 838 781 λογισθήσεσθε
849 745 928 781 ’ἐμοῦ

132 790 184 825 τὴν
194 790 312 817 διάθεσιν
323 790 372 826 τὴν
388 791 425 822 ὠς
439 791 544 823 τέκνοις
554 791 731 827 ὀφειλομένην
747 791 783 826 μὴ
799 790 929 818 ἀθετοῦν-

133 844 192 867 τος,
205 837 228 862 εἰ
242 837 287 863 καὶ
303 837 380 871 ὑμεῖς
395 836 552 872 ἀγνώμονες
566 837 630 872 περὶ
645 837 690 863 τὸν
707 836 810 864 ἑαυτῶν
823 837 928 872 πατέρα

133 883 293 918 γεγένησθε.
302 883 394 910 Ταῦτα
406 883 542 919 δὲῆρμοζε
552 884 614 918 παρ’
629 883 716 910 αὐτῶν
724 883 849 918 λέγεσθαι
861 884 928 919 πρὸς

132 929 180 955 τὸν
188 929 264 960 Θεὸν,
273 928 464 956 οἱκειωθέντων
479 930 517 961 εἰς
531 929 577 956 τὸν
587 929 641 956 τῶν
651 928 752 956 τέκνων
769 929 928 962 κατάλογον.

1011 472 1095 500 Vsus.
1105 472 1130 499 8.
1143 472 1302 500 Rursushic
1312 472 1521 507 declaratquam
1533 473 1722 500 inenarrabilis
1729 473 1764 500 sit

976 519 1022 547 Dei
1030 519 1196 554 benignitas.
1208 518 1340 545 Memorat
1348 518 1420 546 enim
1430 526 1459 545 se
1469 518 1533 545 olim
1542 519 1625 546 vitam
1633 519 1712 546 nobis
1720 519 1764 546 be-

974 563 1056 597 nigne
1070 567 1097 589 et
1108 562 1171 590 dein
1189 563 1298 590 veniam
1317 562 1533 590 misericorditer
1550 564 1692 596 tribuisse,
1711 572 1762 592 nos

974 609 1052 644 quasi
1064 612 1205 636 creaturas
1220 615 1285 635 suas
1303 607 1354 635 sibi
1365 607 1519 636 vindicans.
1539 607 1594 636 Nec
1605 609 1637 635 ab
1652 610 1704 636 alio
1712 616 1763 637 nos

978 654 1116 688 accepisse
1135 653 1317 681 contendebat
1335 662 1362 680 ιι
1375 653 1471 682 Nonne
1489 655 1606 689 populus
1623 663 1698 682 meus
1715 655 1761 682 filii

977 700 1058 727 mei?»
1075 699 1132 727 lloc
1142 699 1249 732 est,Mei
1259 707 1322 726 cum
1333 700 1457 734 sitis,pro
1467 700 1529 728 ﬁliis
1538 701 1715 734 babebimini;
1726 699 1765 727 af-

977 746 1050 774 fectu
1064 753 1113 774 vos
1128 746 1302 781 complectar,
1315 754 1370 781 quo
1387 747 1434 774 ﬁlii
1450 747 1579 782 diligendi
1594 753 1667 780 sunt,
1683 748 1762 775 dum-

977 793 1058 820 modo
1065 800 1114 821 vos
1127 793 1154 820 iu
1167 796 1272 828 patrem
1287 797 1406 820 vestrum
1419 797 1512 828 gratos
1519 794 1682 822 exhibeatis.
1699 795 1764 827 Qua:

977 843 1068 866 autem
1080 839 1114 866 ab
1123 839 1163 866 eis
1172 839 1227 866 Deo
1237 839 1351 866 dicenda
1360 839 1569 871 craut,iiliorum
1582 840 1609 868 iu
1620 848 1763 868 numerum

980 886 1108 920 receptis.

171 985 255 1011 Πάλιν
265 986 278 1011 ὁ
296 986 438 1020 προφήτης
452 985 501 1020 τῆς
515 985 632 1020 σχέσεως
655 985 705 1020 τῆς
721 985 789 1021 πρὸς
805 985 851 1013 τὸν
861 985 921 1012 λαὸν

1012 975 1096 1003 Vens.
1113 976 1156 1004 Η.
1174 976 1282 1004 Rursus
1301 975 1476 1003 commendat
1501 975 1634 1010 propheta
1650 975 1762 1004 affectus

132 1029 183 1056 τοῦ
202 1030 269 1057 Θεοῦ
284 1030 432 1066 γενομένης
446 1031 659 1067 ὑπομιμνήσκει,
677 1031 853 1066 μνημονεύων
867 1031 921 1058 τῶν

133 1076 167 1108 ἐξ
182 1076 279 1112 ἀρχῆς,
302 1076 348 1103 καί¹
367 1076 461 1112 ὥσπερ
478 1076 576 1111 ῦποψιν
600 1077 690 1109 αὐτοῖς
705 1077 766 1111 ἄγει
786 1076 825 1112 τῷ
840 1076 921 1112 λόγῳ,

133 1122 170 1148 τὰ
186 1123 226 1154 εἰς
242 1122 304 1154 τοῦς
318 1122 488 1157 πατριάρχας
503 1122 648 1157 γενόμενα.

178 1179 337 1205 Ἐνταῦθαὸ
361 1179 503 1214 προφήτης
522 1179 562 1210 εἰς
586 1178 634 1214 τὴν
658 1178 741 1214 εὐχὴν
763 1178 922 1214 μετατίθησι

133 1225 181 1251 τὸν
201 1225 289 1259 λόγον,
305 1224 351 1251 καὶ
375 1225 423 1251 ἀπ’
442 1224 556 1260 οὐρανοῦ
579 1225 721 1261 γνωρίζειν
739 1224 805 1250 Θεὸν
829 1223 919 1256 ἀξιοῖ·

134 1273 184 1307 οὐχ
199 1272 236 1303 ὡς
251 1271 298 1298 τοῦ
313 1271 379 1298 Θεοῦ
393 1273 421 1299 ἐν
436 1272 561 1307 οὐρανοῖς
571 1271 790 1306 ἀποκλειομένου,
810 1271 857 1297 καὶ
870 1270 922 1301 ἕως

134 1319 187 1353 γῆς
205 1317 303 1352 φθάσαι
320 1317 357 1353 μὴ
376 1317 537 1353 δυναμένοιο⁹
553 1317 609 1343 ἀλλ’
625 1317 662 1348 ὠς
685 1317 836 1352 ἐγείροντος
856 1325 922 1351 φρο.

134 1364 245 1398 νήματα
261 1363 505 1395 καταπεπτωκότα,
520 1363 567 1389 καὶ
581 1362 620 1394 εἰς
643 1362 695 1397 γῆν
714 1362 832 1396 ἓρποντα
845 1382 852 1393 ,
877 1362 920 1388 ἁν-

135 1409 247 1444 άγοντος
255 1411 293 1442 εἰς
302 1409 441 1444 οὐρανοὺς,
451 1409 498 1435 καὶ
511 1408 712 1440 ὲκδιδάσκοντος
724 1408 806 1443 μηδὲν
817 1408 920 1443 γήϊνον,

137 1454 219 1490 μηδὲν
236 1453 363 1480 ταπεινὸν
381 1455 450 1479 νοεῖν
466 1453 530 1488 περὶ
550 1451 616 1479 Θεοῦ
627 1460 633 1467 ·
650 1452 707 1478 ἁλλ’
722 1451 829 1484 εἰδέναι,
847 1452 884 1483 ὡς
908 1453 922 1478 ὁ

137 1501 224 1535 μέγας
250 1500 323 1531 νοῦς,
347 1500 361 1526 ὁ
385 1500 420 1526 τὰ
447 1499 533 1526 πάντα
558 1498 676 1534 συνέχων
700 1498 746 1525 καὶ
771 1497 920 1533 κυϐερνῶν,

134 1547 218 1574 τᾶλλα
231 1546 338 1578 οἰκείως
354 1545 515 1581 γνωρίζεται
531 1545 577 1571 ἀπ’
594 1544 720 1581 οὐρανοῦ.

173 1592 240 1618 Οὐδὲ
256 1591 311 1626 γὰρ
333 1591 378 1617 τὸν
407 1590 531 1626 Ἀϐραὰμ
550 1591 654 1625 εἴποιμι
680 1589 714 1616 τὰ
737 1588 784 1617 νῦν
805 1589 919 1624 πατέρα,

135 1639 184 1665 οὐκ
196 1638 359 1674 ἀρνούμενος
372 1637 417 1663 τὸν
432 1637 614 1672 πατριάρχην,
632 1636 688 1663 ἀλλ’
713 1636 751 1668 ὠς
768 1636 865 1671 μᾶλλον
882 1635 920 1671 τῷ
934 1648 954 1677 c

134 1684 193 1720 Θεῷ
207 1683 254 1710 τοῦ
271 1683 373 1718 πατρὸς
384 1682 466 1717 ὖνομα
477 1681 652 1718 ἁρμόζοντος.

175 1742 204 1767 ⁷0
228 1740 369 1776 προφήτης
392 1739 479 1765 πάντα
501 1738 547 1765 ent
563 1738 609 1764 τὸν
629 1737 694 1764 Θεὸν
709 1738 848 1774 ἀναφέρει,
869 1738 919 1773 οὐχ

134 1787 173 1818 ὡς
184 1786 229 1813 τοῦ
248 1785 314 1812 Θεοῦ
332 1785 418 1812 αἰτίου
434 1786 497 1820 ἡμῖν
511 1783 652 1819 γινομένου
678 1783 723 1810 τοῦ
740 1783 918 1819 ἁμαρτάνειν,

134 1832 193 1859 ἀλλ’
209 1831 353 1863 ἐνδιδόντος
374 1830 420 1857 καὶ
441 1829 645 1865 συγχωροῦντος
662 1830 753 1856 ἐκεῖνα
777 1829 918 1865 πράττειν,

134 1878 153 1905 ἃ
167 1878 199 1905 ἄν
214 1886 257 1908 τις
274 1876 398 1912 αἱρῆται·
417 1876 454 1908 ὼς
468 1876 516 1911 τὴν
544 1875 592 1910 μὲν
610 1876 698 1902 αἰτίαν
713 1875 784 1910 ἔχειν
801 1875 831 1907 ἐξ
843 1875 919 1910 ἡμῶν

136 1924 183 1949 καὶ
201 1924 264 1958 παρ’
287 1921 376 1958 ήμῶν,
393 1922 442 1958 τήν
464 1921 492 1948 δὲ
515 1922 653 1958 ἀναφορὰν
667 1922 714 1948 ἐπὶ
728 1921 773 1948 τὸν
793 1921 868 1948 Θεόν.
885 1936 921 1941 —-

141 1969 186 2000 Ὠς
207 1968 474 2003 ἐγκαταλειφθέντων
489 1968 590 2001 αὐτῶν,
607 1968 652 1995 καὶ
669 1959 706 2003 μή
722 1967 920 2003 ἁναστελλομέ-

136 2023 189 2041 νων
205 2013 249 2040 διὰ
264 2013 374 2047 πληγῶν
391 2011 443 2038 τῶν
459 2013 621 2040 κωλυουσῶν
637 2013 674 2048 μὴ
689 2012 865 2048 ἁμαρτάνειν.

172 2113 230 2140 Τῶν
252 2113 305 2149 γὰρ
328 2113 478 2148 Ἀσσυρίων
499 2112 673 2147 ἀφελομένων
692 2111 742 2144 τὰς
759 2111 850 2143 πόλεις
872 2111 921 2138 αὺ-

136 2159 190 2186 τῶν
207 2160 254 2185 καὶ
277 2159 483 2195 περικοψάντων
500 2158 548 2190 τὰς
563 2158 692 2190 πλείστας
713 2158 815 2190 πόλεις,
833 2158 924 2185 ἀντοι-

138 2207 279 2240 κησάντων
293 2205 321 2232 δὲ
335 2206 397 2237 τοὺς
409 2205 562 2236 Γοτθαίους,
574 2205 599 2231 οἳ
613 2205 659 2231 καὶ
676 2205 844 2240 Σαμαρεῖται
860 2205 925 2231 ἐκα-

137 2252 240 2284 λοῦντο,
257 2253 289 2278 ὲκ
313 2251 359 2277 τοῦ
381 2251 463 2277 τόπου
477 2251 525 2286 τὴν
543 2250 735 2287 προσωνυμίαν
756 2250 923 2286 εἰληφότων·

139 2298 219 2332 μόνον
241 2297 269 2323 δὲ
295 2296 341 2322 δύο
367 2296 452 2331 ἥμισυ
481 2296 572 2330 φυλῶν
596 2296 821 2333 περιλειφθεισῶν
843 2295 924 2330 μέρος

137 2342 304 2377 κατεχόντων
332 2343 436 2377 μικρὸν,
462 2343 475 2368 ὁ
501 2342 643 2378 προφήτης
667 2342 753 2377 ἠξίου,
781 2342 851 2368 ὥστε
878 2343 924 2368 καὶ

136 2388 214 2415 τοῦτο
227 2387 241 2414 ὃ
255 2387 362 2414 ἐδόκουν
379 2388 504 2423 κατέχειν
519 2387 726 2423 περιλειφθῆναι
745 2387 836 2418 αὑτοῖς
858 2387 925 2423 πρὸς

139 2435 249 2470 μνήμην
265 2434 312 2468 τῆς
327 2434 356 2465 ἐξ
368 2434 454 2468 ἀρχῆς
470 2441 516 2460 σου
531 2434 571 2464 εἰς
584 2433 614 2459 τὸ
626 2433 703 2467 γένος
718 2433 867 2469 γενομένης
881 2433 926 2459 εὐ-

139 2480 264 2514 μενείας⁵
285 2479 321 2514 μή
344 2488 380 2513 πη
399 2479 446 2504 καὶ
463 2479 558 2506 τούτου
582 2479 710 2514 ἀρθέντος
727 2479 871 2514 γενοίμεθα
887 2479 924 2510 ὡς

140 2526 176 2561 μὴ
192 2526 254 2558 λαός
272 2534 329 2557 σου,
347 2525 413 2560 μηδὲ
428 2526 644 2561 χρηματίσαντες
662 2526 741 2560 μερίς
761 2534 818 2552 σου.

175 2625 256 2653 Πάλιν
271 2626 409 2661 ἐμφαίνων
429 2626 443 2651 ὁ
460 2627 610 2661 προφήτης,
628 2626 665 2658 ὡς
685 2627 715 2652 οὐ
735 2627 769 2660 δι’
784 2626 924 2653 ἀσθένειαν

138 2671 184 2697 τοῦ
200 2672 267 2698 Θεοῦ
286 2669 357 2699 οὗτοι
373 2672 620 2706 ἐγκατελείφθησαν
635 2672 745 2698 τοιαῦτα
760 2672 922 2706 ὑποστῆναι,

139 2717 214 2752 παρὰ
230 2718 279 2752 τὴν
298 2719 387 2745 αὐτῶν
413 2717 563 2754 μοχθηρίαν
579 2718 754 2753 ἁμαρτόντων
770 2718 817 2744 καὶ
834 2727 922 2753 παρα-

139 2763 294 2798 ϐεϐηκότων
311 2765 361 2795 τὰς
375 2764 494 2795 ἐντολὰς,
511 2763 646 2799 ἐξηγεῖται
661 2765 710 2798 τὴν
728 2764 924 2799 μεγαλειότητα

139 2808 182 2834 τοῦ
214 2809 297 2843 Θεοῦ,
324 2809 361 2841 ὡς
388 2811 434 2836 καὶ
466 2809 626 2845 βουλομένου
651 2809 733 2837 αὑτοῦ
762 2811 785 2835 οἱ
815 2810 923 2846 οὐρανοὶ

973 1021 1082 1050 Domini
1101 1023 1129 1050 iu
1146 1023 1276 1057 populum
1292 1023 1434 1058 probatos,
1456 1029 1500 1049 res
1517 1021 1671 1056 praeteritas
1703 1029 1761 1048 me-

973 1076 1099 1101 morans,
1112 1074 1138 1096 et
1152 1068 1232 1096 ﬁdem
1256 1073 1285 1096 ut
1302 1069 1355 1096 sibi
1384 1068 1489 1102 faciat,
1517 1068 1596 1102 signa
1612 1066 1696 1094 refert
1713 1074 1762 1102 pa-

973 1115 1159 1141 triarcharum
1178 1114 1266 1150 gratia
1280 1114 1364 1142 edita.

1006 1170 1137 1199 VsasJS.
1153 1170 1202 1198 llic
1218 1171 1347 1206 propheta
1357 1171 1390 1198 ad
1403 1178 1497 1206 preces
1506 1169 1667 1204 confugit.et
1677 1168 1761 1196 Deum

972 1221 1032 1244 orat
1041 1221 1069 1243 ut
1083 1216 1116 1244 de
1131 1217 1201 1244 ctelo
1217 1217 1375 1252 prospiciat.
1387 1216 1445 1244 Non
1460 1216 1584 1252 profecto
1598 1216 1675 1251 quasi
1691 1215 1763 1242 Deus

972 1264 1000 1290 in
1034 1263 1111 1290 cmlis
1142 1263 1341 1294 includeretur,
1361 1267 1388 1290 et
1417 1267 1518 1290 terram
1551 1269 1685 1296 occupare
1703 1268 1760 1287 non

972 1313 1075 1343 p0sset,
1092 1307 1140 1335 sed
1159 1314 1189 1335 ut
1206 1308 1343 1336 demissas
1370 1313 1476 1335 mentes
1503 1308 1647 1340 relevaret.
1677 1311 1703 1334 et
1727 1306 1761 1333 ad

972 1358 1075 1381 terram
1089 1354 1233 1389 depressas
1247 1354 1281 1381 ad
1308 1355 1431 1382 crelestia
1449 1354 1575 1388 erigeret,
1592 1361 1624 1380 ac
1651 1353 1762 1380 doceret

972 1407 1020 1427 eos
1034 1400 1071 1426 nil
1088 1399 1201 1431 humile,
1223 1400 1262 1426 nil
1278 1400 1418 1436 indignum
1433 1400 1466 1427 de
1486 1400 1540 1428 Deo
1562 1407 1623 1427 esse
1642 1399 1762 1426 sentien-

972 1444 1048 1477 dum,
1066 1445 1222 1472 habendum
1240 1453 1304 1472 vero
1320 1454 1376 1480 ιιι-ω
1401 1445 1509 1477 oculis,
1536 1445 1608 1480 quod
1627 1448 1761 1480 praestans

972 1489 1017 1516 illa
1030 1497 1107 1517 meus
1118 1498 1177 1525 quze
1189 1494 1288 1517 cuncta
1307 1490 1427 1518 continet
1444 1494 1470 1517 et
1492 1491 1572 1524 regit,
1588 1489 1678 1516 omnia
1693 1496 1761 1524 quo-

972 1544 1024 1572 que
1040 1545 1094 1563 uno
1110 1537 1209 1564 intuitu
1223 1537 1256 1564 de
1272 1538 1341 1564 cazlo
1354 1537 1510 1572 perspiciat.

1006 1582 1089 1610 Vens.
1105 1582 1148 1610 16.
1176 1583 1315 1610 Abraham
1342 1587 1447 1618 patrem
1468 1590 1544 1610 nunc
1570 1590 1625 1610 non
1643 1582 1758 1609 vocabo.

973 1637 1027 1656 non
1051 1628 1124 1664 quod
1142 1629 1327 1664 patriarcham
1356 1637 1464 1665 negem,
1486 1629 1533 1657 sed
1555 1628 1629 1664 quod
1661 1636 1760 1656 nomen

971 1674 1060 1702 Patris
1076 1676 1178 1703 rectius
1190 1675 1243 1703 Deo
1257 1675 1399 1703 convenit.

1003 1732 1087 1761 Vens.
1102 1733 1146 1760 l7.
1171 1733 1276 1760 Guncta
1296 1733 1330 1759 ad
1358 1732 1502 1759 Dominum
1527 1731 1662 1761 referente
1692 1739 1760 1767 pro-

969 1777 1061 1813 pheta,
1081 1787 1115 1805 ne
1132 1783 1211 1813 putes
1226 1778 1308 1805 Deum
1321 1778 1402 1805 nobis
1423 1782 1564 1805 auctorem
1585 1783 1759 1812 peccatorum

970 1832 1032 1852 esse
1046 1834 1053 1858 ;
1080 1824 1238 1851 facultatem
1254 1828 1359 1851 tantum
1379 1823 1513 1859 permittit
1532 1829 1558 1851 et
1575 1824 1701 1851 concedit
1716 1823 1755 1850 fa-

970 1870 1072 1903 ciendi,
1090 1878 1150 1905 qua:
1173 1870 1271 1905 cuique
1291 1870 1422 1897 libuerint
1439 1878 1446 1895 :
1463 1877 1546 1897 causa
1583 1869 1668 1905 igitur
1696 1877 1760 1904 pec-

971 1916 1024 1942 cati
1040 1916 1068 1942 in
1084 1916 1164 1944 nobis
1180 1920 1206 1943 et
1221 1924 1236 1942 a
1251 1917 1340 1948 nobis.
1356 1916 1390 1943 ad
1406 1915 1490 1943 Deum
1507 1919 1597 1943 autem
1613 1915 1755 1942 referenda

971 1962 1102 1996 peccandi
1145 1962 1271 1990 facultas.
1288 1977 1324 1982 ——-
1350 1962 1433 1995 Quasi
1464 1961 1756 1996 comprehenderentur

971 2008 1035 2042 ipsi,
1051 2011 1078 2035 et
1092 2007 1296 2036 calamitatibus
1311 2009 1543 2044 opprimerentur,
1562 2015 1597 2034 ne
1612 2011 1757 2042 peccarcnt

973 2052 1199 2088 impedientibus.

1008 2107 1091 2136 Vens.
1116 2108 1158 2136 l9.
1189 2109 1311 2145 Assyriis
1333 2109 1440 2137 scilicet
1453 2109 1535 2137 urbes
1555 2113 1665 2136 nostras
1690 2108 1753 2135 diri-

975 2153 1111 2188 pientibus
1126 2176 1133 2187 ,
1157 2157 1183 2181 et
1207 2154 1354 2190 plerasque
1375 2163 1469 2183 earum
1486 2155 1671 2182 evertentibus
1684 2174 1691 2185 ,
1709 2162 1758 2181 au-

974 2198 1179 2234 ferentibusque
1197 2199 1231 2227 de
1245 2200 1334 2234 patria
1353 2200 1491 2232 Gotbaeos,
1516 2200 1562 2234 qui
1579 2203 1606 2227 et
1635 2199 1759 2226 Samari-

975 2245 1030 2271 taui
1056 2249 1199 2276 vocantur,
1222 2245 1283 2273 loci-
1305 2246 1415 2273 nomine
1429 2246 1577 2281 appellati;
1594 2253 1626 2273 ac
1652 2246 1760 2273 duabus

977 2294 1081 2317 tantum
1108 2291 1233 2319 tribubus
1260 2291 1288 2318 in
1305 2291 1404 2327 angulo
1428 2291 1643 2324 remanentibus,
1671 2293 1754 2320 sentit

941 2328 962 2354 D
977 2336 1108 2371 propheta
1126 2344 1237 2371 parvam
1254 2337 1333 2364 istam
1363 2341 1466 2372 partem
1481 2356 1488 2369 ,
1520 2344 1601 2371 quam
1618 2336 1760 2371 possidere

973 2383 1150 2414 videbantur.
1171 2383 1205 2411 iis
1221 2391 1274 2410 non
1295 2383 1349 2410 nisi
1373 2391 1404 2411 ea
1420 2383 1454 2410 de
1483 2390 1567 2411 causa
1590 2382 1676 2411 fuisse
1692 2383 1757 2410 reli-

974 2432 1055 2460 ctam.
1077 2434 1106 2456 ut
1126 2429 1286 2457 memoriam
1305 2429 1482 2464 benignitatis
1501 2433 1664 2462 servarent,
1690 2429 1756 2456 olim

974 2482 988 2500 a
1008 2474 1062 2502 Deo
1080 2476 1204 2510 patribus
1219 2475 1421 2509 comprobatae;
1450 2483 1485 2502 ne
1501 2475 1524 2503 si
1540 2475 1593 2502 ista
1609 2476 1690 2503 etiam
1710 2482 1759 2501 au-

974 2519 1090 2547 ferretur
1105 2528 1119 2547 a
1135 2521 1225 2552 nobis,
1241 2520 1319 2554 quasi
1335 2521 1452 2555 populus
1467 2521 1517 2548 tibi
1531 2521 1647 2555 alienus,
1657 2525 1684 2548 et
1698 2528 1759 2548 mu-

978 2573 1074 2592 nerum
1099 2569 1207 2594 tuorum
1223 2573 1322 2600 expers
1340 2565 1476 2593 ﬁeremus.

1013 2621 1076 2649 Cap.
1097 2622 1190 2655 LXIV,
1207 2622 1290 2651 Vens.
1304 2623 1328 2649 l.
1346 2622 1451 2649 Rursus
1468 2622 1610 2650 declarans
1629 2622 1759 2657 propheta

977 2676 1030 2695 nou
1057 2674 1169 2704 propter
1195 2669 1409 2696 imbecillitatem
1428 2668 1473 2695 Dei
1500 2668 1573 2703 ipsos
1604 2667 1690 2696 fuisse
1710 2676 1758 2702 op-

978 2722 1098 2749 pressos,
1120 2715 1167 2742 sed
1186 2720 1298 2750 propter
1315 2715 1465 2750 nequitiam
1488 2715 1659 2749 peccantium
1676 2718 1703 2742 et
1718 2714 1757 2740 le-

977 2768 1023 2796 ges
1039 2761 1146 2788 divinas
1171 2762 1341 2794 violanlium,
1367 2762 1447 2789 effert
1461 2760 1660 2795 Lsublimitatem
1685 2759 1730 2787 Dei
1750 2769 1756 2792 ;

978 2809 1078 2844 quippe
1091 2807 1136 2843 qui
1153 2811 1245 2836 tantus
1262 2812 1314 2842 est,
1332 2812 1371 2842 ut,
1389 2809 1449 2843 ipso
1463 2807 1584 2840 iubente,
1597 2807 1687 2835 malum
1702 2814 1756 2834 ανθ-
