1919 3075
182 106 250 136 1571

779 107 953 135 THEODOBI
971 107 1230 135 HEBACLEENSIS

1737 105 1808 133 1372

183 165 271 194 fiatut-
287 170 312 193 et
327 169 426 192 cuncta
442 169 470 191 ut
484 173 543 191 cera
561 165 717 200 liquescant.
735 163 883 192 Hic.Deum
903 172 965 192 cum

1026 164 1246 200 ὶνεῳχθησονται,
1266 165 1312 191 καὶ
1331 163 1364 190 τὰ
1380 164 1545 199 ὑποκείμενα
1565 165 1644 200 δίκην
1659 163 1747 198 κηροῦ
1763 172 1809 189 τα-

183 212 246 239 aliis
259 210 413 242 conferens,
437 210 484 244 qui
499 209 537 237 dii
558 213 700 242 vocantur,
713 218 775 236 eum
788 210 876 237 oculis
889 211 964 237 cerni

183 262 274 293 negat,
298 263 345 285 aut
361 257 474 284 auribus
487 257 574 284 audiri
588 266 596 290 ;
611 257 658 284 sed
675 257 721 292 qui
735 257 762 283 in
776 257 867 284 omnia
881 257 965 292 impe-

183 304 254 330 rium
270 307 394 331 exerceat
408 322 416 335 ,
434 303 508 330 solus
521 307 563 330 est
581 311 630 330 nec
643 307 685 330 est
696 303 765 330 alius
778 303 825 338 qui
844 310 905 331 eum
920 311 966 330 su-

183 356 280 385 perare
295 349 393 376 valeat.

222 435 303 463 Vens.
319 436 345 463 5.
372 435 436 469 Quae
451 436 537 463 hocce
556 435 637 463 modo
655 436 829 470 intelligenda
853 444 860 463 τ
879 437 967 464 bonus

183 482 316 518 Magister
340 490 401 509 cum
422 489 534 516 pravum
554 482 680 509 habuerit
695 482 871 516 discipulum,
887 490 966 517 quem

185 537 200 556 a
217 527 339 562 nequitia
361 534 492 555 revocare
520 527 637 554 voluerit
651 547 657 558 ,
683 526 836 554 hortabitur
861 534 923 554 eum
942 531 968 554 ut

185 575 281 602 melior
306 574 370 606 ﬁat;
393 574 465 608 quod
493 574 516 600 si
542 577 631 601 autem
656 573 700 601 hic
715 574 834 601 deterior
858 575 887 600 in
911 573 970 602 dies

185 621 301 652 evadat,
328 620 426 647 nedum
452 627 466 646 a
496 619 567 646 malo
591 619 746 651 abstineat,
772 623 836 646 tunc
855 618 969 654 depellet

185 674 247 694 eum
263 665 391 700 Magister
403 670 428 692 et
443 665 601 692 derelictum
617 665 742 700 pluribus
755 665 836 693 etiam
851 666 969 701 peccatu;

186 712 284 739 tradet.
302 712 340 738 ita
353 711 386 738 de
402 711 480 738 nobis
500 711 601 738 factum
618 716 671 739 est.
683 711 750 738 Cum
766 719 781 738 a
804 712 894 746 pravis
911 720 969 739 mo-

186 757 264 784 ribus
286 757 369 784 averti
389 756 575 787 uoluerimus,
595 760 624 783 tu
650 756 736 783 iratus
751 764 792 789 es,
807 761 833 783 et
848 764 898 784 nos
918 764 968 791 ope

186 811 233 831 tua
269 804 392 832 destituti
406 824 413 836 ,
430 804 551 831 omnium
565 803 693 831 vitiorum
708 804 768 831 labe
787 804 932 831 trahimur.

1019 210 1156 245 κήσονται.
1177 211 1235 237 Κάν
1249 210 1336 245 τούτῳ
1353 209 1438 244 δηλῶν
1460 211 1474 235 ὁ
1490 210 1640 245 προφήτης,
1664 208 1726 235 οὔτε
1749 209 1807 242 ὄψει

1019 256 1205 282 ὑποϐάλλεσθα
1216 256 1296 283 αὐτὸν
1312 256 1420 290 τάσκει,
1438 256 1499 282 οὔτε
1515 257 1579 283 ὠσὶν
1596 255 1724 287 ἀκοῦσαι,
1746 256 1808 288 σύγ-

1019 310 1108 338 κρισιν
1114 302 1196 328 αὑτοῦ
1207 303 1273 338 πρὸς
1283 302 1377 333 ἄλλους
1390 302 1551 337 λεγομένους
1559 302 1637 334 θεοὺς
1648 301 1790 336 γεγονέναι
1799 311 1805 316 ·

1019 348 1087 374 ἀλλὰ
1094 347 1164 375 κατὰ
1175 348 1282 374 πάντων
1290 347 1358 382 ἔχων
1368 347 1399 373 τὸ
1409 347 1502 382 κῦρος,
1521 347 1600 382 μόνος
1610 347 1668 372 ἐστὶ
1676 346 1807 378 τοιοῦτος,

1019 393 1100 420 ἄλλου
1116 393 1184 429 πρὸς
1206 393 1286 419 αὐτὸν
1305 392 1526 428 παραϐάλλεσθαι
1544 392 1580 427 μὴ
1601 391 1765 426 δυναμένου.

1056 438 1180 465 Τοιοῦτόν
1195 447 1255 464 τινα
1271 438 1332 465 νοῦν
1348 437 1403 472 ἔχει
1414 445 1421 452 ·
1443 437 1497 468 Ὧς,
1514 437 1552 463 ὅτ’
1573 436 1605 463 ἂν
1620 436 1781 467 διδάσκαλος
1795 437 1808 462 ὁ

1020 485 1121 519 ἀγαθὸς
1143 484 1199 519 ἔχοι
1224 484 1340 520 πονηρὸν
1369 483 1508 519 μαθητὴν,
1535 483 1575 514 εἰ,
1607 481 1807 518 μεταϐαλέσθαι

1021 530 1102 557 αὑτὸν
1118 529 1279 565 βουλόμενος
1291 529 1344 556 ἀπο
1362 529 1411 564 τῆς
1426 529 1559 564 πονηρίας
1577 528 1671 559 αὑτοῦ,
1689 528 1810 555 νουθετεῖ

1022 577 1102 603 αὑτὸν
1125 576 1266 612 κρείττονα
1284 575 1380 602 ἑαυτοῦ
1404 575 1549 609 γενέσθαι·
1578 576 1592 601 ὁ
1616 575 1644 601 δὲ
1664 574 1703 609 μὴ
1732 574 1808 608 μόνον

1022 622 1216 649 ἀπαλλάττοιτο
1236 621 1291 649 τῶν
1316 621 1419 653 κακῶν,
1441 621 1509 648 ἀλλά
1526 621 1573 647 καὶ
1596 620 1758 655 προσθήκην
1782 620 1809 645 ἐν

1022 669 1138 704 πονηρίᾳ
1165 667 1287 700 δέξαιτο·
1318 667 1462 694 ἀκόλουθον
1489 666 1700 702 ἀποστραφῆναι
1731 665 1809 691 αὐτὸν

1021 713 1065 740 τὸν
1081 713 1250 744 διδάσκαλον,
1262 713 1385 739 κάκεῖνον
1405 712 1652 747 ἐγκαταλειφθέντα
1662 712 1704 742 είς
1720 710 1808 736 πλείο-

1020 768 1067 790 νας
1091 759 1204 790 ἀταξίας
1229 759 1324 785 ἑαυτὸν
1345 758 1485 785 ἐκδοῦναι·
1506 758 1577 784 οὕτω
1600 758 1668 792 φησὶ
1693 757 1741 783 καὶ
1768 757 1808 790 ἐφ’

983 804 1004 830 Β
1018 806 1107 840 ἡμῶν,
1126 806 1163 841 μὴ
1183 805 1354 840 ἀνεχομένων
1371 805 1449 840 ἡμῶν
1471 803 1635 840 μεταθέσθαι
1657 802 1706 830 τοῦ
1726 810 1809 836 πονη-

189 849 235 885 ρηῧ
258 850 336 885 ήμῶν
353 850 462 885 τρόπου,
481 849 562 881 αὐτὸς
585 848 733 885 ὠργίσθης,
759 850 804 876 καὶ
820 851 900 885 ἡμεῖς
924 859 969 877 σου
989 851 1038 886 τῆς
1057 851 1206 882 ἐποπτείας
1240 851 1432 886 ἀποτυχόντες,
1467 850 1538 878 κατὰ
1558 851 1621 877 ὁοῦν
1642 849 1698 877 τῶν
1721 849 1809 883 ἀμαθ-

186 906 219 933 τη
223 898 313 932 μάτων
333 897 430 932 ἠνέχθη
436 905 493 932 μεν.

222 943 304 970 Vens.
321 943 348 970 6.
373 943 410 970 Ea
421 943 530 978 quidem
547 943 652 970 ratione
671 943 798 971 mandata
814 943 971 971 observabi-

186 997 258 1021 mus,
274 989 320 1016 ubi
338 988 445 1023 justitia
458 989 514 1023 jam
530 996 584 1016 non
610 989 757 1016 amicitiam
774 993 895 1016 nostram
908 997 969 1016 cum

186 1034 242 1062 Deo
256 1034 389 1061 defendet.
409 1033 485 1061 Tunc
498 1035 571 1062 enim
592 1034 626 1061 ab
644 1042 677 1061 eo
693 1034 852 1062 deﬁciemus
863 1054 870 1066 ,
892 1035 970 1070 quasi

187 1080 252 1106 folia
280 1079 314 1106 ab
342 1079 485 1106 arboribus
511 1083 538 1106 et
564 1086 578 1105 a
607 1079 693 1114 stirpe
714 1087 764 1108 sua
793 1080 970 1116 decidentiaj;

187 1125 260 1160 quod
274 1125 422 1152 maximum
438 1125 542 1152 crimen
562 1125 590 1152 in
605 1132 656 1153 nos
670 1125 761 1153 habet.

223 1212 306 1241 Vens.
323 1213 347 1240 7.
371 1213 698 1248 Quotiescunque.Deus,
720 1213 763 1240 vel
776 1213 860 1240 multa
881 1213 973 1240 horta-

187 1263 243 1291 tus,
263 1265 318 1286 non
341 1259 441 1293 poterit
465 1257 558 1285 ﬁdeles
579 1265 644 1286 suos
662 1266 679 1286 a
694 1258 813 1293 peccatis
829 1266 968 1290 revocare,

187 1309 253 1331 tunc
267 1305 325 1340 ipse
339 1304 447 1332 tandem
463 1305 606 1337 irascetur,
625 1307 651 1332 et
664 1304 750 1340 ipsius
764 1311 829 1331 cura
846 1304 970 1332 desertos

187 1351 366 1379 derelinouet.

223 1437 288 1464 CAP.
316 1436 396 1468 va,
424 1436 508 1464 Vens.
530 1437 555 1464 ι.
584 1437 625 1464 Ad
650 1436 819 1465 Salvatorem
846 1427 1004 1472 spectantc

187 1481 270 1509 etiam
286 1481 353 1508 haec.
375 1481 479 1517 Quippe
493 1483 540 1517 qui
556 1482 644 1517 patria
668 1482 835 1516 benignitate
858 1482 968 1514 missus,

187 1530 215 1554 et
231 1533 281 1553 sua
311 1526 499 1554 misericordia
528 1531 628 1560 motus,
659 1527 785 1555 omnibus
814 1526 971 1554 hominibus

189 1570 350 1598 manifestus
366 1571 456 1598 factus
471 1575 523 1603 est,
541 1571 698 1599 hominibus
727 1579 788 1599 eum
806 1579 856 1599 nec
870 1579 970 1599 vocan-

189 1618 272 1649 tibus,
289 1625 340 1644 nec
354 1618 568 1645 arcusscntibus.

224 1662 306 1691 Vens.
323 1663 348 1691 5.
368 1663 455 1691 Ultrix
473 1664 578 1691 scilicet
592 1663 642 1691 vis.

223 1709 304 1737 Vens.
322 1710 347 1737 6.
367 1710 480 1743 Quando
495 1711 571 1742 dicit,
592 1710 726 1745 scriptum
750 1713 812 1741 est,
840 1709 970 1744 ignoran-

188 1755 254 1782 tiam
271 1760 392 1782 nostram
408 1756 442 1782 ab
453 1763 485 1783 eo
499 1755 592 1783 doceri
606 1755 713 1782 credas.
727 1754 794 1782 Cum
814 1755 886 1782 enim
902 1755 971 1782 seri-

188 1805 235 1836 pta
245 1801 322 1828 nobis
337 1801 536 1836 praeteritarum
544 1808 635 1829 rerum
651 1800 809 1827 memoriam
824 1799 969 1831 retineant,

188 1851 215 1874 et
226 1847 260 1874 ad
280 1847 510 1875 reminiscentiam
534 1855 584 1875 nos
597 1846 749 1878 deducant,
766 1849 793 1873 et
812 1846 893 1881 quasi
908 1849 971 1873 ante

188 1893 284 1922 Oculos
306 1901 350 1921 res
371 1897 462 1928 gestas
478 1897 629 1928 exponant,
648 1893 742 1920 eodem
759 1892 840 1920 modo
853 1900 903 1919 nos
923 1893 971 1920 do-

188 1943 232 1967 cet
246 1939 327 1967 Deus.
354 1939 460 1967 Cuncta
475 1943 566 1967 autem
583 1938 637 1966 Deo
657 1942 732 1972 nota,
763 1942 791 1966 et
823 1942 969 1973 antequam

188 1986 294 2018 tierent,
308 1986 364 2020 jam
377 1986 451 2012 novit
464 1993 506 2013 ea.

224 2030 307 2058 Vens.
333 2031 360 2057 8.
374 2030 482 2058 Rursus
495 2031 540 2058 hic
552 2029 662 2058 divitias
684 2030 828 2058 charitatis
842 2038 898 2058 suae
915 2037 971 2057 ma-

188 2075 367 2103 nifestissime
383 2076 503 2103 declarat
521 2076 845 2111 singularidocumento;
860 2083 922 2102 nam
941 2080 970 2102 ut
984 2094 1009 2123 Ι)

188 2130 251 2150 cum
278 2123 418 2150 inventum
449 2127 491 2150 est
519 2123 625 2150 acinum
653 2123 681 2150 in
703 2123 783 2151 botro
819 2127 968 2155 maturum,

188 2172 301 2204 propter
321 2169 433 2196 unicum
454 2169 521 2196 illud
536 2177 587 2196 uva
610 2170 668 2204 ipsa
695 2173 829 2201 servatur,
849 2175 875 2197 et
895 2171 969 2197 aesti-

188 2220 278 2242 matur
294 2215 396 2250 magni,
412 2219 438 2242 et
449 2223 463 2242 a
482 2215 590 2242 nemine
602 2216 737 2251 carpitur,
748 2215 784 2242 ita
800 2223 850 2250 ego
863 2223 970 2250 quoque

188 2260 211 2287 si
225 2267 309 2286 unum
323 2260 463 2295 repericro
479 2260 644 2287 servientem
656 2260 734 2291 mihi,
761 2259 890 2287 omnibus
908 2267 970 2294 par-

188 2313 260 2337 cam,
272 2305 350 2340 juxta
366 2314 396 2333 ea
408 2314 468 2341 quae
481 2306 618 2334 Abraham
634 2306 745 2333 fuerunt
760 2305 843 2337 dicta,
861 2306 970 2341 quando

190 2358 287 2386 pmnas
303 2358 318 2378 a
335 2350 454 2378 Sodoma
471 2352 639 2386 repetebam,
660 2356 686 2378 et
698 2351 740 2379 vel
756 2351 902 2386 quinquies
919 2353 971 2380 mi-

190 2395 369 2426 sericordiam
384 2404 473 2424 meam
492 2397 668 2433 comprobavi
681 2407 689 2431 ;
706 2397 776 2425 idem
797 2402 825 2425 et
840 2406 914 2425 nunc
928 2406 970 2426 re-

186 2443 241 2469 fert
260 2442 293 2469 ad
307 2442 478 2470 indicandam
493 2444 687 2478 benignitatem
702 2452 790 2471 suam.

225 2489 307 2517 Vens.
324 2489 367 2516 10.
398 2484 463 2522 Quae
476 2489 559 2524 igitur
571 2490 639 2525 ipsis
656 2491 758 2525 largior
773 2494 885 2526 propter
902 2499 971 2526 pau-

187 2541 234 2560 cos
249 2533 430 2561 inservientes
444 2534 510 2562 mihi
520 2544 527 2565 :
538 2542 587 2563 vos
601 2542 678 2569 vero,
691 2536 737 2570 qui
749 2536 815 2563 mihi
825 2536 971 2563 contradi-

188 2581 250 2608 citis
273 2582 336 2609 vitae
351 2582 429 2609 vobis
447 2582 565 2614 auctori,
584 2582 631 2618 qui
656 2582 825 2611 daemonibus
849 2583 970 2618 indulge-

189 2627 235 2659 tis,
249 2631 276 2655 et
288 2632 380 2656 mente
397 2629 558 2657 carentibus
575 2637 697 2657 mensam
713 2629 816 2664 paratis
837 2636 868 2656 ac
879 2629 970 2664 potio-

188 2681 249 2706 nes,
268 2680 354 2702 morte
365 2675 526 2702 moriemini.
539 2674 605 2703 Jure
618 2679 710 2703 autem
728 2684 776 2704 eos
789 2679 878 2704 morte
896 2676 971 2703 dam-

188 2723 252 2752 nat;
281 2721 380 2755 quippe
402 2722 448 2756 qui
474 2725 536 2756 post
561 2722 727 2756 impietatem
753 2728 780 2750 ct
809 2727 920 2757 peccata
941 2723 968 2750 in

193 2764 288 2797 Deum,
301 2770 442 2793 vocantem
467 2774 520 2794 non
543 2767 697 2800 audierunt,
718 2771 745 2795 et
769 2768 858 2795 locum
881 2768 969 2803 poeni-

189 2808 282 2839 tentiae
309 2811 449 2843 praestanti
476 2819 529 2838 non
548 2816 710 2846 paruerunt,
739 2811 785 2840 sed
810 2813 968 2849 iniquitates

1057 940 1176 967 Τοιαῦτα
1199 940 1276 976 ἡμῶν
1295 940 1370 966 ἔσται
1389 939 1423 965 τὰ
1445 939 1496 973 τῆς
1513 939 1734 974 παρατηρήσεως
1759 941 1809 967 τῶν

1021 985 1145 1018 ἐντολῶν,
1163 985 1281 1012 διάθεσιν
1307 985 1375 1020 πρὸς
1390 984 1456 1011 Θεὸν
1480 984 1517 1020 μὴ
1543 983 1683 1019 σωζούσης
1705 985 1758 1020 τῆς
1772 986 1809 1012 δι-

1021 1031 1182 1066 καιοσύνης·
1210 1032 1227 1066 ἢ
1249 1031 1296 1058 καὶ
1321 1031 1445 1066 ἔκρευσιν
1466 1031 1532 1065 ἡμῖν
1557 1030 1752 1066 προεξένησεν,
1774 1032 1810 1064 ὡς

1022 1076 1131 1110 φύλλοις
1159 1076 1304 1103 πίπτουσιν
1325 1076 1379 1102 ἀπὸ
1393 1075 1446 1102 τῶν
1472 1075 1588 1110 δένδρων
1611 1075 1659 1101 καὶ
1683 1076 1739 1103 ἀπὸ
1765 1078 1811 1112 τῆς

1022 1121 1125 1148 ἑαυτῶν
1140 1122 1233 1157 ῥίζης·
1254 1122 1322 1156 ὅπερ
1336 1121 1385 1156 τὴν
1401 1121 1516 1156 ἐσχάτην
1533 1120 1623 1147 αὐτῶν
1641 1123 1812 1158 κατηγορίαν

1022 1167 1088 1202 ἔχει.

1059 1214 1117 1239 Ὅτ*
1144 1212 1176 1240 ἂν
1196 1212 1251 1249 γὰρ
1276 1213 1341 1244 Θεὺς
1369 1213 1414 1239 ἐπὶ
1444 1212 1508 1239 πολὺ
1527 1212 1661 1239 νουθετῶν
1681 1209 1720 1249 μὴ
1737 1214 1811 1250 σχοίη

1023 1259 1085 1290 τοὺς
1112 1258 1288 1293 πειθομένους
1302 1258 1374 1293 αὐτῷ
1393 1257 1555 1293 μεταθέσθαι
1576 1258 1631 1284 τῶν
1650 1267 1814 1294 παρανομηο

1024 1304 1116 1339 μάτων
1128 1304 1226 1337 αὐτῶν,
1240 1304 1300 1330 τότε
1317 1304 1362 1329 καὶ
1377 1304 1457 1334 αὐτὸς
1471 1303 1561 1330 τέλεον
1574 1304 1719 1339 ὀργισθεὶς
1731 1305 1814 1338 ἐγκα-

1021 1349 1184 1385 ταλιμπάνει
1207 1350 1305 1380 αὐτοὺς
1328 1350 1365 1380 ὡς
1385 1350 1503 1385 ἐρήμους
1524 1350 1623 1381 αὐτοὺς
1647 1350 1813 1385 γενομένους

1021 1396 1069 1431 τῆς
1091 1395 1173 1422 αὑτοῦ
1195 1395 1366 1430 κηδεμονίας.

1062 1440 1225 1476 Ἐκληπτέον
1235 1440 1263 1467 δὲ
1277 1441 1324 1467 καὶ
1335 1441 1375 1472 είς
1386 1440 1500 1476 Σωτῆρα
1516 1440 1612 1471 ταῦτα,
1629 1441 1670 1474 ὃς,
1688 1444 1811 1478 πατρικῇ

1020 1486 1168 1522 ἀγαθότητι
1182 1485 1342 1517 ἀποσταλεὶς
1356 1486 1402 1512 καὶ
1412 1486 1498 1521 οἰκείᾳ
1511 1486 1705 1522 φιλανθρωπίᾳ
1713 1487 1810 1520 ἐλθὼν,

1020 1531 1144 1568 ἐμφανὴς
1156 1533 1237 1559 πᾶσιν
1249 1531 1401 1567 ἀνθρώποις
1421 1531 1530 1566 γέγονεν
1547 1532 1562 1557 ὁ
1578 1532 1687 1568 Σωτὴρ,
1708 1533 1813 1568 ἀνθρώ-

1020 1586 1079 1606 πων
1096 1579 1163 1614 μήτε
1179 1578 1426 1614 πρεσϐευσαμένων
1442 1578 1508 1613 πρὸς
1525 1577 1615 1610 αὑτὸν,
1635 1579 1707 1613 μήτε
1726 1588 1812 1614 παρα-

1020 1623 1203 1651 καλεσάντων.

1062 1667 1093 1694 Ἡ
1112 1667 1286 1703 τιμωρητικὴ
1303 1667 1402 1703 δηλαδὴ
1413 1667 1534 1702 δύναμις.

1055 1713 1093 1740 Τό
1111 1713 1149 1746 δὲ,
1169 1713 1333 1748 γέγραπται,
1349 1713 1465 1745 ἁκούων,
1482 1713 1535 1740 νόει
1549 1713 1585 1744 ὡς
1597 1714 1737 1749 ἡμετέραν
1758 1723 1811 1741 πα-

1022 1759 1184 1796 ραμυθεῖται
1198 1759 1318 1793 ἄγνοιαν.
1342 1759 1450 1795 Ἐπειδὴ
1466 1759 1517 1794 γὰρ
1535 1761 1601 1794 ἡμῖν
1617 1760 1646 1792 ἐξ
1664 1761 1811 1795 ἐγγράφων

1021 1806 1038 1841 ἡ
1054 1807 1147 1841 μνήμη
1163 1806 1350 1840 συγκροτεῖται
1368 1805 1421 1831 τῶν
1434 1805 1620 1842 παρελθόντων
1635 1806 1811 1841 πραγμάτων

1021 1852 1060 1884 εἰς
1079 1852 1231 1887 ὑπόμνησιν
1257 1852 1330 1886 ἡμᾶς
1355 1851 1469 1886 ἄγουσα,
1496 1851 1542 1878 καὶ
1566 1851 1661 1887 ὥσπερ
1688 1853 1811 1886 ὑπ”ὗψιν

1020 1899 1081 1932 ἄγει
1096 1897 1129 1924 τὰ
1153 1897 1321 1932 παρελθόντα
1345 1898 1505 1933 πράγματα,
1525 1897 1610 1928 οὕτως
1637 1897 1809 1924 ἐκδιδάσκει·

1021 1942 1113 1969 Πάντα
1136 1941 1257 1977 ἐγνώσθη
1284 1941 1322 1976 τῷ
1348 1941 1416 1977 Θεῷ,
1444 1942 1491 1969 καὶ
1512 1942 1576 1976 πρὶν
1597 1941 1613 1976 ῆ
1641 1943 1753 1978 γένηται
1777 1943 1812 1969 τὰ

1021 1987 1154 2022 γενόμενα
1171 1988 1324 2015 ἐπίσταται.

1062 2032 1193 2059 Ἐνταῦθα.
1217 2032 1296 2059 πάλιν
1316 2032 1330 2058 ὁ
1353 2031 1466 2064 πλοῦτος
1491 2033 1541 2066 τῆς
1565 2031 1734 2067 ἁγαθὸτητος
1763 2033 1810 2059 τοῦ

1021 2078 1088 2105 Θεοῦ
1122 2077 1300 2113 φανερώτατα
1327 2076 1453 2112 δηλοῦται
1478 2077 1569 2112 οἰκείῳ
1610 2077 1810 2112 ὑποδείγματι·

1024 2125 1129 2160 ’Ὠσπερ
1149 2124 1214 2159 γὰρ,
1233 2124 1270 2150 ὅτ’
1292 2123 1325 2151 ἂν
1345 2123 1443 2159 εὑρεθῇ
1476 2124 1504 2149 ἐν
1525 2123 1564 2158 τῷ
1587 2122 1680 2158 βότρυῖ
1714 2124 1728 2149 ὁ
1755 2122 1811 2158 ρὼξ

1024 2171 1163 2205 πέπειρος,
1186 2170 1219 2195 δι’
1240 2171 1342 2196 ἐκεῖνον
1377 2170 1422 2196 τὸν
1446 2169 1494 2196 ἕνα
1517 2170 1570 2201 πᾶς
1596 2169 1732 2201 σώζεται,
1764 2170 1811 2196 καὶ

1023 2216 1087 2250 περὶ
1112 2214 1211 2241 πολλοῦ
1235 2216 1366 2247 ποιεῖται,
1397 2215 1509 2250 μηδενὸς
1531 2214 1613 2241 αὑτοῦ
1635 2215 1809 2249 ἁπτομένου·

1023 2262 1104 2295 οὕτω,
1116 2262 1192 2297 φησὶ,
1207 2260 1295 2295 κάγὼ,
1314 2261 1372 2293 ἑνὸς
1392 2260 1548 2296 εὑρεθέντος
1564 2260 1735 2291 δουλεύοντος
1755 2270 1809 2295 μοι,

1023 2307 1127 2339 πάντας
1151 2307 1375 2342 περιποιήσομαι,
1391 2305 1462 2331 κατά
1482 2305 1512 2331 τὺ
1527 2305 1566 2340 τῷ
1592 2304 1718 2340 ’Δόραάμ
1737 2305 1812 2331 λελε-

1023 2353 1136 2388 γμένον,
1151 2339 1233 2387 ἡνίκα
1254 2339 1278 2386 ἡ.
1288 2339 1359 2377 κατὰ
1381 2350 1505 2385 Σοδόμων
1527 2339 1586 2386 δίκη
1604 2339 1808 2385 κατεπέμπετο,

1022 2399 1075 2431 ἕως
1088 2399 1168 2425 πέντε
1181 2398 1230 2433 τὴν
1250 2397 1453 2432 φιλανθρωπίαν
1473 2396 1675 2432 ἐνδειξαμένου.
1690 2397 1727 2424 Τὸ
1745 2398 1809 2425 αὐτὸ

1022 2445 1112 2472 τοίνυν
1127 2445 1173 2471 καὶ
1185 2443 1232 2471 νῦν
1246 2443 1343 2478 φάσκει
1359 2443 1418 2469 κατ’
1433 2442 1558 2469 ἐπίτασιν
1575 2442 1757 2478 ὰγαθότητος.

1059 2491 1151 2518 Ταῦτα
1163 2491 1252 2517 τοίνυν
1264 2489 1375 2524 παρέχω
1388 2489 1480 2520 αὐτοῖς
1494 2488 1526 2514 δι’
1543 2488 1652 2522 ὀλίγους
1664 2489 1728 2520 τοὺς
1750 2489 1809 2515 ὅου-

1022 2537 1149 2568 λεύοντάς
1163 2545 1216 2571 μοι.
1233 2537 1327 2571 Ὑμεῖς
1337 2536 1375 2567 δὲ,
1387 2536 1410 2562 οἱ
1418 2534 1650 2569 ἀνταλλαξάμενοι
1665 2536 1726 2567 ἀντὶ
1743 2535 1809 2569 ἐμοῦ

1022 2582 1068 2610 τοῦ
1090 2582 1119 2608 τὸ
1141 2580 1209 2608 εἶναι
1227 2582 1290 2616 ὑμῖν
1312 2580 1529 2616 παρεσχηκότος,
1551 2581 1597 2606 καὶ
1618 2580 1810 2610 δουλεύσαντες

1022 2627 1181 2665 δαιμονίοις,
1195 2627 1241 2654 καὶ¹
1257 2627 1369 2662 ἀψύχοις
1390 2625 1584 2661 παρατιθέντες
1600 2626 1742 2660 τράπεζαν
1765 2627 1811 2652 καὶ

1007 2695 1010 2696 ν
1024 2675 1193 2710 κεράσματα,
1209 2673 1316 2707 θανάτῳ
1332 2671 1521 2699 ὑποπεσεῖσθε.
1536 2671 1657 2698 Θάνατον
1669 2671 1699 2698 δὲ
1720 2671 1810 2698 αὐτῶν

1022 2720 1132 2752 δικαίως
1143 2719 1381 2754 καταψηφίζεται·
1395 2719 1436 2746 ὅτι
1454 2718 1500 2745 καὶ¹
1516 2717 1585 2753 μετὰ
1603 2717 1652 2753 τὴν
1669 2717 1809 2749 ἀσέϐειαν,

1024 2766 1070 2792 καὶ
1093 2765 1123 2792 τὸ
1143 2765 1305 2800 ἐξαμαρτεῖν
1325 2764 1422 2795 αὐτοὺς
1440 2765 1480 2795 εἰς
1506 2764 1551 2790 τὸν
1577 2763 1644 2790 Θεὸν
1657 2784 1663 2796 ,
1682 2763 1810 2790 καλοῦντι

1021 2813 1070 2848 οὺχ
1089 2812 1259 2847 ὑπήκουσανζ
1271 2811 1317 2839 καὶ
1334 2812 1415 2837 τόπον
1432 2809 1576 2845 μετανοίας
1593 2810 1685 2841 αὐτοῖς
1700 2810 1809 2842 διδόντι,

1493 2849 1500 2860 Ι
