1919 3075
82 86 104 114 ‘l
111 87 175 116 3'73

827 98 861 126 ΙΝ
879 99 1004 127 ῙΒΑΙΑΜ.

1648 111 1715 140 ιδπ

83 149 153 176 οὐκ
167 146 244 184 εἶξαν
254 158 262 165 ·
282 151 340 178 ἀλλ’
355 152 511 180 ὲπετείνατε
528 154 589 181 καθ’
605 155 709 183 ἑαυτῶν
728 157 762 184 τὰ
773 158 884 194 πονηρὰ,

942 169 1005 188 suas
1021 165 1104 189 etiam
1119 169 1263 196 auxerunt,
1279 173 1365 201 eaque
1376 166 1497 194 fecerunt
1511 175 1571 203 quae
1578 169 1713 199 nolebam.

86 195 152 222 καὶ
164 196 183 223 ἃ
199 196 250 223 οὐκ
266 197 365 233 ἤρεσκέ
382 207 425 233 μοι
436 199 595 235 ἐπράττετε.

145 241 255 277 Ἐπειδὴ
265 243 329 279 γὰρ,
345 245 409 278 περὶ
423 246 543 281 γαστέρα
563 247 764 283 ἀσχολούμενοι,
780 251 820 282 εἰς
839 251 888 286 τὴν

86 286 158 313 τῶν
177 288 291 323 καρπῶν
309 289 456 317 ἀπόλαυσιν
471 291 501 317 τὸ
515 292 569 318 πᾶν
581 293 631 327 τῆς
648 294 816 331 εὐφροσύνης
832 297 887 323 ὲτί-

90 330 194 365 Θεντο,
221 334 269 359 καὶ
300 334 460 370 εὐδαίμονας
482 336 605 372 ἐνόμιζον
619 339 682 370 τοὺς
697 339 798 367 τούτων
819 341 887 368 ἀπο-

87 376 246 422 λαύοντας,
271 379 392 413 λυπῆσαι
412 381 510 413 αὐτοὺς
531 382 690 418 βουλόμενος
715 385 743 411 ὲν
758 387 791 421 τῇ
808 386 886 422 ἀκοῇ,

91 421 138 447 Iv‘
155 423 368 458 ἐπιστρέψαντες
387 425 512 460 σωθῶσι,
529 427 578 461 τὴν
598 427 700 455 τούτων
721 430 812 462 αὐτοῖς
828 421 888 458 στέ-

91 475 184 502 ρησιν
199 470 388 504 προαγορεύει.

139 514 347 549 Προκαταλέξας
374 516 392 543 ἃ
406 517 543 545 πείσονται
566 520 591 545 οἱ
607 519 643 555 μὴ
664 520 823 555 φοϐούμενοι
844 522 888 549 τὸν

91 558 219 594 Κύριον,
232 559 299 594 μηδὲ
311 561 519 597 ἐπιστρέφοντες
536 564 604 600 πρὸς
622 565 712 598 αὐτὸν,
728 567 835 600 ὲπάγει,
848 568 888 593 ὅτι

102 604 286 636 Ἀ.πεναντίας
309 606 409 633 τούτων
433 609 457 634 οι
487 608 656 642 δουλεύοντές
683 620 728 646 μοι
757 613 786 638 οὺ
809 613 888 647 μόνον

91 649 254 683 τεύξονται,
269 651 336 678 ἀλλὰ
352 653 398 680 καὶ
412 653 562 689 ὀνομάτων,
574 656 698 692 καθάπερ
713 659 737 684 οι
754 659 888 695 πατριάρ-

90 705 160 731 χαι,
177 696 202 723 οἳ
215 697 282 732 πρὸς
295 699 351 729 τοῖς
366 699 475 734 τρόποις
489 701 536 727 καὶ
547 701 685 737 ὀνομάτων
696 704 795 730 καινῶν
808 704 888 739 ἐτύγ-

91 750 197 776 χανον.
215 743 323 770 Τούτων
336 743 363 770 δὲ
381 745 418 779 μὴ
437 747 647 780 μετανοούντων,
662 749 741 776 τοῦτο
756 750 786 776 τὸ
804 750 888 786 ὄνομα

91 785 246 822 δοθήσεται
260 789 316 819 τοῖς
331 787 430 821 ἔθνεσι,
441 790 471 816 τδ
485 791 535 826 μὲν
557 793 597 823 εἰς
617 793 670 826 ἀεὶ,
689 794 757 830 ὅπερ
779 795 836 822 ἐστὶ
852 785 887 822 τὸ

972 247 1056 276 Vens.
1073 249 1118 277 15.
1139 249 1253 282 Quando
1271 253 1356 279 ventri
1372 254 1451 281 unice
1470 254 1579 288 deditis,
1606 255 1633 282 in
1649 264 1714 291 pos—

938 294 1060 321 stdcndis
1076 294 1201 329 frugibus
1226 303 1360 324 summam
1384 297 1541 326 felicitatem
1563 301 1714 329 consistere

937 338 1086 371 videretur,
1112 348 1144 367 ac
1169 348 1217 368 eos
1244 345 1351 369 tantum
1377 343 1471 372 beatos
1495 353 1556 373 esse
1582 347 1628 380 qui
1653 347 1714 374 istis

938 382 1088 416 abundant,
1107 388 1209 413 terrere
1225 393 1273 413 eos
1285 394 1410 415 sermone
1428 389 1531 423 volens,
1548 393 1578 417 ut
1589 391 1713 419 conversi

937 429 1088 463 salventur,
1106 430 1215 465 frugum
1227 431 1347 467 inopiam
1359 432 1510 461 denuntiat.

978 517 1058 546 Vens.
1088 519 1131 545 15.
1153 518 1296 548 Ρινιιξᾶὶςιίε
1313 528 1374 555 qua:
1389 521 1545 549 hominibus
1561 522 1712 556 imminent,

937 571 987 591 nec
999 563 1084 591 Deum
1100 564 1268 597 timentibus,
1297 574 1347 593 nec
1365 567 1399 594 ad
1419 567 1508 602 ipsum
1533 575 1561 595 se
1582 570 1714 604 recipien-

936 608 1022 640 tibus,
1035 609 1129 643 adjicit
1143 608 1233 638 Deus:
1250 610 1309 637 Non
1331 612 1418 639 modo
1435 613 1515 647 longe
1534 613 1640 639 diversa
1654 621 1714 641 sor-

937 653 1041 680 tientur
1056 653 1102 689 qui
1117 655 1182 681 mihi
1198 655 1360 688 inserviunt,
1373 657 1419 684 sed
1429 658 1539 684 nomine
1551 659 1632 685 etiam
1645 666 1713 686 novo

937 699 1119 733 vocabuntur,
1136 700 1206 727 sicut
1221 701 1392 735 patriarchae,
1411 703 1458 737 qui
1471 711 1520 737 pro
1532 704 1654 731 moribus
1665 711 1714 731 no-

937 743 980 771 vis
1009 752 1116 779 quoque
1145 744 1301 772 hominibus
1333 746 1558 781 insignicbantur.
1584 747 1714 776 lsraelitis

938 792 1028 816 autem
1048 790 1236 824 pmnitentiam
1254 792 1447 823 renuentibus,
1462 793 1588 827 gentibus
1606 793 1715 821 dabitur

91 830 157 859 τῶν
169 832 339 868 Χριστιανῶν
349 842 355 849 ·
370 835 467 870 μηκέτι
480 836 533 872 γὰρ
545 837 660 865 εἰδώλων
673 840 781 875 μνήμην
794 841 884 867 ποιού-

942 833 988 860 hoc
1003 841 1112 866 nomen,
1132 836 1204 870 quod
1219 836 1246 862 in
1261 841 1391 863 aeternum
1414 837 1544 869 manebit,
1568 846 1618 866 nec
1640 838 1713 866 aliud

95 885 190 912 μενοι,
206 879 267 914 μηδ’
281 880 318 912 ὡς
335 881 375 912 είς
390 881 467 914 θεοὺς
490 883 633 918 ὀμνύοντες
644 904 651 916 ,
668 885 724 912 ἀλλ’
741 887 781 918 εις
805 888 884 915 αὑτὸν

92 923 149 949 τὸν
167 923 232 951 Θεὸν
248 925 295 952 καὶ
317 925 481 962 δημιουργὸν
498 929 597 962 αὐτῶν,
616 932 681 965 παρ’
703 932 885 965 αύτοῦνὲξουσι

92 969 153 1004 τὴν
168 970 222 998 τῶν
235 971 345 1006 ἀγαθῶν
358 973 518 1001 ἀπόλαυσιν.

135 1103 330 1139 Μακροΰίωσιν
356 1105 385 1131 δὲ
413 1105 503 1138 αὐτοῖς
532 1106 578 1132 ἐπὶ
594 1106 678 1140 πολὺ,
713 1106 810 1141 ἀώρως
836 1117 886 1143 μεν

96 1148 217 1183 μηδενὸς
238 1149 479 1183 μεταλλάττοντος,
503 1151 543 1183 εἰς
566 1152 656 1187 γῆρας
683 1152 796 1188 λιπαρὸν
818 1153 886 1187 φθά-

96 1201 209 1225 νοντος·
229 1194 276 1220 καὶ
291 1194 345 1230 γὰρ
361 1194 457 1222 ἑκατὸν
473 1196 542 1222 ἐτῶν
559 1197 573 1222 6
586 1197 750 1232 τελευτήσας
769 1198 798 1224 ὲν
816 1198 886 1224 ὲκεί-

96 1246 159 1270 νοις
175 1237 260 1278 ἔσται,
276 1238 313 1271 ὼς
335 1240 387 1274 πρὸ
406 1240 480 1275 ὥρας
505 1240 564 1272 νέος
576 1241 732 1273 ἀπαλλάξας
754 1242 827 1269 τόνδε
841 1243 886 1269 τὸν

99 1282 178 1317 βίον·
202 1283 216 1309 6
238 1282 266 1309 δὲ
289 1282 360 1310 οὕτω
385 1284 573 1319 μεταλλάττων
599 1286 628 1313 ὲν
658 1286 779 1320 κατάρας
808 1287 885 1323 μέρει

98 1328 224 1356 κείσεται
239 1329 400 1365 ἁμαρτωλὸς
416 1331 624 1368 συγκρινόμενος
635 1331 674 1367 τῷ
687 1332 782 1369 μακρῷ
797 1333 857 1368 βίῳ.

139 1374 181 1400 Td
194 1374 248 1410 γὰρ
262 1375 374 1410 ἀειθαλῆ
393 1376 463 1410 φυτὰ
481 1377 509 1403 ὲν
525 1376 562 1411 τῷ
580 1377 735 1413 παραδείσῳ
756 1377 885 1410 ἀειζώους

99 1422 225 1456 καρποὺς
241 1422 318 1458 φέρει
328 1431 334 1438 ·
347 1423 442 1455 οἵτινες
454 1423 481 1449 ὲν
495 1423 544 1458 μὲν
557 1423 596 1458 τῷ
610 1422 678 1450 εἶναι
689 1425 733 1451 τὸν
744 1424 884 1460 ἄνθρωπον

100 1468 133 1494 ἑν
146 1466 185 1502 τῷ
199 1467 365 1503 παραδείσῳ,
375 1467 447 1495 ἄλλοι
461 1468 503 1494 ἐπ’
520 1468 610 1500 ἄλλοις
622 1469 757 1504 γινόμενοι
772 1470 882 1505 καρποὶ,

100 1514 233 1549 παρεῖχον
256 1513 295 1548 τῷ
316 1513 451 1549 ἀνθρώπῳ
467 1514 498 1540 τὺ
522 1514 565 1541 ἀεὶ
596 1515 759 1542 ἀπολαύειν·
783 1504 827 1542 ὅτε
855 1517 882 1543 δὲ
897 1504 919 1535 c

100 1558 208 1594 ὲξώσθη
223 1559 238 1585 ὁ
258 1558 410 1594 ἄνθρωπος,
425 1560 450 1586 οἱ
468 1560 569 1596 καρποὶ
585 1561 708 1596 μένουσιν
728 1562 767 1593 είς
795 1562 825 1588 τδ
843 1562 891 1589 δι-ν

100 1605 199 1639 ηνεκὲς
212 1603 354 1639 ἄφθαρτοι.

138 1648 231 1676 Ταῦτα
246 1650 294 1684 μὲν
313 1647 359 1676 οὖν
381 1651 394 1676 ὁ
407 1649 472 1682 Θεὸς
494 1649 541 1676 τοῦ
561 1651 668 1686 Ἰσραὴλ
688 1653 882 1686 ἐπαγγέλλεται

105 1695 290 1723 ,ιετανοοῦντι-
308 1696 401 1731 ἐπειδὴ
423 1695 452 1721 δὲ
472 1696 594 1727 ἀπειθεῖς
618 1698 802 1733 μεμενήκασι,
821 1707 883 1733 μετ-

101 1742 164 1774 άγει
174 1741 223 1772 τὰς
232 1741 356 1775 εὐλογίας
368 1742 407 1772 είς
421 1741 454 1768 τὰ
468 1741 531 1776 ἔθνη
541 1749 547 1756 ·
559 1742 597 1773 ὡς
609 1742 654 1769 καὶ
664 1743 703 1773 εἰς
715 1743 763 1777 τὴν
771 1743 883 1778 Ἐκκλη-

102 1787 165 1813 σίαν
180 1786 266 1813 ταῦτα
279 1786 350 1813 κατά
363 1786 490 1822 ἀλήθειαν
505 1787 731 1822 ὲκλαμόάνεσθαι.

138 1832 199 1859 Τῶν
218 1831 264 1858 δύο
287 1832 371 1867 ἥμισυ
389 1832 479 1866 φυλῶν
500 1832 540 1858 ἔτι
556 1833 584 1858 ἐν
606 1834 661 1864 τοῖς
675 1832 767 1864 τόποις
788 1833 880 1866 ὄντων,

103 1878 151 1909 καὶ
163 1878 290 1913 οἰομένων
308 1879 345 1914 μὴ
360 1878 512 1913 ἀπάγεσθαι
529 1879 568 1910 είς
582 1880 631 1913 τὴν
641 1879 825 1914 αἰχμαλωσίαν
840 1880 884 1907 διὰ

102 1926 153 1963 τὴν
169 1925 237 1960 πρὸς
251 1925 296 1952 τὸν
309 1925 372 1952 ναὸν
387 1926 477 1961 σχέσιν
493 1915 542 1952 rei:
553 1925 631 1958 Θεοῦ,
651 1927 710 1961 οὐχὶ
723 1926 752 1952 δὲ
766 1926 809 1953 διὰ
823 1927 884 1962 τρὸ-

104 1980 164 2000 πων
176 1972 274 2009 ἀρετὴν
290 1973 337 1998 καὶ
352 1971 400 2007 τὴν
416 1972 483 2006 πρὺς
499 1972 544 1998 τὸν
557 1971 622 1998 Θέὸν
641 1971 757 2004 εὔνοιαν,
778 1972 883 1998 υποδεί-

103 2025 198 2044 κνυσιν
211 2019 225 2044 ό
237 2017 312 2049 Θεὸς,
332 2018 369 2049 ὼς
384 2018 413 2044 οὐ
428 2017 512 2044 τόπου
532 2017 610 2053 χάριν
623 2017 639 2053 ἢ
655 2018 719 2044 ναοῦ
738 2018 884 2053 ρυσθήσον-

101 2071 149 2090 ται
170 2063 219 2101 τῆς
235 2063 420 2098 αἰχμαλωσίας
440 2063 652 2099 προηγουμένως
666 2064 690 2090 οι
709 2064 795 2091 ταῦτα
811 2063 885 2099 ἕχον-

103 2116 150 2138 τες
159 2116 165 2122 ⁸
179 2107 279 2134 τούτων
289 2108 343 2143 γὰρ
359 2108 524 2143 ἀντέχοντες,
539 2108 604 2140 Θεὸς
614 2108 699 2143 λέγει,
714 2109 758 2135 διὰ
770 2109 817 2145 τὴν
831 2109 884 2136 τῶν

104 2153 249 2180 οἰκούντων
265 2154 328 2190 περὶ
343 2154 377 2180 τὰ
393 2154 496 2189 νόμιμα
519 2154 640 2189 φυλακὴν
652 2174 660 2186 ,
685 2154 730 2186 οὓς
756 2156 802 2181 καὶ
823 2156 884 2182 ναὸν

106 2199 228 2235 βούλεται
245 2200 328 2236 ἐχειν,
349 2201 396 2227 καὶ
416 2200 506 2233 ἀξίους
518 2198 587 2226 εἶναι
601 2199 646 2226 τοῦ
667 2201 779 2228 ἐνοικεῖν
795 2202 824 2227 ὲν
838 2202 886 2228 αὑ-

105 2247 171 2278 τοῖς.

142 2292 233 2320 Πάντα
256 2292 310 2328 γὰρ
339 2292 505 2327 πανταχόθεν
531 2292 579 2328 βοᾷ
601 2293 649 2328 τὴν
674 2293 778 2320 δικαίαν
798 2294 886 2330 κρίσιν

106 2338 154 2364 τοῦ
171 2337 248 2370 Θεοῦ,
264 2338 398 2373 πολεμίων
413 2338 462 2373 μὲν
480 2338 749 2374 καταστρεφομένων,
768 2339 886 2370 Ἐζεκίου

106 2385 134 2411 δὲ
148 2384 180 2410 ἐκ
191 2383 238 2410 τοῦ
251 2383 315 2410 ναοῦ
326 2384 483 2415 ἐπανιόντος
495 2384 542 2411 καὶ
552 2384 730 2420 κηρύττοντος
741 2385 788 2420 τὴν
803 2393 887 2420 μεγα-

107 2430 234 2465 λειότητα
246 2429 293 2456 τοῦ
306 2429 383 2461 Θεοῖι.

142 2475 280 2509 Τουτέστι,
301 2474 357 2510 Πρὸ
377 2474 424 2501 τοῦ
442 2475 562 2501 κινδύνου
583 2475 638 2510 (Η)
663 2474 754 2501 ἔτεκεν
769 2474 860 2510 ἄρσεν,
873 2476 887 2502 ὃ

109 2523 165 2548 ἐστι
179 2521 274 2557 κύημα
287 2521 368 2548 καλὸν
380 2522 426 2548 καὶ
438 2521 688 2557 τριπόθητονχταῖς
708 2521 762 2556 γὰρ
780 2521 886 2548 τικτού-

110 2575 170 2598 σαις
194 2566 370 2602 ἀρρενοτοκία
392 2566 490 2601 μᾶλλον
516 2566 628 2601 θατέρου
655 2566 850 2602 προτέτακται·
869 2566 885 2601 ἢ

108 2613 177 2649 τάχα
199 2621 250 2639 που
268 2613 314 2643 καὶ
331 2613 414 2648 ἄρσεν
434 2612 464 2638 τὸ
485 2611 596 2647 τεχθέν·
616 2611 645 2637 οὐ
669 2612 722 2647 γὰρ
745 2611 885 2647 θηλύνεται

109 2659 175 2696 πρὸς
193 2659 381 2694 μακαρισμοὺς
394 2659 407 2684 ὁ
424 2658 453 2684 ἐν
472 2657 582 2693 Χριστῷ
597 2657 675 2688 λαός·
691 2658 816 2693 φρόνημα
831 2658 883 2693 γάρ

109 2707 180 2739 ἔστιν
196 2706 226 2733 εν
238 2704 312 2740 αὐτῷ
328 2703 680 2735 νεανικόν.’-Ἐκδιδάσκει
694 2703 837 2742 προλαϐεῖν
853 2705 885 2740 τῇ

111 2751 238 2792 μετανοίᾳ
251 2750 296 2777 τὸν
312 2750 407 2786 καιρὸν
421 2750 476 2777 τῶν
496 2749 607 2781 ὠδίνων,
624 2750 669 2776 καὶ
684 2749 777 2787 ὥσπερ
794 2750 887 2777 παιδία

143 2807 198 2844 (14)
216 2807 296 2836 Forte
315 2807 452 2843 mnta-1.9%.

935 882 978 905 est
995 883 1094 913 praeter
1107 888 1205 907 nomen
1219 879 1450 911 Christianorum.
1460 880 1520 908 Jam
1533 889 1586 909 non
1598 883 1714 918 amplius

935 923 1069 951 idolorum
1095 925 1256 952 memoriam
1285 925 1395 959 facient,
1419 934 1506 961 neque
1528 934 1559 954 ea
1583 931 1713 961 tanquam

935 971 1002 999 deos
1015 972 1192 1004 invocabunt,
1219 973 1267 1000 sed
1285 981 1370 1000 unum
1389 973 1472 1000 Deum
1497 977 1525 1001 et
1545 974 1712 1001 conditorem

936 1024 1015 1043 suum
1032 1017 1134 1051 colent,
1148 1021 1174 1044 et
1190 1018 1224 1045 ab
1247 1018 1307 1052 ipso
1337 1018 1471 1045 bonorum
1494 1019 1601 1052 copiam
1628 1019 1713 1053 impe-

935 1060 1031 1087 trabnn
1036 1065 1055 1088 t.

974 1104 1057 1133 Vens.
1077 1106 1121 1134 20.
1143 1107 1244 1135 Multos
1258 1115 1344 1135 annos
1360 1107 1473 1143 perfecit
1488 1108 1535 1142 qui
1551 1115 1605 1134 non
1617 1107 1712 1134 imma-

935 1154 998 1178 tura
1013 1156 1101 1179 morte
1124 1154 1229 1187 rapitur
1256 1157 1283 1181 et
1307 1154 1420 1181 viridem
1440 1154 1618 1189 consequitur
1635 1160 1714 1180 sene-

937 1201 1048 1224 ctutem.
1067 1197 1162 1226 Justus
1177 1199 1248 1226 enim
1267 1199 1440 1227 centonarius
1460 1199 1602 1234 eritquasi
1623 1199 1714 1225 adole-

937 1250 1017 1270 scens
1032 1247 1095 1271 ante
1113 1248 1221 1278 tempus
1233 1245 1368 1277 moriens;
1394 1249 1521 1280 peccator
1539 1252 1603 1272 vero
1626 1250 1714 1272 cente-

936 1289 1032 1316 narius
1057 1289 1220 1316 maledictus
1251 1290 1313 1322 erit,
1339 1294 1450 1325 propter
1474 1290 1561 1325 ipsam
1583 1289 1712 1325 grandem

935 1337 1042 1361 aetatem
1059 1334 1216 1361 damnatus.

972 1379 1054 1407 Vens.
1075 1380 1119 1407 2‘2.
1142 1380 1280 1407 Continuo
1308 1379 1437 1408 ﬂorentes
1467 1379 1588 1415 paradisi
1615 1379 1713 1414 planta:

935 1428 1052 1452 aeternos
1064 1425 1168 1453 fructus
1185 1425 1284 1453 ferunt.
1299 1425 1404 1460 Quippe
1422 1425 1486 1460 qui,
1503 1425 1567 1452 dum
1584 1424 1666 1451 homo
1686 1423 1713 1449 in

936 1471 1063 1506 paradiso
1076 1476 1158 1504 esset,
1176 1472 1203 1498 in
1217 1471 1276 1498 dies
1285 1471 1370 1506 magis
1386 1478 1417 1497 ac
1424 1471 1508 1504 magis
1519 1470 1601 1501 aucti,
1613 1473 1713 1496 aeterna

936 1516 1038 1543 homini
1052 1515 1149 1550 gaudia
1171 1516 1343 1550 praebebant;
1358 1515 1472 1549 expulso
1485 1520 1581 1541 autem
1605 1514 1714 1541 homine

936 1569 969 1588 ex
983 1561 1121 1596 paradiso,
1144 1565 1285 1588 remanent
1300 1559 1404 1587 fructus
1422 1560 1449 1586 in
1468 1565 1598 1587 aeternum
1624 1559 1714 1585 incor-

935 1607 1089 1641 ruptibiles.

972 1652 1055 1680 Vens.
1074 1653 1120 1680 25.
1140 1652 1205 1685 Quze
1233 1651 1340 1687 quidem
1369 1651 1511 1678 denuntiat
1537 1648 1713 1684 Deus._lsrael

936 1698 1125 1733 pcenitentiam
1139 1698 1247 1733 agenti;
1264 1698 1328 1732 quia
1348 1700 1437 1724 autem
1454 1696 1588 1723 indociles
1603 1702 1714 1722 reman-

936 1747 1041 1775 serunt.
1074 1743 1278 1771 benedictiones
1301 1750 1366 1770 suas
1393 1741 1520 1777 gentibus
1548 1741 1712 1775 impertitur,

936 1794 965 1816 ut
979 1789 1006 1815 in
1024 1788 1174 1816 Ecclesiam
1188 1788 1264 1822 juxta
1282 1789 1424 1815 veritatem
1445 1785 1642 1820 suscipiantur.

972 1832 1036 1861 CAP.
1065 1832 1156 1865 LXVI,
1174 1832 1257 1860 Vens.
1274 1833 1300 1859 i.
1320 1831 1456 1859 Ambabus
1475 1831 1599 1858 tribubus
1624 1829 1713 1857 adhuc

936 1883 1037 1906 terram
1053 1886 1128 1906 suam
1144 1878 1352 1913 occupantibus,
1374 1885 1456 1912 seque
1480 1877 1508 1904 in
1528 1877 1712 1911 captivitatem

936 1929 1046 1959 propter
1061 1924 1180 1951 studium
1199 1923 1245 1951 Dei
1271 1924 1298 1950 in
1318 1923 1446 1958 templum
1464 1930 1519 1950 non
1544 1922 1640 1949 abduci
1662 1930 1713 1957 pu-

937 1970 1067 2002 tantibus,
1083 1978 1136 1996 non
1154 1977 1216 1997 vero
1229 1973 1340 2004 propter
1355 1969 1503 1996 bonitatem
1523 1975 1629 1994 morum
1647 1975 1713 1994 διιο-

937 2023 997 2042 rum
1011 2019 1162 2048 autrsuam
1192 2016 1220 2042 in
1252 2014 1395 2042 Dominum
1429 2015 1567 2050 pietatem,
1594 2014 1714 2042 declarat

937 2060 1008 2088 Deus
1027 2070 1033 2087 :
1049 2061 1109 2088 illos
1120 2068 1174 2087 non
1190 2061 1243 2087 loci
1254 2066 1299 2087 aut
1318 2061 1413 2095 templi
1439 2061 1526 2095 gratia
1551 2060 1714 2096 captivitatis

937 2107 1074 2134 immunes
1094 2106 1213 2138 futuros,
1229 2107 1276 2141 qui
1293 2106 1350 2133 haec
1372 2107 1507 2141 praecipue
1529 2107 1630 2133 colunt.
1646 2105 1714 2133 Nam

938 2152 994 2179 haec
1015 2152 1179 2184 retinebunt,
1207 2152 1244 2179 ait
1264 2152 1346 2184 Deus,
1371 2157 1480 2187 propter
1503 2152 1713 2179 inhabitantium

937 2199 1010 2225 circa
1025 2198 1119 2232 legalia
1135 2198 1283 2232 pietatem;
1304 2205 1373 2232 quos
1385 2198 1457 2224 enim
1474 2197 1603 2232 templum
1623 2196 1713 2231 possi-

935 2243 999 2271 dere
1014 2244 1085 2274 volo,
1102 2243 1157 2270 sint
1174 2242 1248 2277 digni
1262 2243 1309 2277 qui
1326 2242 1392 2269 illud
1408 2242 1571 2269 inhabitcnt.

971 2288 1052 2316 Vens.
1072 2288 1098 2315 6.
1120 2287 1299 2315 Conclamant
1317 2292 1415 2315 cuncta
1436 2287 1567 2322 judicium
1588 2286 1634 2314 Dei
1652 2294 1713 2314 esse

933 2335 1048 2369 justum,
1077 2333 1146 2361 fusis
1168 2334 1305 2365 hostibus,
1325 2333 1440 2360 Ezechia
1465 2333 1498 2360 de
1520 2333 1620 2368 templo
1637 2340 1713 2367 egre-

935 2380 1025 2408 dicnte
1041 2384 1068 2407 et
1079 2379 1296 2414 magnidccntias
1312 2378 1358 2406 Dei
1375 2378 1548 2413 prazdiCante.

969 2466 1049 2494 Vens.
1071 2467 1096 2494 7.
1119 2466 1176 2493 Hoc
1189 2469 1230 2493 est
1243 2465 1350 2496 :Partu
1370 2466 1490 2493 nondum
1506 2451 1614 2492 maturo
1632 2473 1713 2500 pepe-

935 2513 972 2540 rit
1002 2513 1165 2544 masculum.
1192 2516 1366 2548 praestantem
1390 2511 1494 2538 scilicet
1514 2510 1597 2538 fetum
1619 2514 1646 2537 et
1670 2514 1712 2537 ter

935 2562 1074 2592 optatum;
1103 2558 1237 2585 matribus
1264 2557 1337 2584 enim
1364 2556 1546 2583 masculorum
1575 2556 1713 2591 generatio

936 2603 1048 2639 gratior.
1066 2603 1099 2630 Et
1116 2603 1238 2638 profecto
1259 2602 1410 2629 masculum
1431 2602 1550 2636 genitum
1567 2600 1636 2633 fuit;
1658 2599 1713 2626 dici

936 2649 1008 2678 enim
1024 2649 1196 2676 effeminatus
1213 2656 1265 2676 non
1282 2652 1370 2684 potest
1385 2647 1500 2683 populus
1521 2647 1631 2674 Christo
1647 2646 1714 2674 ﬁde-

936 2696 990 2728 lis;
1008 2703 1070 2722 nam
1086 2702 1184 2723 sensus
1204 2695 1242 2721 illi
1259 2694 1357 2722 virilis.
1377 2709 1411 2714 -—
1428 2693 1510 2721 Docet
1532 2696 1562 2720 ut
1578 2694 1713 2727 pt‘enitenq

937 2742 973 2769 tia
990 2741 1060 2769 diem
1079 2745 1172 2776 partus
1193 2747 1423 2776 praeoccupemus,
1448 2745 1475 2768 ct
1495 2740 1569 2768 velut
1586 2739 1715 2775 parvuloq
