1919 3075
217 105 285 134 1553

794 105 966 135 Τιιεοῡοιιι
984 104 1244 134 IIEBACLEENSIS

1775 102 1837 131 1556

216 165 252 191 ita
273 164 499 199 splendidus‘erit
517 170 543 192 et
562 166 677 194 illustris
698 174 775 193 meus
791 166 824 193 ad
839 173 889 194 vos
901 166 994 193 adven

1053 164 1139 196 οὕτως
1167 164 1271 200 φανερὰ
1292 165 1337 190 καὶ
1354 164 1474 196 ἐπίδοξος
1497 163 1572 190 ἔσται
1599 163 1616 198 ἡ
1635 163 1698 198 παρ’
1714 161 1782 198 ἐμοῦ
1802 164 1838 194 εις

216 215 276 243 tus,
299 215 374 238 tanta
390 220 438 239 vos
467 213 558 239 laetitia
589 217 616 240 et
644 212 826 240 exsultatione
841 212 1003 240 ederemini.

216 256 276 290 Quo
292 257 383 285 studio
398 259 520 285 auditum
533 259 608 293 pacis
625 263 651 285 ct
663 258 801 286 felicitatis
817 259 1003 294 aecepissetis,

216 310 249 330 eo
263 304 377 330 salutem
393 305 471 331 vobis
488 305 706 339 evangelizantes
722 305 894 340 suscipietis,
913 305 950 332 ita
963 310 1002 337 ut,

216 349 271 376 vita
279 354 369 376 vestra
384 350 663 385 sapientiusinstituta
673 371 679 382 ,
696 359 742 378 rex
757 355 847 378 vester
860 351 951 378 vocari
962 351 1004 378 dio

216 401 292 429 gner.
311 394 359 421 llic
375 395 489 422 miratur
514 404 622 431 quoque
638 397 751 431 spiritus
765 397 941 432 propheticus
957 404 996 432 pe-

215 439 264 467 des
286 447 442 474 przeconum
468 440 643 476 Evangelium
669 442 885 476 pmdicantium,
903 443 1002 476 quibus

215 490 309 520 gentes
329 491 442 514 cunctas
459 487 625 521 perlustrati,
650 487 790 514 deﬁnitum
810 488 861 515 sibi
879 488 1003 515 curricu-

215 531 271 558 lum
285 532 471 559 confecerunt.
491 532 586 560 Lucidi
597 537 675 561 erant
688 534 770 568 pedes
787 541 892 568 eorum,
910 539 1003 570 utpote

213 577 262 611 qui
283 579 390 605 l‘uerant
405 579 438 606 ab
454 580 513 614 ipso
533 579 675 606 Salvatore
699 580 756 607 loti.
788 579 875 615 Super
894 585 1000 608 montes

214 623 279 650 ferri
294 623 433 656 dicuntur,
446 628 555 660 propter
566 625 751 660 praestantiam
768 629 794 652 et
808 626 1001 654 sublimitatem

214 670 378 704 evangelicae
393 670 534 697 doctrinae.
550 670 646 698 Pacem
667 671 898 706 evangelizabant,
908 679 1001 707 pacem

214 715 317 742 scilicet
336 723 398 742 eum
428 716 481 743 Deo
501 716 696 750 prazdicantes,
723 717 757 744 ab
787 718 915 746 omnibus
945 722 1001 745 tum

215 766 312 793 prope,
335 762 391 785 tum
417 760 511 793 procul
538 760 572 788 de
598 762 724 796 gentibus
749 762 956 797 excipiendam;
974 767 1001 790 et

213 803 352 832 Christum
372 805 419 833 Dei
432 807 665 841 commendantes,
682 809 727 843 qui
743 808 832 836 divisa
859 811 887 836 in
915 817 1000 836 unum

1056 210 1127 245 ὑμᾶς
1139 211 1219 246 ῥοπήο
1237 213 1323 246 χαρᾶς
1339 219 1368 237 τε
1387 210 1433 236 καὶ
1448 209 1632 244 ἀγαλλιάσεως
1646 208 1719 236 οὕτω
1736 209 1838 244 πληρω-

1055 256 1180 292 escam
1197 256 1320 292 καθάπερ
1335 256 1384 292 τὴν
1400 255 1484 291 ἀκοὴν
1496 255 1636 291 εἰρηνικήν
1646 263 1676 280 τε
1691 255 1740 281 καὶ
1752 254 1838 290 ἡδεῖαν

1053 302 1216 338 δεχομένοις,
1233 302 1303 329 οὕτω
1319 311 1349 329 τε
1369 301 1530 335 ἐξάκουστος
1546 301 1622 328 ἔσται
1636 300 1784 336 ὴὺμετέρα
1797 300 1838 326 λύ-

1053 357 1164 385 τρωσις,
1181 349 1227 376 καὶ
1244 349 1356 380 ἑαυτοὺς
1375 347 1522 375 ὲπιδώσετε
1543 347 1610 382 πρὸς
1629 346 1785 382 διόρθωσιν,
1805 345 1840 376 ὡς

1054 395 1101 421 καὶ
1114 395 1163 430 ἐμὲ
1176 395 1257 421 αὑτὸν
1274 394 1385 429 βασιλέα
1399 394 1476 429 ὑμῶν
1491 393 1557 427 ἁξιῶ
1578 393 1730 419 καλεῖσθαι.
1746 406 1780 412 —-—
1799 391 1838 417 Ἐν

1053 441 1158 472 τούτοις
1173 441 1203 466 τὸ
1218 440 1326 475 πνεῦμα
1342 440 1372 467 τὸ
1385 439 1566 476 προφητικὸν,
1579 439 1633 466 τῶν
1650 437 1781 474 κηρύκων
1796 437 1838 464 τοῦ

1053 487 1218 522 Εὑαγγελίου
1231 488 1292 519 τοὺς
1307 487 1389 519 πόδας
1404 486 1601 521 ἀποθαυμάζει,
1614 486 1647 512 δι’
1662 482 1700 512 ὧν
1715 484 1833 519 πεποίην

1053 545 1097 563 ται
1108 536 1207 572 δρόμον
1218 535 1438 571 ἐκπεριελθόντες
1451 534 1499 570 τὴν
1511 536 1551 566 εἱς
1564 534 1651 560 πάντα
1671 533 1706 560 τὰ
1720 532 1782 567 Ξθνη
1796 541 1839 558 πε-

1054 582 1150 618 ρίοδον·
1170 582 1266 618 ὡραῖοι
1284 590 1314 608 τε
1335 581 1424 608 αὐτῶν
1438 579 1506 616 ἦσαν
1518 581 1542 607 οἱ
1563 580 1642 611 πόδες
1658 579 1703 606 διὰ
1717 579 1748 605 τὸ
1763 587 1840 604 κεκα-

1053 628 1161 664 θάρθαι,
1173 629 1210 660 ὡς
1227 629 1259 656 ἂν
1273 627 1319 655 τοῦ
1333 628 1458 662 Σωτῆρος
1472 627 1571 658 αὐτοὺς
1591 626 1783 660 ἀπονίψαντος·
1798 627 1839 653 ἐπὶ

1052 673 1080 700 δὲ
1098 674 1182 709 ὀρέων
1200 673 1320 708 ἔτρεχον,
1341 673 1387 700 διὰ
1404 667 1435 698 τὸ
1454 672 1591 708 μετέωρον
1610 672 1657 698 καὶ
1675 671 1777 706 ὑψηλὸν
1796 671 1838 698 τοῦ

1052 721 1229 755 εὐαγγελικοῦ
1257 719 1444 756 κηρύγματος·
1468 719 1580 755 εἰρήνην
1603 718 1631 745 δὲ
1656 718 1838 754 κατήγγελλον

1051 765 1214 801 ἀνθρώποις,
1229 765 1468 801 εὐαγγελιζόμενοι
1489 765 1537 800 τὴν
1551 765 1620 800 πρὸς
1632 764 1700 791 Θεὸν
1716 765 1837 800 εἰρήνην,

1051 812 1085 848 ἢν
1106 814 1162 844 τοῖς
1183 812 1291 848 μακρὰν
1314 812 1361 839 καὶ
1381 813 1436 843 τοῖς
1456 812 1538 846 ἐγγὺς
1559 810 1780 846 εὐηγγελίζοντο,
1797 810 1840 845 δη-

213 852 373 886 eonjunxit.
393 857 419 880 et
437 862 544 881 murum
562 855 719 882 medianum
738 857 929 891 separationis,
948 857 994 884 ini.

1052 856 1160 889 λοῦντες
1170 858 1215 883 τὺν
1230 857 1348 891 Χριστὸν
1362 856 1409 884 τοῦ
1425 856 1491 882 Θεοῦ
1506 856 1552 882 τὸν
1569 857 1723 891 ποιήσαντα
1741 855 1775 882 τὰ
1789 856 1838 890 ἀμ-

213 898 331 926 micitias
347 907 442 934 nempe
462 907 568 934 onmes,
594 903 621 927 in
641 909 724 929 carne
740 909 788 929 sua
804 902 894 930 solvit.

250 986 330 1014 Vens.
350 987 391 1014 ll.
409 987 443 1015 Ut
459 988 558 1016 animis
574 990 631 1017 suis
643 995 788 1024 consutant
805 992 929 1019 hortatur
940 1000 999 1025 eos,

212 1032 353 1061 aﬁectibus
381 1035 473 1069 pravis
497 1041 524 1062 et
553 1036 707 1064 Chaldaicis
733 1037 893 1071 immutatis,
908 1040 999 1074 potius

212 1087 293 1114 quam
309 1080 395 1113 locis;
413 1089 445 1108 ne
462 1080 558 1108 iisdem
582 1082 706 1110 moribus
731 1083 910 1110 immorentur
936 1092 1000 1112 sua-

210 1123 265 1156 det,
276 1124 376 1159 quibus
391 1127 478 1152 doncc
493 1125 665 1161 indulserint,
679 1127 813 1155 immundi
823 1129 997 1157 videbuntur.

244 1223 329 1251 Vsus.
361 1224 403 1251 15.
434 1224 521 1260 Reges
548 1225 655 1260 placido
684 1225 822 1261 tacitoque
850 1234 897 1254 ore
913 1226 999 1255 Deum

209 1270 369 1298 adorabunt.
389 1271 459 1298 Czcci
475 1271 585 1305 quidem
604 1272 784 1299 remanebunt
804 1275 830 1299 et
855 1272 998 1306 indociles,

208 1317 254 1352 qui
271 1317 354 1352 legem
376 1321 556 1352 acceperant,
577 1321 603 1344 et
623 1317 750 1345 vaticinia
775 1318 919 1346 audierant
935 1327 999 1354 pro-

207 1363 363 1398 phetarum,
386 1367 412 1389 et
427 1363 586 1397 prophetias
602 1368 786 1398 cognoverant
808 1365 841 1393 de
857 1365 999 1394 Salvatore

207 1408 344 1442 prolatas;
365 1412 459 1442 gentes
478 1413 584 1440 contra,
606 1409 706 1444 quibus
722 1411 789 1437 nihil
805 1413 997 1440 annuntiatum

207 1454 258 1480 fuit
275 1462 326 1481 nec
350 1454 509 1487 revelatum,
525 1455 590 1482 'sola
608 1455 658 1483 (ide
675 1456 721 1483 Dei
737 1457 880 1484 scientiam
900 1467 998 1487 conse-

206 1505 340 1535 quentur,
361 1505 496 1528 eteorum
522 1509 583 1536 qua:
603 1501 675 1530 Deus
703 1503 737 1530 de
761 1504 902 1540 unigenito
928 1504 996 1532 Filio
1010 1515 1031 1544 ο

206 1555 258 1574 suo
270 1547 414 1582 disposuit.

242 1592 305 1620 CAP.
324 1593 390 1625 Llll,
405 1592 488 1621 Vens.
510 1593 582 1627 1,2,
611 1594 638 1621 3.
668 1594 736 1628 Quis
765 1596 880 1623 credat?
907 1598 997 1625 innuit

204 1639 347 1674 propheta.
371 1639 420 1666 Cui
451 1640 618 1668 revelabitur
642 1641 767 1669 doctrina
794 1643 828 1670 de
856 1644 996 1679 unigenito

203 1683 252 1712 Dei
276 1684 364 1712 Filio?
379 1685 507 1714 Eamdem
532 1693 582 1713 nos
599 1687 678 1721 quasi
696 1688 839 1723 parvulum
864 1689 993 1718 humilem

204 1730 420 1766 descripsimus.
453 1732 532 1766 quasi
564 1732 685 1760 radicem
715 1734 857 1762 deﬁciente
880 1735 995 1764 humore

204 1781 383 1804 attenuatam.
412 1776 478 1804 Tam
496 1778 607 1806 humilis
627 1779 751 1813 profecto
776 1780 800 1806 ei
825 1781 946 1815 species,
963 1786 993 1808 ut

203 1831 266 1851 cum
281 1824 356 1851 nulla
371 1825 423 1850 alia
440 1824 559 1851 conferri
580 1825 678 1860 possit,
695 1829 723 1852 ut
739 1826 851 1853 minime
865 1827 992 1854 virtutem

202 1870 277 1897 illam
295 1871 391 1898 decere
417 1870 552 1903 videatur,
568 1879 621 1905 qua
653 1875 692 1898 tot
713 1879 744 1898 ac
770 1875 844 1899 tanta
869 1874 991 1909 prodigia

202 1916 275 1943 edita
296 1916 415 1943 fuerunt.

240 1961 321 1990 Vens.
335 1963 361 1990 5.
376 1961 585 1997 Ingravescente
595 1963 623 1990 in
635 1963 693 1989 dies
705 1963 845 1990 hominum
858 1965 990 1999 nequitia,

201 2012 229 2036 et
258 2008 327 2035 nihil
353 2009 516 2036 intentatum
534 2008 779 2044 intemeratumque
801 2011 989 2046 relinquente,

202 2061 283 2089 poena
300 2062 349 2082 nos
376 2058 403 2081 et
423 2053 539 2081 vindicta
563 2055 700 2081 manebat.
727 2055 793 2088 Quae
817 2064 881 2083 vero
910 2058 991 2086 nobis

202 2101 300 2127 merita
329 2102 458 2134 supplicia
498 2101 666 2135 unigenitum
691 2100 809 2128 Verbum
841 2102 867 2129 in
889 2107 989 2131 terram

201 2151 325 2174 nostram
339 2146 490 2181 delapsum,
504 2146 588 2181 legem
604 2154 712 2174 omnem
731 2151 758 2174 et
774 2148 910 2182 justitiam
929 2158 989 2184 ρει-ο

1051 906 1152 941 φότερα
1166 905 1267 938 ἓννκαὶ
1282 905 1312 931 τὸ
1329 904 1485 940 μεσότοιχον
1500 903 1547 930 τοῦ
1565 902 1695 939 φραγμοῦ
1713 902 1837 934 λύσαντα,

1051 951 1100 985 τὴν
1113 951 1223 987 ἔχθραν,
1241 952 1269 977 ὲν
1281 952 1314 985 τῇ
1328 950 1409 985 σαρκὶ
1423 949 1515 977 αὑτοῦ.

1086 998 1209 1033 Ψυχικὴν
1226 998 1323 1028 αὐτοὺς
1338 996 1496 1032 ἐπιμέλειαν
1516 995 1620 1022 ἑαυτῶν
1638 995 1776 1022 ποιεῖσθαι
1789 1004 1837 1022 πα-

1053 1044 1238 1079 ρακελεύεται,
1258 1044 1303 1070 καὶ
1318 1043 1371 1079 πρὸ
1385 1043 1438 1069 τῶν
1454 1043 1545 1069 τόπων
1559 1041 1774 1077 μετανίστασθαι
1789 1042 1839 1068 τῶν

1052 1090 1197 1126 μοχθηρῶν
1205 1089 1297 1125 ἰδεῖν(1
1305 1090 1328 1124 Ι)
1339 1090 1384 1116 καὶ
1395 1089 1564 1120 Χαλδαϊκῶν,
1575 1089 1621 1115 καὶ
1631 1089 1668 1124 μὴ
1682 1088 1838 1124 μολύνεσθαι

1050 1138 1079 1163 ὲν
1097 1137 1209 1168 ἐκείνοις
1226 1137 1283 1168 τοῖς
1297 1135 1399 1171 ἤθεσιν,
1418 1137 1446 1162 ἐν
1463 1133 1503 1167 οἷς
1525 1135 1637 1166 ἑαυτοὺς
1655 1134 1838 1166 ὲνδεδωκότες,

1050 1182 1198 1217 ἀκάθαρτοι
1213 1181 1386 1216 ὀφθήσονται.

1086 1228 1119 1255 Οἵ
1136 1237 1166 1255 τε
1180 1227 1297 1261 βασιλεῖς
1317 1226 1375 1262 μεθ’
1390 1227 1505 1262 ἡσυχίας
1520 1227 1567 1252 καὶ
1591 1227 1697 1260 σιωπῆς
1721 1234 1840 1260 προσκν-

1050 1275 1168 1306 νοῦντες,
1188 1273 1395 1308 τυφλωττόντων
1418 1273 1463 1299 καὶ
1481 1273 1604 1308 ἀνηκόων
1631 1273 1768 1307 μενόντων
1789 1273 1839 1298 τῶν

1050 1320 1097 1346 καὶ
1119 1320 1200 1355 νόμον
1216 1319 1370 1354 δεξαμένων
1393 1319 1439 1345 καὶ
1461 1319 1608 1354 προφητῶν
1626 1319 1839 1355 προαγορεύσεις

1050 1365 1270 1396 ὲπακουσάντων,
1289 1364 1336 1390 καὶ
1352 1364 1400 1395 τὰς
1418 1364 1481 1399 περὶ
1504 1363 1551 1389 τοῦ
1577 1363 1705 1398 Σωτῆρος
1734 1371 1838 1399 προφη-

1049 1412 1123 1442 τείας
1147 1411 1304 1445 ἐγνωκότων
1318 1419 1325 1425 ·
1352 1410 1405 1436 τῶν
1429 1409 1457 1436 δὲ
1479 1409 1562 1435 ἐθνῶν
1586 1409 1640 1435 τῶν
1663 1409 1750 1444 μηδὲν
1775 1410 1838 1444 μήτε

1049 1458 1210 1494 ἑωρακότων
1232 1458 1300 1493 μήτε
1315 1456 1481 1492 ἀκηκοότων,
1500 1455 1580 1490 μόνον
1597 1455 1626 1481 δὲ
1647 1455 1740 1481 πίστει
1758 1463 1839 1490 προσ-

1047 1503 1255 1540 δεδραμηκότων
1278 1504 1317 1534 εἰς
1335 1502 1383 1538 τὴν
1399 1501 1575 1536 θεογνωσίαν,
1593 1502 1640 1527 καὶ
1654 1501 1695 1532 εἰς
1712 1501 1763 1536 τὴν
1780 1501 1838 1535 περὶ

1049 1549 1096 1576 τοῦ
1113 1548 1273 1585 μονογενοῦς
1290 1547 1354 1574 Υἱοῦ
1370 1547 1417 1574 τοῦ
1432 1546 1500 1573 Θεοῦ
1515 1546 1678 1581 κατάληψιν.

1091 1596 1164 1623 Ἀντὶ
1180 1595 1237 1626 τοῦ,
1255 1595 1302 1626 Τίς
1320 1593 1458 1620 πιστεύσει
1473 1593 1520 1619 καὶ
1539 1593 1592 1619 τίνι
1609 1592 1838 1628 ἀποκαλυφθήσε-

1048 1650 1093 1669 ται
1110 1642 1123 1667 ὁ
1138 1641 1201 1676 περὶ
1216 1640 1262 1666 τοῦ
1280 1639 1438 1675 μονογενοῦς
1454 1637 1518 1664 Υξοῦ
1535 1638 1582 1664 τοῦ
1603 1638 1674 1664 Θεοῦ
1690 1638 1771 1672 λόγος
1785 1646 1792 1670 ;
1809 1639 1839 1663 Oi

1049 1688 1103 1724 γὰρ
1117 1688 1246 1724 ἡμέτεροι
1262 1687 1336 1721 λόγοι
1349 1687 1417 1722 πρὸς
1428 1686 1472 1712 τὸν
1484 1686 1564 1712 αὑτὸν
1578 1685 1718 1720 γινόμενοι
1733 1685 1841 1720 ὠσπερ-

1049 1737 1073 1762 εὶ
1093 1735 1199 1761 παιδίου
1220 1733 1346 1765 εὐτελοῦς
1366 1732 1448 1768 εἶχον,
1464 1733 1512 1759 καὶ
1528 1731 1605 1768 ῥίζης
1619 1731 1707 1763 οὕτως
1722 1731 1819 1758 ἁτόνου
1831 1751 1839 1764 ,

1047 1783 1084 1813 ὡς
1099 1783 1126 1808 ἐν
1146 1781 1242 1808 σπάνει
1256 1780 1358 1811 νοτίδος
1373 1779 1575 1815 ἀποκειμένης·
1593 1778 1660 1806 αὐτὸ
1677 1778 1706 1804 δε
1727 1778 1759 1804 τὺ
1773 1777 1840 1810 εἶδος

1047 1828 1128 1854 αὑτοῦ
1143 1827 1228 1858 οὕτως
1245 1826 1361 1858 εὐτελὲς,
1375 1826 1412 1857 ὡς
1427 1825 1493 1852 πολὺ
1508 1824 1709 1861 ὑποϐεϐηκέναι
1723 1825 1776 1856 τὰς
1788 1825 1839 1850 τῶν

1047 1874 1147 1901 λοιπῶν
1169 1873 1254 1908 ὄψεις,
1269 1873 1299 1899 οὺ
1316 1872 1368 1907 μὴν
1385 1871 1453 1898 ἀλλὰ
1479 1872 1525 1898 καὶ
1547 1871 1595 1906 τὴν
1622 1871 1768 1906 ἐνέργειαν
1791 1871 1839 1905 τῆς

1046 1921 1195 1955 δυνάμεως,
1208 1919 1241 1946 δι’
1256 1917 1289 1954 ἦς
1305 1919 1339 1945 τὰ
1356 1920 1455 1953 σημεῖα
1470 1918 1585 1944 ἐτελεῖτο

1088 1965 1264 2002 Ἀκμασάσης
1278 1966 1326 2000 τῆς
1346 1964 1399 1991 τῶν
1416 1963 1566 1999 ἀνθρώπων
1586 1963 1702 1995 κακίας,
1720 1965 1769 1990 καὶ
1788 1965 1838 1990 πᾶν

1045 2008 1114 2042 εἶδος
1141 2008 1383 2045 παρανομημάτων
1411 2007 1619 2043 ἐργασαμένης,
1643 2007 1767 2043 τιμωρία
1794 2008 1838 2034 καὶ

1045 2057 1155 2088 κόλασις
1184 2057 1339 2091 ἐπήρτητο·
1370 2055 1465 2089 ἥντινα
1492 2054 1570 2089 δίκην
1603 2053 1837 2088 χρεωστουμένην

1045 2103 1120 2138 ἡμῖν,
1145 2103 1158 2128 ὁ
1181 2101 1328 2137 μονογενὴς
1351 2099 1396 2126 τοῦ
1423 2099 1490 2126 Θεοῦ
1507 2100 1602 2133 Λόγος,
1622 2098 1708 2125 ἐλθὼν
1726 2099 1768 2130 εἰς
1794 2099 1837 2124 τὸν

1044 2147 1105 2173 καθ’
1118 2147 1191 2182 ἡμᾶς
1209 2146 1320 2181 κόσμον,
1336 2145 1382 2172 καὶ
1398 2145 1487 2171 πάντα
1513 2144 1606 2179 νόμον,
1624 2145 1672 2171 καὶ
1691 2146 1785 2171 πᾶσαν
1800 2144 1837 2170 δι-

201 2191 307 2223 ﬁciens,
320 2199 431 2226 peccato
447 2199 508 2218 νυνο
518 2192 587 2220 nulli
598 2192 757 2221 obnoxium.
773 2199 870 2228 sponte
884 2194 988 2227 subiit;

1052 2193 1186 2227 ισιοσύνην
1210 2192 1366 2227 πληρώσας,
1396 2191 1516 2226 ἁμαρτίᾳ
1546 2199 1575 2216 τε
1608 2190 1645 2225 μὴ
1675 2189 1834 2219 ὑποπεσὼν,

199 2246 234 2266 ea
253 2239 408 2268 voluntate.
427 2243 456 2263 ut
530 2238 644 2273 ingratis
672 2248 720 2267 nos
738 2243 831 2274 gratos
848 2239 902 2267 Deo
925 2241 986 2268 red-

201 2283 278 2310 deret
288 2288 314 2311 et
329 2286 437 2310 amicos.
457 2282 514 2317 ipse
538 2283 649 2318 quidem
668 2292 762 2318 poenas
789 2292 884 2313 omnes
899 2291 924 2313 ct
938 2295 988 2321 op-

200 2329 312 2364 probria
331 2337 381 2363 pro
406 2329 483 2356 nobis
501 2329 626 2362 pertulit;
646 2337 696 2356 nos
713 2335 802 2357 autem
830 2338 877 2364 per
909 2331 987 2358 tidem

200 2383 262 2402 cum
277 2383 310 2402 eo
325 2375 516 2410 compatimur,
532 2383 579 2410 per
598 2375 712 2410 gratiam
727 2383 788 2402 cum
803 2383 835 2403 eo
847 2378 990 2404 commori-

199 2428 261 2448 mur
275 2425 302 2448 et
319 2422 466 2448 salvantur.

237 2467 319 2496 Vsus.
334 2468 361 2495 ὓ.
377 2467 501 2495 Tradidit
514 2476 576 2495 eum
591 2467 672 2499 Deus.
683 2472 780 2503 sponte
792 2468 896 2496 scilicet
910 2469 986 2496 obla-

198 2518 267 2546 tum,
281 2521 336 2541 non
350 2514 376 2540 vi
392 2518 527 2541 coactum.
543 2513 609 2540 Nam
635 2514 781 2549 Apostolus
811 2522 919 2549 quoque
940 2522 983 2542 ea-

196 2561 260 2588 dem
273 2568 340 2588 voce
361 2560 445 2587 utitur
461 2561 494 2586 ad
509 2561 661 2588 libertatem
674 2565 700 2588 et
712 2562 879 2588 voluntatem
895 2561 983 2588 Patris

197 2607 390 2634 declarandam
404 2628 410 2634 .
430 2617 439 2632 ι
471 2606 516 2634 Sic
531 2607 604 2634 enim
623 2607 695 2635 Deus
724 2608 821 2635 dilexit
838 2609 980 2641 mundum,

198 2658 227 2680 ut
246 2653 343 2682 Filium
358 2662 438 2681 suum
450 2654 618 2689 unigenitum
636 2655 751 2682 traderet
766 2662 817 2691 pro
833 2655 953 2683 nobis".
968 2664 976 2680 ι

231 2731 254 2747 ’⁸
263 2731 342 2759 Joan.
359 2739 398 2764 ιιι,
414 2732 456 2759 16.

234 2808 289 2840 (ιι)
305 2808 386 2836 Forte
400 2809 474 2837 ἰδεῶν
489 2810 529 2837 vel
543 2810 622 2838 ἰδίων.

1041 2240 1130 2267 ἑκοντὶ
1150 2239 1271 2274 δέχεται·
1289 2239 1322 2264 ἶν’
1343 2239 1408 2273 ἡμῖν
1425 2236 1563 2272 μεταϐάλῃ
1586 2237 1637 2272 τὴν
1663 2236 1780 2262 κόλασιν
1796 2237 1835 2266 εἰς

1041 2286 1150 2320 εἰρήνην
1163 2293 1192 2310 τε
1212 2285 1258 2311 καὶ
1272 2284 1428 2318 εὐμένειαν·
1444 2283 1525 2309 αὑτοῦ
1545 2283 1592 2317 μὲν
1604 2284 1635 2317 τῇ
1652 2283 1739 2318 πείρᾳ
1756 2282 1835 2308 ὑπελ-

1041 2331 1132 2363 θόντος
1151 2331 1200 2362 τὰς
1214 2330 1307 2366 ὕϐρεις
1323 2329 1369 2355 καὶ
1389 2329 1438 2360 τὰς
1453 2328 1587 2361 κολάσεις,
1600 2327 1682 2364 ἡμῶν
1695 2328 1725 2354 δὲ
1742 2328 1833 2354 nictet

1039 2377 1232 2412 οἰκειουμένων
1245 2375 1278 2402 τὰ
1292 2375 1374 2410 πάθη,
1387 2375 1433 2402 καὶ
1445 2374 1725 2410 συναποθνῃσκόντων
1741 2374 1832 2409 χάριτι

1041 2424 1086 2449 καὶ
1105 2423 1275 2457 σωζομένων.

1075 2468 1274 2506 Παραδεδόσθαι
1290 2467 1318 2494 δὲ
1334 2467 1414 2494 αὑτὸν
1429 2468 1546 2499 ἀκούων,
1564 2469 1601 2503 μὴ
1618 2468 1745 2501 ἀνάγκην
1765 2467 1831 2493 v.10—

1039 2515 1184 2546 υπόπτευε,
1201 2515 1230 2541 τὸ
1251 2514 1279 2540 δὲ
1300 2514 1421 2540 ἑκούσιον
1439 2515 1501 2541 νόει.
1516 2514 1571 2540 Καὶ
1588 2514 1644 2549 γὰρ
1665 2515 1678 2540 ὁ
1701 2514 1831 2539 ’Δτ-ὁστο-

1037 2561 1080 2592 λος
1101 2560 1139 2596 τῷ
1153 2561 1262 2596 ὀνόματι
1277 2560 1363 2596 τούτῳ
1379 2561 1519 2596 κέχρηται,
1537 2560 1684 2586 αὐθεντίαν
1700 2561 1748 2586 καὶ
1768 2560 1831 2594 βού-

1035 2607 1112 2642 λησιν
1129 2607 1235 2643 Πατρός
1252 2607 1374 2643 μηνύωνσ
1396 2617 1404 2632 ι
1424 2607 1501 2634 Οὕτω
1516 2607 1569 2642 γὰρ
1584 2607 1598 2632 ό
1618 2606 1685 2637 Θεὸς
1701 2606 1832 2641 indm-las

1033 2654 1078 2680 τὸν
1095 2654 1205 2689 κόσμον,
1224 2653 1293 2681 ὥστε
1308 2654 1352 2680 τὸν
1367 2653 1496 2689 μονογενῆ
1515 2652 1575 2680 Υἰὸν
1590 2652 1674 2679 αὐτοῦ
1692 2652 1834 2688 παραδοῦε
