1919 3075
129 133 192 161 1557

846 127 878 154 ιΝ
899 119 1027 161 ιδΑιΑΜ.

1682 121 1749 157 εδει

127 200 167 218 ναι
185 191 255 226 ὑπὲρ
273 190 360 225 ήμῶν.
380 198 390 215 ι
414 188 520 216 Ἑκοντὶ
534 188 623 214 τοίνυν
638 186 785 222 ὑπομείνας
801 184 836 211 τὰ
859 187 913 211 πά-

975 186 1110 213 Iruciatus
1128 190 1219 213 autem
1245 190 1340 221 sponte
1361 188 1486 221 acceptos
1510 189 1599 214 metus
1620 188 1750 222 pertulit,

125 236 169 272 θη,
199 236 303 271 σιωπὴν
330 235 416 271 φέρει,
445 234 527 270 νόμον
555 234 620 268 ἡμῖν
649 232 788 267 ὑπομονῆς
815 230 911 257 ἑαυτὸν

124 282 322 318 παρεχόμενος.

161 317 203 356 Τὸν
213 328 336 355 ἑκούσιον
350 326 397 354 τοῦ
418 327 544 361 Σωτῆρος
567 327 595 351 ἐν
617 325 650 360 τῇ
672 317 824 358 πειρατῶν
842 322 912 348 οἰκο-

123 374 299 410 νομουμένων
316 372 490 408 σημαίνεται·
508 371 546 403 ώς
562 371 616 405 γὰρ
631 370 766 406 πρόὸατον
781 368 912 403 ἀγόμενον

125 423 165 452 είς
183 419 289 450 θυσίαν,
313 418 329 454 ἢ
354 418 438 453 ἀμνὸς
455 417 576 444 ἐναντίον
591 415 637 442 τοῦ
661 415 798 450 κείροντος
822 413 912 446 αὑτὸν,

124 466 232 500 ἀνάγκῃ
260 473 289 491 τε
314 463 491 498 δαμαζόμενα
526 463 585 489 οὐδὲ
613 462 762 497 βληχᾶσθαι
786 461 816 487 τὸ
842 459 914 487 ὲνδό-

125 520 205 546 σιμον
232 510 288 545 ἔχει
306 517 312 524 ·
343 508 430 540 οὕτως
458 508 538 539 αὐτὸς
575 507 644 534 ἑκὼν
674 509 702 533 ὲν
731 506 770 542 τῷ
799 506 913 540 πάσχειν

124 554 282 582 ἀπεσιώπα.

160 600 216 635 Τὴν
232 600 389 635 παράνομον
408 598 455 625 καὶ
470 598 561 625 ἄδικον
577 597 666 633 κρίσιν
681 596 766 632 δηλοῖ,
782 596 831 631 τῆς
847 596 914 631 ἀλη-

126 646 201 677 θείας
213 645 373 681 κρυϐείσης.
387 645 443 680 Τὴν
458 644 526 680 μετά
540 644 588 679 τὴν
603 644 749 670 ἀνάστασιν
764 643 912 678 γενομένην

125 691 214 725 δόξαν,
230 692 278 718 καὶ
293 691 342 727 τὴν
356 691 454 726 ὲγγενῆ
467 691 549 717 αὑτοῦ
563 690 650 723 ἀξίαν,
665 691 698 726 ἣν
712 692 728 726 ή
743 690 797 718 τῶν
814 692 915 717 οἰκονο-

127 738 269 775 μηθέντων
294 737 417 769 ὑπέδειξε
443 739 536 773 πεῖρα,
560 738 602 768 τίς
627 737 703 764 ἔσται
729 737 821 768 ἱκανὸς
843 736 916 771 λόγῳ

126 785 244 821 φράσαις
259 783 341 810 αὑτοῦ
358 783 407 818 μὲν
424 778 531 818 θανάτῳ
551 782 786 818 ὑποϐαλλομένου,
808 783 915 808 πάντων

125 831 154 857 δὲ
174 832 214 862 εἰς
239 830 393 865 ἀφθαρσίαν
407 827 506 866 χάριτι’
522 828 604 855 αὐτοῦ
619 828 854 863 ζωοποιουμένων,
869 828 916 854 καὶ

964 236 993 259 ut
1010 240 1039 259 se
1053 232 1132 258 nobis
1152 232 1224 259 velut
1239 233 1324 267 legem
1346 233 1484 268 patientiae
1499 232 1642 267 praeberet.

999 320 1083 348 Vsus.
1099 321 1125 346 7.
1142 320 1248 353 Quanta
1259 321 1398 348 voluntate
1412 321 1537 349 Salvator
1552 322 1748 358 redemptionis

963 374 1033 401 opus
1053 366 1215 401 perfecerit,
1244 366 1357 394 indicat.
1389 366 1621 399 Quemadmodum
1638 368 1697 395 ovis
1714 368 1747 394 ad

963 412 1101 439 victimam
1116 412 1216 440 ductus
1227 432 1234 444 ,
1252 416 1299 439 aut
1317 420 1404 448 agnus
1415 420 1507 440 coram
1523 414 1653 441 tondente
1663 414 1686 430 '*
1700 421 1735 441 ne

964 459 1094 486 cessitate
1109 458 1189 491 victi,
1220 459 1329 486 balandi
1351 459 1523 487 occasionem
1546 468 1601 487 non
1627 460 1747 492 habent,

964 505 1002 532 ita
1014 505 1072 540 ipse
1087 505 1186 532 mediis
1199 505 1226 531 in
1238 505 1405 532 cruciatibus
1422 509 1518 540 sponte
1534 506 1605 534 silet.

1002 593 1086 621 Vsus.
1103 594 1128 621 8.
1146 593 1269 630 lniquum
1285 598 1313 621 et
1336 594 1469 630 injuslum
1483 595 1540 623 fore
1551 595 1684 630 judicium
1701 596 1749 623 de-

965 640 1067 672 clarat,
1091 641 1206 668 veritate
1229 648 1370 675 oppressa.
1392 641 1512 668 Gloriam
1537 645 1599 676 post
1622 649 1748 669 resurre—

969 687 1088 714 ctionem
1102 695 1117 712 a
1131 685 1240 713 Christo
1252 687 1393 721 adeptam,
1408 691 1435 714 et
1452 687 1571 719 nativam
1586 687 1645 722 ejus
1659 688 1748 723 dignis

965 736 1067 765 tatem,
1090 741 1150 768 quae
1164 734 1191 760 in
1213 733 1405 760 lncarnalione
1424 734 1541 765 effulsit.
1565 734 1626 769 quis
1649 735 1749 769 poterit

967 786 1092 805 sermone
1106 779 1269 813 complecti?
1288 774 1393 815 Quippe
1409 781 1473 814 qui,
1488 784 1576 807 morte
1588 788 1748 816 oppressus.

966 825 1094 852 omnibus
1107 825 1194 860 gratia
1213 833 1263 852 sua
1278 825 1362 852 vitam
1385 826 1565 853 immortalem
1588 827 1704 861 largitur
1723 835 1747 854 e.

127 879 219 904 πίστει
236 876 438 912 λυτρουμένων.
456 874 556 907 Διττῶς
571 876 686 901 νοεῖται”
706 873 783 900 τοῦτο
801 874 859 908 μὲν,
874 873 914 899 ὅτι

975 871 1091 899 ῑοιυῐειιι.
1115 870 1219 906 Duplici
1236 871 1268 898 de
1289 879 1372 900 causa
1388 871 1443 898 haec
1458 872 1588 900 dicuntur
1604 882 1611 900 :
1627 872 1749 900 Primum

126 924 238 959 ἐδέησεν
253 922 410 957 ἀναγκαίως
422 921 549 956 γενέσθαι
565 921 614 956 τὴν
627 920 778 955 παρουσίαν
793 919 839 946 τοῦ
857 920 914 945 Σω-

125 971 210 1006 τῆρος
228 970 271 996 διὰ
289 970 323 996 τὰ
340 969 461 1005 ἡμέτερα
483 968 718 1003 παρανομήματα·
735 967 784 992 οὐκ
806 965 838 992 ἀν
861 965 916 1001 γὰρ

127 1015 220 1051 χώραν
240 1014 317 1050 ἔσχεν
334 1015 350 1049 ἡ
366 1013 414 1040 τοῦ
434 1012 558 1047 Σωτῆρος
579 1011 703 1046 ἐνδημία,
721 1011 801 1046 ἡμῶν
828 1010 865 1045 μὴ
887 1011 916 1036 ὲν

128 1061 311 1096 παρανομίαις
325 1058 521 1092 ἐξετασθέντων
533 1066 540 1073 '
561 1056 640 1083 τοῦτο
655 1057 693 1089 δὲ,
711 1057 752 1083 ὃτι
765 1057 810 1082 ὑπ’
827 1055 916 1083 αὐτῶν

127 1107 183 1132 τῶν
198 1105 317 1141 ἀνομιῶν
333 1106 372 1136 είς
386 1104 431 1131 τὸν
450 1103 563 1130 θάνατον
577 1103 657 1138 ἤχθη.

179 1153 247 1178 Οσον
260 1151 309 1187 μὲν
320 1147 386 1186 ἧκεν
403 1151 442 1181 εἰς
462 1149 561 1184 ἑαυτὴν
574 1149 622 1184 τὴν
633 1148 723 1184 φωνὴν
732 1148 917 1181 ἀνεξετάστως

125 1197 348 1232 λαμϐανομένην,
362 1195 482 1230 κατάρας
499 1194 546 1221 καὶ
562 1194 610 1220 οὐκ
623 1194 745 1227 εὐλογίας
762 1191 831 1219 εἶναι
845 1193 917 1220 δοκεῖ

126 1243 262 1278 ἐμφασις·
290 1242 324 1278 ἣν
353 1241 382 1268 δέ
413 1250 456 1272 τις
479 1240 523 1266 τὸν
548 1240 757 1274 ἐναποκείμενον
783 1238 846 1265 νοῠν
870 1240 917 1265 ἀν-

129 1289 246 1324 ιχνεύειν
272 1288 398 1323 ἐθελήσῃ,
421 1287 532 1322 εὑρήσει
568 1286 686 1320 πέλαγος
713 1285 917 1320 φιλανθρωπίας

129 1335 355 1370 ἒναποκείμενον·
374 1335 437 1365 τοὺς
461 1335 515 1369 γὰρ
540 1334 674 1369 πονηροὺς
699 1333 746 1359 καὶ
763 1334 791 1358 ὲν
811 1332 917 1366 πλούτῳ

129 1381 279 1417 αὐχοῦντας
289 1382 335 1408 καὶ
346 1380 622 1415 καταδεδικασμένους
636 1379 752 1414 Θανάτῳ,
765 1379 827 1405 ὅσον
838 1375 915 1414 ἧκεν,

130 1429 164 1454 ἐκ
189 1428 242 1454 τῶν
267 1428 358 1458 αὐτοῖς
381 1426 569 1463 εἰργασμένων
597 1426 718 1462 ῥύσεται,
744 1424 915 1456 πιστεύοντας

131 1474 178 1500 καὶ
200 1473 436 1509 παραδεχομένους
460 1472 506 1498 τὸν
521 1471 634 1499 θάνατον
658 1471 704 1498 τοῦ
730 1471 864 1506 Σωτῆρος,
888 1470 918 1502 ὃς

131 1518 208 1545 ierat
233 1519 324 1549 αὐτοῖς
358 1516 598 1553 ἀντικατάλλαγμα
631 1515 832 1553 καρπουμένοις
858 1515 918 1542 ἀντὶ

131 1565 220 1600 ταφῆς
231 1564 278 1591 καὶ
294 1563 408 1590 Θανάτου
427 1563 498 1599 ζωὴν
510 1561 617 1589 αἰώνιον
632 1562 679 1589 καὶ
695 1561 832 1598 ἄφθαρτον
853 1560 919 1588 ἀθα-

132 1611 237 1638 νασίαν.

168 1656 205 1682 Τὸ
233 1655 324 1682 ἄδικον
354 1653 532 1691 ὲμπαροινίαν
557 1651 604 1680 τοῦ
629 1653 751 1680 διαϐόλου
775 1652 859 1688 δηλοῖ,
886 1652 919 1688 ἢν

134 1702 181 1728 ἐπὶ
203 1701 250 1728 τοῦ
277 1701 404 1737 Σωτῆρος
422 1699 500 1736 ὴμῶν
520 1699 688 1731 ἐπεδείξατο-
708 1699 841 1734 μηδεμιᾶς
866 1697 920 1733 γὰρ

134 1748 270 1784 ἁμαρτίας
284 1737 442 1783 εὑρεθείσης
456 1747 485 1772 ὲν
500 1747 533 1782 τῇ
550 1745 621 1772 κατὰ
638 1745 725 1781 σάρκα
741 1744 824 1770 αὑτοῦ
844 1743 920 1770 πολι-

133 1795 204 1829 τείᾳ,
219 1793 276 1820 ἀλλ’
293 1793 483 1828 ἀναμαρτήτου
499 1791 628 1827 μεινάσης
642 1792 691 1826 τῆς
709 1790 819 1826 σαρκὸς,
835 1789 921 1821 οὕτως

134 1839 172 1872 ὡς
188 1840 259 1867 κατά
274 1839 367 1875 ὲνόχου
382 1838 517 1874 ἁμαρτίας
531 1837 680 1873 γενομένης
696 1837 784 1872 ἐπῆγε
803 1836 850 1863 τὸν
874 1835 922 1862 θά-

135 1894 225 1918 νατον,
241 1886 347 1917 δεικνὺς
369 1885 419 1920 τὴν
436 1883 533 1910 ἑαυτοῦ
557 1883 709 1918 ἀρχέκακον
729 1882 845 1908 κακίανι
863 1881 920 1908 ἀνθ’

135 1923 173 1958 ὧν
202 1931 310 1966 εὔλογος
335 1931 468 1966 λύτρωσις
495 1930 599 1964 γίνεται
624 1931 679 1960 τοῖς
706 1929 758 1955 ὑπὸ
783 1927 920 1963 ἁμαρτίαν

135 1978 291 2004 πίπτουσιν.

172 2025 276 2060 Ὥσπερ
298 2023 332 2050 τά
358 2024 423 2059 ἡμῖν
445 2022 652 2058 χρεωστούμενα
671 2021 821 2056 παθήματα
841 2019 922 2051 αὐτὸς

135 2070 332 2105 ἀναδεξάμενος
354 2068 520 2105 ᾠκειώσατο,
538 2068 608 2094 οὕτω
630 2068 677 2094 καὶ
692 2067 741 2102 τὴν
757 2068 789 2093 ἐκ
805 2066 922 2098 πίστεως

135 2116 281 2152 γινομένην
295 2117 361 2151 ἡμῖν
381 2114 514 2150 κάθαρσιν
530 2114 611 2141 αὐτὸν
626 2113 746 2149 δεδέχθαι
760 2113 869 2147 φάσκει.
889 2127 923 2132 --

142 2160 273 2188 Ἐνταῦθα
286 2161 358 2187 δόσιν
380 2161 410 2187 οὐ
431 2161 480 2195 τὴν
497 2160 526 2186 ὲν
540 2159 646 2190 θυσίαις
668 2159 776 2193 φάσκει,
792 2157 860 2185 ἀλλὰ
874 2158 923 2194 τὴν

967 918 1077 952 quidem
1093 917 1156 952 quia
1171 922 1281 952 propter
1293 923 1403 953 peccata
1417 922 1512 946 nostra
1527 918 1668 946 Salvatore
1683 919 1751 946 indi-

969 971 1063 998 gemus
1076 984 1084 996 ,
1101 971 1152 991 nec
1168 963 1265 991 fuisset
1281 972 1330 991 cur
1342 964 1446 991 veniret
1460 964 1596 998 Salvator,
1613 965 1667 992 nisi
1684 972 1750 1000 pee-

968 1010 1037 1037 catis
1050 1010 1197 1037 fuissemus
1208 1010 1313 1043 obruti;
1328 1010 1425 1038 deinde
1439 1010 1503 1046 quia
1521 1010 1556 1038 ab
1567 1011 1635 1046 ipsis
1648 1012 1751 1047 iniqui-

969 1056 1071 1083 tatibus
1086 1056 1120 1083 ad
1133 1060 1248 1083 mortem
1262 1056 1363 1084 ductus
1375 1061 1437 1091 est.‘

1006 1145 1089 1173 Vsus.
1104 1146 1130 1173 9.
1157 1145 1223 1179 Quae
1246 1146 1279 1173 ad
1305 1147 1417 1174 verbum
1451 1148 1655 1177 inconsiderate
1679 1150 1753 1177 acci—

969 1193 1052 1227 pienti
1081 1193 1288 1220 maledictiones
1311 1201 1373 1221 esse
1394 1193 1570 1227 videbuntur,
1595 1203 1650 1222 non
1670 1195 1753 1223 bene—

969 1239 1111 1267 dictiones.
1123 1239 1201 1272 Quod
1214 1239 1238 1267 si
1248 1247 1312 1267 vero
1323 1241 1450 1268 latentem
1462 1245 1579 1269 mentem
1590 1242 1754 1278 investigare

969 1287 1106 1319 volueris,
1134 1285 1257 1322 reperies
1281 1287 1309 1313 in
1334 1287 1386 1314 hoc
1407 1294 1534 1315 sermone
1558 1289 1755 1316 misericordia}

969 1340 1113 1360 oceanum.
1133 1332 1200 1360 Nam
1220 1333 1354 1368 pessimos
1373 1337 1400 1360 et
1421 1333 1524 1361 divitiis
1539 1335 1705 1370 gloriantes,
1720 1343 1754 1362 ac

969 1383 1057 1406 morte
1072 1379 1215 1407 damnatos
1227 1400 1234 1412 ,
1252 1385 1383 1414 quantum
1401 1379 1475 1407 ineo
1492 1380 1561 1412 erit,
1577 1381 1610 1408 ab
1625 1381 1754 1416 operibus

970 1434 1066 1454 eorum
1096 1427 1240 1458 liberabit,
1256 1427 1404 1454 dummodo
1427 1427 1454 1454 in
1476 1427 1571 1463 ipsum,
1581 1429 1709 1461 credant,
1727 1434 1754 1456 et

972 1472 1122 1500 Salvatoris
1135 1476 1249 1500 mortem
1260 1473 1408 1508 excipiant,
1423 1481 1484 1508 quas
1497 1474 1551 1502 illis
1562 1476 1673 1509 praemio
1684 1475 1752 1509 erit;

970 1528 1020 1556 pro
1037 1520 1177 1555 sepultura
1196 1527 1228 1547 ac
1252 1524 1340 1548 morte
1357 1521 1441 1547 vitam
1466 1525 1597 1548 asternam
1612 1525 1640 1549 et
1661 1523 1753 1549 incor-

969 1567 1127 1602 ruptibilem
1143 1567 1376 1595 immortalitatem
1392 1567 1533 1603 largietur.

1005 1655 1109 1683 Iudicat
1141 1656 1185 1683 hic
1221 1663 1302 1691 quam
1337 1657 1532 1685 contumeliose
1571 1657 1754 1694 diabolusjm

971 1702 1137 1730 Salvatorem
1165 1703 1348 1731 debacchatus
1377 1703 1423 1731 sit.
1452 1703 1535 1736 Nam,
1564 1703 1627 1732 licet
1648 1706 1752 1733 nullum

970 1753 1108 1784 repertum
1125 1749 1161 1777 sit
1176 1750 1202 1776 in
1215 1751 1318 1777 carnali
1332 1750 1392 1784 ejus
1409 1751 1463 1777 vita
1477 1756 1628 1786 peccatum,
1644 1756 1672 1780 et
1685 1761 1753 1788 pura

970 1796 1150 1823 remansisset
1163 1796 1224 1831 ejus
1246 1804 1310 1824 caro
1328 1802 1410 1832 atque
1433 1798 1555 1832 integra,
1573 1798 1696 1826 diabolus
1711 1805 1754 1826 ta~

970 1850 1032 1870 men
1051 1850 1112 1870 eum
1123 1863 1130 1875 ,
1150 1844 1224 1870 velut
1240 1848 1410 1878 peccatorem
1424 1865 1431 1877 ,
1448 1848 1535 1872 morte
1554 1844 1659 1878 aﬂ‘ecit,
1676 1853 1753 1872 sum-

971 1897 1043 1916 mam
1069 1897 1145 1917 suam
1160 1891 1308 1924 nequitiam
1333 1891 1485 1918 declarans.
1505 1891 1563 1924 Qua
1585 1891 1690 1919 ratione
1711 1891 1754 1926 ju-

971 1944 1034 1971 gum
1048 1936 1164 1963 feliciter
1177 1937 1296 1964 solutum
1312 1941 1354 1965 est
1370 1943 1481 1972 peccato
1498 1938 1721 1966 inservientibus.

1008 2026 1090 2054 Vens.
1109 2027 1153 2054 10.
1175 2026 1209 2053 Ut
1222 2027 1333 2054 meritas
1347 2028 1428 2055 nobis
1447 2035 1544 2063 pmnas
1559 2027 1611 2055 iste
1628 2027 1755 2055 Christus

973 2074 1127 2109 suscipiens.
1139 2070 1189 2109 pro
1204 2074 1284 2101 nobis
1301 2075 1422 2109 pertulit,
1439 2075 1476 2102 ita
1493 2075 1593 2102 dicitur
1605 2079 1632 2103 et
1647 2075 1755 2103 mundi-

972 2121 1038 2147 tiam
1049 2140 1056 2152 ,
1074 2119 1154 2147 nobis
1169 2127 1217 2154 per
1233 2119 1311 2146 fidem
1332 2120 1454 2155 adeptam
1465 2141 1472 2153 ,
1491 2121 1545 2149 Deo
1562 2122 1755 2156 acceptabilem

974 2165 1041 2193 fore.
1056 2181 1092 2186 —
1106 2165 1156 2193 llic
1170 2165 1228 2192 dari
1245 2164 1297 2192 sibi
1312 2164 1389 2200 jubet
1408 2174 1461 2193 non
1475 2167 1598 2194 victimas
1609 2187 1616 2198 ,
1635 2167 1682 2194 sed
1696 2167 1755 2194 cul-

138 2207 187 2233 σὺν
208 2207 333 2242 αἰσθήσει
357 2207 404 2233 καὶ
424 2206 551 2241 μετανοίᾳ
564 2214 571 2221 ο
588 2206 621 2240 ἣν
637 2206 665 2232 ὲν
690 2206 751 2236 ταῖς
774 2204 918 2239 ἁμαρτίαις

975 2217 1032 2239 tum
1046 2211 1131 2239 animi
1143 2211 1245 2239 conscii
1266 2214 1293 2238 et
1316 2211 1445 2243 contriti,
1461 2220 1515 2246 quo
1531 2217 1690 2248 peccatores
1700 2221 1755 2240 non

137 2253 302 2288 ποιούμενοι,
330 2251 402 2279 ἴασιν
423 2252 544 2287 ἐδέχοντο
566 2251 693 2286 ψυχικὴν,
721 2251 751 2276 οὐ
777 2250 855 2285 μόνον
873 2249 918 2285 τὴν

975 2265 1133 2292 corpoream
1147 2262 1252 2285 tantum
1265 2257 1358 2289 vitam,
1372 2258 1419 2284 sed
1430 2261 1456 2284 et
1468 2258 1639 2292 spiritualem
1654 2259 1756 2287 sanita-

137 2299 254 2326 ἐνταῦθα
269 2298 340 2334 ζωὴν
355 2299 460 2329 ἑαυτοῖς
474 2297 739 2332 πραγματευόμενοι.

179 2344 287 2379 Ἐπειδὴ
301 2344 341 2370 ἔτι
356 2344 450 2379 κέρδος
472 2344 573 2370 οἰκεῖον
595 2344 609 2369 ὁ
631 2341 779 2378 μονογενὴς
800 2341 863 2372 Υῑδς
876 2340 922 2367 τοῦ

137 2389 205 2416 Θεοῦ
231 2389 334 2416 τίθεται
357 2389 406 2424 τὴν
430 2387 568 2424 ἡμετέραν
593 2387 741 2423 σωτηρίαν,
765 2386 858 2422 διόπερ
878 2387 924 2412 καῖ

139 2435 219 2470 σῶμα
234 2435 359 2466 ἀνέλαϐε,
387 2434 434 2461 καὶ
459 2434 494 2460 τὰ
513 2434 584 2469 ὑπὲρ
615 2433 692 2469 ἡμῶν
704 2432 807 2468 ὑπέστη
825 2432 897 2464 πάθη
915 2439 922 2447 ·

138 2481 294 2515 ἀναγκαίως
313 2481 360 2507 καὶ
386 2480 465 2506 πόνον
484 2479 565 2506 αὑτοῦ
593 2477 765 2514 ἀφαιρεῖσθαι
789 2478 887 2512 φάσκει
911 2478 925 2503 ὁ

138 2526 220 2553 αὑτοῦ
234 2525 329 2561 Πατὴρ
350 2525 399 2560 τὴν
416 2523 553 2560 ἡμετέραν
570 2518 642 2550 ἴασίν
664 2532 694 2549 τε
711 2523 757 2550 καὶ⁹
774 2522 922 2559 κάθαρσιν·

139 2571 186 2598 καὶ
203 2571 262 2606 φῶς
282 2570 356 2606 αὐτῷ
372 2570 457 2602 δεῖξαι
479 2569 525 2596 τὸν
545 2569 677 2604 ἡμέτερον
699 2567 849 2603 φωτισμὸν,
864 2567 924 2594 καθ’

139 2618 169 2644 ὃν
192 2616 420 2653 κατηυγαζόμεθα
435 2617 502 2651 πρὸς
517 2615 680 2649 θεογνωσίαν
704 2615 751 2641 καὶ
767 2614 924 2649 ἐπίγνωσιν,

139 2663 326 2700 ἀμειϐομένων
350 2663 403 2690 τῶν
426 2662 499 2697 ὴθῶν
523 2662 569 2688 ὲπὶ
589 2661 620 2688 τὸ
638 2661 751 2696 βέλτιον,
777 2661 824 2689 καὶ
846 2669 925 2695 μετα-

140 2710 330 2745 πλαττομένων
353 2711 385 2745 τῇ
410 2708 456 2735 τοῦ
471 2707 539 2734 Θεοῦ
559 2707 675 2734 συνέσει.
693 2706 747 2733 Τοῦ
766 2705 926 2742 μονογενοῦς

141 2755 207 2783 Υἱοῦ
214 2755 261 2782 τοῦ
276 2755 341 2782 Θεοῦ
355 2755 413 2782 κατ’
426 2754 535 2789 ἐντολὴν
549 2753 684 2790 πατρικὴν
697 2753 783 2780 πάντα
797 2753 926 2788 πράττον-

175 2856 200 2873 ³⁸
212 2854 263 2883 lsa.
282 2863 340 2888 LIII,
357 2855 383 2882 7.

974 2308 1028 2331 tem
1041 2307 1282 2338 consequerentur.

1009 2349 1092 2377 Vens.
1108 2350 1151 2378 Η.
1166 2349 1234 2377 Cum
1248 2350 1363 2377 salutem
1377 2352 1498 2376 nostram
1516 2357 1586 2377 onus
1602 2359 1664 2378 esse
1675 2358 1756 2378 suum

974 2396 1140 2430 reputaverit
1156 2394 1312 2430 unigenitus
1337 2394 1385 2422 Dei
1410 2393 1513 2425 Filius.
1530 2398 1557 2421 et
1572 2395 1633 2422 ideo
1646 2402 1756 2422 carnem

975 2441 1128 2475 susceperit
1151 2448 1183 2466 ac
1207 2447 1256 2475 pro
1281 2441 1359 2467 nobis
1388 2439 1424 2466 sit
1448 2446 1566 2474 passus.
1590 2445 1664 2468 recte
1690 2441 1758 2467 dicit

974 2487 1055 2514 Pater
1066 2495 1096 2515 se
1109 2486 1166 2514 nali
1181 2486 1289 2513 dolores
1303 2485 1420 2518 auferre,
1437 2493 1488 2513 nos
1497 2486 1619 2513 sanando
1635 2491 1662 2513 et
1679 2494 1759 2513 mun-

975 2533 1081 2566 dando;
1100 2532 1193 2566 adjicit
1207 2539 1237 2559 se
1251 2531 1395 2559 ostendere
1411 2532 1435 2558 ei
1449 2532 1550 2562 lucem,
1564 2531 1637 2558 illam
1652 2531 1757 2558 scilicet

974 2587 1028 2615 qua
1045 2579 1189 2606 illuminati
1214 2578 1248 2605 ad
1273 2578 1414 2606 scientiam
1435 2582 1462 2605 et
1484 2577 1689 2612 intelligentiam
1710 2577 1755 2605 Dei

975 2626 1156 2657 illustramur,
1179 2625 1300 2651 moribus
1316 2624 1343 2651 in
1367 2624 1466 2651 melius
1480 2622 1619 2650 conversis
1639 2626 1665 2649 et
1679 2622 1755 2656 juxta

975 2671 1023 2699 Dei
1038 2676 1173 2706 praecepta
1189 2671 1354 2698 informatis.
1378 2669 1522 2704 Unigenito
1536 2668 1582 2695 Dei
1598 2667 1678 2699 Filio,
1695 2675 1757 2694 cum

976 2715 1064 2743 Patris
1081 2716 1209 2743 mandata
1232 2715 1395 2751 perficienda
1417 2718 1525 2746 essent,
1547 2717 1573 2741 et
1588 2713 1678 2740 omnis
1698 2713 1759 2746 ejus

976 2769 1054 2790 mens
1071 2762 1184 2791 fideliter
1201 2761 1353 2797 implenda,
1369 2769 1481 2789 necesse
1501 2765 1560 2788 erat
1582 2764 1610 2788 ut
1634 2759 1760 2786 Salvator
