1919 3075
156 137 167 163 Ι
172 136 223 164 359

734 127 905 158 THEODORI
925 126 1186 156 HERACLEENSIS

1716 128 1788 156 1560

154 193 261 220 mantili
275 200 303 220 se
318 192 455 226 cingeret,
478 193 505 217 et
526 197 624 225 aquam
641 188 796 216 infunderet
812 188 839 214 in
856 186 940 213 label-

1004 194 1046 217 ος,
1073 186 1121 213 καὶ
1149 187 1182 221 τῇ
1203 186 1309 221 ὑπακοῇ
1339 184 1506 220 πληροῦντος
1539 186 1631 212 πᾶσαν
1668 184 1786 212 ἔννοιαν,

156 240 230 271 lum,
252 242 404 273 cunctaque
430 244 571 265 servorum
598 243 713 263 munera
738 235 850 262 subiret.
875 234 941 266 Quae

155 284 248 312 omnia
271 284 357 312 Filius
376 283 468 311 studio
493 283 638 318 praestitit,
663 282 756 309 cibum
777 289 857 308 suum
881 287 942 307 esse

156 338 293 360 asserens.
312 335 341 357 ut
356 331 437 358 faciat
452 330 618 357 voluntatem
631 327 721 355 Patris
733 328 766 355 ".

193 465 275 493 Vens.
293 466 335 493 12.
357 465 501 493 Possessio
518 463 579 491 Filii
592 468 726 491 vocantur
743 463 901 498 quicunque
915 462 941 489 in

156 520 217 541 eum
233 513 363 546 credunt,
387 520 438 539 nec
455 512 590 538 immerito
611 510 720 538 eosdem
746 513 825 537 antea
842 509 941 536 diaboli

157 560 244 594 spolia
267 559 353 587 l'uisso
378 559 493 586 dixeris.
515 557 582 584 Cum
607 556 765 591 unigenitus
790 555 837 582 Dei
855 556 942 583 Filius

157 606 275 633 mirabili
292 605 480 633 incarnatione
496 612 545 632 sua
560 611 657 631 omnes
674 602 706 629 ad
731 602 819 629 Patris
840 606 867 630 et
880 601 941 629 Filii

158 653 321 688 agnitionem
355 651 515 684 deduxerit,
542 651 575 677 ab
601 650 743 678 erroribus
771 653 798 676 et
827 649 943 684 imperio

157 698 256 725 diaboli
270 698 399 724 liberatos
411 706 425 730 ,·
435 705 514 730 quem
533 696 628 723 l'orlem
644 703 706 724 esse
725 699 851 723 errantes
866 695 942 730 prius

158 744 371 776 existimabant,
395 748 469 770 recte
484 751 534 770 nos
561 743 594 769 ab
611 750 644 770 eo
668 742 803 777 possideri
825 742 943 769 dicimur

159 791 304 832 participes
324 791 383 825 ejus
397 790 484 817 cfl'ccti
497 810 504 821 ,
521 790 638 824 spoliato
655 789 774 822 diabolo,
795 790 839 816 cui
856 789 943 816 inser-

159 839 215 866 vire
229 839 398 866 videbamur.

194 917 259 945 (In.
277 917 344 949 LlV,
361 916 443 944 Vens.
464 917 488 944 1.
514 916 579 949 Qure
593 925 640 951 per
657 920 816 952 anagogtam
831 917 864 944 de
886 917 944 944 sin-

159 965 228 999 gulis
240 964 337 991 animis
361 964 451 990 valent
473 964 514 991 sui
530 963 696 996 incuriosis;
712 963 864 998 praesertim
880 971 944 990 vero

159 1010 192 1037 de
208 1010 348 1038 vocatione
361 1011 480 1045 gentium
503 1018 563 1045 qua:
575 1030 581 1042 ,
609 1009 749 1037 Salvatore
764 1009 925 1037 adveniente
936 1031 942 1043 ,

159 1057 287 1090 augenda:
300 1061 327 1083 et
343 1057 558 1092 multiplicandte
573 1061 664 1085 erant.

195 1103 276 1130 Vens.
290 1103 317 1130 2.
336 1102 401 1135 Qua:
416 1103 525 1137 quidem
543 1103 576 1129 ad
595 1103 681 1137 ipsam
702 1101 853 1129 Jerusalem
875 1102 944 1129 refe-

158 1148 259 1180 renda,
283 1152 344 1184 post
367 1149 550 1183 captivitatem
576 1149 745 1184 augendam;
765 1149 865 1177 rectius
880 1157 944 1177 vero

159 1195 192 1222 ad
218 1196 292 1230 ipsas
317 1195 448 1223 ecclesias
475 1195 600 1230 quotidie
622 1195 750 1223 dilatatas
773 1199 800 1223 et
829 1195 931 1231 ampliii

159 1245 245 1272 calas.
268 1241 460 1269 accedentibus
473 1249 651 1277 quoscunque
667 1242 752 1277 gratia
769 1241 816 1269 Dei
839 1250 938 1277 permo.

157 1287 245 1319 verit;
271 1287 404 1323 intelliges
427 1288 510 1315 etiam
540 1296 572 1315 ea
603 1288 637 1316 de
666 1295 829 1323 quacunque
856 1287 944 1314 anima

159 1334 266 1369 egregie
279 1333 405 1360 mandata
419 1334 465 1361 Dei
481 1334 648 1369 perliciente.

196 1425 279 1453 Vens.
295 1426 321 1454 ’5.
344 1426 476 1461 Loquitur
494 1427 539 1454 hic
555 1434 637 1455 sensu
661 1427 811 1463 anagogico
832 1427 866 1455 de
883 1435 946 1462 gen-

161 1473 250 1505 tibus,
273 1474 306 1500 ab
322 1473 406 1500 Israel
427 1481 484 1500 non
500 1477 528 1500 ut
544 1477 656 1509 pereant
675 1473 785 1508 quidem
803 1474 947 1508 possiden-

993 231 1138 259 ἀκόλουθον
1158 232 1205 258 καὶ
1226 231 1256 258 τὸ
1274 231 1455 267 περιεζῶσθαι
1471 231 1573 258 λέντιον
1589 232 1635 258 τὸν
1653 232 1785 268 Σωτῆρα,

993 277 1038 303 καὶ
1065 276 1136 311 ὕδωρ
1162 277 1251 312 βαλεῖν
1278 279 1317 309 εἰς
1340 278 1385 304 τὸν
1411 278 1549 313 νιπτῆρα,
1573 278 1621 304 καὶ
1643 278 1695 312 τὴν
1717 278 1788 312 προς

993 322 1082 349 πάντα
1099 323 1220 350 δουλείαν
1238 323 1433 355 ἀναδέξασθαι·
1447 321 1487 355 οἷς
1503 323 1570 349 πᾶσι
1583 323 1739 358 γενομένοις
1756 325 1788 349 ἐκ

993 369 1147 405 προθυμίας
1172 369 1276 401 παιδὸς,
1302 369 1402 405 βρῶσιν
1430 369 1458 396 δὲ
1482 369 1656 404 λογιζομένου
1683 370 1789 404 ὑπηρε-

993 415 1097 442 τεῖσθαι
1110 417 1167 447 τοῖς
1182 416 1228 442 τοῦ
1242 415 1348 451 Πατρὸς
1364 415 1510 451 θελήμασι.

1028 463 1200 500 Κληρονομεα
1222 463 1287 489 Υἱοῦ
1305 462 1427 496 λέγονται
1446 462 1545 494 πάντες
1561 463 1585 489 οἱ
1607 463 1787 495 πιστεύοντες

993 511 1033 541 εἰς
1050 509 1140 541 αὐτὸν,
1156 509 1251 544 ὥσπερ
1265 508 1311 534 καὶ
1324 508 1540 543 προγεγενῆσθαι
1558 508 1643 535 σκῦλα
1661 508 1784 540 δικαίως,

993 553 1024 579 ἄν
1041 562 1083 585 τις
1098 554 1168 579 εἴποι
1181 553 1228 579 τοῦ
1248 553 1386 579 διαϐόλου.
1413 553 1520 588 Ἐπειδὴ
1538 553 1626 580 τοίνυν
1640 555 1655 580 ὁ
1673 563 1786 589 μονογε-

992 599 1041 635 νὴς
1058 599 1121 631 Υἱὸς
1141 599 1187 625 τοῦ
1206 599 1273 625 Θεοῦ
1292 600 1324 634 τῇ
1349 599 1493 635 θαυμαστῇ
1517 600 1659 635 οἰκονομία
1682 601 1788 631 πάντας

992 645 1149 680 ᾠκειώσατο
1165 647 1205 677 εἰς
1219 645 1268 681 τὴν
1283 646 1390 681 Πατρὸς
1402 647 1448 672 καὶ
1462 645 1526 671 Υἱοῦ
1538 646 1648 680 γνῶσιν,
1665 647 1790 673 ἀποσπᾶ-

995 701 1043 723 σας
1058 691 1107 726 τῆς
1123 691 1227 726 πλάνης
1240 692 1286 717 καὶ
1300 692 1350 726 τῆς
1362 692 1518 727 τυραννίδος
1533 692 1579 718 τοῦ
1595 692 1722 718 διαϐόλου
1735 714 1743 724 ,
1758 693 1790 718 ὃν

996 738 1104 773 ἰσχυρὸν
1119 737 1234 773 ἡγοῦντο
1249 735 1318 764 εἶναι
1335 738 1359 764 οἱ
1372 737 1402 764 τδ
1417 738 1482 772 πρὶν
1496 737 1667 772 πλανώμενοι
1678 747 1685 753 ⁸
1703 739 1790 771 ἀναγ-

994 784 1079 815 καίως
1096 783 1208 815 τούτους
1223 783 1477 819 κεκληρονομῆσθαι
1494 784 1592 818 φάσκει
1615 784 1715 819 μερίδα
1739 786 1789 811 αύ-

995 830 1040 856 τοῦ
1058 830 1234 865 γεγενῆσθαι,
1258 829 1451 861 σκυλευθέντος
1467 830 1513 856 τοῦ
1528 830 1671 862 δοκοῦντος
1689 831 1788 861 αὑτοὶς

995 877 1106 911 κρατεῖν
1120 875 1254 902 διαϐόλου.

1030 921 1122 948 Ταῦτα
1147 922 1218 948 κατὰ
1245 922 1390 957 ἀναγωγην
1416 921 1462 948 καὶ
1489 923 1530 953 εἰς
1556 923 1675 957 ἑκάστην
1699 922 1788 958 ψυχὴν

994 966 1154 1002 ὲκληπτέον,
1169 967 1347 1003 ἁμελήσασαν
1361 969 1460 1004 ἑαυτῆς
1469 976 1476 983 ·
1490 968 1521 994 οὐ
1535 967 1587 1003 μὴν
1603 968 1671 994 ἀλλὰ
1687 968 1736 994 καὶ
1750 970 1789 999 είς

994 1012 1043 1047 τὴν
1058 1013 1152 1048 κλῆσιν
1166 1013 1220 1039 τῶν
1236 1013 1320 1040 ἐθνῶν
1334 1013 1507 1049 αὐξηθέντων
1522 1015 1569 1040 καὶ
1586 1013 1788 1049 πληρωθέντων

994 1060 1047 1086 ἀπὸ
1063 1061 1112 1096 τῆς
1125 1061 1171 1087 τοῦ
1187 1061 1311 1097 Σωτῆρος
1326 1061 1476 1097 παρουσίας

1030 1106 1084 1133 Καὶ
1098 1106 1184 1133 ταῦτα
1199 1107 1243 1133 ἐπ’
1261 1107 1346 1142 αὐτῆς
1359 1107 1407 1142 τῆς
1427 1107 1603 1143 Ἰερουσαλὴμ
1617 1107 1769 1143 ὲκληπτέον
1779 1128 1787 1138 ,

996 1152 1147 1188 αὐξομένης
1179 1153 1246 1187 μετὰ
1272 1153 1321 1188 τὴν
1342 1153 1545 1188 αἰχμαλωσίαν·
1570 1153 1742 1189 κυριώτερον
1759 1154 1788 1180 δὲ

996 1198 1037 1224 ἐπ’
1051 1198 1139 1226 αὐτῶν
1153 1198 1207 1225 τῶν
1227 1198 1393 1234 Ἐκκλησιῶν
1413 1199 1550 1235 ὁσημέραι
1576 1199 1789 1234 πλατσνομένων

995 1245 1042 1271 καὶ
1056 1245 1175 1271 ἐπίδοσιν
1195 1245 1391 1280 λαμϐανουσῶν
1419 1245 1462 1271 διὰ
1490 1245 1544 1271 τῶν
1564 1245 1788 1281 προστιθεμένων

995 1291 1028 1324 τῇ
1051 1290 1141 1325 χάριτι
1177 1289 1224 1316 τοῦ
1259 1290 1342 1316 Θεοῦ·
1381 1291 1480 1316 νοεῖται
1511 1290 1540 1316 δὲ
1575 1290 1622 1316 καὶ
1656 1290 1695 1321 είς
1723 1290 1788 1316 ἐκα-

997 1343 1063 1370 στην
1084 1335 1172 1371 ψυχὴν
1193 1335 1372 1363 συντελοῦσαν
1396 1336 1436 1367 εἵς
1458 1345 1484 1362 τι
1507 1336 1561 1362 τῶν
1584 1336 1634 1371 τῆς
1655 1336 1788 1371 ἀληθείας

997 1382 1086 1408 καλῶν
1091 1403 1097 1409 .

1032 1429 1112 1463 Λέγει
1127 1428 1155 1455 δὲ
1169 1429 1216 1455 καὶ
1231 1427 1301 1455 κατὰ
1319 1428 1465 1464 ἀναγωγὴν
1481 1429 1543 1464 περὶ
1556 1428 1610 1455 τῶν
1629 1427 1717 1454 ἐθνῶν
1733 1427 1790 1454 τῶν

1000 1474 1150 1510 μελλόντων
1173 1474 1210 1509 μὴ
1230 1475 1269 1505 εἰς
1294 1473 1408 1500 θάνατον
1425 1473 1651 1509 κληρονομεῖσθαι
1675 1473 1723 1500 ὑπ’
1742 1473 1791 1499 αὑ-

161 1520 215 1552 dis,
232 1520 280 1546 sed
297 1523 326 1545 ut
341 1527 394 1546 una
411 1519 463 1547 [ide
478 1520 622 1547 credentes
637 1527 699 1547 cum
718 1520 779 1554 ipso
795 1520 946 1548 salventur.

1004 1521 1064 1554 τῶν,
1087 1521 1144 1548 ἀλλ’
1178 1522 1217 1552 εἰς
1253 1520 1426 1556 περιποίησιν
1455 1520 1503 1546 καὶ
1540 1519 1679 1555 σωτηρίαν
1710 1520 1788 1554 κοινῇ

201 1609 281 1637 Vens.
299 1610 323 1636 7.
342 1610 448 1637 Cuncta
479 1617 509 1638 se
532 1610 603 1637 mala
623 1611 755 1638 oblivioni
780 1611 945 1638 traditurum

162 1657 273 1686 indicat.
292 1656 337 1684 Sic
357 1657 429 1685 enim
455 1657 543 1692 inquit
562 1666 568 1684 :
587 1657 754 1685 (Iondonabo
769 1658 948 1693 negligentias

163 1708 234 1734 tuas.
246 1707 276 1730 ut
288 1705 343 1738 jam
354 1710 408 1730 non
419 1703 536 1737 amplius
552 1702 599 1729 tibi
616 1710 708 1730 earum
726 1704 884 1730 memoriam
900 1710 931 1729 ex

162 1750 300 1784 probrem,
328 1748 401 1784 quod
429 1748 518 1776 facere
536 1749 623 1776 solent
638 1748 684 1783 qui
706 1748 797 1783 lapsas
820 1748 948 1776 mulieres

163 1794 196 1821 ad
211 1797 317 1829 tempus
334 1794 471 1828 rejiciunt.

200 1839 281 1867 Vens.
293 1840 304 1867 ‘l
314 1841 336 1867 ι.
353 1839 553 1868 luclementiam
567 1840 611 1867 hic
621 1839 947 1868 dcclaratChaldteorum.

163 1887 269 1921 Quippe
288 1887 344 1921 qui,
358 1894 456 1914 munus
471 1893 533 1913 cum
551 1886 722 1921 accepissent
739 1893 754 1912 a
772 1885 826 1912 Deo
840 1886 948 1913 Israeli-

163 1935 204 1958 tas
223 1937 331 1966 propter
356 1935 467 1966 peccata
494 1931 640 1966 puniente,
665 1938 714 1958 sua
731 1930 812 1958 etiam
837 1931 949 1959 noidiue

163 1979 301 2012 graviores
327 1979 355 2005 in
382 1986 429 2005 eos
453 1984 548 2013 poenas
567 1978 789 2012 excogitaverunt
815 1981 842 2005 el.
861 1977 949 2005 inten-

164 2025 272 2053 derunt.

203 2070 283 2098 Vens.
299 2070 340 2096 l7.
356 2069 398 2096 Nil
408 2069 579 2104 profecturos
594 2069 714 2097 hostium
730 2069 858 2097 incursus
870 2069 947 2101 dicit,

164 2116 224 2150 ipso
243 2115 390 2142 Jerusalem
404 2119 579 2149 protegente;
593 2122 647 2142 non
667 2115 740 2142 enim
753 2115 853 2142 valebit
868 2122 949 2142 omne

164 2169 213 2189 vas
229 2161 328 2189 hostile
342 2161 369 2188 in
385 2168 451 2193 vos;
469 2161 625 2195 vosmetipsi
643 2160 818 2196 superabitis.

201 2251 266 2278 CAP.
282 2250 337 2283 LV,
355 2250 438 2278 Vens.
455 2250 482 2277 2.
507 2250 621 2278 Paratus
639 2255 681 2278 est
697 2251 829 2280 Dominus
844 2252 879 2280 ad
899 2253 950 2280 du-

167 2297 269 2325 cendos
282 2297 418 2329 homines.
436 2297 470 2325 ad
486 2305 533 2326 eos
544 2298 623 2325 bonis
637 2297 779 2326 donandos
795 2300 950 2327 misericors

167 2343 257 2378 Deus;
279 2351 330 2371 nec
349 2344 421 2371 dona
448 2345 614 2380 temporaria
640 2345 720 2373 modo
746 2344 791 2373 hic
816 2353 845 2373 se
872 2346 951 2373 nobis

166 2390 328 2425 largiturum
357 2391 517 2422 annuntiat,
547 2390 593 2418 sed
620 2395 647 2418 et
674 2395 775 2419 aeterna
804 2391 833 2418 in
857 2393 949 2426 cmlo;

167 2437 235 2464 nihil
247 2436 321 2464 aliud
336 2444 351 2463 a
372 2437 452 2464 nobis
471 2437 618 2471 deposcet,
640 2438 694 2464 nisi
710 2437 831 2465 animum
845 2442 952 2474 gratum

167 2486 193 2509 et
208 2482 324 2510 docilem
336 2503 344 2516 ,
359 2483 467 2511 docenti
481 2484 712 2517 consentientem,
726 2487 753 2512 et
767 2485 876 2511 vocanti
891 2492 951 2511 eum

169 2529 261 2556 studio
276 2531 498 2565 respondentem.

207 2574 286 2603 Vens.
303 2576 330 2604 5,
347 2575 466 2604 Auribus
481 2577 620 2604 attendere
633 2577 697 2604 dum
709 2577 803 2612 jubet,
822 2584 876 2605 non
893 2585 956 2605 sen-

171 2628 218 2648 sus
232 2623 354 2657 corporis
372 2623 513 2650 intendere
531 2623 650 2651 videtur.
668 2623 736 2650 Nam
754 2624 843 2652 oculis
867 2629 956 2653 atten-

171 2666 283 2701 dentes,
299 2668 395 2696 iisdem
417 2670 511 2696 audii'e
530 2678 584 2696 non
608 2671 751 2704 valemus;
772 2679 822 2699 nec
842 2673 956 2700 auribus

173 2713 341 2747 attendenti,
360 2715 455 2743 iisdem
478 2716 570 2744 videre
595 2717 667 2744 licet.
705 2717 782 2750 Quod
813 2719 894 2745 etiam
923 2719 956 2746 de

173 2761 278 2787 deteris
307 2763 430 2796 corporis
445 2764 571 2791 sensibus
593 2765 674 2791 valet.
692 2763 751 2797 Quo
771 2769 878 2793 constat
894 2774 955 2792 eum

211 2842 233 2858 "
242 2841 321 2869 ’Joan.
344 2849 379 2873 iv,
393 2843 436 2869 54.

999 1568 1202 1594 πιστευσάντων
1218 1566 1272 1592 τῶν
1287 1566 1380 1593 ἐθνῶν.

1034 1613 1070 1640 Τὸ
1086 1611 1274 1647 ἁμνησίκακον
1287 1610 1332 1637 τοῦ
1347 1610 1414 1636 Θεοῦ
1430 1610 1476 1637 καὶ
1492 1610 1520 1637 ἐν
1538 1609 1624 1644 τούτῳ
1638 1609 1767 1645 δηλοῦται
1781 1618 1788 1624 ·

997 1659 1069 1686 οὕτω
1088 1658 1141 1694 γάρ
1157 1666 1233 1693 φησι·
1252 1657 1425 1692 Συγχωρήσω
1439 1656 1473 1682 τὰ
1491 1656 1720 1691 πλημμελήματά
1735 1664 1788 1688 σοι,

998 1705 1036 1737 ὡς
1053 1704 1119 1740 μηδὲ
1141 1705 1180 1735 εἰς
1203 1703 1355 1739 ὑπόμνησιν
1371 1702 1462 1729 αὐτῶν
1479 1711 1543 1729 ποτε
1563 1702 1673 1729 ἐλθόντα
1690 1702 1791 1728 ὀνειδί-

1000 1760 1044 1778 σαι
1055 1759 1062 1764 ·
1078 1750 1204 1785 καθάπερ
1219 1749 1341 1776 ποιοῦσιν
1355 1749 1378 1775 οἱ
1395 1749 1527 1783 γυναῖκας
1544 1747 1723 1783 ἁμαρτούσας
1734 1747 1791 1773 ὀλί-

999 1806 1046 1832 γον
1066 1796 1277 1833 ἀπορρίψαντες.

1034 1844 1090 1877 Τῆς
1106 1842 1300 1878 ἀπανθρωπίας
1313 1841 1428 1868 ἐνταῦθα
1441 1843 1631 1878 κατηγορεῖται
1644 1841 1699 1868 τῶν
1717 1841 1791 1868 Χαλ-

998 1890 1091 1922 δαίων,
1106 1889 1241 1915 λαϐόντων
1263 1889 1312 1924 μὲν
1336 1887 1411 1924 παρὰ
1435 1887 1482 1914 τοῦ
1503 1888 1571 1914 Θεοῦ
1594 1888 1624 1914 τὸ
1645 1888 1790 1922 ἐνδόσιμον

998 1937 1045 1964 τοῦ
1059 1935 1266 1972 τιμωρήσασθαι
1286 1935 1348 1967 τοὺς
1369 1935 1539 1971 Ἰσραηλίτας
1552 1935 1596 1962 διὰ
1610 1935 1643 1961 τὰ
1660 1935 1792 1970 πλημμε-

999 1983 1113 2018 ληθέντα
1128 1983 1227 2013 αὐτοῖς,
1246 1981 1316 2016 ἰσχύϊ
1333 1981 1362 2007 δὲ
1383 1981 1435 2016 ἰδίᾳ
1456 1981 1641 2016 λογισαμένων
1663 1986 1711 2007 καὶ
1732 1982 1792 2007 ἐπι-

999 2028 1140 2055 τεινόντων
1156 2028 1247 2059 αὑτοῖς
1263 2026 1298 2053 τὰ
1314 2027 1397 2054 δεινά.

1035 2075 1090 2110 Τὴν
1103 2075 1178 2110 παρὰ
1191 2073 1244 2101 τῶν
1258 2074 1394 2109 πολεμίων
1414 2074 1507 2108 ἔφοδον
1526 2073 1576 2108 τῆς
1591 2073 1674 2099 αὑτοῦ
1699 2073 1790 2108 ῥοπῆς

1001 2119 1140 2155 παρούσης
1156 2119 1247 2150 αὐτοῖς
1268 2119 1443 2154 ἁδυνατήσειν
1467 2118 1558 2152 λέγει’
1575 2117 1635 2144 οὐδὲ
1654 2117 1710 2153 γὰρ
1735 2118 1791 2144 πᾶν

1003 2167 1097 2198 σκεῦος
1111 2166 1256 2200 πολεμικὸν
1274 2165 1378 2200 ἰσχύσει
1398 2165 1459 2191 καθ’
1474 2164 1568 2199 ὑμῶν’
1583 2164 1662 2198 ὑμεῖς
1678 2172 1791 2199 περιγε-

966 2200 989 2228 D
1003 2211 1116 2238 νήσεοθε
1132 2211 1219 2246 ὑμῶν.

1036 2258 1164 2293 Ἐτοιμος
1183 2256 1220 2283 ὢν
1247 2256 1314 2292 πρὸς
1336 2255 1386 2287 τὰς
1404 2255 1535 2291 χορηγίας
1547 2255 1560 2281 ὁ
1576 2254 1726 2288 Δεσπότης,
1743 2254 1791 2280 καὶ

1001 2304 1090 2340 βρύων
1107 2305 1162 2335 τοῖς
1181 2303 1293 2337 ἀγαθοῖς
1318 2303 1332 2329 ὁ
1357 2301 1545 2336 φιλάνθρωπος
1563 2300 1644 2332 Θεός·
1661 2300 1691 2326 οὐ
1709 2299 1791 2334 μόνον

1000 2351 1056 2386 γὰρ
1074 2350 1108 2377 τὰ
1124 2348 1240 2376 ἐνταῦθα
1263 2347 1354 2382 ἀγαθὰ
1372 2346 1570 2381 ἐπαγγέλλεται
1589 2345 1698 2376 δώσειν,
1723 2344 1791 2371 ἀλλὰ

1001 2398 1047 2423 καὶ
1067 2396 1121 2422 τῶν
1136 2394 1282 2432 μετέπειτα
1298 2394 1414 2421 αἰωνίων
1426 2392 1536 2428 δωρεῶν
1550 2391 1599 2427 τὴν
1618 2391 1770 2417 ἀπόλαυσιν
1784 2399 1790 2405 ·

1002 2442 1077 2470 οὐδὲν
1090 2442 1182 2478 ἕτερον
1195 2441 1306 2468 ἀπαιτεῖ
1321 2440 1337 2475 ἢ
1356 2439 1514 2474 εὐγνώμονα
1528 2437 1676 2473 ἀκροατὴν,
1691 2437 1792 2463 συνιέν-

1003 2497 1037 2516 τα
1055 2489 1102 2524 μὲν
1125 2487 1159 2514 τὰ
1180 2487 1323 2522 λεγόμενα,
1341 2485 1543 2520 προστρέχοντα
1562 2484 1591 2510 δὲ
1609 2483 1649 2519 τῷ
1664 2483 1792 2510 καλοῦντι

1005 2535 1063 2569 μετ’
1078 2533 1193 2564 εὐνοίας.

1040 2580 1076 2606 Τὸ
1094 2579 1237 2614 προσέχειν
1251 2577 1318 2604 ὠσὶν
1332 2577 1369 2609 ὠς
1383 2574 1449 2612 ἧκεν
1464 2577 1503 2607 εἰς
1527 2574 1576 2606 τὰς
1593 2574 1640 2601 τοῦ
1664 2573 1794 2608 σώματος

1006 2626 1149 2662 αἰσθήσεις
1169 2623 1345 2652 ἀνακόλουθον
1362 2621 1430 2649 εἶναι
1453 2622 1540 2648 δοκεῖ·
1566 2621 1717 2656 ὀφθαλμοῖς
1738 2620 1793 2655 γὰρ

1006 2672 1193 2709 προσέχοντες,
1216 2671 1272 2702 τοῖς
1291 2671 1384 2701 αὐτοῖς
1400 2669 1447 2695 καὶ
1468 2667 1576 2695 ἀκούειν
1591 2667 1620 2693 οὐ
1636 2666 1792 2701 δυνάμεθα·

1005 2718 1052 2745 καὶ
1077 2717 1143 2744 ὠσὶν
1167 2716 1320 2748 ἀκούοντες,
1343 2714 1446 2745 τούτοις
1475 2712 1582 2748 βλέπειν
1613 2711 1662 2746 οὐχ
1693 2709 1745 2737 οἶοί
1765 2710 1795 2736 τέ

1006 2766 1088 2799 ἐσμεν
1101 2772 1108 2780 ·
1123 2762 1223 2798 ὁμοίως
1238 2762 1266 2788 δὲ
1288 2761 1335 2788 καὶ
1359 2760 1405 2786 ὲπὶ
1424 2758 1478 2785 τῶν
1494 2757 1579 2785 ἄλλων
1593 2756 1649 2782 τῶν
1667 2755 1740 2782 κατὰ
1764 2754 1796 2781 τὸ
