1919 3075
132 115 199 144 1561

850 125 882 151 ΙΝ
903 125 1028 153 ISAIAM.

1696 134 1703 160 l
1710 133 1762 161 362

133 175 216 210 σῶμα
244 175 413 211 αἰσθήσεωνθ
439 178 477 210 ὼς
503 179 534 205 ἐκ
564 181 658 207 τούτου
681 181 833 210 δείκνυσθαι
862 193 926 219 συμ-

981 186 1057 213 nobis
1072 187 1232 219 consulere,
1249 191 1277 214 ut
1296 188 1382 215 oculis
1400 188 1482 215 animi
1498 192 1685 223 attennamus,
1702 191 1762 224 qui-

134 220 271 255 βουλεύειν
295 223 385 254 αὐτοῖς
408 224 552 259 προσέχειν
567 226 636 252 κατὰ
651 228 714 259 τοὺς
736 228 786 262 τῆς
806 228 941 261 διανοίας”

132 267 301 302 ὀσθαλμοῦς,
318 268 379 294 καθ’
395 269 442 301 οὓς
458 270 502 296 καὶ
517 271 627 298 ἀκούειν
639 272 749 299 δυνατόν
759 282 766 289 ο
782 274 853 309 ἁπλῆ
867 275 924 311 γάρ

131 321 176 344 τις
188 310 253 339 οὖσα
270 314 285 349 ἡ
305 313 377 350 ψυχὴ
393 315 440 342 καὶ
457 317 593 352 μονοειδὴς
607 317 656 353 τὴν
672 318 761 353 φύσιν,
781 321 829 355 μιᾷ
846 310 924 347 δυνά-

133 367 181 393 μει
197 358 227 385 τό
240 367 268 385 τε
283 359 391 386 ἀκούειν
408 362 454 387 καὶ
471 363 537 398 ὁρᾷν
553 364 692 399 κέκτηται.

176 405 244 431 ‘AD.’
268 406 333 437 ἴσως
356 409 517 443 στενοχωρεῖ
542 409 623 444 ὑμᾶς,
651 411 698 437 καὶ
723 411 821 438 κωλύει
849 412 923 448 αὐτῷ

132 453 302 486 προσφυγεῖν
320 452 349 478 τὺ
368 453 468 489 πλῆθος
481 454 534 480 τῶν
550 455 690 491 ἁμαρτιῶν
706 457 752 483 καὶ
770 458 799 483 τὸ
819 459 858 490 εἰς
877 458 924 484 αὐ-

131 497 179 523 τον
201 498 382 533 ὴσεΰηκὲνσιι⁸
399 500 457 527 ἀλλ’
482 501 542 528 οὐδέ
561 511 611 529 που
634 503 703 538 μέγα
728 503 842 540 κώλυμα
860 506 924 540 ὑμῖν

133 545 269 576 φανεῖται,
288 545 312 571 εἰ
328 545 372 571 τὸν
395 546 476 572 αὐτοῦ
498 546 571 573 ἔλεον
593 547 695 582 ἄφατον
720 550 783 575 ὅντα
807 549 925 585 ἐνθυμη-

132 591 209 626 (λῆτε.
225 591 262 616 Οὐ
277 591 330 626 γὰρ
343 591 460 623 τοσαῦτα
480 592 556 619 ἔσται
570 593 645 628 ὑμῶν
660 594 692 620 τὰ
706 595 788 626 κακὰ,
802 595 839 627 ὼς
852 596 925 631 νικῆ-

134 646 180 664 σαι
194 637 241 664 καὶ
255 639 418 673 ὑπερϐαλεῖν
429 638 477 674 τὴν
494 640 575 666 αὑτοῦ
594 640 797 676 φιλανθρωπίαν
810 650 816 656 ·
841 642 924 674 πολὺς

131 684 188 719 γὰρ
209 684 246 711 ὢν
264 685 292 711 ἐν
314 686 475 720 οἰκτιρμοῖς,
493 686 591 721 πολλὴν
613 687 660 713 καὶ
680 688 728 722 τὴν
753 688 849 722 ἄφεσιν
871 688 924 715 τῶν

132 731 277 765 ἁμαρτιῶν
290 731 366 766 ὑμῶν
379 732 520 767 ποιήσεται
531 741 537 747 ·
550 733 595 759 καὶ
607 733 693 765 οὕτως
706 734 776 769 ὑμᾶς
789 734 924 770 καθαροὺς

132 776 281 809 ἀποδείξει,
305 777 342 808 ὡς
368 777 433 812 μηδὲ
458 776 530 812 ἴχνος
554 777 688 810 σώζεσθαι
709 779 764 805 τῶν
785 779 924 815 προτέρων

133 823 149 848 ὑ
154 823 212 857 μῶν
226 823 242 849 ἁ
246 831 282 858 μοι
286 832 333 859 ρτη
339 823 440 858 μάτων.

170 869 225 904 Τὴν
239 869 283 895 ἐπὶ
295 870 354 900 ταῖς
373 870 493 902 ἐντολαῖς
510 870 555 896 τοῦ
574 871 656 906 νόμου
672 871 775 898 εὺοδίαν
794 872 922 907 παρέξειν
941 860 961 888 Β

132 915 226 946 αὐτοῖς
242 916 437 950 ἐπαγγέλλεται
449 916 525 949 Θεὸς,
546 917 626 952 μόνον
640 918 663 943 εἰ
679 918 791 949 ἑαυτοὺς
808 919 925 954 ἐργάτας

131 960 225 987 αὐτῶν
244 961 329 993 δεῖξαι
348 961 533 996 ἐθελήσουσιν,
549 961 630 988 αὑτοῦ
644 962 825 998 χορηγοῦντος
850 964 925 998 ἰσχὺν

132 1007 204 1040 πρὸς
216 1006 245 1032 τὸ
261 1006 414 1033 ἐπιτελέσαι
435 1007 545 1039 ταύτας.
561 1008 598 1034 Οὐ
619 1008 672 1043 μὴν
689 1008 755 1034 ἀλλὰ
774 1009 819 1034 καὶ
835 1008 882 1044 τὴν
893 1009 926 1035 ἐκ

132 1054 185 1088 ’τῆς
208 1053 395 1088 αξχμαλωσίας
418 1053 510 1080 ἄνοδον
531 1053 616 1086 οὕτως
634 1054 724 1086 ἔδοξεν
742 1055 839 1086 αὐτοὺς
863 1055 926 1086 τοὺς

133 1099 266 1132 ἀφιέντας
283 1099 417 1133 τοσαύτην
434 1099 578 1126 ἀναλαϐεῖν
592 1099 746 1135 προθυμίαν
761 1100 809 1135 τῆς
825 1100 926 1127 τούτων

133 1145 290 1179 ἐκπομπῆς,
306 1144 343 1176 ὡς
360 1145 429 1180 μετὰ
445 1145 607 1180 δορυφορίας
623 1146 669 1171 καὶ
681 1145 842 1181 ὀδηγήσειν·
858 1146 926 1181 ὅπερ

133 1190 147 1215 ἐ
156 1190 182 1216 πὶ
195 1189 285 1225 Κύρου
298 1190 344 1216 τοῦ
369 1190 499 1224 βασιλέως
511 1190 623 1226 Περσῶν
639 1190 800 1226 ἐπληροῦτο,
817 1199 927 1226 τρανου-

137 1234 222 1269 μένης
237 1235 286 1270 τῆς
300 1235 347 1261 τοῦ
363 1235 431 1261 Θεοῦ
440 1236 525 1270 ῥοπῆς
535 1244 541 1250 ⁸
554 1236 599 1261 καὶ
611 1236 653 1261 ἐπ’
668 1235 757 1262 αὐτῶν
774 1236 827 1262 τῶν
841 1236 926 1272 ὀρέων

134 1281 164 1306 ὲν
192 1281 225 1316 τῇ
251 1281 354 1307 τούτων
378 1281 483 1316 κινήσει
503 1281 550 1316 τὴν
578 1281 737 1315 ἁγαλλίασιν
753 1282 925 1314 δεικνύντων,

135 1327 175 1353 ἔτι
199 1327 251 1362 μὴν
285 1327 333 1353 καὶ
369 1327 456 1353 ἄλλων
480 1328 600 1362 σημείων
631 1328 924 1363 παρακολουθούντων·

135 1373 229 1409 ῶσπερ
260 1372 314 1408 γὰρ
339 1373 385 1398 ἐπὶ
409 1372 458 1408 τὴν
480 1372 582 1408 ἔρημον
609 1372 728 1399 διιόντων
757 1371 925 1408 ὑπεχώρειή

143 1418 259 1454 Ἐρυθρὰ
270 1418 402 1450 θάλασσα,
426 1419 522 1450 οὕτως,
547 1418 671 1450 ἐξιόντων
687 1418 740 1445 ἀπὸ
756 1419 804 1453 τῆς
826 1419 926 1454 αίχμα-

136 1465 246 1497 λωσίας,
268 1466 412 1501 ἱστορεῖται
433 1465 477 1492 τὸν
495 1466 589 1501 Τίγριν
608 1466 728 1501 ποταμὸν
749 1466 808 1492 ποῦ).
828 1466 925 1497 αὐτοὺς

135 1510 336 1544 διαϐεϐηκέναι,
362 1510 433 1537 καθὰ
462 1511 508 1537 καὶ
528 1512 542 1537 ὁ
563 1511 707 1546 Ἰορδάνης·
727 1511 773 1537 καὶ
791 1510 924 1546 τοσαύτην

138 1556 288 1591 μεταϐολὴν
316 1556 350 1582 τὰ
373 1556 424 1591 ὅρη
445 1556 546 1588 λαΰεῖν,
569 1557 629 1583 ἀντὶ
649 1557 698 1591 τῆς
718 1556 924 1591 καταλαϐούσης

138 1603 170 1629 ἐκ
195 1603 248 1629 τῶν
272 1602 407 1638 πολεμίων
437 1603 565 1638 ἐρημίας,
587 1603 623 1634 ὠς
650 1602 822 1638 καὶδένδρων
842 1602 924 1635 ξένων

137 1649 213 1684 παρὰ
238 1648 272 1675 τὰ
285 1649 349 1675 ὄντα
366 1648 488 1675 ἐκδοῦναι
510 1649 626 1684 βλάστην
637 1657 643 1663 ’
659 1649 705 1674 καὶ
721 1649 770 1684 τὴν
786 1648 832 1674 τοῦ
856 1648 923 1675 Θεοῦ

136 1695 278 1729 εὐμένειαν
297 1696 329 1722 ὲκ
350 1696 400 1730 τῆς
421 1696 474 1722 τῶν
492 1695 575 1730 ὀρέων
598 1695 749 1730 μεταϐολῆς
765 1696 918 1731 δειχθῆναι·

136 1741 241 1768 ἐκείνου
260 1742 384 1778 μήνυσιν.

174 1788 210 1814 Οὐ
227 1789 315 1815 τοίνυν
337 1789 428 1824 ὠνητὰ
449 1788 483 1815 τὰ
498 1788 572 1824 παρὰ
591 1788 669 1821 Θεοῦ,
691 1788 759 1815 ἀλλὰ
777 1788 877 1824 προῖκά
896 1797 926 1814 τε

136 1835 185 1862 καὶ
202 1835 284 1871 χωρὶς
300 1835 432 1870 ἀργυρίου
448 1835 534 1861 ταῦτα
558 1834 674 1870 λήψεσθε
685 1843 691 1849 ·
708 1834 767 1860 οὐδὲ
785 1834 838 1870 γὰρ
856 1835 926 1860 οἴνου

138 1880 218 1916 χρεία
247 1881 286 1912 εἰς
313 1881 438 1916 σπονδὴν,
461 1881 508 1907 καὶ
531 1880 639 1912 στέατος
662 1882 702 1911 είς
719 1881 829 1908 θυσίαν·
848 1881 866 1908 ἃ.
881 1881 927 1907 καὶ

137 1926 225 1953 ταῦτα
244 1926 375 1962 ἀργυρίου
399 1926 557 1961 ὠνούμενοι,
574 1926 649 1952 οἱεόὲν
663 1926 742 1953 πλέον
755 1926 926 1961 ἀποφέρεσθε

137 1973 178 2004 εἰς
192 1972 282 2007 ὖνησιν
295 1971 438 2007 ἣκόπον,ἢ
454 1972 562 2008 μόχθον,
573 1972 610 2007 μὴ
625 1972 709 1998 ὄντων
725 1971 824 1998 ἱκανῶν
836 1971 926 1997 δυσω-

139 2027 177 2054 πη
183 2018 284 2052 μάτων.

181 2062 284 2098 Ὑμεῖς,
307 2063 399 2099 φησὶν,
417 2064 440 2090 οἱ
465 2063 626 2097 ἁλλογενεῖς,
644 2064 668 2090 οἱ
689 2063 727 2098 τῷ
743 2062 802 2098 Θεῷ
819 2063 928 2089 ἀνακεί-

142 2116 228 2143 μενοι,
257 2108 304 2135 καὶ
330 2107 400 2134 κατὰ
428 2108 477 2139 τὰς
501 2108 609 2140 ἐντολὰς
633 2108 715 2135 αὑτοῦ
741 2108 870 2142 βιοῦντες,
890 2107 926 2143 μὴ

139 2153 284 2187 λογίσησθε
310 2154 420 2185 ἑαυτοὺς
447 2154 647 2190 μακαριότητος
668 2154 855 2187 ὲπιτεύξεσθαι
881 2154 928 2180 καὶ

140 2198 188 2224 τοῦ
205 2198 304 2234 κλήρου
325 2198 378 2225 τῶν
404 2199 502 2232 ἁγίων·
518 2198 575 2225 ἀλλ’
587 2199 772 2234 ἐπιστάμενοι,
783 2200 820 2230 ὡς
832 2199 929 2234 τρόπος
945 2191 966 2218 Ῑ)

142 2244 216 2278 ὑμᾶς
240 2244 368 2271 συνάπτει
394 2243 431 2279 τῷ
456 2244 589 2280 Ἀϐραὰμ.
612 2245 658 2271 καὶ
675 2245 705 2271 οὑ
731 2245 826 2278 γένους
849 2245 929 2279 ἀγχι-

143 2289 229 2319 στεία,
248 2289 320 2323 ἠθῶν
340 2290 496 2324 ἐπιμέλειαν
512 2290 643 2321 ποιεῖσθε,
660 2292 706 2316 καὶ
719 2290 777 2326 Θεῷ
795 2290 930 2317 δουλεύειν

143 2335 282 2367 σπεύδετε,
308 2335 355 2362 καὶ
370 2336 399 2362 οὐ
431 2335 694 2372 φυλοκρινηθήσεσθε
709 2336 755 2362 τοῦ
772 2336 866 2370 γένους
876 2336 929 2363 τῶν

143 2379 264 2406 ἂκαίων.

186 2426 298 2460 Ἑπάγει
321 2426 420 2458 αὐτοὺς
446 2428 485 2458 εἰς
510 2428 672 2462 κατανόησιν
701 2427 745 2453 διὰ
761 2427 863 2453 τούτων
876 2427 930 2453 τῶν

143 2471 199 2501 τοῖς
212 2470 325 2502 δικαίοις
341 2471 523 2507 ὀφειλομένων
534 2472 666 2508 ἀμοιὸὡν.

181 2517 263 2543 Πάλιν
279 2518 310 2543 ἑκ
332 2518 514 2553 προσαγωγῆς
530 2519 570 2550 εἰς
582 2518 755 2554 συναίσθησιν
767 2518 864 2550 αὐτοὺς
876 2518 930 2544 τῶν

147 2563 217 2590 ίῖίων
232 2563 473 2600 πλημμελημάτων
495 2565 608 2599 ἀγαγεῖν
633 2565 766 2601 βούλεται,
778 2565 932 2600 φθεγγομέ-

144 2619 205 2642 νους
222 2611 269 2646 μὲν
284 2611 368 2642 ἀδεῶς
380 2611 449 2637 κατὰ
461 2610 505 2637 τοῦ
523 2611 636 2642 δικαίου,
652 2611 826 2646 ἀπρονοήτως
842 2610 870 2636 δὲ
884 2610 930 2637 τοῦ

146 2655 204 2690 βίου
226 2657 320 2683 τούτου
346 2656 504 2691 νομίζοντας
524 2656 758 2683 ἀπαλλάττεσθαι·
773 2656 932 2688 ὑποδεικνὺς

145 2701 236 2733 αὐτοῖς
263 2702 300 2733 ὡς
329 2703 486 2738 ἠρνήθησαν
502 2702 551 2736 μὲν
563 2702 594 2728 τὸ
613 2702 768 2737 σωματικὸν
785 2700 854 2734 εἶδος
877 2702 932 2729 τῶν

147 2747 231 2781 ἁγίων
243 2756 249 2762 ·
267 2749 300 2782 τῇ
321 2748 349 2774 δὲ
368 2748 421 2775 τῶν
436 2748 544 2784 τρόπων
566 2748 701 2783 μοχθηρίᾳ
715 2748 856 2784 ᾠκείωσαν
870 2749 932 2775 ἑαυ-

145 2793 209 2824 τοὺς
226 2795 329 2828 μοιχοῖς
342 2802 370 2819 τε
385 2794 431 2820 καὶ
446 2794 552 2829 πόρνοις
563 2802 570 2808 '
589 2793 625 2828 μὴ
638 2793 869 2829 ἀναλογισάμενοι,
883 2794 930 2826 ὡς,

145 2840 223 2866 αὐτοὶ
252 2840 327 2872 ὄντες
352 2841 487 2873 ἀπωλείας
503 2841 583 2875 ἄξιοι,
606 2840 728 2873 κακίζειν
748 2841 931 2876 ἐπειράθησαν

939 1536 960 1562 (Ζ

975 232 1026 259 bus
1039 235 1065 258 et
1077 232 1170 259 audire
1185 232 1226 259 Fas
1241 237 1280 259 est
1295 243 1302 265 ;
1320 233 1433 268 simplex
1449 234 1521 261 enim
1537 242 1597 260 cum
1612 235 1647 262 sit
1663 239 1761 262 natura

975 278 1083 305 animus
1102 283 1128 304 et
1152 278 1351 313 incompositus
1364 300 1371 312 ,
1387 287 1439 306 una
1461 280 1610 315 eademque
1633 280 1763 310 facultate

975 324 1052 351 audit
1068 332 1099 351 ac
1115 324 1197 352 videt.

1010 409 1093 436 Vens.
1108 409 1133 436 7.
1151 409 1304 445 lmpediunt
1320 413 1346 437 te
1363 410 1478 437 fortasse
1492 415 1602 444 peccata
1618 416 1664 438 tua
1679 415 1760 446 atque

975 455 1001 482 in
1014 454 1096 481 Deum
1110 455 1247 489 impietas,
1264 459 1290 482 et
1304 459 1397 482 vetant
1410 463 1444 482 ne
1456 456 1488 482 ad
1503 456 1589 490 ipsum
1604 456 1759 492 confugias.

974 501 1051 533 Quod
1079 501 1102 528 si
1133 505 1223 527 autem
1253 500 1466 528 misericordiam
1490 501 1549 535 ejus
1573 502 1759 537 perpenderis,

973 547 1028 582 jam
1044 547 1111 573 nihil
1129 550 1154 574 te
1176 545 1309 580 impedire
1326 546 1447 579 valebit;
1467 554 1521 573 non
1542 547 1614 574 enim
1631 555 1662 574 ea
1680 552 1760 575 erunt

976 597 1086 628 prct'ﬂln
1104 597 1160 624 tua,
1175 600 1234 627 qua:
1255 592 1451 627 benignitatem
1465 592 1524 627 ejus
1539 593 1649 620 vincere
1663 598 1690 620 ct
1714 602 1760 621 su-

976 647 1071 674 perare
1085 639 1189 673 possint
1203 647 1210 671 ;
1235 638 1335 665 multus
1351 639 1408 673 ipse
1426 639 1452 665 in
1479 639 1675 671 misericordia,
1691 641 1760 666 mul-

975 690 1001 711 ta
1029 693 1137 720 quoque
1161 688 1272 720 peccata
1296 684 1433 716 dimittet,
1457 689 1483 712 et
1509 685 1546 712 ita
1571 693 1619 712 vos
1644 686 1760 713 mundos

975 732 1070 759 cﬂiciet
1086 752 1092 763 ,
1111 736 1140 758 ut
1157 739 1190 757 ne
1205 731 1349 765 vestigium
1372 731 1480 765 quidem
1506 731 1627 766 priorum
1645 730 1759 758 delicto-

976 785 1037 804 rum
1053 780 1203 805 rcmaneat.
1483 771 1486 774 λ

1012 866 1094 893 Vens.
1114 867 1159 893 ll.
1177 866 1325 899 Prosperas
1338 867 1395 893 vias
1407 866 1617 894 observantibus
1633 867 1717 902 legem
1732 875 1762 895 se

976 913 1102 940 daturum
1129 913 1289 944 denuntiat,
1307 913 1380 940 vires
1402 913 1434 938 ad
1452 912 1616 947 perﬁcienda
1635 913 1760 940 niandata

974 963 1109 994 praestans
1121 979 1127 991 ,
1144 958 1294 985 dummodo
1311 958 1379 993 legis
1395 958 1512 986 factores
1534 966 1563 985 se
1579 959 1698 993 praebere
1713 967 1760 986 ve~

976 1006 1036 1032 lint.
1051 1004 1206 1032 Praesertim
1224 1012 1289 1032 vero
1303 1004 1353 1031 hoc
1370 1003 1424 1031 Deo
1439 1004 1541 1038 placuit
1562 1008 1590 1030 ut
1606 1005 1652 1039 qui
1671 1005 1761 1040 capti-

975 1052 1083 1079 vitatem
1110 1059 1143 1078 ex
1159 1050 1276 1086 [Egypto
1293 1050 1410 1078 soluturi
1430 1054 1507 1077 erant
1521 1070 1529 1082 ,
1548 1058 1655 1077 summo
1671 1049 1761 1077 studio

975 1106 1043 1132 opus
1059 1105 1137 1125 suum
1150 1097 1328 1131 perlicerent,
1355 1096 1405 1131 ipsi
1419 1094 1611 1123 'Israelilarum
1628 1097 1680 1124 iter
1694 1096 1761 1124 diri-

975 1147 1070 1178 gerent
1096 1147 1123 1170 et
1140 1141 1268 1177 praesidio
1285 1146 1436 1168 tuerentur.
1460 1141 1537 1174 Quod
1559 1143 1667 1177 quidem
1681 1163 1688 1175 ,
1706 1142 1761 1170 Deo

973 1188 1100 1223 jubente,
1116 1187 1179 1223 Cyri
1194 1187 1339 1214 Persarum
1355 1187 1427 1221 regis
1441 1194 1491 1221 ope
1508 1187 1610 1214 factum
1620 1192 1678 1221 est;
1692 1187 1760 1223 ipsis

975 1234 1115 1262 montibus
1130 1234 1164 1261 de
1175 1234 1227 1261 hac
1239 1233 1401 1268 migratione
1415 1233 1633 1266 exsultantibus,
1647 1237 1675 1260 et
1700 1234 1761 1261 aliis

975 1287 1084 1315 quoque
1102 1279 1299 1314 apparentibus
1321 1278 1417 1313 signis.
1443 1277 1510 1305 Nam
1528 1279 1600 1306 sicut
1621 1278 1759 1306 desertum

975 1326 1168 1353 accedentibus
1185 1332 1259 1352 mare
1276 1324 1443 1360 Erytbraaum
1460 1325 1578 1352 transire
1593 1325 1680 1356 licuit,
1695 1325 1731 1352 ita
1747 1333 1761 1352 e

976 1372 1132 1407 captivitate
1152 1371 1254 1406 egressi
1278 1370 1360 1398 siccis
1392 1371 1506 1406 pedibus
1532 1371 1632 1399 ﬂumen
1657 1371 1759 1407 Tigrim

976 1419 1117 1453 trajccisse
1139 1423 1302 1450 narrantur,
1328 1423 1357 1445 ut
1380 1418 1445 1445 olim
1465 1417 1628 1450 Jordanem,
1646 1418 1762 1446 refertur

975 1471 1084 1499 quoque
1104 1468 1225 1496 montes,
1242 1465 1275 1491 ab
1291 1465 1417 1492 hostibus
1434 1469 1513 1492 antea
1537 1469 1658 1492 vastatos
1673 1485 1680 1497 ,
1697 1470 1761 1491 tun".

976 1519 991 1537 a
1004 1509 1058 1537 Deo
1072 1509 1158 1537 fuisse
1175 1509 1212 1536 ita
1239 1510 1416 1541 immutatos,
1434 1514 1463 1536 ut
1490 1517 1545 1537 non
1570 1511 1626 1538 suis
1642 1514 1760 1540 tantum.

977 1556 1024 1583 sed
1042 1559 1069 1583 et
1084 1555 1198 1583 exoticis
1215 1556 1362 1584 arboribus
1382 1555 1522 1583 ﬂorerent.
1551 1556 1609 1588 Qua
1627 1555 1760 1582 montium

978 1601 1166 1628 immutatione
1196 1601 1311 1636 benigne
1344 1601 1532 1635 comprobavit
1561 1601 1633 1628 Deus
1663 1605 1762 1628 cuncta

977 1648 1063 1682 ipsius
1080 1647 1108 1674 in
1124 1647 1251 1674 manibus
1267 1647 1414 1681 contineri,
1434 1651 1460 1674 et
1480 1651 1571 1674 mente
1586 1646 1677 1682 dirigi.

939 1695 976 1726 ὡς
992 1695 1079 1721 πάντα
1093 1694 1212 1721 συντελεῖ
1227 1695 1265 1726 είς
1275 1695 1324 1730 τὴν
1338 1694 1384 1720 τοῦ
1395 1693 1462 1720 Θεοῦ
1484 1694 1608 1729 δύναμιν.
1639 1695 1686 1721 καὶ
1715 1694 1763 1729 τὴν

1013 1786 1095 1813 Vens.
1119 1786 1159 1812 15.
1180 1784 1239 1811 Non
1264 1785 1347 1821 igitur
1371 1792 1424 1812 aere
1443 1785 1528 1817 dato,
1553 1785 1600 1813 scd
1629 1786 1713 1819 gratis
1738 1790 1764 1811 et

976 1833 1036 1860 sine
1062 1833 1178 1868 pecunia
1205 1831 1276 1859 dona
1305 1830 1352 1858 Dei
1373 1831 1603 1866 conscquemiui;
1633 1839 1688 1858 non
1708 1832 1764 1858 vini

976 1879 1153 1906 libaminibus
1165 1899 1172 1911 ,
1186 1882 1233 1905 aut
1249 1877 1421 1904 victimarum
1433 1877 1513 1912 adipe
1528 1876 1656 1912 indigetis
1671 1886 1678 1909 ;
1702 1877 1764 1912 qui-

975 1925 1026 1952 bus
1042 1925 1115 1952 cnim
1127 1944 1134 1956 .
1163 1929 1189 1951 et
1203 1924 1264 1950 aliis
1282 1923 1369 1958 pretio
1385 1923 1503 1957 emptis,
1523 1930 1577 1949 non
1599 1922 1660 1957 plus
1683 1922 1766 1958 proli-

977 1971 1055 1997 cietis
1069 1990 1075 2003 ,
1090 1978 1171 2005 quam
1189 1970 1330 1997 laboribus
1347 1973 1374 1995 et
1390 1968 1604 2003 defatigatione;
1621 1969 1677 1995 haec
1692 1968 1764 1995 enim

977 2025 1031 2044 non
1049 2016 1186 2043 sulliciunt
1209 2015 1242 2042 ad
1259 2014 1423 2042 ﬂectendum
1442 2013 1526 2041 Deum

1015 2062 1078 2089 Car.
1094 2061 1162 2092 LVI,
1181 2061 1264 2088 Vnus.
1282 2061 1308 2087 5.
1325 2059 1391 2092 Vos,
1411 2060 1509 2095 inquit,
1524 2059 1682 2094 alienigenae
1696 2079 1703 2092 ,
1720 2059 1765 2094 qui

980 2108 1034 2134 Deo
1065 2107 1181 2141 appositi
1209 2106 1297 2137 estis,
1325 2109 1351 2133 et
1377 2105 1409 2132 ad
1437 2109 1572 2140 praecepta
1601 2105 1661 2140 ejus
1684 2105 1766 2132 vitam

979 2154 1125 2186 instruitis,
1141 2161 1173 2180 ne
1183 2153 1285 2188 putetis
1300 2161 1348 2180 vos
1363 2152 1558 2179 beatitudinem
1571 2156 1767 2179 consecuturos

980 2205 1007 2227 et
1038 2199 1223 2227 hmreditatem
1251 2202 1432 2230 sanctorum;
1459 2198 1507 2225 sed
1535 2196 1766 2228 hoc-recordatt,

979 2246 1051 2281 quod
1068 2245 1190 2272 moribus
1216 2253 1278 2272 cum
1304 2245 1440 2271 Abraham
1468 2243 1688 2278 conjungimini,
1713 2251 1765 2270 non

978 2291 1086 2328 generis
1105 2290 1287 2326 cognatione,
1315 2298 1421 2316 morum
1448 2297 1541 2316 curam
1563 2290 1664 2324 geratis
1678 2309 1686 2321 ,
1710 2295 1769 2317 stu-

980 2339 1056 2366 diose
1073 2337 1128 2365 Deo
1146 2337 1319 2369 inserviatis,
1334 2341 1360 2364 et
1382 2344 1436 2362 non
1453 2336 1618 2370 separemini
1635 2344 1650 2362 a
1671 2344 1769 2371 genere

979 2383 1128 2417 justormn.

1016 2429 1079 2456 Cn.
1095 2428 1174 2461 LV'll,
1191 2428 1275 2455 Vens.
1294 2428 1317 2454 l.
1340 2427 1454 2454 Deducit
1469 2435 1516 2455 eos
1533 2427 1566 2454 ad
1582 2427 1769 2463 paenitentiam

981 2476 1114 2503 memoria
1132 2476 1266 2503 bonorum
1282 2475 1365 2509 justis
1385 2473 1598 2501 destinatorum.

1018 2521 1100 2549 Vens.
1126 2523 1152 2549 5.
1182 2521 1303 2549 Ulterius
1329 2527 1494 2556 progressus
1525 2521 1625 2547 iterum
1656 2527 1705 2547 eos
1736 2520 1770 2547 ad

981 2568 1152 2602 agnoscenda
1185 2572 1295 2603 peccata
1331 2567 1465 2594 a.ldu:ere
1506 2565 1626 2597 studet,
1665 2566 1770 2601 justum

982 2613 1135 2648 procaciter
1147 2612 1338 2648 increpantes,
1354 2618 1380 2640 et
1394 2620 1455 2639 eum
1483 2612 1640 2639 inconsulte
1665 2612 1698 2639 de
1715 2612 1771 2639 vita

982 2657 1102 2683 ablatum
1149 2658 1348 2685 existimantes.
1395 2657 1499 2684 lndicat
1531 2664 1578 2684 eos
1611 2664 1771 2692 corpoream

983 2704 1102 2738 speciem
1120 2708 1279 2731 sanctorum
1296 2705 1449 2740 negavisse,
1469 2709 1497 2731 et
1512 2712 1618 2731 morum
1637 2704 1772 2739 pravitate

983 2757 1013 2777 Sc
1029 2750 1103 2784 ipsos
1129 2750 1334 2777 consociavisse
1357 2758 1418 2777 cum
1444 2750 1575 2777 adulteris
1597 2757 1623 2776 et
1651 2749 1772 2776 meretri-

983 2796 1071 2823 cibus.
1099 2795 1256 2823 Perditione
1276 2795 1350 2830 digni
1367 2804 1428 2823 cum
1448 2801 1541 2824 essent
1554 2818 1561 2829 ,
1578 2801 1679 2823 temere
1700 2795 1772 2822 viros

984 2843 1119 2870 lacessere
1147 2842 1237 2870 conati
1259 2848 1322 2870 sunt
1345 2842 1391 2877 qui
1415 2842 1449 2870 de
1466 2848 1541 2871 recto
1556 2849 1652 2871 curare
1671 2845 1697 2869 et
1721 2841 1774 2868 Deo
