1919 3075
177 141 245 171 9565

754 144 927 172 ΤΞῘΕΟΒΟΙΗ
939 145 1198 172 ΗΕΚΛΩΙᾸΞΕΝΞΙΞ

1740 141 1806 170 1561

175 198 316 227 intendere
340 200 495 227 studebant.
524 199 660 228 Idolorum
686 202 828 235 fautores,
856 204 951 238 quibus

1011 204 1073 235 τοὺς
1093 202 1139 229 τοῦ
1164 203 1267 229 δικαίου
1301 201 1517 237 ἐπιμελομένους
1533 201 1580 228 καὶ
1607 200 1666 235 Θεῷ
1687 208 1809 230 προσαν-

174 252 274 280 pueros
294 253 375 280 super
402 251 507 273 montes
522 252 549 273 et
572 251 662 281 petras
681 248 839 276 deferebant
861 249 957 276 immo-

174 290 281 323 landos,
299 291 345 318 Dei
363 292 509 319 vindictam
525 294 659 321 vitaturos
675 296 823 329 sperabant

210 427 290 455 Vens.
309 427 352 453 I5.
369 426 474 459 Quibus
489 426 646 454 nominibus
660 427 775 462 benigne
788 427 859 455 Deus
873 428 957 463 signi-

173 474 236 501 ficat
254 481 282 500 se
297 481 357 500 esse
374 472 537 502 Excelsum:
555 472 605 507 ipsi
620 473 691 499 enim
714 477 845 507 quantum
869 474 896 500 in
917 473 958 501 eis

173 522 231 546 erat
242 539 249 549 ,
269 518 351 545 Deum
367 517 496 544 humilem
512 517 673 550 cilecerant,
690 518 770 545 idolis
784 519 958 546 consentien-

171 565 217 594 do.
235 563 387 592 Praesertim
401 571 465 590 vero
477 568 600 590 sanctum
614 571 642 590 se
654 571 714 591 esse
726 563 881 597 contendit,
895 573 957 592 cum

170 610 209 639 illi
225 618 324 637 nomen
338 610 397 644 ejus
413 609 504 644 pravis
524 609 735 643 cogitationibus
755 613 782 636 et
806 609 957 637 inhonestis

170 655 302 690 operibus
330 654 514 690 profanarent.
537 653 592 688 Ego
613 662 677 681 vero
699 659 811 682 sanctus
833 663 908 688 sum,
931 661 958 683 ct

171 702 274 729 sanctis
289 691 457 736 congaudeo,
471 706 498 728 et
514 704 623 728 sanctos
638 701 760 728 homines
773 701 869 733 efficio,
885 702 958 729 vires

170 755 265 775 eorum
279 747 401 782 augendo
411 767 418 779 ,
433 750 460 774 ct
472 751 577 774 mentes
592 747 720 781 erigenda
736 747 768 774 ad
782 747 955 780 sublimiora,

170 794 318 821 dummodo
333 801 362 821 se
377 801 428 828 ope
441 800 501 820 mea
516 792 612 828 dignos
629 793 759 828 prmbere,
772 798 798 820 et
811 793 956 820 contritam

169 839 394 874 humiliatamque
407 839 570 866 voluntatem
581 843 710 874 prmstare
719 839 878 872 videantur;
892 847 954 866 nam

168 886 269 916 talibus
283 893 332 921 ego
347 885 429 912 vitam
444 890 572 912 aeternam
588 885 698 920 largior.

207 975 286 1003 Vens.
310 976 354 1010 I6.
375 976 476 1003 Ulcisci
498 983 531 1003 eo
554 983 638 1003 sensu
658 975 731 1003 Deus
750 974 862 1007 dicitur,
882 974 955 1008 quod

168 1026 328 1056 peccatores
343 1022 404 1049 ideo
419 1023 499 1050 malis
513 1021 612 1049 alliciat
622 1042 629 1054 ,
644 1025 674 1048 ut
690 1029 719 1049 se
732 1021 847 1056 quisque
859 1021 893 1047 ad
907 1021 956 1048 bo-

166 1076 230 1095 nam
249 1067 354 1105 frugem
371 1069 503 1103 recipiat;
525 1068 596 1103 quod
618 1068 683 1095 facit
696 1068 766 1095 Deus
777 1087 784 1100 ,
799 1067 954 1095 misericor-

166 1114 210 1141 dia
227 1115 305 1141 nobis
321 1122 447 1149 parcens.

201 1159 284 1188 Vens.
307 1160 349 1196 I7.
372 1161 400 1188 In
415 1161 482 1196 ipsis
495 1161 574 1188 etiam
588 1161 676 1196 poenis
687 1160 840 1196 repetendis
851 1160 954 1188 miseri-

165 1206 286 1233 cordiam
302 1214 378 1234 suam
393 1207 515 1235 declarat
530 1207 616 1240 Deus,
633 1207 697 1233 dum
710 1207 794 1234 multa
809 1210 953 1241 peccantes

165 1253 261 1288 paucis
276 1253 380 1288 afﬂigit.

200 1299 264 1334 Cnp.
282 1299 380 1332 LVIII,
397 1298 480 1327 Vens.
494 1300 520 1327 I.
535 1299 600 1327 [lem
615 1299 710 1327 leviter
723 1299 952 1335 perpendentibus

164 1345 252 1373 laetari
273 1346 400 1373 videntur
420 1346 494 1381 impii
516 1347 544 1373 in
566 1346 753 1382 voluptatibus
773 1347 852 1380 suis;
875 1351 902 1373 at
925 1347 952 1374 in

164 1393 223 1420 dies
246 1392 279 1419 ad
296 1392 442 1427 perniciem
460 1393 572 1427 propius
586 1392 763 1424 accedentes,
779 1400 843 1420 vera
858 1393 951 1420 laetitia

164 1441 278 1470 carent;
294 1444 348 1464 non
366 1437 437 1464 enim
454 1441 496 1465 est
511 1438 564 1464 alia
579 1437 671 1467 laetitia
689 1441 787 1472 praeter
800 1445 859 1465 eam
871 1459 877 1471 ,
892 1446 952 1473 qua:

164 1491 214 1523 per
229 1483 336 1510 labores
355 1488 382 1510 et
400 1483 589 1511 tribulationes
602 1484 684 1510 vitam
700 1487 829 1516 aternam
854 1491 952 1518 opera-

163 1534 219 1559 tur.
236 1529 307 1557 Justi
323 1534 411 1557 autem
427 1538 490 1557 vera
503 1530 595 1558 laetitia
609 1531 768 1565 replentur;
787 1531 886 1565 quippe
903 1531 949 1565 qui
964 1549 986 1579 ο

163 1584 245 1612 opere
267 1583 298 1603 ea
319 1576 464 1611 perficiunt
476 1584 536 1612 qua:
549 1577 711 1613 intendunt.
727 1581 754 1604 et
768 1577 829 1605 ideo
844 1577 949 1612 placida

164 1626 255 1650 mente
270 1621 398 1649 fruuntur
413 1629 446 1658 ac
459 1622 617 1658 tranquilla.

200 1710 282 1738 Vens.
298 1711 325 1738 9.
341 1711 406 1744 Qum
417 1711 525 1746 quidem
541 1711 697 1739 hominibus
710 1712 862 1746 peragenda
875 1715 948 1744 sunt,

164 1758 247 1785 vitam
263 1765 340 1785 suam
357 1762 384 1785 et
399 1765 489 1785 mores
505 1765 570 1784 suos
586 1762 658 1785 recte
673 1758 882 1785 instruentibus.

198 1803 266 1839 CAP._
283 1802 356 1836 LIX,
378 1803 460 1831 Vens.
477 1804 503 1831 5.
524 1803 655 1839 Pleraque
676 1804 868 1836 consiliorum,
889 1812 950 1840 quae

163 1849 254 1877 verbis
273 1850 357 1877 locuti
384 1854 465 1883 sunt,
491 1854 521 1878 ut
544 1858 594 1878 ova
615 1850 740 1885 aspidum
754 1851 875 1878 nondum
890 1859 948 1883 ma-

161 1898 224 1922 tura
235 1916 246 1931 .q
260 1900 307 1922 aut
322 1896 373 1923 tela
389 1903 494 1930 aranea:
509 1904 569 1932 quae
591 1896 693 1924 nullius
714 1905 782 1925 usus
805 1902 865 1929 est,
887 1897 949 1932 plus

161 1940 252 1968 damni
266 1941 381 1976 afferunt
394 1950 475 1976 quam
490 1942 625 1970 utilitatis.
639 1942 718 1976 Quod
734 1943 758 1970 si
773 1948 863 1970 autem
879 1943 949 1971 forte

161 1994 192 2013 ea
203 2007 210 2017 .
228 1986 301 2014 velut
318 1987 373 2014 fota
384 2007 391 2018 ,
408 1995 490 2022 opere
504 1984 662 2022 perficient,
681 1997 772 2017 nonne
786 1990 884 2017 merito
901 1998 948 2018 eos

161 2039 224 2060 cum
240 2031 397 2066 hominibus
412 2032 552 2060 conferres
562 2053 569 2064 ,
584 2041 665 2060 ovum
679 2034 783 2068 aspidis
797 2034 948 2069 frangenti-

161 2078 229 2108 bus,
243 2084 271 2104 et
285 2077 312 2104 in
326 2085 359 2104 eo
375 2078 498 2112 regulum
522 2078 721 2113 reperientibus
733 2079 744 2106 ?
767 2079 818 2112 Qui
842 2080 948 2108 sciliCet

161 2120 259 2155 anguis
275 2125 316 2148 est
331 2125 481 2149 venenatus
497 2125 523 2148 et
538 2122 704 2151 mortiferus.

1012 248 1138 282 ἔχοντας·
1162 246 1280 278 εἰδώλοις
1305 247 1359 282 γὰρ
1373 245 1597 281 προσκυνοῦντες,
1628 245 1675 271 καὶ
1697 244 1806 271 τούτοις

1012 290 1195 324 προσάγοντες
1224 290 1258 316 τὰ
1283 290 1387 316 ἑαυτῶν
1409 290 1492 316 τέκνα
1515 290 1554 319 εἰς
1583 289 1690 324 σφαγὴν
1706 288 1754 314 ἐπί
1772 296 1805 314 τε

1009 336 1063 362 τῶν
1074 336 1160 371 ὀρέων
1175 336 1220 362 καὶ
1236 336 1290 362 τῶν
1307 336 1423 372 πετρῶν,
1445 336 1493 370 τὴν
1507 334 1553 362 τοῦ
1571 335 1638 361 θεοῦ
1651 335 1730 369 δίκην
1743 335 1804 360 δια⁴

1010 380 1122 414 φεύγειν
1139 381 1337 416 ὑπελάμϐανον.

1044 426 1093 452 Διὰ
1105 426 1207 452 τούτων
1224 427 1292 453 ὅλων
1308 427 1361 453 τῶν
1376 427 1515 462 ὀνομάτων
1532 427 1549 464 ἡ
1566 426 1613 453 τοῦ
1629 425 1698 452 Θεοῦ
1715 425 1800 460 εὐμέ-

1009 481 1066 499 νεια
1079 473 1215 508 δηλοῦται,
1232 474 1272 500 ὃτι
1288 483 1316 500 τε
1335 473 1444 508 ῦψιστός
1458 474 1530 500 ἐστιν
1543 481 1549 488 ·
1563 474 1587 499 εί
1597 473 1653 505 καὶ,
1665 473 1728 499 ὅσον
1746 470 1799 508 ἧκε

1008 517 1038 543 τὸ
1060 517 1149 544 αὐτῶν
1164 518 1256 553 μέρος,
1281 518 1590 553 ταπεινὸνπεποιήκασι,
1607 518 1799 552 συγκρίνοντες

1008 564 1126 596 εἰδώλοις
1149 573 1178 590 τε
1204 564 1250 590 καὶ
1280 563 1419 598 δαίμοσιν·
1438 563 1468 589 οὐ
1489 563 1541 598 μὴν
1562 562 1630 589 ἀλλὰ
1647 563 1694 589 καὶ
1706 562 1794 596 ἅγιος,

1008 609 1109 636 τούτων
1127 609 1311 645 βεόηλούντων
1330 609 1360 635 τὸ
1376 609 1457 636 αὑτοῦ
1474 609 1559 644 ὄνομα
1570 610 1667 640 κακαῖς
1679 608 1799 644 ἐνθυμή-

1009 665 1067 682 σεσι
1082 656 1128 682 καὶ
1144 656 1274 692 πράξεσιν
1286 656 1315 682 οὐ
1334 656 1443 688 καλαῖς·
1458 656 1514 682 ἀλλ’
1527 656 1602 690 ὅμως
1622 655 1704 687 αὐτὸς
1719 656 1798 689 ἅγιος

1008 700 1046 728 ὢν
1059 702 1105 728 καὶ
1117 702 1204 735 ἁγίοις
1219 702 1332 737 χαίρων,
1349 702 1491 734 κάκείνους
1511 701 1642 735 ἁγιάζων,
1658 703 1797 737 ἐπιρρων-

1008 747 1055 778 νὺς
1070 746 1159 773 αὐτῶν
1170 747 1218 783 τὴν
1232 747 1366 782 δύναμιν,
1384 748 1431 774 καὶ
1449 748 1562 783 ἐγείρων
1578 748 1668 774 αὐτῶν
1685 748 1717 774 τὰ
1731 757 1797 784 φρο-

1008 793 1126 827 νήματα,
1154 792 1232 827 μόνον
1263 793 1286 818 εί
1311 793 1460 827 φανείησαν
1489 793 1601 823 ἑαυτοὺς
1629 793 1796 828 παρέχοντες

1007 839 1108 872 ἀξίους,
1119 840 1165 866 καὶ
1178 840 1227 875 τὴν
1244 840 1346 866 ἑαυτῶν
1361 839 1626 874 θέλησινδεικνύντες
1638 848 1796 874 συντετριμ-

970 880 992 907 Β
1009 886 1091 921 μένην
1103 886 1150 912 καὶ
1172 886 1410 921 τεταπεινωμένην
1421 895 1428 901 ·
1448 886 1494 912 καὶ
1513 885 1567 920 γὰρ
1584 886 1631 911 καὶ
1645 884 1718 920 ζωὴν
1731 885 1796 912 αἰώ-

1006 937 1061 956 νιον
1071 931 1128 960 τοῖς
1139 929 1268 961 τοιούτοις
1283 932 1437 966 χορηγήσω.

1050 976 1171 1002 Ἐκδικία
1188 977 1216 1002 δὲ
1227 977 1273 1003 καὶ
1286 978 1345 1003 κατ’
1363 976 1440 1003 ἄλλον
1456 977 1556 1013 τρόπον
1569 976 1690 1010 λέγεται,
1702 976 1734 1002 τὸ
1749 980 1795 1003 τὸν

1005 1024 1194 1059 ἁμαρτάνοντα
1207 1023 1390 1060 παραδοθῆναι
1406 1023 1576 1057 σκυθρωποῖς
1589 1023 1658 1058 πρὸς
1669 1022 1701 1048 τὸ
1712 1022 1795 1049 αὐτόν

1003 1077 1064 1094 τινα
1087 1068 1152 1103 παρ’
1177 1067 1273 1094 ἑαυτοῦ
1302 1067 1495 1102 παιδευθῆναι·
1516 1067 1602 1094 ταῦτα
1623 1067 1697 1093 ποιεῖ
1716 1067 1794 1099 Θεὸς,

1005 1113 1192 1150 φιλανθρωπίᾳ
1206 1113 1363 1148 φειδόμενος
1378 1110 1424 1140 τοῦ
1442 1113 1575 1149 ἡμετέρου
1591 1113 1697 1147 γένους.

1038 1157 1093 1194 Τὴν
1126 1159 1330 1195 φιλανθρωπίαν
1347 1159 1443 1186 ἑαυτοῦ
1463 1160 1477 1185 ὁ
1494 1159 1562 1191 Θεὸς
1574 1160 1621 1186 καὶ
1634 1161 1663 1186 ἐν
1677 1160 1740 1191 ταῖς
1755 1167 1797 1185 τι-

1006 1205 1121 1240 μωρίαις
1136 1205 1311 1236 ἐνδείκνυται,
1321 1205 1400 1240 ἡμῶν
1411 1205 1460 1240 μὲν
1469 1205 1553 1232 πολλὰ
1567 1205 1794 1240 ἁμαρτανόντων,

1003 1251 1084 1277 αὐτοῦ
1095 1251 1122 1277 δὲ
1138 1251 1215 1285 ὀλίγα
1230 1251 1412 1282 παιδεύοντος.

1035 1296 1095 1323 Κᾶν
1119 1296 1173 1332 γὰρ
1199 1298 1222 1323 οἱ
1246 1297 1354 1328 ἀσεόεἴς
1370 1297 1409 1332 τῷ
1425 1296 1512 1323 δοκεῖν
1529 1297 1627 1324 δοκῶσι
1642 1297 1750 1332 χαίρειν
1763 1298 1794 1324 ἐν

1001 1345 1062 1374 ταῖς
1088 1343 1191 1369 ἑαυτῶν
1218 1343 1325 1379 ἡδοναῖς
1350 1343 1522 1379 τρεφόμενοι,
1548 1343 1614 1370 ἀλλά
1646 1342 1724 1377 γόἷιν
1753 1345 1795 1376 είς

1002 1388 1138 1420 ἀπωλείας
1165 1389 1242 1420 τέλος
1264 1390 1505 1424 καταστρέφοντες,
1535 1390 1565 1416 οὐ
1587 1389 1636 1425 τὴν
1663 1389 1795 1425 ἀληθινὴν

1001 1433 1088 1469 χαρὰν
1118 1434 1259 1470 χαίρουσι·
1277 1434 1343 1470 μόνη
1371 1435 1425 1470 γὰρ
1453 1434 1556 1470 κυρίως
1571 1434 1604 1461 ἂν
1625 1435 1667 1469 εἴη
1688 1434 1792 1469 χαρὰή

1001 1481 1033 1506 ὲκ
1050 1481 1179 1515 καμάτων
1205 1489 1234 1506 τε
1260 1480 1307 1506 καὶ
1328 1480 1443 1515 θλίψεων
1456 1480 1528 1516 ζωὴν
1541 1480 1648 1507 αἰώνιον
1661 1488 1794 1515 πραγμα-

1001 1526 1143 1561 τευομένη.
1162 1526 1242 1553 Ἀλλὰ
1260 1527 1307 1553 καὶ
1320 1527 1406 1562 χαρᾶς
1420 1526 1469 1561 τῆς
1481 1525 1610 1561 ἀληθινῆς
1621 1525 1792 1561 πληροῦνται

1001 1571 1025 1597 οἱ
1046 1571 1313 1607 δικαιοπραγοῦντες,
1328 1573 1366 1603 εἰς
1382 1571 1461 1606 ἔργον
1481 1572 1572 1603 αὐτοῖς
1584 1571 1793 1606 προχωροῦντος

1000 1617 1046 1644 τοῦ
1060 1618 1172 1650 σκοποῦ,
1191 1618 1239 1644 καὶ
1253 1619 1390 1654 ἀταράχου
1412 1619 1545 1654 μενούσης
1566 1619 1616 1654 τῆς
1629 1618 1730 1655 ψυχῆς,
1745 1618 1792 1644 καὶ

999 1663 1213 1700 γαληνιαζούσης
1229 1665 1257 1691 ὲν
1273 1665 1366 1700 ἑαυτῇ.

1034 1710 1089 1736 Καὶ
1101 1709 1188 1737 ταῦτα
1216 1710 1400 1746 ρυθμιζόντων
1413 1710 1511 1742 αὐτοὺς
1536 1711 1577 1742 είς
1593 1710 1650 1745 βίον
1675 1710 1722 1736 τὸν
1749 1711 1792 1737 ὲν-

1000 1755 1106 1791 άρετον,
1121 1757 1167 1782 καὶ
1182 1756 1290 1791 τρόπων
1305 1757 1439 1792 εὐθύτητα
1455 1757 1607 1791 ὑφηγεῖται.

1035 1802 1075 1827 Τὰ
1088 1802 1140 1837 γὰρ
1157 1801 1270 1829 πλεῖστα
1284 1802 1337 1829 τῶν
1347 1803 1465 1838 ἐπιθυμη
1471 1803 1561 1838 μάτων
1573 1802 1662 1829 αὐτῶν
1676 1799 1715 1829 ὧν
1729 1811 1791 1829 συν-

999 1846 1123 1880 ελέξαντο
1147 1847 1241 1883 ὥσπερ
1266 1848 1307 1874 ea:
1328 1849 1447 1876 ἀσπίδων
1459 1849 1672 1884 ἁτελεσφὸρητα,
1689 1849 1738 1875 καὶ
1752 1848 1791 1879 ὡς

1001 1893 1074 1924 ἱστὸς
1085 1893 1208 1929 ἀράχνης
1227 1895 1267 1925 εἰς
1284 1893 1359 1920 οὐδὲν
1373 1895 1505 1921 συντελῶν
1520 1891 1604 1929 μένει,
1623 1894 1725 1929 βλάϐην
1739 1896 1790 1921 αὑ-

998 1934 1054 1969 τοῖς
1069 1938 1167 1973 μᾶλλον
1182 1939 1254 1974 ἥπερ
1267 1939 1401 1974 ὠφέλειαν
1418 1940 1535 1975 φέροντα
1549 1949 1556 1955 ·
1573 1940 1597 1965 εἰ
1613 1940 1640 1966 δὲ
1658 1940 1705 1966 καὶ
1721 1948 1792 1973 συμ-

1000 1983 1063 2018 ϐαίη
1076 1984 1179 2016 ταύτας
1190 1984 1239 2016 τὰς
1263 1984 1367 2017 ἑννοίας
1388 1985 1480 2022 ὥσπερ
1492 1985 1737 2020 διαθερμανθείσας
1749 1987 1791 2017 εὶς

999 2030 1113 2065 πράξεις
1124 2031 1269 2066 προκόψαι,
1286 2031 1335 2057 οὐκ
1352 2031 1439 2058 ἔοικεν
1456 2032 1569 2064 ἐκείνοις
1588 2034 1645 2063 τοῖς
1665 2032 1784 2058 κλάσασι

1001 2075 1050 2110 μὲν
1073 2076 1126 2103 ὠὸν
1155 2077 1277 2111 ἀσπίδος,
1295 2077 1451 2112 βασιλίσκον
1476 2078 1504 2104 δὲ
1517 2079 1547 2103 ὲν
1562 2078 1652 2109 αὐτοῖς
1668 2078 1728 2113 (12)
1743 2078 1790 2104 εὑ-

1000 2121 1090 2156 ροῦσι;
1108 2121 1154 2147 καὶ
1179 2122 1245 2148 αὑτό
1268 2123 1325 2148 ἐστι
1353 2122 1454 2149 ἰοϐόλον
1470 2123 1517 2149 καὶ
1535 2123 1723 2159 Θανατηφόρον
1743 2124 1791 2158 ἐρ-

999 2167 1089 2193 πετόν.

199 2209 279 2238 Vens.
301 2211 344 2238 I0.
366 2210 431 2243 Qua:
447 2211 498 2238 hoc
515 2219 598 2238 sensu
615 2212 732 2247 accipies
746 2223 752 2240 :
770 2214 946 2248 quemadmo-

1037 2213 1092 2238 Καὶ
1115 2212 1194 2240 τοῦτο
1218 2213 1246 2239 δὲ
1271 2214 1431 2249 σκοπητέον,
1447 2215 1497 2247 ὅτι,
1524 2215 1618 2250 ὥσπερ
1639 2215 1790 2250 ὀφθαλμῶν

160 2254 224 2281 dum
240 2255 307 2282 nihil
321 2263 415 2283 eorum
432 2265 492 2291 quae
506 2258 688 2285 obversantur
703 2266 813 2286 cernere
828 2260 944 2294 poterit,

160 2301 205 2335 qui
223 2301 309 2329 oculis
324 2302 386 2328 licet
402 2302 532 2336 praeditus
550 2302 609 2330 luce
624 2308 716 2335 caret,
735 2309 781 2330 aut
796 2305 840 2339 qui
859 2305 946 2332 lucem

161 2346 290 2381 adeptus,
305 2347 393 2374 oculis
409 2348 578 2381 destituitur,
603 2349 639 2376 ita
663 2357 774 2377 necesse
797 2355 839 2377 est
853 2355 884 2377 ut
900 2351 946 2386 qui

159 2397 251 2420 mente
265 2392 367 2427 aliquid
380 2394 523 2428 complecti
539 2395 655 2429 voluerit
667 2415 674 2427 ,
691 2395 814 2423 doctrina
827 2397 947 2426 illustre-

159 2442 203 2463 tur
219 2444 253 2464 ex
265 2436 366 2464 divinis
382 2437 531 2474 Scripturis
546 2438 699 2474 desumpta.

196 2481 279 2509 Vens.
302 2482 345 2510 11.
366 2482 470 2511 Tantus
491 2484 542 2511 erit
563 2485 602 2512 eis
619 2486 735 2520 gemitus
760 2491 788 2514 et
810 2487 945 2520 ululatus,

159 2533 278 2563 quantus
295 2536 361 2556 urso
375 2530 481 2557 catulos
503 2530 620 2558 amissos
644 2531 767 2566 lugenti;
793 2537 840 2559 aut
864 2533 945 2560 etiam

159 2579 278 2609 quantus
293 2576 428 2604 columbae
441 2585 502 2611 quae
515 2581 612 2604 natura
628 2579 757 2606 continuo
771 2579 874 2607 fremit.

196 2661 278 2691 Vens.
297 2665 340 2691 Π.
357 2665 478 2692 Salutem
489 2686 495 2697 .
510 2673 591 2700 quam
606 2673 701 2708 ptenas
714 2669 811 2695 dantes
826 2675 874 2702 per
886 2675 944 2703 pa:—

160 2708 300 2741 pitentiam
321 2715 348 2738 et
369 2711 537 2739 docilitatem
561 2713 685 2741 homines
707 2714 758 2741 sibi
785 2718 943 2749 operantur,

160 2753 299 2789 suscipere
309 2755 377 2782 dicit
386 2755 470 2783 Deum
483 2777 489 2788 ,
502 2762 528 2785 et
538 2758 612 2786 velut
625 2758 815 2787 indumentum
825 2780 834 2794 ,
850 2767 943 2787 eorum

193 2839 250 2883 tu)
264 2840 357 2874 Potius
371 2842 455 2884 αὐτῷ.

998 2258 1092 2291 ὅντων,
1121 2260 1145 2294 εἰ
1171 2259 1209 2295 μὴ
1222 2261 1321 2296 παρείη
1338 2261 1405 2296 φῶς,
1423 2261 1469 2287 καὶ
1490 2261 1580 2295 φωτὸς
1603 2261 1689 2293 ὄντος.
1710 2263 1734 2288 εἰ
1751 2262 1790 2297 μὴ

997 2302 1062 2331 ὦσιν
1073 2305 1205 2341 ὀφθαλμοὶ
1223 2307 1377 2341 βλέποντες,
1401 2307 1531 2335 ἀδύνατόν
1547 2309 1605 2334 ἐστι
1623 2307 1657 2334 τὰ
1675 2308 1789 2334 ὑποκεί-

999 2359 1067 2385 μενα
1080 2351 1199 2387 καθορᾷν
1210 2361 1217 2367 ·
1237 2352 1323 2384 οὕτως
1338 2353 1444 2388 ἀνάγκη
1465 2354 1511 2379 καὶ
1526 2353 1570 2380 τὸν
1585 2353 1747 2388 βουλόμενόν
1761 2361 1788 2378 τι

997 2397 1158 2425 διανοεῖσθαι
1175 2398 1247 2430 νοῦν,
1263 2399 1300 2435 μὴ
1309 2399 1341 2425 ἐκ
1353 2399 1407 2426 τῶν
1416 2399 1496 2433 θείων
1507 2399 1623 2437 Γραφῶν
1635 2400 1788 2435 ἀρυόμενον

999 2443 1103 2478 σοφίαν,
1118 2444 1287 2480 διαμαρτεῖν.

1033 2489 1164 2521 Τοσοῦτος
1187 2490 1214 2516 δὲ
1235 2489 1310 2517 ἔσται
1326 2492 1340 2517 ὸ
1354 2491 1504 2527 στεναγμὸς
1520 2492 1567 2518 καὶ
1584 2491 1600 2527 ἡ
1619 2492 1684 2526 παρ’
1697 2490 1789 2517 αὐτῶν

996 2535 1114 2570 οἰμωγὴ,
1131 2536 1197 2571 ὅσην
1215 2536 1316 2572 ἄρκτος
1328 2538 1482 2564 ἀπολέσασα
1493 2538 1526 2564 τὰ
1538 2538 1639 2572 ἑαυτῆς
1651 2538 1735 2564 τέκνα
1747 2538 1787 2563 οἰ-

998 2581 1096 2616 μώξει·
1113 2582 1141 2608 οὐ
1160 2582 1214 2617 μὴν
1236 2582 1305 2609 ἀλλὰ
1318 2583 1364 2609 καὶ
1381 2583 1527 2620 περιστερὰ
1542 2583 1725 2616 ἀδιαλείπτως
1736 2591 1788 2618 φυ-

997 2628 1081 2659 σικῶς
1094 2628 1241 2663 βρύχουσα.

1031 2674 1086 2710 Τὴν
1100 2675 1131 2700 ἐκ
1149 2675 1199 2710 τῆς
1221 2676 1363 2711 μετανοίας
1381 2677 1429 2704 καὶ
1443 2677 1575 2709 συνέσεως
1590 2686 1788 2713 πραγματευο-

997 2719 1081 2754 μένην
1099 2720 1235 2754 σωτηρίαν
1251 2722 1308 2752 τοῖς
1329 2721 1543 2756 τιμωρουμένοις
1558 2715 1726 2750 οἰκειοῦσθαι
1741 2722 1787 2750 τὸν

995 2762 1060 2790 Θεὸν
1090 2764 1199 2799 φάσκει,
1231 2764 1277 2791 καὶ
1292 2765 1430 2798 ἐνδύεσθαι
1455 2766 1548 2801 ὥσπερ
1569 2775 1595 2792 τι
1613 2766 1717 2801 ἔνδυμα
1736 2766 1787 2802 τὴν
