1919 3075
98 121 168 149 1565

813 126 845 153 ΙΝ
862 127 986 155 lSAlAM.

1647 133 1714 161 1566

95 178 385 214 τούτωνβικαιοσύνην
398 187 404 194 ·
423 179 452 206 οὐ
469 180 520 215 μὴν
529 180 596 207 ἀλλὰ
612 182 658 207 καὶ.
670 181 763 216 ὥσπερ
775 191 800 208 τι
817 183 883 218 κρά-

948 184 1063 211 ustittam
1080 186 1201 213 induere.
1214 187 1270 214 lmo
1284 189 1362 222 quasi
1375 190 1456 216 lorica
1470 195 1495 217 et
1505 197 1579 225 ganea
1590 211 1596 222 ,
1610 193 1714 225 inquit,

96 233 144 256 νος
160 225 208 251 καὶ¹
239 224 350 259 θώρακα
372 226 556 261 περιτίθεσθαι
570 227 668 261 φάσκει
683 228 727 254 τὸν
737 227 813 260 Θεὸν,
832 229 880 260 τὰς

97 270 154 297 τῶν
167 270 318 305 ἀνθρώπων
338 271 635 308 δικαιοπραγματείας·
657 274 690 300 τὰ
711 275 739 300 δὲ
758 274 804 301 ἐπὶ
813 274 880 301 Θεοῦ

98 316 227 351 εἴληπται
252 317 426 353 παραμυθίαν
445 318 559 354 φέροντα
579 321 634 351 τοῖς
650 321 816 355 ἀκροαταῖς·
835 320 882 347 καλ⁵

99 362 240 397 ἐπεγείρει
273 362 360 389 αὐτῶν
391 363 425 390 τὰ
450 365 629 399 φρονήματα,
660 365 697 397 ὡς
727 365 882 401 δυναμένων

99 407 192 434 αὐτῶν
218 408 264 434 καὶ
280 408 379 444 ἔνδυμα
401 409 468 437 Θεοῦ
481 410 616 444 γενέσθαι,
633 410 805 446 δικαιοσύνην
819 420 881 447 μετ-

101 453 208 480 ιόντων.

140 499 297 534 Προειδέναι
314 500 367 536 χρὴ
382 501 412 527 τὺ
429 499 493 536 ἦθος
509 502 538 528 τὸ
560 502 729 535 δεσποτικὸν,
744 504 784 530 ὅτι
795 504 885 531 πάντα

101 544 135 571 δι’
149 545 304 581 ἀγαοόττῖτα
326 546 468 580 προλέγει·
494 548 541 579 ὡς,
558 548 620 574 ὅταν
639 549 736 583 ἀπειλῇ
755 549 812 584 μὲν,
831 549 883 580 ἵνα,

103 591 269 626 φοῦηθέντες
289 591 324 618 τὰ
340 592 497 628 σκυθρωπὰ,
515 594 726 629 ἐπιστρέψαντες
739 595 785 621 καὶ
803 603 886 630 μετα-

103 636 251 670 νοήσαντες
279 637 454 672 ἅπαλλαγῶσι
479 639 528 674 τῆς
547 640 643 676 πείρας
672 641 726 666 τῶν
740 641 847 667 δεινῶν·
869 641 884 676 ἢ

104 681 187 707 πάλιν
203 683 285 716 ὲπαγγ
293 682 397 710 έλλεται
412 684 446 710 τὰ
463 684 562 718 ἀγαθὰ,
575 686 618 712 ἵνα
631 687 690 718 ταῖς
711 687 885 720 ἐπαγγελίαις

105 726 249 763 ὲπιῤῥὼσῃ
259 728 312 754 τῶν
324 728 587 765 δικαιοπραγούντων
598 730 646 762 τὰς
664 731 760 766 ψυχὰς,
779 731 845 766 πρὸς
858 731 887 757 τὸ

106 772 211 808 μᾶλλον
243 774 350 810 ἔχεσθαι
376 775 424 811 τῆς
447 777 514 811 πρὸς
531 777 576 803 τὸν
595 777 662 803 Θεὸν
676 777 790 809 ἐλπίδος.
818 777 886 804 Ἀλλ’

105 819 167 846 οὐδέ
184 828 233 846 που
262 821 308 847 καὶ
335 821 456 856 ἀνάγκην
468 821 523 856 ἔχει
542 822 607 854 Θεὸς
623 822 741 859 πληροῦν
752 824 854 850 ταῦτα·
870 823 886 859 ἢ

935 229 1150 257 circumdabitur
1162 231 1233 258 Deus
1245 233 1324 261 bonis
1337 234 1477 262 hominum
1493 236 1630 270 operibus.
1649 237 1714 270 Quae

935 274 1043 308 quidem
1057 275 1090 302 de
1106 275 1161 303 Deo
1174 275 1340 311 referuntur,
1353 283 1381 306 ut
1394 280 1535 308 audientes
1545 283 1675 314 excitent,
1689 287 1716 310 et

934 325 1038 348 mentes
1053 329 1146 348 eorum
1163 322 1283 357 erigant,
1309 325 1510 354 recordantiqu
1530 335 1560 355 se
1579 327 1713 356 iustitiam

935 366 1049 393 colendo
1063 367 1110 394 Dei
1126 368 1312 396 indumentum
1326 378 1405 405 posse
1422 371 1487 399 ﬁeri.

1006 505 1069 532 CAP.
1091 506 1154 539 LX,
1179 506 1257 536 Vens.
1279 508 1305 535 8.
1326 508 1385 536 Prae
1406 511 1491 538 oculis
1513 511 1652 540 habendus
1674 518 1716 540 est

938 550 984 577 Dei
1003 557 1060 577 mos
1076 556 1185 586 propter
1200 552 1394 587 benignitatem
1407 559 1520 582 ventura
1535 557 1714 590 praedicentis.

937 595 1014 622 Nunc
1034 597 1122 624 minas
1138 596 1269 630 intendit,
1297 603 1327 625 ut
1341 599 1408 626 diris
1424 602 1576 634 perterriti,
1594 610 1641 637 per
1659 610 1716 638 pce-

938 642 1082 668 nitentiam
1098 647 1124 670 et
1146 644 1299 670 animorum
1321 646 1526 673 conversionem
1549 647 1716 675 imminentia

940 687 990 714 sibi
1007 688 1077 714 mala
1091 693 1233 722 avertant;
1249 697 1322 716 nunc
1333 696 1422 718 autem
1438 691 1506 718 bona
1523 693 1670 727 promittit,
1687 697 1716 720 ut

936 732 1073 767 justorum
1090 735 1195 762 animos
1216 736 1356 769 promissis
1379 738 1536 770 conﬁrmet,
1560 742 1586 765 et
1604 738 1718 773 ﬂagran-

939 778 1001 804 tiori
1016 778 1043 805 in
1060 778 1142 806 Deum
1166 780 1256 806 studio
1283 780 1419 808 incendat.
1441 782 1475 808 At
1499 783 1572 810 nulla
1601 791 1717 818 unquam

941 824 998 859 lege
1012 825 1044 852 ad
1058 825 1116 852 haec
1128 825 1291 860 perficienda
1306 827 1420 861 cogitur.
1438 827 1504 854 Nam
1518 829 1570 856 illis
1585 831 1719 865 pomiten-

105 865 162 901 γὰρ
178 867 399 900 μετανοησάντων
419 868 502 902 ἀνῆκε
519 868 563 894 τὸν
578 868 672 904 θυμὸν,
693 869 721 903 ἦ,
744 868 780 904 μὴ
794 870 890 904 ὲμμει-

948 869 1006 896 iam
1021 871 1163 904 agentibus
1173 891 1180 903 ,
1199 871 1266 897 iram
1289 871 1365 905 ponit
1379 880 1386 904 ;
1401 876 1428 898 et
1444 871 1486 898 his
1498 879 1512 898 a
1528 859 1601 900 recta
1616 874 1657 901 via
1672 873 1720 901 dc—

106 911 211 938 νάντων
233 913 289 944 τοῖς
312 913 414 945 καλοῖς,
432 913 462 939 οὐ
486 913 622 940 τελειώσει
639 915 672 941 τὰ
689 913 889 948 ὲπαγγελθέντα

106 955 189 987 καλὰ,
203 956 279 992 ἡμῶν
290 958 460 992 παρεχόντων
477 958 524 990 τὰς
537 959 626 990 αἰτίας
639 958 678 994 τῷ
691 958 750 993 Θεῷ
762 958 807 984 τοῦ
824 958 891 993 πλη-

106 999 174 1036 ροῦν
188 1000 222 1026 τὰ
236 1001 439 1036 ἐπαγγελοέντα
453 1003 535 1030 κακά.

145 1046 199 1072 Καὶ
211 1047 295 1073 ταῦτα
306 1047 400 1074 δὲκαθ’
417 1048 536 1083 ἱστορίαν
548 1047 670 1083 ζητοῦντι
680 1048 781 1075 ἔνεστιν
790 1049 889 1084 εὐρεῖν⁸

106 1091 189 1117 τοῦτο
203 1092 251 1126 μὲν
268 1092 358 1128 Κύρου
378 1093 615 1128 ἀνοικοδομοῦντος
632 1093 681 1129 τὴν
704 1093 889 1129 Ἰερουσαλὴμ,

107 1136 157 1162 καὶ
178 1139 236 1172 μετ’
250 1138 329 1164 αὐτὸν
348 1139 464 1174 Δαρείου
477 1148 485 1155 ι
503 1140 533 1165 οὐ
553 1140 606 1175 μὴν
621 1139 687 1166 ἀλλὰ
705 1140 750 1167 καὶ
769 1140 891 1173 Ἀλεξάν-

107 1182 172 1217 δρου
185 1183 231 1209 τὺν
251 1184 385 1220 ἱερατικὸν
401 1185 490 1211 στόλον
503 1185 682 1220 θεασαμένου,
699 1185 745 1211 καὶ⁴
759 1185 891 1220 μεταὸαλ-

108 1227 222 1262 λομένου
235 1227 279 1254 τὸν
295 1228 379 1263 θυμὸν
392 1229 432 1260 εἰς
443 1229 637 1264 προσκύνησιν.

146 1273 234 1309 Ὅπερ
247 1271 291 1308 ἦν,
304 1274 350 1300 καὶ
361 1275 406 1300 ἐπὶ
418 1274 468 1309 τῆς
482 1275 539 1302 νυνὶ
553 1275 744 1306 καταστάσεως
757 1275 809 1301 τῶν
832 1276 892 1302 Ἐκ-

109 1318 229 1354 κλησιῶν
243 1319 367 1353 δηλοῦται
377 1329 384 1335 ·
398 1319 496 1351 πάντες
512 1320 567 1355 γὰρ
585 1320 768 1355 ἁπανταχόθεν
781 1320 892 1351 ταύταις

109 1364 284 1399 προσοίσουσι
298 1364 348 1396 τὰς
360 1365 496 1401 ἀπαρχάς.

152 1409 331 1441 Ἐπισκόπους
356 1410 427 1444 λέγει
442 1411 505 1442 τοὺς
522 1411 736 1442 ἐπιστατοῦντας
749 1411 794 1438 τοῦ
817 1411 891 1444 λαοῦ,

110 1454 158 1485 οὓς
170 1455 216 1481 καὶ
233 1454 404 1491 δικαιοσύνης
422 1456 539 1492 ἐραστὰς
556 1456 662 1492 μέλλειν
683 1457 789 1483 ἔσεσθαι
808 1457 891 1493 προῦ-

109 1499 199 1533 λεγεν.

147 1545 227 1578 Ἔθος
241 1548 297 1578 τοῖς
312 1548 473 1583 προφήταις,
491 1548 727 1584 προαναθεωροῦσι
741 1548 771 1575 τὸ
787 1549 890 1584 μέλλον,

111 1591 159 1617 ἐπὶ
174 1587 221 1626 μὲν
235 1592 287 1618 τῶν
314 1592 482 1628 σκυθρωπῶν
509 1594 634 1620 ἀνιᾶσθαι
653 1595 698 1621 καὶ
717 1593 833 1626 πενθεῖν,
849 1595 893 1620 ἐπὶ

111 1638 140 1664 δὲ
163 1640 195 1674 τῇ
222 1639 275 1666 τῶν
305 1639 414 1673 ἀγαθῶν
443 1639 543 1676 θεωρίᾳ
560 1641 591 1676 ἣν
615 1641 832 1675 εὐαγγελίζονται
855 1640 893 1676 τῷ

112 1684 179 1719 λαῷ,
200 1684 249 1713 κᾶν
256 1686 452 1721 ἀναισθητῶσιν
460 1688 482 1712 οἱ
497 1686 640 1717 ἀκούοντες
659 1687 766 1719 αὐτοὺς,
778 1696 893 1722 προεορ-

112 1732 205 1764 τάξειν
238 1732 286 1759 καὶ
303 1733 496 1768 προεστιᾶσοαι
525 1733 595 1759 κατὰ
617 1733 714 1768 ψυχὴν,
730 1735 833 1767 πεῖσμα
850 1733 893 1767 βέ-

113 1778 190 1804 6αιον
205 1779 389 1813 κεκτημένους
404 1778 453 1813 τῆς
478 1778 530 1805 τῶν
544 1778 701 1814 δειχθέντων
723 1779 848 1814 θεωρίας.
861 1794 895 1800 -

113 1823 225 1851 Βλέπων
249 1824 337 1850 τοίνυν
368 1825 382 1851 ὁ
411 1825 551 1860 προφήτης
576 1825 643 1860 πρὸς
657 1823 701 1850 τὸν
718 1825 844 1860 Χριστὸν,
857 1825 894 1856 ὡς

114 1869 219 1904 ἔνδυμα
233 1869 314 1896 αὑτοῦ
328 1870 457 1904 ἐγεγόνει·
473 1871 525 1901 πᾶς
542 1869 596 1906 γὰρ
611 1871 625 1896 ὁ
638 1870 813 1905 ἐνδυσάμενος
827 1871 894 1907 Χρι-

115 1914 188 1947 στὸν,
209 1915 315 1950 ἱμάτιον
349 1916 483 1951 σωτηρίας
506 1915 658 1948 ἐνεδύσατο,
678 1916 737 1942 καθ’
753 1916 766 1942 ὃ
789 1917 835 1943 καὶ
846 1916 895 1952 τὴν

115 1961 196 1995 ἁγίαν
217 1962 299 1988 αὑτοῦ
321 1962 483 1997 Ἐκκλησίαν
504 1963 682 1997 κατακοσμεῖ.
697 1962 834 1997 Κὰκείνην
847 1961 895 1998 τὴν

114 2007 234 2034 διάθεσιν
260 2007 382 2043 πληρῶν,
409 2009 441 2043 ἣν
468 2008 500 2035 ἂν
522 2007 653 2045 πληρώσῃ
663 2008 803 2040 νεανίσκος
828 2008 897 2043 πρὸς

116 2053 261 2089 παρθένον,
282 2053 374 2089 ἔχαιρε
400 2054 445 2080 καὶ
459 2053 586 2088 εὐωχεῖτο
604 2054 674 2081 κατὰ
688 2054 786 2089 ψυχὴν,
808 2054 845 2085 ὡς
858 2053 897 2088 τῷ

116 2098 227 2134 Χριστῷ
256 2098 352 2130 συνὼν,
377 2099 501 2125 κάκεῖνον
537 2098 718 2134 ἐνδεδυμένος,
740 2099 786 2126 καὶ
798 2099 897 2134 χιτῶνα

117 2145 198 2172 αὐτὸν
210 2144 278 2180 ἔχων
291 2143 468 2180 εὐφροσύνης.

940 914 1128 948 ﬂectentibus,
1144 915 1273 950 prmdicta
1286 916 1355 943 bona
1371 924 1424 942 non
1442 916 1555 951 largitur
1570 928 1575 944 :
1595 918 1646 953 ipsi
1668 926 1719 946 nos

940 963 1066 987 auctores
1085 968 1179 988 sumus
1194 960 1248 988 Deo
1265 962 1444 996 praenuntiata
1459 962 1529 989 mala
1546 963 1717 992 immittendi.

918 1068 929 1079 ρ
976 1048 1057 1076 Vens.
1070 1049 1112 1077 10.
1125 1049 1189 1083 Quae
1200 1058 1235 1078 an
1247 1059 1341 1086 reapse
1352 1052 1470 1085 perfecta
1481 1052 1535 1079 sint
1546 1057 1727 1087 quu:rentem,

941 1095 1055 1122 historia
1071 1097 1241 1130 apertissime
1264 1098 1392 1125 docebit:
1416 1098 1532 1133 primum
1554 1106 1614 1125 cum
1634 1098 1721 1133 Cyrus

941 1146 966 1168 et
982 1146 1043 1176 post
1059 1142 1130 1169 hunc
1146 1143 1242 1171 Darius
1262 1143 1413 1172 Jerusalem
1437 1144 1583 1171 azdilicarct
1597 1153 1604 1176 ;
1625 1144 1722 1172 deinde

941 1187 1021 1214 etiam
1039 1195 1100 1215 cum
1122 1188 1285 1222 Alexander,
1308 1197 1412 1217 sacram
1439 1197 1564 1225 pompam
1587 1190 1720 1224 miratus,

942 1239 990 1266 pro
1005 1232 1075 1259 irato
1091 1233 1285 1260 amicissimum
1301 1242 1330 1262 se
1345 1235 1485 1269 pralbcrct.

977 1277 1060 1307 Vens.
1081 1279 1123 1305 l5.
1145 1278 1221 1312 Quod
1236 1280 1299 1306 olim
1313 1281 1419 1312 evenit,
1438 1283 1464 1307 ct
1478 1287 1551 1307 nunc
1566 1287 1674 1315 quoque
1690 1279 1724 1306 de

942 1323 1070 1352 Eeclesiis
1091 1326 1289 1354 constituendis
1311 1327 1382 1353 valet
1396 1335 1404 1359 ;
1418 1326 1518 1361 quibus
1541 1326 1612 1353 enim
1635 1325 1722 1353 unde-

941 1380 1047 1407 quaque
1062 1377 1154 1407 gentes
1170 1374 1303 1408 primitias
1316 1374 1441 1401 afferunt.

977 1417 1058 1444 Vens.
1077 1417 1118 1444 17.
1138 1417 1287 1453 Episcopos
1298 1423 1377 1445 vocat
1390 1417 1530 1454 principes
1541 1416 1642 1452 populi,
1656 1422 1725 1451 quos

942 1465 968 1488 et
980 1462 1091 1497 iustitiae
1105 1462 1284 1490 inservituros
1300 1463 1474 1500 praedicebat.

978 1550 1041 1578 CAP.
1064 1550 1137 1583 LXI,
1160 1550 1240 1578 Vens.
1267 1551 1308 1578 10.
1330 1550 1387 1579 Mos
1401 1554 1443 1577 est
1458 1550 1597 1585 prophetis
1612 1553 1723 1577 ventura

944 1596 1171 1631 prospicientibus
1181 1617 1188 1628 ,
1203 1596 1236 1623 de
1255 1597 1372 1624 miseriis
1390 1596 1498 1631 quidem
1513 1596 1604 1631 lugere
1618 1600 1645 1622 et
1661 1602 1721 1621 con-

943 1643 1063 1674 tristari,
1078 1642 1112 1669 de
1129 1642 1261 1669 honorum
1285 1646 1374 1670 autem
1397 1641 1642 1676 contemplatione,
1667 1648 1727 1675 qua

944 1689 1043 1724 populo
1060 1689 1200 1721 nuntiantI
1222 1688 1330 1716 etiamsi
1353 1687 1495 1714 audientes
1512 1687 1592 1713 [idem
1608 1687 1726 1721 denega-

944 1735 1042 1767 verint,
1061 1735 1145 1762 laetari
1160 1738 1186 1761 ct
1201 1734 1297 1768 spiritu
1312 1734 1464 1766 exsultare,
1482 1737 1583 1760 certam
1597 1732 1727 1760 habentes

944 1782 996 1816 ipsi
1010 1789 1099 1808 rerum
1112 1781 1323 1816 signiticatarum
1335 1780 1472 1807 ﬁduciam.
1481 1779 1727 1814 —Prospectatunt

945 1828 1028 1863 igitur
1039 1828 1175 1855 Christum
1191 1826 1338 1862 propheta,
1355 1831 1383 1853 ut
1395 1826 1587 1854 vestimentum
1598 1845 1605 1855 .
1620 1825 1707 1851 induit
1720 1832 1726 1857 ;

946 1875 1101 1909 quicunque
1125 1875 1196 1902 enim
1222 1874 1361 1901 Christum
1395 1872 1537 1904 induerit,
1564 1871 1728 1898 vestimento

946 1919 1041 1946 salutis
1054 1919 1168 1946 vestitus
1183 1922 1240 1950 est,
1255 1925 1308 1953 quo
1327 1918 1407 1944 etiam
1430 1920 1552 1943 sanctam
1578 1923 1654 1943 suam
1677 1915 1729 1941 Ec—

946 1964 1058 1991 clesiam
1083 1968 1208 1991 exornat.
1237 1964 1276 1991 Ae
1300 1963 1396 1990 iisdem
1423 1962 1566 1989 aﬂectibus
1589 1965 1729 1996 permotus

946 2009 1046 2044 quibus
1066 2018 1184 2044 sponsus
1209 2009 1236 2036 in
1262 2016 1390 2044 sponsam
1416 2013 1549 2039 movetur,
1569 2006 1666 2041 spiritu
1685 2006 1729 2032 la:-

947 2059 1020 2082 tatur
1033 2059 1061 2082 et
1086 2055 1220 2088 exsultat,
1245 2053 1317 2081 haud
1338 2061 1417 2081 secus
1437 2061 1469 2080 ac
1489 2054 1512 2080 si
1538 2060 1598 2080 cum
1620 2052 1730 2079 Christo

947 2101 1166 2136 conjungeretur.
1179 2099 1478 2135 Christumjnduisset,
1493 2103 1519 2125 et
1534 2098 1653 2124 tunicam
1668 2104 1731 2124 eum

949 2146 1087 2174 habuisset
1101 2145 1209 2172 laetitia.

154 2191 223 2222 Τοὺς
237 2190 441 2225 σπερματικοὺς
461 2189 556 2224 λόγους
575 2191 710 2226 σημαίνει,
726 2200 789 2222 τους
806 2192 892 2226 ὥσπερ

986 2192 1070 2220 Vens.
1091 2192 1134 2219 11.
1157 2190 1308 2218 Seminales
1331 2196 1470 2217 sermones
1493 2187 1611 2215 intendit
1632 2186 1732 2213 animis

117 2239 146 2264 ἐν
158 2239 192 2272 γῇ
209 2239 241 2272 τῇ
251 2237 322 2272 ψυχῇ
336 2236 574 2271 ὲναποκειμένους,
584 2238 629 2263 καὶ
637 2237 675 2269 ὡς
686 2238 773 2272 κῆπον
786 2237 900 2269 αὔξοντα

116 2284 152 2310 τὰ
165 2284 193 2310 ὲν
208 2283 280 2318 αὺτῷ
296 2282 451 2318 σπέρματα,
465 2283 511 2309 καὶ
525 2283 574 2309 οὐκ
593 2282 691 2315 ἔξωθεν
710 2283 770 2309 οὐδὲ
785 2283 900 2318 ἀλλαχό-

118 2330 165 2357 θεν
182 2329 377 2365 ὲπεισφέροντα
389 2329 544 2364 σπέρματα,
560 2328 617 2355 ἀλλ’
634 2328 703 2356 ὥστε
722 2329 773 2363 γῆν
788 2329 900 2364 ἔχουσαν

118 2376 197 2409 λόγον
213 2375 259 2401 καὶ
265 2375 438 2402 ὁδοποιοῦσαν
451 2377 489 2407 εἰς
502 2375 616 2410 Χριστόν
626 2382 632 2388 ·
645 2375 738 2410 ὥσπερ
749 2376 778 2401 ὲν
795 2374 900 2409 σώματι

118 2421 252 2456 ὀφθαλμοὶ
272 2421 429 2456 συγγένειαν
447 2421 537 2456 ἔχουσι
554 2421 621 2457 πρὸς
643 2421 672 2447 τὸ
692 2420 759 2455 φῶς,
776 2421 822 2447 καὶ
835 2421 900 2447 ἁνα-

119 2468 256 2499 τείλαντος
283 2467 359 2502 ἡλίου
374 2467 473 2498 εὐθέως
490 2467 520 2494 τὸ
543 2467 670 2501 συγγενὲς
682 2466 800 2502 ὁρῶμεν,
819 2465 899 2499 οὕτω,

119 2515 166 2541 τοῦ
180 2514 304 2549 Σωτῆρος
319 2513 397 2548 ἡμῶν
413 2513 623 2548 ἐπιλάμψαντος,
641 2512 689 2548 τὴν
708 2512 901 2548 κεκρυμμένην

121 2562 150 2588 ἐν
159 2563 224 2596 ἡμῖν
237 2561 441 2596 ἐπιτηδειότητα
451 2561 517 2596 πρὸς
525 2560 695 2595 δικαιοσύνην
707 2559 900 2595 ἑκλάμψωμεν,

121 2607 152 2634 τδ
170 2608 304 2634 σκοτεινὸν
328 2606 490 2641 ἀποθέμενοι
526 2606 576 2641 τῆς
595 2606 682 2641 ψυχῆς
705 2603 780 2641 ἦθος.
811 2605 903 2640 Ἀγαλ-

121 2652 209 2679 λίασιν
227 2653 256 2679 δὲ
275 2653 349 2687 λέγει
368 2650 480 2678 ἐνώπιον
510 2652 563 2678 τῶν
587 2651 670 2678 ἐθνῶν
693 2651 900 2686 ὲξαπλούμενος.

157 2698 209 2726 Τοῦ
226 2699 363 2734 προφήτου
380 2698 449 2724 κατὰ
463 2697 550 2732 ψυχὴν
572 2697 739 2728 ὲστιαθέντος
760 2696 802 2722 διὰ
819 2696 851 2722 τὰ
865 2696 903 2731 τῷ

120 2744 178 2780 λαῷ
196 2745 413 2778 ὲπαγγελθέντα·
442 2745 472 2770 οὐ
498 2743 550 2778 μὴν
568 2743 634 2770 ἀλλὰ
657 2743 701 2769 καὶ
719 2743 820 2769 τούτων
837 2744 904 2778 ἀμε-

121 2791 238 2819 λούντων
259 2790 307 2826 τὴν
321 2791 359 2822 εἰς
373 2791 406 2817 τὰ
419 2790 483 2825 ἔθνη
509 2789 659 2824 φθάνουσαν
681 2790 759 2825 χάριν
787 2798 904 2824 προανα-

124 2838 306 2875 ιρωνήσαντος,
325 2836 476 2867 ἀκολούθως
494 2835 551 2862 οὐδὲ
570 2836 618 2871 τῆς
633 2835 699 2862 Σιὼν
718 2835 903 2871 ἐπιμελεῖσθαί

951 2237 1024 2264 velut
1038 2240 1117 2264 terra:
1132 2235 1293 2262 commissos
1307 2242 1314 2266 ;
1330 2239 1356 2261 et
1375 2240 1436 2260 cum
1459 2232 1539 2259 horto
1560 2231 1673 2258 collatos
1689 2238 1732 2258 se-

950 2283 1021 2310 mina
1037 2289 1086 2310 sua
1103 2281 1248 2313 eﬂ'erente,
1265 2287 1320 2307 non
1345 2279 1451 2306 exotica
1473 2281 1520 2304 aut
1541 2277 1627 2304 aliena
1652 2275 1731 2303 indu-

950 2334 1029 2358 cente
1042 2338 1048 2362 ;
1066 2336 1127 2355 cum
1141 2332 1213 2355 terra
1227 2326 1334 2353 ratione
1348 2325 1458 2360 prazdita
1474 2327 1500 2351 et
1518 2324 1589 2350 viam
1604 2323 1637 2350 ad
1653 2322 1731 2349 Chri—

951 2380 1022 2403 stum
1047 2374 1234 2410 palefaciente.
1259 2371 1317 2404 Quo
1342 2371 1412 2397 enim
1439 2369 1518 2396 modo
1541 2368 1612 2396 oculi
1637 2368 1732 2394 intima

952 2421 1113 2456 cognatione
1135 2427 1195 2446 cum
1217 2418 1277 2444 luce
1298 2416 1511 2450 conjungnntur,
1528 2418 1556 2441 et
1582 2417 1643 2440 orto
1658 2413 1731 2445 sole,

951 2467 1043 2494 statim
1065 2466 1123 2493 haec
1138 2464 1263 2499 cognatio
1287 2465 1413 2497 apparet,
1436 2461 1472 2488 ita
1493 2460 1662 2487 illuminante
1681 2466 1731 2485 nos

953 2513 1110 2545 Salvatore,
1137 2510 1288 2539 tenebrosis
1309 2509 1406 2536 animae
1424 2507 1545 2534 moribus
1570 2506 1730 2537 illustratis,

953 2558 1106 2593 splendebit
1129 2558 1155 2584 in
1177 2556 1256 2583 nobis
1270 2555 1358 2582 latens
1380 2553 1413 2580 ad
1438 2552 1572 2588 justitiam
1596 2550 1732 2578 habilitas.

954 2603 1168 2630 Exsultationem
1181 2600 1248 2627 dicit
1262 2607 1291 2627 se
1307 2599 1334 2626 in
1349 2601 1496 2631 conspectu
1510 2594 1630 2631 gentium
1645 2593 1734 2620 multi—

954 2650 1123 2685 plicaturum.

988 2696 1052 2722 Cap.
1078 2692 1146 2720 LXII
1161 2712 1169 2724 ,
1183 2692 1264 2719 Vens.
1285 2691 1309 2716 'l.
1332 2690 1433 2724 Spiritu
1458 2688 1577 2715 exsultat
1603 2685 1734 2721 propinata

954 2744 1063 2777 propter
1079 2740 1149 2766 bona
1165 2737 1264 2773 populo
1291 2735 1451 2763 denuntiata
1465 2744 1473 2767 ;
1491 2732 1615 2769 praedicit
1641 2731 1734 2767 profe-

955 2793 999 2816 cto
1010 2788 1050 2814 vel
1066 2783 1295 2813 invitislsraelitis
1309 2781 1421 2816 gratiam
1438 2788 1453 2806 a
1468 2780 1521 2808 Deo
1531 2779 1558 2806 in
1571 2782 1664 2815 gentes
1683 2777 1735 2805 dii-

958 2833 1133 2865 iundcndam,
1151 2829 1279 2867 non’ideo
1292 2833 1380 2855 tamen
1394 2826 1460 2854 Sion
1472 2825 1672 2861 negligentiam,
1689 2827 1745 2850 aut.-
