1919 3075
198 128 208 154 1
215 127 266 155 51ὶ7

777 124 951 154 TllEODORl
970 123 1229 152 HERACLEENSIS

1752 119 1824 148 1568

197 183 440 218 derelinquendam
471 182 648 216 Jerusalem;
682 190 738 210 ηερ
765 187 856 210 autem
881 182 976 210 illumi-

1034 191 1125 217 φησιν,
1141 182 1202 208 οὐδὲ
1225 181 1274 217 τὴν
1305 178 1480 217 Ἰερουσαλὴμ
1505 179 1614 207 ὲακεναι
1640 178 1725 218 λέγει,
1751 178 1823 205 ἀλλά

197 231 287 258 nanda
311 234 370 257 erat
386 230 419 257 ab
434 237 466 257 eo
479 230 598 265 [propter
609 228 702 256 divina
723 229 757 256 de
783 229 841 264 ipsa
855 229 981 262 consilia,

195 282 222 304 et
245 277 316 304 dona
341 276 392 312 ipsi
420 276 526 311 largita.
548 275 654 302 Etenim
680 276 890 310 properantibus
911 283 981 310 apo-

196 321 274 349 stolis
297 321 477 356 Evangelium
498 321 626 356 gentibus
648 320 798 356 praedicare
819 322 903 356 jussit
920 322 982 350 Sal—

195 371 284 398 valor,
293 371 323 394 ut
338 367 371 394 ad
385 374 451 394 oves
469 368 547 403 prius
563 367 644 400 irent,
658 375 718 399 quae
733 367 873 402 perierunt
884 368 981 396 domus

196 412 280 440 lsrael
295 413 328 440 ".

231 501 313 530 Vens.
328 502 354 529 2.
382 502 486 529 Nomen
503 510 602 529 novum
619 502 720 529 dicitur
735 510 831 529 nomen
849 503 982 531 Christia-

196 557 318 581 norum;
343 549 442 583 szepius
468 548 538 576 idem
569 548 669 576 innuit.
698 548 802 575 Etenim
828 549 981 584 baptizatus

195 596 332 630 baptismo
347 595 457 625 salutis,
481 598 610 621 renovata
637 597 692 622 tota
713 595 800 629 ipsius
812 595 979 630 conditione,

195 649 267 668 novo
292 649 401 676 quoque
419 641 530 668 nomine
547 644 662 668 vocatur
680 641 777 668 ﬁdelis.
805 640 916 669 Judaaus
931 649 981 669 n0-

195 697 258 716 vum
281 689 348 715 illud
374 696 472 715 nomen
500 688 651 723 impugnat.
682 680 758 716 Dicat
783 689 885 724 igitur,
902 689 981 724 juxta

195 735 271 762 Isaia:
284 735 453 769 prophetiam
466 755 473 766 .
500 743 601 762 novum
620 743 718 762 nomen
734 736 814 771 quale
831 735 883 763 sibi
898 735 981 764 fuerit

195 780 363 814 impositum.
381 781 415 807 At
429 788 482 807 non
507 780 587 808 habet
604 781 677 816 quod
693 781 803 809 indicet.
822 781 917 810 Restat
930 782 981 817 igi-

194 829 239 851 tur
259 830 288 853 ut
317 833 415 853 nomen
445 826 512 853 illud
536 826 755 855 Christianorum
774 836 872 855 nomen
901 829 945 860 sit,
965 836 979 855 a

193 871 303 900 Christo
320 872 506 907 desumptum,
521 873 593 907 quod
607 873 665 908 ipse
681 873 760 900 nobis
778 872 910 901 Dominus
927 875 979 901 im-

193 918 299 952 posuit,
321 922 414 952 genles
431 920 541 946 nomine
559 927 609 946 suo
624 920 783 947 nobilitans.

233 963 310 992 Vens.
327 964 353 992 5.
371 964 410 992 Ex
427 965 510 993 variis
526 965 639 993 ﬂoribus
668 972 739 994 serta
756 975 858 995 corona
872 971 898 995 et
919 968 978 995 dia-

192 1009 269 1036 dema
287 1011 362 1045 regni
399 1015 500 1038 emtum
526 1013 712 1047 apostolorum
745 1013 906 1048 designant,
929 1014 976 1050 qui

191 1054 374 1083 Ecclesiarum
399 1057 539 1092 principes
560 1058 671 1085 fuerunt
685 1063 713 1085 et
727 1059 808 1086 simul
823 1067 922 1092 genere
937 1059 976 1087 ls-

191 1102 427 1137 raelitm;quibus
452 1111 553 1131 novum
570 1113 669 1132 nomen
699 1109 760 1140 apte
783 1107 974 1139 conveniebat,

191 1155 253 1174 cum
281 1155 425 1176 commune
441 1157 527 1184 genus
549 1159 610 1177 cum
625 1151 660 1179 iis
675 1151 818 1180 haberent.

225 1193 309 1222 Vsus.
325 1195 351 1222 4.
372 1195 504 1224 Voluntas
519 1202 652 1225 vocantur
680 1199 725 1233 qui
743 1198 790 1226 Dei
807 1200 975 1227 voluntatem

192 1239 313 1274 faciunt;
331 1249 379 1269 vos
408 1246 435 1269 et
458 1243 571 1278 diligere
600 1244 720 1276 dicitur,
749 1245 820 1272 sicut
848 1245 976 1273 habitans

189 1287 297 1321 juvenis
314 1294 375 1314 cum
403 1288 518 1324 virgine.
544 1289 601 1317 lloc
620 1298 683 1318 vero
711 1299 764 1318 non
787 1297 953 1319 marcentem
967 1312 975 1325 ,

191 1334 238 1360 sed
263 1332 405 1360 ﬂorentem
419 1335 604 1363 conditionem
629 1337 790 1372 designans;
808 1346 870 1365 nam
897 1347 976 1374 spon-

191 1388 239 1406 sus
251 1387 379 1414 sponsam
396 1381 601 1409 cohabitatione
618 1384 746 1418 protegit.

226 1425 309 1453 Vens.
327 1425 352 1452 6.
370 1425 534 1454 llodiernam
554 1428 737 1455 Ecclesiarum
753 1431 975 1459 constitutionem

191 1471 405 1507 indicat;p0pulo
417 1476 473 1500 tota
482 1473 525 1501 die
535 1478 562 1502 et
574 1479 628 1502 tota
637 1480 718 1503 nocte
733 1477 860 1504 mandata
874 1478 920 1506 Dei
928 1486 961 1505 cu
969 1494 976 1500 -

191 1519 341 1552 stodieute;
359 1523 415 1547 tota
430 1524 508 1548 nocte
525 1521 684 1550 docentibus
700 1523 865 1558 presbyteris
884 1533 975 1553 veram
991 1539 1012 1566 ο

189 1565 224 1592 de
239 1564 294 1592 Deo
305 1565 457 1594 doctrinam
467 1586 475 1600 ,
491 1575 522 1594 ac
535 1567 580 1595 Dei
595 1568 689 1596 laudes
699 1573 726 1597 et
739 1571 897 1598 memoriam
909 1573 978 1600 cele-

190 1611 347 1638 brantibus.

225 1657 289 1684 CAP.
302 1657 393 1689 LXIII,
405 1657 489 1686 Vens.
510 1659 534 1686 l.
552 1658 634 1685 Edom
647 1663 726 1686 vorat
747 1659 816 1688 ﬁlios
829 1660 911 1695 Esau;
927 1661 979 1689 Bo-

191 1709 238 1730 soz
250 1702 291 1729 vel
308 1702 392 1730 Bosra
410 1703 509 1730 dicitur
525 1711 589 1731 caro
602 1703 668 1739 (15).
681 1704 730 1732 Vir
747 1705 829 1740 igitur
844 1707 896 1734 iste
915 1715 976 1734 eum

191 1748 349 1776 fortitudine
376 1754 402 1776 et
436 1749 565 1777 violentia
602 1751 745 1778 vobiscum
769 1751 845 1786 justo
872 1753 977 1780 calculo

190 1794 317 1830 litigabit,
344 1803 440 1830 ptenas
466 1803 480 1822 a
512 1796 590 1824 vobis
620 1802 756 1832 repetens.
779 1797 879 1833 Litigat
905 1798 977 1827 Deus

190 1839 262 1866 enim
278 1847 339 1866 cum
364 1839 532 1871 hominibus.
560 1841 671 1876 quando
688 1848 768 1869 vocat
788 1850 836 1870 eos
850 1843 877 1870 in
900 1843 976 1878 judi-

191 1885 274 1915 cium.
294 1889 322 1912 ut
346 1885 443 1913 doceat
459 1894 488 1913 se
509 1887 628 1922 legitima
652 1888 772 1915 vindicta
789 1889 838 1921 uti,
861 1897 913 1917 nos
927 1897 976 1916 au-

189 1934 243 1958 tent
261 1931 313 1966 ipsi
338 1936 466 1960 auctores
482 1941 544 1960 esse
567 1933 702 1968 supplicia
717 1934 744 1960 in
765 1942 814 1962 nos
831 1935 974 1963 inferendi.

189 1975 256 2002 Nam
270 1997 276 2008 ,
296 1977 336 2004 vcl
362 1978 510 2005 vindictam
528 1978 640 2014 exigens
656 1999 663 2011 ,
693 1980 785 2007 omnia
810 1981 842 2008 ad
860 1982 975 2009 salutem

189 2023 270 2050 nobis
287 2024 487 2058 procurandam
512 2025 596 2057 facit,
614 2029 670 2052 uta
687 2027 808 2061 peccatis
825 2036 974 2060 cessemus,

190 2073 219 2095 at
237 2069 425 2103 paenitentiam
441 2075 553 2105 agentes
577 2071 726 2103 salvemur,
745 2076 793 2099 aut
811 2073 976 2100 mundemur

188 2123 331 2151 poenarum
347 2116 460 2151 judicio.
476 2117 510 2143 Et
522 2117 601 2151 paulo
617 2124 695 2152 post:
712 2119 781 2147 Vere
796 2120 976 2149 admiratione

189 2163 338 2192 stupebunt
350 2163 507 2198 spirituales
519 2164 635 2192 virtutes
647 2185 654 2197 ,
667 2173 728 2192 cum
744 2166 874 2194 vidcbunt
889 2167 973 2195 Deum

1034 228 1081 255 καὶ
1095 227 1197 262 ταύτην
1211 225 1485 261 καταυγασθήσεσθαι
1504 225 1548 251 ὑπ’
1566 223 1647 250 αὑτοῦ
1662 223 1706 250 διά
1725 231 1755 249 τε
1769 223 1822 257 τὴν

1033 271 1102 307 πρὸς
1117 270 1200 305 αὐτὴν
1219 269 1320 296 ἄνωθεν
1337 268 1428 304 σχέσιν
1441 267 1488 294 καὶ
1507 267 1550 294 διὰ
1570 266 1603 293 τὰ
1618 266 1730 293 δοθέντα
1750 265 1820 301 αὐτῇ

1034 315 1136 351 σεμνά·
1153 315 1200 341 κα)⁸
1223 313 1276 350 γὰρ
1292 313 1346 339 τῶν
1361 312 1517 339 ἀποστόλων
1537 311 1704 338 σπευδόντων
1721 311 1762 342 εἰς
1785 309 1820 335 τα

1032 361 1095 397 ἔθνη
1112 361 1142 388 τὸ
1159 361 1289 396 κήρυγμα
1305 360 1459 394 ἐξαγαγεῖν,
1474 359 1488 385 ὁ
1512 358 1606 393 Σωτὴρ
1625 358 1757 393 πρότερον
1770 357 1821 383 αὐ-

1031 409 1094 439 τοὺς
1117 407 1251 433 ποιεῖσθαι
1272 407 1302 432 τὸ
1324 407 1456 442 κήρυγμα
1476 404 1674 441 παρεκελεύετο
1693 403 1761 439 πρὸς
1784 403 1820 429 τΞι

1031 453 1155 489 πρόϐατα
1172 453 1206 479 τὰ
1221 452 1375 480 ἀπολωλότα
1390 452 1463 478 οἴκου
1486 451 1602 487 Ἰσραήλ.

1068 501 1172 535 Ὀνομα
1189 499 1279 526 καινὸν
1300 499 1408 532 λέγεται
1426 498 1455 524 τὸ
1470 497 1547 533 ἡμῶν
1561 496 1615 524 τῶν
1629 496 1816 532 Χριστιανῶν·

1032 546 1172 581 πολλαχῶς
1194 545 1223 572 δὲ
1238 545 1316 572 τοῦτο
1340 546 1454 571 νοεῖται·
1480 543 1528 570 καὶ
1548 543 1601 578 γὰρ
1624 544 1638 569 ὀ
1658 542 1819 577 βαπτισθεὶς

1032 594 1172 629 βάπτισμα
1196 593 1327 628 σωτήριον
1348 592 1433 626 ὄνομα
1463 590 1556 625 ἓτερον
1582 588 1766 625 ὀνομάζεται,
1806 590 1819 615 r‘.

1032 641 1136 672 πιστὸς,
1152 639 1322 668 ἀνακαίνισιν
1336 638 1479 673 δεχόμενος
1493 637 1542 672 τῆς
1554 637 1618 672 ὅλης
1633 635 1718 662 αὑτοῦ
1736 644 1819 662 κατα-

1032 688 1162 718 στάσεως.
1186 686 1256 712 Ἀλλ’
1272 686 1285 711 ὁ
1306 684 1430 715 Ἰουδαῖος
1451 683 1564 719 μάχεται
1590 683 1659 718 πρὸς
1675 682 1706 708 τὸ
1727 682 1818 708 καινὸν

1031 735 1109 761 τοῦτο
1128 734 1212 770 ὄνομα
1224 743 1230 749 ’
1255 735 1359 761 εἰπάτω
1377 733 1476 764 τοίνυν,
1500 731 1570 758 κατὰ
1584 731 1695 757 Ἡσαΐου
1711 738 1819 765 προφη-

1030 782 1114 813 τείαν,
1138 781 1223 816 ὄνομα
1240 780 1331 807 καινὸν
1349 778 1473 806 ἐπιτεθέν
1488 777 1579 812 αὐτῷ·
1607 776 1664 803 ἀλλ’
1689 776 1741 802 οὐκ
1764 775 1817 810 ἔχει

1031 827 1130 859 δεῖξαι·
1151 827 1206 862 ἄρα
1225 827 1314 853 τοίνυν
1338 825 1367 852 τὸ
1390 823 1559 861 Χριστιανῶν
1579 824 1670 854 ἐστιν,
1694 821 1751 848 ἀπὺ
1774 821 1818 847 τοῦ

1031 873 1148 910 Χριστοῦ
1164 872 1374 909 γνωριζόμενον,
1400 872 1414 897 ὃ
1440 873 1454 897 ὁ
1475 870 1577 905 Κύριος
1598 870 1663 905 ἡμῖν
1686 868 1816 898 τέθεικεν,

1031 919 1084 946 ἀπὸ
1098 918 1144 946 τοῦ
1158 919 1258 945 οἰκείου
1275 919 1406 953 ὀνόματος
1419 918 1557 952 σεμνύνων
1569 916 1604 943 τὰ
1618 916 1694 950 ἔθνη.

1071 967 1118 992 Ἐκ
1141 966 1277 1000 διαφόρων
1294 964 1381 992 ἀνθῶν
1407 964 1528 996 πλακεὶς,
1545 963 1590 989 καὶ
1603 962 1726 996 διάδημα
1747 960 1812 995 βασι-

1031 1012 1103 1044 λείας
1117 1012 1147 1038 τὸ
1159 1012 1250 1047 τάγμα
1266 1011 1319 1037 τῶν
1334 1010 1489 1038 ἀποστόλων
1505 1009 1643 1045 τυγχάνει,
1660 1009 1686 1035 οἳ
1701 1007 1752 1034 καὶ
1768 1007 1818 1033 τῶν

1037 1059 1202 1094 Ἐκκλησιῶν
1216 1057 1402 1094 προήχθησαν,
1418 1057 1494 1088 ὄντες
1508 1056 1577 1083 κατὰ
1589 1055 1668 1090 γένος
1687 1054 1819 1090 Ἰσραηῖςῖ-

1030 1113 1084 1137 ται,
1101 1102 1141 1136 οἷς
1165 1104 1211 1130 καὶ
1226 1104 1330 1139 ἥρμοσε
1352 1103 1384 1129 τὸ
1397 1103 1483 1138 ὄνομα
1505 1102 1536 1128 τὸ
1554 1100 1659 1132 καινὸν,
1676 1100 1819 1127 κοινωνίαν

1029 1151 1119 1185 ἔχουσι
1136 1150 1204 1185 πρὸς
1220 1149 1250 1176 τὺ
1267 1148 1354 1184 γένος.

1063 1195 1175 1230 Θέλημα
1190 1195 1279 1221 τοίνυν
1296 1193 1439 1221 καλοῦνται
1456 1193 1479 1219 οἱ
1496 1193 1527 1219 τὸ
1542 1192 1648 1227 θέλημα
1671 1190 1760 1217 αὑτοῦ
1775 1198 1820 1216 πε-

1030 1242 1183 1277 ποιηκότες,
1198 1241 1244 1273 οὒς
1264 1242 1309 1268 καὶ
1324 1241 1432 1276 ἀγαπᾷν
1446 1240 1530 1274 λέγει,
1551 1239 1588 1270 ὡς
1607 1237 1744 1273 συνοικῶν
1761 1245 1819 1263 νεα-

1029 1288 1120 1319 νίσκος
1133 1287 1267 1323 παρθένῳ.
1284 1286 1368 1313 Τοῦτο
1381 1287 1408 1313 δὲ
1423 1287 1453 1313 οὐ
1478 1285 1581 1321 φθορὰν
1599 1285 1741 1321 σημαίνει,

1029 1334 1204 1370 ἀκμάζουσαν
1218 1334 1309 1369 σχέσιν
1319 1341 1325 1348 ·
1342 1333 1389 1359 καὶ
1405 1333 1458 1368 γὰρ
1469 1334 1548 1368 τηρεῖ
1560 1333 1589 1358 ὲν
1601 1331 1641 1366 τῷ
1658 1331 1818 1366 συνοικεσὶῳ

1028 1380 1077 1416 τὴν
1093 1380 1236 1416 παρθένον.
1445 1404 1450 1411 .

1064 1427 1119 1462 Τὴν
1132 1427 1190 1453 νυνὶ
1212 1426 1377 1452 κατάστασιν
1401 1425 1454 1451 τῶν
1477 1423 1645 1459 Ἑκκλησιῶν
1673 1422 1816 1458 ἐμφαίνει·

1030 1472 1087 1508 μεθ’
1104 1471 1212 1507 ἡμέραν
1224 1480 1251 1497 τε
1265 1471 1311 1498 καὶ
1322 1470 1429 1506 νύκτωρ
1444 1469 1609 1504 μελετῶντος
1622 1467 1670 1493 τοῦ
1686 1466 1753 1493 λαοῦ
1770 1466 1817 1497 τὰς

1029 1518 1137 1549 ἐντολὰς
1153 1517 1198 1545 τοῦ
1214 1517 1279 1543 Θεοῦ
1291 1525 1298 1532 ι
1314 1515 1525 1543 ὲκδιδασκόντων
1542 1522 1569 1540 τε
1588 1514 1686 1547 ἱερέων
1703 1512 1739 1539 τὰ
1755 1520 1817 1546 περι

1029 1565 1094 1591 Θεοῦ
1110 1565 1142 1591 δι’
1159 1564 1223 1600 ὅλης
1242 1563 1348 1596 νυκτὸς,
1364 1563 1509 1590 αἰνούντων
1524 1561 1569 1588 τὸν
1587 1560 1691 1596 Κύριον
1705 1562 1754 1586 καὶ
1770 1559 1816 1587 αὖ·

1028 1611 1075 1638 τοῦ
1091 1610 1322 1646 μνημονευόντων.

1069 1656 1158 1691 Ἐδὼμ
1172 1655 1245 1691 λέγει
1261 1656 1325 1687 τοὺς
1337 1656 1411 1687 υἱοὺς
1433 1654 1528 1681 Ἡσαῦ.
1548 1653 1633 1689 Βοσὸρ
1643 1653 1672 1679 δὲ
1695 1653 1755 1688 ἦτοι
1769 1652 1817 1687 τὴν

1028 1704 1146 1740 Βόστραν
1166 1704 1240 1738 λέγει
1258 1704 1317 1730 καθ’
1342 1703 1481 1739 Ἑϐραίους
1503 1702 1602 1738 σάρκα.
1619 1698 1705 1743 Οὗτος
1727 1701 1816 1727 τοίνυν

1028 1752 1042 1777 ὁ
1060 1751 1145 1785 μέγας
1168 1752 1196 1777 ἐν
1222 1750 1293 1786 ἰσχύϊ
1308 1750 1355 1777 καὶ
1375 1749 1539 1784 ἀσύγκριτος
1563 1747 1725 1784 κριθήσεται
1749 1747 1818 1783 πρὸς

1028 1796 1125 1828 αὐτοὺς
1146 1795 1238 1831 δικαία
1259 1795 1350 1830 ψήφῳ,
1368 1795 1417 1830 τὴν
1435 1795 1494 1821 κατ’
1511 1794 1609 1825 αὐτοὺς
1630 1791 1816 1828 ποιησάμενοι

1028 1841 1162 1868 ἐκδικίαν
1189 1842 1307 1876 καὶγὰρ
1329 1841 1393 1872 Θεὸς
1416 1839 1483 1876 πρὸς
1506 1839 1667 1875 ἀνθρώπους
1693 1838 1816 1873 κρίνεται

1028 1887 1117 1914 καλῶν
1130 1888 1204 1923 ἡμᾶς
1220 1889 1259 1918 εἰς
1282 1887 1381 1923 κρίσιν.
1408 1887 1450 1913 ἵνα
1476 1885 1578 1921 διδάξῃ,
1603 1886 1645 1912 ὅτι
1662 1884 1745 1911 αὑτοῦ

1026 1933 1118 1960 δικαία
1133 1934 1149 1969 ἡ
1164 1934 1265 1968 ἄμυνα,
1286 1934 1364 1968 ἡμεῖς
1379 1932 1406 1959 δὲ
1421 1932 1510 1958 αὐτῶν
1530 1931 1610 1958 αἴτιοι
1631 1931 1692 1957 καθ’
1710 1930 1815 1956 ὲαυτιίν

1026 1980 1210 2014 ἐπισπώμενοι
1223 1979 1271 2014 τὴν
1293 1979 1370 2013 δίκην
1383 1987 1389 1992 ·
1418 1978 1498 2009 αὐτὸς
1527 1977 1581 2013 γὰρ
1597 1977 1643 2004 καὶ
1661 1977 1740 2012 δίκην
1767 1978 1815 2002 ἐπ-

1026 2029 1110 2061 άγων,
1127 2027 1196 2062 ὑπὲρ
1218 2028 1352 2062 σωτηρίας
1368 2027 1444 2062 ἡμῶν
1461 2026 1550 2052 πάντα
1569 2027 1648 2057 ποιεῖ,
1672 2024 1745 2060 ὑπὲρ
1767 2024 1814 2050 τοῦ

1026 2074 1072 2101 καὶ
1089 2073 1193 2100 παῦλαν
1213 2075 1285 2109 ἡμᾶς
1299 2073 1390 2099 λαϐεῖν
1404 2072 1449 2099 τοῦ
1477 2073 1656 2108 ἁμαρτάνειν,
1682 2072 1698 2107 ἥ
1730 2081 1814 2107 μετα-

1026 2120 1173 2155 νοήσαντας
1187 2119 1316 2154 σωθῆναι,
1334 2119 1350 2154 ἢ
1366 2119 1542 2154 κουφισθῆναι
1566 2119 1594 2145 ἐν
1609 2119 1640 2153 τῇ
1659 2118 1750 2153 κρίσει
1766 2118 1815 2153 τῆς

1025 2165 1168 2201 τιμωρίας.
1189 2165 1244 2191 Καὶ
1261 2165 1324 2199 μετ’
1343 2165 1439 2199 ὀλίγον
1465 2164 1585 2199 Ἀληθῶς
1600 2163 1654 2199 γὰρ
1673 2163 1815 2198 θαύματος

188 2217 279 2239 suum,
298 2216 359 2235 cum
376 2217 492 2244 corpore
510 2210 538 2236 lﬂ
555 2211 640 2238 cmlos
656 2211 867 2244 ascendentem,
887 2218 914 2240 οι
927 2222 973 2240 ΙἪ-

1032 2211 1219 2248 ὲπεττλήρωντο
1240 2211 1287 2238 καὶ
1311 2212 1337 2238 αἱ
1360 2211 1454 2246 νοηταὶ
1474 2210 1620 2246 δυνάμεις,
1642 2210 1746 2245 ὁρῶσαι
1770 2210 1816 2235 τὸν

186 2254 295 2282 bentem
310 2255 452 2290 sanguine,
465 2259 492 2282 et
506 2257 596 2283 erucis
616 2256 788 2292 stigmatibus
801 2259 973 2293 transﬁxum;

187 2303 214 2326 et
230 2300 375 2328 victoriam
396 2301 429 2328 de
447 2305 534 2329 morte
549 2302 661 2329 relatam
676 2313 682 2336 ;
700 2307 727 2330 et
749 2305 862 2338 gratiam
885 2305 973 2332 homi-

186 2347 267 2374 nibus
284 2347 426 2381 largitam;
443 2352 470 2374 et
488 2342 661 2382 peceatorum
684 2350 884 2378 remissionem.
905 2351 972 2378 Nam

185 2393 342 2420 hominibus
374 2399 484 2429 propter
501 2401 612 2430 px-ccala
641 2404 689 2423 sua
712 2401 799 2424 morte
816 2398 970 2430 damnatis,

186 2438 312 2466 Salvator
328 2446 420 2467 noster
436 2441 494 2475 ipse
517 2449 567 2475 pro
584 2442 662 2469 nobis
685 2448 799 2469 mortem
821 2443 904 2470 subiit
918 2462 925 2474 ,
941 2448 970 2470 ut

184 2485 265 2513 nobis
295 2486 525 2514 immortalitatem
557 2492 727 2522 operaretur.
747 2487 780 2514 Et
798 2487 877 2522 paulo
892 2494 970 2522 post:

185 2531 260 2563 Quod
279 2531 302 2559 si
323 2532 433 2566 angelos
452 2533 634 2560 exsultavisse
659 2533 779 2561 audieris
792 2554 799 2565 ,
825 2534 879 2561 noli
909 2533 970 2561 illos

185 2576 346 2610 ignorantia
362 2585 490 2612 arguere;
510 2584 642 2605 noverant
658 2578 728 2605 enim
744 2578 892 2606 Salvatoris
903 2586 970 2606 con-

186 2621 246 2648 silia
258 2629 290 2649 ex
305 2630 361 2658 quo
376 2623 402 2650 in
423 2627 523 2650 terram
546 2623 674 2659 delapsus
698 2631 807 2651 carnem
826 2624 945 2662 suscepit
960 2633 967 2657 ;

205 2699 227 2714 ²⁶
238 2699 331 2726 Matth.
349 2709 364 2727 Χ
391 2703 415 2728 ὕ.

1027 2257 1129 2284 ἑαυτῶν
1151 2258 1215 2284 Θεὸν
1234 2259 1261 2283 ὲν
1282 2257 1386 2292 σώματι
1411 2258 1450 2288 εις
1472 2257 1602 2293 οὐρανοὺς
1629 2256 1740 2282 ἀνιόντα
1769 2257 1816 2282 καζ

1026 2303 1144 2338 φέροντα
1165 2303 1195 2329 τὸ
1220 2302 1344 2337 ἐρύθημα
1369 2302 1415 2329 τοῦ
1443 2302 1558 2336 αἵματος
1572 2301 1619 2328 καὶ
1633 2300 1667 2327 τὰ
1691 2301 1815 2336 σύμϐολα

1024 2349 1070 2375 τοῦ
1087 2349 1214 2384 σταυροῦ,
1231 2351 1281 2384 τήν
1304 2357 1333 2375 τε
1357 2348 1426 2375 κατὰ
1445 2348 1491 2375 τοῦ
1513 2348 1628 2375 θανάτου
1653 2347 1743 2382 νίκην,
1769 2356 1815 2373 και

1024 2395 1072 2430 τὴν
1093 2395 1246 2430 ἀνθρώποις
1262 2394 1436 2430 χαρισθεῐσαν
1451 2395 1530 2430 χάριν
1549 2395 1596 2421 καὶ
1611 2393 1710 2428 ἄφεσιν
1724 2394 1815 2428 ἀμαρ-

1024 2442 1099 2469 τιῶν.
1117 2443 1176 2468 Τῶν
1190 2442 1244 2478 γὰρ
1262 2441 1412 2477 ἀνθρώπων
1435 2441 1505 2477 ὑπὲρ
1525 2441 1578 2467 τῶν
1593 2441 1703 2467 οἰκείων
1721 2441 1813 2475 ἀμαρ-

1024 2488 1153 2523 τημὰτων
1180 2488 1293 2515 θάνατον
1318 2487 1543 2523 χρεωστούντων,
1569 2488 1583 2513 ὁ
1610 2487 1707 2522 Σωτὴρ
1735 2486 1814 2521 ἡμῶν

1024 2533 1142 2568 ὑπῆλθεν
1167 2534 1247 2566 αὐτὸς
1270 2534 1316 2561 τὸν
1343 2533 1455 2560 θάνατον
1479 2533 1549 2568 ὑπὲρ
1573 2532 1666 2567 ἡμῶν,
1685 2532 1720 2558 ἶν’
1748 2533 1814 2567 ἡμῖν

1023 2580 1171 2607 ἀθανασίαν
1190 2580 1444 2615 πραγματεύσηται.
1463 2580 1517 2606 Καὶ
1533 2579 1595 2614 μετ’
1611 2579 1700 2613 ὀλίγά
1716 2586 1723 2594 ·
1741 2579 1774 2605 Εἰ
1787 2579 1814 2605 δὲ

1023 2625 1068 2651 ἐπὶ
1091 2625 1213 2658 ἀγγέλων
1236 2625 1345 2658 ἀκούοις
1377 2626 1414 2657 ὡς
1436 2624 1659 2660 ὲπαπορούντων,
1688 2624 1727 2659 μὴ
1743 2623 1814 2650 ὲκεί-

222 2777 369 2817 (ρὸλιῐῖεηα
387 2789 480 2808 vocem
500 2789 554 2808 non
568 2789 670 2808 carnem
682 2781 844 2815 signiﬁcare,
863 2781 908 2810 sed
919 2782 1023 2816 ﬁrmam
1041 2786 1121 2817 atque
1141 2782 1279 2814 munitam,
1298 2782 1359 2810 luce
1374 2781 1469 2817 probat
1480 2781 1583 2809 clarius
1598 2779 1628 2807 S.
1643 2779 1721 2808 Hier.
1738 2786 1812 2809 cum.

186 2813 214 2839 in
227 2812 265 2840 Is.
280 2813 327 2840 lllt.
346 2822 400 2841 xvtt
