1920 3070
244 108 291 135 171

733 105 762 134 S.
783 104 948 132 METHODII
969 104 1122 133 EPISCOPI
1142 105 1185 132 ET
1207 104 1386 132 MARTYRIS

1807 106 1868 133 173

242 167 416 201 Quaecunque
434 166 505 194 enim
521 165 619 193 natalis
639 165 758 193 fatalitas
773 165 880 197 statuit,
903 166 944 193 lex
960 173 1010 200 pro

1073 167 1122 193 ὅσα
1138 166 1167 192 δὲ
1183 166 1263 201 νόμος
1276 165 1384 197 κωλύει.
1404 164 1492 192 ταῦτα
1503 165 1608 200 γένεσις
1626 167 1711 192 ποιεῖν
1725 165 1867 201 βιάζεται·

243 213 335 244 bibet;
352 219 523 247 quaecunque
540 219 605 239 vero
622 212 665 239 lex
686 211 822 246 prohibet,
841 211 939 238 natalis
955 211 1024 238 fata-

242 259 303 286 litas
317 258 405 285 facere
421 258 505 293 adigit
522 267 529 285 :
547 257 704 285 adversaria
722 265 785 292 ergo
800 258 883 284 natali
897 258 1023 285 fatalitati

213 307 216 310 ’
241 305 294 332 lex.
311 305 339 332 Si
354 309 444 332 autem
466 305 503 332 illi
526 305 694 335 adversaria,
710 311 765 332 non
781 303 865 339 igitur
880 311 928 338 per
945 307 1023 330 nata-

239 351 293 380 lem
321 351 480 379 fatalitatem
507 351 699 387 legumlatores
725 355 829 386 agunt,
854 351 953 386 quippe
974 350 1021 385 qui

239 397 377 424 contraria
399 396 483 423 natali
507 396 633 423 fatalitati
657 396 815 427 sanciendo,
836 395 959 423 eamdem
974 395 1023 422 de—

240 447 360 471 struunt.
392 441 445 470 Ailt
473 443 555 478 igitur
585 442 685 470 natalis
714 442 867 469 admittitur
891 441 1020 475 fatalitas,

240 491 368 524 nullaque
381 489 470 524 legum
482 493 540 516 erat
552 489 703 516 necessitas
718 497 723 514 :
739 492 786 515 aut
800 488 873 523 leges
884 491 958 519 sunt.
971 495 1022 516 nec

239 545 273 564 ex
290 537 373 563 natali
395 536 440 563 illa
457 535 601 567 fatalitate,
617 539 644 561 et.
659 535 738 570 quasi
763 535 808 561 illa
823 539 933 562 auctore
946 539 1019 562 sunt.

241 583 323 617 Atqui
338 581 395 610 ﬁeri
410 590 463 609 non
480 585 569 616 potest
587 585 616 608 ut
634 581 737 615 absque
751 580 797 607 illa
811 580 873 615 quis
891 584 1021 608 nascatur

239 633 286 656 aut
304 629 405 663 aliquid
422 633 558 663 operetur.
578 627 644 654 Nam
661 634 695 654 ne
710 626 826 662 digitum
838 626 948 661 quidem
961 626 1020 653 sine

240 675 296 702 fato
311 683 391 710 posse
406 675 522 710 aliquem
539 681 647 701 movere
668 674 755 700 aiunt.
773 673 811 700 Ex
829 673 912 700 natali
927 673 1019 708 itaque

241 722 372 750 fatalitate
389 722 487 756 illaque
501 724 612 748 auctore
631 720 686 752 nati
704 720 906 754 legumlatores.
920 719 1018 751 Minos,

239 768 336 799 Draco,
361 767 510 803 Lycurgus,
537 766 630 797 Solon.
657 765 801 797 Zaleucus,
825 764 896 799 leges
920 771 1018 791 sanxe-

238 819 302 842 runt
323 815 496 849 prohibentes
518 813 661 844 adulteria,
685 811 784 842 caedes,
804 811 929 846 injurias,
946 811 1019 845 rapi-

1077 211 1204 247 πολέμιον
1219 211 1272 247 ἄρα
1282 211 1387 246 γενέσει
1397 211 1488 246 νόμος.
1505 211 1536 237 Εἰ
1549 212 1577 238 δὲ
1586 211 1723 247 πολέμιον,
1738 212 1789 238 οὐκ
1803 211 1868 246 ἄρα

1074 257 1143 284 κατὰ
1155 257 1260 291 γένεσιν
1274 257 1298 283 οἱ
1312 256 1455 292 νομοθέται
1467 265 1473 271 ·
1489 257 1522 283 τὰ
1538 257 1592 293 γὰρ
1606 257 1714 284 ἐναντία
1728 257 1870 292 δογματί-

1073 303 1164 335 ζοντες
1186 303 1303 337 γενέσει,
1321 303 1428 337 γένεσιν
1446 303 1566 330 λύουσιν.
1585 304 1664 330 Ἤτοι
1685 301 1732 330 οὖν
1748 303 1868 338 γένεσίς

1072 351 1139 382 ἐστι,
1159 350 1205 376 καὶ
1225 350 1274 376 οὐκ
1291 350 1375 385 ἐχρῆν
1391 348 1459 376 εἶναι
1472 350 1586 385 νόμους’
1603 350 1619 386 ῆ
1633 352 1685 377 εἰσι
1707 351 1796 386 νόμοι,
1813 351 1869 378 καὶ

1071 397 1121 422 οὐκ
1141 396 1194 423 stat
1208 396 1279 423 κατὰ
1294 396 1409 431 γένεσιν.
1437 396 1506 423 Ἀλλ’
1522 397 1661 432 ἀμήχανον
1681 397 1765 433 χωρὶς
1779 397 1868 431 γενέ-

1073 450 1141 474 σεως
1155 441 1237 477 φῦναί
1253 451 1322 472 τινα.
1340 443 1386 468 καὶ
1400 442 1599 478 διαπράξασθαί
1612 451 1648 469 τι·
1661 442 1720 470 οὐδὲ
1733 443 1789 479 γὰρ
1812 443 1866 470 τὸν

1070 487 1198 515 δάκτυλον
1223 487 1322 520 ἐξεῖναί
1345 497 1409 522 φασι
1432 489 1517 524 χωρὶς
1544 488 1721 525 Εἱμαρμένης
1745 489 1866 524 κινῆσαι

1070 543 1132 561 τινι.
1150 534 1228 562 Κατά
1245 534 1351 569 γένεσιν
1366 534 1419 570 ἄρα.
1440 535 1487 562 καὶ
1505 535 1598 567 Μίνως
1611 535 1658 562 καὶ
1673 535 1788 571 Δράκων
1810 535 1866 562 καὶ

1070 581 1226 615 Λυκοῦργος
1247 581 1293 607 καὶ
1307 580 1394 607 Σόλων
1413 581 1460 608 καὶ
1481 581 1614 613 Ζάλευκος
1629 574 1772 617 νομοθέται
1790 581 1866 617 φύν-

1070 635 1124 658 τες,
1136 627 1291 660 διετάξαντο
1300 627 1363 659 τοὺς
1373 626 1481 662 νόμους,
1493 627 1709 663 ἀπαγορεύοντες
1721 627 1862 663 μοιχείας,

1070 673 1176 708 φόνους,
1193 673 1264 708 βίας,
1285 674 1422 710 ἁρπαγὰς,
1442 673 1555 708 κλοπὰς,
1570 674 1607 705 ὠς
1622 674 1672 701 οὐκ
1694 674 1778 701 ὅντων
1794 673 1864 700 τού-

1069 729 1123 746 των
1137 721 1184 746 καὶ
1199 720 1348 755 γινομένων
1361 720 1432 747 κατά
1444 720 1560 754 γένεσιν.
1578 721 1610 747 Εἰ
1626 720 1654 746 δὲ
1666 721 1736 747 κατὰ
1747 720 1863 754 γένεσιν

1069 766 1115 792 καὶ
1138 765 1234 799 ταῦτα,
1261 766 1292 793 οὐ
1315 766 1385 793 κατὰ
1404 767 1509 800 γένεσιν
1534 767 1558 792 οἱ
1578 766 1666 802 νόμοι.
1695 767 1733 793 Οὐ
1749 766 1807 802 γὰρ
1824 766 1862 793 ἂν

1069 812 1137 848 αὑτὴ
1147 813 1193 847 ἀφ’
1209 812 1310 848 ἑαυτῆς
1322 813 1448 848 ἀνῃρεῖτο
1461 813 1578 848 γένεσις,
1592 813 1660 849 αὑτὴ
1676 813 1775 849 ἑαυτὴν
1788 814 1864 840 ἀκυ-

239 869 300 893 nas,
319 861 403 892 furta;
417 860 487 887 haud
502 859 583 886 dubie
601 858 735 888 arbitrati,
748 865 835 892 neque
846 864 917 888 esse,
929 864 1011 892 neque

1071 858 1164 895 ροῦσα,
1182 858 1229 885 καὶ
1243 859 1311 895 αὑτὴ
1326 860 1409 895 ἑαυτῇ
1430 860 1588 895 μαχομένη-
1602 860 1648 886 καὶ
1665 859 1782 886 ἐνταῦθα
1805 859 1862 895 μὲν

239 908 295 935 ﬁeri
317 907 379 934 talia
394 915 440 942 per
460 906 578 941 natalem
595 904 766 932 fatalitatem.
783 903 831 931 Sin
846 908 937 931 autem
961 904 1018 931 hare

237 962 344 988 quoque
364 961 411 988 per
432 953 547 980 natalem
568 951 726 978 fatalitatem
740 970 747 982 ,
777 957 831 976 non
856 954 921 977 sunt
944 951 1018 986 leges

237 1007 286 1034 per
299 1000 415 1026 natalem
431 998 591 1025 fatalitatem
607 1007 614 1024 ε
631 1005 721 1032 neque
735 996 806 1024 enim
819 998 879 1032 ipsa
890 1004 919 1025 se
932 997 1016 1032 ipsam

235 1046 335 1073 natalis
353 1045 470 1071 fatalitas
492 1044 656 1074 destrueret,
671 1043 729 1078 ipsa
753 1043 804 1070 sibi
828 1043 1017 1071 auctoritatem

235 1092 391 1123 detrahens,
417 1098 448 1117 ac
463 1097 555 1118 secum
580 1090 638 1124 ipsa
663 1097 788 1125 pugnans
804 1099 810 1116 :
826 1089 889 1116 hinc
906 1089 1014 1124 quidem

235 1137 307 1173 leges
326 1142 459 1169 statuens,
476 1137 609 1164 adulteria
629 1136 770 1171 caedesque
786 1136 970 1170 prohibentes,
989 1139 1016 1163 et

1069 905 1300 941 ἀπαγορευτικοὺς
1314 905 1436 941 μοιχείας
1447 906 1494 932 καὶ
1505 906 1592 940 φόνων
1603 906 1701 940 νόμους
1711 905 1859 941 τιθεμένη,

1069 952 1115 978 καὶ
1125 952 1316 987 τιμωρουμένη
1350 952 1396 978 καὶ
1419 951 1618 988 ὲπεξερχομένη
1648 953 1711 984 τοὺς
1738 951 1857 983 κακούς⁸

1068 997 1184 1024 ἐνταῦθα
1201 997 1229 1024 δὲ
1247 998 1342 1032 φόνους
1358 999 1404 1025 καὶ¹
1422 999 1543 1034 μοιχείας
1561 998 1742 1035 ἐργαζομένη.
1774 998 1861 1025 Ἀλλὰ

1068 1044 1146 1071 τοῦτο
1165 1045 1305 1073 ἀδύνατον.
1326 1045 1408 1072 Οὐδὲν
1427 1046 1481 1082 γὰρ
1498 1046 1640 1073 ἀλλόκοτον
1656 1046 1721 1074 αὐτὸ
1743 1045 1858 1078 ἑαυτοῦ,

1068 1092 1115 1117 καὶ
1127 1091 1192 1118 αὐτὸ
1204 1091 1292 1126 ἐαυτῷ
1304 1092 1530 1128 ἀπεχθανόμενον,
1546 1093 1592 1120 καὶ
1604 1093 1669 1120 αὐτὸ
1677 1093 1756 1119 ἑαυτὸ
1769 1100 1860 1120 κατα-

1069 1136 1141 1169 λύον,
1158 1138 1204 1164 καὶ
1219 1137 1381 1173 ἀσύμφωνον
1398 1139 1462 1165 αὐτὸ
1474 1138 1570 1174 ἐαυτῷ.
1585 1139 1640 1166 Οὐκ
1655 1140 1708 1175 ἄρα
1721 1139 1842 1174 γένεσις.

233 1185 370 1212 ulciscens
381 1185 513 1219 malisque
525 1184 660 1211 mulctaus
684 1184 779 1210 talium
791 1183 937 1210 criminum
962 1191 1024 1211 reos
1045 1193 1050 1210 :
1072 1185 1182 1212 aliunde
1201 1190 1291 1213 autem
1307 1186 1340 1213 ad
1365 1187 1453 1214 caedes
1469 1192 1550 1222 atque
1573 1188 1705 1215 adulteria
1725 1188 1858 1216 homines

234 1233 362 1268 ndigens;
378 1233 450 1268 quod
463 1233 520 1260 tieri
533 1233 607 1259 nullo
624 1233 703 1259 modo
719 1237 816 1266 potest.
845 1232 916 1259 Nihil
928 1232 999 1259 enim
1026 1240 1040 1259 a
1056 1242 1085 1260 se
1108 1233 1168 1268 ipso
1193 1234 1311 1262 alienum
1330 1240 1412 1271 atque
1437 1236 1599 1268 abhorrens,
1628 1237 1771 1273 ipsumque
1800 1237 1857 1265 sibi

233 1280 285 1315 ipsi
308 1280 450 1307 adversum
471 1286 503 1305 ac
524 1286 553 1306 se
572 1278 727 1308 destrueus,
752 1278 857 1312 sibique
882 1277 1097 1306 dissentaneum.
1119 1277 1196 1305 Nulla
1213 1285 1254 1306 est
1272 1280 1354 1315 igitur
1372 1281 1471 1308 natalis
1484 1280 1611 1309 fatalitas.

269 1327 298 1354 Si
322 1335 371 1362 per
391 1326 507 1353 natalem
529 1325 692 1352 fatalitatem
710 1324 739 1351 fit
753 1324 886 1359 quidquid
906 1324 1016 1351 tandem

233 1377 285 1406 est,
309 1380 360 1400 nec
380 1372 438 1399 sine
460 1371 506 1398 illa
528 1371 673 1406 quidquam
695 1378 808 1406 prorsus
833 1370 950 1402 exsistit,
968 1378 1015 1397 ne-

232 1425 310 1445 cesse
325 1420 404 1445 estet
420 1417 506 1452 legem
522 1417 567 1443 illa
587 1420 699 1444 auctore
713 1423 784 1444 esse.
803 1415 884 1450 Atqui
901 1415 942 1442 Ie:
956 1422 1016 1442 eam

232 1465 313 1496 tollit,
331 1471 390 1499 qua:
412 1463 516 1490 addisci
539 1463 667 1491 virtutem
689 1471 722 1490 ac
747 1462 856 1490 suaderi
871 1469 953 1496 posse
967 1461 1017 1488 doc

1101 1325 1132 1351 Εἰ
1148 1326 1219 1352 κατά
1240 1327 1345 1360 γένεσιν
1361 1328 1413 1354 πᾶν
1428 1327 1442 1354 ὅ
1452 1336 1477 1354 τι
1488 1328 1584 1354 ποτοῦν
1603 1329 1716 1362 γίνεται,
1731 1330 1780 1356 καὶ
1793 1330 1856 1357 ἐστι

1064 1370 1125 1406 δίχα
1141 1372 1272 1405 γενέσεως
1287 1372 1378 1398 οὐδέν’
1399 1373 1502 1409 ἀνάγκη
1521 1374 1566 1400 καὶ
1581 1374 1627 1400 τὸν
1648 1375 1728 1410 νόμον
1746 1376 1855 1410 γενέσει

1065 1419 1215 1452 γεγονέναι.
1246 1419 1326 1446 Ἀλλὰ
1347 1420 1427 1455 νόμος
1445 1421 1552 1454 γένεσιν
1575 1421 1691 1457 ἀναιρεῖ,
1721 1422 1854 1458 διδακτὴν

1064 1465 1197 1492 διδάσκων
1213 1466 1262 1501 τὴν
1283 1467 1393 1502 ἀρετὴν,
1405 1468 1451 1494 καὶ
1476 1466 1506 1500 ἐξ
1527 1468 1684 1503 ἐπιμελείας
1703 1478 1854 1506 προσγινο-

232 1514 302 1544 ceat,
328 1509 519 1544 diligentiaque
537 1516 569 1535 ac
586 1508 738 1535 attentione
760 1515 819 1535 eam
843 1507 1011 1542 comparari;

1069 1509 1164 1545 μένην·
1185 1510 1304 1546 φευκτὴν
1328 1511 1356 1537 δὲ
1373 1511 1422 1547 τὴν
1435 1512 1543 1545 κακίαν,
1559 1514 1604 1540 καὶ
1622 1514 1651 1547 ἐξ
1672 1514 1853 1547 ἀπαιδευσίας

232 1558 312 1586 vitari
334 1565 443 1592 quoque
465 1564 544 1592 posse
572 1556 676 1588 vitium,
704 1559 730 1582 et
755 1563 789 1582 ex
811 1554 1011 1589 indiscipliuata

1069 1555 1213 1591 φυομένην.
1227 1557 1283 1583 υὺκ
1297 1557 1351 1592 ἄρα
1365 1558 1481 1592 γένεσις.

230 1609 322 1631 mente
333 1603 469 1638 proﬁcisci
482 1611 490 1635 ;
509 1602 582 1628 nulla
597 1609 661 1636 ergo
673 1605 715 1628 est
735 1601 835 1628 natalis
847 1600 976 1627 latalitas.

267 1650 295 1677 Si
311 1654 339 1676 ut
359 1649 404 1676 alii
419 1644 486 1675 alios
502 1648 600 1682 injuria
615 1647 774 1680 adiciamus,
788 1654 819 1674 ac
832 1646 952 1674 vicissim
969 1645 1012 1673 af-

231 1696 364 1727 ﬁciamur,
389 1698 499 1730 praestat
523 1693 622 1721 natalis
650 1693 788 1725 fatalitas,
817 1692 883 1727 quid
906 1691 1012 1726 legibus

230 1742 320 1777 opus?
336 1741 385 1768 Sin
404 1745 493 1767 autem
508 1748 540 1767 eo
561 1740 633 1775 leges
647 1742 771 1774 spectant
785 1743 815 1765 ut
829 1738 1012 1773 delinquenti-

230 1788 282 1815 bus
297 1794 374 1822 poena
391 1787 557 1821 imponatur,
575 1785 631 1813 Deo
652 1786 705 1813 illis
721 1785 880 1820 providente
899 1785 945 1819 qui
967 1784 1010 1810 in-

228 1834 301 1868 juria
323 1833 457 1860 lazduutur
476 1841 483 1858 ι
500 1839 565 1859 sane
583 1831 728 1866 przestabat
750 1830 824 1857 fatali
848 1831 1011 1858 necessitate

229 1879 316 1906 malos
332 1886 386 1906 non
400 1878 468 1910 ﬁeri,
484 1885 564 1912 quam
580 1877 624 1904 ubi
639 1876 701 1904 facti
713 1881 787 1909 sunt,
800 1876 905 1912 legibus
918 1884 1010 1904 cmen-

229 1926 299 1955 dari.
316 1925 396 1960 Atqui
417 1924 488 1952 Deus
510 1925 597 1950 bonus
619 1927 660 1950 est
680 1927 706 1950 et
729 1922 850 1957 sapiens,
871 1923 952 1957 idque
967 1923 1009 1948 fa-

231 1975 306 2002 ciens
321 1973 393 2009 quod
411 1972 592 2008 praestabilius
608 1973 662 2005 sit;
678 1972 751 1999 nulla
773 1979 838 2007 ergo
851 1976 892 2000 cst
910 1972 1010 2000 natalis

231 2019 357 2046 fatalitas.

263 2066 317 2092 Aut
335 2065 505 2092 educationis
528 2071 612 2099 genus
627 2065 814 2099 contractique
839 2072 939 2096 mores.
961 2073 1009 2092 seu

228 2113 330 2139 imbuta
347 2111 462 2142 indoles.
477 2119 566 2137 (ausa:
578 2115 641 2138 sunt
654 2117 843 2145 peccatorum;
861 2115 907 2138 aut
924 2111 1008 2138 animi

227 2157 456 2192 perturbationes,
478 2161 504 2183 et
520 2164 579 2190 qua:
599 2164 646 2191 per
661 2164 761 2191 corpus
778 2156 912 2184 desideria
929 2164 1007 2184 exer-

1098 1648 1130 1675 El
1150 1649 1180 1675 τὺ
1196 1649 1324 1685 ἀλλήλους
1345 1650 1448 1678 ἀδικεῖν
1467 1652 1514 1679 καὶ
1533 1653 1564 1679 τὺ
1584 1653 1629 1680 ὑπ’
1655 1653 1775 1690 ἀλλήλων
1794 1656 1853 1682 ἀδι-

1064 1694 1170 1721 κεῖσθαι
1186 1695 1291 1729 γένεσις
1314 1698 1396 1730 ποιεῖ,
1418 1697 1459 1730 τίς
1476 1698 1555 1734 χρεία
1577 1699 1732 1736 νόμων;ιΕἱ
1752 1700 1781 1727 δὲ
1805 1702 1852 1728 ἳνα

1062 1741 1124 1773 τοὺς
1157 1742 1362 1778 ἁμαρτάνοντας
1394 1743 1559 1779 ἀμύνωνται,
1590 1747 1777 1781 φροντίζοντος
1801 1747 1850 1774 τοῦ

1061 1787 1129 1814 Θεοῦ
1139 1787 1193 1814 τῶν
1209 1788 1391 1825 ἀδικουμένων
1402 1798 1409 1805 ο
1429 1790 1538 1826 ἀμεινον
1554 1789 1588 1827 ἦν
1601 1793 1702 1824 κακοὺς
1715 1792 1752 1828 μὴ
1769 1794 1851 1830 ποιῆ-

1062 1837 1106 1855 σαι
1128 1829 1189 1856 καθ’
1219 1832 1399 1866 εἱμαρμένην,
1419 1832 1435 1867 ἢ
1465 1833 1534 1868 μετὰ
1557 1834 1588 1860 τὸ
1607 1834 1729 1869 ποιῆσαι,
1752 1834 1850 1870 νόμοις

1061 1876 1285 1911 ἐπανορθοῦσθαι.
1307 1877 1375 1904 Ἀλλ’
1393 1878 1494 1912 ἀγαθὸς
1514 1880 1527 1906 ὁ
1545 1879 1610 1911 Θεὸς
1629 1881 1676 1907 καὶ
1691 1880 1781 1915 σοφὸς,
1799 1881 1846 1908 xa‘

1060 1921 1094 1948 τὰ
1106 1921 1224 1948 κοείσσω
1236 1923 1328 1951 ποιῶν.
1345 1925 1401 1951 Οὐκ
1415 1924 1467 1960 ἄρα
1484 1925 1599 1957 γένεσις.

1097 2066 1174 2093 Ἤτοι
1195 2067 1345 2103 ἀνατροφαὶ
1369 2068 1416 2094 καὶ
1437 2068 1470 2094 τὰ
1491 2067 1539 2103 ἔθη
1560 2068 1614 2094 τῶν
1637 2069 1846 2105 ἁμαρτημάτων

1059 2113 1126 2140 εἰσὶν
1138 2113 1222 2144 αἴτια,
1238 2114 1255 2148 ἢ
1271 2113 1304 2139 τὰ
1321 2112 1393 2149 πάθη
1409 2113 1458 2148 τῆς
1473 2113 1573 2149 ψυχῆς,
1589 2114 1635 2140 καὶ
1647 2114 1673 2139 αἱ
1689 2114 1733 2141 διὰ
1748 2114 1845 2150 σώμα-

1059 2170 1104 2193 τος
1123 2162 1274 2197 ἐπιθυμίαι.
1297 2161 1440 2197 Ὀπότερον
1457 2162 1479 2188 δ’
1502 2162 1534 2188 ἂν
1549 2159 1680 2197 τούτωνῇ
1698 2161 1728 2188 τὸ
1742 2162 1842 2193 αἴτιον,

227 2209 332 2235 centur,
361 2211 408 2230 seu
435 2203 607 2237 cupiditates.
628 2202 765 2236 Quidquid
795 2207 884 2230 autem
909 2203 1006 2230 horum

1069 2205 1098 2240 ιῖς
1113 2207 1145 2234 ἂν
1198 2207 1293 2240 αἴτιον,
1307 2207 1372 2238 Θεὸς
1388 2207 1518 2238 ἀναίτιος.

226 2257 308 2277 causa
324 2250 368 2280 sit.
387 2254 460 2276 certe
476 2249 546 2276 Deus
557 2253 652 2275 auctor
663 2257 694 2276 ac
706 2256 787 2276 causa
803 2249 913 2276 minime
925 2250 969 2277 sit.

259 2295 289 2323 Si
305 2296 402 2324 melius
417 2296 570 2330 estjustum
586 2303 646 2322 esse
657 2303 737 2330 quant
751 2295 895 2329 iniustum,
911 2295 1006 2330 quidni

224 2342 287 2369 talis
311 2342 345 2369 ab
374 2342 433 2376 ipso
460 2342 585 2377 protinus
606 2346 667 2368 ortu
692 2349 780 2375 exque
806 2341 898 2376 genesi
925 2341 1006 2368 homo

225 2389 356 2415 creatur?
371 2388 420 2415 Sin
438 2393 528 2415 autem
545 2392 648 2422 postea,
668 2391 696 2413 ut
709 2387 742 2414 ad
756 2387 894 2415 meliorem
909 2387 1006 2414 evadat

225 2434 340 2469 frugem.
353 2434 506 2468 disciplinis
522 2434 631 2468 cogitur
643 2438 724 2468 atque
735 2433 841 2468 legibus
859 2443 865 2460 :
880 2433 960 2467 plane
976 2436 1006 2460 ut

224 2481 327 2507 arbitrii
343 2480 470 2507 facultate
488 2479 616 2514 praeditus
631 2480 665 2507 iis
681 2480 787 2515 cogitur
803 2483 830 2507 et
845 2480 1003 2514 castigatur,

222 2533 276 2552 non
295 2526 367 2552 velut
384 2525 430 2560 qui
445 2526 531 2552 malus
546 2533 560 2552 a
577 2529 673 2552 natura
688 2526 733 2553 sit.

258 2569 288 2596 Si
299 2571 373 2601 mali,
389 2570 471 2597 natali
488 2570 629 2602 fatalitate,
647 2570 814 2598 iueluctabili
828 2570 1004 2606 providentia:

222 2615 332 2643 decreto
356 2616 419 2642 mali
441 2621 601 2647 nascuntur.
626 2617 699 2643 omni
726 2617 806 2650 culpa
823 2621 932 2647 vacant.
953 2624 1003 2643 nec

221 2661 295 2695 digni
315 2665 379 2688 sunt
401 2662 447 2696 qui
471 2662 559 2697 legum
583 2663 670 2696 pmnis
688 2668 882 2695 coerceantur;
903 2663 1002 2698 quippe

221 2707 267 2740 qui
281 2706 372 2733 vivant
393 2711 422 2734 ut
446 2708 500 2735 illis
516 2715 531 2734 a
545 2712 643 2735 natura
659 2712 846 2743 comparatum
861 2713 920 2740 est;
938 2717 1000 2735 nam

221 2763 270 2782 nec
287 2764 315 2783 se
327 2757 401 2791 ipsos
414 2761 517 2784 mutare
532 2761 689 2792 potuerunt.

256 2801 372 2834 Rursus,
400 2803 421 2830 si
444 2803 517 2836 boni,
534 2811 566 2830 eo
588 2803 659 2838 quod
681 2803 755 2832 iuxta
778 2806 903 2829 naturam
924 2809 999 2829 suam

220 2849 279 2875 vitae
296 2850 413 2876 rationes
426 2850 583 2882 instituunt,
602 2849 681 2877 laude
695 2849 769 2883 digni
781 2853 854 2882 sunt,
873 2856 934 2875 cum
951 2856 1000 2874 ua-

1092 2299 1123 2324 Ei
1144 2298 1269 2334 κρεῖσσόν
1289 2298 1347 2324 ἐστι
1365 2296 1396 2323 τὸ
1411 2297 1513 2323 δίκαιον
1531 2294 1599 2322 εἶναι
1612 2295 1659 2322 τοῦ
1677 2295 1780 2327 ἀδίκου,
1797 2295 1842 2321 διὰ

1056 2344 1082 2370 τί
1100 2343 1219 2374 τοιοῦτος
1242 2342 1353 2370 αὐτόθεν
1371 2342 1385 2367 ὁ
1399 2341 1541 2377 ἄνθρωπος
1562 2341 1615 2367 ἀπὸ
1639 2340 1688 2375 τῆς
1706 2339 1842 2374 γενέσεως

1056 2391 1086 2416 οὐ
1107 2390 1224 2425 γίνεται;
1248 2389 1279 2415 Εἰ
1293 2388 1322 2415 δὲ
1345 2388 1466 2424 ὕστερον,
1488 2388 1560 2418 ὅπως
1582 2387 1699 2422 ἀμείνων
1724 2385 1838 2421 γενηθῇ,

1057 2435 1250 2471 σωφρονίζεται
1273 2435 1413 2470 μαθήμασι
1429 2435 1475 2461 καὶ
1495 2434 1600 2468 νόμοις·
1615 2432 1652 2464 ὡς
1667 2431 1839 2464 αὑτεξούσιος

1055 2483 1108 2518 ἄρα
1130 2481 1334 2517 σωφρονίζεται,
1349 2481 1395 2508 καὶ
1407 2481 1456 2507 οὐκ
1469 2481 1501 2506 ὲκ
1513 2479 1618 2514 φύσεως
1633 2477 1671 2504 ὣν
1689 2477 1784 2509 κακός.

1090 2573 1121 2599 Εἰ
1134 2573 1158 2598 οἱ
1172 2573 1283 2608 πονηροὶ
1296 2571 1407 2607 πονηροὶ⁵
1419 2571 1488 2597 κατὰ
1500 2570 1604 2604 γένεσιν
1616 2569 1693 2603 φύσει
1705 2567 1838 2608 Προνοίας

1053 2621 1158 2653 ταγαῑς,
1175 2619 1225 2645 οὐκ
1237 2619 1290 2644 εἰσὶ
1310 2617 1428 2653 μεμπτοὶ
1444 2617 1490 2643 καὶ
1506 2615 1575 2648 ἄξιοι
1592 2614 1725 2649 τιμωρίας
1739 2613 1789 2648 τῆς
1805 2614 1838 2640 ἐκ

1053 2666 1106 2692 τῶν
1130 2666 1229 2701 νόμων,
1252 2665 1351 2696 ζῶντες
1372 2665 1430 2691 κατ’
1451 2662 1534 2697 αὐτὴν
1552 2661 1600 2697 τὴν
1621 2660 1724 2688 οἰκείαν
1744 2660 1835 2694 φύσιν

1053 2713 1113 2738 ἐπεὶ
1127 2712 1163 2747 μὴ
1179 2711 1332 2746 δεδύνηνται
1346 2709 1553 2744 μεταϐληθῆναι.

1087 2800 1141 2826 Καὶ
1158 2799 1259 2830 ἄλλως·
1275 2799 1298 2824 εἰ
1319 2798 1342 2823 οἱ
1366 2797 1462 2830 ἁγαθοὶ
1481 2795 1551 2822 κατὰ
1565 2795 1614 2830 τὴν
1631 2794 1735 2822 οἰκείαν
1754 2793 1834 2830 φύσιν

1052 2846 1151 2878 ζῶντές
1171 2847 1239 2872 εἰσιν
1260 2845 1406 2875 Emme-rat,
1423 2843 1473 2878 τῆς
1495 2842 1626 2877 γενέσεως
1645 2841 1728 2876 οῠσης
1745 2841 1834 2873 αἰτίας

1044 2941 1055 2961 ι
