1919 3075
131 89 203 118 1369
850 90 881 117 IN
901 90 916 117 l}

974 90 1033 117 AM.
1694 93 1764 122 {370

131 158 189 182 vat;
205 149 472 186 ἄγνοιαν“προσάγῃς
483 158 489 164 ·
515 150 624 185 ᾔδεισαν
640 150 694 186 γὰρ
711 151 744 178 τὰ
764 151 916 187 οίκονομού-

973 151 1019 179 sed
1031 142 1060 178 ἲο
1077 148 1219 179 erudiendi
1239 154 1327 188 gratia
1345 160 1376 181 ac
1394 152 1510 180 docendi
1533 152 1591 180 haec
1604 152 1675 180 dicta
1687 159 1762 187 sunt,

131 204 204 230 μενα
229 195 282 222 ὑπὸ
298 195 344 222 τοῦ
362 195 497 231 Σωτῆρος,
515 195 562 229 ἀφ’
581 193 611 222 οὗ
637 197 677 228 εἰς
701 196 802 231 κόσμον
827 196 916 232 ἐπιδη-

973 202 1001 225 ut
1015 197 1107 225 discas
1123 197 1235 232 angelos
1248 205 1357 232 quoque
1370 198 1403 225 de
1419 198 1510 225 salute
1525 203 1618 225 nostra
1633 199 1761 233 gaudere,

131 242 224 276 μήσας
239 240 329 276 σάρκα
345 241 502 277 ἀνειλήφει·
526 240 594 268 ἀλλὰ
608 241 656 277 τὴν
670 241 739 269 εἶναι
759 242 916 277 θμμάτωσικ¹

973 251 1001 270 ac
1018 243 1134 270 Domino
1154 244 1352 279 congratulari,
1365 248 1392 271 et
1405 244 1500 272 mirari
1518 245 1591 279 quod
1608 245 1679 273 Deus
1702 254 1763 281 pa:-

129 287 179 312 καὶ
193 285 366 313 διδασκαλίαν
383 286 413 312 τὺ
427 287 552 322 πρᾶγμα,
570 287 613 313 ἵνα
637 287 736 323 μάθῃς,
750 287 790 314 ὅτι
806 288 853 314 καὶ
868 288 916 322 ἆγ-

973 297 1022 317 nas
1040 289 1161 324 peccatis
1176 289 1281 317 nostris
1297 289 1404 318 debitas
1416 309 1423 323 ,
1440 290 1472 317 ad
1491 290 1578 317 salute
1592 298 1643 318 nos
1668 296 1694 322 et
1712 291 1764 318 itu-

128 332 206 366 γελοι
232 332 357 368 χαίρουσι
385 332 431 359 ἐπὶ
461 333 599 369 σωτηρίᾳ,
624 334 671 360 καὶ
697 334 855 370 γεραίρουσι
876 333 916 359 τὸν

973 335 1135 362 mortalitate
1173 335 1326 368 donandos,
1358 343 1408 370 pro
1423 337 1502 364 nobis
1514 337 1607 364 subire
1622 337 1747 364 voluerit.

127 378 282 414 Δεσπότην,
304 378 351 405 καὶ
371 377 565 414 θαυμάζουσιν,
588 379 629 406 ὅτι
642 380 655 405 ὁ
669 379 735 410 Θεὸς
751 379 878 414 ἠνέσχετο
896 379 926 405 τὸ
944 381 1165 416 χρεωστούμενον
1191 380 1346 416 ἀνθρώποις
1373 382 1416 409 διὰ
1452 383 1500 415 τὰς
1527 383 1617 410 αὐτῶν
1641 391 1761 419 παρανο-

130 423 198 457 μίας
215 423 341 450 ὑπελθεῖν
357 423 425 459 ὑπὲρ
441 424 542 456 αὐτῶν,
558 425 582 451 ῖν
608 424 701 456 αὐτοῖς
716 424 854 460 σωτηρίαν
878 425 1034 461 χαρίσηται,
1053 427 1203 454 ἀθανασίαν
1218 428 1309 459 αὐτοῖς
1323 428 1516 464 χαρισάμενος.

166 470 252 497 Πάλιν
274 470 391 497 ἐνταῦθα
411 470 442 497 τὸ
466 471 569 505 ἄφατον
592 471 640 506 τῆς
665 471 713 497 τοῦ
736 471 803 498 Θεοῦ
827 471 921 506 φιλαν-

128 515 255 551 θρωπίας
280 516 455 551 σημαίνεται·
475 517 536 544 καθ’
562 517 576 543 ὃ
599 517 734 544 δείκνυται
752 517 831 549 αὐτὸς
855 519 920 552 ἡμῖν

129 562 315 598 παρεσχηκὼς
342 563 388 590 καὶ
416 563 447 590 τὸ
467 561 535 591 εἶναι
560 563 593 590 δι’
617 563 791 598 ἀγαθότητα,
819 563 865 590 καὶ
889 563 920 589 τὸ

128 608 266 634 ἐλεεῖσθαι
290 609 335 635 διὰ
359 609 573 645 φιλανθρωπίας,
599 609 638 641 ὡς
666 610 738 637 ίδίων
760 610 919 645 ποιημάτων

129 652 371 688 ἀντιποιούμενος·
400 653 448 680 καὶ
474 654 534 689 οὐχὶ
558 655 622 690 παρ’
639 654 718 681 ἄλλου
745 655 819 690 ἡμᾶς
840 654 918 686 δεξά-

130 708 213 734 μενος
227 699 328 733 ἔλεγεν,
344 709 353 724 ι
369 700 425 735 Οὐχ
449 701 463 726 ὁ
483 700 547 732 λαός
570 700 619 736 μού
645 701 702 728 ἐστι
720 701 803 727 τέκνα
820 709 888 736 μου,
912 711 922 727 ι

128 744 277 778 τουτέστιν,
287 745 355 780 Ἐμὰ
362 746 489 779 ὃντες,είς
496 746 578 774 τέκνα
587 755 636 782 μου
644 746 834 782 λογισθήσεσθε
845 755 850 760 ·
858 746 924 782 ἐμοῦ

128 790 180 825 τὴν
191 790 308 818 διάθεσιν
320 791 368 826 τὴν
385 792 421 823 ὡς
435 791 540 824 τέκνοις
551 792 727 828 ὀφειλομένην
743 792 780 828 μὴ
795 792 925 820 ἀθετοῦν-

129 845 188 867 τος,
201 838 225 863 εἰ
238 837 284 863 καὶ
300 837 376 872 ὑμεῖς
391 837 548 872 ἀγνώμονες
562 838 626 873 περὶ
641 838 686 864 τὸν
703 837 807 865 ἑαυτῶν
819 838 924 873 πατέρα

130 883 289 918 γεγένησθε.
298 884 390 911 Ταῦτα
402 884 538 920 δὲήρμοζε
548 885 610 920 παρ’
625 885 712 911 αὐτῶν
720 885 845 919 λέγεσθαι
857 885 925 920 πρὸς

128 929 177 955 τὸν
184 929 260 961 Θεὸν,
269 929 460 956 οίκειωθέντων
475 931 514 962 εις
527 930 573 957 τὸν
584 929 638 957 τῶν
647 930 748 956 τέκνων
765 930 924 964 κατάλογον.

1008 473 1091 502 Vens.
1101 474 1127 501 8.
1139 473 1246 502 Rursus
1254 474 1298 501 hic
1308 474 1518 509 declaratquam
1529 474 1719 502 inenarrabilis
1726 475 1761 502 sit

972 521 1018 548 Dei
1026 520 1193 556 benignitas.
1205 519 1336 547 Memorat
1344 520 1416 548 enim
1426 528 1455 547 se
1465 520 1530 547 olim
1539 520 1622 548 vitam
1629 521 1709 548 nobis
1717 521 1761 549 be-

971 564 1052 598 nigne
1067 569 1094 591 et
1105 563 1168 591 dein
1186 564 1295 592 veniam
1313 564 1530 592 misericorditer
1547 566 1689 598 tribuisse,
1708 574 1759 593 nos

971 611 1048 645 quasi
1060 613 1202 638 creaturas
1217 617 1282 637 suas
1299 609 1350 637 sibi
1361 610 1515 638 vindicans.
1535 610 1590 638 Nec
1601 611 1634 638 ab
1648 611 1701 638 alio
1709 619 1760 639 nos

974 655 1113 690 accepisse
1131 655 1313 683 contendebat
1331 664 1359 682 τι
1372 655 1467 684 Nonne
1484 657 1602 692 populus
1619 665 1694 684 meus
1712 657 1758 684 lilii

973 702 1054 728 mei?»
1071 701 1128 729 lloc
1138 701 1246 734 est,Mei
1257 709 1319 728 cum
1330 702 1453 736 sitis,pro
1463 702 1525 730 ﬁliis
1534 703 1712 736 habebimini;
1723 702 1762 730 at.

973 747 1046 775 fectu
1061 755 1109 776 vos
1124 748 1299 783 complectar,
1312 756 1367 783 quo
1383 749 1431 776 filii
1447 749 1575 784 diligendi
1590 755 1663 782 sunt,
1679 751 1759 778 dum-

973 795 1053 822 modo
1062 802 1110 822 vos
1124 795 1150 822 in
1164 799 1268 829 patrem
1283 799 1403 822 vestrum
1416 799 1508 830 gratos
1515 796 1678 825 exhibeatis.
1695 797 1760 829 Quae

974 844 1064 868 autem
1076 841 1110 867 ab
1119 841 1159 868 eis
1168 840 1223 868 Deo
1233 841 1347 868 dicenda
1356 842 1566 873 erant,(iliorunr
1578 843 1605 869 in
1616 850 1759 870 numerum

976 887 1104 922 receptis.

167 985 274 1012 Πάλινό
293 986 434 1021 προφήτης
448 986 497 1020 τῆς
511 986 627 1021 σχέσεως
651 986 700 1021 τῆς
717 986 785 1022 πρὸς
801 987 846 1014 τὸν
858 987 916 1013 λαὸη⁴

1008 977 1092 1005 Vens.
1109 977 1152 1005 Η.
1170 977 1277 1005 Rursus
1297 977 1472 1005 commendat
1497 977 1631 1012 propheta
1646 977 1758 1006 atl‘ectul

129 1029 179 1057 τοῦ
198 1031 265 1058 Θεοῦ
280 1031 428 1067 γενομένης
442 1032 655 1067 ὑπομιμνήσκει,
673 1033 849 1067 μνημονεύων
863 1032 917 1059 τῶν

130 1076 163 1109 ἐξ
178 1076 275 1112 ἀρχῆς,
298 1077 344 1103 καὶ
363 1076 457 1112 ὥσπερ
474 1077 571 1112 ὓποψιν
595 1078 686 1110 αὐτοῖς
701 1078 762 1112 ἄγει
782 1077 821 1113 τῷ
836 1078 918 1113 λόγῳ,

130 1123 167 1148 τὰ
183 1123 222 1154 είς
238 1123 300 1154 τοὺς
313 1123 484 1158 πατριάρχας
499 1122 644 1158 γενόμενα.

174 1179 332 1205 Ἑνταῦθαό
357 1179 499 1215 προφήτης
519 1180 558 1211 είς
581 1179 631 1215 τὴν
654 1179 737 1215 εὐχὴν
760 1179 918 1215 μετατίθησι

129 1225 177 1251 τὸν
197 1225 285 1259 λόγον,
301 1225 347 1251 καὶ
371 1225 419 1251 ἀπ’
437 1225 552 1260 οὐρανοῦ
575 1226 717 1262 γνωρίζειν
735 1225 801 1252 Θεὸν
825 1225 896 1257 ἀξιοῖ
909 1233 915 1239 ’

130 1273 180 1307 οὐχ
195 1272 232 1304 ὡς
247 1272 294 1299 τοῦ
309 1272 376 1299 Θεοῦ
389 1274 417 1299 ὲν
432 1273 557 1308 οὐρανοῖς
567 1272 786 1308 ἀποκλειομένου,
806 1272 852 1298 καὶ
866 1272 918 1303 ἕως

130 1320 183 1353 γῆς
200 1317 299 1352 φθάσαι
316 1318 353 1354 μὴ
372 1318 533 1353 δυναμένοθ,
548 1318 605 1344 ἀλλ’
620 1318 658 1349 ὡς
681 1318 832 1353 ἐγείροντος
852 1326 918 1352 φρο-

130 1364 240 1398 νήματα
257 1364 500 1396 καταπεπτωκότα,
516 1364 563 1390 καὶ
576 1363 616 1395 εἰς
639 1363 691 1398 γῆν
709 1363 828 1398 ’ἑρποντα
841 1383 848 1394 ,
873 1364 915 1390 ἁν-

131 1410 243 1444 ἀγοντος
251 1411 289 1442 είς
298 1410 437 1444 οὐρανοὺς,
447 1410 494 1436 καὶ
506 1409 708 1441 ὲκδιδάσκοντος
720 1409 801 1444 μηδὲν
813 1410 916 1444 γήϊνον,

133 1455 215 1490 μηδὲν
232 1454 358 1480 ταπεινὸν
377 1455 446 1480 νοεῖν
462 1453 526 1489 περὶ
546 1452 612 1480 Θεοῦ
623 1461 629 1468 ·
646 1453 703 1480 ἀλλ’
717 1453 825 1485 εἰδέναι,
842 1453 880 1484 ὡς
904 1454 917 1479 ὁ

133 1501 219 1536 μέγας
246 1500 319 1532 νοῦς,
343 1501 357 1526 ὁ
381 1500 415 1526 τὰ
442 1500 529 1526 πάντα
554 1499 671 1535 συνέχων
696 1499 741 1526 καὶ
766 1498 915 1535 κυϐερνῶν,

130 1547 214 1574 τᾶλλα
227 1547 334 1578 οἰκείως
350 1546 511 1582 γνωρίζεται
527 1546 573 1572 ἀπ’
590 1545 716 1582 οὐρανοῦ.

169 1592 235 1618 Οὐδὲ
251 1592 306 1627 γὰρ
328 1591 373 1618 τὸν
402 1591 526 1627 Ἀϐραὰμ
545 1592 649 1626 εἴποιμι
675 1590 709 1617 τὰ
732 1589 780 1617 νῦν
800 1590 915 1625 πατέρα,

129 1640 179 1665 οὐκ
191 1638 354 1674 ἀρνούμενος
368 1638 412 1664 τὸν
427 1638 609 1673 πατριάρχην,
627 1637 684 1664 ἀλλ’
709 1637 746 1669 ὡς
763 1637 861 1672 μᾶλλον
878 1637 916 1672 τῷ
929 1649 949 1678 c

129 1684 188 1720 Θεῷ
202 1683 249 1710 τοῦ
267 1683 368 1718 πατρὸς
379 1683 462 1718 ὖνομα
472 1682 647 1719 ἁρμόζοντος.

171 1742 200 1767 '0
222 1741 365 1776 προφήτης
387 1740 474 1767 πάντα
497 1739 543 1766 ἐπὶ
559 1739 604 1765 τὸν
624 1738 689 1766 Θεὸν
704 1739 843 1775 ἀναφέρει,
865 1739 914 1775 οὺχ

129 1787 168 1819 ὡς
179 1786 225 1813 τοῦ
244 1786 309 1812 Θεοῦ
327 1786 413 1813 αἰτίου
429 1787 493 1821 ήμῖν
506 1785 647 1820 γινομένου
673 1785 719 1811 τοῦ
735 1785 913 1821 ἁμαρτάνειν,

129 1832 188 1859 ἀλλ’
204 1832 348 1864 ἐνδιδόντος
368 1831 415 1858 καὶ
436 1831 640 1867 συγχωροῦντος
657 1831 748 1857 ἐκεῖνα
771 1830 913 1866 πράττειν,

129 1878 148 1905 ἃ.
162 1878 194 1905 ἄν
209 1887 252 1909 τις
268 1877 393 1912 αἱρῆται·
412 1877 450 1908 ὼς
463 1877 511 1912 τὴν
539 1877 587 1912 μὲν
604 1877 693 1904 αίτίαν
707 1876 779 1912 ἔχειν
796 1877 826 1909 ἐξ
838 1876 914 1912 ἡμῶν

131 1923 178 1949 καὶ
195 1924 259 1959 παρ’
282 1922 370 1958 ἡμῶν,
388 1923 437 1958 τὴν
459 1923 488 1949 δὲ
510 1923 648 1959 ἀναφορὰν
663 1923 710 1949 ἐπὶ
723 1923 768 1950 τὸν
788 1923 863 1950 Θεόν.
880 1938 916 1943 -

135 1969 181 2001 Ὠς
203 1968 468 2003 ἐγκαταλειφθέντων
483 1969 584 2002 αὐτῶν,
602 1969 647 1996 καὶ
664 1961 701 2004 μὴ
717 1968 914 2004 ἀναστελλομέ-

130 2023 184 2041 νων
200 2013 244 2040 διὰ
259 2013 369 2048 πληγῶν
385 2012 438 2039 τῶν
454 2014 615 2041 κωλυουσῶν
632 2014 668 2049 μὴ
684 2014 859 2049 ἁμαρτάνειν.

166 2114 225 2140 Τῶν
247 2113 300 2149 γὰρ
323 2113 472 2149 Ἀσσυρίων
494 2113 668 2148 ἀφελομένων
687 2113 736 2145 τὰς
753 2113 844 2145 πόλεις
866 2113 915 2140 αὑ-

130 2160 184 2186 τῶν
201 2161 248 2186 καὶ
271 2160 477 2196 περικοψάντων
494 2159 543 2191 τὰς
558 2159 687 2191 πλείστας
708 2160 809 2192 πόλεις,
827 2160 918 2187 ἀντοι-

132 2207 273 2241 κησάντων
287 2206 315 2232 δὲ
329 2206 391 2237 τοὺς
403 2206 422 2231 Γ
423 2205 556 2237 οτθαίους,
569 2206 593 2232 οἳ
608 2205 654 2232 καὶ
671 2206 839 2241 Σαμαρεῖται
854 2207 919 2232 ὲκα-

131 2253 235 2284 λοῦντο,
251 2253 284 2278 ὲκ
307 2252 353 2278 τοῦ
376 2252 458 2278 τόπου
471 2252 519 2287 τὴν
537 2251 729 2288 προσωνυμίαν
751 2251 899 2286 εἰληφότων
910 2260 917 2266 ·

133 2299 213 2333 μόνον
235 2298 263 2324 δὲ
290 2297 335 2323 δύο
361 2297 446 2332 ἥμισυ
475 2297 566 2331 φυλῶν
590 2297 815 2334 περιλειφθεισῶν
837 2297 918 2332 μέρος

969 1023 1078 1051 Domini
1097 1024 1125 1051 in
1142 1024 1272 1059 populum
1288 1025 1430 1060 probatos,
1453 1031 1496 1051 res
1513 1023 1667 1058 prmteritas
1699 1031 1757 1051 me-

970 1078 1095 1103 morans,
1108 1075 1134 1097 et
1148 1070 1228 1098 ﬁdem
1252 1074 1281 1097 ut
1298 1071 1351 1098 sibi
1379 1070 1485 1104 faciat,
1513 1070 1592 1105 signa
1608 1068 1692 1097 refert
1709 1077 1758 1104 pa-

969 1116 1155 1143 triarcharum
1174 1116 1262 1151 gratia
1276 1116 1360 1144 edita.

1003 1171 1083 1200 Vens.
1092 1173 1132 1199 15.
1150 1172 1199 1199 llic
1213 1173 1342 1208 propheta
1353 1173 1386 1200 ad
1399 1180 1493 1208 preces
1502 1171 1663 1206 confugit.et
1674 1170 1757 1198 Deum

968 1223 1027 1246 orat
1037 1222 1064 1245 ut
1079 1218 1112 1246 de
1127 1219 1197 1245 creto
1213 1219 1370 1254 prospiciat.
1382 1218 1441 1245 Non
1456 1218 1580 1253 profecto
1595 1218 1672 1253 quasi
1688 1217 1759 1244 Deus

968 1265 996 1292 iu
1029 1265 1107 1292 callis
1138 1265 1337 1296 includeretur,
1357 1268 1383 1292 et
1413 1269 1514 1292 terram
1546 1271 1681 1298 occupare
1700 1271 1756 1290 non

968 1314 1070 1345 posset,
1088 1309 1136 1337 sed
1154 1315 1184 1336 ut
1201 1310 1339 1337 demissas
1365 1314 1472 1338 mentes
1499 1310 1643 1342 relcvaret,
1672 1313 1699 1336 et
1723 1309 1757 1336 ad

968 1360 1070 1382 terram
1085 1356 1228 1390 depressas
1243 1356 1276 1383 ad
1303 1357 1426 1383 coelestia
1444 1357 1570 1390 erigeret,
1588 1363 1619 1382 ac
1647 1356 1758 1383 doceret

968 1408 1015 1428 eos
1030 1402 1067 1428 uil
1083 1401 1196 1433 humile,
1218 1402 1257 1428 nil
1273 1402 1414 1437 indignum
1429 1402 1462 1430 de
1481 1402 1535 1430 Deo
1557 1410 1619 1430 esse
1636 1402 1758 1429 sentien-

967 1445 1043 1479 dum,
1061 1447 1218 1474 habendum
1235 1455 1299 1474 vero
1315 1455 1371 1482 prae
1397 1447 1485 1474 oculis
1497 1468 1504 1479 ,
1531 1448 1603 1483 quod
1622 1451 1756 1482 praestans

967 1491 1013 1518 illa
1025 1499 1102 1519 mens
1113 1500 1172 1526 quae
1184 1496 1283 1518 cuncta
1302 1492 1422 1520 continet
1439 1496 1465 1519 et
1488 1493 1567 1527 regit,
1583 1492 1674 1518 omnia
1688 1499 1756 1526 quo-

967 1546 1020 1573 que
1035 1547 1089 1565 uno
1106 1539 1204 1565 intuitu
1218 1539 1251 1566 de
1267 1539 1336 1566 cmlo
1349 1539 1506 1574 perspiciat.

1001 1583 1084 1612 Vens.
1101 1584 1144 1612 16.
1172 1585 1311 1612 Abraham
1337 1589 1443 1620 patrem
1464 1593 1539 1613 nunc
1566 1593 1621 1612 non
1639 1585 1754 1612 vocabo.

967 1638 1022 1658 non
1046 1630 1119 1666 quod
1137 1631 1322 1666 patriarcham
1353 1639 1460 1667 negem,
1482 1632 1529 1659 sed
1550 1631 1624 1667 quod
1656 1639 1755 1658 nomen

966 1676 1055 1704 Patris
1070 1678 1173 1705 rectius
1185 1677 1238 1705 Deo
1253 1677 1394 1706 convenit.

999 1733 1082 1762 Vens.
1097 1735 1141 1762 17.
1165 1735 1271 1762 (iuncta
1292 1735 1325 1762 ad
1353 1734 1497 1763 Dominum
1522 1734 1657 1763 referente
1687 1742 1755 1770 pro-

964 1779 1056 1814 pheta,
1076 1788 1109 1807 ne
1127 1784 1206 1815 putes
1221 1780 1304 1807 Deum
1317 1781 1397 1808 nobis
1418 1785 1559 1808 auctorem
1580 1786 1754 1815 peccatorum

965 1834 1047 1860 esse;
1074 1826 1233 1853 facultatem
1249 1831 1354 1853 tantum
1375 1827 1508 1861 permittit
1527 1832 1553 1854 et
1570 1827 1695 1854 concedit
1712 1826 1750 1854 fa-

965 1871 1066 1905 ciendi,
1085 1880 1145 1907 qum
1167 1872 1266 1908 cuique
1286 1873 1417 1900 libuerint
1435 1881 1441 1898 :
1458 1880 1542 1899 causa
1578 1872 1662 1908 igitur
1691 1881 1754 1908 pec-

965 1917 1018 1944 cati
1034 1918 1062 1944 in
1078 1918 1158 1946 nobis
1174 1922 1200 1945 et
1216 1926 1230 1944 a
1245 1919 1335 1950 nobis,
1351 1918 1385 1946 ad
1401 1918 1485 1946 Deum
1502 1922 1591 1945 autem
1608 1918 1750 1945 referenda

966 1964 1095 1998 peccandi
1139 1963 1265 1992 facultas.
1283 1979 1318 1984 -~
1345 1964 1427 1998 Quasi
1459 1964 1751 1999 comprehenderentur

966 2010 1029 2044 ipsi,
1045 2013 1073 2037 et
1087 2009 1290 2038 calamitatibus
1306 2012 1537 2046 opprimerentur,
1556 2018 1591 2037 ne
1607 2015 1752 2045 peccarent

967 2054 1193 2090 impedientibus.

1002 2109 1085 2138 Vens.
1110 2110 1152 2138 19.
1183 2111 1304 2146 Assyriis
1326 2112 1434 2140 scilicet
1447 2112 1529 2140 urbes
1549 2116 1659 2140 nostras
1684 2111 1747 2138 diri-

969 2155 1105 2189 pientibus
1120 2177 1127 2189 ,
1152 2160 1177 2183 et
1201 2156 1347 2192 plerasque
1368 2165 1463 2185 earum
1480 2158 1665 2185 evertentibus
1678 2177 1685 2189 ,
1703 2165 1753 2184 au-

969 2200 1173 2236 ferentibusque
1191 2201 1224 2229 de
1239 2201 1327 2236 patria
1346 2201 1484 2234 Gothaeos,
1510 2203 1556 2237 qui
1573 2206 1600 2230 et
1628 2202 1753 2230 Samari-

969 2247 1024 2273 tani
1051 2251 1193 2279 vocantur,
1216 2248 1277 2275 loci-
1298 2249 1408 2275 nomine
1423 2249 1571 2284 appellati;
1588 2256 1620 2276 ac
1645 2249 1754 2276 duabus

971 2296 1076 2319 tantum
1102 2293 1227 2321 tribubus
1254 2293 1282 2320 in
1299 2294 1398 2329 angulo
1422 2295 1637 2327 remanentibus,
1665 2296 1748 2322 sentit

131 2342 299 2377 κατεχόντων
326 2344 430 2378 μικρὸν,
455 2344 469 2369 ὁ
495 2343 637 2378 προφήτης
661 2343 747 2378 ἠξίου,
776 2343 845 2369 ὥστε
872 2344 916 2369 καὶ

973 2338 1102 2373 propheta
1120 2347 1231 2374 parvam
1248 2339 1327 2366 istam
1357 2343 1460 2374 partem
1475 2359 1482 2372 ,
1513 2347 1595 2374 quam
1612 2340 1754 2374 possidere

130 2389 208 2415 τοῦτο
222 2388 235 2415 ὃ
249 2388 356 2415 ἐδόκουν
373 2389 498 2423 κατέχειν
513 2388 719 2424 περιλειφθῆναι
739 2389 830 2419 αὐτοῖς
852 2388 919 2424 πρὸς

133 2435 242 2470 μνήμην
259 2435 307 2468 τῆς
321 2434 349 2465 ἐξ
362 2434 448 2469 ἀρχῆς
464 2442 510 2460 σου
524 2435 564 2466 είς
578 2435 608 2460 τὸ
620 2435 697 2468 γένος
713 2434 861 2470 γενομένης
876 2435 919 2460 εὐ-

133 2481 258 2514 μενείας·
279 2480 315 2515 μή
338 2488 374 2514 πη
393 2479 439 2505 καὶ
457 2480 552 2506 τούτου
576 2481 705 2515 ἀρθέντος
721 2480 866 2515 γενοίμεθα
881 2481 918 2511 ὡς

134 2526 170 2562 μὴ
186 2526 248 2558 λαός
266 2535 323 2558 σου,
341 2526 407 2561 μηδὲ
422 2527 638 2562 χρηματίσαντες
656 2527 735 2562 μερίς
755 2535 811 2553 σου.

168 2626 250 2654 Πάλιν
265 2627 402 2662 ἐμφαίνων
424 2627 437 2652 ὁ
454 2628 604 2662 προφήτης,
621 2627 658 2659 ὼς
679 2628 709 2653 οὐ
729 2628 763 2662 δι’
778 2627 917 2654 ἀσθένειαν

131 2672 177 2698 τοῦ
193 2672 260 2699 Θεοῦ
280 2670 350 2699 οὗτοι
366 2673 614 2707 ἐγκατελείφθησαν
628 2673 739 2700 τοιαῦτα
753 2673 900 2708 ὑποστῆναι
910 2693 916 2705 ,

133 2718 208 2753 παρὰ
223 2719 273 2753 τὴν
292 2719 381 2745 αὐτῶν
406 2718 556 2754 μοχθηρίαν
572 2719 748 2754 ἁμαρτόντων
763 2719 810 2745 καὶ
827 2728 916 2754 παρα⁸

132 2764 288 2799 ὄεῆηκὸτων
305 2765 354 2796 τὰς
369 2765 488 2796 ἐντολὰς,
504 2764 640 2800 ἐξηγεῖται
655 2766 704 2800 τὴν
722 2765 917 2800 μεγαλειότητα

132 2809 175 2835 τοῦ
208 2810 291 2843 Θεοῦ,
317 2810 355 2842 ὡς
382 2811 428 2837 καὶ
459 2810 620 2846 βουλομένου
645 2811 726 2838 αὐτοῦ
755 2812 779 2837 οἱ
808 2812 916 2847 οὐρανοὶ

967 2385 1145 2417 videbantur,
1165 2385 1199 2414 iis
1215 2394 1269 2413 non
1289 2386 1343 2413 nisi
1367 2393 1399 2413 ea
1414 2385 1448 2413 de
1477 2393 1560 2414 causa
1583 2385 1670 2414 fuisse
1685 2386 1750 2414 reli-

967 2434 1049 2462 ctam,
1071 2436 1100 2458 ut
1120 2432 1280 2459 memoriam
1300 2432 1476 2467 benignitatis
1495 2436 1657 2465 servarent,
1684 2433 1749 2460 olim

968 2483 982 2502 a
1001 2475 1055 2503 Deo
1074 2478 1198 2511 patribus
1214 2478 1416 2513 comprobatae;
1444 2486 1479 2505 ne
1495 2479 1518 2505 si
1533 2479 1587 2505 ista
1602 2479 1684 2505 etiam
1703 2486 1752 2505 au-

968 2520 1084 2548 ferretur
1098 2530 1113 2548 a
1129 2523 1219 2554 nobis,
1235 2524 1313 2557 quasi
1329 2524 1446 2559 populus
1461 2524 1511 2551 tibi
1524 2524 1640 2558 alienus,
1651 2527 1677 2552 et
1691 2531 1752 2551 mu-

972 2574 1068 2593 nerum
1093 2571 1202 2595 tuorum‘
1217 2576 1316 2603 expers
1334 2569 1471 2597 iteremus.

1006 2623 1069 2650 CAP.
1091 2623 1183 2656 LXIV,
1200 2624 1283 2652 Vens.
1298 2625 1322 2652 1.
1339 2625 1445 2653 Rursus
1462 2625 1604 2653 declarans
1622 2625 1752 2660 propheta

971 2677 1024 2696 nou
1050 2675 1163 2705 propter
1188 2670 1403 2698 imbecillitatem
1422 2671 1467 2699 Dei
1494 2672 1568 2707 ipsos
1598 2671 1683 2699 fuisse
1703 2679 1751 2706 op-

972 2724 1091 2751 pressos,
1113 2716 1160 2744 sed
1180 2721 1291 2752 propter
1307 2718 1458 2751 nequitiam
1482 2719 1653 2752 peccantium
1670 2721 1697 2745 et
1712 2717 1750 2744 le~

970 2770 1017 2798 ges
1032 2763 1140 2790 divinas
1164 2763 1334 2794 violantium,
1360 2763 1654 2797 etTcrt'I'sublimitatem
1679 2763 1724 2790 Dei
1744 2773 1749 2795 ;

971 2810 1072 2845 quippe
1085 2809 1129 2845 qui
1146 2814 1238 2837 tantus
1255 2814 1308 2844 est,
1325 2813 1364 2842 ut,
1383 2810 1442 2844 επιςο
1456 2809 1577 2843 iubente,
1590 2811 1681 2838 caelum
1696 2818 1750 2838 ave-
