1919 3075
179 100 247 129 1571

776 100 949 129 THEODORI
968 100 1227 128 HERACLEENSIS

1736 98 1806 126 1372

179 158 268 188 tiatur
283 164 309 187 et
324 162 423 186 cuncta
439 163 467 185 ut
481 166 540 185 cera
558 158 714 193 liquescant.
731 157 880 186 Hic.Deum
900 166 962 186 cum

1024 158 1244 193 ινεῳχθήσονται,
1263 158 1310 184 καὶ
1328 157 1362 184 τὰ
1378 157 1542 192 ὑποκείμενα
1563 157 1642 192 δίκην
1658 155 1744 192 κηροῦ
1759 165 1807 182 τα-

180 206 242 233 aliis
256 204 409 235 conferens.
434 203 480 238 qui
496 203 534 230 dii
554 207 696 235 vocantur,
710 211 772 230 cum
785 204 873 231 oculis
886 204 961 231 cerni

180 255 270 287 negat,
295 256 341 279 aut
358 251 470 278 auribus
483 250 570 277 audiri
585 259 592 283 ;
608 250 654 277 sed
672 250 718 285 qui
732 250 759 276 in
773 251 864 277 omnia
879 250 962 285 impe—

179 297 250 324 rium
267 302 391 324 exerceat
405 316 412 328 ,
431 296 505 324 solus
518 300 560 324 est
577 304 627 323 nec
640 300 682 323 est
693 296 762 323 alius
775 297 822 332 qui
841 304 902 324 eum
918 305 963 324 su-

181 350 277 378 perare
292 343 390 370 valeat.

218 428 301 457 Vens.
316 429 342 456 5.
369 429 433 462 Qua!
448 429 534 456 hocce
553 429 634 456 modo
653 429 827 464 intelligenda
850 438 857 456 :
876 430 965 458 honus

180 476 313 511 Magister
337 483 398 502 cum
419 483 531 510 pravum
551 475 677 502 habuerit
692 475 869 509 discipulum,
885 483 964 510 quem

182 530 197 549 a
214 521 336 556 nequitia
358 528 490 548 revocare
517 520 634 547 voluerit
648 540 655 551 ,
680 520 833 548 hortabitur
859 527 920 548 eum
939 525 965 547 ut

182 568 278 596 melior
303 567 367 600 ﬁat;
391 568 462 602 quod
491 567 513 594 si
540 571 629 594 autem
653 567 698 594 hic
713 567 832 594 deterior
856 569 884 594 in
908 567 967 595 dies

182 614 298 645 evadat,
325 613 424 641 nedum
449 620 464 639 a
494 613 564 639 malo
589 613 744 645 abstineat,
770 616 833 640 tunc
853 612 967 647 depellet

183 667 245 687 eum
261 659 389 694 Magister
400 664 427 686 et
441 658 599 686 derelictum
615 659 739 694 pluribus
753 659 833 686 etiam
848 660 966 694 peccatis

184 706 282 732 tradet.
299 705 338 732 ita
351 704 384 732 de
400 705 478 732 nobis
499 704 599 732 factum
616 709 668 732 est.
681 705 748 732 Cum
764 712 778 731 a
801 705 892 740 pravis
908 713 967 732 mo-

184 751 263 777 ribus
284 750 367 777 averti
388 750 573 781 uoluerimus,
593 754 622 776 tu
648 750 734 777 iratus
749 757 790 781 es,
805 754 831 776 et
845 757 895 777 nos
916 758 966 784 ope

184 804 231 825 tua
267 798 389 825 destituti
403 817 410 829 ,
427 797 549 824 omnium
564 797 690 824 vitiorum
705 797 767 825 labe
784 798 929 824 trahimur.

1016 204 1153 239 κήσονται.
1174 204 1232 230 Κάν
1247 203 1333 238 τούτῳ
1351 202 1436 237 δηλῶν
1457 203 1471 229 6
1488 203 1638 238 προφήτης,
1662 201 1724 228 οὔτε
1745 202 1806 235 δᾲει

1016 249 1203 276 ὑποϐάλλεσθα
1214 249 1293 276 αὑτὸν
1309 249 1418 283 φάσκει,
1435 249 1497 275 οῠτε
1512 250 1577 275 ὠσὶν
1594 249 1721 280 ἀκοῦσαι,
1743 249 1806 282 σύγ-

1017 304 1105 331 κρισιν
1111 295 1193 322 αὑτοῦ
1205 296 1271 331 πρὸς
1280 295 1375 326 ἄλλους
1387 295 1548 330 λεγομένους
1557 295 1635 326 θεοὺς
1646 294 1803 328 γεγονέναι·

1016 341 1084 367 ἀλλὰ
1092 341 1162 368 κατὰ
1172 341 1280 367 πάντων
1288 340 1356 376 ἔχων
1366 340 1397 366 τὸ
1406 340 1499 376 κῦρος,
1518 340 1598 375 μόνος
1607 341 1666 366 ἐστὶ
1674 339 1804 371 τοιοῦτος,

1017 387 1097 413 ἄλλου
1114 387 1181 422 πρὸς
1203 386 1283 412 αὐτον
1302 385 1523 422 παραῦάλλεσθαι
1542 385 1578 420 μὴ
1597 384 1760 419 δυναμένου.

1053 431 1177 458 Τοιοῦτόν
1192 440 1252 458 τινα
1268 431 1330 457 νοῦν
1345 431 1401 466 ἔχει
1412 438 1419 445 ³
1441 431 1495 461 Ὡς,
1512 430 1550 456 ὅτ’
1570 429 1603 456 ἂν
1619 429 1778 460 διδάσκει).ος
1792 431 1805 455 ὁ

1017 478 1118 513 ἀγαθὸς
1140 477 1196 512 ἔχοι
1221 477 1338 513 πονηρὸν
1366 476 1506 512 μαθητὴν,
1532 476 1572 507 εί,
1605 475 1804 511 μεταϐαλέσθαι

1019 523 1099 550 αὑτὸν
1116 523 1277 558 βουλόμενος
1289 523 1342 549 ἀπὸ
1359 522 1409 557 τῆς
1424 521 1557 557 πονηρίας
1575 521 1668 552 αὐτοῦ,
1686 521 1806 547 νουθετεί

1020 570 1099 597 αὑτὸν
1122 570 1263 604 κρείττονα
1281 569 1378 596 ἑαυτοῦ
1402 567 1527 602 γενέσθαι
1541 577 1547 583 ·
1576 569 1590 594 ό
1614 567 1641 594 δὲ
1662 567 1699 602 μὴ
1727 567 1805 602 μόνον

1020 615 1214 642 ἀπαλλάττοιτο
1234 615 1289 642 τῶν
1314 615 1416 646 κακῶν,
1439 614 1507 641 ἀλλὰ
1523 614 1571 640 καὶ
1593 613 1753 648 προσθήκην
1778 613 1805 638 ἐν

1019 662 1137 697 πονηρίᾳ
1163 661 1285 693 δέξαιτο⁸
1315 661 1460 688 ἀκόλουθον
1487 659 1696 695 ἀποστραφῆναι
1726 658 1806 684 αὑτὸν

1018 707 1063 733 τὸν
1080 706 1248 737 διδάσκαλον,
1260 706 1383 732 κάκεῖνον
1403 705 1649 740 ὲγκαταλειφθέντα
1660 705 1699 735 εἰς
1716 703 1805 729 πλείο-

1018 761 1065 784 νας
1089 752 1202 784 ἀταξίας
1227 752 1322 778 ἑαυτὸν
1343 751 1483 779 ἐκδοῦναιν
1504 751 1576 777 οὕτω
1597 751 1665 785 φησὶ
1689 750 1738 776 καὶ
1765 750 1805 782 ἐφ’

981 797 1002 824 Β
1015 799 1105 834 ἡμῶν,
1124 799 1161 834 μὴ
1181 798 1352 833 ἀνεχομένων
1369 798 1446 833 ἡμῶν
1469 796 1632 833 μεταθέσθαι
1654 796 1702 823 τοῦ
1723 803 1805 830 πονη-

187 843 234 879 ροῦ
256 844 333 879 ἡμῶν
350 843 460 879 τρόπου,
479 843 560 874 αὐτὸς
583 842 731 878 ὠργίσθης,
756 844 802 869 καὶ
818 844 898 878 ἡμεῖς
922 852 968 870 σου
986 844 1036 879 τῆς
1055 844 1203 876 ἐποπτείας
1238 844 1430 879 ἀποτυχόντες,
1465 843 1535 871 κατὰ
1557 844 1619 870 ὸοῦν
1639 843 1694 870 τῶν
1717 842 1806 876 ἁμαοσ

183 891 311 926 ’σημάτων
330 890 428 925 ἠνέχθη
434 898 492 926 μεν.

219 937 302 964 Vens.
319 936 345 963 6.
370 936 408 963 Ea
419 936 528 971 quidem
545 936 650 964 ratione
668 937 796 964 mandata
812 937 969 964 observabi-

184 990 256 1014 mus,
272 983 318 1010 uhi
336 982 443 1016 justitia
456 982 512 1017 jam
528 990 582 1009 non
608 982 756 1009 amicitiam
772 986 893 1010 nostram
906 990 967 1010 cum

184 1027 240 1056 Dco
254 1027 388 1056 defendet.
407 1027 484 1055 Tune
496 1028 569 1055 enim
590 1027 625 1055 ab
643 1035 675 1055 eo
691 1027 850 1056 deﬁciemus
861 1048 867 1059 ,
890 1029 968 1063 quasi

185 1073 250 1100 folia
278 1073 312 1099 ab
339 1073 482 1100 arboribus
509 1076 536 1099 et
562 1080 576 1098 a
606 1073 692 1108 stirpe
713 1080 762 1101 sua
791 1073 969 1109 decidentiaj;

185 1118 258 1154 quod
272 1118 420 1146 maximum
436 1118 541 1146 crimen
561 1118 589 1145 in
603 1126 654 1147 nos
668 1119 760 1146 habet.

222 1206 304 1234 Vens.
321 1207 345 1234 7.
369 1206 696 1241 Quotiescunque,Deus,
717 1207 761 1234 vel
775 1206 859 1234 multa
879 1206 971 1234 horta-

185 1256 241 1284 tus,
261 1260 316 1280 non
340 1253 439 1287 poterit
464 1251 556 1279 ﬁdeles
578 1259 643 1280 suos
661 1259 676 1279 a
692 1252 811 1287 peccatis
827 1259 965 1284 revocare,

185 1303 251 1326 tunc
265 1298 324 1333 ipse
337 1297 445 1325 tandem
461 1298 604 1330 irascetur,
623 1301 649 1325 et
662 1297 748 1333 ipsius
762 1305 827 1324 cura
844 1298 967 1325 desertos

185 1344 364 1372 derelinouet.

221 1430 286 1458 CAP.
314 1429 394 1462 LXV,
423 1429 506 1458 Vens.
528 1431 553 1457 1.
583 1430 623 1458 Ad
649 1429 817 1458 Salvatorem
844 1420 1003 1466 spectantc

186 1475 268 1503 etiam
284 1475 351 1502 haec.
373 1475 478 1510 Quippe
492 1476 538 1510 qui
554 1475 642 1510 patria
666 1475 834 1510 benignitate
856 1475 967 1507 missus,

186 1523 213 1547 et
230 1527 279 1547 sua
309 1519 497 1547 misericordia
527 1525 626 1553 motus,
657 1521 784 1548 omnibus
812 1519 969 1547 hominibus

187 1563 348 1592 manifestus
365 1564 454 1592 factus
469 1569 522 1597 est,
539 1565 696 1593 hominibus
725 1573 786 1593 eum
804 1572 855 1592 nec
868 1572 968 1592 vocan-

187 1611 270 1643 tibus,
287 1618 338 1638 nec
353 1611 566 1638 arcessentibus.

222 1655 304 1684 VERS.
321 1657 347 1684 5.
366 1657 454 1684 Ultrix
471 1657 576 1684 scilicet
589 1657 640 1684 vis.

222 1702 303 1730 Vens.
320 1703 346 1731 6.
365 1703 479 1737 Quando
494 1704 569 1735 dicit,
591 1704 724 1738 scriptum
748 1707 810 1735 est,
839 1703 968 1738 ignoran-

187 1749 252 1776 tiam
269 1753 390 1776 nostram
406 1750 440 1776 ab
451 1757 483 1776 eo
497 1749 590 1776 doceri
605 1748 711 1776 credas.
725 1748 793 1775 Cum
813 1749 885 1775 enim
901 1748 970 1775 scri-

187 1798 233 1829 pta
243 1795 321 1822 nobis
335 1795 534 1830 praeteritarum
543 1801 633 1822 rerum
649 1794 808 1821 memoriam
822 1793 968 1825 retineant,

186 1844 214 1867 et
225 1840 259 1867 ad
278 1841 509 1868 reminisceutiam
533 1849 583 1868 nos
595 1840 748 1871 deducant,
764 1843 792 1866 et
811 1839 892 1874 quasi
907 1843 970 1866 ante

186 1887 282 1915 Oculos
305 1895 349 1914 res
369 1891 461 1921 gestas
476 1891 628 1922 exponant,
646 1886 740 1913 eodem
757 1885 838 1913 modo
852 1893 902 1913 nos
921 1885 970 1913 do-

187 1936 230 1960 cet
245 1933 326 1961 Deus.
352 1933 458 1960 Cuncta
474 1936 564 1960 autem
581 1932 636 1960 Deo
656 1936 731 1965 nota,
762 1935 789 1959 et
822 1935 967 1966 antequam

187 1979 292 2012 ﬁerent,
307 1979 363 2014 jam
375 1979 450 2006 novit
462 1987 504 2007 ea.

223 2023 305 2051 VERS.
332 2024 358 2052 8.
373 2024 480 2052 Rursus
494 2024 539 2052 hic
551 2023 660 2051 divitias
683 2023 826 2051 charitatis
841 2031 897 2051 sua:
913 2031 970 2049 ma-

187 2069 366 2097 nifestissime
381 2070 502 2097 declarat
519 2069 844 2104 singularidocumento;
858 2077 920 2096 nam
940 2073 969 2095 ut
982 2087 1007 2116 D

187 2124 250 2143 cum
276 2117 417 2144 inventum
447 2120 490 2143 est
517 2117 624 2144 acinum
651 2116 679 2144 in
701 2117 782 2145 botro
818 2121 966 2148 maturum,

187 2165 299 2198 propter
320 2162 432 2190 unicum
453 2163 519 2190 illud
534 2170 586 2189 uva
609 2163 666 2198 ipsa
693 2167 828 2195 servatur,
848 2168 874 2190 et
893 2164 968 2190 aesti—

187 2214 276 2236 matur
292 2209 395 2244 magni,
410 2212 436 2236 et
448 2217 462 2235 a
481 2209 588 2236 nemine
601 2209 735 2244 carpitur,
747 2209 784 2236 ita
799 2216 848 2244 ego
861 2216 969 2243 quoque

187 2253 210 2280 si
223 2261 308 2280 unum
323 2254 462 2288 repericro
478 2254 642 2281 servientem
654 2253 732 2285 mihi,
760 2253 889 2280 omnibus
907 2261 969 2288 par-

187 2306 259 2330 cam,
270 2299 349 2333 juxta
364 2307 395 2327 ea
407 2307 467 2334 quae
480 2299 617 2327 Abraham
633 2299 744 2327 fuerunt
758 2299 842 2330 dicta,
859 2299 969 2334 quando

189 2351 286 2380 poenas
302 2352 317 2371 a
334 2344 453 2372 Sodoma
469 2346 638 2380 repetebam,
659 2350 684 2372 et
697 2345 739 2372 vel
755 2345 900 2380 quinquies
918 2346 970 2374 mi-

189 2389 368 2420 scricordiam
384 2398 472 2418 meam
491 2391 666 2426 comprobavi
680 2400 687 2425 ;
705 2391 775 2419 idem
797 2396 824 2419 et
839 2399 913 2419 nunc
926 2399 969 2419 re-

186 2437 240 2463 fert
259 2435 292 2463 ad
307 2436 477 2464 indicandam
492 2437 686 2472 benignitatem
701 2445 789 2465 suam.

224 2482 306 2510 Vens.
324 2483 366 2510 10.
397 2478 462 2516 Quae
475 2483 559 2518 igitur
570 2483 638 2519 ipsis
655 2484 757 2519 largior
772 2488 883 2519 propter
901 2492 970 2520 pau-

186 2534 233 2554 cos
248 2527 429 2555 inservientes
443 2528 509 2555 mihi
519 2537 527 2559 ς
537 2535 586 2556 vos
600 2536 678 2563 vero,
690 2530 736 2564 qui
748 2529 813 2556 mihi
833 2529 970 2556 contradi-

186 2575 249 2602 citis
272 2575 334 2602 vilze
350 2575 428 2603 vobis
446 2576 564 2608 auctori,
582 2576 630 2611 qui
655 2576 824 2604 daemonibus
848 2577 969 2612 indulge-

187 2621 234 2653 tis,
248 2625 275 2649 et
287 2626 379 2650 mente
396 2622 556 2650 carentibus
574 2630 696 2650 mensam
711 2623 816 2658 paratis
835 2630 867 2649 ac
878 2623 969 2657 potio-

187 2674 248 2700 nes,
267 2674 353 2696 morte
363 2668 526 2696 moriemini.
538 2668 604 2697 Jure
618 2673 709 2697 autem
727 2677 775 2697 eos
788 2673 876 2697 morte
895 2670 970 2697 dam-

187 2717 251 2745 nat;
280 2715 380 2749 quippe
401 2715 447 2750 qui
472 2719 535 2749 post
560 2715 726 2750 impietatem
752 2721 779 2744 et
807 2720 920 2750 peccata
940 2716 966 2743 in

193 2757 287 2790 Deum,
301 2764 441 2787 vocantem
466 2768 519 2787 non
542 2761 696 2793 audierunt,
717 2765 744 2788 et
769 2761 857 2788 locum
879 2761 967 2796 potni-

189 2801 280 2833 tentia
308 2805 448 2837 praestanti
474 2812 528 2832 non
547 2810 709 2840 paruerunt,
738 2805 784 2834 sed
809 2806 967 2842 iniquitates

1055 933 1174 960 Τοιαῦτα
1197 933 1274 969 ἡμῶν
1293 933 1368 959 ἔσται
1387 931 1422 958 τὰ
1443 931 1494 966 τῆς
1511 932 1732 967 παρατηρήσεως
1755 934 1806 960 τῶν

1019 979 1143 1012 ἐντολῶν,
1161 978 1279 1005 διάθεσιν
1305 978 1373 1014 πρὸς
1387 977 1453 1004 Θεὸν
1478 977 1515 1013 μὴ
1541 976 1681 1011 σωζούσης
1701 978 1755 1013 τῆς
1769 979 1806 1006 δι-

1019 1025 1180 1060 καιοσύνης·
1208 1025 1225 1060 ἢ
1247 1024 1293 1051 καὶ
1319 1024 1443 1059 ἕκρευσιν
1464 1024 1530 1058 ἡμῖν
1554 1023 1749 1059 προεξένησεν,
1771 1025 1807 1057 ὡς

1020 1069 1128 1103 φύλλοις
1158 1069 1302 1096 πίπτουσιν
1323 1069 1377 1095 ἀπὸ
1391 1068 1445 1095 τῶν
1470 1068 1585 1103 δένδρων
1610 1068 1657 1094 καὶ
1681 1069 1737 1095 ἀπὸ
1762 1071 1808 1105 τῆς

1020 1115 1123 1142 ἑαυτῶν
1138 1115 1215 1150 ῥίζης
1225 1123 1231 1130 ·
1252 1115 1320 1150 ὅπερ
1334 1114 1383 1150 τὴν
1398 1114 1515 1150 ἐσχάτην
1531 1113 1622 1141 αὐτῶν
1639 1116 1808 1151 κατηγορίαν

1021 1160 1086 1196 ἔχει.

1057 1207 1114 1232 Ὂτ*
1142 1205 1175 1232 ἂν
1195 1206 1249 1242 γὰρ
1274 1206 1340 1237 Θεὸς
1367 1206 1412 1232 ἐπὶ
1441 1205 1506 1232 πολὺ
1525 1205 1660 1232 νουθετῶν
1680 1202 1719 1242 μὴ
1736 1207 1808 1242 σχοίη

1020 1252 1083 1283 τοὺς
1110 1251 1286 1286 πειθομένους
1300 1251 1373 1286 αὐτῷ
1391 1250 1553 1286 μεταθέσθαι
1575 1251 1630 1277 τῶν
1648 1260 1811 1287 παρανομη.

1022 1298 1114 1333 μάτων
1127 1297 1224 1329 αὐτῶν,
1238 1297 1298 1323 τότε
1315 1297 1360 1322 καὶ
1375 1297 1455 1328 αὐτὸς
1470 1296 1559 1323 τέλεον
1573 1297 1718 1332 ὀργισθεὶς
1730 1298 1811 1331 ἐγκαα

1019 1342 1182 1378 ταλιμπάνει
1205 1343 1303 1374 αὐτοὺς
1326 1343 1363 1374 ὡς
1383 1343 1501 1378 ἐρήμους
1523 1343 1622 1374 αὐτοὺς
1646 1343 1811 1378 γενομένους

1019 1390 1068 1424 τῆς
1090 1388 1171 1415 αὐτοῦ
1194 1387 1364 1423 κηδεμονίας.

1061 1434 1223 1469 Ἐκληπτέον
1233 1433 1262 1460 δὲ
1276 1433 1322 1460 καὶ
1334 1434 1373 1465 είς
1385 1433 1498 1469 Σωτῆρα
1515 1433 1611 1465 ταῦτα,
1628 1434 1670 1467 ὃς,
1687 1437 1808 1470 πατρικῇ

1019 1480 1166 1515 ἀγαθότητι
1180 1479 1340 1510 ἀποσταλεὶς
1355 1479 1400 1505 καὶ
1410 1479 1496 1514 οἰκείᾳ
1509 1479 1703 1516 φιλανθρωπίᾳ
1711 1480 1808 1513 ἐλθὼν,

1018 1525 1143 1561 ἐμφανὴς
1154 1526 1235 1552 πᾶσιν
1248 1525 1400 1560 ἀνθρώποις
1419 1524 1529 1558 γέγονεν
1546 1525 1560 1550 ὁ
1578 1525 1686 1560 Σωτὴρ,
1707 1526 1811 1561 ἀνθρώ-

1019 1580 1077 1599 πων
1094 1572 1162 1607 μήτε
1177 1571 1424 1607 πρεσϐευσαμένων
1440 1571 1507 1606 πρὸς
1523 1570 1614 1603 αὑτὸν,
1633 1572 1704 1606 μήτε
1725 1581 1810 1607 παρα-

1018 1616 1201 1644 καλεσάντων.

1060 1661 1091 1687 Ἦ
1111 1660 1284 1696 τιμωρητικὴ
1301 1660 1400 1696 δηλαδὴ
1411 1661 1533 1695 δύναμις.

1053 1706 1091 1733 Τό
1109 1706 1147 1739 δὲ,
1167 1706 1332 1741 γέγραπται,
1347 1707 1464 1739 ἀκούων,
1480 1707 1534 1733 νόει
1547 1707 1584 1738 ὡς
1595 1707 1736 1742 ἡμετέραν
1757 1716 1809 1734 πα-

1021 1753 1183 1790 ραμυθεῖται
1197 1752 1317 1786 ἄγνοιαν.
1340 1752 1448 1788 Ἐπειδὴ
1463 1752 1515 1788 γὰρ
1534 1753 1599 1788 ἡμῖν
1615 1753 1644 1785 ἐξ
1662 1753 1809 1788 ἐγγράφων

1019 1800 1036 1834 ἠ
1052 1799 1145 1834 μνήμη
1161 1799 1348 1834 συγκροτεῖται
1366 1798 1419 1824 τῶν
1433 1798 1618 1835 παρελθόντων
1633 1799 1808 1834 πραγμάτων

1019 1846 1059 1877 εἰς
1077 1845 1230 1880 ὑπόμνησιν
1256 1845 1328 1879 ἡμᾶς
1354 1844 1468 1878 ἄγουσα,
1494 1844 1541 1870 καὶ
1565 1844 1659 1880 ὥσπερ
1686 1845 1808 1879 ὑπ”δψιν

1019 1892 1080 1925 ἄγει
1094 1891 1128 1917 τὰ
1152 1890 1319 1926 παρελθόντα
1343 1890 1503 1926 πράγματα,
1523 1890 1608 1921 οὕτως
1634 1890 1806 1917 ἐκδιδάσκει·

1019 1935 1112 1962 Πάντα
1134 1935 1256 1970 ἐγνώσθη
1282 1934 1321 1969 τῷ
1346 1934 1415 1970 Θεῷ,
1443 1935 1490 1962 καὶ
1510 1935 1574 1970 πρὶν
1595 1934 1611 1970 ἢ
1638 1935 1751 1970 γένηται
1775 1936 1809 1962 τὰ

1019 1980 1153 2015 γενόμενα
1170 1981 1322 2008 ἐπίσταται.

1060 2025 1192 2052 Ἐνταῦθα
1215 2026 1294 2052 πάλιν
1314 2025 1328 2051 ὁ
1352 2024 1465 2056 πλοῦτος
1490 2025 1540 2058 τῆς
1563 2024 1733 2060 ἁγαθότητος
1761 2026 1809 2052 τοῦ

1020 2071 1087 2098 Θεοῦ
1121 2071 1299 2106 φανερώτατα
1325 2069 1452 2106 δηλοῦται
1476 2070 1568 2105 οίκείῳ
1608 2070 1808 2104 ὑποδείγματι·

1023 2118 1128 2153 Ὥσπερ
1147 2117 1212 2152 γὰρ,
1231 2117 1268 2143 ὅτ’
1291 2116 1324 2144 ἂν
1344 2116 1442 2152 εὑρεθῇ
1475 2117 1503 2142 ὲν
1524 2116 1563 2151 τῷ
1585 2115 1679 2150 βότρυϊ
1712 2117 1728 2142 ὁ
1753 2115 1811 2151 ῥὼξ

1023 2164 1162 2198 πέπειρος,
1184 2163 1217 2189 δι’
1239 2164 1340 2189 ἐκεῖνον
1376 2163 1421 2189 τὸν
1445 2163 1492 2189 ἕνα
1515 2163 1568 2193 πᾶς
1594 2161 1731 2194 σώζεται,
1762 2163 1810 2188 καὶ

1022 2209 1086 2244 περὶ
1111 2208 1210 2234 πολλοῦ
1233 2209 1365 2240 ποιεῖται,
1396 2208 1508 2243 μηδενὸς
1530 2207 1611 2234 αὐτοῦ
1634 2207 1808 2242 ἁπτομένουσ

1022 2255 1102 2289 οὕτω,
1115 2255 1191 2290 φησὶ,
1205 2254 1294 2289 κάγὼ,
1312 2254 1371 2286 ἐνὸς
1391 2253 1547 2289 εὑρεθέντος
1562 2253 1734 2284 δουλεύοντός
1752 2262 1808 2288 μοι,

1022 2301 1126 2332 πάντας
1150 2300 1373 2335 περιποιήσομαι,
1389 2298 1460 2324 κατὰ
1480 2298 1511 2324 τὸ
1526 2297 1565 2333 τῷ
1591 2297 1717 2333 ’Δὸραὰμ
1736 2298 1811 2324 λελε-

1021 2346 1134 2381 γμένον,
1149 2333 1231 2380 ἡνίκα
1253 2333 1357 2379 ήκάτά
1379 2343 1504 2378 Σοδόμων
1525 2342 1585 2378 δίκη
1603 2343 1807 2378 κατεπέμπετο.

1021 2392 1073 2424 ἕως
1087 2392 1166 2419 πέντε
1180 2391 1228 2426 τὴν
1249 2390 1452 2426 φιλανθρωπίαν
1472 2389 1673 2425 ὲνδειξαμένου.
1688 2390 1726 2416 Τὸ
1744 2391 1809 2417 αὐτὸ

1021 2438 1110 2465 τοίνυν
1125 2438 1172 2465 καὶ
1184 2436 1231 2464 νῦν
1245 2436 1342 2471 φάσκει
1358 2435 1416 2462 κατ’
1432 2435 1557 2462 ἐπίτασιν
1574 2435 1754 2470 ἁγαθότητος.

1057 2484 1149 2511 Ταῦτα
1162 2483 1251 2510 τοίνυν
1262 2482 1373 2517 παρέχω
1386 2482 1478 2513 αὐτοῖς
1493 2481 1525 2507 δι’
1541 2481 1650 2515 ὀλίγους
1663 2482 1728 2513 τοὺς
1749 2481 1806 2508 δου-

1021 2530 1147 2562 λεύοντάς
1161 2539 1215 2565 μοι.
1232 2530 1326 2564 Ὑμεῖς
1335 2529 1374 2561 δὲ,
1386 2529 1409 2555 οἱ
1417 2527 1648 2562 ἁνταλλαξάμενοι
1663 2528 1724 2561 ἀντὶ
1740 2527 1809 2562 ἐμοῦ

1021 2575 1067 2602 τοῦ
1088 2576 1118 2602 τὸ
1140 2573 1208 2602 εἶναι
1226 2575 1289 2610 ὑμῖν
1310 2573 1529 2609 παρεσχηκότος,
1549 2574 1596 2599 καὶ
1616 2573 1810 2603 δουλεύσαντες

1021 2621 1180 2658 δαιμονίοις,
1195 2621 1240 2647 καὶ
1255 2620 1368 2655 ἀψύχοις
1389 2618 1583 2654 παρατιθέντες
1599 2618 1740 2653 τράπεζαν
1762 2619 1811 2645 καὶ

1022 2669 1191 2703 κεράσματα,
1208 2666 1315 2701 θανάτῳ
1331 2664 1520 2692 ὑποπεσεῖσθε.
1535 2664 1655 2690 Θάνατον
1668 2664 1697 2691 δὲ
1718 2664 1810 2691 αὐτῶν

1021 2713 1131 2745 δικαίως
1143 2712 1380 2748 καταψηφίζεται·
1395 2712 1435 2738 ὅτι
1453 2711 1500 2738 καὶ
1515 2710 1584 2746 μετὰ
1602 2710 1651 2746 τὴν
1667 2710 1809 2742 ἀσέϐειαν,

1023 2759 1069 2786 καὶ
1092 2758 1121 2784 τὸ
1142 2758 1304 2793 ἐξαμαρτεῖν
1324 2757 1421 2788 αὐτοὺς
1439 2757 1479 2788 είς
1505 2756 1550 2782 τὸν
1576 2756 1642 2782 Θεὸν
1655 2776 1662 2789 ,
1681 2756 1810 2783 καλοῦντι

1020 2806 1069 2841 οὐχ
1087 2805 1258 2840 ὑπήκουσανζ
1269 2805 1316 2832 καὶ
1333 2805 1414 2830 τόπον
1431 2802 1574 2838 μετανοίας
1592 2803 1684 2834 αὐτοῖς
1698 2802 1809 2834 διδόντι,

1492 2841 1499 2853 Ι
