1919 3075
84 87 106 115 *Ι
113 89 171 117 373

823 99 857 126 IN
874 99 999 128 ISAIAM.

1643 111 1710 140 1574

84 151 149 177 οὐκ
165 147 240 185 εἶξαν
251 159 258 166 ·
278 152 336 179 ἀλλ’
351 153 507 180 ἐπετείνατε
525 155 584 182 καθ’
601 156 705 183 ἑαυτῶν
724 158 757 184 τὰ
769 159 882 194 πονηρὰ,

940 169 1001 188 suas
1017 166 1099 189 etiam
1115 169 1259 197 auxerunt,
1275 173 1360 201 eaque
1372 167 1493 194 fecerunt
1507 175 1566 203 quae
1574 169 1708 199 nol‘ebatn.

87 196 148 223 καὶ
162 197 180 224 ἀ
196 197 246 224 οὐκ
262 198 362 233 ἤρεσκέ
378 208 421 234 μοι
432 200 590 236 ἐπράττετε.

142 243 251 278 Ἐπειδὴ
261 244 326 279 γὰρ⁷
341 245 405 279 περὶ
418 246 539 282 γαστέρα
559 247 761 284 ἀσχολούμενοι,
776 252 815 282 εἰς
835 251 884 286 τὴν

87 287 155 314 τῶν
174 289 287 324 καρπῶν
305 289 452 317 ἀπόλαυσιν
467 291 497 318 τὸ
511 293 565 319 πᾶν
577 293 627 328 τῆς
644 294 812 331 εὐφροσύνης
828 297 883 323 ἐτί-

91 331 190 366 θεντο,
217 335 265 361 καὶ.
296 335 455 371 εὐδαίμονας
478 337 601 373 ἐνόμιζον
616 339 678 371 τοὺς
693 339 794 368 τούτων
815 341 883 369 ἀπο-

89 377 242 411 λαύοντας,
268 380 388 415 λυπῆσαι
408 382 506 414 αὐτοὺς
528 382 686 418 βουλόμενος
711 386 739 411 ἐν
754 388 787 421 τῇ
805 387 883 422 ἀκοῇ,

92 422 135 448 ἵν’
152 424 364 460 ἐπιστρέψαντες
384 425 508 460 σωθῶσι,
525 427 574 462 τὴν
594 427 696 455 τούτων
718 430 808 463 αὐτοῖς
824 432 884 458 στέ-

92 476 181 503 ρησιν
195 471 385 505 προαγορεύει.

136 515 344 550 Προκαταλέξας
371 517 388 544 ἃ.
402 518 539 545 πείσονται
563 521 587 546 οἱ
603 520 640 555 μὴ
661 520 819 556 φοϐούμενοι
841 522 884 549 τὸν

93 559 215 595 Κύριον,
229 560 296 595 μηδὲ
307 562 516 597 ἐπιστρέφοντες
533 565 600 600 πρὸς
618 565 708 598 αὑτὸν,
725 567 831 601 ἐπάγει,
845 568 885 594 ὅτι

102 605 282 637 Ἀπεναντίας
305 607 406 634 τούτων
429 610 454 635 οἱ
483 609 652 642 δουλεύοντες
680 620 725 647 μοι
753 613 783 638 οὺ
806 613 884 648 μόνον

93 650 250 684 τεύξονται,
265 652 333 679 ἀλλὰ
348 654 394 680 καὶ
409 654 558 689 ὀνομάτων,
570 656 694 693 καθάπερ
709 659 733 684 oi
750 659 885 695 πατριάρ-

91 706 157 732 χαι,
174 697 198 724 οἳ
212 698 279 733 πρὸς
292 700 348 730 τοῖς
362 700 472 734 τρόποις
486 702 533 727 καὶ
543 702 682 738 ὀνομάτων
692 704 791 731 καινῶν
805 705 885 739 ἐτύγ-

93 751 194 777 χανον.
212 744 320 770 Τούτων
333 744 360 771 δὲ
377 745 415 780 μὴ
434 747 643 781 μετανοούντων,
659 750 737 776 τοῦτο
753 750 783 777 τδ
801 750 885 786 ὄνομα

92 786 242 823 δοθήσεται
256 790 312 820 τοῖς
328 788 427 822 ἔθνεσι,
438 791 468 817 τὺ
481 791 532 826 μὲν
553 793 594 824 εἰς
614 794 667 826 ἀεὶ,
685 794 753 830 ὅπερ
775 795 833 822 ἐστὶ
853 795 884 822 τὸ

968 247 1052 277 Vens.
1069 250 1113 277 15.
1134 250 1249 283 Quando
1267 254 1352 279 ventri
1368 255 1447 281 unice
1466 254 1575 288 deditis,
1602 255 1629 282 in
1644 263 1709 291 pos-

934 294 1056 321 stdendis
1072 294 1197 330 frugibus
1222 304 1356 324 summam
1380 298 1537 326 felicitatem
1559 301 1710 329 consistere

933 338 1083 372 videretur,
1108 348 1140 367 ac
1165 348 1212 368 eos
1239 345 1346 369 tantum
1372 343 1467 372 beatos
1491 353 1552 373 esse
1578 347 1624 381 qui
1649 347 1710 374 istis

934 383 1085 417 abundant,
1103 389 1205 413 terrere
1221 393 1268 413 eos
1281 394 1406 415 sermone
1424 389 1527 423 volens,
1544 394 1574 417 ut
1585 391 1709 419 conversi

934 429 1084 463 salventur,
1103 430 1211 465 frugum
1223 431 1343 467 inopiam
1355 432 1506 461 denuntiat.

975 517 1055 546 Vens.
1084 519 1127 546 15.
1150 518 1293 547 Ρτῖεᾱίςιὶε
1310 528 1370 555 qua:
1385 521 1541 549 hominibus
1557 522 1708 556 inminent,

933 571 984 590 nec
996 562 1080 590 Deum
1096 563 1265 597 timentibus,
1294 574 1343 593 nec
1362 567 1395 594 ad
1415 567 1504 602 ipsum
1528 575 1557 595 se
1578 569 1710 603 recipien-

933 608 1018 640 tibus,
1032 609 1125 643 adjicit
1140 609 1230 638 Deus:
1247 609 1306 637 Non
1328 612 1414 638 modo
1431 613 1511 647 longe
1530 612 1636 639 diversa
1650 621 1710 640 sor-

934 654 1038 680 tientur
1053 654 1098 689 qui
1114 655 1179 681 mihi
1195 655 1357 687 inserviunt,
1369 656 1416 683 sed
1425 658 1535 684 nomine
1546 658 1628 685 etiam
1641 666 1710 685 novo

934 699 1115 733 vocabuntur,
1132 700 1203 727 sicut
1218 701 1389 735 patriarchae,
1409 702 1455 736 qui
1468 711 1516 736 pro
1528 704 1650 731 moribus
1662 711 1711 730 no-

933 743 976 771 vis
1005 751 1112 779 quoque
1141 744 1297 772 hominibus
1330 745 1555 781 insigniebantur.
1580 747 1710 776 lsraelitis

935 792 1024 815 autem
1044 790 1233 824 paenitentiam
1250 791 1444 823 renuentibus,
1459 793 1585 826 gentibus
1602 793 1711 820 dabitur

92 831 154 860 τῶν
166 833 336 869 Χριστιανῶν
345 843 352 850 θ
367 836 464 870 μηκέτι
476 836 530 872 γὰρ
542 838 656 866 εἰδώλων
670 841 777 875 μνήμην
791 841 882 868 ποιού-

940 840 985 860 aoc
999 841 1108 866 nomen,
1129 836 1201 870 quod
1216 836 1243 862 in
1257 841 1388 862 aeternum
1411 837 1541 868 manebit,
1564 845 1615 865 nec
1636 837 1710 865 aliud

96 887 187 914 μενοι,
203 880 263 915 μηδ’
277 881 314 913 ὡς
332 882 372 913 εις
387 882 464 914 θεοὺς
487 884 630 918 ὀμνύοντες
641 904 648 917 ,
665 885 721 912 ἀλλ’
738 887 778 918 εἰς
801 888 881 915 αὑτὸν

93 924 146 953 τὸν
164 925 229 952 Θεὸν
245 926 292 953 καὶ
314 926 477 963 δημιουργὸν
495 929 594 962 αὐτῶν,
612 932 677 966 παρ’
700 932 882 966 αὐτοῦίὲξουσι

92 971 151 1005 τὴν
165 971 218 999 τῶν
232 972 341 1006 ἀγαθῶν
355 974 514 1002 ἀπόλαυσιν.

133 1104 327 1140 Μακροῦίωσιν
353 1106 381 1132 δὲ
410 1106 500 1138 αὐτοῖς
529 1107 575 1133 ἐπὶ
591 1107 675 1140 πολὺ,
710 1106 808 1141 ἀώρως
833 1117 882 1143 μεν

97 1149 214 1184 μηδενὸς
235 1150 476 1184 μεταλλάττοντος,
500 1152 540 1184 εἰς
563 1152 652 1188 γῆρας
680 1152 794 1188 λιπαρὸν
815 1153 883 1188 φθά-

97 1202 206 1226 νοντος·
227 1196 273 1221 καὶ
288 1195 342 1231 γὰρ
358 1195 454 1222 ἑκατὸν
471 1196 539 1222 ἐτῶν
556 1198 570 1223 ὀ
583 1197 747 1232 τελευτήσας
766 1199 795 1224 ὲν
813 1199 884 1224 ὲκεί-

97 1247 156 1270 νοις
173 1238 258 1279 ἔσται,
273 1239 310 1272 ὼς
332 1241 384 1275 πρὸ
403 1240 477 1276 ὥρας
502 1241 561 1273 νέος
574 1242 729 1274 ἀπαλλάξας
751 1243 825 1269 τόνδε
838 1243 884 1270 τὸν

99 1283 176 1318 βίον·
199 1284 214 1310 ὁ
235 1283 263 1310 δὲ
286 1283 358 1311 οὕτω
383 1285 570 1320 μεταλλάττων
597 1287 626 1314 ὲν
655 1287 777 1322 κατάρας
805 1287 882 1323 μέρει

98 1329 221 1357 κείσεται
236 1330 397 1366 ἁμαρτωλὸς
414 1331 621 1368 συγκρινόμενος
633 1331 671 1368 τῷ
684 1332 779 1369 μακρῷ
795 1333 855 1369 βίῳ.

138 1375 178 1401 Τὰ
191 1375 245 1411 γὰρ
259 1376 371 1411 ἀειθαλῆ
390 1377 460 1411 φυτά
478 1378 506 1404 ὲν
522 1377 559 1412 τῷ
577 1378 733 1413 παραδείσῳ
753 1378 883 1411 ἀειζώους

98 1423 222 1457 καρποὺς
239 1423 332 1458 φέρει·
344 1424 440 1455 οἵτινες
451 1425 479 1450 ὲν
492 1424 541 1459 μὲν
555 1424 593 1459 τῷ
607 1422 675 1451 εἶναι
686 1425 731 1451 τὸν
742 1425 882 1461 ἄνθρωπον

98 1469 131 1495 ἐν
144 1467 182 1503 τῷ
197 1468 362 1504 παραδείσῳ,
372 1469 444 1496 ἄλλοι
458 1469 501 1495 ἐπ’
518 1469 607 1501 ἄλλοις
619 1470 754 1505 γινόμενοι
770 1471 879 1506 καρποὶ,

99 1515 230 1550 παρεῖχον
253 1514 292 1549 τῷ
313 1514 449 1550 ἀνθρώπῳ
465 1515 495 1541 τὸ
520 1515 563 1542 ἀεὶ
594 1515 757 1542 ἀπολαύειν·
780 1505 825 1543 ὅτε
852 1517 880 1543 δὲ
895 1505 917 1535 C

99 1559 205 1595 ὲξώσθη
220 1560 235 1585 ὁ
255 1559 408 1595 ἄνθρωπος,
423 1561 447 1586 οἱ
466 1561 567 1596 καρποὶ
583 1561 706 1596 μένουσιν
725 1562 765 1594 εἰς
793 1562 823 1588 τὸ
840 1563 889 1589 δι--

98 1606 197 1640 ηνεκὲς
209 1604 352 1640 ἄφθαρτοι.

136 1649 228 1677 Ταῦτα
244 1651 292 1685 μὲν
310 1648 357 1676 οὖν
379 1651 392 1676 ὁ
404 1651 470 1682 Θεὸς
491 1650 538 1677 τοῦ
558 1652 665 1687 Ἰσραὴλ
686 1653 880 1687 ἐπαγγέλλεται

103 1695 287 1723 ,ιετανοοῦντι-
306 1697 399 1731 ἐπειδὴ
421 1696 449 1722 δὲ
469 1696 592 1728 ἀπειθεῖς
616 1699 800 1734 μεμενήκασι,
819 1707 880 1733 μετ-

99 1743 162 1775 άγει
172 1742 221 1773 τὰς
230 1742 353 1775 εὐλογίας
366 1743 405 1773 εἱς
419 1742 452 1768 τὰ
466 1741 529 1777 ἔθνη
538 1750 545 1757 °
557 1743 594 1774 ὡς
606 1743 652 1769 καὶ
662 1744 701 1774 εἰς
712 1743 761 1778 τὴν
769 1743 880 1778 Ἐκκλη-

101 1788 163 1814 σίαν
178 1787 264 1814 ταῦτα
277 1787 347 1814 κοιτά
361 1787 488 1823 ἀλήθειαν
503 1787 729 1823 ὲκλαμϐάνεσθαι.

136 1832 197 1859 Τῶν
216 1832 262 1859 δύο
285 1833 369 1868 ἥμισυ
387 1833 477 1867 φυλῶν
497 1833 537 1859 ἐτι
554 1835 582 1859 ὲν
604 1835 659 1865 τοῖς
673 1833 765 1866 τόποις
785 1834 879 1867 ὄντων,

101 1879 149 1909 καὶ
161 1879 288 1914 οἰομένων
306 1880 343 1915 μὴ
358 1879 510 1914 ἀπάγεσθαι
527 1880 565 1911 εἰς
580 1880 629 1914 τὴν
639 1880 823 1914 αἰχμαλωσίαν
837 1881 881 1907 διὰ

101 1927 151 1964 τὴν
167 1927 235 1961 πρὸς
249 1926 294 1953 τὸν
307 1926 369 1953 ναὸν
385 1927 475 1962 σχέσιν
490 1917 540 1953 τοῦ
550 1926 628 1959 Θεοῦ,
649 1927 708 1962 οὐχὶ
721 1927 749 1953 δὲ
764 1927 806 1953 διὰ
820 1927 882 1962 τρό-

102 1981 161 2000 πων
174 1972 272 2010 ἀρετὴν
288 1973 335 1999 καὶ
350 1972 398 2007 τὴν
414 1973 481 2007 πρὸς
497 1973 542 1998 τὸν
555 1972 620 1998 Θέὸν
640 1972 755 2005 εὖνοιαν,
776 1973 881 1999 υποδεί-

102 2027 197 2045 κνυσιν
209 2020 223 2045 ὁ
235 2018 310 2051 Θεὸς,
330 2018 367 2050 ὡς
381 2019 411 2044 οὐ
426 2018 510 2044 τόπου
529 2018 608 2053 χάριν
621 2018 637 2054 ἢ
653 2018 716 2045 ναοῦ
735 2018 881 2054 ῥυσθήσον-

100 2071 148 2090 ται
168 2064 217 2099 τῆς
233 2063 418 2099 αἰχμαλωσίας
438 2064 650 2099 προηγουμένως
663 2064 688 2090 οἱ
707 2064 793 2091 ταῦτα
809 2065 883 2100 ἔχον-

101 2116 163 2140 τες·
178 2108 277 2135 τούτων
287 2109 340 2144 γὰρ
357 2109 522 2144 ἀντέχοντες,
537 2109 601 2140 Θεὸς
613 2109 697 2143 λέγει,
712 2109 756 2136 διὰ
768 2110 815 2146 τὴν
829 2110 882 2137 τῶν

102 2155 247 2181 οἰκούντων
263 2156 326 2190 περὶ
341 2155 375 2181 τὰ
391 2155 494 2189 νόμιμα
517 2154 638 2190 φυλακὴν
651 2175 658 2187 ,
682 2154 729 2186 οὒς
754 2157 800 2182 καὶ
821 2157 883 2183 ναὸν

104 2200 226 2235 βούλεται
243 2201 326 2237 ἔχειν,
347 2201 394 2228 καὶ
414 2201 504 2234 ἀξίους
516 2199 584 2227 εἶναι
599 2200 644 2226 τοῦ
665 2201 777 2228 ἐνοικεῖν
793 2203 822 2228 ἐν
837 2203 884 2229 αὐ-

103 2248 169 2279 τοῖς.

140 2293 231 2321 Πάντα
254 2293 308 2328 γὰρ
338 2293 503 2328 πανταχόθεν
529 2293 578 2329 βοᾷ
599 2294 647 2329 τὴν
672 2293 777 2321 δικαίαν
797 2295 885 2330 κρίσιν

104 2339 152 2371 τοῦ
169 2338 246 2370 Θεοῦ,
262 2338 396 2374 πολεμίων
411 2339 460 2374 μὲν
478 2339 748 2374 καταστρεφομένων,
766 2340 884 2371 Ἐζεκίου

104 2386 132 2412 δὲ
147 2386 178 2411 ὲκ
189 2384 236 2411 τοῦ
249 2384 313 2411 ναοῦ
325 2385 481 2416 ἐπανιόντος
493 2385 540 2411 καὶ
550 2384 728 2420 κηρύττοντος
739 2385 786 2421 τὴν
802 2395 886 2420 μεγα-

104 2431 232 2466 λειότητα
244 2430 291 2456 τοῦ
304 2429 382 2461 Θεοῦ.

140 2476 278 2510 Τουτέστι,
299 2475 355 2510 Πρὸ
375 2475 422 2502 τοῦ
440 2475 560 2502 κινδύνου
581 2476 636 2511 (Η)
661 2475 753 2502 ἔτεκεν
767 2475 858 2511 ἄρσεν,
871 2476 886 2503 ὅ

106 2525 163 2549 ἐστι
177 2523 272 2558 κύημα
285 2522 366 2549 καλὸν
378 2522 424 2556 καὶ
437 2522 686 2557 τριπόθητονχταῖς
707 2522 761 2557 γὰρ
778 2522 884 2549 τικτού-

108 2576 168 2598 σαις
192 2567 368 2603 ἀρρενοτοκία
390 2567 488 2602 μᾶλλον
514 2567 626 2602 θατέρου
654 2567 848 2602 προτέτακται-
867 2567 884 2602 ἢ

106 2615 175 2650 τάχα
198 2622 249 2640 που
267 2615 312 2644 καὶ
329 2613 412 2649 ἄρσεν
432 2613 463 2639 τὸ
484 2612 594 2648 τεχθέν⁸
614 2612 643 2638 οὺ
667 2613 721 2648 γὰρ
744 2612 884 2648 θηλύνεται

106 2660 173 2696 πρὸς
191 2660 380 2695 μακαρισμοὺς
392 2660 405 2685 ὁ
423 2659 451 2685 ὲν
470 2658 580 2694 Χριστῷ
595 2657 673 2690 λαός·
689 2659 815 2694 φρόνημα
829 2659 881 2694 γάρ

107 2709 179 2740 εστιν
195 2706 224 2733 ἐν
236 2705 310 2740 αὐτῷ
327 2704 678 2739 νεανικόν.’-Ἐκδιδάσκει
693 2704 835 2742 προλαϐεῖν
851 2706 883 2740 τῇ

109 2751 237 2793 μετανοίᾳ
249 2751 295 2777 τὸν
311 2751 405 2786 καιρὸν
419 2751 475 2778 τῶν
494 2750 606 2782 ὠδίνων,
623 2751 668 2776 καὶ
682 2749 776 2787 ὥσπερ
792 2751 885 2778 παιδία

141 2809 163 2845 (1
170 2808 196 2844 4)
215 2807 295 2839 Forte
313 2808 450 2843 κ”.›ητικοῦ.

932 883 975 906 est
992 883 1090 913 praeter
1102 887 1202 907 nomen
1216 879 1447 911 Christianorum.
1457 879 1517 908 Jam
1530 889 1583 908 non
1595 882 1710 917 amplius

933 923 1066 951 idolorum
1092 925 1253 952 memoriam
1282 925 1392 959 facient,
1416 934 1504 961 neque
1525 933 1556 953 ea
1581 930 1709 960 tanquam

933 971 999 999 deos
1012 972 1188 1004 inv0cabunt,
1216 973 1264 1000 sed
1281 981 1367 1000 unum
1386 972 1470 1000 Deum
1494 976 1522 1000 et
1542 973 1709 1000 conditorem

933 1024 1012 1043 suum
1029 1017 1131 1050 colent,
1144 1021 1171 1044 et
1186 1017 1221 1045 ab
1244 1018 1304 1052 ipso
1334 1018 1468 1045 bonorttm
1491 1018 1598 1052 copiam
1625 1018 1710 1052 impe-

933 1061 1052 1088 trahunt.

971 1104 1054 1133 Vens.
1074 1106 1118 1134 20.
1141 1107 1241 1135 Multos
1255 1115 1341 1135 annos
1357 1107 1470 1143 perfecit
1486 1108 1532 1142 qui
1548 1114 1602 1134 non
1615 1107 1710 1133 imma-

933 1155 995 1179 tura
1011 1156 1098 1179 morte
1121 1154 1227 1187 rapitur
1253 1157 1280 1180 et
1304 1154 1417 1181 viridem
1437 1153 1615 1188 consequitur
1633 1159 1711 1180 sene-

934 1201 1046 1225 ctutem.
1064 1197 1160 1226 Justus
1174 1199 1245 1226 enim
1265 1199 1437 1227 centenarius
1458 1199 1511 1226 erit
1521 1199 1600 1234 quasi
1621 1198 1712 1225 adole-

934 1250 1014 1270 scens
1030 1247 1092 1271 ante
1111 1248 1219 1278 tempus
1231 1245 1365 1277 moriens;
1391 1249 1518 1279 peccator
1536 1252 1601 1272 vero
1624 1249 1712 1271 cente-

934 1289 1030 1316 narius
1055 1289 1218 1316 maledictus
1248 1290 1310 1322 erit,
1336 1294 1447 1324 propter
1471 1289 1559 1325 ipsam
1581 1288 1710 1324 grandem

933 1337 1039 1361 atatem
1057 1334 1213 1361 damnatus.

970 1379 1051 1407 Vens.
1072 1380 1117 1407 22.
1139 1379 1278 1406 Continuo
1305 1379 1434 1407 ﬂorentes
1464 1378 1585 1414 paradisi
1612 1378 1711 1414 planta:

932 1429 1049 1453 alternos
1062 1425 1166 1454 fructus
1182 1425 1281 1453 ferunt.
1296 1425 1401 1460 Quippe
1419 1424 1483 1459 qui,
1500 1425 1564 1451 dum
1581 1424 1663 1450 homo
1683 1423 1710 1449 in

933 1471 1061 1505 paradiso
1074 1476 1155 1504 esset,
1173 1472 1200 1498 in
1215 1471 1273 1498 dies
1282 1471 1367 1506 magis
1383 1477 1414 1497 ac
1421 1471 1505 1503 magis
1516 1470 1598 1504 aucti,
1610 1473 1711 1496 veterna

933 1516 1035 1543 homini
1050 1515 1147 1550 gaudia
1167 1516 1341 1550 prtebebant;
1356 1515 1469 1549 expulso
1482 1519 1579 1541 .autem
1602 1513 1711 1540 homine

933 1569 967 1589 en
981 1561 1119 1596 paradiso,
1142 1564 1283 1588 remanent
1297 1559 1401 1587 fructus
1419 1560 1447 1586 in
1466 1564 1596 1587 aeternum
1622 1558 1712 1585 incor-

933 1607 1086 1642 ruptibiles.

970 1652 1052 1680 Vens.
1072 1653 1118 1680 25.
1138 1652 1203 1686 Quae
1230 1652 1338 1687 quidem
1367 1652 1509 1679 denuntiat
1535 1649 1710 1684 Deustrael

934 1698 1123 1733 paenitentiam
1137 1699 1245 1733 agenti;
1263 1698 1326 1732 quia
1346 1701 1435 1724 atttem
1452 1696 1585 1723 indociles
1601 1702 1711 1723 reman-

934 1748 1039 1775 serunt,
1072 1743 1276 1771 benedictiones
1299 1750 1364 1770 suas
1391 1741 1518 1777 gentibus
1546 1741 1709 1775 impertitur,

935 1794 963 1816 ttt
977 1789 1004 1816 in
1022 1788 1172 1816 Ecclesiam
1185 1789 1262 1822 juxta
1280 1789 1422 1816 veritatem
1443 1785 1639 1820 suscipiantur.

970 1833 1034 1862 Cap.
1063 1833 1154 1865 LXVI,
1172 1833 1255 1860 Vens.
1272 1834 1297 1860 Ι.
1317 1832 1455 1859 Ambabus
1473 1831 1597 1858 tribubus
1622 1830 1711 1857 adhuc

934 1884 1035 1906 terram
1052 1886 1126 1906 suam
1143 1878 1350 1913 occupantibus,
1371 1885 1455 1913 seque
1478 1877 1506 1904 in
1525 1877 1710 1911 captivitatem

934 1929 1044 1960 propter
1059 1925 1178 1952 studium
1198 1924 1243 1951 Dei
1269 1924 1296 1950 in
1316 1923 1445 1959 templum
1462 1931 1517 1950 non
1542 1922 1638 1950 abduci
1660 1930 1710 1957 pu-

934 1971 1066 2002 tantibus,
1081 1978 1134 1997 non
1152 1978 1215 1997 vero
1228 1973 1338 2004 propter
1353 1969 1501 1996 bonitatem
1522 1975 1627 1994 morum
1645 1976 1710 1994 suo-

935 2023 995 2043 rum
1009 2020 1056 2042 aut
1085 2023 1160 2043 suam
1190 2017 1218 2042 in
1250 2015 1393 2042 Dominum
1427 2015 1565 2051 pietatem,
1592 2014 1712 2042 declarat

935 2061 1006 2089 Deus
1025 2071 1031 2088 :
1047 2061 1108 2089 illos
1118 2069 1172 2088 non
1188 2061 1298 2088 lociaut
1316 2061 1411 2096 templi
1437 2061 1524 2096 gratia
1549 2059 1711 2096 captivitatis

936 2107 1072 2134 immunes
1092 2106 1211 2138 futuros,
1227 2107 1274 2142 qui
1291 2107 1348 2134 hazc
1370 2107 1504 2142 praecipue
1527 2107 1628 2133 colunt.
1644 2105 1711 2132 Nam

936 2153 993 2180 inec
1013 2153 1177 2184 retinebunt,
1205 2153 1242 2179 ait
1262 2152 1344 2185 Deus,
1369 2157 1478 2188 propter
1500 2152 1710 2179 inhabitantium

935 2200 1008 2226 circa
1024 2198 1118 2233 legalia
1133 2198 1281 2232 pietatem;
1302 2205 1371 2233 quos
1383 2198 1455 2225 enim
1472 2197 1601 2232 templum
1621 2197 1711 2232 possi-

933 2244 997 2272 dere
1012 2244 1083 2275 volo.
1101 2243 1155 2270 sint
1172 2243 1246 2278 digni
1260 2244 1308 2278 qui
1324 2243 1390 2270 illud
1407 2242 1569 2270 inhabitent.

970 2289 1050 2316 Vens.
1070 2288 1097 2316 6.
1117 2288 1297 2315 Conclamant
1316 2292 1414 2316 cuncta
1434 2288 1565 2322 judicium
1586 2287 1632 2315 Dei
1649 2295 1711 2315 esse

931 2335 1046 2370 justum,
1075 2334 1144 2362 fusis
1166 2334 1304 2366 hostibus,
1324 2334 1438 2361 Ezechia
1463 2333 1497 2361 de
1519 2333 1618 2368 templo
1635 2341 1711 2367 egre-

933 2381 1024 2408 diente
1039 2385 1066 2407 et
1077 2380 1294 2414 magniticentias
1311 2379 1357 2406 Dei
1374 2379 1546 2414 praedicante.

968 2466 1048 2494 Vens.
1069 2467 1095 2494 7.
1117 2466 1174 2494 Hoc
1188 2470 1228 2494 est
1242 2466 1348 2497 ePartu
1369 2467 1489 2493 nondum
1505 2451 1613 2493 matu'ro
1631 2473 1712 2500 pepe-

933 2513 970 2541 rit
1000 2514 1163 2545 masculum,
1191 2517 1365 2548 praeslantem
1388 2512 1493 2539 scilicet
1512 2510 1596 2538 fetum
1617 2515 1644 2537 et
1668 2515 1710 2538 ter

933 2562 1073 2593 optatum;
1102 2559 1236 2585 matribus
1263 2558 1336 2585 enim
1363 2556 1545 2584 masculorum
1573 2557 1711 2591 generatio

934 2604 1046 2640 gratior.
1064 2603 1097 2631 Et
1114 2604 1236 2638 proiecto
1258 2603 1409 2630 masculum
1430 2602 1549 2637 genitum
1565 2600 1634 2633 fuit;
1656 2599 1711 2627 dici

935 2651 1007 2678 enim
1022 2649 1195 2678 eﬂ‘eminatus
1211 2657 1264 2677 non
1281 2653 1369 2684 potest
1383 2648 1499 2684 populus
1519 2647 1629 2675 Christo
1645 2646 1712 2674 iide-

934 2697 988 2730 lis;
1007 2703 1068 2723 nam
1084 2703 1183 2723 sensus
1203 2695 1240 2722 illi
1258 2695 1355 2722 virilis.
1376 2709 1410 2714 —-—
1427 2694 1509 2721 Docet
1531 2697 1561 2720 ut
1577 2694 1712 2728 paenitens

936 2743 972 2771 tia
989 2743 1059 2770 diem
1077 2746 1170 2778 partus
1192 2747 1422 2780 praeoccupemus,
1447 2746 1474 2769 et
1494 2741 1568 2768 velut
1585 2739 1714 2776 parvuloq
