1919 3075
55 137 118 164 15ῖῖ

766 130 799 157 ΙΝ
815 130 943 158 ΙΞᾹΙΔΜ.

1601 106 1668 153 i378

54 204 99 231 μου
116 193 184 221 εἶδον
206 194 231 220 οἰ
249 191 381 228 ὀφθαλμοί
399 199 456 218 σου.
468 200 477 216 ›
491 188 658 224 Ἀναγκαίως
674 187 773 220 τοίνυν,
786 190 833 215 ὲκ-

903 188 957 215 euli
984 186 1023 214 tui
1037 186 1070 213 ".
1094 185 1216 212 iMerito
1249 184 1332 219 igitur
1357 182 1517 211 rescindens
1538 183 1669 217 peccandi

54 241 155 268 κόπτων
174 239 221 265 τὸν
244 238 322 271 λόγον
347 235 393 263 τοῦ
415 235 602 271 ἁμαρτάνειν,
626 232 834 269 παραλαμϐάνει

53 286 104 322 πῦρ
116 286 162 312 καί
179 284 334 318 καταιγίδα,
350 283 364 309 ὃ
389 281 471 313 αὐτὸς
497 281 611 308 ἀνάπτει
626 281 655 306 ὲν
670 280 729 311 ταῖς
752 287 836 306 συνει-

54 333 158 368 δήσεσιν
172 330 262 366 ἡμῶν.

85 379 122 404 Δι’
140 373 173 412 ἦς
186 375 313 410 ἐμφαίνει
329 373 446 408 ψυχικὴν
461 372 581 404 κόλασιν,
602 371 649 398 καὶ
668 371 836 408 τραυματίας

54 422 157 449 ἔσεσθαι
180 420 293 451 πολλοὺς
313 419 403 453 λέγει·
421 418 473 450 ἵνα,
493 417 536 443 διὰ
551 417 600 452 τῆς
615 417 701 452 ἀκοῆς
723 417 777 443 τῶν
794 417 836 443 δο-

54 469 167 495 κούντων
181 466 256 501 αὐτῷ
271 465 394 500 φοϐερῶν
406 462 475 490 εἶναι
492 463 638 495 παιδεύσας
651 463 760 496 αὐτοὺς,
773 463 838 489 ἀνα-

54 515 158 550 χαιτίσῃ
171 512 225 540 τῶν
237 511 455 547 ἁμαρτημάτων.

86 559 175 585 Ταῦτα
196 558 225 584 δὲ
249 557 424 593 προστίθησιν
448 558 477 583 ὲν
507 556 600 592 μέσῳ,
616 555 647 581 οὐ
672 554 838 590 κατηγορίαν

55 604 139 631 αὐτῶν
156 604 236 639 μόνον
257 603 440 638 ἐνιστάμενος,
452 602 519 630 ἀλλὰ
533 603 579 629 καὶ
595 602 731 636 σωτηρίαν
748 602 839 632 αὐτοῖς

55 649 187 686 προξενῶν
202 649 246 676 διὰ
261 649 307 675 τοῦ
323 649 444 684 ἐλέγχου,
457 648 503 675 ἐὰν
517 648 684 683 ἐπιστήσωσι
699 647 744 673 τὸν
759 646 837 672 νοῦν·

55 696 170 731 καὶγὰρ
195 695 241 721 τὸν
269 693 320 730 μῦν
345 694 493 729 παρέλαόε,
516 693 569 725 ἵνα,
588 692 640 719 κᾶν
660 692 725 726 γοῦν
754 691 840 723 οὕτως

55 741 219 772 αἰδεσθέντες
243 740 274 766 τὸ
301 740 420 776 μυσαρὸν
445 740 498 766 τῶν
527 739 668 774 πράξεων,
694 736 837 772 ἀνακωχὴν

54 787 156 814 δὼσωσι
173 788 229 818 τοῖς
241 787 348 817 κακοῖς.

89 833 124 860 Οὐ
144 833 223 868 μόνον
237 832 265 858 δὲ
278 831 331 858 τῶν
348 831 472 867 φανερῶν
488 830 614 867 πράξεων
631 829 721 857 αὐτῶν
730 829 839 864 ἔλεγχον

56 881 179 911 ἐποιεῖτο,
191 879 259 905 ἀλλὰ
274 879 320 905 καὶ
337 878 425 904 αὐτῶν
439 877 493 904 τῶν
512 878 602 908 αὐτοῖς
617 875 839 911 κινηοησομένων

57 925 145 952 κακῶν
160 924 299 960 λογισμῶν
310 933 316 939 ·
333 925 401 959 ὅπερ
412 923 566 958 ἀναγκαίως
581 923 628 949 καὶ
638 922 779 958 χρησίμως
796 921 841 947 ἐπὶ

56 970 102 1004 τῆς
118 969 208 995 αὐτῶν
224 968 390 999 λυσιτελείας
405 967 652 994 ἐποίει-Οὐκέτι
674 966 722 1002 τὴν
738 965 782 992 διὰ
798 965 841 991 λό-

57 1023 108 1048 γων
122 1013 236 1049 ἀπειλὴν
254 1012 424 1048 ποιούμενος,
436 1012 504 1039 ἀλλὰ
514 1012 561 1038 καὶ
574 1011 723 1047 παρουσίαν
739 1010 841 1037 οἰκείαν

57 1058 286 1093 ἐπαγγελλόμενος
295 1066 301 1071 ·
314 1057 480 1093 πανταχόθεν
492 1057 546 1092 γὰρ
557 1057 595 1092 τῷ
608 1057 730 1091 Δεσπότῃ
742 1055 842 1087 σκοπὸς

58 1105 140 1131 σῶσαι
158 1105 204 1132 τὸν
216 1104 291 1134 λαὸν,
306 1103 353 1130 καί
371 1104 466 1138 στῆσαι
480 1103 525 1129 τὸν
542 1103 619 1136 λόγον
635 1102 679 1128 τὸν
692 1102 759 1138 πρὸς
779 1102 842 1133 τοὺς

58 1151 177 1187 πατέρας
192 1150 375 1185 γεγενημένον
386 1158 392 1165 ·
410 1149 470 1176 ὅθεν
484 1149 531 1176 καί
547 1149 590 1175 διὰ
609 1148 779 1183 σκυθρωπῶν
796 1148 843 1174 καὶ

58 1197 181 1233 χρηστῶν
191 1197 278 1232 ὄψεων
293 1196 428 1231 σωτηρίαν
439 1196 529 1227 αὐτοῖς
542 1194 776 1230 πραγματεύεται.
788 1193 843 1220 Καὶ

56 1244 117 1277 μετ’
136 1244 225 1278 ὀλίγα
239 1252 245 1258 ⁸
261 1243 311 1269 Τὸν
329 1243 409 1269 αὐτὸν
424 1241 523 1277 τρόπον
538 1241 584 1267 καὶ
606 1240 722 1266 ἐνταῦθα
740 1240 789 1274 τὴν
805 1240 844 1271 εἰς

59 1291 152 1322 αὐτοὺς
169 1290 314 1324 ἐπίσκεψιν
330 1288 411 1316 αὑτοῦ
428 1288 495 1315 ἰδίαν
514 1288 664 1324 παρουσίαν
686 1286 767 1314 αὐτοῦ
781 1295 845 1314 κατ-

60 1335 199 1370 αγγέλλει,
223 1335 328 1371 δηλῶν,
341 1335 378 1365 ὡς
393 1333 547 1365 ἐπισυνάξει
568 1333 667 1363 αὐτοὺς
680 1332 714 1358 ἐκ
738 1331 845 1358 πάντων

59 1381 110 1408 τῶν
126 1381 209 1408 ἐθνῶν
219 1383 247 1407 ἐν
260 1378 300 1412 οἷς
313 1380 532 1415 ἀνεστράφησαν,
544 1379 604 1405 ἐκεῖ
615 1376 781 1413 ἐκμαθόντες
798 1377 845 1403 καὶ

60 1427 107 1458 τὰς
118 1427 244 1461 γλώσσας
257 1426 356 1453 αὐτῶν.

99 1473 218 1500 Ἐκεῖθεν
235 1473 263 1499 δὲ
286 1473 332 1499 καὶ
351 1472 413 1504 τοὺς
431 1470 580 1507 μακαρίους
598 1470 761 1502 ἀποστόλους
779 1469 847 1497 ἀπέ-

63 1520 146 1546 στειλε
172 1521 294 1555 κήρυκας
318 1518 377 1545 καθ’
395 1519 458 1554 ὅλης
473 1518 633 1553 οἰκουμένης
649 1517 848 1552 γενησομένους

62 1566 106 1592 ἀπ’
121 1566 211 1602 ἄκρων
224 1566 276 1597 ἓως
292 1566 395 1601 ἄκρων.

96 1612 201 1638 Ἵππων
215 1612 262 1638 καὶ.
273 1612 392 1647 ἡμιόνων
413 1611 459 1637 καὶ
473 1610 615 1645 λαμπίνων
635 1609 784 1645 μέμνηται,
801 1608 849 1642 δη-

36 1689 41 1693 ,
63 1657 114 1684 λῶν
133 1658 182 1694 τὴν
203 1658 259 1684 τῶν
285 1657 368 1684 ἐθνῶν
393 1657 535 1692 εὐθυμίαν,
552 1657 612 1691 ἥτις
628 1655 744 1691 πρώτως
767 1654 850 1689 ἐπλη-

65 1704 142 1739 ροῦτο
153 1704 259 1731 επὶ-τοῦ
270 1703 396 1739 εὐνούχου
411 1703 461 1738 τῆς
481 1703 623 1738 Κανδάκης
639 1702 806 1737 βασιλίσσης,
820 1701 849 1732 ὃς

64 1750 107 1777 τὸν
120 1751 252 1777 Φίλιππον
264 1749 360 1785 ἔφερεν
376 1749 422 1775 ἐπὶ
437 1749 484 1775 τοῦ
502 1749 624 1784 ἅρματος
641 1748 736 1774 αὑτοῦ.

98 1797 195 1824 Οὐκέτι
217 1796 270 1832 γὰρ
292 1797 332 1827 εἰς
361 1795 456 1822 τοῦτον
480 1795 712 1830 ἁπατηθήσονται,
729 1793 789 1820 οὐδὲ
811 1793 850 1828 τῷ

65 1843 157 1878 κόσμῳ
175 1842 263 1878 τούτῳ
285 1841 517 1876 δελεασθήσονται,
534 1841 580 1867 καὶ
600 1841 636 1872 ὡς
650 1839 708 1875 Θεῷ
734 1848 851 1875 προσκυ-

65 1891 203 1926 νήσουσιν·
226 1890 293 1916 ἀλλὰ
311 1888 595 1925 προσκολληθήσονται
618 1887 712 1922 Κυρίῳ
727 1886 766 1922 τῷ
781 1886 848 1920 Θεῷ,

65 1937 113 1969 τὰς
127 1937 273 1972 ὲνδελεχεῖς
287 1935 380 1966 θυσίας
392 1934 584 1970 προτάγοντες,
597 1933 690 1960 οὐκέτι
705 1933 794 1969 τρίτον
804 1932 850 1959 τοῦ

67 1982 185 2008 ἐνιαυτοῦ
201 1981 291 2016 μόνον,
307 1980 375 2006 ἀλλὰ
392 1979 453 2006 καθ’
473 1978 607 2013 ἑϐδομαδα
630 1979 677 2005 καὶ
698 1979 769 2014 μῆνα
789 1986 851 2004 συν-

67 2027 252 2063 αθροιζόμενοι
269 2026 313 2052 ὲπί
329 2025 382 2052 τῶν
398 2025 483 2059 ἁγίων
502 2024 669 2061 ἐκκλησιῶν’
686 2025 715 2051 οὐ
732 2024 810 2060 μόνον
824 2024 851 2050 δὲ

66 2073 118 2106 ἕως
132 2074 226 2102 τούτου
243 2074 397 2109 στήσονται,
412 2072 480 2099 ἀλλὰ
494 2072 602 2108 νύκτωρ
613 2072 660 2100 καὶ
674 2072 732 2108 μεθ’
746 2072 851 2108 ἡμέραν

67 2119 96 2146 οὺ
108 2121 254 2147 παύσονται
264 2119 313 2155 τὴν
326 2117 509 2154 προσκύνησιν
522 2118 678 2153 ποιούμενοι
688 2119 727 2150 εἰς
735 2118 780 2145 τὸν
792 2118 854 2153 ἀλη-

68 2165 139 2193 θινὸν
154 2167 231 2194 Θεόν.

104 2213 163 2239 Τῶν
175 2211 410 2247 ὲπισυναχθέντιυν
423 2210 508 2238 ἐθνῶν
519 2211 566 2238 ἐπὶ
587 2211 706 2244 Ἐζεκίου
720 2211 853 2246 βασιλέως
868 2208 890 2235 1)

70 2258 126 2292 ἃμα
141 2258 180 2294 τῷ
204 2257 385 2293 Σεναχηρείμ.
401 2272 437 2278 --
451 2256 543 2283 Ταῦτα
562 2257 591 2284 δὲ
606 2256 695 2284 πάντα
715 2257 854 2292 τρανωθή-

70 2310 144 2330 σεται
158 2304 187 2330 ὲν
200 2305 233 2339 τῇ
248 2302 385 2339 παρουσία
396 2302 442 2328 τοῦ
458 2303 561 2338 Κυρίου
624 2302 727 2338 φοϐερᾷ
747 2302 793 2329 καὶ
813 2303 855 2328 ὲν-

69 2347 136 2384 δόξῳ
144 2357 151 2364 ·
169 2350 213 2375 ὅτε
225 2348 255 2375 τδ
266 2348 453 2383 οἰκουμενικὸν
465 2347 578 2383 θέατρον
593 2349 780 2383 συγκροτεῖται
791 2355 797 2361 “
811 2348 854 2374 ὅτε

71 2395 169 2426 πάντες
184 2395 350 2429 πανταχόθεν
370 2394 596 2430 συναχθήσονται·
612 2394 656 2421 ὅτε
679 2394 793 2425 ἕκαστος
809 2402 856 2420 κο-

72 2441 173 2474 μιεῖται
186 2439 254 2475 πρὸς
268 2439 285 2466 ἃ
299 2439 415 2475 ἔπραξεν
425 2448 431 2455 -
447 2440 491 2466 ὅτε
506 2441 520 2466 ὁ
534 2439 650 2466 ἑκάστου
665 2438 764 2474 κλῆρος
776 2446 856 2472 φανε-

72 2485 164 2519 ροῦται
173 2495 180 2501 ι
198 2487 242 2513 ὅτε
261 2485 370 2521 ὄψονται
385 2485 492 2520 ἀληθῶς
505 2486 559 2513 τῶν
571 2485 803 2521 παραϐεϐηκότων
816 2485 856 2521 τῷ

72 2530 130 2566 Θεῷ
157 2532 202 2559 τὸν
225 2531 354 2567 σκώληκα
370 2532 459 2559 αὐτῶν
480 2532 667 2566 ἀτελεύτητον,
685 2531 732 2558 καὶ
755 2532 785 2558 τὸ
801 2531 856 2567 πῦρ

73 2576 160 2604 αὐτῶν
177 2579 323 2605 ἄσϐεστον
336 2577 459 2605 τουτέστι
482 2578 512 2604 τὸ
531 2579 671 2614 κριτήριον
685 2579 734 2614 τῆς
754 2578 856 2609 οἰκείας

73 2622 162 2649 αὐτῶν
185 2625 372 2660 συνειδήσεως,
390 2623 404 2650 ὃ
418 2624 495 2659 δίκην
517 2623 656 2659 σκώληκος
681 2623 856 2659 ἀτελευτήτου

74 2667 102 2693 ὲν
119 2667 208 2701 αὐτοῖς
235 2669 395 2697 ἕνειλεῖται·
418 2670 464 2696 καὶ
492 2669 654 2703 καταφλέξει
679 2670 776 2701 αὐτοὺς
802 2669 857 2704 πῦρ

75 2714 195 2748 ηγὰζον
209 2717 238 2742 ὲν
248 2716 337 2748 αὐτοῖς
345 2724 351 2731 ·
368 2715 415 2742 καὶ
427 2715 532 2741 ἔσονται
548 2715 659 2750 φανεροί
669 2716 734 2742 πᾶσι
745 2717 800 2747 τοῖς
810 2716 858 2742 ὲπ-

76 2761 206 2793 εγνωκόσι
220 2762 265 2788 τὸν
279 2762 383 2789 ἑαυτῶν
397 2761 529 2796 δεσπότην
545 2769 574 2788 τε
589 2762 634 2788 καὶ
644 2762 768 2798 ποιητήν.

111 2836 134 2852 ⁸⁸
144 2836 216 2865 Psal.
233 2846 364 2871 cxxxvm,
382 2839 423 2866 l6.

884 233 1030 264 rationem,
1050 231 1197 266 procellam
1219 233 1245 257 et
1265 231 1353 265 ignem
1370 229 1496 264 suscipit,
1513 236 1595 264 quem
1613 228 1672 263 ipse

885 280 912 307 in
926 277 1100 307 conseientiis
1116 276 1218 304 nostris
1235 275 1373 303 accendet.

920 369 1002 397 Vens.
1022 369 1063 397 16.
1082 368 1134 396 Per
1157 368 1276 403 gladium
1294 367 1427 402 signiﬁcat
1446 368 1585 403 spirituale
1597 366 1672 402 judi-

886 417 959 444 cium
975 421 1001 443 et
1017 416 1118 442 multos
1133 414 1200 441 dicit
1225 421 1287 441 esse
1300 414 1494 447 vulnerandos,
1521 417 1551 441 ut
1571 413 1673 448 gravis-

886 462 963 490 simis
978 462 1059 489 minis
1074 460 1209 494 deterriti,
1226 467 1241 486 a
1254 460 1376 494 peccatis
1390 460 1529 487 recedant.

925 549 1006 576 Vens.
1021 549 1062 574 Π.
1080 547 1146 580 Qute
1160 547 1186 574 in
1204 547 1322 574 medium
1340 545 1430 579 all'ert,
1457 554 1510 574 non
1524 549 1628 573 tantum
1643 549 1674 573 ut

888 603 936 623 eos
967 593 1168 625 incriminetur,
1197 592 1244 620 sed
1270 592 1351 619 etiam
1380 595 1408 619 ut
1428 591 1469 619 eis
1498 592 1612 619 salutem
1631 598 1674 619 re-

888 640 1119 676 prehensionibus
1131 641 1274 674 praeparet,
1292 639 1314 665 si
1329 637 1399 665 forte
1412 641 1532 665 mentem
1547 637 1672 664 intende-

891 690 961 713 rent.
972 685 1010 712 De
1026 692 1103 711 mure
1120 684 1164 710 hic
1179 683 1310 717 loquitur,
1331 685 1359 708 ut
1375 682 1416 709 vel
1436 682 1472 708 ita
1487 681 1674 708 dedetestam

889 731 932 759 dis
942 731 1072 766 operibus
1088 729 1146 757 suis
1165 728 1370 761 erubescentes,
1385 735 1399 753 a
1411 726 1489 753 malis
1502 729 1673 754 revocentur.

926 809 1010 837 Vens.
1031 808 1074 835 18.
1097 807 1156 834 Non
1174 813 1256 841 opera
1284 804 1366 831 modo
1387 804 1477 836 arguit
1501 803 1675 830 extrinsecus

855 861 877 891 Β
892 855 1062 892 apparentia,
1083 853 1130 882 sed
1148 853 1222 888 ipsas
1243 859 1350 887 quoque
1369 857 1468 885 pravas
1484 849 1584 876 mentis
1599 848 1674 883 cogi—

890 904 1007 930 taliones
1024 911 1030 929 :
1047 901 1120 937 quod
1144 899 1241 926 merito
1263 903 1289 926 et
1311 898 1458 926 salubriter
1477 896 1510 923 ad
1530 897 1675 924 utilitatem

891 953 1013 976 nostram
1032 949 1152 982 praestat.
1168 959 1204 965 —
1217 943 1276 971 lam
1299 951 1353 970 non
1370 941 1460 970 verbis
1481 941 1569 968 minas
1586 942 1676 968 inten-

891 995 941 1027 dit,
963 1001 1039 1022 suam
1054 999 1161 1027 quoque
1182 990 1355 1025 praesentiam
1374 987 1529 1015 annuntiat.
1549 986 1601 1013 Per
1617 994 1676 1013 om-

892 1040 937 1067 nia
966 1039 1039 1066 enim
1061 1036 1151 1064 studet
1171 1034 1303 1063 Dominus
1332 1037 1362 1061 ut
1386 1033 1472 1061 salvet
1496 1031 1623 1067 populum
1650 1037 1677 1059 et

893 1091 1046 1113 sermonem
1082 1081 1205 1117 perﬁciat
1230 1080 1263 1107 ad
1290 1083 1381 1115 patres
1413 1078 1547 1114 prolatum
1575 1086 1583 1104 :
1613 1076 1674 1104 ideo

893 1135 950 1158 tum
967 1129 1048 1157 minis
1065 1136 1127 1156 cum
1144 1126 1288 1162 promissis
1310 1125 1425 1153 salutem
1445 1125 1512 1159 ipsis
1537 1127 1675 1159 operatur.

894 1175 928 1203 Et
943 1175 1023 1211 paulo
1035 1179 1093 1210 post
1107 1182 1116 1200 :
1132 1173 1233 1200 Eadem
1253 1172 1358 1199 ratione
1367 1170 1411 1197 hic
1428 1177 1536 1204 quoque
1551 1177 1627 1196 suam
1649 1168 1677 1195 in

894 1230 941 1250 eos
957 1221 1165 1256 inspectionem,
1189 1219 1334 1245 adventum
1349 1223 1429 1244 suum
1451 1215 1608 1247 denuntiat;
1630 1213 1679 1241 dc-

894 1267 1003 1294 clarans
1026 1273 1056 1293 se
1077 1272 1124 1292 eos
1145 1263 1178 1291 de
1194 1262 1321 1290 omnibus
1343 1261 1469 1297 gentibus
1496 1263 1679 1296 congregatu-

895 1320 967 1344 rum,
990 1312 1060 1338 inter
1073 1317 1143 1345 quas
1169 1308 1311 1344 degebant,
1328 1314 1443 1343 quarum
1466 1306 1548 1334 etiam
1571 1306 1679 1341 linguas

896 1358 1054 1387 edisceban.
1618 1363 1622 1366 -

933 1455 1016 1485 Vens.
1030 1452 1075 1483 19“.
1089 1461 1167 1483 nunc
1180 1459 1263 1482 etiam
1280 1455 1374 1480 neatos
1390 1452 1527 1487 apostolos
1548 1456 1681 1480 αποπητη

898 1508 986 1532 tolum
1018 1506 1154 1530 terrarum
1179 1500 1273 1527 orbem
1307 1499 1481 1534 perlustrati,
1505 1498 1680 1533 Evangelium

898 1551 940 1578 vel
955 1550 983 1576 in
998 1546 1128 1576 extremis
1142 1545 1301 1581 regionibus
1317 1545 1506 1579 prmdicarent.

933 1595 1016 1623 Vens.
1041 1593 1088 1620 20.
1117 1592 1167 1619 llic
1193 1598 1278 1626 equos
1304 1591 1463 1625 nullosque,
1488 1592 1516 1617 et
1543 1590 1681 1625 lampenas

897 1645 1040 1672 memorat,
1058 1639 1184 1666 indicans
1211 1636 1438 1672 prmstantissimo
1463 1636 1553 1662 animo
1576 1635 1683 1663 futuras

899 1691 1010 1723 gentes,
1035 1693 1115 1720 quem
1144 1684 1248 1719 primus
1268 1682 1391 1710 exhibuit
1417 1682 1562 1709 eunuchus
1583 1683 1682 1716 reginae

898 1733 1047 1763 Candaccs,
1063 1730 1109 1766 qui
1124 1729 1278 1764 Philippum
1293 1736 1377 1756 curru
1392 1736 1442 1755 suo
1456 1728 1540 1755 vexit.

933 1779 1017 1806 Vens.
1032 1778 1078 1805 25.
1091 1777 1149 1804 Jam
1164 1783 1217 1802 non
1227 1775 1342 1809 amplius
1359 1775 1489 1802 errabunt
1503 1775 1576 1802 circa
1586 1774 1683 1802 Deum.

898 1833 949 1853 nec
964 1824 1058 1851 mundi
1073 1822 1209 1850 illecebris
1231 1821 1315 1848 illecti
1347 1821 1400 1855 ipsi
1419 1825 1548 1855 tanquam
1567 1820 1622 1848 Deo
1641 1820 1684 1847 in-

900 1871 1036 1902 servient;
1062 1869 1109 1897 sed
1132 1875 1193 1895 cum
1210 1866 1324 1895 Domino
1341 1865 1395 1894 Deo
1411 1866 1602 1902 conglutinati,
1618 1874 1684 1893 con—

902 1918 978 1944 tinuo
992 1916 1017 1943 ei
1035 1914 1170 1943 sacriﬁcia
1188 1914 1320 1946 onerent;
1338 1912 1394 1947 jam
1415 1920 1470 1940 non
1496 1916 1538 1940 ter
1558 1912 1640 1940 modo
1656 1913 1683 1939 in

901 1969 1017 1994 annum,
1037 1960 1085 1987 sed
1103 1960 1131 1987 in
1155 1959 1277 1993 singulos
1297 1966 1425 1992 menses,
1454 1958 1537 1993 inque
1563 1958 1683 1993 singulas

901 2005 1083 2034 liebdomades
1099 2004 1338 2039 cougrcgabuntur
1356 2003 1383 2030 in
1407 2006 1516 2031 sanctas
1539 2003 1682 2031 ecclesias.

901 2051 979 2085 Quin
1004 2050 1070 2082 imo,
1087 2049 1204 2076 ulterius
1226 2048 1307 2076 etiam
1329 2049 1480 2084 progressi,
1506 2056 1557 2076 nec
1573 2048 1618 2077 die
1635 2057 1685 2077 nec

902 2101 983 2125 nocte
1000 2104 1014 2123 a
1032 2096 1107 2124 cultu
1121 2095 1178 2122 veri
1191 2094 1238 2122 Dei
1254 2095 1412 2122 cessabunt.

939 2182 1022 2210 Vens.
1050 2182 1095 2209 24.
1127 2181 1268 2208 Cadaver:
1304 2180 1435 2208 videbunt
1470 2182 1589 2216 gentium
1622 2189 1685 2210 cum

906 2228 1092 2257 Sennacherib
1115 2227 1246 2255 adversus
1270 2234 1361 2262 regem
1380 2226 1522 2254 Ezeeliiam
1538 2235 1687 2263 congrega-

906 2278 1005 2301 tarum.
1026 2289 1061 2293 ——
1083 2273 1148 2305 Quae
1173 2275 1264 2299 autem
1285 2272 1375 2299 omnia
1390 2271 1640 2300 manifestabuntur
1659 2274 1686 2301 in

905 2319 1042 2347 horrendo
1060 2321 1086 2346 et
1116 2318 1216 2345 illustri
1236 2317 1282 2344 Dei
1299 2317 1427 2350 adventu,
1449 2324 1520 2349 cum,
1537 2323 1687 2346 convocato

905 2368 1092 2392 creaturarum
1114 2362 1237 2389 omnium
1259 2365 1342 2394 cmtu,
1362 2361 1490 2388 omnibus
1507 2361 1688 2398 undequaque

906 2411 1038 2440 collectis,
1058 2409 1175 2445 quisque
1196 2415 1246 2444 pro
1276 2407 1383 2435 meritis
1415 2408 1472 2435 suis
1510 2408 1635 2442 accipiet,
1655 2416 1687 2435 ac

907 2462 966 2482 sors
983 2454 1116 2489 cujusque
1135 2453 1286 2489 apparebit,
1299 2458 1325 2480 et
1343 2452 1472 2480 videbunt
1488 2460 1550 2480 vere
1567 2460 1686 2480 vermcm

906 2504 1080 2537 peccatorum
1090 2499 1281 2532 immortalem,
1293 2499 1435 2534 ignemque
1451 2506 1544 2526 eorum
1557 2499 1688 2526 inexstin-

905 2546 1052 2581 guibilem;
1085 2545 1137 2572 hoc
1163 2547 1216 2576 est,
1244 2543 1375 2580 judicium
1405 2543 1599 2577 conscientiae,
1629 2551 1688 2579 qua:

907 2590 980 2616 velut
994 2588 1094 2616 vermis
1110 2588 1273 2616 immortalis
1290 2589 1317 2616 in
1328 2596 1424 2616 eorum
1441 2589 1532 2617 animo
1549 2593 1688 2623 vertetur;

907 2639 934 2662 et
942 2634 1055 2662 torrebit
1070 2634 1152 2661 etiam
1165 2642 1213 2664 eos
1227 2635 1296 2670 ignis
1306 2643 1339 2662 ex
1350 2635 1417 2670 ipsis
1425 2636 1543 2668 elicitus,
1559 2640 1587 2664 et
1602 2636 1690 2664 omni—

907 2681 959 2709 bus
986 2680 1190 2716 conspicientur
1222 2680 1267 2716 qui
1298 2680 1442 2710 Dominum
1468 2684 1690 2719 conditoremque

908 2735 987 2755 suum
1004 2730 1166 2763 agnoscunt.
1268 2727 1271 2730 ‘
