1919 3075
176 136 187 165 1
193 137 244 164 $65

752 139 925 168 THEODOBI
938 140 1197 168 HERACLEENSIS

1738 137 1804 166 136‘

173 194 315 222 intendere
338 195 493 222 studebant.
523 195 658 224 ldolorum
685 197 826 230 fautores,
855 199 949 234 quibus

1010 199 1072 230 τοὺς
1091 198 1137 224 τοῦ
1163 198 1266 224 δικαίου
1299 197 1515 233 ἐπιμελομένους
1531 197 1578 223 καὶ
1605 196 1665 231 Θεῷ
1686 204 1806 226 προσαν-

173 248 273 276 pueros
293 248 373 275 super
401 247 505 268 montes
520 247 547 269 et
570 247 660 277 petras
680 243 838 271 deferebant
859 245 956 271 immo-

172 286 280 318 landos,
297 286 344 314 Dei
362 287 507 314 vindictam
523 289 657 316 vitaturus
673 291 822 324 sperabant

209 422 289 450 Vens.
308 422 351 449 l5.
368 421 472 454 Quibus
487 421 644 449 nominibus
658 422 773 458 benigne
786 423 857 450 Deus
872 423 956 458 signi-

171 469 234 496 ﬁcat
252 476 281 496 se
295 476 355 495 esse
373 467 535 497 Excelsum:
553 467 603 502 ipsi
618 468 689 494 enim
712 472 843 503 quantum
867 469 895 496 in
916 469 956 497 eis

171 517 230 541 erat
241 534 248 544 ,
268 513 349 540 Deum
365 513 494 539 humilem
510 512 671 545 effecerant,
688 513 768 541 idolis
783 515 957 541 consentien-

169 560 216 588 do.
233 558 386 587 Praesertim
399 566 463 585 vero
476 563 598 586 sanctum
612 567 640 586 se
652 567 712 586 esse
724 559 879 592 contendit,
893 568 955 587 cum

169 605 208 633 illi
223 613 322 632 nomen
336 606 395 639 ejus
411 604 502 639 pravis
523 604 733 639 cngitationibus
753 609 780 631 et
804 605 956 633 inhonestis

168 651 300 685 operibus
328 650 512 686 profanarent.
536 649 590 684 Ego
611 658 675 677 vero
697 655 809 677 sanctus
831 659 907 683 sum,
930 656 956 678 et

169 697 272 724 sanctis
287 687 455 731 congaudeo,
469 701 496 723 et
513 700 622 723 sanctos
636 696 758 723 homines
771 696 868 729 efﬁcio,
884 697 956 724 vires

169 750 263 770 eorum
277 743 417 777 augendo,
431 746 458 770 et
470 746 576 769 mentes
589 743 718 777 erigendo
734 742 766 769 ad
781 743 953 775 sublimiora,

169 789 316 819 dummodo
331 796 361 816 se
375 796 426 823 ope
439 796 499 815 mea
514 788 611 823 dignos
627 789 757 823 pmbcre,
771 794 796 816 et
809 789 955 816 contritam

167 834 392 870 humiliatamque
405 834 569 861 voluntatem
579 838 708 870 praestare
718 835 876 867 videantur;
891 842 953 861 nam

167 881 267 911 talibus
281 888 330 916 ego
344 880 427 907 vitam
442 885 570 907 alternam
586 880 696 915 largior.

205 970 285 998 Vsus.
308 971 352 1005 ιϐ,
373 971 475 999 Ulcisci
497 978 529 998 eo
553 979 636 998 sensu
657 970 730 998 Deus
749 970 860 1002 dicitur,
881 969 953 1004 quod

166 1021 326 1052 peccatores
341 1017 402 1044 ideo
417 1018 497 1045 malis
511 1016 610 1044 afliciat
620 1038 627 1049 ,
642 1021 672 1044 ut
688 1024 717 1044 se
730 1017 846 1052 quisque
857 1016 891 1043 ad
906 1017 954 1043 bo-

164 1071 228 1090 nam
247 1063 351 1099 frugem
370 1064 502 1098 recipiat;
523 1063 595 1098 quod
617 1063 681 1091 facit
693 1063 782 1095 Deus,
797 1063 953 1090 misericor-

164 1109 208 1136 dia
225 1110 303 1137 nobis
319 1117 445 1144 parcens.

200 1154 282 1183 Vens.
305 1156 348 1191 ΓΖ.
370 1156 398 1183 In
413 1157 480 1191 ipsis
493 1157 573 1184 etiam
587 1156 674 1191 poenis
686 1156 839 1191 repetendis
849 1155 953 1183 miseri-

164 1201 284 1228 cordiam
300 1210 377 1230 suam
391 1202 513 1230 declarat
528 1202 614 1236 Deus,
631 1202 695 1229 dum
709 1202 792 1229 multa
807 1205 951 1236 peccantes

163 1248 259 1283 paucis
274 1248 377 1284 afﬂigit.

198 1294 261 1329 Cir.
279 1294 378 1328 LVIII,
395 1293 478 1322 Vens.
492 1295 517 1322 1.
534 1294 598 1322 Rem
613 1294 708 1322 leviter
721 1294 950 1331 perpendentibus

163 1340 250 1368 latori
271 1342 399 1369 videntur
418 1341 493 1376 impii
514 1342 542 1368 in
564 1341 751 1377 voluptatibus
771 1342 850 1376 suis;
873 1346 900 1369 at
923 1343 949 1369 in

162 1388 221 1415 dies
243 1387 277 1414 ad
294 1387 440 1422 perniciem
458 1388 570 1422 propius
584 1387 761 1419 accedentes,
777 1395 841 1415 vera
857 1388 950 1415 laztitia

162 1437 276 1466 carent;
292 1440 346 1459 non
364 1432 436 1460 enim
452 1426 494 1460 est
510 1433 562 1460 alia
577 1433 669 1461 laetitia
688 1437 785 1467 praeter
798 1441 857 1460 eam
869 1454 876 1466 ,
890 1441 950 1468 qua:

162 1487 212 1519 per
227 1478 334 1506 labores
353 1483 380 1505 et
398 1478 587 1506 tribulationes
600 1479 683 1506 vitam
698 1482 827 1511 aternam
853 1486 950 1514 opera-

161 1529 217 1554 tur.
234 1525 305 1552 Iusti
321 1529 409 1552 autem
425 1533 488 1553 vera
501 1526 593 1553 laetitia
608 1526 767 1560 replentur;
785 1526 885 1561 quippe
901 1526 947 1560 qui
962 1544 984 1575 ο

161 1579 243 1606 opere
265 1579 296 1598 ea
317 1572 461 1606 perficiunt
474 1579 534 1607 quae
548 1572 709 1608 intendunt,
724 1577 751 1600 et
767 1572 827 1600 ideo
841 1572 948 1608 placida

162 1622 253 1645 mente
268 1616 397 1644 fruuntur
411 1624 443 1644 ac
457 1617 614 1653 tranquilla.

198 1706 280 1734 Veas.
296 1706 323 1733 9.
339 1706 404 1739 Quze
415 1706 523 1741 quidem
539 1707 695 1734 hominibus
708 1707 860 1742 peragenda
873 1710 946 1740 sunt,

161 1753 245 1780 vitam
261 1760 338 1780 suam
355 1757 381 1780 et
397 1761 487 1780 mores
503 1761 568 1780 suos
584 1758 656 1780 recte
671 1753 880 1780 instruentibus.

196 1798 260 1826 CAP.
281 1797 354 1831 LIX,
377 1798 458 1826 Vens.
475 1799 500 1826 5.
521 1799 653 1834 Pleraque
673 1799 866 1831 consiliorum,
887 1807 948 1835 qua:

161 1845 251 1873 verbis
271 1845 356 1872 locuti
382 1849 462 1878 sunt,
489 1849 519 1873 ut
541 1854 592 1873 ova
613 1845 737 1880 aspidum
752 1846 873 1873 nondum
889 1854 947 1872 ma-

159 1894 222 1917 tura
233 1912 243 1927 ._
258 1895 305 1918 aut
320 1891 371 1918 tela
387 1899 492 1925 araneae
507 1899 567 1926 quae
589 1892 691 1919 nullius
712 1900 780 1920 usus
804 1897 863 1924 est,
885 1893 946 1927 plus

159 1936 250 1963 damni
264 1936 379 1964 afferunt
391 1945 473 1972 quam
488 1937 622 1965 utilitatis.
637 1937 715 1970 Quod
732 1938 755 1966 si
771 1942 861 1965 autem
877 1938 947 1966 forte

159 1989 190 2008 ea
201 2002 208 2013 ,
225 1982 299 2009 velut
315 1982 371 2009 fota
382 2002 389 2013 ,
406 1990 487 2016 opere
501 1979 660 2018 perficient,
679 1991 770 2012 nonne
784 1985 882 2012 merito
899 1993 946 2013 eos

159 2034 221 2056 cum
237 2027 395 2062 hominibus
409 2027 566 2058 conferres,
582 2036 663 2055 ovum
677 2029 780 2063 aspidis
795 2029 946 2064 frangenti-

158 2073 226 2104 bus.
241 2080 268 2099 et
282 2072 309 2099 in
324 2081 357 2100 eo
372 2073 496 2107 regulum
520 2074 742 2108 reperienlibus?
765 2074 816 2108 Qui
840 2075 947 2103 sciliCet

159 2115 256 2150 anguis
272 2120 314 2143 est
329 2120 479 2145 venenatus
494 2120 521 2144 et
535 2117 702 2149 mortiferus.

1011 243 1137 278 ἔχοντας’
1161 242 1278 274 εἰδώλοις
1303 242 1358 278 γὰρ
1372 241 1595 277 προσκυνοῦντες,
1626 241 1674 267 καὶ
1696 240 1803 267 τούτοις

1011 285 1194 320 προσάγοντες
1223 285 1257 312 τὰ
1282 286 1385 312 ἑαυτῶν
1407 285 1491 312 τέκνα
1513 285 1553 315 εἰς
1581 285 1688 319 σφαγὴν
1705 284 1752 310 ἐπί
1770 292 1802 310 τε

1007 331 1061 357 τῶν
1073 332 1159 366 ὁρέων
1173 332 1219 358 καὶ
1235 332 1288 358 τῶν
1306 331 1422 368 πετρῶν,
1443 331 1492 366 τὴν
1505 331 1552 358 τοῦ
1569 330 1636 357 Θεοῦ
1650 330 1728 365 δίκην
1741 330 1802 356 δια⁴

1009 376 1120 410 φεύγειν
1138 377 1335 412 ὑπελάμϐανον.

1043 421 1092 448 Διὰ
1104 422 1206 448 τούτων
1223 422 1290 449 ὅλων
1306 422 1360 449 τῶν
1374 423 1514 457 ὀνομάτων
1531 423 1547 460 η
1564 421 1612 449 τοῦ
1628 421 1696 448 Θεοῦ
1713 422 1798 456 εὐμέ-

1007 477 1065 494 νεια
1078 468 1214 503 δηλοῦται,
1230 470 1270 495 ὃτι
1286 478 1315 496 τε
1333 469 1443 504 ὕψιστος
1457 470 1529 496 ἐστιν
1541 477 1548 484 ·
1561 470 1585 495 εἰ
1595 469 1651 500 καὶ,
1664 469 1726 495 ὅσον
1744 466 1797 504 ἧκε

1006 513 1036 539 τὸ
1059 513 1148 539 αὐτῶν
1163 513 1254 549 μέρος,
1279 514 1404 541 ταπεινὸν
1412 515 1588 549 πεποιήκασι,
1605 513 1797 548 συγκρίνοντες

1007 559 1125 591 εἰδώλοις
1148 568 1177 586 τε
1203 560 1248 585 καὶ
1279 559 1418 594 δαίμοσιν
1436 560 1466 586 οὐ
1488 559 1540 594 μὴν
1561 558 1628 585 ἀλλὰ
1645 559 1692 584 καὶ
1704 558 1793 592 ᾶγιος,

1006 605 1108 632 τούτων
1126 605 1309 641 βεϐηλούντων
1328 605 1359 631 τὸ
1375 605 1456 632 αὑτοῦ
1473 605 1557 640 ὄνομα
1569 607 1665 636 κακαῖς
1676 604 1796 640 ἐνθυμή-

1008 660 1066 678 σεσι
1081 651 1127 678 καὶ
1143 652 1272 687 πράξεσιν
1284 652 1314 678 οὐ
1332 651 1442 684 καλαῖςο
1456 651 1512 678 ἀλλ’
1526 652 1601 686 ὅμως
1620 651 1701 683 αὐτὸς
1717 652 1796 685 am;

1007 696 1044 723 ὢν
1057 698 1103 724 καὶ
1115 697 1203 731 ἁγίοις
1217 697 1331 733 χαίρων,
1348 697 1489 730 κάκείνους
1510 697 1640 731 ἁγιάζων,
1656 699 1794 733 ὲπιρῤων-

1007 742 1053 773 νὺς
1068 742 1157 769 αὐτῶν
1169 743 1217 779 τὴν
1231 742 1345 778 δύναμιν
1357 763 1364 775 ,
1382 744 1429 770 καὶ
1448 743 1561 779 ἐγείρων
1576 743 1666 770 αὐτῶν
1682 744 1715 770 τὰ
1729 753 1795 780 opm

1006 788 1125 822 νήματα,
1153 788 1231 822 μόνον
1261 789 1284 814 εί
1310 788 1458 824 φανείησαν
1488 789 1600 820 ἑαυτοὺς
1626 789 1794 824 παρέχοντες

1006 835 1107 867 ἀξίους,
1118 835 1164 862 καὶ
1176 835 1226 871 τὴν
1242 835 1344 862 ἑαυτῶν
1359 836 1466 870 θέλησιν
1473 835 1624 867 δεικνύντες
1636 844 1795 871 συντετριμ-

969 876 991 903 Β
1006 881 1089 916 μένην
1102 881 1149 907 καὶ
1171 882 1408 917 τεταπεινωμένην
1419 890 1426 897 ·
1446 882 1493 908 καὶ
1511 881 1566 916 γὰρ
1582 882 1629 907 καὶ
1643 880 1716 916 ζωὴν
1729 881 1795 908 αἱὼ-

1004 933 1060 951 νιον
1070 926 1126 956 τοῖς
1137 925 1267 957 τοιούτοις
1281 927 1436 961 χορηγήσω,

1048 972 1170 998 Ἑκδικία
1187 972 1214 998 δὲ
1225 973 1272 999 καὶ
1285 974 1343 999 κατ’
1360 972 1438 999 ἄλλον
1454 972 1554 1008 τρόπον
1567 972 1688 1006 λέγεται,
1699 972 1732 998 τὸ
1747 976 1794 999 τοι)

1003 1019 1193 1054 ἁμαρτάνοντα
1206 1019 1389 1055 παραδοθῆναι
1405 1018 1574 1053 σκυθρωποῖς
1588 1019 1655 1054 πρὸς
1667 1018 1698 1044 τὸ
1709 1018 1794 1045 αὐτόν

1002 1072 1062 1090 τινα
1086 1064 1151 1099 παρ’
1175 1063 1272 1090 ἑαυτοῦ
1301 1063 1493 1098 παιδευθῆναι·
1514 1063 1601 1090 ταῦτα
1620 1063 1694 1089 ποιεί
1714 1062 1793 1094 Θεὸς,

1003 1108 1190 1145 φιλανθρωπίᾳ
1205 1109 1361 1144 φειδόμενος
1376 1105 1422 1135 τοῦ
1440 1109 1573 1144 ἡμετέρου
1589 1109 1694 1142 γένους.

1036 1153 1091 1190 Τὴν
1123 1155 1328 1190 φιλανθρωπίαν
1345 1155 1442 1181 ἑαυτοῦ
1461 1155 1475 1181 ὁ
1493 1155 1561 1187 Θεὸς
1572 1155 1619 1182 καὶ
1632 1156 1661 1181 εν
1675 1156 1737 1186 ταῖς
1753 1163 1795 1181 τι-

1004 1201 1120 1236 μωρίαις
1134 1201 1309 1231 ἐνδείκνυται,
1319 1201 1335 1235 ἠ
1340 1200 1398 1236 μῶν
1410 1201 1458 1235 μὲν
1467 1200 1551 1227 πολλά
1565 1201 1792 1236 ἁμαρτανόντων,

1001 1246 1083 1273 αὑτοῦ
1093 1247 1120 1273 δὲ
1136 1246 1214 1280 ὀλίγα
1228 1247 1410 1278 παιδεύοντος.

1034 1291 1093 1318 Κᾶν
1117 1292 1172 1328 γὰρ
1197 1293 1221 1318 οἱ
1244 1292 1352 1324 ἀσεϐεῖς
1368 1293 1407 1327 τῷ
1423 1292 1511 1318 δοκεῖν
1527 1292 1625 1319 δοκῶσι
1640 1292 1746 1328 χαίρειν
1761 1293 1792 1319 ἐν

999 1340 1060 1370 ταῖς
1086 1338 1189 1365 ἑαυτῶν
1217 1339 1324 1374 ἡδοναῖς
1349 1338 1520 1374 τρεφόμενοι,
1545 1339 1613 1366 ἀλλά
1644 1338 1721 1373 γ“οὕν
1751 1340 1793 1371 είς

1000 1384 1136 1416 ἀπωλείας
1164 1384 1240 1416 τέλος
1262 1385 1503 1420 καταστρέφοντες,
1533 1385 1563 1411 οὐ
1585 1385 1634 1420 τὴν
1660 1385 1793 1421 ἀληθινήν

999 1429 1086 1465 χαρὰν
1117 1430 1258 1465 χαίρουσι·
1276 1430 1342 1465 μόνη
1370 1430 1423 1465 γὰρ
1451 1430 1555 1464 κυρίως
1570 1429 1602 1456 ἂν
1623 1431 1665 1464 εῖη
1686 1429 1791 1465 χαρὰὴ

1000 1476 1031 1501 ὲκ
1048 1476 1177 1510 καμάτων
1203 1484 1232 1502 τε
1258 1476 1305 1502 καὶ
1325 1475 1441 1510 θλίψεων
1454 1475 1526 1510 ζωὴν
1539 1475 1646 1502 αἰώνιον
1659 1484 1793 1511 πραγμα-

999 1521 1141 1557 τευομένη.
1161 1521 1240 1548 Ἀλλὰ
1258 1522 1304 1548 καὶ
1317 1523 1404 1558 χαρᾶς
1418 1521 1467 1556 τῆς
1479 1521 1608 1557 ἀληθινῆς
1619 1521 1792 1556 πληροῦνται

999 1567 1023 1592 οἱ
1044 1566 1311 1602 δικαιοπραγοῦντες,
1325 1568 1364 1598 εὶς
1380 1567 1459 1601 ἔργον
1478 1567 1570 1598 αὐτοῖς
1583 1566 1793 1602 προχωροῦντος

997 1612 1044 1639 τοῦ
1058 1613 1170 1645 σκοποῦ,
1189 1613 1237 1640 καὶ
1251 1614 1388 1650 ἁταράχου
1410 1614 1543 1650 μενούσης
1565 1614 1613 1649 τῆς
1627 1614 1727 1650 ψυχῆς,
1742 1614 1791 1641 καὶ

997 1658 1211 1695 γαληνιαζούσης
1227 1660 1255 1686 ἐν
1271 1661 1364 1695 ἑαυτῇ.

1032 1705 1087 1731 Καὶ
1099 1705 1186 1732 ταῦτα
1213 1705 1398 1741 ρυθμιζόντων
1411 1706 1510 1737 αὐτοὺς
1535 1707 1575 1738 είς
1592 1706 1648 1741 βίον
1672 1706 1720 1732 τὸν
1746 1707 1793 1732 ὲν-

998 1750 1104 1786 άρετον,
1119 1752 1165 1778 καὶ
1179 1752 1288 1786 τρόπων
1302 1752 1437 1788 εὐθύτητα
1453 1753 1605 1787 ὑφηγεῖται.

1033 1797 1073 1822 Τὰ
1086 1797 1138 1833 γὰρ
1155 1797 1268 1824 πλεῖστα
1282 1798 1335 1825 τῶν
1345 1798 1560 1834 ἐπιθυμημάτων
1571 1798 1660 1825 αὐτῶν
1674 1795 1713 1825 ὧν
1726 1806 1791 1824 συν-

997 1841 1122 1875 ελέξαντο
1145 1842 1239 1878 ὥσπερ
1263 1844 1305 1870 duit
1325 1844 1445 1872 ἀσπίδων
1457 1845 1670 1880 ἁτελεσφόρητα,
1687 1845 1735 1870 καὶ
1750 1843 1791 1875 ὡς

999 1888 1072 1919 ἱστὸς
1083 1888 1206 1924 ἀράχνης
1225 1890 1264 1921 είς
1282 1889 1357 1916 οὐδὲν
1371 1890 1503 1917 συντελῶν
1518 1886 1603 1925 μένει,
1621 1890 1723 1925 βλάδην
1737 1891 1790 1917 αὑ-

997 1929 1052 1964 ’ξοῖς
1067 1933 1165 1968 μᾶλλον
1180 1934 1251 1969 ἢπερ
1264 1934 1399 1969 ὠφέλειαν
1416 1935 1532 1971 φέροντα
1547 1945 1554 1950 ·
1571 1935 1595 1962 εἱ
1611 1935 1639 1962 δὲ
1656 1935 1704 1961 καὶ
1719 1944 1790 1968 συμ-

997 1978 1061 2014 ϐαίη
1074 1980 1177 2011 ταύτας
1188 1979 1237 2012 τὰς
1261 1980 1365 2012 ἑννοίας
1386 1980 1478 2017 ὥσπερ
1489 1981 1734 2016 διαθερμανθείσας
1746 1982 1788 2013 εις

997 2025 1110 2060 πράξεις
1122 2026 1267 2062 προκόψαι,
1283 2027 1333 2053 οὐκ
1349 2027 1437 2054 ἔοικεν
1453 2028 1567 2058 ἐκείνοις
1586 2029 1644 2059 τοῖς
1663 2027 1782 2054 κλάσασι

998 2071 1048 2106 μὲν
1071 2071 1124 2098 ὠὸν
1153 2072 1275 2107 ἀσπίδος²
1293 2073 1449 2108 βασιλίσκον
1473 2073 1502 2100 δὲ
1515 2074 1544 2099 ὲν
1559 2073 1650 2105 αὐτοῖς
1666 2074 1725 2108 (12)
1740 2074 1787 2100 εὖ·

997 2116 1088 2151 ροῠσι;
1106 2117 1151 2143 καὶ
1177 2117 1242 2143 αὑτό
1266 2118 1324 2144 ἐστι
1350 2118 1451 2145 ἰοϐόλον
1468 2119 1514 2145 καὶ
1532 2119 1721 2155 θανατηφόρον
1741 2119 1788 2154 ἑρ-

997 2163 1087 2188 πετόν.

196 2204 277 2233 Vens.
299 2206 341 2233 10.
363 2206 428 2239 Quae
444 2206 495 2234 hoc
512 2214 595 2234 sensu
613 2208 729 2243 accipies
744 2218 750 2235 :
768 2209 944 2244 quemadmo-

1035 2208 1090 2234 Καὶ
1112 2208 1192 2235 τοῦτο
1216 2208 1244 2235 δὲ
1269 2210 1429 2245 σκοτιητέον,
1445 2211 1495 2242 ὅτι,
1521 2211 1616 2245 ὥσπερ
1638 2210 1788 2246 ὀφθαλμῶν

157 2249 222 2276 dum
238 2250 305 2278 nihil
318 2258 412 2278 eorum
429 2259 489 2286 qua:
503 2253 686 2280 obversantur
700 2261 812 2282 cernere
826 2256 942 2289 poterit,

158 2295 203 2330 qui
220 2296 306 2324 oculis
321 2297 384 2324 licet
400 2297 530 2332 praeditus
547 2298 607 2325 luce
622 2303 714 2331 caret,
732 2304 778 2326 aut
793 2301 839 2334 qui
855 2301 944 2328 lucem

158 2341 288 2376 adeptus,
303 2343 390 2369 oculis
406 2343 575 2377 destituitur,
601 2344 637 2371 ita
661 2352 772 2372 necesse
795 2350 837 2373 est
851 2350 881 2373 ut
898 2347 944 2381 qui

157 2392 248 2414 mente
262 2387 365 2422 aliquid
377 2389 521 2423 complecti
537 2390 653 2417 voluerit
665 2411 672 2422 ,
689 2391 812 2418 doctrina
825 2392 944 2421 illustre-

156 2436 201 2458 :ur
216 2439 250 2459 ex
262 2431 364 2460 divinis
379 2432 529 2468 Scripturis
543 2433 697 2469 desumpta.

193 2476 276 2504 Vens.
299 2477 342 2506 11.
363 2477 468 2506 Tantus
489 2480 540 2507 crit
560 2480 600 2508 eis
617 2481 733 2516 gemitus
758 2486 785 2510 et
807 2482 942 2515 ululatus.

156 2528 276 2558 quantus
293 2531 358 2552 urso
372 2525 478 2552 catulos
501 2526 618 2554 amissos
642 2526 764 2561 lugenti;
790 2532 838 2555 aut
861 2529 942 2556 etiam

156 2575 276 2604 quantus
291 2571 425 2599 columba:
438 2580 499 2606 qua:
512 2576 610 2600 natura
625 2574 755 2602 continuo
769 2574 871 2602 fremit.

193 2657 275 2686 Vens.
294 2660 338 2687 i7.
355 2660 475 2688 Salutem
486 2681 493 2692 ,
508 2669 589 2696 quam
603 2668 699 2697 poenas
712 2664 808 2690 dantes
823 2670 871 2698 per
884 2671 942 2698 pa;-

157 2703 297 2736 nitentiam
319 2710 346 2733 et
366 2707 535 2734 docilitatem
559 2708 683 2736 homines
705 2709 755 2737 sibi
782 2713 940 2744 operantur,

157 2749 296 2784 pisciperc
307 2750 374 2778 dicit
383 2750 467 2779 Deum
480 2772 486 2784 ,
499 2757 525 2780 et
536 2753 610 2781 velut
623 2753 813 2782 indumentum
823 2775 831 2790 ,
847 2763 940 2783 eorum

191 2835 247 2878 ιω
262 2835 353 2870 Potius
368 2838 452 2880 αὐτῷ,

996 2253 1090 2286 δντων,
1119 2255 1142 2289 εί
1169 2255 1207 2291 μὴ
1220 2257 1319 2292 παρείη
1336 2256 1403 2291 φῶς,
1420 2257 1466 2283 καὶ
1488 2257 1577 2291 φωτὸς
1601 2257 1688 2288 ὄντος,
1708 2258 1731 2283 εὶ
1749 2258 1788 2293 μὴ

995 2297 1060 2326 ὦσιν
1071 2301 1203 2336 ὀφθαλμοὶ
1221 2302 1375 2336 βλέποντες,
1399 2303 1529 2330 ἀδύνατόν
1545 2305 1603 2329 ὲστι
1621 2303 1655 2330 τὰ
1673 2304 1787 2330 ὑποκεί-

997 2355 1064 2381 μενα
1078 2347 1197 2382 καθορᾷν
1208 2356 1214 2363 ·
1235 2347 1321 2380 οὕτως
1336 2348 1442 2384 ἀνάγκη
1463 2349 1508 2375 καὶ
1524 2349 1568 2375 τὸν
1582 2348 1746 2384 βουλόμενόν
1759 2357 1786 2374 τι

994 2392 1156 2420 διανοεῖσθαι
1172 2394 1245 2425 νοῦν,
1261 2395 1298 2430 μὴ
1307 2395 1339 2421 ὲκ
1351 2395 1405 2422 τῶν
1414 2395 1493 2423 θείων
1505 2395 1620 2433 Γραφῶν
1633 2395 1785 2430 ἀρυόμενον

996 2439 1100 2474 σοφίαν,
1115 2440 1284 2476 διαμαρτεῖν.

1030 2485 1161 2517 Τοσοῦτος
1185 2486 1212 2512 δὲ
1233 2485 1307 2513 ἔσται
1324 2488 1338 2513 ὸ
1352 2487 1501 2522 στεναγμὸς
1517 2488 1564 2514 καὶ
1581 2488 1597 2522 ἡ
1616 2487 1682 2522 παρ’
1695 2486 1786 2514 αὐτῶν

994 2531 1112 2566 οἰμωγὴ,
1129 2531 1195 2567 ὅσην
1213 2532 1313 2568 ἄρκτος
1325 2533 1481 2560 ἀπολέσασα
1491 2534 1524 2560 τά
1536 2534 1636 2568 ἑαυτῆς
1648 2534 1733 2560 τέκνα
1745 2534 1785 2559 ol-

995 2577 1093 2612 μώξει’
1110 2578 1139 2603 οὐ
1158 2577 1212 2613 μὴν
1234 2578 1302 2605 ἀλλὰ
1316 2579 1362 2605 καὶ
1379 2579 1525 2616 περιστερά
1539 2579 1722 2612 ἀδιαλείπτως
1733 2587 1786 2613 φυ-

994 2623 1078 2655 σικῶς
1091 2624 1239 2658 βρύχουσα.

1029 2670 1083 2706 Τὴν
1097 2671 1129 2696 ὲκ
1146 2671 1196 2706 τῆς
1218 2672 1361 2707 μετανοίας
1379 2673 1426 2701 καὶ
1441 2673 1572 2705 συνέσεως
1587 2681 1785 2708 πραγματευο-

994 2714 1078 2750 μένην
1096 2715 1232 2750 σωτηρίαν
1249 2718 1305 2748 τοῖς
1327 2717 1541 2752 τιμωρουμένοις
1555 2711 1723 2745 οἰκειοῦσθαι
1739 2718 1784 2746 τὸν

993 2758 1058 2786 Θεὸν
1087 2759 1197 2795 φάσκει,
1228 2761 1275 2787 καὶ
1290 2761 1428 2794 ἐνδύεσθαι
1452 2761 1546 2797 ὥσπερ
1566 2770 1592 2787 τι
1610 2762 1713 2797 ἔνδυμα
1734 2762 1784 2798 τὴν
