1919 3075
107 120 174 148 1565

821 129 853 156 ΙΝ
870 130 994 159 ISAIAM.

1654 140 1721 167 1566

103 177 393 214 τούτωηδικαιοσύνην
405 188 412 194 ·
430 180 459 206 οὐ
476 181 527 216 μὴν
537 182 604 208 ἀλλὰ
619 184 665 209 καὶ
678 183 770 219 ὥσπερ
783 193 808 210 τι
825 185 890 221 κρά-

953 188 1070 215 ustiltam
1088 190 1209 217 induere.
1221 191 1277 218 imo
1292 194 1370 227 quasi
1383 194 1464 222 lorica
1477 201 1502 223 et
1513 203 1586 230 galea
1597 216 1604 228 ,
1617 199 1703 232 mquit
1713 219 1721 232 ,

105 232 152 255 νος
168 224 215 251 καὶ
245 224 357 259 θώρακα
379 227 563 262 περιτίθεσθαι
577 229 675 262 φάσκει
690 230 735 256 τὸν
745 231 820 262 Θεὸν,
839 232 888 264 τὰς

105 269 162 297 τῶν
175 270 325 305 ἀνθρώπων
345 271 642 309 δικαιοπραγματείας·
664 276 697 302 τὰ
719 277 746 303 δὲ
765 277 811 303 ἐπὶ
821 277 887 304 Θεοῦ

106 315 234 351 εἴληπται
258 318 432 353 παραμυθίαν
451 319 566 355 φέροντα
585 322 641 352 τοῖς
657 323 823 357 ἀκροαταῖς·
841 323 889 350 καὶ

106 361 246 396 ἐπεγείρει
279 362 367 389 αὐτῶν
397 364 431 390 τὰ
457 366 636 400 φρονήματα,
666 367 703 399 ὡς
734 368 888 404 δυναμένων

106 407 198 434 αὐτῶν
224 407 270 434 καὶ
286 408 385 444 ἔνδυμα
407 409 474 438 Θεοῦ
487 411 622 445 γενέσθαι,
640 412 812 448 δικαιοσύνην
825 423 887 449 μετ-

108 453 214 480 ιόντων.

146 498 303 534 Προειδέναι
320 501 372 536 χρὴ
388 501 417 528 τὸ
435 499 499 537 ἦθος
515 503 544 529 τὸ
566 503 734 537 δεσποτικὸν,
751 506 789 533 ὅτι
802 506 890 534 πάντα

107 543 141 570 δι’
155 544 310 581 ἀγαθότητα
332 547 474 581 προλέγει·
499 549 546 580 ὼς,
563 549 626 576 ὅταν
645 551 742 585 ἀπειλῇ
760 552 818 586 μὲν,
836 552 888 584 ἵνα,

108 590 275 625 φοῦηθέντες
294 591 329 619 τὰ
346 593 503 628 σκυθρωπὰ,
521 595 732 630 ἐπιστρέψαντες
744 597 790 623 καὶ
808 606 891 632 μετα-

108 635 256 670 νοήσαντες
284 637 460 672 ὰπαλλαγῶσι
484 641 534 675 τῆς
552 642 648 677 πείρας
677 642 731 668 τῶν
745 643 852 669 δεινῶν
873 645 889 679 ἢ

109 680 192 707 πάλιν
208 682 402 716 ἐπαγγέλλεται
418 685 451 711 τὰ
468 686 568 720 ἀγαθὰ,
580 688 623 714 ἵνα
637 689 696 720 ταῖς
716 689 890 723 ἐπαγγελίαις

109 726 253 763 ὲπιῤῥώσῃ
264 728 317 754 τῶν
328 729 592 766 δικαιοπραγούντων
603 732 651 764 τὰς
668 733 765 768 ψυχὰς,
783 733 850 769 πρὸς
863 734 892 760 τὸ

110 771 216 807 μᾶλλον
248 774 355 809 ἔχεσθαι
381 776 429 811 τῆς
452 778 518 813 πρὸς
536 778 580 805 τὸν
600 778 666 805 Θεὸν
681 779 795 811 ἐλπίδος.
823 780 891 806 Ἀλλ’

109 819 172 845 οὐδέ
189 827 238 846 που
267 821 312 847 καὶ
339 822 460 858 ἀνάγκην
473 823 527 857 ἔχει
546 824 611 856 Θεὸς
627 824 746 861 πληροῦν
757 826 858 853 ταῦτα·
875 826 891 862 ἢ

942 233 1157 261 circumdabitur
1169 235 1240 263 Deus
1252 237 1331 265 bonis
1344 238 1484 267 hominum
1499 242 1637 275 operibus.
1656 243 1721 276 Quae

942 277 1049 312 quidem
1063 279 1096 306 de
1113 279 1167 307 Deo
1181 280 1347 316 referuntur,
1360 289 1388 311 ut
1401 285 1542 314 audientes
1552 289 1682 321 excitent,
1696 294 1723 317 et

941 329 1045 351 mentes
1060 333 1153 352 eorum
1169 327 1290 362 erigant,
1316 330 1517 359 recordantium
1537 340 1566 361 se
1586 333 1720 362 iustitiam

941 369 1055 397 colendo
1069 371 1116 398 Dei
1132 372 1318 401 indumentum
1333 383 1411 410 posse
1428 376 1494 404 ﬁeri.

1011 509 1074 536 CAP.
1096 510 1160 544 LX,
1184 511 1263 540 Vens.
1285 513 1310 540 8.
1332 513 1390 542 Prae
1412 516 1497 544 oculis
1519 517 1657 546 habendus
1680 525 1721 547 est

943 553 990 580 Dei
1008 561 1066 581 mos
1081 560 1190 590 propter
1205 557 1399 592 benignitatem
1412 565 1525 588 ventura
1540 563 1720 597 pradicentis.

942 598 1020 626 Nunc
1039 601 1127 628 minas
1143 601 1274 635 intendit,
1302 608 1332 630 ut
1346 604 1413 632 diris
1428 608 1581 640 perterriti,
1599 616 1646 643 per
1664 616 1722 644 po:-

944 646 1087 672 nitentiam
1103 651 1129 674 et
1151 648 1304 676 animorum
1326 652 1531 679 conversionem
1554 653 1721 682 imminentia

944 691 994 718 sibi
1012 692 1082 718 mala
1095 698 1238 727 avertant;
1254 702 1326 721 nunc
1338 701 1426 723 autem
1443 697 1511 724 bona
1527 699 1675 733 promittit,
1691 703 1721 726 ut

941 736 1077 770 justorum
1095 739 1199 767 animos
1220 741 1361 774 promissis
1383 743 1540 776 conﬁrmet,
1564 748 1590 772 ct
1608 745 1723 780 ﬂagran-

944 781 1006 808 tiori
1021 782 1047 808 in
1064 782 1147 810 Deum
1170 785 1260 812 studio
1287 786 1423 813 incendat.
1445 788 1479 814 At
1504 789 1576 816 nulla
1605 799 1721 825 unquam

945 827 1002 862 lege
1016 828 1048 856 ad
1062 829 1120 856 [nec
1133 830 1294 864 perﬁcienda
1310 833 1424 867 cogitur.
1441 833 1508 860 Nam
1522 835 1574 862 illis
1589 838 1723 871 poeniten-

109 864 166 900 γὰρ
183 867 404 901 μετανοησάντων
422 869 507 903 ἀνῆκε
523 869 567 896 τὸν
582 870 677 905 θυμὸν,
697 871 725 906 ἢ,
748 871 784 907 μὴ
798 872 893 907 ὲμμει-

948 873 1010 899 tiam
1025 863 1166 908 agentibus
1177 895 1184 908 ,
1203 875 1270 902 iram
1292 863 1368 910 ponit
1383 885 1389 909 ;
1405 881 1432 904 et
1448 877 1489 904 his
1500 885 1516 904 a
1532 863 1605 906 recta
1619 881 1661 907 via
1676 880 1724 908 de-

111 910 216 938 νάντων
237 913 293 944 τοῖς
316 913 418 946 καλοῖς,
436 914 465 940 οὐ
491 914 625 942 τελειώσει
643 917 676 943 τὰ
693 916 893 951 ἐπαγγελθέντα

110 955 193 987 καλὰ,
207 956 284 991 ἡμῶν
294 959 464 992 παρεχόντων
480 959 528 992 τὰς
541 960 629 992 αίτίας
643 960 681 995 τῷ
695 960 754 996 Θεῷ
766 960 811 987 τοῦ
828 961 895 996 πλη-

110 999 177 1034 ροῦν
191 1000 225 1026 τὰ
239 1002 442 1036 ὲπαγγελθέντα
456 1003 538 1031 κακά.

149 1046 203 1072 Καὶ
215 1047 298 1073 ταῦτα
309 1048 337 1073 δὲ
345 1048 404 1074 καθ’
421 1049 540 1084 ἱστορίαν
551 1049 674 1084 ζητοῦντι
683 1050 785 1077 ἔνεστιν
794 1051 892 1087 εὑρεῖν-

110 1090 192 1117 τοῦτο
206 1092 254 1126 μὲν
271 1092 362 1128 Κύρου
381 1094 618 1129 ἁνοικοδομοῦντος
635 1095 684 1130 τὴν
707 1096 892 1132 Ἰερουσαλὴμ,

110 1136 160 1162 καὶ
181 1139 239 1171 μετ’
253 1138 332 1165 αὐτὸν
351 1139 467 1174 Δαρείου
480 1149 488 1156 ·
506 1141 536 1167 οὺ
556 1142 608 1176 μὴν
623 1141 690 1168 ἀλλὰ
707 1143 753 1169 καὶ
773 1143 894 1175 Ἀλεξάν-

109 1181 175 1216 δρου
189 1182 233 1209 τὸν
254 1184 388 1220 ἱερατικὸν
404 1186 493 1212 στόλον
506 1186 685 1221 θεασαμένου,
702 1187 748 1214 καὶ
762 1188 894 1223 μεταϐαλ-

110 1226 225 1261 λομένου
237 1227 282 1254 τὸν
298 1228 382 1263 θυμὸν
395 1230 434 1261 είς
446 1230 640 1266 προσκύνησιν.

148 1273 236 1309 Ὅπερ
250 1271 293 1308 ἦν,
306 1275 352 1301 καὶ
364 1275 409 1300 ἐπὶ
421 1275 470 1310 τῆς
484 1276 541 1302 νυνὶ
556 1277 747 1308 καταστάσεως
759 1277 812 1304 τῶν
834 1278 894 1304 Ἐκ-

110 1317 230 1353 κλησιῶν
245 1319 369 1353 δηλοῦται
379 1329 386 1336 ·
399 1320 497 1352 πάντες
514 1321 569 1356 γὰρ
587 1322 770 1357 ἁπανταχόθεν
783 1323 893 1354 ταύταις

110 1364 286 1398 προσ-οἴσουσι
300 1365 349 1396 τὰς
362 1366 499 1401 ἀπαρχάς.

154 1408 332 1441 Ἐπισκόπους
357 1410 428 1444 λέγει
444 1412 506 1443 τοὺς
523 1413 737 1445 ἐπιστατοῦντας
751 1414 796 1440 τοῦ
818 1415 892 1447 λαοῦ,

110 1453 160 1485 οὒς
171 1455 218 1481 καὶ
235 1454 405 1491 δικαιοσύνης
423 1457 540 1492 ἐραστὰς
557 1458 663 1493 μέλλειν
684 1459 790 1486 ἔσεσθαι
810 1460 893 1496 προῦ-

110 1497 201 1532 λεγεν.

149 1545 228 1577 Ἔθος
242 1548 298 1578 τοῖς
313 1548 474 1583 προφήταις,
492 1549 728 1586 προαναθεωροῦσι
742 1551 772 1577 τὸ
788 1551 891 1586 μέλλον,

111 1591 160 1616 ἐπὶ
175 1586 222 1626 μὲν
235 1592 288 1618 τῶν
314 1593 482 1628 σκυθρωπῶν
509 1596 634 1622 ἀνιᾶσθαι
653 1597 699 1623 καὶ
718 1596 834 1630 πενθεῖν,
849 1598 894 1623 ἐπὶ

111 1637 140 1663 δὲ
163 1639 196 1673 τῇ
222 1639 275 1665 τῶν
306 1639 415 1674 ἀγαθῶν
443 1640 543 1676 θεωρία
560 1643 592 1677 ἢν
615 1643 833 1677 εὐαγγελίζονται
856 1643 894 1679 τῷ

111 1683 179 1719 λαῷ,
200 1684 249 1712 κᾶν
256 1686 483 1722 ἀναισθητῶσινοί
497 1688 640 1719 ἀκούοντες
659 1689 766 1721 αὐτοὺς,
778 1699 893 1725 προεορ-

111 1731 206 1764 τάξειν
238 1732 286 1759 καὶ
303 1734 496 1768 προεστιᾶσθαι
525 1734 595 1760 κατὰ
617 1734 714 1770 ψυχὴν,
730 1737 832 1770 πεῖσμα
849 1735 893 1770 βέ-

112 1777 189 1804 6αιον
205 1779 389 1813 κεκτημένους
404 1779 453 1814 τῆς
478 1779 530 1806 τῶν
544 1780 701 1815 δειχθέντων
723 1781 847 1816 θεωρίας.
860 1797 894 1803 —-

112 1823 224 1850 Βλέπων
248 1824 337 1850 τοίνυν
368 1826 382 1851 ὁ
411 1826 550 1862 προφήτης
575 1826 643 1862 πρὸς
657 1826 701 1852 τὸν
717 1827 843 1862 Χριστὸν,
857 1828 894 1859 ὡς

113 1868 218 1904 ἔνδυμα
232 1870 314 1895 αὑτοῦ
327 1871 456 1905 ἐγεγόνει”
472 1872 525 1903 πᾶς
542 1871 595 1907 γὰρ
611 1873 624 1898 ὁ
637 1872 812 1907 ἐνδυσάμενος
826 1874 893 1909 Χρι-

114 1914 187 1947 στὸν,
208 1915 314 1950 ἱμάτιον
348 1917 482 1952 σωτηρίας
505 1917 656 1950 ἐνεδύσατο,
677 1918 736 1945 καθ’
752 1918 765 1944 ὃ
787 1920 834 1945 καὶ
845 1919 894 1955 τὴν

114 1961 195 1995 ἁγίαν
216 1961 298 1988 αὑτοῦ
320 1962 482 1998 Ἐκκλησίαν
504 1965 681 1999 κατακοσμεῖ.
696 1964 833 2000 Κάκείνην
846 1964 894 2000 τὴν

114 2006 233 2034 διάθεσιν
259 2007 381 2043 πληρῶν,
407 2010 440 2044 ἣν
467 2009 499 2035 ἂν
520 2009 651 2047 πληρώσῃ
661 2010 802 2042 νεανίσκος
827 2011 895 2046 πρὸς

115 2053 259 2088 παρθένον,
280 2053 372 2089 ἔχαιρε
398 2055 444 2080 καὶ
457 2055 584 2090 εὐωχεῖτο
602 2056 672 2083 κατὰ
686 2056 784 2091 ψυχὴν,
806 2056 843 2088 ὠς
857 2056 895 2092 τῷ

115 2098 225 2133 Χριστῷ
254 2098 350 2131 συνὼν,
375 2100 500 2126 κάκεῖνον
535 2099 716 2136 ἐνδεδυμένος,
738 2102 784 2128 καὶ
796 2102 895 2137 χιτῶνα

115 2144 195 2171 αὑτὸν
208 2143 276 2179 ἔχων
288 2144 465 2180 εὐφροσύνης.

944 917 1131 952 ﬂectentibus,
1148 920 1276 954 praedicta
1289 921 1358 948 bona
1375 929 1428 948 non
1445 922 1559 957 largitur
1573 935 1579 951 ;
1598 925 1649 959 ipsi
1672 933 1723 953 nos

944 967 1070 991 auctores
1088 972 1183 992 smnus
1198 965 1251 992 Deo
1268 968 1447 1001 prmnuntiala
1462 969 1531 995 mala
1549 969 1721 998 immittendi.

922 1072 932 1081 ,λ
979 1051 1060 1080 Vens.
1073 1053 1115 1081 10.
1128 1053 1192 1087 Quae
1204 1063 1238 1082 an
1250 1063 1344 1091 reapse
1355 1058 1473 1091 perfecta
1484 1058 1537 1085 sint
1548 1064 1730 1093 quarrentemﬁ

945 1098 1058 1126 historia
1073 1101 1244 1135 apertissime
1267 1103 1395 1130 docebit:
1418 1104 1534 1139 primunt
1556 1113 1616 1132 cum
1636 1104 1723 1140 Cyrus

943 1150 969 1172 et
985 1150 1046 1180 post
1061 1146 1133 1173 hunc
1148 1147 1244 1176 Darius
1265 1148 1416 1177 Jerusalem
1440 1151 1585 1178 mdilicut‘ct
1599 1160 1605 1182 ;
1627 1150 1724 1179 deinde

944 1191 1024 1217 etiam
1042 1199 1102 1219 cum
1125 1193 1287 1227 Alexander.l
1310 1203 1415 1222 sacram
1441 1204 1565 1231 pompam
1589 1197 1721 1232 miratus,

944 1243 992 1269 pro
1008 1236 1077 1263 irato
1093 1238 1287 1265 amicissimum
1304 1247 1332 1267 se
1347 1240 1486 1275 praeberet.

979 1280 1062 1310 Vens.
1083 1283 1126 1310 l5.
1147 1283 1223 1316 Quod
1239 1285 1301 1311 olim
1316 1286 1421 1318 evenit,
1439 1289 1466 1313 et
1480 1293 1553 1313 nunc.
1568 1294 1675 1321 quoque
1691 1285 1725 1313 de

944 1327 1072 1356 Ecclesiis
1093 1331 1291 1358 constituendis
1313 1332 1405 1365 valet;
1420 1332 1519 1367 quibus
1542 1333 1613 1359 enim
1637 1332 1723 1360 unde-

943 1383 1050 1410 quaque
1064 1381 1156 1411 gentes
1172 1379 1305 1412 primitias
1317 1379 1442 1407 alTerunt.

979 1421 1060 1448 Vens.
1078 1421 1119 1448 17.
1140 1422 1288 1457 Episcopos
1300 1428 1379 1450 vocat
1392 1423 1531 1458 principes
1542 1423 1643 1458 populi,
1658 1429 1726 1457 quos

943 1469 970 1492 ct
981 1465 1092 1500 iustitiae
1107 1466 1285 1494 inservituros
1301 1467 1475 1504 praedicebat.

979 1554 1042 1581 CAP.
1065 1554 1138 1587 LXI,
1161 1554 1241 1583 Vens.
1268 1556 1309 1583 l0.
1331 1555 1387 1584 Mos
1402 1560 1443 1583 est
1459 1556 1598 1590 prOphctis
1613 1559 1724 1583 ventura

945 1600 1188 1635 prospicientibus,
1204 1601 1237 1628 de
1255 1602 1373 1629 miseriis
1391 1601 1497 1637 quidem
1513 1602 1604 1637 lugere
1618 1607 1645 1629 et
1661 1609 1721 1628 con-

944 1647 1063 1678 tristari,
1079 1647 1112 1673 de
1129 1647 1262 1674 bonorum
1285 1652 1374 1675 autem
1398 1647 1642 1683 contemplatione,
1667 1655 1727 1682 qua:

944 1693 1043 1728 populo
1059 1694 1201 1725 nuntiant,
1223 1694 1331 1722 etiamsi
1354 1693 1495 1721 audientes
1512 1693 1591 1721 [idem
1608 1693 1726 1729 denega-

944 1739 1041 1771 verint,
1061 1739 1145 1766 laetari
1160 1743 1186 1765 et
1201 1739 1297 1774 spiritu
1312 1740 1447 1767 exsultare
1457 1759 1464 1772 ,
1481 1743 1583 1766 certam
1597 1739 1727 1767 habentes

944 1785 995 1819 ipsi
1009 1793 1099 1812 rerum
1111 1785 1323 1820 signilicatarum
1335 1786 1471 1813 tidnciam.
1481 1785 1726 1821 -—Prospectatum

944 1831 1027 1867 igitur
1038 1832 1175 1860 Christum
1191 1831 1320 1867 propheta
1332 1852 1338 1864 ,
1355 1837 1383 1859 ut
1395 1833 1586 1861 vestimentum
1597 1852 1604 1862 .
1619 1832 1725 1864 induit;

944 1879 1100 1913 quicunque
1124 1880 1195 1906 cnim
1221 1879 1360 1906 Christum
1395 1878 1536 1910 induerit,
1562 1878 1726 1905 vestimento

945 1922 1040 1949 salutis
1053 1923 1167 1950 vestitus
1181 1927 1238 1955 est,
1253 1931 1306 1958 quo
1326 1923 1406 1950 etiam
1430 1927 1551 1950 sanetam
1577 1930 1653 1950 suam
1676 1922 1727 1949 Ec-

945 1968 1057 1995 clesiam
1081 1973 1206 1996 exornat.
1236 1969 1274 1996 Ae
1299 1969 1394 1996 iisdem
1422 1969 1564 1996 affectibus
1587 1973 1727 2003 permotus

945 2013 1044 2047 quibus
1065 2021 1183 2048 sponstts
1207 2014 1234 2041 in
1260 2022 1388 2049 sponsam
1414 2019 1547 2045 movetur,
1567 2014 1663 2048 spiritu
1683 2014 1727 2040 la:-

946 2063 1018 2086 tatur
1032 2062 1059 2086 ct
1084 2060 1218 2092 exsultat,
1243 2059 1315 2086 haud
1336 2067 1415 2087 sceus
1436 2067 1467 2087 ac
1487 2060 1509 2087 si
1536 2067 1596 2086 cum
1618 2059 1727 2086 Christo

946 2105 1164 2139 conjungeretur,
1177 2104 1459 2140 Christum_induissct
1469 2126 1476 2138 ,
1491 2109 1516 2132 et
1532 2105 1650 2131 tunicam
1665 2111 1728 2131 eum

947 2149 1084 2177 habuisset
1099 2149 1207 2176 lmtitim.

152 2190 220 2222 Τοὺς
235 2191 439 2226 σπερματικοὺς
460 2191 554 2225 λόγους
572 2193 708 2228 σημαίνει,
724 2202 786 2225 τους
803 2194 893 2229 ὥσπερ

984 2195 1068 2223 Vens.
1088 2196 1132 2222 11.
1155 2194 1306 2222 Seminales
1327 2203 1468 2222 sermones
1490 2194 1608 2222 intendit
1630 2194 1728 2221 animis

115 2238 144 2263 ὲν
156 2238 190 2272 γῇ
206 2239 239 2272 τῇ
248 2237 320 2272 ψυχῇ
334 2237 571 2272 ὲναποκειμένους,
581 2240 627 2265 καὶ
634 2239 672 2271 ὡς
683 2240 770 2274 κῆπον
783 2240 897 2272 αὔξοντα

113 2284 150 2309 τὰ
162 2284 190 2309 ὲν
205 2282 278 2318 αὑτῷ
294 2283 447 2318 σπέρματα,
462 2285 508 2310 καὶ
522 2285 571 2310 οὐκ
589 2284 689 2317 ἔξωθεν
707 2286 767 2311 οὐδὲ
782 2286 896 2321 ἀλλαχό-

115 2330 161 2356 θεν
178 2329 374 2365 ὲπεισφέροντα
386 2330 540 2365 σπέρματα,
557 2330 614 2356 ἀλλ’
631 2331 700 2358 ὥστε
718 2332 770 2366 γῆν
785 2332 896 2366 ἔχουσαν

114 2376 194 2409 λόγον
209 2375 255 2401 καὶ
262 2376 434 2404 ὸδοποιοῦσαν
447 2378 486 2409 είς
498 2378 519 2403 Χ
524 2377 613 2412 ριστὸν
623 2385 629 2390 ·
641 2377 734 2412 ὥσπερ
745 2379 774 2403 ὲν
792 2377 896 2412 σώματι

113 2422 248 2456 ὀφθαλμοὶ
268 2423 425 2456 συγγένειαν
443 2422 533 2458 ἔχουσι
550 2423 617 2458 πρὸς
639 2423 668 2449 τὸ
688 2423 755 2457 φῶς,
772 2423 818 2450 καὶ
831 2424 896 2450 ἁνα-

113 2468 252 2500 τείλαντος
279 2468 354 2503 ἡλίου
370 2468 469 2499 εὐθέως
486 2468 515 2495 τὸ
539 2469 666 2503 συγγενὲς
678 2469 796 2505 ὁρῶμεν,
815 2468 895 2502 οὕτω,

114 2514 162 2541 τοῦ
176 2514 299 2550 Σωτῆρος
315 2514 392 2550 ήμῶν
409 2514 619 2549 ἐπιλάμψαντος,
637 2514 685 2550 τὴν
703 2515 897 2550 κεκρυμμένην

115 2562 145 2588 ἐν
155 2563 219 2596 ἡμῖν
232 2562 437 2597 ἐπιτηδειότητα
447 2562 513 2597 πρὸς
520 2562 690 2597 δικαιοσύνην
703 2562 896 2598 ἑκλάμψωμεν,

114 2607 147 2634 τὸ
165 2607 299 2635 σκοτεινὸν
324 2607 486 2642 ἀποθέμενοι
521 2608 571 2642 τῆς
590 2608 677 2643 ψυχῆς
701 2606 776 2643 ἦθος.
806 2608 898 2642 Ἀγαλ-

115 2651 204 2679 λίασιν
222 2653 251 2679 δὲ
270 2653 344 2687 λέγει
363 2651 476 2678 ἐνώπιον
505 2652 558 2679 τῶν
582 2652 665 2679 ἐθνῶν
688 2654 895 2689 ὲξαπλούμενος.

152 2698 204 2725 Τοῦ
220 2699 358 2734 προφήτου
375 2698 444 2725 κατὰ
458 2698 545 2733 ψυχὴν
567 2699 734 2730 ὲστιαθέντος
754 2699 797 2725 διὰ
814 2699 846 2726 τὰ
859 2699 898 2734 τῷ

115 2744 172 2780 λαῷ
192 2745 408 2779 ὲπαγγελθένταυ
437 2745 467 2771 οὐ
493 2744 545 2780 μὴν
562 2744 629 2771 ἀλλὰ
651 2745 696 2771 καὶ
714 2746 815 2772 τούτων
832 2746 898 2780 ἁμε-

114 2791 232 2819 λούντων
253 2791 353 2826 τὴν-είς
367 2792 400 2818 τὰ
414 2791 477 2826 ἔθνη
503 2791 654 2825 φθάνουσαν
675 2792 754 2827 χάριν
781 2801 898 2828 προανα-

118 2838 301 2875 φωνήσαντος,
320 2837 471 2869 ἀκολούθως
488 2837 545 2864 οὐδὲ
564 2838 611 2872 τῆς
627 2837 694 2864 Σιὼν
712 2838 897 2873 ἐπιμελεῖσθαέ

948 2240 1021 2268 velut
1035 2244 1115 2267 terra:
1129 2239 1290 2267 commissos
1304 2247 1312 2271 ;
1327 2244 1353 2266 et
1372 2246 1433 2266 cum
1456 2239 1537 2266 horto
1557 2239 1670 2266 collatos
1686 2246 1729 2266 se-

947 2287 1018 2313 mina
1033 2293 1083 2313 sua
1100 2285 1245 2317 eiierente,
1262 2292 1317 2311 non
1342 2285 1448 2312 exotica
1470 2289 1516 2312 aut
1538 2285 1624 2312 aliena
1648 2283 1728 2311 indu-

947 2336 1045 2365 cente;
1063 2339 1123 2359 cum
1137 2335 1210 2359 terra
1224 2330 1331 2358 ratione
1345 2331 1455 2365 praedita
1471 2334 1497 2358 et
1515 2331 1586 2358 viam
1601 2331 1633 2358 ad
1649 2330 1728 2357 Chri-

947 2383 1018 2406 stum
1043 2377 1230 2413 patefaciente.
1255 2376 1314 2409 Quo
1339 2376 1409 2402 enim
1435 2375 1514 2402 modo
1537 2376 1609 2403 oculi
1634 2376 1728 2403 intima

948 2424 1109 2459 cognatione
1131 2431 1191 2450 cum
1213 2423 1273 2449 luce
1294 2421 1508 2456 conjunguntur,
1524 2425 1552 2448 et
1578 2425 1640 2448 orto
1654 2421 1727 2453 sole,

947 2470 1039 2497 statim
1061 2470 1118 2496 haec
1134 2468 1259 2503 cognatio
1283 2470 1409 2502 apparet.
1432 2467 1467 2493 ita
1489 2467 1658 2494 illuminante
1677 2475 1727 2494 nos

949 2516 1105 2549 Salvatore,
1132 2514 1284 2542 tenebrosis
1305 2513 1401 2540 animae
1419 2513 1541 2540 moribus
1566 2513 1726 2546 illustratis.

949 2562 1101 2597 splendebit
1125 2561 1151 2587 in
1172 2560 1251 2587 nobis
1266 2560 1353 2586 latens
1375 2558 1408 2585 ad
1433 2558 1568 2593 justitiam
1591 2558 1727 2586 habilitas.

949 2607 1163 2634 Exsultationem
1177 2605 1243 2632 dicit
1257 2612 1286 2631 se
1302 2603 1329 2630 in
1344 2606 1490 2636 conspectu
1505 2600 1624 2636 gentium
1640 2602 1729 2628 multi-

948 2654 1118 2688 plicaturum.

983 2700 1047 2726 Car.
1073 2697 1164 2729 LXII,
1178 2697 1259 2724 Vens.
1281 2696 1304 2722 l.
1327 2694 1427 2730 Spiritu
1452 2693 1571 2720 exsultat
1597 2692 1728 2726 propheta

948 2749 1058 2780 propter
1074 2745 1144 2771 bona
1159 2743 1259 2778 populo
1285 2740 1445 2768 denuntiata
1459 2749 1466 2772 ;
1485 2737 1608 2774 praedicit
1635 2738 1727 2772 profe-

949 2797 993 2819 cto
1004 2792 1044 2818 vel
1060 2788 1289 2818 invitislsraelitis
1304 2787 1416 2822 gratiam
1432 2794 1447 2813 a
1462 2785 1514 2813 Deo
1525 2785 1551 2812 in
1563 2787 1658 2820 gentes
1676 2783 1728 2811 dif-

951 2837 1127 2869 lumlendam,
1145 2835 1273 2872 non_ideo
1286 2839 1375 2861 tamen
1388 2833 1454 2860 Sion
1466 2831 1664 2867 negligentiam,
1682 2834 1738 2857 aut.
