1919 3075
202 126 271 153 1367

782 123 955 152 TIIEODOBI
975 121 1233 151 HERACLEENSIS

1757 119 1827 146 I568

202 181 445 216 derelinquendam
476 180 653 214 Jerusalem;
686 187 743 208 nazc
770 185 861 208 autem
886 180 979 208 illumi-

1038 189 1130 216 φησιν,
1146 180 1206 207 οὐδὲ
1229 180 1278 215 τὴν
1309 176 1485 215 Ἰερουσαλὴμ
1510 178 1618 205 ὲακεναι
1645 176 1730 220 λέγειν,
1756 177 1826 204 ἀλλὰ

201 229 292 256 nanda
315 232 374 255 erat
390 228 424 255 ab
439 235 471 255 eo
484 228 603 263 [propter
614 227 707 254 divina
727 227 761 254 de
787 228 845 263 ipsa
859 228 985 260 consilia,

200 280 228 302 et
250 275 321 302 dona
346 274 397 309 ipsi
425 274 531 309 largita.
553 273 658 300 Etenim
685 275 895 309 properantibus
916 281 985 308 apo-

201 319 278 346 stolis
302 318 482 354 Evangelium
503 319 631 354 gentibus
652 319 802 354 praadicare
824 320 907 354 jussit
924 321 986 348 Sal-

200 369 288 397 valor,
298 369 327 392 ut
343 365 375 392 ad
391 372 456 393 oves
474 366 552 400 prius
568 366 648 398 irent,
662 373 722 397 qua:
737 365 877 400 perierunt
889 366 986 394 domus

200 410 285 438 Israel
300 411 333 438 ’⁵.

235 500 318 528 Vens.
333 500 359 527 2.
388 500 490 527 Nomen
507 508 606 527 norum
623 500 724 527 dicitur
740 508 836 527 nomen
853 501 986 529 Christia-

201 555 323 579 norum;
347 547 447 581 saepius
472 546 543 573 idem
573 546 673 573 innuit.
702 545 806 574 Etenim
833 547 985 582 baptizatus

199 594 336 628 baptismo
352 593 461 623 salutis,
485 596 614 619 renovata
641 596 696 620 tota
717 593 804 627 ipsius
816 593 984 628 conditione,

200 647 272 666 novo
296 647 405 674 quoque
424 639 534 666 nomine
551 643 666 666 vocatur
685 639 781 666 ﬁdelis.
809 638 920 668 Judmus
935 648 985 667 no-

200 695 262 714 vum
286 686 353 713 illud
378 694 476 714 nomen
504 686 655 721 impugnat.
687 679 762 714 Dicat
787 687 890 722 igitur,
907 687 985 722 juxta

200 733 275 760 Isaiae
288 733 457 767 prophetiam
470 753 477 764 ,
505 741 605 760 novum
624 741 722 761 nomen
738 734 819 769 quale
835 734 886 761 sibi
902 734 985 762 fuerit

199 779 367 813 impositum.
386 779 419 805 At
434 786 487 805 non
511 779 592 806 habet
609 779 681 814 quod
696 779 808 807 indicet.
826 780 921 807 Restat
935 780 985 815 igi-

198 828 244 850 tur
263 828 293 851 ut
321 832 419 852 nomen
450 825 516 851 illud
539 825 758 853 Christianorum
778 834 877 853 nomen
905 826 949 858 sit,
969 834 983 853 a

197 869 308 898 Christo
324 870 510 905 desumptum,
525 871 597 905 quod
611 871 669 905 ipse
686 871 764 898 nobis
782 871 914 899 Dominus
931 873 983 899 im-

197 916 304 950 posuit,
325 921 418 950 geutes
435 918 545 944 nomine
563 925 613 944 suo
628 918 787 945 nobilitans.

237 961 314 990 Vens.
332 963 357 990 3.
376 962 414 990 Ex
431 964 514 992 variis
530 963 643 991 floribus
672 969 743 992 serta
760 973 861 993 corona
876 969 902 994 et
923 966 982 993 dia-

196 1007 273 1034 dema
291 1009 367 1043 regni
403 1013 504 1036 coetum
531 1011 716 1044 apostolorum
748 1012 909 1047 designant,
933 1013 980 1048 qui

195 1052 378 1081 Ecclesiarum
404 1055 542 1090 principes
563 1056 675 1083 fuerunt
690 1061 716 1084 et
731 1057 811 1085 Simul
827 1065 926 1091 genere
940 1057 980 1085 ls-

195 1099 431 1135 raelitmmuibus
456 1110 556 1129 novum
574 1111 673 1131 nomen
703 1108 764 1139 apte
787 1105 978 1138 conveniebat,

195 1154 257 1172 cum
285 1154 430 1174 commune
445 1155 531 1183 genus
552 1157 614 1176 cum
629 1150 663 1177 iis
679 1149 821 1179 haberent.

230 1191 313 1220 Vsus.
329 1193 355 1220 6.
376 1193 508 1222 Voluntas
523 1201 656 1223 vocantur
683 1198 729 1231 qui
747 1196 794 1224 Dei
811 1198 979 1225 voluntatem

196 1237 317 1272 faciunt;
335 1248 383 1267 vos
412 1244 438 1267 et
461 1241 575 1276 diligere
603 1242 723 1275 dicitur,
753 1243 824 1270 sicut
852 1243 980 1272 habitans

193 1285 301 1318 juvenis
318 1293 379 1312 cum
407 1286 522 1322 virgine.
548 1287 604 1315 Iloc
623 1296 687 1316 vero
715 1297 768 1316 non
790 1295 958 1318 marcentem
972 1311 979 1323 ,

196 1332 242 1358 sed
267 1331 408 1359 florentem
423 1334 608 1361 conditionem
633 1335 794 1370 designans;
812 1344 873 1363 nam
901 1345 981 1373 spon-

195 1386 242 1404 sus
255 1385 382 1412 sponsam
399 1379 604 1407 cohabitatione
622 1383 749 1416 protegit.

230 1422 313 1451 Vens.
332 1423 356 1450 6.
373 1423 537 1452 llodiernam
557 1426 740 1454 Ecelesiarum
757 1430 979 1458 constitutionem

195 1469 409 1505 indicat;p0pulo
420 1474 477 1498 tota
485 1471 529 1498 die
539 1475 565 1500 et
577 1477 631 1499 tota
641 1478 721 1501 nocte
736 1475 863 1503 mandata
878 1476 923 1504 Dei
932 1485 965 1504 cu
973 1492 980 1499 -

194 1516 344 1550 stodiente;
363 1521 419 1545 tota
433 1521 512 1546 nocte
528 1518 688 1547 docentibus
703 1521 869 1556 presbyteris
887 1531 979 1551 veram

194 1563 228 1590 de
243 1562 298 1590 Deo
309 1563 461 1592 doctrinam
470 1584 478 1598 ,
495 1573 526 1592 ac
538 1564 584 1593 Dei
598 1566 693 1595 laudes
703 1572 730 1595 et
742 1570 901 1596 memoriam
912 1571 982 1598 cele-

194 1609 351 1636 brantibus.

228 1655 293 1682 CAP.
306 1654 396 1687 LXIII,
409 1655 493 1683 Vens.
514 1656 538 1684 i.
555 1656 638 1683 Etlom
650 1660 730 1684 vocat
751 1657 820 1686 Iilios
833 1658 914 1693 Esau;
931 1659 982 1688 Bo-

194 1707 242 1728 soz
253 1700 295 1727 vel
312 1700 395 1728 Bosra
413 1701 512 1728 dicitur
528 1709 592 1728 caro
605 1702 671 1737 (15).
685 1702 733 1730 Vir
751 1704 833 1738 igitur
848 1704 900 1732 iste
919 1713 979 1733 cum

195 1746 353 1774 fortitudine
379 1752 406 1774 et
439 1747 568 1775 violentia
606 1749 749 1776 vobiscum
772 1750 849 1784 justo
875 1751 980 1778 calculo

194 1793 321 1827 Iitigabit,
347 1801 443 1828 ρωυιιε
470 1801 483 1820 a
515 1794 593 1822 vobis
623 1800 760 1830 repetens.
782 1795 882 1831 Litigat
908 1797 980 1825 Deus

193 1837 266 1864 enim
281 1845 343 1864 cum
367 1837 536 1870 hominibus,
564 1839 674 1873 quando
691 1845 771 1867 vocat
791 1848 839 1868 eos
854 1841 880 1868 iu
903 1841 979 1876 judi—

194 1883 278 1913 cium.
297 1887 325 1910 ut
350 1883 446 1911 doceat
462 1892 491 1911 se
512 1885 631 1920 legitima
655 1886 775 1913 vindicta
791 1888 842 1920 uti,
865 1895 916 1915 nos
931 1896 980 1915 au-

192 1931 246 1956 tem
264 1929 317 1964 ipsi
341 1934 468 1958 auctores
485 1939 548 1958 esse
571 1931 705 1966 supplicia
721 1932 748 1958 in
768 1940 818 1960 nos
834 1933 977 1961 inferendi.

192 1973 280 2006 Nam,
299 1975 340 2002 vel
365 1976 513 2003 vindictam
531 1977 643 2012 exigens
660 1997 666 2010 ,
697 1978 788 2005 omnia
813 1980 846 2006 ad
863 1981 978 2007 salutem

192 2021 273 2048 nobis
291 2022 490 2056 procurandam
514 2023 599 2055 facit,
617 2028 673 2051 uta
690 2026 811 2060 peccatis
828 2034 978 2059 cessemus,

193 2070 222 2093 at
240 2067 428 2101 paenitentiam
444 2073 557 2103 agentes
581 2070 729 2102 salvemur.
748 2075 796 2098 aut
814 2072 979 2101 mundemur

191 2121 334 2149 poenarum
350 2114 464 2149 judicio.
480 2115 513 2141 Et
525 2116 604 2149 paulo
620 2122 698 2150 post:
715 2118 784 2146 Vere
799 2119 979 2147 admiratione

192 2160 341 2193 stupebunt
353 2161 511 2195 spirituales
522 2163 639 2190 virtutrs
650 2184 657 2195 ,
670 2171 731 2191 cum
747 2164 877 2192 videbunt
892 2166 976 2193 Deum

1000 858 1020 885 I3

995 1537 1016 1565 C

1038 227 1085 254 καὶ
1100 226 1201 261 ταύτην
1216 224 1489 260 καταυγασθήσεσοαι
1509 224 1553 250 ὑπ’
1570 222 1651 250 αὑτοῦ
1666 222 1710 249 διά
1730 231 1760 248 τε
1774 222 1825 256 τὴν

1037 269 1106 306 πρὸς
1121 269 1205 304 αὐτὴν
1224 268 1325 295 ἄνωθεν
1341 267 1432 303 σχέσιν
1445 267 1492 293 καὶ
1511 266 1554 292 διὰ
1574 265 1607 292 τὰ
1622 265 1735 292 δοοέντα
1754 264 1823 300 αὐτῇ

1038 313 1125 349 σεμνά
1135 322 1141 328 ·
1158 313 1204 340 καὶ
1227 312 1280 348 γὰρ
1296 312 1351 338 τῶν
1365 311 1521 338 ἀποστόλων
1541 310 1709 337 σπευδόντων
1725 309 1766 340 εἰς
1790 309 1824 334 τὰ

1037 360 1099 396 ἔθνη
1117 360 1147 386 τὺ
1164 360 1293 394 κήρυγμα
1309 359 1463 392 ἐξαγαγεῖν,
1478 358 1492 384 ὁ
1516 357 1610 392 Σωτὴρ
1629 357 1761 391 πρότερον
1775 356 1824 382 αὑ-

1035 407 1099 437 τοὺς
1121 405 1255 432 ποιεῖσθαι
1276 405 1307 430 τὸ
1328 405 1459 440 κήρυγμα
1480 403 1678 439 παρεκελεύετο
1698 402 1766 438 πρὸς
1789 402 1823 428 τὰ

1036 451 1160 488 πρόϐατα
1177 451 1210 477 τὰ
1225 451 1379 478 ἀπολωλότα
1394 451 1467 477 οἴκου
1489 449 1606 486 Ἰσραήλ.

1073 499 1176 533 ’Ὀνομα
1193 498 1284 524 καινὸν
1305 497 1413 531 λέγεται
1430 497 1460 523 τὸ
1473 495 1551 531 ἡμῶν
1565 495 1618 522 τῶν
1633 494 1820 531 Χριστιανῶν·

1036 544 1177 579 πολλαχῶς
1199 543 1227 570 δὲ
1242 543 1320 570 τοῦτο
1344 545 1458 569 νοεῖται·
1484 542 1532 569 καὶ
1552 542 1606 577 γὰρ
1628 543 1642 568 ὁ
1662 541 1822 576 βαπτισθεὶς

1037 592 1176 627 βάπτισμα
1200 591 1332 626 σωτήριον
1353 590 1436 625 ὄνομα
1468 589 1561 624 ἕτερον
1586 587 1770 623 ὀνομάζεται,
1809 589 1823 614 ὁ

1036 640 1140 670 πιστὸς,
1157 638 1326 665 ἀνακαίνισιν
1341 637 1483 672 δεχόμενος
1497 636 1546 671 τῆς
1558 635 1622 670 ὅλης
1637 634 1722 661 αὑτοῦ
1740 643 1823 661 κατα-

1036 686 1167 716 στάσεως.
1191 684 1261 711 Ἀλλ’
1276 684 1290 710 ὁ
1310 683 1434 713 Ἰουδαῖος
1455 682 1569 717 μάχεται
1595 681 1663 717 πρὸς
1679 680 1710 707 τὺ
1731 680 1822 707 καινὸν

1035 733 1113 759 τοῦτο
1132 733 1216 768 ὄνομα
1227 741 1234 747 ⁸
1260 734 1363 759 εἰπάτω
1381 732 1480 763 τοίνυν,
1504 730 1574 757 κατὰ
1587 729 1699 756 Ἡσαΐου
1715 737 1822 763 προφη-

1034 780 1119 812 τείαν,
1142 779 1227 814 ὄνομα
1244 778 1336 805 καινὸν
1353 777 1477 804 ὲπιτεοὲν
1493 775 1565 811 αὐτῷ
1577 785 1583 791 ·
1611 775 1668 802 ἀλλ’
1694 775 1745 801 οὐκ
1768 775 1821 809 ἕλει

1035 825 1134 857 δεῖξαι·
1156 825 1210 861 ἄρα
1230 825 1318 852 τοίνυν
1342 824 1371 850 τὸ
1394 822 1564 859 Χριστιανῶν
1583 822 1674 853 ἐστιν,
1697 820 1755 847 ἀπὸ
1779 820 1822 846 τοῦ

1035 871 1152 907 Χριστοῦ
1168 871 1378 907 γνωριζόμενον,
1404 870 1418 896 ὃ
1444 871 1458 896 ὁ
1480 869 1581 904 Κύριος
1602 869 1668 903 ἡμῖν
1689 867 1820 898 τέθεικεν,

1034 917 1088 944 ἀπὸ
1102 917 1148 944 τοῦ
1163 917 1262 943 οἰκείου
1279 917 1410 952 ὀνόματος
1424 916 1562 952 σεμνύνων
1574 914 1608 942 τὰ
1622 915 1697 949 ἔθνη.

1076 965 1122 991 Ἐκ
1146 964 1281 999 διαφόρων
1298 963 1386 990 ἀνθῶν
1411 963 1533 995 πλακεὶς,
1549 962 1594 988 καὶ
1607 961 1730 996 διάδημα
1752 959 1816 994 βατι-

1035 1010 1108 1042 λείας
1122 1010 1152 1037 τὸ
1163 1011 1255 1046 τάγμα
1270 1010 1323 1036 τῶν
1338 1009 1494 1036 ἀποστόλων
1509 1008 1646 1044 τυγχάνει,
1664 1007 1690 1033 οἰ
1705 1006 1756 1033 καὶ
1772 1006 1822 1032 τῶν

1041 1057 1206 1093 Ἐκκλησιῶν
1220 1056 1406 1092 προήχθησαν,
1422 1055 1498 1087 ὄντες
1512 1055 1581 1082 κατά
1593 1054 1672 1089 γένος
1691 1053 1822 1088 Ἰσραηλῖ-

1034 1112 1089 1136 ται,
1105 1101 1146 1134 οἷς
1169 1103 1216 1129 καὶ
1230 1103 1334 1138 ἥρμοσε
1357 1101 1388 1128 τὸ
1401 1101 1487 1136 ὄνομα
1510 1100 1540 1127 τὸ
1558 1099 1662 1130 καινὸν,
1680 1098 1822 1125 κοινωνίαν

1034 1150 1124 1184 ἔχουσι
1140 1149 1208 1184 πρὸς
1224 1149 1254 1174 τὸ
1271 1147 1358 1182 γένος.

1068 1194 1179 1230 Θέλημα
1194 1193 1282 1220 τοίνυν
1300 1192 1443 1219 καλοῦνται
1459 1192 1484 1218 οί
1501 1191 1531 1218 τὺ
1546 1190 1652 1226 θέλημα
1674 1189 1764 1216 αὑτοῦ
1779 1197 1823 1214 πε-

1035 1241 1187 1276 ποιηκότες,
1202 1240 1247 1272 οὓς
1267 1240 1312 1266 καὶ
1328 1240 1436 1274 ἀγαπᾷν
1450 1238 1534 1272 λέγει,
1555 1237 1592 1269 ὡς
1611 1236 1748 1271 συνοικῶν
1765 1244 1823 1262 νεα-

1033 1286 1124 1318 νίσκος
1137 1286 1271 1321 παρθένῳ.
1287 1285 1372 1312 Τοῦτο
1385 1285 1412 1311 δὲ
1427 1285 1458 1312 οὐ
1482 1284 1584 1320 φθορὰν
1603 1284 1745 1319 σημαίνει,
1768 1283 1821 1309 ἀλλ’

1033 1333 1208 1368 ἀκμάζουσαν
1222 1333 1329 1367 σχέσιν·
1345 1332 1393 1358 καὶ
1409 1332 1463 1367 γὰρ
1473 1333 1552 1367 τηρεῖ
1565 1331 1593 1357 ὲν
1605 1330 1645 1365 τῷ
1662 1330 1823 1364 συνοικεσίῳ

1032 1379 1081 1414 τὴν
1096 1379 1239 1415 παρθένον.
1449 1402 1454 1410 ,

1068 1425 1123 1460 Τὴν
1136 1425 1194 1452 νυνὶ
1215 1425 1381 1451 κατάστασιν
1405 1423 1458 1449 τῶν
1482 1422 1649 1457 Ἐκκλησιῶν
1676 1421 1821 1456 ἐμφαίνει·

1034 1471 1091 1505 μεθ’
1108 1470 1215 1506 ἡμέραν
1227 1478 1255 1496 τε
1268 1470 1314 1496 καὶ
1326 1469 1433 1504 νύκτωρ
1448 1468 1612 1503 μελετῶντος
1626 1466 1674 1492 τοῦ
1690 1465 1756 1492 λαοῦ
1774 1465 1822 1496 τὰς

1033 1516 1141 1548 ἐντολὰς
1157 1516 1202 1543 τοῦ
1217 1515 1283 1542 Θεοῦ
1295 1524 1301 1530 ·
1318 1514 1529 1542 έκδιδασκόντων
1546 1522 1573 1539 τε
1592 1513 1690 1546 ἱερέων
1706 1511 1743 1538 τὰ
1759 1519 1822 1545 περι

1033 1563 1098 1589 Θεοῦ
1114 1563 1146 1589 δι’
1163 1563 1227 1598 ὅλης
1245 1562 1351 1595 νυκτὸς,
1368 1561 1513 1588 αἰνούντων
1529 1560 1573 1586 τὸν
1590 1559 1694 1595 Κύριον
1709 1561 1758 1585 καὶ
1773 1559 1822 1586 αὖ·

1032 1609 1079 1636 τοῢ
1096 1609 1325 1645 μνημονευόντων.

1073 1655 1162 1690 Ἐδὼμ
1175 1654 1249 1689 λέγει
1264 1654 1328 1686 τοὺς
1340 1655 1415 1685 υἱοὺς
1437 1653 1532 1680 Ἡσαῦ.
1552 1652 1636 1688 Βοσὸρ
1647 1652 1676 1678 δὲ
1698 1652 1758 1687 ἦτοι
1773 1651 1822 1686 τὴν

1032 1702 1150 1738 Βόστραν
1170 1702 1243 1736 λέγει
1261 1701 1321 1728 καθ’
1346 1701 1486 1738 Ἑϐραίους
1507 1701 1605 1737 σάρκα.
1623 1697 1708 1742 Οὗτος
1730 1701 1821 1726 τοίνυν

1031 1750 1045 1775 ὁ
1064 1749 1149 1783 μέγας
1172 1750 1200 1775 ἐν
1225 1749 1296 1784 ἰσχύϊ
1312 1749 1359 1775 καὶ
1379 1747 1544 1783 ἀσύγκριτος
1567 1747 1728 1782 κριθήσεται
1752 1746 1822 1781 πρὸς

1032 1794 1129 1826 αὐτοὺς
1150 1793 1241 1829 δικαίᾳ
1262 1794 1354 1828 ψήφῳ,
1372 1793 1421 1829 τὴν
1439 1793 1498 1819 κατ’
1515 1792 1613 1824 αὐτοὺς
1633 1791 1821 1826 ποιησάμενο-

1031 1839 1165 1866 ὲκδικίαν·
1192 1840 1239 1866 καὶ
1256 1840 1311 1875 γὰρ
1333 1839 1398 1870 Θεὸς
1420 1838 1487 1874 πρὸς
1511 1837 1669 1873 ἀνθρώπους
1696 1837 1821 1872 κρὶνετιι

1031 1886 1120 1912 καλῶν
1134 1887 1207 1921 ἡμᾶς
1223 1887 1263 1916 εἰς
1286 1886 1386 1921 κρίσιν,
1412 1886 1455 1912 ἵνα
1480 1884 1582 1919 διδάξῃ,
1607 1885 1648 1910 ὅτι
1665 1883 1748 1910 αὑτοῦ
1771 1883 1822 1918 μὲν

1030 1932 1121 1959 δικαία
1137 1933 1152 1967 ἡ
1168 1932 1269 1967 ἄμυνα,
1289 1932 1369 1966 ἡμεῖς
1383 1931 1411 1957 δὲ
1426 1931 1515 1957 αὐτῶν
1534 1930 1613 1956 αἴτιοι
1634 1929 1695 1956 καθ’
1712 1929 1821 1955 ἑαυτᾶν

1029 1978 1213 2013 ἐπισπώμενοι
1227 1978 1275 2013 τὴν
1297 1978 1374 2012 δίκην
1387 1986 1393 1991 ·
1422 1977 1502 2008 αὐτὸς
1530 1976 1584 2011 γὰρ
1600 1976 1646 2002 καὶ
1663 1975 1743 2010 δίκην
1770 1976 1820 2001 ἐπ-

1029 2027 1113 2060 άγων,
1130 2026 1200 2061 ὑπὲρ
1222 2026 1356 2061 σωτηρίας
1371 2025 1449 2060 ἡμῶν
1465 2024 1553 2051 πάντα
1572 2025 1652 2055 ποιεῖ,
1676 2023 1748 2059 ὑπὲρ
1770 2023 1819 2049 τοῦ

1029 2073 1075 2100 καὶ
1092 2072 1197 2099 παῦλαν
1216 2073 1288 2108 ἡμᾶς
1302 2072 1394 2098 λαϐεῖν
1407 2071 1453 2098 τοῦ
1480 2071 1659 2106 ἁμαρτάνειν,
1685 2070 1701 2106 ἢ
1732 2079 1818 2105 μετα-

1029 2119 1176 2154 νοήσαντας
1190 2118 1319 2153 σωθῆναι,
1338 2117 1353 2153 ἢ
1369 2117 1546 2152 κουφισθῆναι
1569 2118 1597 2143 ἐν
1613 2118 1643 2152 τῇ
1662 2117 1752 2152 κρίσει
1768 2117 1819 2151 τῆς

1028 2164 1172 2200 τιμωρίας.
1193 2163 1246 2190 It'al
1265 2164 1328 2198 μετ’
1347 2164 1442 2198 ὀλίγαι
1469 2162 1588 2198 annos;
1603 2161 1657 2198 γὰρ
1677 2162 1819 2197 Oct-Suam;

191 2214 283 2237 suum,
301 2214 363 2233 cum
379 2215 496 2242 corpore
514 2208 542 2234 in
558 2209 644 2236 cmlos
659 2210 870 2243 ascendentem,
891 2217 918 2239 et
930 2221 976 2239 ru-

1036 2210 1222 2247 επεπλήρωντο
1244 2210 1290 2237 καὶ
1314 2210 1341 2236 αἱ
1364 2209 1458 2244 vomat
1477 2209 1622 2244 δυνάμεις,
1645 2208 1749 2244 ὁρῶσαι
1773 2209 1819 2234 τὸν

189 2252 298 2279 bentem
314 2253 456 2288 sanguine,
469 2257 495 2280 et
509 2255 600 2281 erucis
620 2254 791 2290 stigmatibus
804 2257 976 2291 transfixum;

190 2301 218 2324 et
234 2298 378 2325 victoriam
400 2299 433 2326 de
451 2303 538 2326 morte
552 2300 664 2327 relatam
679 2310 686 2334 ;
704 2305 730 2328 et
752 2303 865 2337 gratiam
888 2303 976 2331 homi-

189 2345 271 2372 nibus
287 2345 429 2379 largitam;
446 2350 474 2372 et
491 2351 664 2380 peccatorum
688 2348 887 2376 remissionem.
908 2348 975 2376 Nam

188 2391 346 2419 Ironiinibus
377 2397 487 2427 propter
504 2399 615 2428 peccata
644 2403 692 2422 sua
715 2400 803 2423 morte
819 2396 973 2428 damnatis,

190 2437 316 2464 Salvator
331 2443 424 2466 noster
440 2439 497 2473 ipse
520 2447 570 2474 pro
587 2440 666 2468 nobis
689 2446 802 2468 mortem
823 2442 907 2470 subiit
921 2461 928 2473 ,
943 2447 974 2469 ut

188 2484 268 2511 nobis
298 2484 528 2512 immortalitatem
561 2490 730 2519 operaretur.
750 2485 783 2512 Ει
801 2486 881 2520 paulo
895 2493 973 2520 post:

188 2529 264 2561 Quod
282 2529 305 2557 si
327 2530 436 2564 angelos
456 2531 637 2558 exsultavisse
663 2532 801 2564 audieris,
828 2533 882 2559 noli
911 2533 973 2559 illos

188 2574 349 2608 ignorantia:
365 2583 494 2610 arguere;
513 2582 645 2603 noverant
660 2577 731 2603 enim
747 2577 896 2604 Salvator-is
907 2585 973 2604 con-

189 2618 249 2646 silia
261 2627 294 2647 ex
308 2628 364 2655 quo
379 2621 405 2648 in
427 2625 526 2648 terram
549 2621 678 2657 delapsus
701 2629 810 2649 carnem
829 2623 948 2659 suscepit
963 2632 970 2655 ;

208 2696 230 2712 ’⁸
241 2697 335 2724 Matth.
352 2707 367 2724 Χ
394 2701 418 2726 (5.

1030 2256 1133 2283 ἑαυτῶν
1154 2256 1219 2283 Θεὸν
1237 2257 1264 2282 ἐν
1286 2255 1390 2290 σώματι
1414 2257 1453 2287 εἰς
1476 2255 1606 2291 οὐρανοὺς
1632 2255 1744 2281 ἀνιόντα
1771 2255 1820 2281 καὶ

1030 2302 1146 2337 φέροντα
1168 2301 1198 2327 τὸ
1223 2301 1348 2336 ἐρύθημα
1372 2300 1418 2328 τοῦ
1447 2300 1561 2335 αἵματος
1576 2299 1671 2326 καὶτὰ
1694 2299 1819 2335 σύμϐολα

1028 2347 1074 2374 τοῦ
1090 2347 1217 2383 σταυροῦ,
1235 2350 1284 2382 τήν
1308 2356 1336 2373 τε
1360 2347 1429 2373 κατὰ
1449 2347 1495 2374 τοῦ
1516 2346 1631 2374 θανάτου
1656 2345 1747 2381 νίκην,
1773 2355 1819 2372 και

1027 2394 1076 2429 τὴν
1096 2393 1249 2429 ἀνθρώποις
1265 2393 1440 2429 χαρισθεῖσαν
1455 2393 1533 2429 χάριν
1553 2393 1599 2419 καὶ
1614 2392 1713 2427 ἄφεσιν
1728 2392 1819 2427 ἁμαξι-

1027 2441 1102 2468 τιῶν.
1120 2441 1179 2467 Τῶν
1194 2441 1247 2476 γὰρ
1266 2440 1415 2476 ἀνθρώπων
1439 2440 1508 2475 ὑπὲρ
1528 2439 1581 2466 τῶν
1596 2440 1706 2466 οἰκείων
1725 2440 1817 2474 ἀμαρ-

1027 2487 1157 2522 τημάτων
1183 2487 1296 2513 θάνατον
1321 2486 1546 2522 χρεωστούντων,
1573 2487 1586 2512 ὁ
1613 2485 1711 2520 Σωτὴρ
1739 2485 1818 2520 ἡμῶν

1028 2533 1145 2568 ὑπῆλθεν
1170 2533 1250 2564 αὐτὸς
1274 2533 1318 2559 τὸν
1347 2533 1458 2559 θάνατον
1483 2532 1552 2566 ὑπὲρ
1576 2531 1669 2566 ἡμῶν,
1688 2530 1723 2556 ἶν’
1751 2532 1818 2566 ἡμῖν

1026 2579 1174 2605 ἁῡανασίαν
1193 2579 1447 2614 πραγματεύσηται,
1466 2578 1520 2604 Καὶ
1536 2578 1598 2612 μετ’
1615 2578 1703 2612 ὀλίγα
1720 2585 1726 2592 ·
1745 2577 1777 2603 Εἰ
1791 2577 1819 2604 δὲ

1026 2624 1071 2650 ἐπὶ
1095 2624 1216 2658 ἀγγέλων
1239 2624 1348 2656 ἀκούοις
1379 2625 1416 2656 ὡς
1439 2623 1661 2658 ὲπαπορούντων,
1690 2622 1731 2658 μὴ
1746 2622 1819 2648 ὲκεί-

225 2775 373 2815 (ρἏηΗδηο
391 2786 482 2807 vocem
503 2787 557 2806 non
571 2787 674 2806 cumet»
685 2779 847 2814 signiﬁcare,
866 2779 912 2808 sed
922 2780 1027 2814 ﬁrmam
1044 2785 1124 2815 atque
1144 2781 1282 2813 numilam,
1301 2781 1361 2808 luce
1377 2780 1473 2815 probat
1483 2779 1586 2808 clarius
1601 2777 1631 2805 S.
1646 2778 1723 2807 Hier.
1741 2785 1817 2807 cum.

189 2810 217 2837 in
229 2809 330 2837 ΙεζΙὶιι.
349 2820 403 2838 xvu
