1920 3070
80 109 126 138 175

623 108 815 137 CONVIVIUM
834 108 948 137 DECEM
969 107 1148 136 VlRGlNUM.

1653 108 1704 135 m

77 168 118 195 τοῦ
135 165 204 194 εἶναι
220 167 283 199 τοὺς
301 167 435 202 ἁγαθους·
460 169 522 196 οὐδὲ
542 168 567 195 οἱ
583 169 697 205 πονηροὶ
714 169 778 205 ἄρα,
801 168 871 196 κατὰ

931 167 987 195 Lalis
998 168 1117 195 fatalitas
1136 167 1190 196 illis
1205 172 1300 195 auctor
1312 168 1347 196 sit
1360 172 1390 196 ut
1406 167 1470 196 boni
1484 167 1560 196 sint:
1577 167 1656 202 plane
1674 176 1707 196 ne

78 215 120 250 τὴν
143 215 248 241 οἰκείαν
271 215 354 250 φύσιν
379 215 494 248 ζῶντες,
518 215 647 242 αἰτιατέοι
674 215 750 250 παρὰ
774 215 871 251 δικαίῳ

79 262 164 296 κριτῇ.
195 261 251 287 Καὶ
282 261 307 287 ei.
330 261 384 296 χρὴ
411 261 560 297 διαρῤήδην
579 262 675 291 εἰπεῖν,
698 262 713 287 ὁ
730 261 799 287 κατὰ
820 261 870 296 τὴν

79 306 229 342 προσοῦσαν
244 306 321 341 αὒτῷ
335 306 416 341 φύσιν
428 307 483 339 ζῶν
497 306 572 333 οὐδὲν
587 306 747 342 ἁμαρτάνει.
768 307 804 334 Οὐ
816 307 869 342 γὰρ

79 352 169 378 ἑαυτὸν
184 351 300 387 ἐποίησε
316 352 449 383 τοιοῦτον,
474 352 530 379 ἀλλ’
551 353 567 387 ἡ
587 353 753 388 εἱμαρμένη’
777 354 823 379 καὶ
836 354 868 388 ζῇ

79 398 144 424 κατὰ
162 398 213 433 τὴν
232 398 337 434 ταύτης
359 398 477 434 κίνησιν,
499 399 628 434 ἀγόμενος
641 398 770 433 ἀφύκτοις
787 399 869 433 ἀνάγ-

79 451 147 476 καις.
173 444 271 476 Οὐδεὶς
295 442 342 471 οὖν
367 445 462 476 κακός.
492 444 560 470 Ἀλλ’
583 444 635 470 εἰσὶ
662 445 756 471 κακοί·
786 446 832 472 καὶ
852 446 868 480 ἡ

81 490 128 524 μὲν
148 490 235 516 κακία
251 490 352 526 ψεκτὴ,
367 491 413 517 καὶ
431 489 516 526 ἐχθρὰ
525 489 643 526 τῴξϐεῷ,
655 490 693 522 ὡς
707 491 869 527 συνέστησεν

79 537 92 562 ὁ
103 536 197 570 λόγος·
224 538 240 571 ἡ
255 537 284 563 δὲ
309 537 392 573 ἀρετὴ
407 536 558 572 προσφιλὴς
575 537 622 563 καὶ
641 537 781 573 ἐπαινετὴ,
802 537 868 564 Θεοῦ

78 582 255 615 ὂιατὰξαντος
274 583 358 618 νόμον
372 583 494 618 τιμωρὸν
512 582 613 609 κακῶν.
629 583 685 609 Οὺκ
704 583 758 618 ἄρα
776 585 871 620 εἱμαρο

80 637 148 664 μενη
154 648 161 655 .

922 213 985 240 mali
999 213 1121 248 quidem,
1139 214 1186 248 qui
1209 213 1260 248 ipsi
1275 222 1384 249 quoque
1399 215 1439 242 sic
1459 215 1552 242 vivant
1569 218 1597 241 ut
1611 222 1706 241 earum

921 262 1020 286 natura
1036 263 1119 294 atque
1135 259 1242 288 indoles
1257 261 1356 295 poscit,
1373 261 1501 296 culpandi
1515 265 1595 288 erunt
1607 269 1621 287 a
1633 260 1708 294 justo

918 305 1021 340 judice.
1037 305 1154 338 Etenim,
1173 306 1195 334 si
1214 307 1289 334 clare
1306 307 1472 342 loquendum
1487 310 1540 337 est,
1556 307 1602 342 qui
1617 308 1654 334 ita
1667 307 1710 334 vi-

922 352 958 379 vit
977 355 1007 379 ut
1028 352 1067 379 illi
1090 360 1124 380 ex
1142 357 1241 380 natura
1262 353 1378 380 inditum
1395 357 1448 387 est,
1467 354 1533 380 nihil
1548 354 1605 389 ipse
1620 353 1710 381 delin-

923 397 992 432 quit.
1008 397 1067 425 Non
1085 399 1158 426 enim
1175 399 1231 434 ipse
1244 407 1274 427 se
1293 399 1393 434 ipsum,
1413 400 1460 427 sed
1476 399 1559 427 fatum
1571 401 1652 428 talem
1668 400 1710 428 fe-

923 444 959 471 cil
973 454 978 471 :
996 451 1085 480 exque
1096 445 1169 473 illius
1181 450 1271 474 motus
1287 445 1474 480 compulsione
1486 446 1560 480 vivit,
1575 447 1710 475 inelucta-

922 490 970 518 bili
997 491 1160 519 necessitate
1186 495 1300 519 tractus.
1321 491 1407 519 Nemo
1431 491 1512 527 igitur
1541 496 1583 520 est
1609 493 1708 520 malus.

923 536 1004 571 Atqui
1034 537 1098 564 mali
1122 541 1195 564 sunt.
1215 537 1247 563 Et
1277 537 1382 565 malitia
1409 537 1520 572 quidem
1545 537 1709 573 vituperium

924 583 1017 615 habet,
1034 591 1065 610 ac
1085 582 1140 611 Deo
1157 583 1266 610 inimica
1289 586 1343 615 est,
1355 587 1385 610 ut
1407 583 1535 618 superius
1552 582 1621 609 evici
1635 592 1640 609 :
1657 582 1710 609 vir-

924 632 971 656 tus
986 636 1052 656 vero
1067 629 1192 656 amabilis
1210 632 1238 656 et
1252 629 1334 656 laude
1349 629 1440 664 digna,
1462 636 1524 656 cum
1541 627 1612 656 Deus
1624 629 1711 664 legem

924 674 1090 702 ulciscendis
1100 674 1180 702 malis
1192 674 1375 702 constituerit.
1390 673 1450 701 Non
1465 674 1549 710 igitur
1559 678 1601 702 est
1614 673 1710 702 latum.

419 731 484 759 Cap.
502 731 584 760 XVII.
600 732 819 767 concupiscentia
836 733 925 760 carnis
937 738 962 760 et
975 733 1084 767 spiritus
1097 741 1106 759 :
1124 734 1216 760 vitium
1226 738 1250 760 et
1265 733 1357 760 virtus.

115 791 172 817 Καὶ
184 791 211 817 τξ
225 791 354 818 τοσοῦτον
377 791 598 828 ὲπιδιατρίϐουσα
616 794 672 822 τοῖς
687 792 817 827 ἐλέγχοις,
838 793 876 823 εἰς

962 791 997 818 At
1016 792 1158 829 quid‘ego
1187 791 1353 827 stringendis
1373 791 1551 818 elenchorum
1578 790 1714 818 machinis

82 837 170 872 μῆκος
183 837 275 871 ἐξάγω
287 838 333 864 τὸν
349 838 438 872 λόγον,
452 838 487 865 τὰ
499 839 697 874 ἀναγκαιότερα
710 839 777 874 πρὸς
790 838 875 865 πειθὼ

82 884 128 910 καὶ
148 884 351 917 συγκατάθεσιν
374 884 421 910 τοῦ
448 885 630 920 συμφέροντος
654 885 805 920 ἐκθεμένης
828 885 875 912 καὶ

81 929 218 965 πρόδηλον
241 930 320 961 πᾶσι,
344 930 392 956 καὶ
414 930 444 962 ἐξ
465 930 571 963 ὀλίγων,
594 931 642 966 τὴν
665 931 813 965 διαφωνίαν
827 930 874 956 τοῦ

81 976 255 1010 τεχνήματος
273 975 362 1002 αὐτῶν
376 976 591 1012 ὲξεργασαμένη,
606 976 676 1003 ὥστε
689 977 782 1012 διορᾷν
806 977 875 1010 ἐξεῖ-

83 1029 126 1046 ναι
142 1021 189 1047 καὶ
210 1021 426 1048 ἐπαισθάνεσθαι
441 1021 490 1056 τὴν
510 1022 614 1057 πλάνην
638 1022 688 1057 ἤδη
708 1023 756 1049 καὶ
769 1022 874 1057 παιδίῳ,

83 1067 120 1098 ὡς
135 1068 178 1102 ἐφ’
193 1069 260 1103 ἡμῖν
275 1069 333 1094 ἐστι
348 1069 379 1095 τὸ
393 1068 593 1103 διαπράξασθαι
606 1069 637 1095 τὸ
650 1069 742 1100 καλὸν,
761 1069 777 1104 ἢ
790 1069 819 1095 τὸ
832 1078 877 1095 κα-

83 1113 141 1144 κὸν,
160 1114 208 1140 καὶ
225 1114 274 1140 οὐκ
298 1115 327 1141 ὲν
345 1115 401 1146 τοῖς
421 1114 544 1150 ἀστράσι.
569 1113 621 1140 Δύο
643 1113 695 1149 γὰρ
721 1115 829 1149 κινήσεε
848 1115 876 1140 ὲν

83 1159 150 1194 ἡμῖν
161 1160 251 1192 ἐστὸν,
264 1161 396 1196 ἐπιθυμία
405 1161 538 1195 πεφυκότε
548 1161 575 1196 (5
583 1161 604 1195 ι)
615 1161 714 1196 σαρκὸς
723 1160 769 1187 καὶ
776 1160 875 1195 ψυχῆς,

83 1204 243 1240 δια-,ξέρετον
258 1205 393 1240 ἀλλήλοιν·
408 1205 469 1232 ὅθεν
487 1206 533 1232 καὶ
549 1205 596 1232 δύο
610 1205 725 1240 λαϐέτην
742 1205 857 1238 ὁνόματε
868 1212 875 1219 ⁸

84 1251 101 1287 ἡ
116 1251 165 1285 μὲν
183 1252 239 1287 γὰρ
258 1251 371 1287 ἀρετῆς,
386 1252 403 1287 ἡ
414 1251 442 1278 δὲ
460 1252 567 1283 κακίας.
587 1252 647 1277 Δεῖν
660 1251 688 1277 δὲ
701 1252 734 1285 τῇ
748 1249 877 1286 καλλίστῃ

85 1299 131 1324 καὶ
155 1299 265 1333 χρηστῇ
288 1299 336 1325 καὶ
360 1298 501 1325 πείθεσθαι
522 1298 573 1333 τῆς
595 1298 696 1334 ἀρετῆς
717 1299 822 1333 ἀγωγῇ.
843 1298 877 1324 τὰ

87 1343 214 1379 βέλτιστα
229 1343 284 1379 πρὸ
299 1344 354 1370 τῶν
375 1344 484 1379 φαύλων
497 1342 687 1380 αἱροιᾼένους.
717 1344 796 1370 Ἀλλὰ
814 1343 878 1380 περὶ

86 1389 188 1416 τούτων
204 1390 266 1421 ἃλις
284 1390 347 1426 ἤδη,
363 1391 409 1416 καὶ
423 1390 511 1424 ὲφέξω
522 1391 567 1417 τὸν
581 1390 668 1424 λόγον.
685 1389 814 1425 Αἰδοῦμαι
824 1389 878 1425 γὰρ

89 1435 157 1469 μετὰ
179 1437 244 1467 τοὺς
262 1435 312 1471 τῆς
335 1436 445 1470 ἁγνείας
468 1436 573 1470 λόγους,
595 1437 642 1462 καὶ
660 1435 877 1471 ἐγκαλύπτομαι,

927 837 1031 865 diutius
1047 838 1189 869 immorer,
1215 845 1278 864 cum
1295 838 1328 864 ad
1344 838 1514 865 suadendum
1533 845 1565 864 ac
1584 841 1715 872 praestan-

926 885 990 912 dum
1014 891 1156 912 assensum
1185 884 1272 919 magis
1290 885 1446 912 necessaria
1471 884 1715 919 commodioraque

927 931 1077 964 ediderim;
1093 930 1215 965 artisque
1230 931 1386 958 vanissimaa
1407 938 1422 957 a
1443 930 1546 964 seipsa
1563 930 1714 958 dissensio-

927 985 1000 1010 nem,
1018 977 1144 1012 quamvis
1155 977 1250 1012 paucis
1266 985 1298 1004 ex
1313 977 1450 1012 capitibus
1468 976 1571 1004 nemini
1588 985 1643 1003 non
1655 984 1714 1003 ma—

926 1022 1054 1050 nifestam
1083 1022 1251 1061 reddiderim
1273 1032 1279 1049 :
1303 1027 1332 1049 ut
1361 1022 1418 1057 jam
1446 1029 1567 1049 errorem
1597 1022 1714 1049 istorum

928 1069 1008 1104 plane
1027 1069 1130 1097 sentire
1146 1076 1178 1096 ac
1201 1069 1355 1104 perspicere
1375 1069 1416 1095 vel
1433 1068 1508 1103 pueri
1531 1068 1654 1103 possint;
1673 1069 1715 1095 in-

931 1115 1116 1150 telligereque,
1133 1117 1160 1141 in
1185 1119 1280 1142 nostra
1298 1114 1411 1141 omnino
1426 1114 1507 1141 situm
1524 1114 1610 1141 libera
1627 1113 1713 1140 facul-

926 1165 983 1188 tate
997 1169 1070 1192 esse,
1083 1169 1137 1188 non
1151 1165 1242 1188 autem
1261 1161 1288 1187 in
1311 1158 1408 1192 slellis,
1427 1161 1529 1187 bonum
1548 1164 1595 1186 aut
1613 1160 1715 1187 malum

927 1207 1051 1235 efﬁcere?
1068 1207 1126 1235 Duo
1140 1207 1241 1242 quippe
1256 1211 1346 1233 motus
1369 1207 1395 1233 in
1411 1207 1491 1233 nobis
1507 1209 1581 1237 sunt,
1598 1208 1714 1240 uterque

928 1253 1150 1287 concupiscentia
1171 1253 1275 1281 vocati:
1290 1252 1377 1279 altera
1396 1252 1500 1283 carnis,
1525 1252 1611 1279 altera
1634 1251 1716 1287 spiri-

928 1303 975 1326 tus
988 1299 1011 1314 ⁸⁸
1025 1308 1031 1325 :
1050 1299 1122 1326 unde
1139 1301 1165 1326 et
1181 1298 1338 1325 nominibus
1353 1297 1590 1329 discriminantur,
1605 1297 1716 1324 virtutis

928 1349 1010 1380 atque
1026 1345 1094 1372 vitii.
1109 1344 1204 1380 Operae
1218 1345 1336 1380 pretium
1349 1350 1439 1371 autem
1462 1348 1504 1372 est
1516 1348 1545 1371 ut
1562 1343 1716 1378 pulcherri-

928 1399 979 1419 mae
1001 1395 1028 1419 et
1054 1399 1143 1420 aurea:
1162 1391 1381 1426 obteniperemus
1406 1390 1517 1417 virtutis
1539 1389 1716 1421 institutioni.

929 1438 1032 1472 optima
1054 1445 1103 1472 pro
1125 1437 1214 1469 malis,
1230 1441 1257 1464 et
1277 1445 1337 1472 quae
1352 1437 1414 1464 vita:
1431 1436 1562 1468 hmreant,
1579 1434 1715 1470 eligendo.

86 1481 136 1513 τὰς
155 1482 212 1508 τῶν
237 1483 446 1519 μετεωρολόγων
467 1482 483 1518 ἢ
506 1482 712 1518 ματαιοσκόπων
731 1481 877 1518 ἀνθρώπων

934 1483 988 1511 Sed
1001 1483 1035 1510 de
1051 1483 1096 1510 his
1110 1483 1166 1518 jam
1182 1483 1258 1512 satis.
1269 1483 1379 1511 Tenebo
1393 1483 1465 1510 enim
1479 1490 1523 1510 me
1534 1491 1568 1510 ne
1581 1483 1659 1517 plura
1676 1481 1719 1508 di—

88 1528 301 1564 ἁναγκαζομένη
322 1528 400 1561 δόξας
419 1528 614 1564 ἐξηγήσασθαι,
632 1528 656 1555 οἳ
677 1530 723 1555 τὸν
742 1528 791 1563 τῆς
810 1528 881 1563 ζωῆς

89 1575 147 1609 μετ’
168 1575 284 1610 οἰήσεως
305 1575 481 1602 ἀναλίσκουσι
501 1575 606 1610 χρόνον,
622 1575 709 1602 οὐδενὶ
724 1575 740 1610 ἢ
757 1574 880 1610 μυθικοῖς

88 1620 303 1657 ἐνδιατρίϐοντες
315 1622 466 1658 πλάσμασι.
488 1622 580 1650 Ταῦτά
599 1632 638 1649 σοι
661 1623 709 1649 καὶ
724 1622 777 1649 τῶν
791 1623 878 1658 ἡμῶν,

88 1663 110 1692 ὦ
126 1667 256 1693 δέσποινα
276 1668 384 1703 Ἀρετὴ,
395 1668 450 1695 ἀπὸ
460 1668 613 1704 θεορῤήτων
631 1661 880 1704 συγκαθυφασμένα

89 1711 186 1747 λόγων,
199 1714 428 1749 προπομιζέσθω
446 1714 480 1741 τὰ
494 1714 579 1751 δῶρα.

934 1537 1004 1561 cam,
1020 1529 1185 1557 verecundia
1201 1529 1318 1565 quadam
1336 1528 1430 1561 ducta,
1447 1537 1480 1555 ne
1497 1529 1629 1556 hactenus
1645 1526 1720 1555 habi-

933 1579 977 1603 tos
989 1575 1023 1603 de
1036 1575 1193 1611 virginitate
1206 1583 1357 1607 sermones,
1372 1575 1423 1602 hac
1437 1583 1534 1610 parum
1551 1580 1720 1610 congruente

933 1630 1067 1658 nugarum
1087 1621 1346 1649 commemoratione
1369 1620 1564 1648 eontaminem.
1591 1619 1624 1646 Et
1645 1625 1720 1647 certe

934 1667 1028 1702 pudet,
1044 1667 1117 1702 quod
1139 1667 1282 1694 hominum
1306 1671 1488 1694 meteororum
1513 1666 1721 1700 cwlestiumque

934 1713 1077 1740 scientiam
1094 1712 1153 1747 (seu
1170 1713 1256 1748 magis
1272 1713 1381 1740 inanem
1405 1712 1637 1747 observationem)
1657 1719 1721 1746 pro—

90 1760 238 1794 ﬁtentium,
252 1763 396 1798 opiniones
410 1763 512 1790 referre
537 1770 650 1791 necesse
679 1763 840 1796 habuerim;
859 1762 906 1797 qui
931 1761 1058 1789 videlicet
1081 1761 1147 1790 solis
1171 1761 1269 1788 fabulis
1285 1765 1368 1796 atque
1387 1760 1522 1795 ﬁgmentis
1540 1760 1635 1787 dantes
1655 1766 1722 1794 ope-

91 1816 158 1840 ram.
180 1810 258 1837 inani
283 1809 355 1838 fastu
380 1818 413 1838 ac
427 1810 568 1845 jactantia,
586 1812 647 1839 vitae
665 1814 772 1846 tempus
799 1811 954 1838 insumunt.
973 1809 1062 1844 Atque
1075 1809 1133 1837 haec
1148 1809 1198 1836 tibi
1218 1816 1233 1835 a
1246 1808 1335 1841 nobis,
1352 1815 1369 1836 ο
1384 1807 1493 1835 domina
1516 1807 1608 1839 Areto,
1620 1814 1653 1834 ex
1679 1805 1722 1834 di-

91 1857 161 1884 vinis
173 1861 304 1884 contexta
315 1858 497 1891 sermonibus,
509 1867 542 1886 en
556 1859 603 1887 tibi
615 1860 748 1887 sistantul‘
758 1859 841 1886 dona.

125 1904 275 1932 ΕΥΒΟΥΛ.
317 1905 361 1936 Ὠς
387 1905 447 1932 λίαν
469 1906 654 1940 ἀγωνιστικῶς
681 1908 697 1943 ἡ
721 1907 809 1933 Θέκλα
835 1906 881 1934 καὶ

93 1950 215 1982 tv};ng
234 1948 257 1976 ὦ
276 1951 427 1987 Γρηγόριον
437 1960 444 1984 ;

125 1995 271 2022 ΓΡΗΓΟΡ.
290 1997 321 2021 Τί
341 1995 398 2027 οὖν,
422 1996 438 2032 ἢ
454 1997 538 2032 αὐτῆς
555 1997 662 2033 ἐκείνης
677 1997 814 2032 ἀκηκόεις,
831 1997 880 2032 ῥύ-

93 2041 138 2076 δην
151 2042 200 2068 καὶ
216 2041 338 2077 εὐτρόχῳ
349 2044 381 2078 τῇ
395 2042 500 2078 γλώττῃ
516 2042 584 2078 μετὰ
598 2042 696 2078 πολλῆς
712 2043 820 2078 χάριτος
834 2042 881 2068 κα)⁴

93 2087 189 2122 ἡδονῆς
209 2087 420 2124 διαλεγομένης;
441 2087 510 2115 ὥστε
534 2089 686 2124 ἀγασθῆναί
702 2097 762 2115 τινα
784 2088 881 2125 προσέ-

93 2140 189 2167 χοντα,
203 2132 253 2159 καὶ
272 2133 321 2167 τῆς
345 2133 450 2168 μορςςῆς
471 2133 638 2170 ἐπανθούσης
654 2135 711 2165 τοῖς
731 2134 828 2168 λόγοις,
843 2134 888 2166 ὡς·

94 2177 254 2209 ξνδιειθέτως
270 2179 317 2204 καὶ
334 2177 372 2212 τῷ
386 2178 442 2204 δντι
461 2179 668 2214 φανταζομένως
681 2180 745 2215 περὶ
759 2177 796 2206 ὦν
813 2181 883 2216 ἁςρη-

95 2225 166 2257 γείτο
193 2224 318 2257 διετέλει,
347 2224 614 2261 ὑπερυθραινομένης
644 2227 711 2263 αὑτῇ
741 2228 810 2254 αἰδοῖ
835 2228 883 2264 τῆς

94 2267 194 2302 ωεως·
217 2268 267 2304 ὅλη
287 2268 341 2304 γὰρ
356 2267 425 2296 εἶναι
443 2270 547 2305 πέφυκε
566 2270 651 2307 λευκὴ
673 2272 719 2298 καὶ
741 2272 820 2307 σῶμα
837 2273 882 2299 καὶ

96 2313 196 2349 ψυχήν-

127 2404 278 2431 ΕΥΒΟΥΛ.
304 2405 418 2440 Ὀρθῶς,
432 2403 454 2432 ὦ
470 2407 630 2443 Γρηγόριον,
648 2408 733 2435 ταῦτα
758 2409 821 2444 φῂς,
838 2409 884 2435 καὶ

94 2450 168 2477 οὐδὲν
182 2450 276 2477 αὐτῶν
289 2451 394 2486 ψεῦδος.
412 2452 515 2486 Ἔγνων
530 2453 584 2488 γὰρ
599 2453 645 2479 καὶ
663 2453 715 2479 ἀπὸ
728 2453 781 2479 τῶν
798 2453 885 2481 ἄλλων

94 2495 348 2532 ἀνδραγαθημάτων
374 2497 454 2533 μῆτιν
476 2498 570 2534 αὐτῆς,
589 2499 636 2525 καὶ
659 2498 746 2533 λέγειν
759 2500 814 2536 ⁵ὅσα
840 2501 886 2527 καὶ

128 2576 150 2591 ⁸⁸
166 2575 229 2604 Gal.
246 2585 276 2608 ν,
291 2576 335 2604 17.

128 2654 184 2689 (54)
200 2655 368 2688 Περυκότε.
387 2654 433 2682 Sic
446 2654 592 2690 aliquando
608 2662 640 2682 ex
653 2655 810 2689 conjectura
824 2664 885 2683 eor-

95 2690 250 2725 rigebamus
277 2690 427 2724 tego-47.613;
458 2694 488 2716 ut
512 2698 610 2724 genere
637 2696 798 2722 congrueret
822 2699 883 2718 cum

96 2726 163 2752 dnali
182 2726 358 2760 prreccdente
373 2725 515 2760 ἐπιθυμία.
530 2725 583 2752 Sed
600 2730 671 2759 post,
690 2725 829 2753 Mazarino
842 2734 886 2753 co-

96 2761 150 2788 dice
168 2766 196 2788 ct
218 2762 280 2796 ipso
299 2761 439 2794 πεςρυκύτε
458 2760 628 2795 prml‘erente,
645 2761 885 2796 animadvertimus

96 2795 236 2831 ejusmodi,
250 2796 434 2830 σολοικοφανῆ
458 2796 576 2830 antiquis
596 2803 648 2822 non
673 2797 828 2831 displicere.
847 2795 885 2823 lla

96 2829 204 2860 Photius
216 2832 311 2868 primo
328 2829 500 2858 Bibliotheca:
516 2829 572 2858 sum
589 2831 682 2859 codice
696 2829 885 2866 scribitaoEq-

970 1901 1096 1930 EUBUL.
1118 1903 1204 1936 Quam
1219 1902 1389 1937 pugnaciter,
1408 1909 1425 1930 ο
1440 1901 1611 1938 Gregorium,
1625 1910 1723 1938 quam-

934 1957 987 1985 que
1003 1949 1146 1984 magniﬁce
1159 1949 1309 1984 disputavit
1321 1949 1439 1976 Thecla?

969 1995 1072 2022 GREG.
1089 1995 1159 2028 Quid
1186 1995 1208 2022 si
1235 2002 1293 2022 eam
1320 1995 1406 2029 ipsam
1424 1994 1534 2029 copiosa
1546 1993 1722 2029 versatilique

934 2041 1098 2076 eloquentia,
1126 2049 1187 2068 cum
1218 2047 1322 2067 summa
1351 2040 1437 2074 gratia
1456 2043 1484 2066 et
1497 2040 1636 2074 voluptate
1655 2047 1723 2066 con-

932 2087 1039 2122 juncta,
1065 2086 1261 2114 edissercntem
1279 2084 1432 2112 audiisses?
1448 2088 1477 2111 ut
1491 2084 1666 2111 admirationi
1681 2087 1722 2111 at-

931 2132 1107 2160 tendentibus
1115 2136 1196 2164 esset,
1207 2131 1334 2166 splendor
1343 2130 1415 2157 omni
1424 2134 1520 2157 ornatu
1528 2129 1722 2158 elllorescentis

936 2178 1081 2210 dictionis;
1098 2178 1136 2205 ita
1158 2185 1191 2205 ex
1208 2177 1299 2204 animo
1325 2184 1356 2203 ac
1382 2176 1482 2204 mentis
1496 2184 1577 2211 penu,
1594 2176 1722 2210 verisque

935 2224 1100 2260 imaginibus
1129 2230 1282 2251 sermonem
1310 2221 1531 2256 exsequebatur,
1561 2221 1595 2248 de
1621 2222 1722 2256 quibus

935 2271 1119 2299 narrationem
1139 2270 1305 2301 instituerat,
1316 2276 1378 2296 cum
1392 2268 1500 2295 interim
1516 2268 1588 2295 illius
1611 2275 1722 2302 quoque

934 2318 1018 2345 facies
1033 2317 1068 2344 ob
1083 2316 1276 2344 verecundiam
1291 2315 1392 2342 rubore
1413 2314 1614 2342 suli‘underctur
1627 2321 1633 2339 :
1663 2316 1721 2340 tota

934 2371 1051 2398 namque
1067 2367 1094 2391 et
1108 2370 1221 2398 corpore
1229 2365 1256 2389 et
1270 2362 1360 2388 animo
1372 2361 1490 2388 candore
1504 2360 1667 2388 collueebat.

971 2408 1095 2436 EUBUL.
1125 2408 1207 2436 Recte
1227 2408 1284 2435 haec
1303 2407 1404 2438 eﬂ‘aris,
1433 2407 1605 2442 Gregorium,
1635 2412 1724 2441 neque

936 2455 980 2483 hic
992 2456 1125 2484 mendacii
1143 2455 1273 2491 prehendi
1289 2455 1400 2490 poteris.
1413 2453 1481 2481 Novi
1497 2453 1568 2481 enim
1582 2457 1609 2480 et
1621 2460 1654 2480 ex
1672 2459 1724 2480 ca:-

936 2501 1003 2529 teris
1015 2501 1131 2529 heroicis
1147 2502 1215 2528 actis
1235 2501 1309 2528 illius
1331 2500 1492 2536 sapientiam
1504 2519 1512 2531 ,
1527 2503 1554 2526 et
1580 2507 1640 2534 qua:
1655 2506 1723 2533 qua-

937 2657 1038 2684 θέντων
1055 2657 1238 2693 παραδόσεων.
1256 2658 1340 2690 Quem
1359 2657 1387 2683 in
1403 2656 1492 2683 locum
1510 2654 1681 2682 ﬂmschelius
1695 2653 1723 2693 in

936 2693 1008 2720 notis
1032 2690 1208 2728 suis'siiiiilia
1232 2693 1407 2728 probatorum
1431 2696 1574 2728 auctorum
1599 2690 1722 2724 exempla

937 2727 1050 2762 colligit.
1071 2727 1155 2754 Paulo
1179 2726 1240 2763 ι)οεί
1261 2728 1314 2754 δεῖν
1338 2726 1455 2761 positum
1470 2734 1519 2761 pro
1533 2726 1582 2763 δεῖ,
1605 2729 1634 2763 ut
1653 2731 1724 2763 saepe

937 2759 1046 2790 alias’in
1062 2763 1114 2790 hoc
1131 2759 1213 2799 ope-re
1230 2759 1379 2790 inﬁnitivus
1391 2769 1440 2797 pro
1454 2759 1591 2796 praesenti.
1607 2759 1656 2786 Eo.
1670 2759 1722 2786 Lu-

937 2805 998 2826 PAR.
