1919 3075
93 88 185 118 1369
836 89 868 116 ΙΝ
888 89 904 115 ll

963 89 1019 115 AM.
1681 90 1750 118 1370

95 158 167 181 νοις
189 149 476 186 ἄγνοιανᾋτροσάγης⁸
501 149 610 185 ᾔδεισαν
627 150 681 185 γὰρ
697 150 731 177 τὰ
750 150 904 185 οἰκονομού-

963 150 1005 178 sed
1018 141 1047 177 ἳο
1063 146 1206 177 erudiendi
1226 152 1314 186 gratia
1331 157 1362 178 ac
1381 149 1496 178 docendi
1519 149 1577 177 base
1590 149 1661 178 dict-a
1674 155 1748 184 sunt,

97 203 189 230 μενα
217 195 268 222 ὑπὸ
284 195 332 221 τοῦ
348 195 484 230 Σωτῆρος,
503 195 549 229 ἀφ’
567 193 598 222 οὗ
624 196 664 227 είς
687 195 789 230 κόσμον
814 195 904 231 ἐπιδη-

963 201 987 223 ll
1002 196 1093 224 discas
1109 195 1221 230 angelos
1234 203 1344 230 quoque
1357 195 1390 223 de
1406 195 1496 223 salute
1511 201 1604 223 nostra
1620 196 1748 231 gaudere,

97 241 212 276 μήσας
226 241 316 276 σάρκα
332 240 489 276 ἀνειλήφει”
513 240 581 268 ἀλλὰ
595 241 643 276 τὴν
657 240 726 268 εἶναι
746 240 904 276 ὀμμάτωσιν

963 249 988 269 ie
1005 241 1120 268 Domino
1141 242 1338 277 congratulari,
1352 245 1379 269 et
1391 242 1486 269 mirari
1504 242 1577 277 quod
1595 241 1666 270 Deus
1689 251 1750 278 pm-

96 286 157 312 καὶ
174 285 353 313 διδασκαλίαν
370 286 400 312 τὸ
414 286 539 322 πρᾶγμα,
557 286 600 313 ἵνα
623 286 723 322 μάθῃς,
737 286 777 313 ὅτι
793 286 840 312 καὶ
855 286 904 320 ἄγ-

963 295 1009 315 nas
1027 287 1148 322 peccatis
1163 287 1267 315 nostris
1283 287 1410 320 debitas,
1427 287 1460 315 ad
1478 287 1564 315 salute
1579 295 1630 315 nos
1655 293 1680 319 et
1699 289 1750 315 im-

96 332 193 366 γελοι
219 332 344 369 χαίρουσι
371 332 418 358 ἐπὶ
448 332 586 368 σωτηρίᾳ,
611 333 658 359 καὶ
683 332 843 368 γεραίρουσι
863 331 904 358 τὸκ

964 333 1122 360 nortaiitate
1159 333 1312 365 donandos,
1344 341 1394 368 pro
1410 334 1489 362 nobis
1501 334 1594 361 subire
1609 334 1733 361 voluerit.

97 379 270 414 Δεσπότην,
291 378 338 405 καὶ
358 377 553 414 θαυμάζουσιν,
575 379 616 405 ὅτι
629 379 642 404 ὁ
656 378 722 410 Θεὸς
738 377 865 413 ἠνέσχετο
883 377 913 404 τὸ
932 379 1152 414 χρεωστοὺμενον
1177 378 1333 415 ἀνθρώποις
1359 380 1403 407 διὰ
1438 380 1487 413 τὰς
1514 380 1603 408 αὐτῶν
1628 388 1748 416 παρανο-

101 423 184 458 μίας
202 423 327 450 ὑπελθεῖν
344 423 413 459 ὑπὲρ
428 423 529 456 αὐτῶν,
544 425 569 451 ἵν
595 424 688 455 αὐτοῖς
704 423 842 458 σωτηρίαν
866 424 1021 459 χαρίσηται,
1040 425 1190 452 ἀθανασίαν
1205 426 1295 458 αὐτοῖς
1309 426 1503 462 χαρισάμενος.

143 471 239 497 Πάλιν
261 470 378 497 ἐνταῦθα
398 470 430 497 τὸ
453 470 556 505 ἄφατον
580 471 627 505 τῆς
653 470 700 496 τοῦ
723 469 790 496 Θεοῦ
814 470 908 504 φιλαν-

100 516 241 552 θρωπίας
267 516 443 551 σημαίνεται·
462 517 523 544 καθ’
550 516 564 543 ὃ
586 516 722 543 δείκνυται
739 516 819 548 αὐτὸς
842 517 907 551 ἡμῖν

101 562 302 598 παρεσχηκὼς
329 563 376 590 καὶ
403 562 434 589 τὸ
454 561 523 590 εἶναι
547 562 581 589 δι’
605 562 778 598 ἁγαθότητα,
807 562 853 588 καὶ
877 561 907 588 τὸ

102 608 252 634 ἐλεεῖσθαι
277 609 323 635 διὰ
347 608 561 644 φιλανθρωπίας,
587 609 625 640 ὡς
653 609 725 636 ἰδίων
748 609 906 644 ποιημάτων

103 652 359 688 ἀντιποιούμενος*
388 653 435 679 καὶ
461 654 522 688 οὐχὶ
545 654 609 689 παρ’
626 653 706 680 ἄλλου
732 654 806 689 ἡμᾶς
828 653 906 685 δεξέμ

105 708 200 734 μενος
214 699 316 733 ἔλεγεν,
332 709 340 725 ι
357 700 412 734 Οὐχ
437 700 450 726 ὁ
471 700 534 732 λαός
558 699 607 736 μού
633 701 690 726 ἐστι
708 699 790 726 τέκνα
808 707 876 734 μου;
899 710 909 725 ι

103 745 264 778 τουτέστιν,
275 745 343 780 Ἐμὰ
349 745 476 779 ὅντες,εἰς
484 745 566 773 τέκνα
574 754 624 781 μου
632 745 822 781 λογισθήσεσθε
832 754 838 759 ·
846 745 912 781 ἐμοῦ

105 790 165 825 τὴν
177 791 297 818 διάθεσιν
308 791 356 826 τὴν
372 791 409 823 ὡς
423 791 528 823 τέκνοις
539 791 715 827 ὀφειλομένην
731 791 768 827 μὴ
783 791 913 818 ἀθετοῦν-

106 845 175 868 τος,
188 838 213 863 εἰ
226 837 271 863 καὶ
288 837 364 872 ὑμεῖς
379 837 536 872 ἀγνώμονες
550 837 614 872 περὶ
629 837 674 863 τὸν
692 836 795 864 ἑαυτῶν
808 837 912 872 πατέρα

108 883 277 918 γεγένησθε.
286 884 378 910 Ταῦτα
390 883 526 919 δὲῆρμοζε
536 884 598 919 παρ’
613 883 700 910 αὐτῶν
708 883 833 918 λέγεσθαι
845 883 913 919 πρὸς

107 929 161 955 τὸν
171 929 248 961 Θεὸν,
257 929 449 956 οἰκειωθέντων
463 931 502 961 εἰς
515 929 561 956 τὸν
572 929 626 956 τῶν
635 929 736 956 τέκνων
753 929 912 962 κατάλογον.

994 472 1079 500 Vens.
1089 472 1114 499 8.
1127 471 1233 500 Rursus
1241 472 1285 499 hie
1295 472 1504 507 declaratquam
1516 472 1706 500 inenarrabilis
1713 471 1749 499 sit

960 518 1180 554 Deibenignitas.
1192 517 1323 545 Memorat
1331 519 1403 546 enim
1412 526 1441 546 se
1452 518 1516 545 olim
1526 518 1609 545 vitam
1617 518 1697 546 nobis
1704 517 1748 545 be-

958 563 1040 597 nigne
1055 567 1081 589 et
1093 562 1155 589 dein
1173 562 1282 590 veniam
1300 562 1516 590 misericorditer
1534 564 1677 595 tribuisse,
1696 571 1747 591 nos

958 609 1036 644 quasi
1048 611 1190 636 creaturas
1205 615 1270 634 suas
1287 607 1337 635 sibi
1348 607 1501 636 vindicans.
1521 608 1577 636 Nec
1588 609 1621 635 ab
1635 609 1688 635 alio
1697 616 1747 637 nos

961 654 1100 688 accepisse
1119 653 1301 681 contendebat
1319 662 1346 680 ει
1360 653 1454 682 Nonne
1471 655 1589 689 populus
1605 663 1682 682 meus
1699 654 1746 682 ﬁlii

961 700 1042 727 mei?»
1059 699 1116 726 Hoc
1126 699 1234 732 est,Mei
1244 706 1307 726 cum
1317 699 1441 734 sitis,pro
1450 701 1512 728 ﬁliis
1521 701 1698 734 habebimini;
1710 699 1749 727 al-

961 746 1034 774 fectu
1048 753 1097 774 vos
1112 746 1287 781 complectar,
1300 753 1355 780 quo
1371 747 1418 773 lilii
1435 747 1562 782 diligendi
1577 753 1650 780 sunt,
1666 748 1746 776 dum—

961 793 1042 820 modo
1049 800 1098 820 vos
1112 793 1138 820 in
1152 796 1256 827 patrem
1271 796 1391 820 vestrum
1404 797 1496 828 gratos
1503 794 1665 822 exhibeatis.
1682 795 1748 827 Quae

961 843 1052 866 autem
1064 839 1098 866 ab
1107 839 1147 866 eis
1156 838 1211 866 Deo
1221 838 1336 866 dicenda
1344 839 1553 871 erant,ﬁliorum
1566 840 1592 867 in
1604 848 1746 868 numerum

963 886 1092 920 receptis.

151 985 262 1012 Πάλινὸ
281 986 423 1021 προφήτης
437 985 485 1020 τῆς
499 985 615 1020 σχέσεως
639 985 688 1020 τῆς
706 985 774 1021 πρὸς
789 985 835 1013 τὸν
846 985 904 1012 λαὸι

996 975 1080 1003 Vens.
1097 976 1140 1003 ll.
1159 975 1266 1003 Rursus
1286 975 1461 1003 commendat
1486 974 1618 1010 propheta
1634 975 1746 1004 allectus

109 1029 166 1057 τοῦ
186 1031 253 1058 Θεοῦ
268 1031 417 1067 γενομένης
431 1031 644 1067 ὑπομιμνήσκει,
662 1032 837 1066 μνημονεύων
851 1031 905 1057 τῶν

111 1076 147 1109 ἐξ
165 1076 264 1112 ἀρχῆς,
287 1077 333 1103 καὶ
352 1076 446 1112 ὥσπερ
462 1076 560 1111 ῦποψιν
584 1077 675 1109 αὐτοῖς
690 1077 751 1111 ἄγει
771 1076 809 1112 τῷ
825 1076 906 1112 λόγῳ,

111 1123 151 1148 τὰ
169 1123 210 1154 είς
226 1123 288 1154 τοὺς
302 1123 473 1158 πατριάρχας
487 1122 632 1157 γενόμενα.

160 1179 321 1206 Ἐνταῦθαό
346 1179 488 1215 προφήτης
507 1179 547 1210 είς
570 1178 619 1214 τὴν
643 1179 726 1214 εὐχὴν
748 1177 906 1214 μετατίθησι

111 1225 163 1252 τὸν
186 1225 274 1259 λόγον,
290 1225 336 1251 καὶ
360 1225 408 1251 ἀπ’
426 1224 540 1260 οὐρανοῦ
563 1225 706 1261 γνωρίζειν
723 1224 789 1250 Θεὸν
814 1223 885 1255 ἀξιοῖ
898 1231 904 1237 ·

113 1274 167 1308 οὑχ
183 1273 220 1304 ὡς
236 1272 283 1299 τοῦ
298 1272 364 1299 Θεοῦ
378 1273 406 1299 ἐν
421 1273 546 1308 οὐρανοις
556 1271 775 1307 ἀποκλειομένου,
795 1271 841 1297 καὶ
855 1270 907 1302 ἕως

114 1321 171 1353 γῆς
189 1317 288 1352 φθάσαι
304 1318 341 1353 μὴ
361 1317 522 1353 δυναμένους
538 1317 594 1344 ἀλλ’
609 1317 647 1348 ὡς
670 1317 821 1352 ἐγείροντος
841 1324 907 1350 φρο-

114 1365 229 1399 νήματα
246 1363 490 1395 καταπεπτωκότα,
505 1363 552 1390 καὶ
566 1363 605 1394 εἰς
628 1362 680 1397 γῆν
699 1362 817 1396 ἓρποντα
830 1382 837 1392 ,
862 1363 905 1388 ἀν-

115 1410 232 1445 άγοντος
240 1411 278 1442 εἰς
287 1410 426 1444 οὐρανοὺς,
437 1409 483 1435 καὶ
496 1408 697 1440 ὲκδιδὰσκοντος
709 1407 790 1443 μηδὲν
802 1408 905 1443 γήϊνον,

117 1455 204 1491 μηδὲν
221 1454 348 1481 ταπεινὸν
366 1455 435 1480 νοεῖν
451 1454 515 1488 περὶ
535 1452 601 1479 Θεοῦ
612 1461 618 1467 ·
635 1452 692 1479 ἀλλ’
707 1452 814 1484 εἰδέναι,
831 1451 869 1483 ὡς
893 1452 907 1477 ὁ

117 1501 209 1536 μέγας
236 1500 308 1532 νοῦς,
332 1501 346 1526 ὁ
370 1500 404 1527 τὰ
432 1500 519 1526 πάντα
543 1498 661 1534 συνέχων
685 1498 730 1525 καί¹
756 1497 905 1533 κυϐερνῶν,

115 1547 203 1574 τᾶλλα
216 1546 323 1578 οἰκείως
339 1546 500 1581 γνωρίζεται
516 1545 562 1571 ἀπ’
579 1544 705 1580 οὐρανοῦ.

158 1592 224 1618 Οὐδὲ
241 1592 296 1627 γὰρ
318 1591 363 1618 τὸν
392 1590 515 1626 Ἀϐραὰμ
535 1591 639 1625 εἴποιμι
665 1589 699 1616 τὰ
721 1589 769 1616 νῦν
790 1589 904 1624 πατέρα,

116 1640 169 1666 οῦκ
181 1639 344 1674 ἀρνούμενος
357 1638 402 1664 τὸν
417 1637 599 1673 πατριάρχην,
617 1636 674 1663 ἀλλ’
698 1636 736 1668 ὡς
752 1636 850 1671 μᾶλλον
867 1635 906 1671 τῷ
919 1648 939 1676 C

116 1685 179 1720 Θεῷ
192 1683 239 1710 τοῦ
257 1683 358 1718 πατρὸς
369 1683 452 1717 ὄνομα
462 1681 637 1718 ἁρμόζοντος.

161 1742 190 1767 '0
213 1741 355 1776 προφήτης
377 1740 464 1766 πάντα
487 1739 532 1765 ἐπὶ
548 1738 594 1765 τὸν
614 1738 680 1765 Θεὸν
694 1738 833 1774 ἀναφέρει,
855 1738 904 1773 οὐχ

117 1788 158 1819 ὡς
169 1787 215 1813 τοῦ
234 1786 299 1812 Θεοῦ
317 1786 403 1812 αἰτίου
419 1786 483 1820 ἡμῖν
496 1784 637 1820 γινομένου
663 1784 709 1810 τοῦ
726 1784 903 1819 ἁμαρτάνειν,

118 1833 178 1860 ἀλλ’
195 1832 339 1863 ἐνδιδόντος
359 1831 406 1858 καὶ
427 1830 630 1866 συγχωροῦντος
647 1831 738 1856 ἐκεῖνα
761 1829 903 1865 πράττειν,

118 1879 138 1906 ὃ.
153 1879 185 1905 ἄν
200 1887 242 1909 τις
258 1877 383 1912 αἱρῆται·
402 1876 440 1908 ὡς
453 1876 501 1911 τὴν
529 1876 578 1911 μὲν
595 1876 683 1903 αίτίαν
698 1875 769 1910 ἔχειν
786 1875 816 1908 ἐξ
828 1875 904 1911 ἡμῶν

121 1923 169 1950 καὶ
186 1924 250 1959 παρ’
273 1922 361 1958 ἡμῶν,
378 1922 428 1958 τὴν
449 1922 478 1948 δὲ
500 1922 639 1958 ἀναφορὰν
653 1922 700 1948 ἐπὶ
713 1921 759 1948 τὸν
778 1921 853 1948 Θεόν.
871 1936 906 1941 ——

125 1969 171 2001 Ὠς
193 1968 458 2003 ἐγκαταλειφθέντων
474 1968 574 2001 αὐτῶν,
593 1969 638 1995 καὶ
655 1960 691 2004 μὴ
708 1967 905 2002 ἁναστελλομέ-

120 2024 175 2041 νων
191 2013 235 2040 διὰ
250 2013 360 2048 πληγῶν
376 2011 429 2039 τῶν
444 2013 606 2040 κωλυουσῶν
623 2013 659 2048 μὴ
674 2012 850 2048 ἁμαρτάνειν.

157 2114 216 2140 Τῶν
238 2113 291 2149 γὰρ
314 2113 463 2149 Ἀσσυρίων
485 2112 659 2148 ἀφελομένων
678 2112 727 2144 τὰς
744 2112 835 2144 πόλεις
857 2111 906 2138 αὐ-

121 2160 176 2186 τῶν
192 2161 239 2186 καὶ
263 2159 469 2195 περικοψάντων
485 2159 533 2191 τὰς
549 2159 678 2190 πλείστας
699 2158 800 2190 πόλεις,
818 2159 909 2185 ἀντοι-

123 2207 264 2241 κησάντων
279 2206 306 2232 δὲ
320 2206 383 2237 τοὺς
395 2205 547 2237 Γοτθαίους,
560 2206 584 2231 οἳ
599 2205 645 2232 καὶ
662 2205 830 2240 Σαμαρεῖται
845 2205 910 2231 ἑκα-

123 2253 226 2284 λοῦντο,
243 2254 275 2278 ἐκ
299 2252 345 2278 τοῦ
367 2251 449 2278 τόπου
462 2251 510 2286 τὴν
529 2250 720 2287 προσωνυμίαν
742 2251 908 2286 εἰληφότων

126 2299 204 2333 μόνον
227 2298 255 2324 δὲ
281 2297 327 2323 δύο
353 2297 438 2332 ἥμισυ
467 2296 557 2331 φυλῶν
581 2296 806 2333 περιλειφθεισῶν
828 2296 909 2331 μέρος

957 1021 1066 1049 Domini
1086 1022 1113 1049 in
1131 1022 1260 1057 populum
1277 1023 1419 1057 probatos,
1441 1029 1485 1049 res
1502 1021 1656 1056 praeteritas
1687 1028 1746 1048 me-

958 1076 1084 1101 morans,
1097 1073 1123 1095 et
1137 1068 1216 1095 ﬁdem
1240 1072 1270 1095 ut
1287 1069 1339 1095 sibi
1369 1067 1453 1095 faciat
1466 1088 1474 1102 ,
1502 1067 1581 1102 signa
1597 1066 1680 1094 refert
1698 1074 1747 1101 pa-

957 1114 1144 1141 triarcharum
1162 1114 1251 1149 gratia
1264 1114 1348 1142 edita.

991 1170 1121 1199 VensJS.
1139 1170 1188 1197 llic
1202 1171 1332 1206 propheta
1342 1170 1374 1198 ad
1388 1178 1482 1205 preces
1491 1169 1652 1204 confugit,et
1663 1167 1746 1195 Deum

957 1221 1016 1244 orat
1026 1221 1054 1243 ut
1068 1216 1101 1244 de
1116 1217 1185 1243 caalo
1202 1216 1359 1252 prospiciat.
1372 1216 1429 1243 Non
1445 1215 1569 1251 profecto
1584 1216 1661 1250 quasi
1677 1214 1748 1242 Deus

957 1264 985 1290 in
1018 1263 1096 1290 ctelis
1127 1263 1326 1294 includeretur,
1346 1266 1373 1290 et
1402 1267 1503 1290 terram
1536 1269 1670 1296 occupare
1689 1268 1746 1287 non

957 1313 1059 1343 posset,
1077 1307 1125 1335 sed
1143 1314 1173 1334 ut
1190 1308 1328 1335 demissas
1355 1312 1461 1335 mentes
1488 1308 1633 1340 relevaret,
1662 1311 1688 1334 et
1712 1306 1747 1333 ad

957 1358 1060 1380 terram
1074 1354 1218 1389 depressas
1232 1354 1265 1380 ad
1292 1354 1416 1381 cmlestia
1433 1354 1559 1388 erigeret,
1577 1361 1609 1380 ac
1637 1353 1747 1380 doceret

957 1407 1004 1426 eos
1019 1400 1056 1426 nil
1073 1399 1185 1431 humile,
1208 1399 1246 1426 nil
1263 1400 1403 1435 indignum
1418 1400 1451 1427 de
1471 1399 1525 1427 Deo
1546 1407 1608 1427 esse
1626 1399 1747 1426 sentien-

957 1444 1032 1477 dum,
1051 1445 1207 1472 habendum
1225 1453 1289 1472 vero
1305 1453 1361 1480 prae
1386 1445 1474 1472 oculis
1486 1465 1493 1476 ,
1520 1445 1592 1480 quod
1612 1448 1746 1480 praestans

957 1490 1002 1516 illa
1015 1497 1092 1517 mens
1103 1498 1161 1525 qua:I
1174 1494 1273 1516 cuncta
1292 1489 1412 1517 continet
1429 1493 1454 1516 et
1477 1491 1556 1524 regit,
1573 1489 1663 1516 omnia
1678 1495 1746 1524 quo-

957 1545 1009 1571 que
1025 1544 1078 1563 uno
1095 1537 1194 1564 intuitu
1208 1537 1241 1564 de
1257 1537 1326 1564 ccelo
1339 1537 1495 1571 perspiciat.

991 1582 1074 1610 Vens.
1090 1582 1133 1610 16.
1161 1583 1301 1610 Abraham
1327 1586 1432 1617 patrem
1454 1590 1529 1610 nunc
1555 1590 1610 1609 non
1629 1582 1743 1609 vocabo.

957 1636 1012 1656 non
1036 1628 1109 1664 quod
1127 1629 1312 1664 patriarcham
1343 1637 1450 1665 negem,
1472 1629 1519 1657 sed
1540 1628 1614 1664 quod
1646 1635 1744 1656 nomen

956 1674 1045 1702 Patris
1061 1676 1163 1703 rectius
1175 1675 1229 1703 Deo
1243 1675 1384 1703 convenit.

989 1731 1072 1760 Vens.
1087 1733 1131 1760 l7.
1155 1733 1261 1760 (iuncta
1282 1733 1315 1759 ad
1343 1732 1487 1759 Dominum
1512 1732 1647 1760 referente
1676 1739 1745 1767 pro-

954 1777 1046 1813 pheta,
1065 1786 1099 1805 ne
1117 1782 1196 1813 putes
1211 1777 1293 1805 Deum
1307 1778 1387 1805 nobis
1408 1782 1549 1805 auctorem
1571 1783 1744 1812 peccatorum

955 1832 1038 1857 esse;
1064 1823 1224 1851 facultatem
1239 1828 1345 1851 tantum
1365 1823 1498 1859 permittit
1518 1829 1543 1851 et
1561 1825 1686 1851 concedit
1701 1823 1740 1851 fa-

955 1869 1057 1903 ciendi,
1075 1878 1135 1905 quae
1157 1870 1256 1905 cuique
1276 1870 1407 1897 libuerint
1425 1878 1431 1895 :
1449 1877 1532 1897 causa
1568 1870 1652 1905 igitur
1682 1878 1744 1905 pec-

956 1916 1008 1943 cati
1024 1916 1052 1942 in
1069 1916 1149 1944 nobis
1165 1920 1191 1943 et
1206 1923 1221 1942 a
1235 1916 1325 1947 nobis,
1341 1915 1376 1943 ad
1392 1915 1475 1943 Deum
1492 1919 1582 1942 autem
1599 1915 1740 1943 referenda

956 1962 1086 1996 peccandi
1130 1961 1255 1990 facultaS.
1273 1977 1308 1982 —-
1335 1961 1418 1995 Quasi
1449 1961 1741 1996 comprehenderentur

957 2008 1020 2043 ipsi,
1036 2012 1063 2035 et
1078 2007 1281 2036 calamitatibus
1297 2009 1527 2044 opprimerentur,
1547 2015 1581 2034 ne
1597 2012 1742 2042 peccareut

958 2052 1183 2088 impedientibus.

993 2107 1076 2136 Vens.
1101 2109 1143 2136 l9.
1174 2109 1296 2144 Assyriis
1317 2109 1425 2136 scilicet
1438 2109 1520 2137 urbes
1539 2112 1649 2136 nostras
1675 2108 1738 2135 diri-

959 2153 1096 2188 pientibus
1111 2175 1118 2187 ,
1142 2158 1169 2181 et
1191 2154 1339 2190 plerasque
1360 2162 1454 2182 earum
1471 2154 1656 2182 evertentibus
1669 2174 1676 2185 ,
1695 2162 1744 2181 au-

959 2198 1164 2234 ferentibusque
1182 2199 1215 2227 de
1230 2200 1319 2234 patria
1338 2199 1477 2232 Gothaaos,
1501 2200 1548 2234 qui
1564 2203 1592 2227 et
1620 2199 1744 2227 Samari-

960 2244 1015 2271 tani
1041 2249 1184 2276 vocantur,
1207 2245 1259 2272 loci
1290 2246 1400 2273 nomine
1414 2245 1563 2281 appellati;
1579 2253 1612 2273 ac
1637 2246 1745 2274 duabus

962 2295 1066 2317 tantum
1093 2291 1218 2319 tribubus
1245 2291 1273 2318 in
1290 2291 1389 2327 angulo
1413 2292 1628 2324 remanentibus,
1657 2293 1740 2320 sentit

124 2342 290 2377 κατεχόντων
317 2344 422 2378 μικρδν,
448 2344 461 2369 ὁ
487 2342 629 2378 προφήτης
653 2342 738 2377 ἠξίου,
767 2342 837 2368 ὥστε
863 2343 904 2368 καὶ

963 2336 1093 2371 propheta
1111 2344 1222 2371 parvam
1239 2337 1318 2364 istam
1348 2341 1452 2372 partem
1467 2356 1474 2369 ,
1505 2344 1587 2371 quam
1604 2337 1745 2371 possidere

123 2389 200 2415 τοῦτο
213 2388 227 2414 ὃ
241 2388 347 2414 ἐδόκουν
365 2388 490 2423 κατέχειν
505 2387 711 2424 περιλειφθῆναι
730 2388 822 2419 αὐτοῖς
843 2387 911 2423 πρὸς

126 2435 235 2471 μνήμην
251 2434 298 2468 τῆς
312 2434 341 2465 ἐξ
354 2434 440 2469 ἀρχῆς
456 2442 501 2460 σου
517 2435 556 2464 είς
569 2434 599 2460 τὸ
612 2434 689 2468 γένος
704 2433 852 2470 γενομένης
867 2434 911 2460 εὑ-

126 2481 250 2516 μενείας·
271 2480 307 2514 μή
330 2487 366 2513 πη
385 2479 431 2504 καὶ
449 2479 543 2506 τούτου
568 2480 696 2514 ἀρθέντος
713 2479 857 2514 γενοίμεθα
873 2480 910 2510 ὡς

127 2527 161 2562 μὴ
178 2527 240 2558 λαός
257 2535 315 2558 σου,
333 2525 399 2561 μηδὲ
414 2525 630 2561 χρηματίσαντες
648 2526 727 2561 μερίς
747 2527 803 2552 σου.

160 2626 242 2654 Πάλιν
257 2626 395 2662 ἐμφαίνων
416 2626 430 2652 ὁ
446 2626 597 2661 προφήτης,
614 2626 651 2657 ὡς
671 2627 701 2652 οὐ
721 2627 755 2660 δι’
770 2626 909 2652 ἀσθένειαν

125 2672 170 2698 τοῦ
185 2672 253 2698 Θεοῦ
272 2670 343 2699 οὗτοι
359 2672 606 2706 ἐγκατελείφθησαν
621 2672 731 2698 τοιαῦτα
745 2671 907 2706 ὑποστῆναι,

127 2717 200 2753 παρᾶ
215 2719 265 2753 τὴν
284 2719 374 2745 αὐτῶν
399 2718 549 2753 μοχθηρίαν
565 2718 740 2753 ἁμαρτόντων
756 2717 802 2744 καὶ
819 2726 906 2752 παρα·

126 2764 280 2799 ἦεϐηκότων
297 2765 346 2795 τὰς
361 2764 480 2795 ἐντολὰς,
496 2763 632 2799 ἐξηγεῖται
647 2764 696 2798 τὴν
715 2763 909 2798 μεγαλειότητα

127 2809 168 2835 τοῦ
200 2810 284 2843 Θεοῦ,
310 2810 348 2842 ὡς
375 2811 420 2836 καὶ
452 2809 613 2844 βουλομένου
637 2809 718 2836 αὐτοῦ
748 2810 771 2835 οἱ
801 2809 908 2845 οὐρανοὶ

959 2383 1136 2415 videbantur,
1156 2383 1190 2411 iis
1206 2390 1259 2410 non
1280 2383 1334 2410 nisi
1358 2391 1389 2411 ea
1405 2383 1439 2410 de
1469 2390 1552 2411 causa
1576 2383 1661 2411 fuisse
1677 2383 1742 2411 reli-

959 2433 1040 2461 ctam,
1062 2434 1091 2456 ut
1111 2429 1271 2457 memoriam
1290 2429 1468 2464 benignitatis
1487 2433 1649 2462 servarent,
1675 2429 1741 2457 olim

959 2482 974 2500 a
993 2475 1047 2502 Deo
1065 2476 1190 2510 patrihus
1205 2475 1406 2510 comprobatae;
1435 2483 1470 2502 ne
1486 2476 1510 2503 si
1525 2476 1579 2502 ista
1594 2475 1675 2502 etiam
1695 2483 1744 2502 au-

960 2519 1075 2547 ferretur
1090 2529 1104 2547 a
1121 2521 1210 2553 nobis,
1226 2521 1304 2555 quasi
1320 2521 1437 2556 populus
1453 2521 1502 2548 tibi
1516 2521 1632 2555 alienus,
1643 2525 1669 2549 et
1683 2529 1744 2548 mu-

963 2573 1059 2591 nerum
1084 2569 1193 2594 tuorum
1208 2574 1307 2601 expers
1325 2566 1462 2593 lieremus.

998 2621 1061 2648 CAP.
1083 2622 1175 2654 LXIV,
1192 2622 1275 2651 νέης.
1289 2623 1314 2650 l.
1331 2622 1437 2650 Rursus
1453 2622 1596 2650 declarans
1614 2622 1744 2657 propheta

963 2675 1016 2695 non
1042 2673 1154 2703 propter
1180 2669 1395 2696 imbecillitatem
1414 2668 1459 2696 Dei
1485 2669 1559 2703 ipsos
1589 2668 1675 2695 fuisse
1695 2676 1744 2702 op-

963 2722 1083 2749 pressos,
1105 2715 1152 2742 sed
1171 2719 1283 2750 propter
1299 2715 1450 2750 nequitiam
1474 2715 1644 2749 peccantium
1661 2717 1688 2741 et
1703 2714 1742 2740 le-

962 2768 1009 2796 ges
1025 2761 1132 2788 divinas
1156 2762 1326 2793 violantium,
1353 2762 1432 2788 ell'ert‘
1446 2761 1646 2795 sublimitatem
1670 2759 1716 2787 Dei
1735 2769 1742 2791 ;

964 2809 1064 2843 quippe
1077 2808 1122 2843 qui
1138 2811 1230 2835 tantus
1247 2812 1300 2842 est,
1317 2811 1356 2841 ut,
1375 2808 1434 2842 πρςο
1449 2808 1570 2841 iubente,
1583 2808 1673 2836 mlum
1688 2814 1742 2834 ανθ-
