  <div class='ocr_page' id='page_1' title='image "/cluster/home/n/w/nwhite01/storage/ocr_20150623/18/njp.32101077772455/1102.png"; bbox 0 0 1919 3075; ppageno 0'>
   <div class='ocr_carea' id='block_1_1' title="bbox 61 86 164 116">
    <p class='ocr_par' dir='ltr' id='par_1_1' title="bbox 61 86 164 116">
     <span class='ocr_line' id='line_1_1' title="bbox 61 86 164 116; baseline 0.019 -2"><span class='ocrx_word' id='word_1_1' title='bbox 61 86 164 116; x_wconf 72' lang='grc'><strong>1573</strong></span> 
     </span>
    </p>
   </div>
   <div class='ocr_carea' id='block_1_2' title="bbox 822 99 999 128">
    <p class='ocr_par' dir='ltr' id='par_1_2' title="bbox 822 99 999 128">
     <span class='ocr_line' id='line_1_2' title="bbox 822 99 999 128; baseline 0.011 -2"><span class='ocrx_word' id='word_1_2' title='bbox 822 99 856 126; x_wconf 79' lang='lat' dir='ltr'><strong>IN</strong></span> <span class='ocrx_word' id='word_1_3' title='bbox 874 100 999 128; x_wconf 76' lang='lat' dir='ltr'><strong>ISAIAM.</strong></span> 
     </span>
    </p>
   </div>
   <div class='ocr_carea' id='block_1_3' title="bbox 1643 111 1710 140">
    <p class='ocr_par' dir='ltr' id='par_1_3' title="bbox 1643 111 1710 140">
     <span class='ocr_line' id='line_1_3' title="bbox 1643 111 1710 140; baseline 0.03 -2"><span class='ocrx_word' id='word_1_4' title='bbox 1643 111 1710 140; x_wconf 65' lang='lat' dir='ltr'><strong>I374</strong></span> 
     </span>
    </p>
   </div>
   <div class='ocr_carea' id='block_1_4' title="bbox 62 147 880 203">
    <p class='ocr_par' dir='ltr' id='par_1_4' title="bbox 62 147 880 195">
     <span class='ocr_line' id='line_1_4' title="bbox 62 147 880 195; baseline 0.013 -20"><span class='ocrx_word' id='word_1_5' title='bbox 62 149 132 176; x_wconf 69' lang='grc' dir='ltr'>οὐκ</span> <span class='ocrx_word' id='word_1_6' title='bbox 155 147 257 185; x_wconf 78' lang='grc' dir='ltr'>εἶξαν·</span> <span class='ocrx_word' id='word_1_7' title='bbox 278 151 335 179; x_wconf 82' lang='grc' dir='ltr'>ἀλλ’</span> <span class='ocrx_word' id='word_1_8' title='bbox 351 153 506 181; x_wconf 78' lang='grc' dir='ltr'>ἑπετείνατε</span> <span class='ocrx_word' id='word_1_9' title='bbox 523 155 583 182; x_wconf 83' lang='grc' dir='ltr'>καθ’</span> <span class='ocrx_word' id='word_1_10' title='bbox 601 156 704 183; x_wconf 73' lang='grc' dir='ltr'>ἑαυτῶν</span> <span class='ocrx_word' id='word_1_11' title='bbox 723 158 757 184; x_wconf 88' lang='grc' dir='ltr'><strong>τά</strong></span> <span class='ocrx_word' id='word_1_12' title='bbox 768 159 880 195; x_wconf 83' lang='grc' dir='ltr'>πονηρὰ,</span> 
     </span>
    </p>
   </div>
   <div class='ocr_carea' id='block_1_5' title="bbox 938 147 1708 203">
    <p class='ocr_par' dir='ltr' id='par_1_5' title="bbox 938 166 1708 203">
     <span class='ocr_line' id='line_1_5' title="bbox 938 166 1708 203; baseline 0.013 -15"><span class='ocrx_word' id='word_1_13' title='bbox 938 169 1000 189; x_wconf 76' lang='lat' dir='ltr'><strong>suas</strong></span> <span class='ocrx_word' id='word_1_14' title='bbox 1016 166 1098 190; x_wconf 83' lang='lat' dir='ltr'><strong>etiam</strong></span> <span class='ocrx_word' id='word_1_15' title='bbox 1114 170 1258 198; x_wconf 81' lang='lat' dir='ltr'><strong>auxerunt,</strong></span> <span class='ocrx_word' id='word_1_16' title='bbox 1274 173 1359 201; x_wconf 80' lang='lat' dir='ltr'><strong>eaque</strong></span> <span class='ocrx_word' id='word_1_17' title='bbox 1372 167 1492 195; x_wconf 77' lang='lat' dir='ltr'><strong>fecerunt</strong></span> <span class='ocrx_word' id='word_1_18' title='bbox 1506 176 1566 203; x_wconf 74' lang='lat' dir='ltr'><strong>qua:</strong></span> <span class='ocrx_word' id='word_1_19' title='bbox 1573 169 1708 199; x_wconf 86' lang='lat' dir='ltr'><strong>nol‘ebam.</strong></span> 
     </span>
    </p>
   </div>
   <div class='ocr_carea' id='block_1_6' title="bbox 65 195 589 236">
    <p class='ocr_par' dir='ltr' id='par_1_6' title="bbox 65 195 589 236">
     <span class='ocr_line' id='line_1_6' title="bbox 65 195 589 236; baseline 0.013 -14"><span class='ocrx_word' id='word_1_20' title='bbox 65 195 132 222; x_wconf 74' lang='grc' dir='ltr'>καὶ</span> <span class='ocrx_word' id='word_1_21' title='bbox 151 197 179 224; x_wconf 76' lang='grc' dir='ltr'>ἃ</span> <span class='ocrx_word' id='word_1_22' title='bbox 195 197 245 224; x_wconf 84' lang='grc' dir='ltr'>οὐκ</span> <span class='ocrx_word' id='word_1_23' title='bbox 261 199 361 234; x_wconf 72' lang='grc' dir='ltr'>ἤρεσκέ</span> <span class='ocrx_word' id='word_1_24' title='bbox 377 208 421 234; x_wconf 88' lang='grc' dir='ltr'><strong>μοι</strong></span> <span class='ocrx_word' id='word_1_25' title='bbox 432 201 589 236; x_wconf 77' lang='grc' dir='ltr'>ἐπράττετε.</span> 
     </span>
    </p>
   </div>
   <div class='ocr_carea' id='block_1_7' title="bbox 125 242 883 287">
    <p class='ocr_par' dir='ltr' id='par_1_7' title="bbox 125 242 883 287">
     <span class='ocr_line' id='line_1_7' title="bbox 125 242 883 287; baseline 0.012 -18"><span class='ocrx_word' id='word_1_26' title='bbox 125 242 251 278; x_wconf 81' lang='grc' dir='ltr'><strong>Ἐπειδὴ</strong></span> <span class='ocrx_word' id='word_1_27' title='bbox 261 243 325 279; x_wconf 82' lang='grc' dir='ltr'>γὰρ,</span> <span class='ocrx_word' id='word_1_28' title='bbox 340 245 404 280; x_wconf 73' lang='grc' dir='ltr'>περὶ</span> <span class='ocrx_word' id='word_1_29' title='bbox 417 247 538 282; x_wconf 81' lang='grc' dir='ltr'><strong>γαστέρα</strong></span> <span class='ocrx_word' id='word_1_30' title='bbox 558 248 760 284; x_wconf 75' lang='grc' dir='ltr'><strong>ἀσχολούμενοι,</strong></span> <span class='ocrx_word' id='word_1_31' title='bbox 775 253 815 283; x_wconf 83' lang='grc' dir='ltr'><strong>εἰς</strong></span> <span class='ocrx_word' id='word_1_32' title='bbox 834 252 883 287; x_wconf 87' lang='grc' dir='ltr'>τὴν</span> 
     </span>
    </p>
   </div>
   <div class='ocr_carea' id='block_1_8' title="bbox 66 286 882 332">
    <p class='ocr_par' dir='ltr' id='par_1_8' title="bbox 66 286 882 332">
     <span class='ocr_line' id='line_1_8' title="bbox 66 286 882 332; baseline 0.013 -19"><span class='ocrx_word' id='word_1_33' title='bbox 66 286 144 332; x_wconf 59' lang='grc' dir='ltr'>’τῶν</span> <span class='ocrx_word' id='word_1_34' title='bbox 173 289 286 324; x_wconf 84' lang='grc' dir='ltr'><strong>καρπῶν</strong></span> <span class='ocrx_word' id='word_1_35' title='bbox 304 290 451 318; x_wconf 81' lang='grc' dir='ltr'><strong>ἀπόλαυσιν</strong></span> <span class='ocrx_word' id='word_1_36' title='bbox 466 292 496 318; x_wconf 85' lang='grc' dir='ltr'><strong>τὺ</strong></span> <span class='ocrx_word' id='word_1_37' title='bbox 511 293 565 319; x_wconf 83' lang='grc' dir='ltr'><strong>πᾶν</strong></span> <span class='ocrx_word' id='word_1_38' title='bbox 576 294 626 328; x_wconf 85' lang='grc' dir='ltr'>τῆς</span> <span class='ocrx_word' id='word_1_39' title='bbox 643 295 811 332; x_wconf 81' lang='grc' dir='ltr'>εὐφροσύνης</span> <span class='ocrx_word' id='word_1_40' title='bbox 827 286 882 324; x_wconf 81' lang='grc' dir='ltr'>ἐτί-</span> 
     </span>
    </p>
   </div>
   <div class='ocr_carea' id='block_1_9' title="bbox 69 331 882 373">
    <p class='ocr_par' dir='ltr' id='par_1_9' title="bbox 69 331 882 373">
     <span class='ocr_line' id='line_1_9' title="bbox 69 331 882 373; baseline 0.015 -16"><span class='ocrx_word' id='word_1_41' title='bbox 69 331 190 366; x_wconf 84' lang='grc' dir='ltr'>Θεντο,</span> <span class='ocrx_word' id='word_1_42' title='bbox 217 335 264 361; x_wconf 72' lang='grc' dir='ltr'>καὶ.</span> <span class='ocrx_word' id='word_1_43' title='bbox 295 335 455 371; x_wconf 79' lang='grc' dir='ltr'><strong>εὐδαίμονας</strong></span> <span class='ocrx_word' id='word_1_44' title='bbox 478 337 600 373; x_wconf 72' lang='grc' dir='ltr'>ἐνόμιζον</span> <span class='ocrx_word' id='word_1_45' title='bbox 615 339 677 371; x_wconf 83' lang='grc' dir='ltr'>τοὺς</span> <span class='ocrx_word' id='word_1_46' title='bbox 693 340 794 368; x_wconf 81' lang='grc' dir='ltr'>τούτων</span> <span class='ocrx_word' id='word_1_47' title='bbox 814 342 882 369; x_wconf 84' lang='grc' dir='ltr'>ἀπο-</span> 
     </span>
    </p>
   </div>
   <div class='ocr_carea' id='block_1_10' title="bbox 67 376 881 423">
    <p class='ocr_par' dir='ltr' id='par_1_10' title="bbox 67 376 881 423">
     <span class='ocr_line' id='line_1_10' title="bbox 67 376 881 423; baseline 0.014 -20"><span class='ocrx_word' id='word_1_48' title='bbox 67 376 242 423; x_wconf 45' lang='grc' dir='ltr'>λαύοντας,</span> <span class='ocrx_word' id='word_1_49' title='bbox 267 380 387 415; x_wconf 85' lang='grc' dir='ltr'>λυπῆσαι</span> <span class='ocrx_word' id='word_1_50' title='bbox 407 382 506 414; x_wconf 78' lang='grc' dir='ltr'>αὐτοὺς</span> <span class='ocrx_word' id='word_1_51' title='bbox 527 382 686 419; x_wconf 87' lang='grc' dir='ltr'>βουλόμενος</span> <span class='ocrx_word' id='word_1_52' title='bbox 710 386 738 412; x_wconf 82' lang='grc' dir='ltr'>ἑν</span> <span class='ocrx_word' id='word_1_53' title='bbox 753 388 786 422; x_wconf 83' lang='grc' dir='ltr'>τῇ</span> <span class='ocrx_word' id='word_1_54' title='bbox 804 387 881 423; x_wconf 83' lang='grc' dir='ltr'>ἀκοῇ,</span> 
     </span>
    </p>
   </div>
   <div class='ocr_carea' id='block_1_11' title="bbox 71 422 882 463">
    <p class='ocr_par' dir='ltr' id='par_1_11' title="bbox 71 422 882 463">
     <span class='ocr_line' id='line_1_11' title="bbox 71 422 882 463; baseline 0.015 -16"><span class='ocrx_word' id='word_1_55' title='bbox 71 422 119 448; x_wconf 76' lang='grc' dir='ltr'><strong>ἶν’</strong></span> <span class='ocrx_word' id='word_1_56' title='bbox 142 424 363 459; x_wconf 70' lang='grc' dir='ltr'><strong>ἐπιστρέψαντες</strong></span> <span class='ocrx_word' id='word_1_57' title='bbox 383 426 507 461; x_wconf 86' lang='grc' dir='ltr'><strong>σωθῶσι,</strong></span> <span class='ocrx_word' id='word_1_58' title='bbox 524 428 573 462; x_wconf 87' lang='grc' dir='ltr'>τὴν</span> <span class='ocrx_word' id='word_1_59' title='bbox 593 428 695 456; x_wconf 85' lang='grc' dir='ltr'>τούτων</span> <span class='ocrx_word' id='word_1_60' title='bbox 717 430 807 463; x_wconf 81' lang='grc' dir='ltr'>αὐτοῖς</span> <span class='ocrx_word' id='word_1_61' title='bbox 823 422 882 459; x_wconf 62' lang='grc' dir='ltr'>στέ-</span> 
     </span>
    </p>
   </div>
   <div class='ocr_carea' id='block_1_12' title="bbox 72 471 384 505">
    <p class='ocr_par' dir='ltr' id='par_1_12' title="bbox 72 471 384 505">
     <span class='ocr_line' id='line_1_12' title="bbox 72 471 384 505; baseline 0.016 -12"><span class='ocrx_word' id='word_1_62' title='bbox 72 476 120 502; x_wconf 78' lang='grc' dir='ltr'><strong>ρη</strong></span> <span class='ocrx_word' id='word_1_63' title='bbox 125 477 180 495; x_wconf 81' lang='grc' dir='ltr'><strong>σιν</strong></span> <span class='ocrx_word' id='word_1_64' title='bbox 195 471 384 505; x_wconf 77' lang='grc' dir='ltr'><strong>προαγορεύει.</strong></span> 
     </span>
    </p>
   </div>
   <div class='ocr_carea' id='block_1_13' title="bbox 122 514 884 556">
    <p class='ocr_par' dir='ltr' id='par_1_13' title="bbox 122 514 884 556">
     <span class='ocr_line' id='line_1_13' title="bbox 122 514 884 556; baseline 0.012 -16"><span class='ocrx_word' id='word_1_65' title='bbox 122 514 343 549; x_wconf 77' lang='grc' dir='ltr'>Προκαταλέξας</span> <span class='ocrx_word' id='word_1_66' title='bbox 369 517 387 544; x_wconf 77' lang='grc' dir='ltr'>ἃ</span> <span class='ocrx_word' id='word_1_67' title='bbox 401 518 538 546; x_wconf 77' lang='grc' dir='ltr'>πείσονται</span> <span class='ocrx_word' id='word_1_68' title='bbox 561 521 586 546; x_wconf 87' lang='grc' dir='ltr'>οἱ</span> <span class='ocrx_word' id='word_1_69' title='bbox 602 520 639 556; x_wconf 85' lang='grc' dir='ltr'>μὴ</span> <span class='ocrx_word' id='word_1_70' title='bbox 660 521 818 556; x_wconf 79' lang='grc' dir='ltr'>φοϐούμενοι</span> <span class='ocrx_word' id='word_1_71' title='bbox 840 523 884 549; x_wconf 79' lang='grc' dir='ltr'><strong>τὸν</strong></span> 
     </span>
    </p>
   </div>
   <div class='ocr_carea' id='block_1_14' title="bbox 74 558 883 601">
    <p class='ocr_par' dir='ltr' id='par_1_14' title="bbox 74 558 883 601">
     <span class='ocr_line' id='line_1_14' title="bbox 74 558 883 601; baseline 0.012 -17"><span class='ocrx_word' id='word_1_72' title='bbox 74 558 214 595; x_wconf 81' lang='grc' dir='ltr'>Κύριον,</span> <span class='ocrx_word' id='word_1_73' title='bbox 228 561 294 595; x_wconf 82' lang='grc' dir='ltr'>μηδὲ</span> <span class='ocrx_word' id='word_1_74' title='bbox 306 562 515 598; x_wconf 79' lang='grc' dir='ltr'>ἐπιστρέφοντες</span> <span class='ocrx_word' id='word_1_75' title='bbox 532 565 599 601; x_wconf 81' lang='grc' dir='ltr'>πρὸς</span> <span class='ocrx_word' id='word_1_76' title='bbox 617 566 707 599; x_wconf 82' lang='grc' dir='ltr'>αὑτὸν,</span> <span class='ocrx_word' id='word_1_77' title='bbox 723 567 830 601; x_wconf 79' lang='grc' dir='ltr'><strong>ἐπάγει,</strong></span> <span class='ocrx_word' id='word_1_78' title='bbox 843 568 883 594; x_wconf 80' lang='grc' dir='ltr'>ὃτι</span> 
     </span>
    </p>
   </div>
   <div class='ocr_carea' id='block_1_15' title="bbox 83 604 884 648">
    <p class='ocr_par' dir='ltr' id='par_1_15' title="bbox 83 604 884 648">
     <span class='ocr_line' id='line_1_15' title="bbox 83 604 884 648; baseline 0.014 -18"><span class='ocrx_word' id='word_1_79' title='bbox 83 604 281 637; x_wconf 79' lang='grc' dir='ltr'>Ἀπεναντίας</span> <span class='ocrx_word' id='word_1_80' title='bbox 304 607 405 634; x_wconf 84' lang='grc' dir='ltr'>τούτων</span> <span class='ocrx_word' id='word_1_81' title='bbox 428 610 453 635; x_wconf 77' lang='grc' dir='ltr'>οἱ</span> <span class='ocrx_word' id='word_1_82' title='bbox 482 609 651 643; x_wconf 71' lang='grc' dir='ltr'>δουλεύοντες</span> <span class='ocrx_word' id='word_1_83' title='bbox 679 621 723 647; x_wconf 90' lang='grc' dir='ltr'><strong>μοι</strong></span> <span class='ocrx_word' id='word_1_84' title='bbox 752 613 782 639; x_wconf 85' lang='grc' dir='ltr'>οὺ</span> <span class='ocrx_word' id='word_1_85' title='bbox 804 613 884 648; x_wconf 87' lang='grc' dir='ltr'>μόνον</span> 
     </span>
    </p>
   </div>
   <div class='ocr_carea' id='block_1_16' title="bbox 75 650 883 695">
    <p class='ocr_par' dir='ltr' id='par_1_16' title="bbox 75 650 883 695">
     <span class='ocr_line' id='line_1_16' title="bbox 75 650 883 695; baseline 0.012 -19"><span class='ocrx_word' id='word_1_86' title='bbox 75 650 249 684; x_wconf 79' lang='grc' dir='ltr'>τεύξονται,</span> <span class='ocrx_word' id='word_1_87' title='bbox 264 651 332 679; x_wconf 85' lang='grc' dir='ltr'>ἀλλὰ</span> <span class='ocrx_word' id='word_1_88' title='bbox 347 655 392 681; x_wconf 77' lang='grc' dir='ltr'>καὶ</span> <span class='ocrx_word' id='word_1_89' title='bbox 407 654 557 690; x_wconf 82' lang='grc' dir='ltr'>ὀνομάτων,</span> <span class='ocrx_word' id='word_1_90' title='bbox 569 657 693 693; x_wconf 85' lang='grc' dir='ltr'>καθάπερ</span> <span class='ocrx_word' id='word_1_91' title='bbox 708 659 732 685; x_wconf 87' lang='grc' dir='ltr'><strong>οἰ</strong></span> <span class='ocrx_word' id='word_1_92' title='bbox 749 660 883 695; x_wconf 85' lang='grc' dir='ltr'>πατριάρ-</span> 
     </span>
    </p>
   </div>
   <div class='ocr_carea' id='block_1_17' title="bbox 75 697 883 740">
    <p class='ocr_par' dir='ltr' id='par_1_17' title="bbox 75 697 883 740">
     <span class='ocr_line' id='line_1_17' title="bbox 75 697 883 740; baseline 0.012 -18"><span class='ocrx_word' id='word_1_93' title='bbox 75 706 155 732; x_wconf 83' lang='grc' dir='ltr'>χαι,</span> <span class='ocrx_word' id='word_1_94' title='bbox 172 697 197 724; x_wconf 76' lang='grc' dir='ltr'>οἳ</span> <span class='ocrx_word' id='word_1_95' title='bbox 211 698 278 733; x_wconf 85' lang='grc' dir='ltr'>πρὸς</span> <span class='ocrx_word' id='word_1_96' title='bbox 291 700 346 731; x_wconf 86' lang='grc' dir='ltr'>τοῖς</span> <span class='ocrx_word' id='word_1_97' title='bbox 361 700 471 735; x_wconf 87' lang='grc' dir='ltr'>τρόποις</span> <span class='ocrx_word' id='word_1_98' title='bbox 485 702 531 728; x_wconf 77' lang='grc' dir='ltr'>καὶ</span> <span class='ocrx_word' id='word_1_99' title='bbox 542 702 680 738; x_wconf 82' lang='grc' dir='ltr'><strong>ὀνομάτων</strong></span> <span class='ocrx_word' id='word_1_100' title='bbox 691 705 791 731; x_wconf 86' lang='grc' dir='ltr'>καινῶν</span> <span class='ocrx_word' id='word_1_101' title='bbox 804 705 883 740; x_wconf 83' lang='grc' dir='ltr'>ὲτύγ-</span> 
     </span>
    </p>
   </div>
   <div class='ocr_carea' id='block_1_18' title="bbox 76 744 884 787">
    <p class='ocr_par' dir='ltr' id='par_1_18' title="bbox 76 744 884 787">
     <span class='ocr_line' id='line_1_18' title="bbox 76 744 884 787; baseline 0.012 -19"><span class='ocrx_word' id='word_1_102' title='bbox 76 751 192 777; x_wconf 81' lang='grc' dir='ltr'>χανον.</span> <span class='ocrx_word' id='word_1_103' title='bbox 211 744 319 770; x_wconf 78' lang='grc' dir='ltr'>Τούτων</span> <span class='ocrx_word' id='word_1_104' title='bbox 331 745 359 771; x_wconf 83' lang='grc' dir='ltr'>δὲ</span> <span class='ocrx_word' id='word_1_105' title='bbox 376 745 413 781; x_wconf 86' lang='grc' dir='ltr'>μὴ</span> <span class='ocrx_word' id='word_1_106' title='bbox 432 748 642 782; x_wconf 84' lang='grc' dir='ltr'>μετανοούντων,</span> <span class='ocrx_word' id='word_1_107' title='bbox 657 750 736 776; x_wconf 84' lang='grc' dir='ltr'>τοῦτο</span> <span class='ocrx_word' id='word_1_108' title='bbox 752 750 782 777; x_wconf 84' lang='grc' dir='ltr'>τὸ</span> <span class='ocrx_word' id='word_1_109' title='bbox 800 751 884 787; x_wconf 75' lang='grc' dir='ltr'>ὄνομα</span> 
     </span>
    </p>
   </div>
   <div class='ocr_carea' id='block_1_19' title="bbox 77 786 883 830">
    <p class='ocr_par' dir='ltr' id='par_1_19' title="bbox 77 786 883 830">
     <span class='ocr_line' id='line_1_19' title="bbox 77 786 883 830; baseline 0.014 -18"><span class='ocrx_word' id='word_1_110' title='bbox 77 786 241 823; x_wconf 82' lang='grc' dir='ltr'>δοθήσεται</span> <span class='ocrx_word' id='word_1_111' title='bbox 255 790 311 820; x_wconf 87' lang='grc' dir='ltr'>τοῖς</span> <span class='ocrx_word' id='word_1_112' title='bbox 326 789 426 822; x_wconf 71' lang='grc' dir='ltr'>ἔθνεσι,</span> <span class='ocrx_word' id='word_1_113' title='bbox 437 791 466 817; x_wconf 85' lang='grc' dir='ltr'><strong>τὺ</strong></span> <span class='ocrx_word' id='word_1_114' title='bbox 480 792 530 826; x_wconf 85' lang='grc' dir='ltr'>μὲν</span> <span class='ocrx_word' id='word_1_115' title='bbox 552 793 592 824; x_wconf 84' lang='grc' dir='ltr'><strong>εἰς</strong></span> <span class='ocrx_word' id='word_1_116' title='bbox 613 794 665 827; x_wconf 77' lang='grc' dir='ltr'>ἀεὶ,</span> <span class='ocrx_word' id='word_1_117' title='bbox 684 795 752 830; x_wconf 84' lang='grc' dir='ltr'>ὅπερ</span> <span class='ocrx_word' id='word_1_118' title='bbox 774 796 832 822; x_wconf 75' lang='grc' dir='ltr'>ἐστὶ</span> <span class='ocrx_word' id='word_1_119' title='bbox 849 786 883 822; x_wconf 77' lang='grc' dir='ltr'>τὸ</span> 
     </span>
    </p>
   </div>
   <div class='ocr_carea' id='block_1_20' title="bbox 967 248 1708 291">
    <p class='ocr_par' dir='ltr' id='par_1_20' title="bbox 967 248 1708 291">
     <span class='ocr_line' id='line_1_20' title="bbox 967 248 1708 291; baseline 0.012 -16"><span class='ocrx_word' id='word_1_120' title='bbox 967 248 1052 277; x_wconf 75' lang='lat' dir='ltr'><strong>Vsns.</strong></span> <span class='ocrx_word' id='word_1_121' title='bbox 1068 250 1112 278; x_wconf 77' lang='grc'><strong>15.</strong></span> <span class='ocrx_word' id='word_1_122' title='bbox 1134 250 1248 283; x_wconf 84' lang='lat' dir='ltr'><strong>Quando</strong></span> <span class='ocrx_word' id='word_1_123' title='bbox 1266 254 1351 280; x_wconf 89' lang='lat' dir='ltr'><strong>ventri</strong></span> <span class='ocrx_word' id='word_1_124' title='bbox 1368 255 1446 281; x_wconf 87' lang='lat' dir='ltr'><strong>unice</strong></span> <span class='ocrx_word' id='word_1_125' title='bbox 1465 254 1574 288; x_wconf 84' lang='lat' dir='ltr'><strong>deditis,</strong></span> <span class='ocrx_word' id='word_1_126' title='bbox 1601 255 1628 283; x_wconf 88' lang='lat' dir='ltr'><strong>in</strong></span> <span class='ocrx_word' id='word_1_127' title='bbox 1643 264 1708 291; x_wconf 87' lang='lat' dir='ltr'><strong>pos-</strong></span> 
     </span>
    </p>
   </div>
   <div class='ocr_carea' id='block_1_21' title="bbox 933 294 1709 330">
    <p class='ocr_par' dir='ltr' id='par_1_21' title="bbox 933 294 1709 330">
     <span class='ocr_line' id='line_1_21' title="bbox 933 294 1709 330; baseline 0.012 -10"><span class='ocrx_word' id='word_1_128' title='bbox 933 294 1055 322; x_wconf 83' lang='lat' dir='ltr'><strong>sidendis</strong></span> <span class='ocrx_word' id='word_1_129' title='bbox 1071 295 1196 330; x_wconf 78' lang='lat' dir='ltr'><strong>frugibus</strong></span> <span class='ocrx_word' id='word_1_130' title='bbox 1221 304 1355 324; x_wconf 86' lang='lat' dir='ltr'><strong>summam</strong></span> <span class='ocrx_word' id='word_1_131' title='bbox 1379 298 1536 326; x_wconf 77' lang='lat' dir='ltr'><strong>felicitatem</strong></span> <span class='ocrx_word' id='word_1_132' title='bbox 1559 301 1709 329; x_wconf 79' lang='lat' dir='ltr'><strong>consistere</strong></span> 
     </span>
    </p>
   </div>
   <div class='ocr_carea' id='block_1_22' title="bbox 932 339 1709 381">
    <p class='ocr_par' dir='ltr' id='par_1_22' title="bbox 932 339 1709 381">
     <span class='ocr_line' id='line_1_22' title="bbox 932 339 1709 381; baseline 0.013 -16"><span class='ocrx_word' id='word_1_133' title='bbox 932 339 1082 372; x_wconf 74' lang='lat' dir='ltr'><strong>videretur,</strong></span> <span class='ocrx_word' id='word_1_134' title='bbox 1107 348 1139 368; x_wconf 88' lang='lat' dir='ltr'><strong>ac</strong></span> <span class='ocrx_word' id='word_1_135' title='bbox 1165 349 1212 369; x_wconf 87' lang='lat' dir='ltr'><strong>eos</strong></span> <span class='ocrx_word' id='word_1_136' title='bbox 1239 346 1346 370; x_wconf 91' lang='lat' dir='ltr'><strong>tantum</strong></span> <span class='ocrx_word' id='word_1_137' title='bbox 1371 343 1466 372; x_wconf 91' lang='lat' dir='ltr'><strong>beatos</strong></span> <span class='ocrx_word' id='word_1_138' title='bbox 1490 354 1551 373; x_wconf 88' lang='lat' dir='ltr'><strong>esse</strong></span> <span class='ocrx_word' id='word_1_139' title='bbox 1577 347 1623 381; x_wconf 91' lang='lat' dir='ltr'><strong>qui</strong></span> <span class='ocrx_word' id='word_1_140' title='bbox 1648 347 1709 375; x_wconf 81' lang='lat' dir='ltr'><strong>istis</strong></span> 
     </span>
    </p>
   </div>
   <div class='ocr_carea' id='block_1_23' title="bbox 932 383 1708 423">
    <p class='ocr_par' dir='ltr' id='par_1_23' title="bbox 932 383 1708 423">
     <span class='ocr_line' id='line_1_23' title="bbox 932 383 1708 423; baseline 0.012 -13"><span class='ocrx_word' id='word_1_141' title='bbox 932 383 1083 418; x_wconf 85' lang='lat' dir='ltr'><strong>abundant,</strong></span> <span class='ocrx_word' id='word_1_142' title='bbox 1102 389 1204 413; x_wconf 87' lang='lat' dir='ltr'><strong>terrere</strong></span> <span class='ocrx_word' id='word_1_143' title='bbox 1221 394 1268 413; x_wconf 80' lang='lat' dir='ltr'><strong>eos</strong></span> <span class='ocrx_word' id='word_1_144' title='bbox 1280 395 1405 416; x_wconf 87' lang='lat' dir='ltr'><strong>sermone</strong></span> <span class='ocrx_word' id='word_1_145' title='bbox 1424 390 1526 423; x_wconf 79' lang='lat' dir='ltr'><strong>volens,</strong></span> <span class='ocrx_word' id='word_1_146' title='bbox 1543 394 1573 418; x_wconf 90' lang='lat' dir='ltr'><strong>ut</strong></span> <span class='ocrx_word' id='word_1_147' title='bbox 1584 391 1708 419; x_wconf 86' lang='lat' dir='ltr'><strong>conversi</strong></span> 
     </span>
    </p>
   </div>
   <div class='ocr_carea' id='block_1_24' title="bbox 932 430 1505 467">
    <p class='ocr_par' dir='ltr' id='par_1_24' title="bbox 932 430 1505 467">
     <span class='ocr_line' id='line_1_24' title="bbox 932 430 1505 467; baseline 0.007 -10"><span class='ocrx_word' id='word_1_148' title='bbox 932 430 1083 464; x_wconf 83' lang='lat' dir='ltr'><strong>salventur,</strong></span> <span class='ocrx_word' id='word_1_149' title='bbox 1101 431 1210 466; x_wconf 79' lang='lat' dir='ltr'><strong>frugum</strong></span> <span class='ocrx_word' id='word_1_150' title='bbox 1222 432 1343 467; x_wconf 79' lang='lat' dir='ltr'><strong>inopiam</strong></span> <span class='ocrx_word' id='word_1_151' title='bbox 1354 433 1505 461; x_wconf 79' lang='lat' dir='ltr'><strong>denuntiat.</strong></span> 
     </span>
    </p>
   </div>
   <div class='ocr_carea' id='block_1_25' title="bbox 974 517 1707 556">
    <p class='ocr_par' dir='ltr' id='par_1_25' title="bbox 974 517 1707 556">
     <span class='ocr_line' id='line_1_25' title="bbox 974 517 1707 556; baseline 0.01 -12"><span class='ocrx_word' id='word_1_152' title='bbox 974 517 1053 546; x_wconf 79' lang='lat' dir='ltr'><strong>Vnns.</strong></span> <span class='ocrx_word' id='word_1_153' title='bbox 1083 519 1126 546; x_wconf 80' lang='grc'><strong>15.</strong></span> <span class='ocrx_word' id='word_1_154' title='bbox 1149 519 1292 548; x_wconf 72' lang='grc' dir='ltr'>Ρτιεὰίειίε</span> <span class='ocrx_word' id='word_1_155' title='bbox 1309 529 1369 556; x_wconf 66' lang='lat' dir='ltr'><strong>qua:</strong></span> <span class='ocrx_word' id='word_1_156' title='bbox 1384 521 1540 550; x_wconf 87' lang='lat' dir='ltr'><strong>hominibus</strong></span> <span class='ocrx_word' id='word_1_157' title='bbox 1556 523 1707 556; x_wconf 86' lang='lat' dir='ltr'><strong>imminent,</strong></span> 
     </span>
    </p>
   </div>
   <div class='ocr_carea' id='block_1_26' title="bbox 932 563 1709 604">
    <p class='ocr_par' dir='ltr' id='par_1_26' title="bbox 932 563 1709 604">
     <span class='ocr_line' id='line_1_26' title="bbox 932 563 1709 604; baseline 0.008 -14"><span class='ocrx_word' id='word_1_158' title='bbox 932 572 983 591; x_wconf 89' lang='lat' dir='ltr'><strong>nec</strong></span> <span class='ocrx_word' id='word_1_159' title='bbox 995 563 1079 591; x_wconf 92' lang='lat' dir='ltr'><strong>Deum</strong></span> <span class='ocrx_word' id='word_1_160' title='bbox 1095 564 1263 599; x_wconf 79' lang='lat' dir='ltr'><strong>timentibus,</strong></span> <span class='ocrx_word' id='word_1_161' title='bbox 1293 574 1342 594; x_wconf 90' lang='lat' dir='ltr'><strong>nec</strong></span> <span class='ocrx_word' id='word_1_162' title='bbox 1361 568 1394 594; x_wconf 89' lang='lat' dir='ltr'><strong>ad</strong></span> <span class='ocrx_word' id='word_1_163' title='bbox 1414 568 1503 602; x_wconf 88' lang='lat' dir='ltr'><strong>ipsutn</strong></span> <span class='ocrx_word' id='word_1_164' title='bbox 1527 576 1556 595; x_wconf 88' lang='lat' dir='ltr'><strong>se</strong></span> <span class='ocrx_word' id='word_1_165' title='bbox 1577 570 1709 604; x_wconf 84' lang='lat' dir='ltr'><strong>recipien-</strong></span> 
     </span>
    </p>
   </div>
   <div class='ocr_carea' id='block_1_27' title="bbox 932 609 1709 648">
    <p class='ocr_par' dir='ltr' id='par_1_27' title="bbox 932 609 1709 648">
     <span class='ocr_line' id='line_1_27' title="bbox 932 609 1709 648; baseline 0.008 -13"><span class='ocrx_word' id='word_1_166' title='bbox 932 609 1017 640; x_wconf 84' lang='lat' dir='ltr'><strong>tibus,</strong></span> <span class='ocrx_word' id='word_1_167' title='bbox 1031 609 1124 644; x_wconf 83' lang='lat' dir='ltr'><strong>adjicit</strong></span> <span class='ocrx_word' id='word_1_168' title='bbox 1138 609 1228 638; x_wconf 90' lang='lat' dir='ltr'><strong>Deus:</strong></span> <span class='ocrx_word' id='word_1_169' title='bbox 1245 610 1304 638; x_wconf 87' lang='lat' dir='ltr'><strong>Non</strong></span> <span class='ocrx_word' id='word_1_170' title='bbox 1326 613 1413 639; x_wconf 89' lang='lat' dir='ltr'><strong>modo</strong></span> <span class='ocrx_word' id='word_1_171' title='bbox 1431 614 1510 648; x_wconf 79' lang='lat' dir='ltr'><strong>longe</strong></span> <span class='ocrx_word' id='word_1_172' title='bbox 1530 613 1635 640; x_wconf 87' lang='lat' dir='ltr'><strong>diversa</strong></span> <span class='ocrx_word' id='word_1_173' title='bbox 1649 621 1709 641; x_wconf 89' lang='lat' dir='ltr'><strong>sor-</strong></span> 
     </span>
    </p>
   </div>
   <div class='ocr_carea' id='block_1_28' title="bbox 932 654 1708 689">
    <p class='ocr_par' dir='ltr' id='par_1_28' title="bbox 932 654 1708 689">
     <span class='ocr_line' id='line_1_28' title="bbox 932 654 1708 689; baseline 0.008 -9"><span class='ocrx_word' id='word_1_174' title='bbox 932 654 1036 681; x_wconf 85' lang='lat' dir='ltr'><strong>tientur</strong></span> <span class='ocrx_word' id='word_1_175' title='bbox 1051 654 1098 689; x_wconf 87' lang='lat' dir='ltr'><strong>qui</strong></span> <span class='ocrx_word' id='word_1_176' title='bbox 1113 655 1177 682; x_wconf 90' lang='lat' dir='ltr'><strong>mihi</strong></span> <span class='ocrx_word' id='word_1_177' title='bbox 1193 656 1355 688; x_wconf 85' lang='lat' dir='ltr'><strong>inserviunt,</strong></span> <span class='ocrx_word' id='word_1_178' title='bbox 1368 657 1415 684; x_wconf 89' lang='lat' dir='ltr'><strong>sed</strong></span> <span class='ocrx_word' id='word_1_179' title='bbox 1424 658 1534 685; x_wconf 87' lang='lat' dir='ltr'><strong>nomine</strong></span> <span class='ocrx_word' id='word_1_180' title='bbox 1546 659 1627 685; x_wconf 91' lang='lat' dir='ltr'><strong>etiam</strong></span> <span class='ocrx_word' id='word_1_181' title='bbox 1640 666 1708 686; x_wconf 82' lang='lat' dir='ltr'><strong>novo</strong></span> 
     </span>
    </p>
   </div>
   <div class='ocr_carea' id='block_1_29' title="bbox 933 699 1709 737">
    <p class='ocr_par' dir='ltr' id='par_1_29' title="bbox 933 699 1709 737">
     <span class='ocr_line' id='line_1_29' title="bbox 933 699 1709 737; baseline 0.008 -11"><span class='ocrx_word' id='word_1_182' title='bbox 933 699 1114 733; x_wconf 84' lang='lat' dir='ltr'><strong>vocabuntur,</strong></span> <span class='ocrx_word' id='word_1_183' title='bbox 1131 701 1202 728; x_wconf 87' lang='lat' dir='ltr'><strong>sicut</strong></span> <span class='ocrx_word' id='word_1_184' title='bbox 1217 702 1387 735; x_wconf 69' lang='lat' dir='ltr'><strong>patriarchae,</strong></span> <span class='ocrx_word' id='word_1_185' title='bbox 1407 703 1453 737; x_wconf 89' lang='lat' dir='ltr'><strong>qui</strong></span> <span class='ocrx_word' id='word_1_186' title='bbox 1466 711 1515 737; x_wconf 88' lang='lat' dir='ltr'><strong>pro</strong></span> <span class='ocrx_word' id='word_1_187' title='bbox 1527 705 1649 731; x_wconf 86' lang='lat' dir='ltr'><strong>moribus</strong></span> <span class='ocrx_word' id='word_1_188' title='bbox 1660 711 1709 731; x_wconf 87' lang='lat' dir='ltr'><strong>no-</strong></span> 
     </span>
    </p>
   </div>
   <div class='ocr_carea' id='block_1_30' title="bbox 932 743 1709 781">
    <p class='ocr_par' dir='ltr' id='par_1_30' title="bbox 932 743 1709 781">
     <span class='ocr_line' id='line_1_30' title="bbox 932 743 1709 781; baseline 0.006 -10"><span class='ocrx_word' id='word_1_189' title='bbox 932 743 975 772; x_wconf 82' lang='lat' dir='ltr'><strong>vis</strong></span> <span class='ocrx_word' id='word_1_190' title='bbox 1004 752 1111 779; x_wconf 89' lang='lat' dir='ltr'><strong>quoque</strong></span> <span class='ocrx_word' id='word_1_191' title='bbox 1140 745 1295 773; x_wconf 85' lang='lat' dir='ltr'><strong>hominibus</strong></span> <span class='ocrx_word' id='word_1_192' title='bbox 1328 746 1553 781; x_wconf 80' lang='lat' dir='ltr'><strong>insigniehantur.</strong></span> <span class='ocrx_word' id='word_1_193' title='bbox 1579 747 1709 776; x_wconf 86' lang='lat' dir='ltr'><strong>lsraelitis</strong></span> 
     </span>
    </p>
   </div>
   <div class='ocr_carea' id='block_1_31' title="bbox 933 791 1709 827">
    <p class='ocr_par' dir='ltr' id='par_1_31' title="bbox 933 791 1709 827">
     <span class='ocr_line' id='line_1_31' title="bbox 933 791 1709 827; baseline 0.008 -12"><span class='ocrx_word' id='word_1_194' title='bbox 933 793 1023 816; x_wconf 86' lang='lat' dir='ltr'><strong>autem</strong></span> <span class='ocrx_word' id='word_1_195' title='bbox 1043 791 1232 825; x_wconf 62' lang='lat' dir='ltr'><strong>paenitentiam</strong></span> <span class='ocrx_word' id='word_1_196' title='bbox 1248 792 1442 824; x_wconf 86' lang='lat' dir='ltr'><strong>renuentibus.</strong></span> <span class='ocrx_word' id='word_1_197' title='bbox 1457 793 1584 827; x_wconf 79' lang='lat' dir='ltr'><strong>gentibus</strong></span> <span class='ocrx_word' id='word_1_198' title='bbox 1601 793 1709 821; x_wconf 85' lang='lat' dir='ltr'><strong>dabitur</strong></span> 
     </span>
    </p>
   </div>
   <div class='ocr_carea' id='block_1_32' title="bbox 77 831 880 876">
    <p class='ocr_par' dir='ltr' id='par_1_32' title="bbox 77 832 880 876">
     <span class='ocr_line' id='line_1_32' title="bbox 77 832 880 876; baseline 0.011 -16"><span class='ocrx_word' id='word_1_199' title='bbox 77 832 151 860; x_wconf 82' lang='grc' dir='ltr'><strong>τῶν</strong></span> <span class='ocrx_word' id='word_1_200' title='bbox 163 834 335 869; x_wconf 85' lang='grc' dir='ltr'>Χριστιανῶν</span> <span class='ocrx_word' id='word_1_201' title='bbox 344 843 351 850; x_wconf 73' lang='grc' dir='ltr'><strong><em>ο</em></strong></span> <span class='ocrx_word' id='word_1_202' title='bbox 366 837 462 871; x_wconf 82' lang='grc' dir='ltr'>μηκέτι</span> <span class='ocrx_word' id='word_1_203' title='bbox 475 837 528 873; x_wconf 76' lang='grc' dir='ltr'><strong>γὰρ</strong></span> <span class='ocrx_word' id='word_1_204' title='bbox 540 838 655 866; x_wconf 85' lang='grc' dir='ltr'>εἰδώλων</span> <span class='ocrx_word' id='word_1_205' title='bbox 668 841 776 876; x_wconf 81' lang='grc' dir='ltr'>μνήμην</span> <span class='ocrx_word' id='word_1_206' title='bbox 790 842 880 868; x_wconf 87' lang='grc' dir='ltr'>ποιού-</span> 
     </span>
    </p>
   </div>
   <div class='ocr_carea' id='block_1_33' title="bbox 938 831 1710 876">
    <p class='ocr_par' dir='ltr' id='par_1_33' title="bbox 938 834 1710 870">
     <span class='ocr_line' id='line_1_33' title="bbox 938 834 1710 870; baseline 0.008 -10"><span class='ocrx_word' id='word_1_207' title='bbox 938 834 983 860; x_wconf 76' lang='lat' dir='ltr'><strong>hoc</strong></span> <span class='ocrx_word' id='word_1_208' title='bbox 998 842 1108 867; x_wconf 87' lang='lat' dir='ltr'><strong>nomen,</strong></span> <span class='ocrx_word' id='word_1_209' title='bbox 1128 836 1199 870; x_wconf 84' lang='lat' dir='ltr'><strong>quod</strong></span> <span class='ocrx_word' id='word_1_210' title='bbox 1214 837 1241 863; x_wconf 93' lang='lat' dir='ltr'><strong>in</strong></span> <span class='ocrx_word' id='word_1_211' title='bbox 1256 842 1386 864; x_wconf 71' lang='lat' dir='ltr'><strong>aeternum</strong></span> <span class='ocrx_word' id='word_1_212' title='bbox 1409 838 1539 870; x_wconf 87' lang='lat' dir='ltr'><strong>manebit,</strong></span> <span class='ocrx_word' id='word_1_213' title='bbox 1563 846 1614 866; x_wconf 83' lang='lat' dir='ltr'><strong>nec</strong></span> <span class='ocrx_word' id='word_1_214' title='bbox 1635 838 1710 866; x_wconf 88' lang='lat' dir='ltr'><strong>aliud</strong></span> 
     </span>
    </p>
   </div>
   <div class='ocr_carea' id='block_1_34' title="bbox 82 880 880 919">
    <p class='ocr_par' dir='ltr' id='par_1_34' title="bbox 82 880 880 919">
     <span class='ocr_line' id='line_1_34' title="bbox 82 880 880 919; baseline 0.014 -15"><span class='ocrx_word' id='word_1_215' title='bbox 82 887 186 913; x_wconf 84' lang='grc' dir='ltr'>μενοι,</span> <span class='ocrx_word' id='word_1_216' title='bbox 201 880 262 915; x_wconf 81' lang='grc' dir='ltr'>μηδ’</span> <span class='ocrx_word' id='word_1_217' title='bbox 276 881 314 913; x_wconf 85' lang='grc' dir='ltr'>ὡς</span> <span class='ocrx_word' id='word_1_218' title='bbox 331 883 371 914; x_wconf 85' lang='grc' dir='ltr'><strong>εἰς</strong></span> <span class='ocrx_word' id='word_1_219' title='bbox 385 883 462 914; x_wconf 76' lang='grc' dir='ltr'>θεοὺς</span> <span class='ocrx_word' id='word_1_220' title='bbox 485 884 628 919; x_wconf 79' lang='grc' dir='ltr'>ὀμνύοντες</span> <span class='ocrx_word' id='word_1_221' title='bbox 639 905 647 917; x_wconf 89' lang='grc'><strong>,</strong></span> <span class='ocrx_word' id='word_1_222' title='bbox 663 885 719 913; x_wconf 83' lang='grc' dir='ltr'>ἀλλ’</span> <span class='ocrx_word' id='word_1_223' title='bbox 737 888 777 919; x_wconf 87' lang='grc' dir='ltr'><strong>εἰς</strong></span> <span class='ocrx_word' id='word_1_224' title='bbox 800 888 880 915; x_wconf 81' lang='grc' dir='ltr'>αὑτὸν</span> 
     </span>
    </p>
   </div>
   <div class='ocr_carea' id='block_1_35' title="bbox 79 924 881 966">
    <p class='ocr_par' dir='ltr' id='par_1_35' title="bbox 79 924 881 966">
     <span class='ocr_line' id='line_1_35' title="bbox 79 924 881 966; baseline 0.014 -16"><span class='ocrx_word' id='word_1_225' title='bbox 79 924 142 950; x_wconf 80' lang='grc' dir='ltr'>τὸν</span> <span class='ocrx_word' id='word_1_226' title='bbox 161 925 228 952; x_wconf 82' lang='grc' dir='ltr'>Θεὸν</span> <span class='ocrx_word' id='word_1_227' title='bbox 243 926 290 953; x_wconf 82' lang='grc' dir='ltr'>καὶ</span> <span class='ocrx_word' id='word_1_228' title='bbox 313 927 476 963; x_wconf 84' lang='grc' dir='ltr'>δημιουργὸν</span> <span class='ocrx_word' id='word_1_229' title='bbox 493 930 593 962; x_wconf 80' lang='grc' dir='ltr'>αὐτῶν,</span> <span class='ocrx_word' id='word_1_230' title='bbox 611 933 676 966; x_wconf 86' lang='grc' dir='ltr'>παρ’</span> <span class='ocrx_word' id='word_1_231' title='bbox 698 933 881 966; x_wconf 75' lang='grc' dir='ltr'>αὑτοῦίὲξουσι</span> 
     </span>
    </p>
   </div>
   <div class='ocr_carea' id='block_1_36' title="bbox 80 970 513 1006">
    <p class='ocr_par' dir='ltr' id='par_1_36' title="bbox 80 970 513 1006">
     <span class='ocr_line' id='line_1_36' title="bbox 80 970 513 1006; baseline 0.014 -10"><span class='ocrx_word' id='word_1_232' title='bbox 80 970 147 1005; x_wconf 71' lang='grc' dir='ltr'>τὴν</span> <span class='ocrx_word' id='word_1_233' title='bbox 163 971 217 999; x_wconf 87' lang='grc' dir='ltr'><strong>τῶν</strong></span> <span class='ocrx_word' id='word_1_234' title='bbox 230 972 340 1006; x_wconf 77' lang='grc' dir='ltr'>ἀγαθῶν</span> <span class='ocrx_word' id='word_1_235' title='bbox 354 974 513 1002; x_wconf 79' lang='grc' dir='ltr'>ἀπόλαυσιν.</span> 
     </span>
    </p>
   </div>
   <div class='ocr_carea' id='block_1_37' title="bbox 128 1105 881 1144">
    <p class='ocr_par' dir='ltr' id='par_1_37' title="bbox 128 1105 881 1144">
     <span class='ocr_line' id='line_1_37' title="bbox 128 1105 881 1144; baseline 0.005 -13"><span class='ocrx_word' id='word_1_236' title='bbox 128 1105 326 1140; x_wconf 76' lang='grc' dir='ltr'>Μακροσίωσιν</span> <span class='ocrx_word' id='word_1_237' title='bbox 351 1106 380 1132; x_wconf 79' lang='grc' dir='ltr'>δὲ</span> <span class='ocrx_word' id='word_1_238' title='bbox 408 1107 498 1138; x_wconf 83' lang='grc' dir='ltr'>αὐτοῖς</span> <span class='ocrx_word' id='word_1_239' title='bbox 527 1107 573 1133; x_wconf 71' lang='grc' dir='ltr'><strong>ἐπὶ</strong></span> <span class='ocrx_word' id='word_1_240' title='bbox 590 1107 674 1140; x_wconf 81' lang='grc' dir='ltr'>πολὺ,</span> <span class='ocrx_word' id='word_1_241' title='bbox 709 1107 806 1142; x_wconf 83' lang='grc' dir='ltr'><strong>ἀώρως</strong></span> <span class='ocrx_word' id='word_1_242' title='bbox 832 1117 881 1144; x_wconf 87' lang='grc' dir='ltr'><strong>μεν</strong></span> 
     </span>
    </p>
   </div>
   <div class='ocr_carea' id='block_1_38' title="bbox 85 1149 882 1189">
    <p class='ocr_par' dir='ltr' id='par_1_38' title="bbox 85 1149 882 1189">
     <span class='ocr_line' id='line_1_38' title="bbox 85 1149 882 1189; baseline 0.009 -15"><span class='ocrx_word' id='word_1_243' title='bbox 85 1149 212 1184; x_wconf 84' lang='grc' dir='ltr'>μηδενὸς</span> <span class='ocrx_word' id='word_1_244' title='bbox 233 1150 474 1185; x_wconf 82' lang='grc' dir='ltr'>μεταλλάττοντος,</span> <span class='ocrx_word' id='word_1_245' title='bbox 498 1153 538 1184; x_wconf 89' lang='grc' dir='ltr'><strong>εἰς</strong></span> <span class='ocrx_word' id='word_1_246' title='bbox 561 1153 651 1188; x_wconf 79' lang='grc' dir='ltr'>γῆρας</span> <span class='ocrx_word' id='word_1_247' title='bbox 678 1153 792 1189; x_wconf 70' lang='grc' dir='ltr'>λιπαρὸν</span> <span class='ocrx_word' id='word_1_248' title='bbox 814 1153 882 1188; x_wconf 81' lang='grc' dir='ltr'>φθά-</span> 
     </span>
    </p>
   </div>
   <div class='ocr_carea' id='block_1_39' title="bbox 86 1195 882 1233">
    <p class='ocr_par' dir='ltr' id='par_1_39' title="bbox 86 1195 882 1233">
     <span class='ocr_line' id='line_1_39' title="bbox 86 1195 882 1233; baseline 0.006 -13"><span class='ocrx_word' id='word_1_249' title='bbox 86 1202 204 1226; x_wconf 81' lang='grc' dir='ltr'>νοντος·</span> <span class='ocrx_word' id='word_1_250' title='bbox 225 1196 271 1221; x_wconf 71' lang='grc' dir='ltr'>καὶ</span> <span class='ocrx_word' id='word_1_251' title='bbox 286 1195 341 1231; x_wconf 83' lang='grc' dir='ltr'><strong>γὰρ</strong></span> <span class='ocrx_word' id='word_1_252' title='bbox 357 1195 452 1223; x_wconf 76' lang='grc' dir='ltr'>ἑκατὸν</span> <span class='ocrx_word' id='word_1_253' title='bbox 469 1197 537 1223; x_wconf 79' lang='grc' dir='ltr'>ἐτῶν</span> <span class='ocrx_word' id='word_1_254' title='bbox 555 1198 569 1223; x_wconf 82' lang='grc' dir='ltr'>ὁ</span> <span class='ocrx_word' id='word_1_255' title='bbox 582 1198 745 1233; x_wconf 83' lang='grc' dir='ltr'>τελευτήσας</span> <span class='ocrx_word' id='word_1_256' title='bbox 765 1199 794 1224; x_wconf 77' lang='grc' dir='ltr'>ἐν</span> <span class='ocrx_word' id='word_1_257' title='bbox 811 1199 882 1225; x_wconf 83' lang='grc' dir='ltr'>ὲκεί-</span> 
     </span>
    </p>
   </div>
   <div class='ocr_carea' id='block_1_40' title="bbox 86 1239 882 1279">
    <p class='ocr_par' dir='ltr' id='par_1_40' title="bbox 86 1239 882 1279">
     <span class='ocr_line' id='line_1_40' title="bbox 86 1239 882 1279; baseline 0.006 -14"><span class='ocrx_word' id='word_1_258' title='bbox 86 1247 156 1271; x_wconf 86' lang='grc' dir='ltr'>νοις</span> <span class='ocrx_word' id='word_1_259' title='bbox 171 1239 256 1279; x_wconf 61' lang='grc' dir='ltr'>ἔσται,</span> <span class='ocrx_word' id='word_1_260' title='bbox 272 1239 309 1272; x_wconf 83' lang='grc' dir='ltr'>ὠς</span> <span class='ocrx_word' id='word_1_261' title='bbox 331 1241 383 1276; x_wconf 82' lang='grc' dir='ltr'>πρὸ</span> <span class='ocrx_word' id='word_1_262' title='bbox 402 1240 476 1276; x_wconf 87' lang='grc' dir='ltr'>ὥρας</span> <span class='ocrx_word' id='word_1_263' title='bbox 501 1241 559 1272; x_wconf 80' lang='grc' dir='ltr'>νέος</span> <span class='ocrx_word' id='word_1_264' title='bbox 572 1242 728 1274; x_wconf 76' lang='grc' dir='ltr'>ἀπαλλάξας</span> <span class='ocrx_word' id='word_1_265' title='bbox 749 1243 823 1270; x_wconf 82' lang='grc' dir='ltr'>τόνδε</span> <span class='ocrx_word' id='word_1_266' title='bbox 836 1243 882 1270; x_wconf 82' lang='grc' dir='ltr'>τὸν</span> 
     </span>
    </p>
   </div>
   <div class='ocr_carea' id='block_1_41' title="bbox 88 1283 880 1324">
    <p class='ocr_par' dir='ltr' id='par_1_41' title="bbox 88 1283 880 1324">
     <span class='ocr_line' id='line_1_41' title="bbox 88 1283 880 1324; baseline 0.006 -15"><span class='ocrx_word' id='word_1_267' title='bbox 88 1283 174 1318; x_wconf 82' lang='grc' dir='ltr'>βίον·</span> <span class='ocrx_word' id='word_1_268' title='bbox 198 1284 212 1310; x_wconf 85' lang='grc' dir='ltr'>ὁ</span> <span class='ocrx_word' id='word_1_269' title='bbox 233 1284 262 1310; x_wconf 77' lang='grc' dir='ltr'>δὲ</span> <span class='ocrx_word' id='word_1_270' title='bbox 284 1283 356 1310; x_wconf 77' lang='grc' dir='ltr'>οὕτω</span> <span class='ocrx_word' id='word_1_271' title='bbox 381 1285 568 1320; x_wconf 80' lang='grc' dir='ltr'>μεταλλάττων</span> <span class='ocrx_word' id='word_1_272' title='bbox 595 1287 624 1314; x_wconf 85' lang='grc' dir='ltr'>ὲν</span> <span class='ocrx_word' id='word_1_273' title='bbox 653 1286 775 1322; x_wconf 82' lang='grc' dir='ltr'>κατάρας</span> <span class='ocrx_word' id='word_1_274' title='bbox 804 1288 880 1324; x_wconf 83' lang='grc' dir='ltr'>μέρει</span> 
     </span>
    </p>
   </div>
   <div class='ocr_carea' id='block_1_42' title="bbox 88 1329 852 1369">
    <p class='ocr_par' dir='ltr' id='par_1_42' title="bbox 88 1329 852 1369">
     <span class='ocr_line' id='line_1_42' title="bbox 88 1329 852 1369; baseline 0.005 -14"><span class='ocrx_word' id='word_1_275' title='bbox 88 1329 220 1357; x_wconf 79' lang='grc' dir='ltr'>κείσεται</span> <span class='ocrx_word' id='word_1_276' title='bbox 235 1330 396 1366; x_wconf 78' lang='grc' dir='ltr'>ἁμαρτωλὸς</span> <span class='ocrx_word' id='word_1_277' title='bbox 411 1332 619 1368; x_wconf 83' lang='grc' dir='ltr'>συγκρινόμενος</span> <span class='ocrx_word' id='word_1_278' title='bbox 631 1332 670 1368; x_wconf 86' lang='grc' dir='ltr'>τῷ</span> <span class='ocrx_word' id='word_1_279' title='bbox 682 1333 778 1369; x_wconf 81' lang='grc' dir='ltr'>μακρῷ</span> <span class='ocrx_word' id='word_1_280' title='bbox 793 1333 852 1369; x_wconf 73' lang='grc' dir='ltr'>βίῳ.</span> 
     </span>
    </p>
   </div>
   <div class='ocr_carea' id='block_1_43' title="bbox 134 1375 881 1414">
    <p class='ocr_par' dir='ltr' id='par_1_43' title="bbox 134 1375 881 1414">
     <span class='ocr_line' id='line_1_43' title="bbox 134 1375 881 1414; baseline 0.005 -13"><span class='ocrx_word' id='word_1_281' title='bbox 134 1375 177 1401; x_wconf 87' lang='grc' dir='ltr'><strong>Τὰ</strong></span> <span class='ocrx_word' id='word_1_282' title='bbox 189 1375 243 1411; x_wconf 87' lang='grc' dir='ltr'><strong>γὰρ</strong></span> <span class='ocrx_word' id='word_1_283' title='bbox 257 1376 370 1411; x_wconf 82' lang='grc' dir='ltr'>ἀειθαλῆ</span> <span class='ocrx_word' id='word_1_284' title='bbox 388 1377 458 1411; x_wconf 71' lang='grc' dir='ltr'><strong>φυτά</strong></span> <span class='ocrx_word' id='word_1_285' title='bbox 476 1378 504 1404; x_wconf 81' lang='grc' dir='ltr'>ὲν</span> <span class='ocrx_word' id='word_1_286' title='bbox 520 1377 558 1412; x_wconf 82' lang='grc' dir='ltr'>τῷ</span> <span class='ocrx_word' id='word_1_287' title='bbox 576 1378 731 1414; x_wconf 83' lang='grc' dir='ltr'>παραδείσῳ</span> <span class='ocrx_word' id='word_1_288' title='bbox 752 1378 881 1411; x_wconf 79' lang='grc' dir='ltr'>ἀειζώους</span> 
     </span>
    </p>
   </div>
   <div class='ocr_carea' id='block_1_44' title="bbox 89 1423 880 1461">
    <p class='ocr_par' dir='ltr' id='par_1_44' title="bbox 89 1423 880 1461">
     <span class='ocr_line' id='line_1_44' title="bbox 89 1423 880 1461; baseline 0.005 -13"><span class='ocrx_word' id='word_1_289' title='bbox 89 1423 220 1457; x_wconf 80' lang='grc' dir='ltr'>καρποὺς</span> <span class='ocrx_word' id='word_1_290' title='bbox 237 1423 314 1458; x_wconf 81' lang='grc' dir='ltr'>φέρει</span> <span class='ocrx_word' id='word_1_291' title='bbox 324 1432 330 1438; x_wconf 89' lang='grc'><strong>·</strong></span> <span class='ocrx_word' id='word_1_292' title='bbox 343 1423 438 1456; x_wconf 80' lang='grc' dir='ltr'>οἵτινες</span> <span class='ocrx_word' id='word_1_293' title='bbox 449 1425 477 1450; x_wconf 82' lang='grc' dir='ltr'>ὲν</span> <span class='ocrx_word' id='word_1_294' title='bbox 490 1424 539 1459; x_wconf 81' lang='grc' dir='ltr'>μὲν</span> <span class='ocrx_word' id='word_1_295' title='bbox 553 1424 592 1459; x_wconf 85' lang='grc' dir='ltr'>τῷ</span> <span class='ocrx_word' id='word_1_296' title='bbox 606 1423 674 1451; x_wconf 81' lang='grc' dir='ltr'>εἶναι</span> <span class='ocrx_word' id='word_1_297' title='bbox 685 1425 729 1451; x_wconf 84' lang='grc' dir='ltr'>τὸν</span> <span class='ocrx_word' id='word_1_298' title='bbox 740 1425 880 1461; x_wconf 82' lang='grc' dir='ltr'>ἄνθρωπον</span> 
     </span>
    </p>
   </div>
   <div class='ocr_carea' id='block_1_45' title="bbox 91 1467 877 1506">
    <p class='ocr_par' dir='ltr' id='par_1_45' title="bbox 91 1467 877 1506">
     <span class='ocr_line' id='line_1_45' title="bbox 91 1467 877 1506; baseline 0.004 -12"><span class='ocrx_word' id='word_1_299' title='bbox 91 1469 127 1494; x_wconf 81' lang='grc' dir='ltr'>ἐν</span> <span class='ocrx_word' id='word_1_300' title='bbox 142 1467 181 1503; x_wconf 83' lang='grc' dir='ltr'>τῷ</span> <span class='ocrx_word' id='word_1_301' title='bbox 195 1468 360 1504; x_wconf 75' lang='grc' dir='ltr'>παραδείσῳ,</span> <span class='ocrx_word' id='word_1_302' title='bbox 370 1469 442 1496; x_wconf 78' lang='grc' dir='ltr'>ἄλλοι</span> <span class='ocrx_word' id='word_1_303' title='bbox 457 1469 499 1495; x_wconf 75' lang='grc' dir='ltr'><strong>ἐπ’</strong></span> <span class='ocrx_word' id='word_1_304' title='bbox 516 1469 606 1501; x_wconf 82' lang='grc' dir='ltr'>ἄλλοις</span> <span class='ocrx_word' id='word_1_305' title='bbox 617 1470 752 1505; x_wconf 83' lang='grc' dir='ltr'>γινόμενοι</span> <span class='ocrx_word' id='word_1_306' title='bbox 768 1471 877 1506; x_wconf 79' lang='grc' dir='ltr'>καρποὶ,</span> 
     </span>
    </p>
   </div>
   <div class='ocr_carea' id='block_1_46' title="bbox 91 1505 915 1550">
    <p class='ocr_par' dir='ltr' id='par_1_46' title="bbox 91 1505 915 1550">
     <span class='ocr_line' id='line_1_46' title="bbox 91 1505 915 1550; baseline 0.004 -9"><span class='ocrx_word' id='word_1_307' title='bbox 91 1515 228 1550; x_wconf 84' lang='grc' dir='ltr'>παρεῖχον</span> <span class='ocrx_word' id='word_1_308' title='bbox 252 1514 291 1549; x_wconf 85' lang='grc' dir='ltr'>τῷ</span> <span class='ocrx_word' id='word_1_309' title='bbox 312 1513 447 1550; x_wconf 84' lang='grc' dir='ltr'>ἀνθρώπῳ</span> <span class='ocrx_word' id='word_1_310' title='bbox 463 1515 493 1541; x_wconf 81' lang='grc' dir='ltr'>τὸ</span> <span class='ocrx_word' id='word_1_311' title='bbox 518 1515 561 1542; x_wconf 81' lang='grc' dir='ltr'><strong>ἀεὶ</strong></span> <span class='ocrx_word' id='word_1_312' title='bbox 592 1516 755 1543; x_wconf 82' lang='grc' dir='ltr'>ἀπολαύειν·</span> <span class='ocrx_word' id='word_1_313' title='bbox 779 1505 823 1543; x_wconf 79' lang='grc' dir='ltr'>ὅτε</span> <span class='ocrx_word' id='word_1_314' title='bbox 850 1517 878 1543; x_wconf 72' lang='grc' dir='ltr'>δὲ</span> <span class='ocrx_word' id='word_1_315' title='bbox 893 1505 915 1536; x_wconf 78' lang='lat' dir='ltr'>c</span> 
     </span>
    </p>
   </div>
   <div class='ocr_carea' id='block_1_47' title="bbox 92 1559 886 1597">
    <p class='ocr_par' dir='ltr' id='par_1_47' title="bbox 92 1559 886 1597">
     <span class='ocr_line' id='line_1_47' title="bbox 92 1559 886 1597; baseline 0.005 -12"><span class='ocrx_word' id='word_1_316' title='bbox 92 1559 203 1595; x_wconf 80' lang='grc' dir='ltr'>ἐξώσθη</span> <span class='ocrx_word' id='word_1_317' title='bbox 219 1560 233 1586; x_wconf 87' lang='grc' dir='ltr'><strong>ό</strong></span> <span class='ocrx_word' id='word_1_318' title='bbox 254 1559 406 1595; x_wconf 80' lang='grc' dir='ltr'>ἄνθρωπος,</span> <span class='ocrx_word' id='word_1_319' title='bbox 421 1561 445 1586; x_wconf 93' lang='grc' dir='ltr'>οἱ</span> <span class='ocrx_word' id='word_1_320' title='bbox 463 1561 565 1597; x_wconf 77' lang='grc' dir='ltr'>καρποὶ</span> <span class='ocrx_word' id='word_1_321' title='bbox 581 1561 703 1597; x_wconf 83' lang='grc' dir='ltr'>μένουσιν</span> <span class='ocrx_word' id='word_1_322' title='bbox 723 1562 763 1594; x_wconf 84' lang='grc' dir='ltr'><strong>εἰς</strong></span> <span class='ocrx_word' id='word_1_323' title='bbox 791 1562 821 1589; x_wconf 78' lang='grc' dir='ltr'><strong>τὺ</strong></span> <span class='ocrx_word' id='word_1_324' title='bbox 839 1563 886 1589; x_wconf 82' lang='grc' dir='ltr'>δι·-</span> 
     </span>
    </p>
   </div>
   <div class='ocr_carea' id='block_1_48' title="bbox 92 1604 350 1640">
    <p class='ocr_par' dir='ltr' id='par_1_48' title="bbox 92 1604 350 1640">
     <span class='ocr_line' id='line_1_48' title="bbox 92 1604 350 1640; baseline 0 -9"><span class='ocrx_word' id='word_1_325' title='bbox 92 1606 195 1640; x_wconf 80' lang='grc' dir='ltr'>ηνεκὲς</span> <span class='ocrx_word' id='word_1_326' title='bbox 207 1604 350 1640; x_wconf 74' lang='grc' dir='ltr'>ἄφθαρτοι.</span> 
     </span>
    </p>
   </div>
   <div class='ocr_carea' id='block_1_49' title="bbox 134 1648 878 1687">
    <p class='ocr_par' dir='ltr' id='par_1_49' title="bbox 134 1648 878 1687">
     <span class='ocr_line' id='line_1_49' title="bbox 134 1648 878 1687; baseline 0.005 -11"><span class='ocrx_word' id='word_1_327' title='bbox 134 1649 227 1676; x_wconf 80' lang='grc' dir='ltr'>Ταῦτα</span> <span class='ocrx_word' id='word_1_328' title='bbox 242 1651 290 1685; x_wconf 82' lang='grc' dir='ltr'>μὲν</span> <span class='ocrx_word' id='word_1_329' title='bbox 309 1648 355 1677; x_wconf 80' lang='grc' dir='ltr'>οὖν</span> <span class='ocrx_word' id='word_1_330' title='bbox 377 1652 390 1677; x_wconf 84' lang='grc' dir='ltr'><em>ὁ</em></span> <span class='ocrx_word' id='word_1_331' title='bbox 402 1651 468 1682; x_wconf 75' lang='grc' dir='ltr'>Θεὸς</span> <span class='ocrx_word' id='word_1_332' title='bbox 489 1650 536 1677; x_wconf 83' lang='grc' dir='ltr'>τοῦ</span> <span class='ocrx_word' id='word_1_333' title='bbox 556 1652 664 1687; x_wconf 85' lang='grc' dir='ltr'>Ἰσραὴλ</span> <span class='ocrx_word' id='word_1_334' title='bbox 684 1653 878 1687; x_wconf 80' lang='grc' dir='ltr'>ἐπαγγέλλεται</span> 
     </span>
    </p>
   </div>
   <div class='ocr_carea' id='block_1_50' title="bbox 99 1696 878 1734">
    <p class='ocr_par' dir='ltr' id='par_1_50' title="bbox 99 1696 878 1734">
     <span class='ocr_line' id='line_1_50' title="bbox 99 1696 878 1734; baseline 0.001 -10"><span class='ocrx_word' id='word_1_335' title='bbox 99 1696 286 1724; x_wconf 61' lang='grc' dir='ltr'>αετανοοῦντι·</span> <span class='ocrx_word' id='word_1_336' title='bbox 305 1697 397 1731; x_wconf 75' lang='grc' dir='ltr'>ἐπειδὴ</span> <span class='ocrx_word' id='word_1_337' title='bbox 419 1697 447 1723; x_wconf 79' lang='grc' dir='ltr'>δὲ</span> <span class='ocrx_word' id='word_1_338' title='bbox 468 1697 589 1728; x_wconf 75' lang='grc' dir='ltr'>ἀπειθεῖς</span> <span class='ocrx_word' id='word_1_339' title='bbox 614 1699 798 1733; x_wconf 83' lang='grc' dir='ltr'>μεμενήκασι,</span> <span class='ocrx_word' id='word_1_340' title='bbox 817 1708 878 1734; x_wconf 87' lang='grc' dir='ltr'>μετ-</span> 
     </span>
    </p>
   </div>
   <div class='ocr_carea' id='block_1_51' title="bbox 95 1741 879 1779">
    <p class='ocr_par' dir='ltr' id='par_1_51' title="bbox 95 1741 879 1779">
     <span class='ocr_line' id='line_1_51' title="bbox 95 1741 879 1779; baseline 0 -9"><span class='ocrx_word' id='word_1_341' title='bbox 95 1743 160 1775; x_wconf 85' lang='grc' dir='ltr'>άγει</span> <span class='ocrx_word' id='word_1_342' title='bbox 170 1742 219 1773; x_wconf 80' lang='grc' dir='ltr'>τὰς</span> <span class='ocrx_word' id='word_1_343' title='bbox 229 1742 352 1776; x_wconf 78' lang='grc' dir='ltr'>εὐλογίας</span> <span class='ocrx_word' id='word_1_344' title='bbox 364 1743 403 1773; x_wconf 82' lang='grc' dir='ltr'><strong>εἰς</strong></span> <span class='ocrx_word' id='word_1_345' title='bbox 417 1742 450 1768; x_wconf 77' lang='grc' dir='ltr'><strong>τά</strong></span> <span class='ocrx_word' id='word_1_346' title='bbox 464 1741 527 1777; x_wconf 72' lang='grc' dir='ltr'>ἔθνη</span> <span class='ocrx_word' id='word_1_347' title='bbox 536 1751 542 1757; x_wconf 88' lang='grc'>·</span> <span class='ocrx_word' id='word_1_348' title='bbox 555 1743 592 1773; x_wconf 82' lang='grc' dir='ltr'>ὡς</span> <span class='ocrx_word' id='word_1_349' title='bbox 604 1743 650 1770; x_wconf 78' lang='grc' dir='ltr'>καὶ</span> <span class='ocrx_word' id='word_1_350' title='bbox 660 1744 699 1775; x_wconf 84' lang='grc' dir='ltr'><strong>εἰς</strong></span> <span class='ocrx_word' id='word_1_351' title='bbox 710 1743 758 1779; x_wconf 86' lang='grc' dir='ltr'>τὴν</span> <span class='ocrx_word' id='word_1_352' title='bbox 767 1744 879 1779; x_wconf 83' lang='grc' dir='ltr'>Ἐκκλη-</span> 
     </span>
    </p>
   </div>
   <div class='ocr_carea' id='block_1_52' title="bbox 96 1787 727 1823">
    <p class='ocr_par' dir='ltr' id='par_1_52' title="bbox 96 1787 727 1823">
     <span class='ocr_line' id='line_1_52' title="bbox 96 1787 727 1823; baseline 0.003 -10"><span class='ocrx_word' id='word_1_353' title='bbox 96 1788 161 1814; x_wconf 83' lang='grc' dir='ltr'>σίαν</span> <span class='ocrx_word' id='word_1_354' title='bbox 176 1787 262 1814; x_wconf 81' lang='grc' dir='ltr'>ταῦτα</span> <span class='ocrx_word' id='word_1_355' title='bbox 275 1787 346 1814; x_wconf 77' lang='grc' dir='ltr'>κατὰ</span> <span class='ocrx_word' id='word_1_356' title='bbox 359 1787 486 1823; x_wconf 81' lang='grc' dir='ltr'>ἀλήθειαν</span> <span class='ocrx_word' id='word_1_357' title='bbox 501 1787 727 1823; x_wconf 77' lang='grc' dir='ltr'>ἐκλαμϐάνεσθαι.</span> 
     </span>
    </p>
   </div>
   <div class='ocr_carea' id='block_1_53' title="bbox 134 1832 877 1868">
    <p class='ocr_par' dir='ltr' id='par_1_53' title="bbox 134 1832 877 1868">
     <span class='ocr_line' id='line_1_53' title="bbox 134 1832 877 1868; baseline 0.004 -10"><span class='ocrx_word' id='word_1_358' title='bbox 134 1833 195 1859; x_wconf 88' lang='grc' dir='ltr'>Τῶν</span> <span class='ocrx_word' id='word_1_359' title='bbox 214 1832 260 1859; x_wconf 85' lang='grc' dir='ltr'>δύο</span> <span class='ocrx_word' id='word_1_360' title='bbox 284 1833 368 1868; x_wconf 80' lang='grc' dir='ltr'>ἥμισυ</span> <span class='ocrx_word' id='word_1_361' title='bbox 386 1832 475 1867; x_wconf 88' lang='grc' dir='ltr'>φυλῶν</span> <span class='ocrx_word' id='word_1_362' title='bbox 495 1832 536 1859; x_wconf 77' lang='grc' dir='ltr'>ἔτι</span> <span class='ocrx_word' id='word_1_363' title='bbox 552 1835 580 1859; x_wconf 82' lang='grc' dir='ltr'>ἐν</span> <span class='ocrx_word' id='word_1_364' title='bbox 602 1835 657 1865; x_wconf 83' lang='grc' dir='ltr'>τοῖς</span> <span class='ocrx_word' id='word_1_365' title='bbox 671 1833 763 1865; x_wconf 82' lang='grc' dir='ltr'>τόποις</span> <span class='ocrx_word' id='word_1_366' title='bbox 783 1834 877 1867; x_wconf 76' lang='grc' dir='ltr'>ὄντων,</span> 
     </span>
    </p>
   </div>
   <div class='ocr_carea' id='block_1_54' title="bbox 97 1879 880 1915">
    <p class='ocr_par' dir='ltr' id='par_1_54' title="bbox 97 1879 880 1915">
     <span class='ocr_line' id='line_1_54' title="bbox 97 1879 880 1915; baseline 0.001 -9"><span class='ocrx_word' id='word_1_367' title='bbox 97 1879 146 1906; x_wconf 67' lang='grc' dir='ltr'>καὶ</span> <span class='ocrx_word' id='word_1_368' title='bbox 159 1879 287 1914; x_wconf 78' lang='grc' dir='ltr'>οἰομένων</span> <span class='ocrx_word' id='word_1_369' title='bbox 305 1879 342 1915; x_wconf 81' lang='grc' dir='ltr'>μὴ</span> <span class='ocrx_word' id='word_1_370' title='bbox 356 1879 508 1914; x_wconf 82' lang='grc' dir='ltr'>ἀπάγεσθαι</span> <span class='ocrx_word' id='word_1_371' title='bbox 525 1880 564 1911; x_wconf 82' lang='grc' dir='ltr'><strong>εἰς</strong></span> <span class='ocrx_word' id='word_1_372' title='bbox 578 1880 627 1914; x_wconf 87' lang='grc' dir='ltr'>τὴν</span> <span class='ocrx_word' id='word_1_373' title='bbox 637 1880 821 1915; x_wconf 71' lang='grc' dir='ltr'>αἰχμαλωσίαν</span> <span class='ocrx_word' id='word_1_374' title='bbox 835 1881 880 1908; x_wconf 89' lang='grc' dir='ltr'><strong>διά</strong></span> 
     </span>
    </p>
   </div>
   <div class='ocr_carea' id='block_1_55' title="bbox 97 1916 880 1965">
    <p class='ocr_par' dir='ltr' id='par_1_55' title="bbox 97 1916 880 1965">
     <span class='ocr_line' id='line_1_55' title="bbox 97 1916 880 1965; baseline 0 -11"><span class='ocrx_word' id='word_1_375' title='bbox 97 1927 149 1964; x_wconf 84' lang='grc' dir='ltr'>τὴν</span> <span class='ocrx_word' id='word_1_376' title='bbox 165 1927 233 1965; x_wconf 82' lang='grc' dir='ltr'>πρὸς</span> <span class='ocrx_word' id='word_1_377' title='bbox 248 1926 292 1954; x_wconf 82' lang='grc' dir='ltr'>τὸν</span> <span class='ocrx_word' id='word_1_378' title='bbox 306 1926 368 1952; x_wconf 81' lang='grc' dir='ltr'>ναὸν</span> <span class='ocrx_word' id='word_1_379' title='bbox 383 1927 473 1962; x_wconf 75' lang='grc' dir='ltr'>σχέσιν</span> <span class='ocrx_word' id='word_1_380' title='bbox 489 1916 538 1953; x_wconf 60' lang='lat' dir='ltr'><strong>rei:</strong></span> <span class='ocrx_word' id='word_1_381' title='bbox 549 1926 626 1959; x_wconf 84' lang='grc' dir='ltr'>Θεοῦ,</span> <span class='ocrx_word' id='word_1_382' title='bbox 647 1928 706 1962; x_wconf 82' lang='grc' dir='ltr'>οὑχί</span> <span class='ocrx_word' id='word_1_383' title='bbox 719 1927 747 1953; x_wconf 81' lang='grc' dir='ltr'>δὲ</span> <span class='ocrx_word' id='word_1_384' title='bbox 762 1927 804 1953; x_wconf 86' lang='grc' dir='ltr'><strong>διὰ</strong></span> <span class='ocrx_word' id='word_1_385' title='bbox 819 1927 880 1963; x_wconf 85' lang='grc' dir='ltr'>τρό-</span> 
     </span>
    </p>
   </div>
   <div class='ocr_carea' id='block_1_56' title="bbox 100 1972 879 2009">
    <p class='ocr_par' dir='ltr' id='par_1_56' title="bbox 100 1972 879 2009">
     <span class='ocr_line' id='line_1_56' title="bbox 100 1972 879 2009; baseline -0.001 -9"><span class='ocrx_word' id='word_1_386' title='bbox 100 1981 159 2000; x_wconf 85' lang='grc' dir='ltr'><strong>πων</strong></span> <span class='ocrx_word' id='word_1_387' title='bbox 172 1973 270 2009; x_wconf 76' lang='grc' dir='ltr'>ἀρετὴν</span> <span class='ocrx_word' id='word_1_388' title='bbox 287 1974 333 1999; x_wconf 82' lang='grc' dir='ltr'>καὶ</span> <span class='ocrx_word' id='word_1_389' title='bbox 349 1972 397 2007; x_wconf 86' lang='grc' dir='ltr'>τὴν</span> <span class='ocrx_word' id='word_1_390' title='bbox 412 1973 479 2007; x_wconf 69' lang='grc' dir='ltr'>πρὸς</span> <span class='ocrx_word' id='word_1_391' title='bbox 495 1973 540 1998; x_wconf 75' lang='grc' dir='ltr'>τὸν</span> <span class='ocrx_word' id='word_1_392' title='bbox 553 1972 618 1999; x_wconf 77' lang='grc' dir='ltr'><strong>Θέὸν</strong></span> <span class='ocrx_word' id='word_1_393' title='bbox 638 1972 753 2005; x_wconf 80' lang='grc' dir='ltr'>εὔνοιαν,</span> <span class='ocrx_word' id='word_1_394' title='bbox 773 1973 879 1999; x_wconf 77' lang='grc' dir='ltr'>υποδεί‹</span> 
     </span>
    </p>
   </div>
   <div class='ocr_carea' id='block_1_57' title="bbox 100 2018 879 2054">
    <p class='ocr_par' dir='ltr' id='par_1_57' title="bbox 100 2018 879 2054">
     <span class='ocr_line' id='line_1_57' title="bbox 100 2018 879 2054; baseline 0 -10"><span class='ocrx_word' id='word_1_395' title='bbox 100 2027 195 2045; x_wconf 79' lang='grc' dir='ltr'>κνυσιν</span> <span class='ocrx_word' id='word_1_396' title='bbox 207 2020 221 2045; x_wconf 86' lang='grc' dir='ltr'>ὁ</span> <span class='ocrx_word' id='word_1_397' title='bbox 233 2018 309 2050; x_wconf 70' lang='grc' dir='ltr'>Θεὸς,</span> <span class='ocrx_word' id='word_1_398' title='bbox 329 2018 366 2050; x_wconf 85' lang='grc' dir='ltr'>ὡς</span> <span class='ocrx_word' id='word_1_399' title='bbox 380 2019 410 2045; x_wconf 86' lang='grc' dir='ltr'>οὺ</span> <span class='ocrx_word' id='word_1_400' title='bbox 424 2018 508 2044; x_wconf 86' lang='grc' dir='ltr'>τόπου</span> <span class='ocrx_word' id='word_1_401' title='bbox 527 2018 606 2053; x_wconf 84' lang='grc' dir='ltr'>χάριν</span> <span class='ocrx_word' id='word_1_402' title='bbox 619 2018 636 2054; x_wconf 83' lang='grc' dir='ltr'>ἢ</span> <span class='ocrx_word' id='word_1_403' title='bbox 651 2018 714 2045; x_wconf 83' lang='grc' dir='ltr'>ναοῦ</span> <span class='ocrx_word' id='word_1_404' title='bbox 734 2018 879 2054; x_wconf 79' lang='grc' dir='ltr'>ρυσθήσον-</span> 
     </span>
    </p>
   </div>
   <div class='ocr_carea' id='block_1_58' title="bbox 98 2063 881 2102">
    <p class='ocr_par' dir='ltr' id='par_1_58' title="bbox 98 2063 881 2102">
     <span class='ocr_line' id='line_1_58' title="bbox 98 2063 881 2102; baseline 0 -12"><span class='ocrx_word' id='word_1_405' title='bbox 98 2072 146 2090; x_wconf 74' lang='grc' dir='ltr'><strong>ται</strong></span> <span class='ocrx_word' id='word_1_406' title='bbox 166 2064 215 2102; x_wconf 84' lang='grc' dir='ltr'>τῆς</span> <span class='ocrx_word' id='word_1_407' title='bbox 231 2063 416 2100; x_wconf 77' lang='grc' dir='ltr'>αἰχμαλωσίας</span> <span class='ocrx_word' id='word_1_408' title='bbox 436 2063 648 2099; x_wconf 82' lang='grc' dir='ltr'>προηγουμένως</span> <span class='ocrx_word' id='word_1_409' title='bbox 662 2065 686 2090; x_wconf 81' lang='grc' dir='ltr'><strong>οἰ</strong></span> <span class='ocrx_word' id='word_1_410' title='bbox 706 2064 791 2091; x_wconf 78' lang='grc' dir='ltr'>ταῦτα</span> <span class='ocrx_word' id='word_1_411' title='bbox 807 2064 881 2100; x_wconf 75' lang='grc' dir='ltr'>ἔχον-</span> 
     </span>
    </p>
   </div>
   <div class='ocr_carea' id='block_1_59' title="bbox 99 2108 880 2146">
    <p class='ocr_par' dir='ltr' id='par_1_59' title="bbox 99 2108 880 2146">
     <span class='ocr_line' id='line_1_59' title="bbox 99 2108 880 2146; baseline 0.001 -11"><span class='ocrx_word' id='word_1_412' title='bbox 99 2117 161 2140; x_wconf 82' lang='grc' dir='ltr'>τες·</span> <span class='ocrx_word' id='word_1_413' title='bbox 176 2108 275 2135; x_wconf 82' lang='grc' dir='ltr'>τούτων</span> <span class='ocrx_word' id='word_1_414' title='bbox 285 2109 339 2144; x_wconf 79' lang='grc' dir='ltr'>γὰρ</span> <span class='ocrx_word' id='word_1_415' title='bbox 355 2109 520 2144; x_wconf 79' lang='grc' dir='ltr'>ἀντέχοντες,</span> <span class='ocrx_word' id='word_1_416' title='bbox 535 2109 600 2140; x_wconf 79' lang='grc' dir='ltr'>Θεὸς</span> <span class='ocrx_word' id='word_1_417' title='bbox 611 2109 695 2143; x_wconf 79' lang='grc' dir='ltr'>λέγει,</span> <span class='ocrx_word' id='word_1_418' title='bbox 710 2109 753 2136; x_wconf 82' lang='grc' dir='ltr'>διὰ</span> <span class='ocrx_word' id='word_1_419' title='bbox 766 2110 813 2146; x_wconf 86' lang='grc' dir='ltr'><strong>τὴν</strong></span> <span class='ocrx_word' id='word_1_420' title='bbox 828 2110 880 2136; x_wconf 83' lang='grc' dir='ltr'><strong>τῶν</strong></span> 
     </span>
    </p>
   </div>
   <div class='ocr_carea' id='block_1_60' title="bbox 100 2154 880 2190">
    <p class='ocr_par' dir='ltr' id='par_1_60' title="bbox 100 2154 880 2190">
     <span class='ocr_line' id='line_1_60' title="bbox 100 2154 880 2190; baseline 0.001 -9"><span class='ocrx_word' id='word_1_421' title='bbox 100 2155 245 2181; x_wconf 81' lang='grc' dir='ltr'>οἰκούντων</span> <span class='ocrx_word' id='word_1_422' title='bbox 262 2155 324 2190; x_wconf 80' lang='grc' dir='ltr'>περὶ</span> <span class='ocrx_word' id='word_1_423' title='bbox 339 2155 373 2181; x_wconf 81' lang='grc' dir='ltr'>τὰ</span> <span class='ocrx_word' id='word_1_424' title='bbox 390 2155 492 2189; x_wconf 87' lang='grc' dir='ltr'>νόμιμα</span> <span class='ocrx_word' id='word_1_425' title='bbox 515 2155 636 2190; x_wconf 81' lang='grc' dir='ltr'>φυλακὴν</span> <span class='ocrx_word' id='word_1_426' title='bbox 649 2174 656 2187; x_wconf 85' lang='grc'><strong>,</strong></span> <span class='ocrx_word' id='word_1_427' title='bbox 681 2154 727 2186; x_wconf 87' lang='grc' dir='ltr'><strong>οὒς</strong></span> <span class='ocrx_word' id='word_1_428' title='bbox 752 2157 798 2182; x_wconf 79' lang='grc' dir='ltr'>καὶ</span> <span class='ocrx_word' id='word_1_429' title='bbox 819 2156 880 2182; x_wconf 78' lang='grc' dir='ltr'>ναὸν</span> 
     </span>
    </p>
   </div>
   <div class='ocr_carea' id='block_1_61' title="bbox 102 2199 882 2237">
    <p class='ocr_par' dir='ltr' id='par_1_61' title="bbox 102 2199 882 2237">
     <span class='ocr_line' id='line_1_61' title="bbox 102 2199 882 2237; baseline 0.003 -11"><span class='ocrx_word' id='word_1_430' title='bbox 102 2200 225 2236; x_wconf 74' lang='grc' dir='ltr'>βούλεται</span> <span class='ocrx_word' id='word_1_431' title='bbox 241 2201 324 2237; x_wconf 74' lang='grc' dir='ltr'>ἔχειν,</span> <span class='ocrx_word' id='word_1_432' title='bbox 345 2202 392 2228; x_wconf 77' lang='grc' dir='ltr'>καὶ</span> <span class='ocrx_word' id='word_1_433' title='bbox 412 2200 503 2234; x_wconf 82' lang='grc' dir='ltr'>ἀξίους</span> <span class='ocrx_word' id='word_1_434' title='bbox 514 2199 583 2227; x_wconf 85' lang='grc' dir='ltr'>εἶναι</span> <span class='ocrx_word' id='word_1_435' title='bbox 597 2200 643 2227; x_wconf 83' lang='grc' dir='ltr'>τοῦ</span> <span class='ocrx_word' id='word_1_436' title='bbox 663 2201 775 2228; x_wconf 81' lang='grc' dir='ltr'>ἐνοικεῖν</span> <span class='ocrx_word' id='word_1_437' title='bbox 791 2203 820 2228; x_wconf 83' lang='grc' dir='ltr'>ἐν</span> <span class='ocrx_word' id='word_1_438' title='bbox 835 2203 882 2229; x_wconf 87' lang='grc' dir='ltr'><strong>αὺ-</strong></span> 
     </span>
    </p>
   </div>
   <div class='ocr_carea' id='block_1_62' title="bbox 101 2248 167 2279">
    <p class='ocr_par' dir='ltr' id='par_1_62' title="bbox 101 2248 167 2279">
     <span class='ocr_line' id='line_1_62' title="bbox 101 2248 167 2279; baseline 0.015 -6"><span class='ocrx_word' id='word_1_439' title='bbox 101 2248 167 2279; x_wconf 81' lang='grc' dir='ltr'>τοῖς.</span> 
     </span>
    </p>
   </div>
   <div class='ocr_carea' id='block_1_63' title="bbox 138 2293 883 2330">
    <p class='ocr_par' dir='ltr' id='par_1_63' title="bbox 138 2293 883 2330">
     <span class='ocr_line' id='line_1_63' title="bbox 138 2293 883 2330; baseline 0.001 -10"><span class='ocrx_word' id='word_1_440' title='bbox 138 2293 229 2321; x_wconf 81' lang='grc' dir='ltr'>Πάντα</span> <span class='ocrx_word' id='word_1_441' title='bbox 252 2293 306 2328; x_wconf 86' lang='grc' dir='ltr'><strong>γὰρ</strong></span> <span class='ocrx_word' id='word_1_442' title='bbox 336 2293 502 2328; x_wconf 83' lang='grc' dir='ltr'>πανταχόθεν</span> <span class='ocrx_word' id='word_1_443' title='bbox 527 2293 575 2329; x_wconf 84' lang='grc' dir='ltr'>βοᾷ</span> <span class='ocrx_word' id='word_1_444' title='bbox 597 2293 645 2329; x_wconf 85' lang='grc' dir='ltr'>τὴν</span> <span class='ocrx_word' id='word_1_445' title='bbox 670 2294 775 2321; x_wconf 78' lang='grc' dir='ltr'>δικαίαν</span> <span class='ocrx_word' id='word_1_446' title='bbox 794 2295 883 2330; x_wconf 82' lang='grc' dir='ltr'>κρίσιν</span> 
     </span>
    </p>
   </div>
   <div class='ocr_carea' id='block_1_64' title="bbox 103 2338 882 2375">
    <p class='ocr_par' dir='ltr' id='par_1_64' title="bbox 103 2338 882 2375">
     <span class='ocr_line' id='line_1_64' title="bbox 103 2338 882 2375; baseline 0.001 -9"><span class='ocrx_word' id='word_1_447' title='bbox 103 2339 150 2366; x_wconf 79' lang='grc' dir='ltr'>τοῦ</span> <span class='ocrx_word' id='word_1_448' title='bbox 167 2338 244 2371; x_wconf 80' lang='grc' dir='ltr'>Θεοῦ,</span> <span class='ocrx_word' id='word_1_449' title='bbox 261 2339 395 2374; x_wconf 76' lang='grc' dir='ltr'>πολεμίων</span> <span class='ocrx_word' id='word_1_450' title='bbox 410 2339 459 2374; x_wconf 78' lang='grc' dir='ltr'>μὲν</span> <span class='ocrx_word' id='word_1_451' title='bbox 476 2339 745 2375; x_wconf 84' lang='grc' dir='ltr'>καταστρεφομένων,</span> <span class='ocrx_word' id='word_1_452' title='bbox 764 2339 882 2372; x_wconf 78' lang='grc' dir='ltr'>Ἐζεκίου</span> 
     </span>
    </p>
   </div>
   <div class='ocr_carea' id='block_1_65' title="bbox 103 2384 883 2421">
    <p class='ocr_par' dir='ltr' id='par_1_65' title="bbox 103 2384 883 2421">
     <span class='ocr_line' id='line_1_65' title="bbox 103 2384 883 2421; baseline 0 -9"><span class='ocrx_word' id='word_1_453' title='bbox 103 2386 131 2412; x_wconf 82' lang='grc' dir='ltr'>δὲ</span> <span class='ocrx_word' id='word_1_454' title='bbox 145 2386 177 2411; x_wconf 86' lang='grc' dir='ltr'>ὲκ</span> <span class='ocrx_word' id='word_1_455' title='bbox 188 2384 235 2411; x_wconf 84' lang='grc' dir='ltr'>τοῦ</span> <span class='ocrx_word' id='word_1_456' title='bbox 248 2385 312 2411; x_wconf 77' lang='grc' dir='ltr'>ναοῦ</span> <span class='ocrx_word' id='word_1_457' title='bbox 323 2385 479 2416; x_wconf 72' lang='grc' dir='ltr'>ἐπανιόντος</span> <span class='ocrx_word' id='word_1_458' title='bbox 491 2385 538 2411; x_wconf 79' lang='grc' dir='ltr'>καὶ</span> <span class='ocrx_word' id='word_1_459' title='bbox 548 2385 726 2420; x_wconf 83' lang='grc' dir='ltr'>κηρύττοντος</span> <span class='ocrx_word' id='word_1_460' title='bbox 737 2385 784 2421; x_wconf 80' lang='grc' dir='ltr'>τὴν</span> <span class='ocrx_word' id='word_1_461' title='bbox 799 2394 883 2420; x_wconf 90' lang='grc' dir='ltr'>μεγα-</span> 
     </span>
    </p>
   </div>
   <div class='ocr_carea' id='block_1_66' title="bbox 104 2430 380 2466">
    <p class='ocr_par' dir='ltr' id='par_1_66' title="bbox 104 2430 380 2466">
     <span class='ocr_line' id='line_1_66' title="bbox 104 2430 380 2466; baseline -0.004 -9"><span class='ocrx_word' id='word_1_462' title='bbox 104 2431 230 2466; x_wconf 78' lang='grc' dir='ltr'>λειότητα</span> <span class='ocrx_word' id='word_1_463' title='bbox 243 2430 289 2456; x_wconf 84' lang='grc' dir='ltr'><strong>τοῦ</strong></span> <span class='ocrx_word' id='word_1_464' title='bbox 302 2430 380 2461; x_wconf 74' lang='grc' dir='ltr'><strong>Θεοῦ,.</strong></span> 
     </span>
    </p>
   </div>
   <div class='ocr_carea' id='block_1_67' title="bbox 139 2475 884 2512">
    <p class='ocr_par' dir='ltr' id='par_1_67' title="bbox 139 2475 884 2512">
     <span class='ocr_line' id='line_1_67' title="bbox 139 2475 884 2512; baseline 0 -9"><span class='ocrx_word' id='word_1_465' title='bbox 139 2476 277 2510; x_wconf 71' lang='grc' dir='ltr'>Τωτέστι,</span> <span class='ocrx_word' id='word_1_466' title='bbox 298 2476 353 2511; x_wconf 78' lang='grc' dir='ltr'><strong>Πρὸ</strong></span> <span class='ocrx_word' id='word_1_467' title='bbox 373 2475 420 2503; x_wconf 81' lang='grc' dir='ltr'><strong>τοῦ</strong></span> <span class='ocrx_word' id='word_1_468' title='bbox 439 2475 559 2502; x_wconf 81' lang='grc' dir='ltr'>κινδύνου</span> <span class='ocrx_word' id='word_1_469' title='bbox 580 2476 634 2511; x_wconf 75' lang='grc' dir='ltr'><strong>(Μ)</strong></span> <span class='ocrx_word' id='word_1_470' title='bbox 659 2475 751 2502; x_wconf 76' lang='grc' dir='ltr'>ἔτεκεν</span> <span class='ocrx_word' id='word_1_471' title='bbox 765 2475 856 2512; x_wconf 77' lang='grc' dir='ltr'>ἄρσεν,</span> <span class='ocrx_word' id='word_1_472' title='bbox 869 2476 884 2503; x_wconf 85' lang='grc' dir='ltr'><strong><em>ὃ</em></strong></span> 
     </span>
    </p>
   </div>
   <div class='ocr_carea' id='block_1_68' title="bbox 106 2521 882 2558">
    <p class='ocr_par' dir='ltr' id='par_1_68' title="bbox 106 2521 882 2558">
     <span class='ocr_line' id='line_1_68' title="bbox 106 2521 882 2558; baseline -0.001 -9"><span class='ocrx_word' id='word_1_473' title='bbox 106 2524 162 2549; x_wconf 78' lang='grc' dir='ltr'>ἐστι</span> <span class='ocrx_word' id='word_1_474' title='bbox 176 2523 271 2558; x_wconf 86' lang='grc' dir='ltr'>κύημα</span> <span class='ocrx_word' id='word_1_475' title='bbox 283 2522 364 2549; x_wconf 80' lang='grc' dir='ltr'>καλὸν</span> <span class='ocrx_word' id='word_1_476' title='bbox 376 2523 422 2549; x_wconf 81' lang='grc' dir='ltr'>καὶ</span> <span class='ocrx_word' id='word_1_477' title='bbox 435 2521 684 2558; x_wconf 53' lang='grc' dir='ltr'>τριπόθητον-παῖς</span> <span class='ocrx_word' id='word_1_478' title='bbox 704 2522 759 2557; x_wconf 86' lang='grc' dir='ltr'><strong>γὰρ</strong></span> <span class='ocrx_word' id='word_1_479' title='bbox 776 2522 882 2550; x_wconf 77' lang='grc' dir='ltr'>τικτού-</span> 
     </span>
    </p>
   </div>
   <div class='ocr_carea' id='block_1_69' title="bbox 108 2567 882 2603">
    <p class='ocr_par' dir='ltr' id='par_1_69' title="bbox 108 2567 882 2603">
     <span class='ocr_line' id='line_1_69' title="bbox 108 2567 882 2603; baseline 0 -9"><span class='ocrx_word' id='word_1_480' title='bbox 108 2576 166 2598; x_wconf 84' lang='grc' dir='ltr'>σαις</span> <span class='ocrx_word' id='word_1_481' title='bbox 190 2567 366 2603; x_wconf 77' lang='grc' dir='ltr'>ἀρῤενοτοκῐα</span> <span class='ocrx_word' id='word_1_482' title='bbox 388 2567 487 2602; x_wconf 81' lang='grc' dir='ltr'>μᾶλλον</span> <span class='ocrx_word' id='word_1_483' title='bbox 513 2567 624 2601; x_wconf 84' lang='grc' dir='ltr'>θατέρου</span> <span class='ocrx_word' id='word_1_484' title='bbox 652 2567 846 2602; x_wconf 82' lang='grc' dir='ltr'>προτέτακται·</span> <span class='ocrx_word' id='word_1_485' title='bbox 865 2567 882 2602; x_wconf 81' lang='grc' dir='ltr'><strong>ἢ</strong></span> 
     </span>
    </p>
   </div>
   <div class='ocr_carea' id='block_1_70' title="bbox 107 2611 882 2650">
    <p class='ocr_par' dir='ltr' id='par_1_70' title="bbox 107 2611 882 2650">
     <span class='ocr_line' id='line_1_70' title="bbox 107 2611 882 2650; baseline -0.004 -9"><span class='ocrx_word' id='word_1_486' title='bbox 107 2614 174 2650; x_wconf 78' lang='grc' dir='ltr'>τάχα</span> <span class='ocrx_word' id='word_1_487' title='bbox 196 2622 247 2640; x_wconf 89' lang='grc' dir='ltr'><strong>που</strong></span> <span class='ocrx_word' id='word_1_488' title='bbox 265 2614 311 2645; x_wconf 77' lang='grc' dir='ltr'>καὶ</span> <span class='ocrx_word' id='word_1_489' title='bbox 328 2614 411 2649; x_wconf 80' lang='grc' dir='ltr'>ἄρσεν</span> <span class='ocrx_word' id='word_1_490' title='bbox 431 2613 461 2639; x_wconf 81' lang='grc' dir='ltr'>τὸ</span> <span class='ocrx_word' id='word_1_491' title='bbox 482 2611 592 2647; x_wconf 82' lang='grc' dir='ltr'>τεχθέν·</span> <span class='ocrx_word' id='word_1_492' title='bbox 613 2612 642 2638; x_wconf 84' lang='grc' dir='ltr'>οὺ</span> <span class='ocrx_word' id='word_1_493' title='bbox 665 2612 719 2648; x_wconf 76' lang='grc' dir='ltr'><strong>γὰρ</strong></span> <span class='ocrx_word' id='word_1_494' title='bbox 741 2612 882 2648; x_wconf 82' lang='grc' dir='ltr'>θηλύνεται</span> 
     </span>
    </p>
   </div>
   <div class='ocr_carea' id='block_1_71' title="bbox 107 2657 879 2696">
    <p class='ocr_par' dir='ltr' id='par_1_71' title="bbox 107 2657 879 2696">
     <span class='ocr_line' id='line_1_71' title="bbox 107 2657 879 2696; baseline -0.001 -10"><span class='ocrx_word' id='word_1_495' title='bbox 107 2660 171 2696; x_wconf 86' lang='grc' dir='ltr'>πρὸς</span> <span class='ocrx_word' id='word_1_496' title='bbox 190 2660 378 2695; x_wconf 78' lang='grc' dir='ltr'>μακαρισμοὺς</span> <span class='ocrx_word' id='word_1_497' title='bbox 390 2660 404 2685; x_wconf 88' lang='grc' dir='ltr'><strong>ὁ</strong></span> <span class='ocrx_word' id='word_1_498' title='bbox 421 2659 450 2684; x_wconf 76' lang='grc' dir='ltr'>ἐν</span> <span class='ocrx_word' id='word_1_499' title='bbox 468 2657 578 2694; x_wconf 81' lang='grc' dir='ltr'>Χριστῷ</span> <span class='ocrx_word' id='word_1_500' title='bbox 593 2657 671 2689; x_wconf 82' lang='grc' dir='ltr'>λαός·</span> <span class='ocrx_word' id='word_1_501' title='bbox 687 2658 812 2694; x_wconf 80' lang='grc' dir='ltr'>φρόνημα</span> <span class='ocrx_word' id='word_1_502' title='bbox 827 2658 879 2693; x_wconf 79' lang='grc' dir='ltr'><strong>γάρ</strong></span> 
     </span>
    </p>
   </div>
   <div class='ocr_carea' id='block_1_72' title="bbox 107 2703 882 2742">
    <p class='ocr_par' dir='ltr' id='par_1_72' title="bbox 107 2703 882 2742">
     <span class='ocr_line' id='line_1_72' title="bbox 107 2703 882 2742; baseline -0.005 -8"><span class='ocrx_word' id='word_1_503' title='bbox 107 2709 177 2740; x_wconf 65' lang='grc' dir='ltr'>ᾃστιν</span> <span class='ocrx_word' id='word_1_504' title='bbox 193 2706 223 2733; x_wconf 81' lang='grc' dir='ltr'>ὲν</span> <span class='ocrx_word' id='word_1_505' title='bbox 235 2705 309 2740; x_wconf 78' lang='grc' dir='ltr'><strong>αὑτῷ</strong></span> <span class='ocrx_word' id='word_1_506' title='bbox 325 2703 676 2735; x_wconf 77' lang='grc' dir='ltr'>νεανικόν.’-Ἐκδιδάσκει</span> <span class='ocrx_word' id='word_1_507' title='bbox 691 2704 833 2742; x_wconf 81' lang='grc' dir='ltr'>προλαϐεῖν</span> <span class='ocrx_word' id='word_1_508' title='bbox 849 2706 882 2740; x_wconf 81' lang='grc' dir='ltr'>τῇ</span> 
     </span>
    </p>
   </div>
   <div class='ocr_carea' id='block_1_73' title="bbox 109 2749 883 2793">
    <p class='ocr_par' dir='ltr' id='par_1_73' title="bbox 109 2749 883 2793">
     <span class='ocr_line' id='line_1_73' title="bbox 109 2749 883 2793; baseline -0.004 -14"><span class='ocrx_word' id='word_1_509' title='bbox 109 2752 235 2793; x_wconf 81' lang='grc' dir='ltr'>μετανοίᾳ</span> <span class='ocrx_word' id='word_1_510' title='bbox 247 2751 293 2777; x_wconf 81' lang='grc' dir='ltr'>τὸν</span> <span class='ocrx_word' id='word_1_511' title='bbox 308 2751 403 2786; x_wconf 76' lang='grc' dir='ltr'>καιρὸν</span> <span class='ocrx_word' id='word_1_512' title='bbox 418 2751 473 2777; x_wconf 88' lang='grc' dir='ltr'><strong>τῶν</strong></span> <span class='ocrx_word' id='word_1_513' title='bbox 492 2750 604 2782; x_wconf 82' lang='grc' dir='ltr'>ὠδίνων,</span> <span class='ocrx_word' id='word_1_514' title='bbox 621 2750 665 2776; x_wconf 76' lang='grc' dir='ltr'>καὶ</span> <span class='ocrx_word' id='word_1_515' title='bbox 681 2749 774 2786; x_wconf 80' lang='grc' dir='ltr'>ὥσπερ</span> <span class='ocrx_word' id='word_1_516' title='bbox 790 2750 883 2777; x_wconf 77' lang='grc' dir='ltr'>παιδία</span> 
     </span>
    </p>
   </div>
   <div class='ocr_carea' id='block_1_74' title="bbox 140 2807 449 2845">
    <p class='ocr_par' dir='ltr' id='par_1_74' title="bbox 140 2807 449 2845">
     <span class='ocr_line' id='line_1_74' title="bbox 140 2807 449 2845; baseline -0.006 -8"><span class='ocrx_word' id='word_1_517' title='bbox 140 2808 195 2845; x_wconf 48' lang='lat' dir='ltr'><strong>(ll)</strong></span> <span class='ocrx_word' id='word_1_518' title='bbox 213 2807 293 2839; x_wconf 76' lang='lat' dir='ltr'><strong>Forte</strong></span> <span class='ocrx_word' id='word_1_519' title='bbox 311 2808 449 2843; x_wconf 71' lang='grc' dir='ltr'>κυητικοῦ.</span> 
     </span>
    </p>
   </div>
   <div class='ocr_carea' id='block_1_75' title="bbox 930 880 1709 918">
    <p class='ocr_par' dir='ltr' id='par_1_75' title="bbox 930 880 1709 918">
     <span class='ocr_line' id='line_1_75' title="bbox 930 880 1709 918; baseline 0.004 -12"><span class='ocrx_word' id='word_1_520' title='bbox 930 883 974 906; x_wconf 88' lang='lat' dir='ltr'><strong>est</strong></span> <span class='ocrx_word' id='word_1_521' title='bbox 990 884 1089 914; x_wconf 64' lang='lat' dir='ltr'><strong>preter</strong></span> <span class='ocrx_word' id='word_1_522' title='bbox 1101 888 1200 908; x_wconf 91' lang='lat' dir='ltr'><strong>nomen</strong></span> <span class='ocrx_word' id='word_1_523' title='bbox 1214 880 1445 911; x_wconf 70' lang='lat' dir='ltr'><strong>Christianorum.</strong></span> <span class='ocrx_word' id='word_1_524' title='bbox 1455 880 1515 909; x_wconf 88' lang='lat' dir='ltr'><strong>Jam</strong></span> <span class='ocrx_word' id='word_1_525' title='bbox 1528 890 1582 909; x_wconf 93' lang='lat' dir='ltr'><strong>non</strong></span> <span class='ocrx_word' id='word_1_526' title='bbox 1593 883 1709 918; x_wconf 80' lang='lat' dir='ltr'><strong>amplius</strong></span> 
     </span>
    </p>
   </div>
   <div class='ocr_carea' id='block_1_76' title="bbox 931 924 1708 962">
    <p class='ocr_par' dir='ltr' id='par_1_76' title="bbox 931 924 1708 962">
     <span class='ocr_line' id='line_1_76' title="bbox 931 924 1708 962; baseline 0.004 -11"><span class='ocrx_word' id='word_1_527' title='bbox 931 924 1064 952; x_wconf 75' lang='lat' dir='ltr'><strong>idolorum</strong></span> <span class='ocrx_word' id='word_1_528' title='bbox 1091 926 1251 953; x_wconf 85' lang='lat' dir='ltr'><strong>memoriam</strong></span> <span class='ocrx_word' id='word_1_529' title='bbox 1280 926 1390 960; x_wconf 78' lang='lat' dir='ltr'><strong>facient,</strong></span> <span class='ocrx_word' id='word_1_530' title='bbox 1415 935 1502 962; x_wconf 89' lang='lat' dir='ltr'><strong>neque</strong></span> <span class='ocrx_word' id='word_1_531' title='bbox 1523 935 1554 954; x_wconf 88' lang='lat' dir='ltr'><strong>ea</strong></span> <span class='ocrx_word' id='word_1_532' title='bbox 1579 931 1708 962; x_wconf 84' lang='lat' dir='ltr'><strong>tanquam</strong></span> 
     </span>
    </p>
   </div>
   <div class='ocr_carea' id='block_1_77' title="bbox 931 972 1707 1005">
    <p class='ocr_par' dir='ltr' id='par_1_77' title="bbox 931 972 1707 1005">
     <span class='ocr_line' id='line_1_77' title="bbox 931 972 1707 1005; baseline 0.001 -6"><span class='ocrx_word' id='word_1_533' title='bbox 931 972 997 999; x_wconf 84' lang='lat' dir='ltr'><strong>deos</strong></span> <span class='ocrx_word' id='word_1_534' title='bbox 1011 973 1188 1005; x_wconf 90' lang='lat' dir='ltr'><strong>invocabunt,</strong></span> <span class='ocrx_word' id='word_1_535' title='bbox 1214 974 1262 1001; x_wconf 89' lang='lat' dir='ltr'><strong>sed</strong></span> <span class='ocrx_word' id='word_1_536' title='bbox 1280 982 1366 1001; x_wconf 92' lang='lat' dir='ltr'><strong>unum</strong></span> <span class='ocrx_word' id='word_1_537' title='bbox 1384 973 1468 1001; x_wconf 84' lang='lat' dir='ltr'><strong>Deum</strong></span> <span class='ocrx_word' id='word_1_538' title='bbox 1493 977 1520 1001; x_wconf 88' lang='lat' dir='ltr'><strong>et</strong></span> <span class='ocrx_word' id='word_1_539' title='bbox 1540 974 1707 1001; x_wconf 87' lang='lat' dir='ltr'><strong>conditorem</strong></span> 
     </span>
    </p>
   </div>
   <div class='ocr_carea' id='block_1_78' title="bbox 931 1017 1708 1053">
    <p class='ocr_par' dir='ltr' id='par_1_78' title="bbox 931 1017 1708 1053">
     <span class='ocr_line' id='line_1_78' title="bbox 931 1017 1708 1053; baseline 0.003 -11"><span class='ocrx_word' id='word_1_540' title='bbox 931 1024 1010 1043; x_wconf 86' lang='lat' dir='ltr'><strong>suum</strong></span> <span class='ocrx_word' id='word_1_541' title='bbox 1028 1017 1130 1051; x_wconf 86' lang='lat' dir='ltr'><strong>colent,</strong></span> <span class='ocrx_word' id='word_1_542' title='bbox 1143 1022 1170 1045; x_wconf 93' lang='lat' dir='ltr'><strong>et</strong></span> <span class='ocrx_word' id='word_1_543' title='bbox 1185 1018 1219 1046; x_wconf 85' lang='lat' dir='ltr'><strong>ab</strong></span> <span class='ocrx_word' id='word_1_544' title='bbox 1243 1019 1302 1053; x_wconf 86' lang='lat' dir='ltr'><strong>ipso</strong></span> <span class='ocrx_word' id='word_1_545' title='bbox 1332 1019 1466 1046; x_wconf 88' lang='lat' dir='ltr'><strong>bonorum</strong></span> <span class='ocrx_word' id='word_1_546' title='bbox 1490 1019 1596 1053; x_wconf 89' lang='lat' dir='ltr'><strong>copiam</strong></span> <span class='ocrx_word' id='word_1_547' title='bbox 1623 1019 1708 1053; x_wconf 83' lang='lat' dir='ltr'><strong>impe-</strong></span> 
     </span>
    </p>
   </div>
   <div class='ocr_carea' id='block_1_79' title="bbox 931 1061 1050 1088">
    <p class='ocr_par' dir='ltr' id='par_1_79' title="bbox 931 1061 1050 1088">
     <span class='ocr_line' id='line_1_79' title="bbox 931 1061 1050 1088; baseline 0.008 -1"><span class='ocrx_word' id='word_1_548' title='bbox 931 1061 1050 1088; x_wconf 86' lang='lat' dir='ltr'><strong>trahunt.</strong></span> 
     </span>
    </p>
   </div>
   <div class='ocr_carea' id='block_1_80' title="bbox 969 1104 1708 1143">
    <p class='ocr_par' dir='ltr' id='par_1_80' title="bbox 969 1104 1708 1143">
     <span class='ocr_line' id='line_1_80' title="bbox 969 1104 1708 1143; baseline 0.001 -10"><span class='ocrx_word' id='word_1_549' title='bbox 969 1104 1053 1134; x_wconf 65' lang='lat' dir='ltr'><strong>Vens.</strong></span> <span class='ocrx_word' id='word_1_550' title='bbox 1072 1107 1117 1134; x_wconf 77' lang='lat'><strong>20.</strong></span> <span class='ocrx_word' id='word_1_551' title='bbox 1139 1107 1239 1136; x_wconf 86' lang='lat' dir='ltr'><strong>Multos</strong></span> <span class='ocrx_word' id='word_1_552' title='bbox 1253 1116 1339 1136; x_wconf 90' lang='lat' dir='ltr'><strong>annos</strong></span> <span class='ocrx_word' id='word_1_553' title='bbox 1355 1108 1468 1143; x_wconf 79' lang='lat' dir='ltr'><strong>perfecit</strong></span> <span class='ocrx_word' id='word_1_554' title='bbox 1484 1108 1530 1143; x_wconf 85' lang='lat' dir='ltr'><strong>qui</strong></span> <span class='ocrx_word' id='word_1_555' title='bbox 1547 1115 1600 1135; x_wconf 87' lang='lat' dir='ltr'><strong>non</strong></span> <span class='ocrx_word' id='word_1_556' title='bbox 1613 1108 1708 1134; x_wconf 85' lang='lat' dir='ltr'><strong>imma-</strong></span> 
     </span>
    </p>
   </div>
   <div class='ocr_carea' id='block_1_81' title="bbox 931 1154 1709 1189">
    <p class='ocr_par' dir='ltr' id='par_1_81' title="bbox 931 1154 1709 1189">
     <span class='ocr_line' id='line_1_81' title="bbox 931 1154 1709 1189; baseline 0.003 -11"><span class='ocrx_word' id='word_1_557' title='bbox 931 1155 993 1179; x_wconf 89' lang='lat' dir='ltr'><strong>tura</strong></span> <span class='ocrx_word' id='word_1_558' title='bbox 1009 1157 1097 1180; x_wconf 88' lang='lat' dir='ltr'><strong>morte</strong></span> <span class='ocrx_word' id='word_1_559' title='bbox 1119 1154 1225 1188; x_wconf 88' lang='lat' dir='ltr'><strong>rapitur</strong></span> <span class='ocrx_word' id='word_1_560' title='bbox 1251 1157 1278 1181; x_wconf 89' lang='lat' dir='ltr'><strong>et</strong></span> <span class='ocrx_word' id='word_1_561' title='bbox 1302 1155 1415 1182; x_wconf 86' lang='lat' dir='ltr'><strong>viridem</strong></span> <span class='ocrx_word' id='word_1_562' title='bbox 1435 1154 1613 1189; x_wconf 86' lang='lat' dir='ltr'><strong>consequitur</strong></span> <span class='ocrx_word' id='word_1_563' title='bbox 1631 1160 1709 1180; x_wconf 87' lang='lat' dir='ltr'><strong>sene-</strong></span> 
     </span>
    </p>
   </div>
   <div class='ocr_carea' id='block_1_82' title="bbox 932 1197 1710 1234">
    <p class='ocr_par' dir='ltr' id='par_1_82' title="bbox 932 1197 1710 1234">
     <span class='ocr_line' id='line_1_82' title="bbox 932 1197 1710 1234; baseline 0.001 -10"><span class='ocrx_word' id='word_1_564' title='bbox 932 1201 1044 1225; x_wconf 90' lang='lat' dir='ltr'><strong>ctutem.</strong></span> <span class='ocrx_word' id='word_1_565' title='bbox 1063 1197 1158 1226; x_wconf 88' lang='lat' dir='ltr'><strong>Justus</strong></span> <span class='ocrx_word' id='word_1_566' title='bbox 1173 1199 1244 1226; x_wconf 89' lang='lat' dir='ltr'><strong>enim</strong></span> <span class='ocrx_word' id='word_1_567' title='bbox 1263 1200 1435 1227; x_wconf 78' lang='lat' dir='ltr'><strong>centonarius</strong></span> <span class='ocrx_word' id='word_1_568' title='bbox 1456 1200 1508 1227; x_wconf 89' lang='lat' dir='ltr'><strong>erit</strong></span> <span class='ocrx_word' id='word_1_569' title='bbox 1520 1199 1598 1234; x_wconf 87' lang='lat' dir='ltr'><strong>quasi</strong></span> <span class='ocrx_word' id='word_1_570' title='bbox 1619 1199 1710 1226; x_wconf 85' lang='lat' dir='ltr'><strong>adole-</strong></span> 
     </span>
    </p>
   </div>
   <div class='ocr_carea' id='block_1_83' title="bbox 932 1246 1710 1280">
    <p class='ocr_par' dir='ltr' id='par_1_83' title="bbox 932 1246 1710 1280">
     <span class='ocr_line' id='line_1_83' title="bbox 932 1246 1710 1280; baseline 0.003 -10"><span class='ocrx_word' id='word_1_571' title='bbox 932 1251 1013 1271; x_wconf 79' lang='lat' dir='ltr'><strong>scens</strong></span> <span class='ocrx_word' id='word_1_572' title='bbox 1028 1248 1091 1271; x_wconf 85' lang='lat' dir='ltr'><strong>ante</strong></span> <span class='ocrx_word' id='word_1_573' title='bbox 1109 1248 1217 1279; x_wconf 85' lang='lat' dir='ltr'><strong>tempus</strong></span> <span class='ocrx_word' id='word_1_574' title='bbox 1229 1246 1363 1275; x_wconf 86' lang='lat' dir='ltr'><strong>moriens:</strong></span> <span class='ocrx_word' id='word_1_575' title='bbox 1389 1250 1517 1280; x_wconf 87' lang='lat' dir='ltr'><strong>peccator</strong></span> <span class='ocrx_word' id='word_1_576' title='bbox 1534 1252 1599 1273; x_wconf 88' lang='lat' dir='ltr'><strong>vero</strong></span> <span class='ocrx_word' id='word_1_577' title='bbox 1622 1250 1710 1272; x_wconf 82' lang='lat' dir='ltr'><strong>cente-</strong></span> 
     </span>
    </p>
   </div>
   <div class='ocr_carea' id='block_1_84' title="bbox 932 1289 1708 1326">
    <p class='ocr_par' dir='ltr' id='par_1_84' title="bbox 932 1289 1708 1326">
     <span class='ocr_line' id='line_1_84' title="bbox 932 1289 1708 1326; baseline 0 -10"><span class='ocrx_word' id='word_1_578' title='bbox 932 1290 1027 1316; x_wconf 78' lang='lat' dir='ltr'><strong>narius</strong></span> <span class='ocrx_word' id='word_1_579' title='bbox 1053 1289 1216 1317; x_wconf 84' lang='lat' dir='ltr'><strong>maledictus</strong></span> <span class='ocrx_word' id='word_1_580' title='bbox 1246 1291 1308 1323; x_wconf 87' lang='lat' dir='ltr'><strong>erit,</strong></span> <span class='ocrx_word' id='word_1_581' title='bbox 1334 1294 1446 1326; x_wconf 85' lang='lat' dir='ltr'><strong>propter</strong></span> <span class='ocrx_word' id='word_1_582' title='bbox 1469 1290 1556 1325; x_wconf 90' lang='lat' dir='ltr'><strong>ipsam</strong></span> <span class='ocrx_word' id='word_1_583' title='bbox 1579 1289 1708 1325; x_wconf 78' lang='lat' dir='ltr'><strong>grandem</strong></span> 
     </span>
    </p>
   </div>
   <div class='ocr_carea' id='block_1_85' title="bbox 931 1334 1212 1362">
    <p class='ocr_par' dir='ltr' id='par_1_85' title="bbox 931 1334 1212 1362">
     <span class='ocr_line' id='line_1_85' title="bbox 931 1334 1212 1362; baseline -0.004 -1"><span class='ocrx_word' id='word_1_584' title='bbox 931 1338 1037 1362; x_wconf 67' lang='lat' dir='ltr'><strong>aetatem</strong></span> <span class='ocrx_word' id='word_1_585' title='bbox 1055 1334 1212 1362; x_wconf 82' lang='lat' dir='ltr'><strong>damnatus.</strong></span> 
     </span>
    </p>
   </div>
   <div class='ocr_carea' id='block_1_86' title="bbox 968 1379 1709 1415">
    <p class='ocr_par' dir='ltr' id='par_1_86' title="bbox 968 1379 1709 1415">
     <span class='ocr_line' id='line_1_86' title="bbox 968 1379 1709 1415; baseline -0.001 -9"><span class='ocrx_word' id='word_1_586' title='bbox 968 1380 1049 1407; x_wconf 68' lang='lat' dir='ltr'><strong>Vens.</strong></span> <span class='ocrx_word' id='word_1_587' title='bbox 1070 1380 1115 1408; x_wconf 70' lang='lat'><strong>22.</strong></span> <span class='ocrx_word' id='word_1_588' title='bbox 1138 1380 1276 1407; x_wconf 80' lang='lat' dir='ltr'><strong>Continuo</strong></span> <span class='ocrx_word' id='word_1_589' title='bbox 1303 1380 1432 1408; x_wconf 84' lang='lat' dir='ltr'><strong>ﬂorentes</strong></span> <span class='ocrx_word' id='word_1_590' title='bbox 1463 1379 1584 1415; x_wconf 86' lang='lat' dir='ltr'><strong>paradisi</strong></span> <span class='ocrx_word' id='word_1_591' title='bbox 1611 1379 1709 1415; x_wconf 66' lang='lat' dir='ltr'><strong>planta;</strong></span> 
     </span>
    </p>
   </div>
   <div class='ocr_carea' id='block_1_87' title="bbox 930 1424 1709 1460">
    <p class='ocr_par' dir='ltr' id='par_1_87' title="bbox 930 1424 1709 1460">
     <span class='ocr_line' id='line_1_87' title="bbox 930 1424 1709 1460; baseline -0.003 -8"><span class='ocrx_word' id='word_1_592' title='bbox 930 1429 1047 1453; x_wconf 55' lang='lat' dir='ltr'><strong>aeternos</strong></span> <span class='ocrx_word' id='word_1_593' title='bbox 1060 1425 1164 1454; x_wconf 82' lang='lat' dir='ltr'><strong>fructus</strong></span> <span class='ocrx_word' id='word_1_594' title='bbox 1180 1426 1279 1453; x_wconf 82' lang='lat' dir='ltr'><strong>ferunt.</strong></span> <span class='ocrx_word' id='word_1_595' title='bbox 1294 1425 1399 1460; x_wconf 82' lang='lat' dir='ltr'><strong>Quippe</strong></span> <span class='ocrx_word' id='word_1_596' title='bbox 1418 1425 1481 1460; x_wconf 88' lang='lat' dir='ltr'><strong>qui,</strong></span> <span class='ocrx_word' id='word_1_597' title='bbox 1499 1425 1562 1452; x_wconf 88' lang='lat' dir='ltr'><strong>dum</strong></span> <span class='ocrx_word' id='word_1_598' title='bbox 1580 1424 1662 1451; x_wconf 87' lang='lat' dir='ltr'><strong>ltomo</strong></span> <span class='ocrx_word' id='word_1_599' title='bbox 1682 1424 1709 1450; x_wconf 93' lang='lat' dir='ltr'><strong>in</strong></span> 
     </span>
    </p>
   </div>
   <div class='ocr_carea' id='block_1_88' title="bbox 931 1471 1709 1506">
    <p class='ocr_par' dir='ltr' id='par_1_88' title="bbox 931 1471 1709 1506">
     <span class='ocr_line' id='line_1_88' title="bbox 931 1471 1709 1506; baseline -0.003 -9"><span class='ocrx_word' id='word_1_600' title='bbox 931 1471 1058 1506; x_wconf 84' lang='lat' dir='ltr'><strong>paradiso</strong></span> <span class='ocrx_word' id='word_1_601' title='bbox 1072 1476 1153 1505; x_wconf 85' lang='lat' dir='ltr'><strong>esset,</strong></span> <span class='ocrx_word' id='word_1_602' title='bbox 1171 1472 1198 1498; x_wconf 90' lang='lat' dir='ltr'><strong>in</strong></span> <span class='ocrx_word' id='word_1_603' title='bbox 1213 1471 1272 1499; x_wconf 85' lang='lat' dir='ltr'><strong>dies</strong></span> <span class='ocrx_word' id='word_1_604' title='bbox 1281 1472 1366 1506; x_wconf 76' lang='lat' dir='ltr'><strong>magis</strong></span> <span class='ocrx_word' id='word_1_605' title='bbox 1381 1478 1413 1497; x_wconf 85' lang='lat' dir='ltr'><strong>ac</strong></span> <span class='ocrx_word' id='word_1_606' title='bbox 1420 1472 1503 1504; x_wconf 82' lang='lat' dir='ltr'><strong>magis</strong></span> <span class='ocrx_word' id='word_1_607' title='bbox 1514 1471 1597 1502; x_wconf 85' lang='lat' dir='ltr'><strong>aucti,</strong></span> <span class='ocrx_word' id='word_1_608' title='bbox 1609 1473 1709 1497; x_wconf 78' lang='lat' dir='ltr'><strong>:ctcrna</strong></span> 
     </span>
    </p>
   </div>
   <div class='ocr_carea' id='block_1_89' title="bbox 931 1514 1710 1551">
    <p class='ocr_par' dir='ltr' id='par_1_89' title="bbox 931 1514 1710 1551">
     <span class='ocr_line' id='line_1_89' title="bbox 931 1514 1710 1551; baseline -0.003 -9"><span class='ocrx_word' id='word_1_609' title='bbox 931 1516 1033 1544; x_wconf 86' lang='lat' dir='ltr'><strong>homini</strong></span> <span class='ocrx_word' id='word_1_610' title='bbox 1048 1516 1145 1551; x_wconf 80' lang='lat' dir='ltr'><strong>gaudia</strong></span> <span class='ocrx_word' id='word_1_611' title='bbox 1166 1516 1339 1550; x_wconf 71' lang='lat' dir='ltr'><strong>praebebant;</strong></span> <span class='ocrx_word' id='word_1_612' title='bbox 1354 1516 1467 1550; x_wconf 77' lang='lat' dir='ltr'><strong>expulso</strong></span> <span class='ocrx_word' id='word_1_613' title='bbox 1481 1520 1577 1542; x_wconf 69' lang='lat' dir='ltr'><strong>autem</strong></span> <span class='ocrx_word' id='word_1_614' title='bbox 1601 1514 1710 1541; x_wconf 84' lang='lat' dir='ltr'><strong>homine</strong></span> 
     </span>
    </p>
   </div>
   <div class='ocr_carea' id='block_1_90' title="bbox 931 1559 1710 1596">
    <p class='ocr_par' dir='ltr' id='par_1_90' title="bbox 931 1559 1710 1596">
     <span class='ocr_line' id='line_1_90' title="bbox 931 1559 1710 1596; baseline -0.004 -8"><span class='ocrx_word' id='word_1_615' title='bbox 931 1569 964 1589; x_wconf 81' lang='lat' dir='ltr'><strong>ett</strong></span> <span class='ocrx_word' id='word_1_616' title='bbox 979 1561 1117 1596; x_wconf 86' lang='lat' dir='ltr'><strong>paradiso,</strong></span> <span class='ocrx_word' id='word_1_617' title='bbox 1140 1565 1281 1588; x_wconf 85' lang='lat' dir='ltr'><strong>remanent</strong></span> <span class='ocrx_word' id='word_1_618' title='bbox 1296 1560 1399 1587; x_wconf 79' lang='lat' dir='ltr'><strong>fructus</strong></span> <span class='ocrx_word' id='word_1_619' title='bbox 1418 1561 1446 1587; x_wconf 92' lang='lat' dir='ltr'><strong>in</strong></span> <span class='ocrx_word' id='word_1_620' title='bbox 1464 1565 1593 1587; x_wconf 63' lang='lat' dir='ltr'><strong>aeternum</strong></span> <span class='ocrx_word' id='word_1_621' title='bbox 1620 1559 1710 1586; x_wconf 82' lang='lat' dir='ltr'><strong>incor-</strong></span> 
     </span>
    </p>
   </div>
   <div class='ocr_carea' id='block_1_91' title="bbox 931 1608 1084 1642">
    <p class='ocr_par' dir='ltr' id='par_1_91' title="bbox 931 1608 1084 1642">
     <span class='ocr_line' id='line_1_91' title="bbox 931 1608 1084 1642; baseline -0.007 -8"><span class='ocrx_word' id='word_1_622' title='bbox 931 1608 1084 1642; x_wconf 74' lang='lat' dir='ltr'><strong>ruptibiles.</strong></span> 
     </span>
    </p>
   </div>
   <div class='ocr_carea' id='block_1_92' title="bbox 967 1649 1708 1687">
    <p class='ocr_par' dir='ltr' id='par_1_92' title="bbox 967 1649 1708 1687">
     <span class='ocr_line' id='line_1_92' title="bbox 967 1649 1708 1687; baseline -0.005 -7"><span class='ocrx_word' id='word_1_623' title='bbox 967 1653 1050 1680; x_wconf 70' lang='lat' dir='ltr'><strong>Vens.</strong></span> <span class='ocrx_word' id='word_1_624' title='bbox 1070 1653 1115 1680; x_wconf 69' lang='lat'><strong>25.</strong></span> <span class='ocrx_word' id='word_1_625' title='bbox 1136 1653 1201 1686; x_wconf 64' lang='lat' dir='ltr'><strong>Qum</strong></span> <span class='ocrx_word' id='word_1_626' title='bbox 1228 1652 1336 1687; x_wconf 85' lang='lat' dir='ltr'><strong>quidem</strong></span> <span class='ocrx_word' id='word_1_627' title='bbox 1365 1651 1506 1679; x_wconf 85' lang='lat' dir='ltr'><strong>denuntiat</strong></span> <span class='ocrx_word' id='word_1_628' title='bbox 1533 1649 1708 1684; x_wconf 30' lang='lat' dir='ltr'><strong>Deusnlsrael</strong></span> 
     </span>
    </p>
   </div>
   <div class='ocr_carea' id='block_1_93' title="bbox 931 1696 1709 1734">
    <p class='ocr_par' dir='ltr' id='par_1_93' title="bbox 931 1696 1709 1734">
     <span class='ocr_line' id='line_1_93' title="bbox 931 1696 1709 1734; baseline -0.006 -8"><span class='ocrx_word' id='word_1_629' title='bbox 931 1698 1121 1733; x_wconf 79' lang='lat' dir='ltr'><strong>paenitentiam</strong></span> <span class='ocrx_word' id='word_1_630' title='bbox 1135 1698 1243 1734; x_wconf 78' lang='lat' dir='ltr'><strong>agenti;</strong></span> <span class='ocrx_word' id='word_1_631' title='bbox 1260 1698 1324 1732; x_wconf 81' lang='lat' dir='ltr'><strong>quia</strong></span> <span class='ocrx_word' id='word_1_632' title='bbox 1344 1700 1433 1724; x_wconf 90' lang='lat' dir='ltr'><strong>autem</strong></span> <span class='ocrx_word' id='word_1_633' title='bbox 1450 1696 1583 1724; x_wconf 81' lang='lat' dir='ltr'><strong>indociles</strong></span> <span class='ocrx_word' id='word_1_634' title='bbox 1598 1703 1709 1723; x_wconf 83' lang='lat' dir='ltr'><strong>reman-</strong></span> 
     </span>
    </p>
   </div>
   <div class='ocr_carea' id='block_1_94' title="bbox 932 1741 1707 1777">
    <p class='ocr_par' dir='ltr' id='par_1_94' title="bbox 932 1741 1707 1777">
     <span class='ocr_line' id='line_1_94' title="bbox 932 1741 1707 1777; baseline -0.006 -6"><span class='ocrx_word' id='word_1_635' title='bbox 932 1748 1037 1776; x_wconf 83' lang='lat' dir='ltr'><strong>serunt,</strong></span> <span class='ocrx_word' id='word_1_636' title='bbox 1070 1744 1274 1771; x_wconf 84' lang='lat' dir='ltr'><strong>benedictiones</strong></span> <span class='ocrx_word' id='word_1_637' title='bbox 1297 1750 1361 1770; x_wconf 88' lang='lat' dir='ltr'><strong>suas</strong></span> <span class='ocrx_word' id='word_1_638' title='bbox 1389 1742 1516 1777; x_wconf 81' lang='lat' dir='ltr'><strong>gentibus</strong></span> <span class='ocrx_word' id='word_1_639' title='bbox 1544 1741 1707 1776; x_wconf 85' lang='lat' dir='ltr'><strong>impertitur,</strong></span> 
     </span>
    </p>
   </div>
   <div class='ocr_carea' id='block_1_95' title="bbox 932 1786 1637 1823">
    <p class='ocr_par' dir='ltr' id='par_1_95' title="bbox 932 1786 1637 1823">
     <span class='ocr_line' id='line_1_95' title="bbox 932 1786 1637 1823; baseline -0.007 -7"><span class='ocrx_word' id='word_1_640' title='bbox 932 1789 1002 1817; x_wconf 90' lang='lat' dir='ltr'><strong>utin</strong></span> <span class='ocrx_word' id='word_1_641' title='bbox 1021 1789 1170 1816; x_wconf 84' lang='lat' dir='ltr'><strong>Ecclesiam</strong></span> <span class='ocrx_word' id='word_1_642' title='bbox 1183 1789 1260 1823; x_wconf 77' lang='lat' dir='ltr'><strong>juxta</strong></span> <span class='ocrx_word' id='word_1_643' title='bbox 1278 1790 1420 1816; x_wconf 85' lang='lat' dir='ltr'><strong>veritatem</strong></span> <span class='ocrx_word' id='word_1_644' title='bbox 1441 1786 1637 1821; x_wconf 86' lang='lat' dir='ltr'><strong>suscipiantur.</strong></span> 
     </span>
    </p>
   </div>
   <div class='ocr_carea' id='block_1_96' title="bbox 968 1830 1709 1866">
    <p class='ocr_par' dir='ltr' id='par_1_96' title="bbox 968 1830 1709 1866">
     <span class='ocr_line' id='line_1_96' title="bbox 968 1830 1709 1866; baseline -0.005 -6"><span class='ocrx_word' id='word_1_645' title='bbox 968 1833 1032 1862; x_wconf 76' lang='lat' dir='ltr'><strong>CAP.</strong></span> <span class='ocrx_word' id='word_1_646' title='bbox 1061 1833 1152 1866; x_wconf 70' lang='lat' dir='ltr'><strong>LXVI,</strong></span> <span class='ocrx_word' id='word_1_647' title='bbox 1170 1833 1253 1861; x_wconf 63' lang='lat' dir='ltr'><strong>Vens.</strong></span> <span class='ocrx_word' id='word_1_648' title='bbox 1270 1834 1296 1860; x_wconf 79' lang='grc' dir='ltr'><strong>Ι.</strong></span> <span class='ocrx_word' id='word_1_649' title='bbox 1316 1832 1453 1859; x_wconf 83' lang='lat' dir='ltr'><strong>Ambabus</strong></span> <span class='ocrx_word' id='word_1_650' title='bbox 1470 1831 1595 1858; x_wconf 81' lang='lat' dir='ltr'><strong>tribubus</strong></span> <span class='ocrx_word' id='word_1_651' title='bbox 1619 1830 1709 1857; x_wconf 88' lang='lat' dir='ltr'><strong>adhuc</strong></span> 
     </span>
    </p>
   </div>
   <div class='ocr_carea' id='block_1_97' title="bbox 931 1877 1708 1914">
    <p class='ocr_par' dir='ltr' id='par_1_97' title="bbox 931 1877 1708 1914">
     <span class='ocr_line' id='line_1_97' title="bbox 931 1877 1708 1914; baseline -0.006 -7"><span class='ocrx_word' id='word_1_652' title='bbox 931 1884 1033 1907; x_wconf 85' lang='lat' dir='ltr'><strong>terram</strong></span> <span class='ocrx_word' id='word_1_653' title='bbox 1049 1887 1124 1907; x_wconf 89' lang='lat' dir='ltr'><strong>suam</strong></span> <span class='ocrx_word' id='word_1_654' title='bbox 1141 1879 1348 1914; x_wconf 81' lang='lat' dir='ltr'><strong>occupantibus,</strong></span> <span class='ocrx_word' id='word_1_655' title='bbox 1370 1885 1452 1913; x_wconf 86' lang='lat' dir='ltr'><strong>seque</strong></span> <span class='ocrx_word' id='word_1_656' title='bbox 1476 1878 1504 1904; x_wconf 92' lang='lat' dir='ltr'><strong>in</strong></span> <span class='ocrx_word' id='word_1_657' title='bbox 1524 1877 1708 1911; x_wconf 87' lang='lat' dir='ltr'><strong>captivitatem</strong></span> 
     </span>
    </p>
   </div>
   <div class='ocr_carea' id='block_1_98' title="bbox 932 1922 1708 1960">
    <p class='ocr_par' dir='ltr' id='par_1_98' title="bbox 932 1922 1708 1960">
     <span class='ocr_line' id='line_1_98' title="bbox 932 1922 1708 1960; baseline -0.004 -8"><span class='ocrx_word' id='word_1_658' title='bbox 932 1930 1042 1960; x_wconf 87' lang='lat' dir='ltr'><strong>propter</strong></span> <span class='ocrx_word' id='word_1_659' title='bbox 1057 1925 1176 1952; x_wconf 83' lang='lat' dir='ltr'><strong>studium</strong></span> <span class='ocrx_word' id='word_1_660' title='bbox 1195 1924 1242 1952; x_wconf 85' lang='lat' dir='ltr'><strong>Dei</strong></span> <span class='ocrx_word' id='word_1_661' title='bbox 1267 1924 1294 1951; x_wconf 95' lang='lat' dir='ltr'><strong>in</strong></span> <span class='ocrx_word' id='word_1_662' title='bbox 1314 1924 1443 1959; x_wconf 88' lang='lat' dir='ltr'><strong>templum</strong></span> <span class='ocrx_word' id='word_1_663' title='bbox 1460 1931 1514 1950; x_wconf 89' lang='lat' dir='ltr'><strong>non</strong></span> <span class='ocrx_word' id='word_1_664' title='bbox 1539 1922 1636 1950; x_wconf 87' lang='lat' dir='ltr'><strong>abduci</strong></span> <span class='ocrx_word' id='word_1_665' title='bbox 1658 1930 1708 1957; x_wconf 92' lang='lat' dir='ltr'><strong>pu-</strong></span> 
     </span>
    </p>
   </div>
   <div class='ocr_carea' id='block_1_99' title="bbox 932 1969 1709 2004">
    <p class='ocr_par' dir='ltr' id='par_1_99' title="bbox 932 1969 1709 2004">
     <span class='ocr_line' id='line_1_99' title="bbox 932 1969 1709 2004; baseline -0.004 -7"><span class='ocrx_word' id='word_1_666' title='bbox 932 1971 1064 2003; x_wconf 86' lang='lat' dir='ltr'><strong>tantibus,</strong></span> <span class='ocrx_word' id='word_1_667' title='bbox 1079 1979 1132 1997; x_wconf 91' lang='lat' dir='ltr'><strong>non</strong></span> <span class='ocrx_word' id='word_1_668' title='bbox 1150 1978 1213 1997; x_wconf 91' lang='lat' dir='ltr'><strong>vero</strong></span> <span class='ocrx_word' id='word_1_669' title='bbox 1226 1974 1336 2004; x_wconf 85' lang='lat' dir='ltr'><strong>propter</strong></span> <span class='ocrx_word' id='word_1_670' title='bbox 1351 1969 1500 1996; x_wconf 85' lang='lat' dir='ltr'><strong>bonitatem</strong></span> <span class='ocrx_word' id='word_1_671' title='bbox 1520 1975 1625 1995; x_wconf 88' lang='lat' dir='ltr'><strong>morum</strong></span> <span class='ocrx_word' id='word_1_672' title='bbox 1643 1975 1709 1995; x_wconf 81' lang='lat' dir='ltr'><strong>suo-</strong></span> 
     </span>
    </p>
   </div>
   <div class='ocr_carea' id='block_1_100' title="bbox 933 2015 1710 2051">
    <p class='ocr_par' dir='ltr' id='par_1_100' title="bbox 933 2015 1710 2051">
     <span class='ocr_line' id='line_1_100' title="bbox 933 2015 1710 2051; baseline -0.001 -9"><span class='ocrx_word' id='word_1_673' title='bbox 933 2024 993 2043; x_wconf 91' lang='lat' dir='ltr'><strong>rum</strong></span> <span class='ocrx_word' id='word_1_674' title='bbox 1007 2020 1054 2042; x_wconf 90' lang='lat' dir='ltr'><strong>aut</strong></span> <span class='ocrx_word' id='word_1_675' title='bbox 1083 2023 1158 2043; x_wconf 89' lang='lat' dir='ltr'><strong>suam</strong></span> <span class='ocrx_word' id='word_1_676' title='bbox 1188 2017 1216 2043; x_wconf 93' lang='lat' dir='ltr'><strong>in</strong></span> <span class='ocrx_word' id='word_1_677' title='bbox 1247 2015 1391 2042; x_wconf 88' lang='lat' dir='ltr'><strong>Dominum</strong></span> <span class='ocrx_word' id='word_1_678' title='bbox 1425 2016 1563 2051; x_wconf 81' lang='lat' dir='ltr'><strong>pietatem,</strong></span> <span class='ocrx_word' id='word_1_679' title='bbox 1590 2015 1710 2042; x_wconf 82' lang='lat' dir='ltr'><strong>declarat</strong></span> 
     </span>
    </p>
   </div>
   <div class='ocr_carea' id='block_1_101' title="bbox 933 2060 1710 2096">
    <p class='ocr_par' dir='ltr' id='par_1_101' title="bbox 933 2060 1710 2096">
     <span class='ocr_line' id='line_1_101' title="bbox 933 2060 1710 2096; baseline -0.004 -7"><span class='ocrx_word' id='word_1_680' title='bbox 933 2061 1004 2089; x_wconf 88' lang='lat' dir='ltr'><strong>Deus</strong></span> <span class='ocrx_word' id='word_1_681' title='bbox 1023 2071 1029 2088; x_wconf 87' lang='lat'>:</span> <span class='ocrx_word' id='word_1_682' title='bbox 1045 2061 1105 2088; x_wconf 91' lang='lat' dir='ltr'><strong>illos</strong></span> <span class='ocrx_word' id='word_1_683' title='bbox 1116 2069 1170 2088; x_wconf 92' lang='lat' dir='ltr'><strong>non</strong></span> <span class='ocrx_word' id='word_1_684' title='bbox 1187 2062 1239 2088; x_wconf 92' lang='lat' dir='ltr'><strong>loci</strong></span> <span class='ocrx_word' id='word_1_685' title='bbox 1250 2067 1296 2088; x_wconf 87' lang='lat' dir='ltr'><strong>aut</strong></span> <span class='ocrx_word' id='word_1_686' title='bbox 1314 2061 1410 2096; x_wconf 90' lang='lat' dir='ltr'><strong>templi</strong></span> <span class='ocrx_word' id='word_1_687' title='bbox 1435 2061 1522 2096; x_wconf 80' lang='lat' dir='ltr'><strong>gratia</strong></span> <span class='ocrx_word' id='word_1_688' title='bbox 1547 2060 1710 2096; x_wconf 88' lang='lat' dir='ltr'><strong>captivitatis</strong></span> 
     </span>
    </p>
   </div>
   <div class='ocr_carea' id='block_1_102' title="bbox 933 2106 1710 2142">
    <p class='ocr_par' dir='ltr' id='par_1_102' title="bbox 933 2106 1710 2142">
     <span class='ocr_line' id='line_1_102' title="bbox 933 2106 1710 2142; baseline -0.003 -8"><span class='ocrx_word' id='word_1_689' title='bbox 933 2107 1070 2134; x_wconf 90' lang='lat' dir='ltr'><strong>imtnunes</strong></span> <span class='ocrx_word' id='word_1_690' title='bbox 1090 2107 1209 2139; x_wconf 80' lang='lat' dir='ltr'><strong>futuros,</strong></span> <span class='ocrx_word' id='word_1_691' title='bbox 1225 2107 1272 2142; x_wconf 94' lang='lat' dir='ltr'><strong>qui</strong></span> <span class='ocrx_word' id='word_1_692' title='bbox 1289 2107 1346 2134; x_wconf 67' lang='lat' dir='ltr'><strong>haec</strong></span> <span class='ocrx_word' id='word_1_693' title='bbox 1368 2108 1503 2142; x_wconf 68' lang='lat' dir='ltr'><strong>pratcipue</strong></span> <span class='ocrx_word' id='word_1_694' title='bbox 1525 2107 1626 2134; x_wconf 89' lang='lat' dir='ltr'><strong>colunt.</strong></span> <span class='ocrx_word' id='word_1_695' title='bbox 1642 2106 1710 2133; x_wconf 84' lang='lat' dir='ltr'><strong>Nam</strong></span> 
     </span>
    </p>
   </div>
   <div class='ocr_carea' id='block_1_103' title="bbox 934 2152 1708 2188">
    <p class='ocr_par' dir='ltr' id='par_1_103' title="bbox 934 2152 1708 2188">
     <span class='ocr_line' id='line_1_103' title="bbox 934 2152 1708 2188; baseline -0.003 -8"><span class='ocrx_word' id='word_1_696' title='bbox 934 2153 991 2180; x_wconf 63' lang='lat' dir='ltr'><strong>haac</strong></span> <span class='ocrx_word' id='word_1_697' title='bbox 1011 2153 1175 2184; x_wconf 89' lang='lat' dir='ltr'><strong>retinebunt,</strong></span> <span class='ocrx_word' id='word_1_698' title='bbox 1203 2153 1240 2180; x_wconf 86' lang='lat' dir='ltr'><strong>ait</strong></span> <span class='ocrx_word' id='word_1_699' title='bbox 1259 2152 1342 2185; x_wconf 89' lang='lat' dir='ltr'><strong>Deus,</strong></span> <span class='ocrx_word' id='word_1_700' title='bbox 1367 2158 1476 2188; x_wconf 84' lang='lat' dir='ltr'><strong>propter</strong></span> <span class='ocrx_word' id='word_1_701' title='bbox 1499 2152 1708 2180; x_wconf 82' lang='lat' dir='ltr'><strong>inhabitantium</strong></span> 
     </span>
    </p>
   </div>
   <div class='ocr_carea' id='block_1_104' title="bbox 933 2196 1709 2233">
    <p class='ocr_par' dir='ltr' id='par_1_104' title="bbox 933 2196 1709 2233">
     <span class='ocr_line' id='line_1_104' title="bbox 933 2196 1709 2233; baseline -0.003 -7"><span class='ocrx_word' id='word_1_702' title='bbox 933 2199 1006 2226; x_wconf 88' lang='lat' dir='ltr'><strong>circa</strong></span> <span class='ocrx_word' id='word_1_703' title='bbox 1021 2198 1116 2233; x_wconf 79' lang='lat' dir='ltr'><strong>legalia</strong></span> <span class='ocrx_word' id='word_1_704' title='bbox 1132 2198 1258 2232; x_wconf 85' lang='lat' dir='ltr'><strong>pietatem</strong></span> <span class='ocrx_word' id='word_1_705' title='bbox 1272 2207 1279 2231; x_wconf 88' lang='lat'><strong>;</strong></span> <span class='ocrx_word' id='word_1_706' title='bbox 1300 2205 1369 2233; x_wconf 91' lang='lat' dir='ltr'><strong>quos</strong></span> <span class='ocrx_word' id='word_1_707' title='bbox 1382 2198 1453 2225; x_wconf 91' lang='lat' dir='ltr'><strong>enim</strong></span> <span class='ocrx_word' id='word_1_708' title='bbox 1470 2197 1598 2232; x_wconf 88' lang='lat' dir='ltr'><strong>templum</strong></span> <span class='ocrx_word' id='word_1_709' title='bbox 1619 2196 1709 2231; x_wconf 88' lang='lat' dir='ltr'><strong>possi-</strong></span> 
     </span>
    </p>
   </div>
   <div class='ocr_carea' id='block_1_105' title="bbox 931 2242 1567 2278">
    <p class='ocr_par' dir='ltr' id='par_1_105' title="bbox 931 2242 1567 2278">
     <span class='ocr_line' id='line_1_105' title="bbox 931 2242 1567 2278; baseline -0.005 -6"><span class='ocrx_word' id='word_1_710' title='bbox 931 2244 995 2272; x_wconf 90' lang='lat' dir='ltr'><strong>dere</strong></span> <span class='ocrx_word' id='word_1_711' title='bbox 1010 2244 1081 2274; x_wconf 78' lang='lat' dir='ltr'><strong>volo,</strong></span> <span class='ocrx_word' id='word_1_712' title='bbox 1098 2244 1153 2270; x_wconf 84' lang='lat' dir='ltr'><strong>sint</strong></span> <span class='ocrx_word' id='word_1_713' title='bbox 1170 2243 1244 2278; x_wconf 81' lang='lat' dir='ltr'><strong>digni</strong></span> <span class='ocrx_word' id='word_1_714' title='bbox 1258 2244 1306 2278; x_wconf 90' lang='lat' dir='ltr'><strong>qui</strong></span> <span class='ocrx_word' id='word_1_715' title='bbox 1322 2243 1388 2270; x_wconf 90' lang='lat' dir='ltr'><strong>illud</strong></span> <span class='ocrx_word' id='word_1_716' title='bbox 1404 2242 1567 2269; x_wconf 88' lang='lat' dir='ltr'><strong>inhabitent.</strong></span> 
     </span>
    </p>
   </div>
   <div class='ocr_carea' id='block_1_106' title="bbox 968 2287 1708 2322">
    <p class='ocr_par' dir='ltr' id='par_1_106' title="bbox 968 2287 1708 2322">
     <span class='ocr_line' id='line_1_106' title="bbox 968 2287 1708 2322; baseline -0.003 -6"><span class='ocrx_word' id='word_1_717' title='bbox 968 2289 1048 2316; x_wconf 75' lang='lat' dir='ltr'><strong>Vsns.</strong></span> <span class='ocrx_word' id='word_1_718' title='bbox 1069 2288 1094 2315; x_wconf 88' lang='lat'><strong>6.</strong></span> <span class='ocrx_word' id='word_1_719' title='bbox 1116 2288 1295 2315; x_wconf 89' lang='lat' dir='ltr'><strong>Conclamant</strong></span> <span class='ocrx_word' id='word_1_720' title='bbox 1314 2292 1412 2316; x_wconf 89' lang='lat' dir='ltr'><strong>cuncta</strong></span> <span class='ocrx_word' id='word_1_721' title='bbox 1432 2288 1563 2322; x_wconf 87' lang='lat' dir='ltr'><strong>judicium</strong></span> <span class='ocrx_word' id='word_1_722' title='bbox 1584 2287 1630 2315; x_wconf 91' lang='lat' dir='ltr'><strong>Dei</strong></span> <span class='ocrx_word' id='word_1_723' title='bbox 1647 2294 1708 2315; x_wconf 85' lang='lat' dir='ltr'><strong>esse</strong></span> 
     </span>
    </p>
   </div>
   <div class='ocr_carea' id='block_1_107' title="bbox 929 2333 1709 2370">
    <p class='ocr_par' dir='ltr' id='par_1_107' title="bbox 929 2333 1709 2370">
     <span class='ocr_line' id='line_1_107' title="bbox 929 2333 1709 2370; baseline -0.003 -8"><span class='ocrx_word' id='word_1_724' title='bbox 929 2335 1044 2370; x_wconf 77' lang='lat' dir='ltr'><strong>justum,</strong></span> <span class='ocrx_word' id='word_1_725' title='bbox 1073 2334 1142 2362; x_wconf 82' lang='lat' dir='ltr'><strong>fusis</strong></span> <span class='ocrx_word' id='word_1_726' title='bbox 1165 2335 1302 2366; x_wconf 89' lang='lat' dir='ltr'><strong>hostibus,</strong></span> <span class='ocrx_word' id='word_1_727' title='bbox 1322 2334 1436 2361; x_wconf 85' lang='lat' dir='ltr'><strong>Ezechia</strong></span> <span class='ocrx_word' id='word_1_728' title='bbox 1461 2333 1495 2360; x_wconf 87' lang='lat' dir='ltr'><strong>de</strong></span> <span class='ocrx_word' id='word_1_729' title='bbox 1516 2334 1616 2368; x_wconf 87' lang='lat' dir='ltr'><strong>templo</strong></span> <span class='ocrx_word' id='word_1_730' title='bbox 1633 2340 1709 2367; x_wconf 79' lang='lat' dir='ltr'><strong>egre-</strong></span> 
     </span>
    </p>
   </div>
   <div class='ocr_carea' id='block_1_108' title="bbox 931 2379 1544 2414">
    <p class='ocr_par' dir='ltr' id='par_1_108' title="bbox 931 2379 1544 2414">
     <span class='ocr_line' id='line_1_108' title="bbox 931 2379 1544 2414; baseline -0.003 -7"><span class='ocrx_word' id='word_1_731' title='bbox 931 2380 1022 2408; x_wconf 88' lang='lat' dir='ltr'><strong>dicnte</strong></span> <span class='ocrx_word' id='word_1_732' title='bbox 1037 2384 1064 2407; x_wconf 89' lang='lat' dir='ltr'><strong>et</strong></span> <span class='ocrx_word' id='word_1_733' title='bbox 1076 2380 1292 2414; x_wconf 81' lang='lat' dir='ltr'><strong>magniticentias</strong></span> <span class='ocrx_word' id='word_1_734' title='bbox 1309 2379 1354 2407; x_wconf 84' lang='lat' dir='ltr'><strong>Dei</strong></span> <span class='ocrx_word' id='word_1_735' title='bbox 1371 2379 1544 2414; x_wconf 66' lang='lat' dir='ltr'><strong>praedicante.</strong></span> 
     </span>
    </p>
   </div>
   <div class='ocr_carea' id='block_1_109' title="bbox 966 2451 1713 2500">
    <p class='ocr_par' dir='ltr' id='par_1_109' title="bbox 966 2451 1713 2500">
     <span class='ocr_line' id='line_1_109' title="bbox 966 2451 1713 2500; baseline -0.004 -6"><span class='ocrx_word' id='word_1_736' title='bbox 966 2466 1046 2494; x_wconf 73' lang='lat' dir='ltr'><strong>Vens.</strong></span> <span class='ocrx_word' id='word_1_737' title='bbox 1067 2467 1093 2494; x_wconf 88' lang='grc'><strong>7.</strong></span> <span class='ocrx_word' id='word_1_738' title='bbox 1115 2466 1172 2494; x_wconf 85' lang='lat' dir='ltr'><strong>Hoc</strong></span> <span class='ocrx_word' id='word_1_739' title='bbox 1185 2469 1226 2493; x_wconf 89' lang='lat' dir='ltr'><strong>est</strong></span> <span class='ocrx_word' id='word_1_740' title='bbox 1239 2465 1346 2497; x_wconf 61' lang='lat' dir='ltr'><strong>:Partu</strong></span> <span class='ocrx_word' id='word_1_741' title='bbox 1367 2466 1486 2493; x_wconf 90' lang='lat' dir='ltr'><strong>nondum</strong></span> <span class='ocrx_word' id='word_1_742' title='bbox 1503 2451 1610 2492; x_wconf 59' lang='lat' dir='ltr'><strong>maturo</strong></span> <span class='ocrx_word' id='word_1_743' title='bbox 1628 2473 1713 2500; x_wconf 86' lang='lat' dir='ltr'><strong>pepe-.</strong></span> 
     </span>
    </p>
   </div>
   <div class='ocr_carea' id='block_1_110' title="bbox 931 2510 1708 2548">
    <p class='ocr_par' dir='ltr' id='par_1_110' title="bbox 931 2510 1708 2548">
     <span class='ocr_line' id='line_1_110' title="bbox 931 2510 1708 2548; baseline -0.006 -7"><span class='ocrx_word' id='word_1_744' title='bbox 931 2513 968 2541; x_wconf 87' lang='lat' dir='ltr'><strong>rit</strong></span> <span class='ocrx_word' id='word_1_745' title='bbox 998 2514 1161 2545; x_wconf 84' lang='lat' dir='ltr'><strong>masculum,</strong></span> <span class='ocrx_word' id='word_1_746' title='bbox 1189 2516 1362 2548; x_wconf 62' lang='lat' dir='ltr'><strong>praestantem</strong></span> <span class='ocrx_word' id='word_1_747' title='bbox 1386 2512 1491 2538; x_wconf 89' lang='lat' dir='ltr'><strong>scilicet</strong></span> <span class='ocrx_word' id='word_1_748' title='bbox 1510 2510 1593 2538; x_wconf 76' lang='lat' dir='ltr'><strong>l‘etum</strong></span> <span class='ocrx_word' id='word_1_749' title='bbox 1615 2514 1642 2537; x_wconf 85' lang='lat' dir='ltr'><strong>et</strong></span> <span class='ocrx_word' id='word_1_750' title='bbox 1666 2515 1708 2537; x_wconf 82' lang='lat' dir='ltr'><strong>ter</strong></span> 
     </span>
    </p>
   </div>
   <div class='ocr_carea' id='block_1_111' title="bbox 931 2556 1709 2593">
    <p class='ocr_par' dir='ltr' id='par_1_111' title="bbox 931 2556 1709 2593">
     <span class='ocr_line' id='line_1_111' title="bbox 931 2556 1709 2593; baseline -0.006 -7"><span class='ocrx_word' id='word_1_751' title='bbox 931 2562 1071 2593; x_wconf 87' lang='lat' dir='ltr'><strong>optatum;</strong></span> <span class='ocrx_word' id='word_1_752' title='bbox 1100 2558 1234 2585; x_wconf 88' lang='lat' dir='ltr'><strong>matribus</strong></span> <span class='ocrx_word' id='word_1_753' title='bbox 1261 2557 1333 2585; x_wconf 88' lang='lat' dir='ltr'><strong>enim</strong></span> <span class='ocrx_word' id='word_1_754' title='bbox 1360 2556 1543 2584; x_wconf 87' lang='lat' dir='ltr'><strong>masculorum</strong></span> <span class='ocrx_word' id='word_1_755' title='bbox 1571 2556 1709 2590; x_wconf 78' lang='lat' dir='ltr'><strong>generatio</strong></span> 
     </span>
    </p>
   </div>
   <div class='ocr_carea' id='block_1_112' title="bbox 932 2599 1709 2640">
    <p class='ocr_par' dir='ltr' id='par_1_112' title="bbox 932 2599 1709 2640">
     <span class='ocr_line' id='line_1_112' title="bbox 932 2599 1709 2640; baseline -0.006 -9"><span class='ocrx_word' id='word_1_756' title='bbox 932 2604 1044 2640; x_wconf 79' lang='lat' dir='ltr'><strong>gratior.</strong></span> <span class='ocrx_word' id='word_1_757' title='bbox 1063 2604 1095 2631; x_wconf 87' lang='lat' dir='ltr'><strong>Et</strong></span> <span class='ocrx_word' id='word_1_758' title='bbox 1113 2603 1234 2638; x_wconf 78' lang='lat' dir='ltr'><strong>profecto</strong></span> <span class='ocrx_word' id='word_1_759' title='bbox 1255 2603 1406 2630; x_wconf 87' lang='lat' dir='ltr'><strong>masculum</strong></span> <span class='ocrx_word' id='word_1_760' title='bbox 1427 2602 1547 2637; x_wconf 76' lang='lat' dir='ltr'><strong>genitum</strong></span> <span class='ocrx_word' id='word_1_761' title='bbox 1563 2601 1632 2632; x_wconf 78' lang='lat' dir='ltr'><strong>fuit;</strong></span> <span class='ocrx_word' id='word_1_762' title='bbox 1654 2599 1709 2627; x_wconf 85' lang='lat' dir='ltr'><strong>dici</strong></span> 
     </span>
    </p>
   </div>
   <div class='ocr_carea' id='block_1_113' title="bbox 932 2646 1709 2684">
    <p class='ocr_par' dir='ltr' id='par_1_113' title="bbox 932 2646 1709 2684">
     <span class='ocr_line' id='line_1_113' title="bbox 932 2646 1709 2684; baseline -0.005 -7"><span class='ocrx_word' id='word_1_763' title='bbox 932 2651 1005 2679; x_wconf 90' lang='lat' dir='ltr'><strong>enim</strong></span> <span class='ocrx_word' id='word_1_764' title='bbox 1020 2649 1192 2677; x_wconf 76' lang='lat' dir='ltr'><strong>eﬂ‘eminatus</strong></span> <span class='ocrx_word' id='word_1_765' title='bbox 1209 2657 1262 2676; x_wconf 90' lang='lat' dir='ltr'><strong>non</strong></span> <span class='ocrx_word' id='word_1_766' title='bbox 1278 2652 1366 2684; x_wconf 89' lang='lat' dir='ltr'><strong>potest</strong></span> <span class='ocrx_word' id='word_1_767' title='bbox 1381 2648 1496 2683; x_wconf 83' lang='lat' dir='ltr'><strong>populus</strong></span> <span class='ocrx_word' id='word_1_768' title='bbox 1517 2647 1627 2675; x_wconf 86' lang='lat' dir='ltr'><strong>Christo</strong></span> <span class='ocrx_word' id='word_1_769' title='bbox 1643 2646 1709 2674; x_wconf 83' lang='lat' dir='ltr'><strong>lide-</strong></span> 
     </span>
    </p>
   </div>
   <div class='ocr_carea' id='block_1_114' title="bbox 932 2693 1710 2729">
    <p class='ocr_par' dir='ltr' id='par_1_114' title="bbox 932 2693 1710 2729">
     <span class='ocr_line' id='line_1_114' title="bbox 932 2693 1710 2729; baseline -0.005 -6"><span class='ocrx_word' id='word_1_770' title='bbox 932 2696 986 2729; x_wconf 88' lang='lat' dir='ltr'><strong>lis;</strong></span> <span class='ocrx_word' id='word_1_771' title='bbox 1005 2703 1066 2722; x_wconf 89' lang='lat' dir='ltr'><strong>nam</strong></span> <span class='ocrx_word' id='word_1_772' title='bbox 1082 2703 1181 2723; x_wconf 85' lang='lat' dir='ltr'><strong>sensus</strong></span> <span class='ocrx_word' id='word_1_773' title='bbox 1201 2695 1238 2722; x_wconf 91' lang='lat' dir='ltr'><strong>illi</strong></span> <span class='ocrx_word' id='word_1_774' title='bbox 1256 2695 1353 2722; x_wconf 88' lang='lat' dir='ltr'><strong>virilis.</strong></span> <span class='ocrx_word' id='word_1_775' title='bbox 1373 2709 1407 2714; x_wconf 89' lang='lat'><strong>——</strong></span> <span class='ocrx_word' id='word_1_776' title='bbox 1424 2693 1506 2721; x_wconf 86' lang='lat' dir='ltr'><strong>Docet</strong></span> <span class='ocrx_word' id='word_1_777' title='bbox 1528 2696 1558 2720; x_wconf 94' lang='lat' dir='ltr'><strong>ut</strong></span> <span class='ocrx_word' id='word_1_778' title='bbox 1575 2694 1710 2727; x_wconf 56' lang='lat' dir='ltr'><strong>peniten-i</strong></span> 
     </span>
    </p>
   </div>
   <div class='ocr_carea' id='block_1_115' title="bbox 934 2739 1712 2779">
    <p class='ocr_par' dir='ltr' id='par_1_115' title="bbox 934 2739 1712 2779">
     <span class='ocr_line' id='line_1_115' title="bbox 934 2739 1712 2779; baseline -0.003 -10"><span class='ocrx_word' id='word_1_779' title='bbox 934 2743 969 2770; x_wconf 89' lang='lat' dir='ltr'><strong>tia</strong></span> <span class='ocrx_word' id='word_1_780' title='bbox 987 2742 1057 2769; x_wconf 88' lang='lat' dir='ltr'><strong>diem</strong></span> <span class='ocrx_word' id='word_1_781' title='bbox 1076 2746 1168 2777; x_wconf 85' lang='lat' dir='ltr'><strong>partus</strong></span> <span class='ocrx_word' id='word_1_782' title='bbox 1190 2747 1419 2779; x_wconf 69' lang='lat' dir='ltr'><strong>praeoccupemus,</strong></span> <span class='ocrx_word' id='word_1_783' title='bbox 1445 2745 1471 2769; x_wconf 87' lang='lat' dir='ltr'><strong>et</strong></span> <span class='ocrx_word' id='word_1_784' title='bbox 1491 2741 1565 2768; x_wconf 90' lang='lat' dir='ltr'><strong>velut</strong></span> <span class='ocrx_word' id='word_1_785' title='bbox 1583 2739 1712 2775; x_wconf 55' lang='lat' dir='ltr'><strong>parvulos</strong></span> 
     </span>
    </p>
   </div>
  </div>
