1919 3075
49 137 111 164 ίΞῖΊ

761 129 793 157 1N
809 130 937 158 ISAIAM.

1595 105 1662 152 ἐστε

49 204 92 231 μου
107 192 175 220 εἶδον
198 193 222 219 οἱ
242 190 374 227 ὀφθαλμοί
392 199 449 217 σου.
462 199 471 215 ι
484 187 651 223 Ἀναγκαίως
668 187 767 219 τοίνυν,
780 190 827 214 ὲκ-

898 187 951 214 culi
978 186 1017 213 tui
1031 185 1065 212 ’⁸.
1088 193 1097 210 ι
1115 183 1210 211 Merito
1243 183 1326 218 igitur
1351 180 1511 210 rescindens
1532 181 1663 216 peccandi

47 240 146 267 κόπτων
165 238 212 264 τὸν
237 237 316 271 λόγον
341 234 387 262 τοῦ
410 234 596 270 ἁμαρτάνειν,
621 231 829 268 παραλαμϐάνει

48 286 96 321 πῦρ
108 285 154 311 καὶ
171 284 328 317 καταιγίδα,
344 282 358 308 ὂ
382 281 464 312 αὐτὸς
490 281 605 307 ἀνάπτει
620 280 649 306 ὲν
664 279 723 310 ταῖς
746 286 831 305 συνει-

48 333 149 368 δήσεσιν
163 329 255 365 ἡμῶν.

78 377 114 403 Δι’
132 372 165 411 ἦς
177 374 307 409 ἐμφαίνει
322 371 440 408 ψυχικὴν
455 371 576 403 κόλασιν,
596 371 642 398 καὶ
661 370 830 407 τραυματίας

48 421 148 449 ἔσεσθαι
171 420 287 450 πολλοὺς
307 418 397 452 λέγει’
415 417 467 449 ἵνα,
487 416 530 443 διὰ
546 417 594 451 τῆς
609 417 695 451 ἀκοῆς
717 416 772 442 τῶν
788 415 830 442 δο-

49 468 160 495 κούντων
173 465 249 500 αὑτῷ
265 464 388 500 φοϐερῶν
401 461 469 490 εἶναι
486 463 632 494 παιδεύσας
645 463 755 495 αὐτοὺς,
767 462 832 488 ἀνα-

50 515 150 549 χαιτίσῃ
163 511 217 539 τῶν
230 510 449 546 ἁμαρτημάτων.

80 558 168 585 Ταῦτα
188 557 217 584 δὲ
242 556 418 592 προστίθησιν
442 557 471 582 ὲν
502 555 594 591 μέσῳ,
611 555 640 581 οὺ
665 553 832 589 κατηγορίαν

51 604 132 631 αὐτῶν
148 603 228 639 μόνον
251 602 434 638 ἐνιστάμενος,
447 601 513 628 ἀλλὰ
527 601 573 628 καὶ
590 601 725 635 σωτηρίαν
742 601 834 631 αὐτοῖς

51 649 179 685 προξενῶν
194 648 239 675 διὰ
255 648 301 675 τοῦ
318 648 439 683 ἐλέγχου,
452 647 497 674 ἐὰν
511 648 678 682 ἐπιστήσωσι
693 646 738 672 τὸν
753 645 831 672 νοῦν²

51 695 162 730 καὶγὰρ
188 695 235 721 τὸν
263 694 314 729 μῦν
339 693 488 729 παρέλαϐε,
510 693 563 724 ἵνα,
582 692 635 719 κᾶν
654 691 719 726 γοῦν
748 690 834 722 οὓτως

51 740 211 772 αἰδεσθέντες
236 740 268 766 τὸ
295 740 414 775 μυσαρὸν
439 739 493 765 τῶν
522 738 663 774 πράξεων,
689 735 832 772 ὰνακωχὴν

51 787 149 814 comm
165 788 222 818 τοῖς
234 787 341 817 κακοῖς.

84 833 118 859 Οὺ
137 833 216 868 μόνον
230 832 259 858 δὲ
272 831 325 858 τῶν
343 831 467 866 φανερῶν
483 829 609 866 πράξεων
625 828 715 856 αὐτῶν
725 828 833 863 ἔλεγχον

53 880 172 911 ἐποιεῖτο,
184 878 253 905 ἀλλὰ
268 879 314 904 καὶ
331 877 419 904 αὐτῶν
434 876 487 903 τῶν
506 877 596 907 αὐτοῖς
612 874 833 910 κινηθησομένων

53 924 139 951 κακῶν
153 924 293 960 λογισμῶν
304 932 310 938 ·
328 925 395 959 ὅπερ
407 923 560 957 ἀναγκαίως
576 922 622 948 καὶ
633 921 773 958 χρησίμως
790 919 835 946 ἐπὶ

53 970 97 1003 τῆς
112 968 200 995 αὐτῶν
217 967 384 999 λυσιτελείας
400 967 496 994 ἐποίει.
507 966 647 992 -Οὐκέτι
668 965 717 1000 τὴν
733 964 777 991 διὰ
792 963 835 990 λό-

54 1022 103 1047 γων
115 1012 228 1048 ἀπειλὴν
247 1012 419 1047 ποιούμενος,
431 1011 499 1039 ἀλλὰ
509 1011 556 1038 καὶ
568 1010 717 1046 παρουσίαν
733 1009 836 1035 οἰκείαν

54 1058 281 1093 ἐπαγγελλόμενος
289 1065 296 1071 ·
309 1057 475 1092 πανταχόθεν
487 1057 541 1092 γὰρ
551 1056 590 1091 τῷ
603 1057 725 1090 Δεσπότῃ
737 1054 836 1085 σκοπὸς

55 1104 134 1130 σῶσαι
151 1104 196 1131 τὸν
208 1104 286 1134 λαὸν,
301 1103 347 1130 καὶ
365 1104 461 1137 στῆσαι
475 1103 520 1129 τὶν
536 1102 615 1136 λόγον
629 1101 673 1128 τὸν
686 1096 754 1137 πρὸς
774 1101 836 1132 τοὺς

55 1150 170 1186 πατέρας
185 1149 370 1185 γεγενημένον
381 1158 387 1164 ·
404 1149 465 1175 ὅθεν
479 1148 526 1175 καὶ
542 1148 585 1174 διὰ
604 1147 774 1182 σκυθρωπῶν
790 1147 838 1174 καὶ

55 1196 174 1232 χρηστῶν
184 1196 272 1231 ὄψεων
288 1195 423 1231 σωτηρίαν
434 1195 524 1226 αὐτοῖς
537 1193 771 1230 πραγματεύεται.
783 1193 838 1219 Καὶ

53 1243 111 1276 μετ’
130 1243 217 1277 ὀλίγα
232 1251 239 1257 ·
256 1243 306 1269 Τὸν
324 1242 404 1269 αὑτὸν
419 1241 517 1276 τρόπον
533 1241 579 1266 καὶ
601 1239 716 1266 ἐνταῦθα
735 1239 784 1274 τὴν
800 1239 839 1270 εἰς

55 1289 146 1321 αὐτοὺς
162 1289 308 1324 ἐπίσκεψιν
324 1288 406 1315 αὑτοῦ
423 1288 490 1315 ἰδίαν
509 1287 659 1323 παρουσίαν
681 1286 762 1313 αὐτοῦ
777 1294 840 1313 κατ-

56 1335 192 1368 αγγέλλει,
216 1334 322 1370 δηλῶν,
336 1334 373 1364 ὡς
388 1332 542 1364 ἐπισυνάξει
563 1332 662 1362 αὐτοὺς
675 1331 709 1357 ἐκ
733 1331 840 1357 πάντων

55 1380 104 1406 τῶν
121 1380 202 1407 ἐθνῶν
212 1382 241 1407 ἐν
255 1378 294 1411 οἷς
308 1379 526 1415 ἀνεστράφησαν,
539 1378 598 1404 ἐκεῖ
610 1376 776 1412 ἐκμαθόντες
793 1376 840 1402 καὶ

57 1426 102 1456 τὰς
113 1426 239 1460 γλώσσας
251 1425 351 1453 αὐτῶν.

95 1472 211 1499 Ἐκεῖθεν
227 1472 257 1498 δὲ
281 1472 326 1498 καὶ
346 1471 408 1503 τοὺς
426 1469 575 1506 μακαρίους
593 1469 756 1501 ἀποστόλους
774 1468 842 1496 ἁπέ-

60 1518 140 1544 στειλε
165 1520 289 1555 κήρυκας
312 1518 372 1544 καθ’
390 1518 453 1553 ὅλης
468 1517 628 1552 οἰκουμένης
645 1516 843 1551 γενησομένους

59 1565 101 1591 ἀπ’
116 1565 204 1601 ἄκρων
217 1565 271 1596 ἕως
288 1565 390 1600 ἄκρων.

93 1611 194 1637 Ἵππων
208 1611 258 1637 καὶ
269 1612 386 1646 ἡμιόνων
408 1610 454 1636 καὶ
469 1609 610 1645 λαμπίνων
630 1608 780 1645 μέμνηται,
796 1607 844 1642 δη-

30 1688 39 1692 _
60 1656 109 1683 λῶν
128 1657 176 1693 τὴν
197 1658 254 1684 τῶν
280 1656 363 1683 ἐθνῶν
388 1656 531 1691 εὐθυμίαν,
548 1656 608 1690 ἣτις
624 1654 739 1691 πρώτως
763 1653 845 1689 ἐπλη-

62 1703 136 1738 ροῦτο
147 1704 255 1731 ἐπὶ-τοῦ
265 1703 392 1738 εὐνούχου
407 1703 457 1738 τῆς
476 1702 618 1737 Κανδάκης
634 1701 802 1736 βασιλίσσης,
815 1700 845 1732 ὃς

60 1749 103 1776 τὸν
116 1750 247 1777 Φίλιππον
259 1749 356 1785 ἔφερεν
370 1749 417 1775 ἐπὶ
433 1749 479 1775 τοῦ
497 1749 619 1784 ἅρματος
636 1747 731 1774 αὑτοῦ.

95 1796 189 1824 Οὐκέτι
210 1796 266 1832 γὰρ
288 1797 327 1827 είς
356 1795 451 1822 τοῦτον
475 1794 707 1830 ἁπατηθήσονται,
725 1793 785 1819 οὐδὲ
806 1793 845 1828 τῷ

63 1842 152 1878 κόσμῳ
170 1842 259 1878 τούτῳ
280 1841 512 1876 δελεασθήσονται,
529 1841 576 1867 καὶ
594 1840 632 1872 ὡς
646 1839 703 1875 Θεῷ
730 1847 847 1875 προσκυ-

63 1890 197 1925 νήσουσινι
221 1889 289 1916 ἀλλὰ
307 1888 590 1925 προσκολληθήσονται
613 1887 707 1922 Κυρίῳ
723 1886 762 1922 τῷ
776 1886 844 1920 Θεῷ,

63 1937 109 1968 τὰς
123 1937 268 1972 ὲνδελεχεῖς
282 1935 375 1966 θυσίας
388 1934 580 1969 προταγοντες,
593 1933 686 1960 οὐκέτι
700 1933 789 1968 τρίτον
799 1932 845 1959 τοῦ

64 1981 181 2008 ἐνιαυτοῦ
195 1982 286 2017 μόνον,
303 1979 370 2006 ἀλλὰ
388 1978 448 2005 καθ’
469 1978 602 2014 ἑϐδομαδα
626 1979 672 2005 καὶ
693 1978 764 2013 μῆνα
784 1985 846 2004 συν-

65 2027 248 2063 αθροιζόμενοι
264 2026 309 2053 ἐπὶ
325 2025 378 2052 τῶν
394 2025 478 2059 ἁγίων
497 2024 664 2061 ἐκκλησιῶν·
681 2024 710 2050 οὐ
728 2024 806 2059 μόνον
820 2023 847 2050 δὲ

64 2073 114 2106 ἕως
128 2075 222 2102 τούτου
238 2075 393 2110 στήσονται,
408 2072 476 2099 ἀλλὰ
490 2072 597 2108 νύκτωρ
609 2072 656 2099 καὶ
670 2072 728 2108 μεθ’
742 2072 847 2108 ἡμέραν

65 2119 93 2146 οὺ
104 2120 249 2148 παύσονται
259 2119 308 2155 τὴν
322 2118 505 2155 προσκύνησιν
518 2117 674 2153 ποιούμενοι
684 2119 723 2150 είς
730 2117 776 2144 τὸν
788 2117 850 2152 ἁλη-

66 2165 135 2193 θινὸν
150 2167 226 2195 Θεόν.

100 2213 159 2239 Τῶν
171 2211 406 2248 ὲπισυναχθέντων
419 2211 503 2238 ἐθνῶν
515 2212 562 2238 ἐπὶ
583 2211 702 2243 Ἐζεκίου
716 2210 849 2245 βασιλέως

68 2258 123 2292 ἅμα
137 2258 175 2293 τῷ
199 2257 381 2293 Σεναχηρείμ.
397 2272 433 2278 ——
447 2256 539 2284 Ταῦτα
558 2257 586 2283 δὲ
602 2256 691 2283 πάντα
711 2256 851 2292 τρανωθή-

68 2309 140 2330 σεται
154 2304 183 2330 ὲν
195 2305 228 2339 τῇ
243 2302 380 2339 παρουσία
392 2302 438 2328 τοῦ
454 2303 556 2338 Κυρίου
570 2304 602 2338 τῇ
620 2301 723 2337 φοΰερᾷ
743 2302 790 2328 καὶ
809 2302 852 2327 ὲν-

67 2347 147 2383 δόξῳ·
165 2349 208 2375 ὅτε
221 2348 251 2375 τδ
261 2348 449 2383 οίκουμενικὸν
461 2347 573 2383 θέατρον
589 2349 794 2383 συγκροτεῖται·
807 2348 850 2374 ὅτε

69 2394 165 2426 πάντες
180 2394 346 2429 πανταχόθεν
366 2393 592 2430 συναχθήσονται·
608 2394 651 2420 ὅτε
675 2394 789 2425 ἕκαστος
805 2402 852 2420 κο-

71 2440 168 2473 μιεῖται
182 2439 250 2475 πρὸς
263 2439 281 2466 ἃ
295 2439 411 2475 ἔπραξεν
421 2448 428 2454 ·
442 2440 486 2465 ὅτε
502 2440 516 2466 ὁ
530 2439 646 2466 ἑκάστου
661 2439 760 2475 κλῆρος
772 2447 852 2472 φανε-

71 2485 160 2518 ροῦται
169 2495 176 2501 ι
194 2487 238 2513 ὅτε
258 2486 366 2520 ὄψονται
380 2485 488 2521 ἀληθῶς
501 2485 555 2512 τῶν
567 2485 799 2521 παραϐεϐηκότων
812 2485 852 2520 τῷ

71 2529 127 2566 Θεῷ
153 2532 198 2559 τὸν
221 2531 349 2568 σκώληκα
366 2532 455 2560 αὐτῶν
476 2532 663 2566 ἀτελεύτητον,
681 2531 728 2558 καὶ
752 2531 781 2557 τὺ
797 2531 852 2567 πῦρ

71 2575 157 2604 αὐτῶν
174 2578 318 2605 ἆσῦεστον·
332 2578 455 2605 τουτέστι
477 2578 508 2604 τὸ
527 2579 667 2614 κριτήριον
681 2579 730 2613 τῆς
751 2578 853 2609 οἰκείας

72 2621 159 2649 αὐτῶν
182 2624 368 2660 συνειδήσεως,
386 2624 399 2650 ὃ
414 2624 491 2658 δίκην
513 2623 653 2658 σκώληκος
677 2623 852 2658 ἀτελευτήτου

73 2666 100 2693 ιν
116 2668 204 2701 αὐτοῖς
231 2670 391 2697 ἕνειλεῖται”
414 2669 461 2696 καὶ
488 2669 651 2703 καταφλέξει
675 2670 772 2701 αὐτοὺς
798 2668 853 2704 πῦρ

74 2714 191 2748 πηγάζον
205 2717 234 2742 ὲν
244 2716 333 2748 αὺτοῖς
341 2724 347 2731 ·
363 2715 411 2742 καὶ
423 2715 528 2741 ἔσονται
544 2715 655 2750 φανεροὶ
665 2716 730 2742 πᾶσι
741 2717 796 2747 τοῖς
807 2716 854 2742 ἑπ-

75 2761 201 2793 εγνωκόσι
215 2762 261 2788 τὸν
276 2762 380 2790 ἑαυτῶν
393 2761 525 2796 δεσπότην
540 2769 570 2788 τε
585 2761 631 2788 καὶ
641 2762 764 2798 ποιητήν.

109 2837 131 2853 ³⁵
141 2837 212 2866 Psal.
229 2846 360 2872 cxxxvm,
378 2840 420 2867 i6.

865 2207 886 2234 D

879 232 1024 263 rationem,
1045 230 1190 266 procellam
1213 233 1239 256 et
1259 229 1347 264 ignem
1363 227 1490 263 suscipit,
1507 234 1588 262 quem
1607 227 1666 262 ipse

879 279 906 306 in
920 277 1095 306 conscientiis
1110 276 1212 303 nostris
1229 274 1367 302 accendet.

914 369 997 397 Vens.
1017 369 1058 396 16.
1076 367 1128 395 Per
1151 366 1270 402 gladium
1287 366 1422 401 signiﬁcat
1439 366 1579 401 spirituale
1591 365 1666 400 judi-

880 416 954 443 cium
970 419 996 442 et
1011 414 1112 441 multos
1127 413 1194 440 dicit
1219 420 1281 440 esse
1294 412 1488 445 vulnerandos,
1515 416 1545 439 ut
1565 411 1668 447 gravis-

881 461 957 489 simis
972 460 1053 487 minis
1068 459 1203 492 deterriti,
1220 466 1235 485 a
1248 458 1369 493 peccatis
1384 458 1523 486 recedant.

919 548 1000 575 Vens.
1014 547 1056 573 17.
1075 545 1140 579 Quaz
1154 546 1181 572 in
1198 545 1316 572 medium
1335 544 1423 577 affert,
1451 552 1504 572 non
1519 548 1622 572 tantum
1637 548 1668 572 ut

883 602 930 622 eos
962 592 1163 624 incriminetur,
1191 590 1238 618 sed
1264 591 1345 618 etiam
1375 594 1402 617 ut
1423 590 1463 618 eis
1492 590 1606 618 salutem
1625 597 1668 617 rc-

882 638 1113 676 prehensionibus
1125 640 1268 672 prrcparet,
1286 637 1309 663 si
1324 636 1393 663 forte
1407 639 1525 663 mentem
1541 635 1666 663 intende-

885 689 955 712 rent.
967 683 1004 711 De
1020 691 1097 710 mure
1115 682 1158 709 hic
1172 681 1304 716 loquitur,
1325 684 1354 707 ut
1368 680 1410 708 vel
1430 680 1466 707 ita
1481 679 1515 707 de
1531 679 1668 706 detestan—

883 730 926 758 dis
936 729 1066 766 operibus
1083 728 1140 756 suis
1159 727 1364 759 erubescentes,
1380 733 1393 752 a
1405 725 1483 752 malis
1496 728 1667 752 revocentur.

921 808 1004 836 Vsus.
1025 807 1068 834 i8.
1092 805 1150 834 Non
1169 811 1251 840 opera
1279 803 1360 830 modo
1381 802 1471 835 arguit
1496 801 1670 829 extrinsecus

849 861 872 890 Β
886 855 1057 891 apparentia,
1077 853 1124 881 sed
1142 852 1216 887 ipsas
1237 857 1345 886 quoque
1364 855 1463 883 pravas
1479 847 1578 874 mentis
1593 847 1669 881 cogi-

885 903 1001 929 tationes
1018 911 1024 928 :
1042 900 1113 936 quod
1138 898 1235 926 merito
1258 902 1284 925 et
1305 897 1452 924 salubriter
1472 895 1504 922 ad
1524 895 1669 922 utilitatem

886 952 1008 976 nostram
1027 948 1146 981 praestat.
1162 958 1198 964 -—
1212 942 1271 970 lam
1293 949 1348 969 non
1365 940 1455 968 verbis
1476 940 1563 966 minas
1580 940 1670 966 inten~

885 994 935 1026 dit,
957 1000 1034 1020 suam
1048 998 1156 1026 quoque
1177 989 1349 1024 prtesentiam
1369 985 1524 1014 annuntiat.
1544 985 1595 1012 Per
1611 993 1670 1012 om-

887 1039 932 1066 nia
961 1038 1033 1065 enim
1055 1035 1146 1063 studet
1166 1033 1298 1061 Dominus
1326 1035 1357 1059 ut
1380 1032 1467 1059 salvet
1491 1030 1617 1066 populum
1645 1035 1671 1057 et

888 1089 1041 1112 sermonem
1076 1080 1200 1116 perﬁciat
1225 1079 1258 1106 ad
1285 1082 1376 1114 patres
1407 1077 1542 1112 prolatum
1570 1085 1577 1103 :
1607 1075 1669 1102 ideo

888 1135 944 1156 tum
962 1128 1043 1156 minis
1060 1135 1121 1154 cum
1139 1125 1282 1161 promissis
1305 1124 1419 1152 salutem
1440 1123 1507 1158 ipsis
1532 1126 1670 1157 operatur.

889 1174 923 1202 Et
938 1174 1017 1209 paulo
1030 1177 1088 1208 post
1102 1181 1110 1199 :
1127 1171 1228 1199 Eadem
1248 1170 1353 1198 ratione
1362 1169 1406 1196 hic
1423 1175 1530 1203 quoque
1546 1175 1622 1194 suam
1643 1167 1671 1194 in

889 1229 936 1249 eos
951 1219 1160 1255 inspectionem,
1183 1218 1329 1244 adventum
1345 1222 1423 1243 suum
1446 1213 1602 1246 denuntiat;
1624 1212 1673 1240 dc-

889 1266 998 1293 clarans
1021 1271 1051 1292 se
1072 1271 1119 1291 eos
1140 1262 1173 1290 de
1190 1261 1316 1289 omnibus
1338 1259 1464 1296 gentibus
1491 1262 1674 1294 congregatu-

890 1319 962 1342 rum,
985 1311 1056 1337 inter
1069 1316 1138 1344 quas
1164 1307 1306 1343 degebant,
1323 1313 1438 1342 quarum
1461 1305 1543 1333 etiam
1566 1305 1674 1340 linguas

891 1357 1036 1386 edisceban
1042 1373 1049 1383 .
1612 1362 1617 1364 -

928 1454 1012 1484 Vens.
1025 1451 1070 1482 19’.
1080 1455 1161 1481 inme
1176 1457 1258 1480 etiam
1275 1454 1369 1480 neatos
1385 1451 1521 1486 apostolos
1542 1454 1676 1479 ωηιξη-εκ

893 1507 982 1531 totum
1013 1505 1150 1529 terrarum
1175 1499 1267 1526 orbem
1302 1498 1476 1533 perlustrati,
1500 1497 1676 1532 Evangelium

893 1550 935 1577 vel
951 1549 979 1576 in
993 1546 1123 1575 extremis
1137 1544 1296 1580 regionibus
1312 1543 1501 1578 praedicarent.

928 1594 1012 1622 Vens.
1037 1593 1084 1620 20.
1112 1591 1162 1618 llic
1189 1597 1274 1625 equos
1300 1589 1458 1624 nullosque,
1483 1591 1510 1616 et
1537 1589 1677 1624 lampenas

893 1644 1035 1672 memorat,
1054 1638 1180 1665 indicans
1207 1635 1433 1671 przestantissimo
1458 1635 1548 1662 animo
1571 1634 1678 1662 futuras

894 1690 1006 1723 gentes,
1031 1692 1111 1720 quem
1139 1684 1243 1718 primus
1264 1681 1386 1710 exhibuit
1412 1681 1556 1708 eunuchus
1578 1681 1677 1715 regina:

893 1733 1043 1762 Candaces,
1059 1730 1105 1766 qui
1120 1729 1273 1764 Philippum
1289 1735 1372 1755 curru
1387 1735 1437 1754 suo
1451 1727 1535 1754 vexit.

929 1778 1012 1806 Vens.
1028 1777 1074 1804 25.
1087 1777 1145 1803 Jam
1160 1783 1213 1802 non
1223 1774 1338 1809 amplius
1355 1774 1484 1801 errabunt
1499 1773 1572 1801 circa
1581 1773 1677 1801 Deum.

894 1832 945 1852 nec
960 1823 1053 1851 mundi
1069 1821 1205 1850 illecebris
1227 1820 1310 1848 illecti
1343 1820 1396 1854 ipsi
1414 1825 1544 1854 tanquam
1561 1819 1618 1846 Deo
1637 1819 1680 1846 in-

896 1870 1031 1901 servient;
1057 1868 1104 1896 sed
1127 1875 1189 1895 cum
1205 1866 1320 1894 Demino
1337 1865 1391 1893 Deo
1407 1865 1597 1901 conglutinati,
1614 1873 1680 1892 con-

896 1917 973 1944 tinuo
987 1916 1012 1942 ei
1030 1914 1166 1942 sacriﬁcia
1184 1913 1315 1946 onerent;
1334 1912 1390 1946 jam
1410 1919 1466 1939 non
1491 1915 1534 1938 ter
1554 1911 1635 1939 modo
1651 1911 1678 1938 in

897 1968 1012 1993 annum,
1033 1959 1080 1986 sed
1098 1960 1126 1986 in
1150 1959 1272 1993 singulos
1293 1965 1420 1991 menses,
1450 1958 1533 1992 inque
1558 1957 1679 1992 singulas

896 2005 1078 2034 liebdomades
1094 2003 1334 2038 congregabuutur
1352 2003 1378 2030 in
1402 2006 1512 2030 sanctas
1534 2003 1678 2030 ecclesias.

898 2051 974 2085 Quin
999 2050 1065 2081 imo,
1083 2048 1200 2076 ulterius
1221 2048 1303 2075 etiam
1325 2048 1475 2084 progressi,
1501 2056 1552 2076 nec
1568 2048 1613 2076 die
1630 2056 1681 2076 nec

898 2101 979 2125 nocte
996 2103 1010 2122 a
1027 2095 1102 2123 cultu
1117 2094 1174 2122 veri
1187 2093 1234 2122 Dei
1250 2095 1408 2122 cessabunt.

934 2181 1017 2210 Vens.
1045 2181 1090 2208 24.
1122 2180 1263 2208 Cadavera
1300 2179 1430 2208 videbunt
1465 2181 1585 2216 gentium
1618 2189 1680 2209 cum

902 2228 1087 2256 Sennacherib
1110 2226 1242 2254 adversus
1266 2233 1356 2261 regem
1375 2225 1517 2254 Ezecliiam
1534 2235 1682 2263 congrega-

902 2277 1001 2300 tarum.
1022 2288 1056 2292 ——-
1078 2272 1144 2304 Quae
1168 2274 1259 2298 autem
1281 2271 1370 2298 omnia
1386 2271 1635 2300 manifestabuntur
1654 2274 1681 2300 in

901 2318 1037 2346 horrendo
1055 2320 1082 2345 et
1111 2317 1212 2343 illustri
1232 2316 1278 2343 Dei
1295 2316 1423 2348 adventu,
1444 2324 1515 2348 cum,
1532 2323 1682 2345 convocato

901 2367 1088 2391 creaturarum
1110 2361 1233 2388 omnium
1255 2364 1338 2393 cmtu,
1358 2360 1486 2387 omnibus
1503 2361 1684 2397 undequach

902 2409 1035 2438 collectis,
1054 2407 1171 2443 quisque
1192 2414 1241 2442 pro
1272 2406 1378 2434 meritis
1411 2407 1468 2434 suis
1506 2407 1631 2442 accipiet,
1651 2415 1683 2434 ac

902 2461 963 2482 sors
979 2453 1112 2488 cujusque
1131 2451 1281 2488 apparebit,
1295 2456 1321 2479 et
1338 2451 1468 2478 videbunt
1483 2459 1546 2479 vere
1563 2459 1682 2479 vermem

902 2503 1076 2536 peccatorum
1086 2497 1277 2530 immortalem,
1289 2497 1432 2532 ignemque
1447 2505 1539 2524 eorum
1552 2498 1684 2525 inexstin-

902 2545 1049 2581 guibilem;
1081 2543 1134 2571 hoc
1159 2546 1212 2575 est,
1240 2542 1372 2578 judicium
1401 2542 1595 2575 conscientiae,
1625 2550 1685 2578 quae

903 2590 976 2616 velut
990 2588 1090 2616 vermis
1106 2588 1269 2615 immortalis
1286 2587 1313 2614 in
1324 2594 1419 2615 eorum
1437 2587 1528 2614 animo
1544 2591 1684 2621 vertetur;

903 2638 930 2662 et
938 2634 1052 2661 torrebit
1066 2634 1148 2661 etiam
1162 2641 1209 2665 eos
1223 2634 1292 2670 ignis
1302 2641 1336 2661 ex
1347 2633 1414 2669 ipsis
1421 2634 1539 2666 clicitus,
1555 2638 1582 2662 et
1598 2635 1686 2662 omni—

904 2681 955 2709 bus
982 2680 1186 2716 conspiciemur
1218 2680 1264 2716 qui
1294 2679 1438 2709 Dominum
1464 2681 1686 2717 conditoremque

904 2734 983 2754 suum
1000 2730 1162 2762 agnoscunt.
