1920 3070
191 101 244 130 ιτδ

688 101 716 127 S.
739 100 904 128 METHODH
927 99 1079 128 EPISCOPI
1100 99 1143 127 ΕΤ
1165 100 1344 129 MABTYRIS

1764 104 1821 132 176

190 165 281 199 linque
295 163 509 197 illamperorare
524 161 679 195 contigerit,
695 160 855 188 excellentis
870 167 971 194 semper

1028 155 1073 186 οἷα
1099 158 1289 194 κατώρθωσεν,
1312 161 1532 197 ὑπερϐαλλούσης
1557 161 1666 198 ἀγάπης
1685 162 1822 196 ἐπίδειξιν

192 212 218 238 in
244 210 382 238 Christum
407 208 550 235 charitatis
574 209 737 235 documenta
759 206 977 234 luculentissima

189 255 279 284 edenti
292 265 298 282 :
313 258 396 289 utque
408 254 492 281 decus
505 261 558 280 una
574 253 731 288 multiplicis
744 252 866 288 martyrii
877 251 976 286 smpius

191 300 295 328 iteratis
312 299 463 334 ingentium
483 298 662 326 certaminum
678 297 760 324 claris
779 297 901 324 victoriis
916 296 977 331 glo-

189 347 262 374 riose
274 346 376 377 tulerit,
392 346 418 372 in
431 345 529 380 quibus
543 348 570 372 et
584 343 793 378 magnanimitas
803 341 977 378 aggrediendi

189 397 216 421 et
231 393 312 419 ardor
326 399 383 419 rem
404 391 525 427 gerendi,
544 391 620 426 paria
643 389 763 421 fuerunt,
779 388 975 424 magnitudini-

189 448 242 475 quc
256 439 433 466 consiliorum
448 442 476 464 et
493 438 600 469 mentis,
610 445 642 464 ex
657 444 733 472 aequo
745 443 852 471 semper
866 442 977 470 respon-

188 486 229 513 dit
245 485 360 513 ﬁrmitas
374 485 513 519 roburque
532 484 665 518 corporis.

224 531 328 559 GREG.
348 531 496 559 Verissime
513 535 539 557 et
554 535 582 556 tu
599 537 709 561 narras;
737 528 785 556 sed
807 536 841 555 ne
868 527 910 554 liis
926 527 976 554 im-

189 586 337 607 morentur.
355 578 422 605 Nam
438 578 470 605 de
483 578 580 604 talibus
605 581 632 603 et
652 576 719 603 alias
733 583 814 610 sirpe,
831 582 894 602 cum
910 574 976 601 lice-

188 626 239 657 bit.
256 633 336 661 agere
362 625 433 651 inter
449 632 498 651 nos
512 623 671 658 poterimus.
694 622 771 648 Nunc
794 625 857 648 ante
885 620 976 647 omnia

187 671 303 699 reddere
323 679 366 698 me
391 671 440 697 tibi
462 670 549 701 decet,
568 676 637 704 quos
657 668 786 703 promisi.
809 667 975 701 reliquarum

188 725 298 754 quoque
315 718 451 752 virginum
475 723 624 748 sermones,
646 715 775 742 nimirum
791 713 916 749 Tysiana:
924 712 976 739 Do-

188 765 362 800 mninaeque:
382 764 422 790 liae
437 762 571 798 siquidem
587 765 691 790 restant
708 761 781 788 solaa.
796 759 830 787 Ut
848 759 930 794 igitur
944 757 976 785 li-

189 820 251 840 nem
263 810 370 838 dicendi
384 810 483 837 Thecla
496 809 569 839 fccit,
584 808 616 834 iis
630 813 684 835 tam
704 807 796 834 multis
812 813 870 841 qum
880 812 971 832 recen-

1029 206 1175 242 ποιουμένη
1204 207 1329 242 Χριστῷ⁴
1357 207 1404 233 καὶ
1439 207 1477 239 ὡς
1503 208 1655 244 διαπρεπὴς
1685 209 1823 242 πολλάκις

1028 251 1114 287 ἐφάνη
1129 254 1183 285 τοῖς
1204 254 1332 288 μεγάλοις
1350 255 1396 280 καὶ
1413 254 1530 291 πρώτοις
1546 254 1636 291 ἄθλοις
1655 255 1822 288 ὑπαντῶσα,

1027 297 1080 324 τῶν
1102 300 1247 335 μαρτύρων
1268 300 1327 335 ἴσην
1351 302 1384 336 τῇ
1407 300 1545 336 προθυμίᾳ
1562 300 1610 336 τὴν
1627 301 1745 337 σπουδὴν
1770 310 1824 328 κε-

1028 343 1160 379 κτημένη,
1175 345 1221 370 καὶ
1237 346 1268 380 τῇ
1291 345 1365 380 ἀκμῇ
1379 344 1433 371 τῶν
1451 345 1640 382 βουλευμάτων
1652 346 1701 383 τὴν
1718 345 1823 383 ῥώμην

1027 390 1073 417 τοῦ
1090 390 1224 426 σώματος.

1062 534 1204 561 ΓΡΠΓΟΡ.
1229 533 1410 570 Ἀληθέστατα
1427 535 1474 561 καὶ
1489 535 1520 561 σὺ
1537 533 1589 570 φῄς
1599 542 1605 549 ·
1617 533 1685 560 ἀλλὰ
1701 532 1738 570 μὴ
1753 532 1820 560 δια-

1026 579 1173 615 τρίϐωμεν.
1195 580 1302 607 Τούτων
1323 580 1377 616 γὰρ
1399 580 1461 615 πέρι
1484 580 1530 607 καὶ
1552 579 1606 607 τῶν
1630 578 1708 611 αὖθις
1735 580 1820 607 ἔσται

1027 625 1156 658 πολλάκις
1171 627 1243 661 ἡμᾶς
1258 626 1437 658 διαλέξασθαι.
1455 626 1511 653 Νῦν
1527 626 1556 653 δὲ
1572 625 1679 662 πρῶτον
1694 626 1740 653 καὶ
1757 625 1821 653 τῶν

1026 671 1090 707 ἑξῆς
1110 672 1250 706 παρθένων
1271 671 1426 706 ἐξαγγεῖλαι
1448 681 1481 708 με
1497 672 1538 698 δεῖ
1556 680 1597 698 σοι
1617 672 1678 704 τοὺς
1703 672 1818 706 λόγους,

1027 717 1118 750 καθὼς
1135 719 1270 754 ὑπέστην·
1291 718 1389 753 μᾶλλον
1405 718 1433 744 δὲ
1450 718 1585 752 Τυσιανῆς
1603 717 1650 744 καὶ
1662 716 1816 753 Δομνίνης·

1026 761 1105 792 αὗται
1129 765 1182 801 γὰρ
1202 765 1242 792 ἔτι
1269 764 1481 800 περιλείπονται.
1508 766 1552 797 Ὠς
1568 763 1614 792 οὖν
1634 764 1820 792 ἀπεπαύσατο

1027 812 1074 839 καὶ
1096 813 1112 847 ἡ
1129 811 1216 838 Θέκλα
1238 812 1355 839 τοσαῦτα
1374 811 1502 843 εἰποῦσα,
1521 811 1572 847 ἔφη
1591 811 1740 845 προστάξαι
1763 810 1820 847 τὴν

189 858 230 886 sui
249 856 392 892 peroratis,
415 855 548 882 referebat
563 853 584 880 Τ
588 854 717 888 lteopatra
743 853 891 887 imperasse
907 851 971 878 Are-

1033 857 1144 893 ’Λρετὴν
1163 858 1180 892 ἡ
1204 856 1346 892 Θεοπάτρα
1371 858 1403 891 τῇ
1421 857 1540 891 Τυτιανῇ
1565 846 1674 890 λέγειν·
1699 857 1749 892 τὴν
1773 846 1818 889 δέ,

189 908 234 932 ten
256 903 391 940 Tysianae,
407 906 436 929 ut
455 902 544 928 locum
572 900 666 928 orandi
688 903 813 935 caperet;
829 899 896 926 bant
913 905 977 924 vero

189 950 275 977 levius
288 947 474 976 subridentem
488 951 550 974 ante
561 946 648 982 ipsam
664 952 848 981 progressam,
870 944 897 971 in
918 943 975 970 lucc

188 995 269 1023 verba
284 995 395 1022 dixisse.

405 1078 635 1126 ORATIO
678 1080 760 1123 [Χ.

499 1143 661 1171 TYSIANA.

1028 902 1213 938 μειδιάσασαν,
1231 902 1384 939 ἔμπροσθεν
1397 903 1482 937 αὐτῆς
1495 902 1649 938 παρελθεῖν,
1661 903 1708 929 καὶ
1718 902 1816 938 φάναι.

1281 1079 1463 1122 ΛΟΓΟΣ
1492 1079 1546 1124 Θ.

1340 1142 1501 1170 ΤΥΣΙΑΝΠ.

185 1194 250 1222 CAP.
268 1192 288 1221 1.
305 1191 434 1223 Castitas,
451 1191 507 1227 ueri
522 1188 689 1227 tabernaculi
705 1192 814 1227 ornatus
827 1186 1048 1227 principi-tused
1069 1187 1299 1214 tabernaculorum
1317 1187 1413 1227 festum
1429 1187 1623 1220 celebrandum,
1644 1193 1740 1224 septem
1755 1189 1818 1217 dies

224 1228 315 1256 indicti
332 1226 447 1263 Judcvis,
463 1223 527 1263 quid
543 1225 702 1263 signiﬁcent.
725 1222 871 1263 septenarii
892 1222 975 1263 hujus
989 1223 1089 1248 incerta
1109 1230 1213 1249 summa
1227 1231 1236 1250 :
1252 1231 1297 1249 nec
1316 1224 1365 1250 ulli
1382 1224 1472 1258 liquet,
1485 1225 1591 1259 quando
1607 1222 1699 1260 futura
1717 1225 1817 1253 mundi

220 1263 413 1291 consummatio
425 1257 475 1288 sit:
487 1257 580 1286 Mundi
595 1257 697 1294 fabrica
712 1260 854 1285 etiamnum
867 1257 1020 1292 completur.

220 1311 243 1338 Ο
268 1310 368 1341 Areto,
386 1307 584 1335 amabilissima
610 1306 776 1342 virginitatis
801 1305 970 1333 amatoribus

184 1356 321 1393 gloriatio,
339 1362 390 1389 ego
404 1361 512 1389 quoque
532 1353 662 1379 auxilium
676 1355 751 1378 tuum
774 1352 800 1378 in
818 1359 873 1379 rem
889 1358 970 1385 quatn

182 1403 274 1438 jubes,
292 1401 424 1435 imploro:
440 1406 474 1425 ne
490 1398 554 1424 mihi
567 1397 639 1433 quod
649 1397 736 1424 dicam
747 1397 828 1428 desit,
838 1397 971 1424 exhausto

1059 1303 1094 1331 Ὦ
1123 1306 1229 1341 Ἀρετὴ,
1252 1306 1401 1344 παρθενίας
1424 1307 1553 1343 ἐρασταῖς
1572 1308 1722 1344 ἐπέραστον
1743 1308 1818 1336 καύ-

1024 1361 1100 1387 χημα
1121 1352 1185 1388 (55),
1203 1353 1279 1387 κάγὼ
1297 1353 1559 1390 συναντιληψομένην
1577 1363 1621 1391 μοι
1637 1355 1829 1391 παραστῆναὶι

1026 1407 1052 1424 σε
1076 1399 1237 1433 παρακαλῶ,
1260 1401 1356 1436 μήπως
1371 1400 1502 1437 ἀπορήσω
1524 1401 1621 1436 λόγων,
1637 1401 1684 1428 ἅτε
1707 1401 1818 1429 πολλῶν

184 1453 224 1476 tot
239 1452 350 1482 tamque
372 1445 491 1481 copiosis
513 1445 628 1471 aliorum
648 1444 819 1471 orationibus
842 1444 971 1478 subjecta:

1026 1445 1075 1481 ’ήδη
1104 1446 1150 1472 καὶ
1178 1446 1354 1473 παντοδαπῶν
1381 1447 1542 1482 εἰρημένων.
1568 1447 1614 1474 Διδ
1637 1448 1684 1475 καὶ
1708 1457 1814 1484 παραι-

185 1494 352 1522 laudationis
370 1496 541 1528 argumento.
560 1490 651 1524 Quare
665 1491 693 1517 in
708 1490 848 1526 prowmiis
869 1497 972 1517 sermo-

185 1542 281 1576 nisque
300 1539 533 1568 insinuationibus
553 1543 657 1573 tempus
672 1536 796 1572 equidem
809 1543 974 1571 operamque

184 1596 239 1616 non
249 1587 372 1623 perdam,
385 1594 418 1613 ne
431 1585 494 1612 dum
507 1584 672 1611 exornandis
681 1591 741 1618 qua:
755 1582 809 1610 illis
822 1585 973 1617 congruant

183 1641 287 1662 morazn
305 1636 425 1663 traxero,
440 1630 511 1666 quod
528 1630 695 1664 prmcipuum
708 1631 749 1655 est
772 1627 906 1659 clabatur,
924 1633 972 1653 ac-

184 1679 307 1707 cessoria
323 1684 524 1713 supervacanee
539 1675 672 1710 captanti,
687 1674 755 1702 adeo
770 1673 899 1700 nimirum
914 1673 971 1708 glo-

184 1726 268 1758 riosa,
280 1725 462 1760 praeclaraque
474 1731 506 1750 ac
520 1722 663 1757 magniﬁca
680 1729 724 1748 rcs
739 1724 780 1747 est
793 1719 947 1754 virginitas.

220 1771 302 1803 Deus,
321 1778 382 1797 cum
394 1769 564 1797 celebrandae
578 1776 648 1795 vera:
665 1766 820 1794 festivitatis
836 1765 973 1792 Taberna.

184 1818 308 1845 culorum
324 1816 394 1844 veris
407 1815 538 1843 lsraelitis
551 1815 702 1849 legitimum
714 1814 796 1841 ritum
812 1813 840 1840 in
850 1812 972 1840 Levitico

183 1863 384 1898 praescriberet.
406 1870 461 1897 prae
483 1862 596 1896 reliquis
612 1860 799 1888 exornandam
820 1860 918 1894 cuique
931 1863 972 1885 ta-

185 1909 360 1936 bernaculum
388 1916 468 1936 suum
489 1909 614 1934 castitate
634 1907 731 1934 sancit.
757 1907 897 1940 Apponam
913 1906 972 1940 ipsa

185 1955 333 1991 Scriptura:
343 1955 436 1987 verba,
455 1962 487 1981 ex
499 1954 598 1988 quibus
611 1954 671 1981 sine
683 1953 736 1980 ulla
748 1953 916 1980 dubitatione
928 1953 972 1980 de-

183 2002 381 2030 monstrabitur
405 2008 486 2036 quam
509 1999 564 2026 Deo
590 1999 756 2027 conveniens
781 1999 874 2034 illique
894 2006 972 2026 acce—

183 2052 259 2084 ptum
285 2048 321 2076 sit
339 2048 389 2075 hoc
411 2046 576 2082 virginitatis
604 2054 713 2073 tnunus.
744 2046 841 2079 Quinto
870 2047 970 2072 decimo

183 2095 225 2123 die
238 2096 333 2122 mensis
340 2096 455 2130 septimi,
467 2095 572 2130 quando
584 2093 828 2121 consummaveritis
837 2093 970 2128 genimina

1024 1492 1122 1528 τοῦμαι
1136 1493 1169 1520 τὰ
1181 1492 1348 1529 πρωιμιιῦδη
1363 1493 1448 1520 ταῦτα
1462 1493 1509 1520 καὶ
1519 1496 1816 1530 προκατασκευαστικά

1023 1537 1077 1564 τῶν
1094 1537 1190 1572 λόγων,
1207 1540 1249 1565 ἵνα
1265 1539 1312 1574 μὴ,
1335 1539 1495 1574 χρονίζουσα
1513 1541 1685 1576 προσήκοντα
1707 1540 1814 1573 τούτοις

1024 1584 1214 1619 ἐφαρμόττειν,
1225 1584 1312 1610 αὐτῶν
1323 1584 1431 1610 ὲκπέσω
1443 1584 1497 1610 τῶν
1510 1585 1696 1621 προκειμένων
1706 1593 1712 1599 ·
1724 1585 1816 1618 οὕτως

1023 1629 1125 1662 ἔνδοξόν
1142 1630 1214 1656 ἐστιν
1228 1631 1244 1664 ἡ
1262 1629 1394 1666 παρθενὶα
1409 1629 1455 1656 καὶ
1473 1630 1561 1666 τίμιον
1579 1631 1624 1658 καὶ
1642 1630 1815 1666 μεγαλοπρε-

1024 1674 1083 1706 πές.

1064 1765 1092 1791 '0
1117 1765 1183 1796 Θεὸς
1204 1766 1253 1801 τὴν
1278 1766 1374 1801 ἑορτὴν
1398 1766 1446 1802 τῆς
1469 1765 1661 1802 Σκηνοπηγὶας
1677 1765 1815 1792 διδάσκων

1023 1812 1071 1847 τῆς
1089 1811 1219 1847 ἀληθινῆς
1233 1812 1295 1844 τοὺς
1314 1811 1456 1847 ἀληθινοὺς
1478 1813 1656 1848 Ἰσραηλίτας,
1677 1813 1736 1844 πῶς
1751 1813 1816 1848 ὲορ-

1022 1858 1113 1891 τάζειν
1138 1860 1178 1886 δεῖ
1198 1860 1244 1886 καὶ
1264 1861 1356 1895 τιμᾷν,
1374 1860 1402 1887 ἐν
1424 1859 1462 1895 τῷ
1484 1860 1626 1893 Λευῖτικῷ
1651 1860 1802 1896 παρίστησι

1024 1907 1123 1942 μᾶλλον
1141 1907 1194 1933 τῶν
1211 1906 1297 1933 ἄλλων
1321 1907 1416 1943 ἁγνείᾳ
1440 1907 1551 1942 φάσκων
1566 1907 1620 1933 δεῖν
1638 1906 1687 1942 τὴν
1710 1907 1810 1934 ἐαυτοι

1022 1953 1124 1988 σκηνὴν
1147 1953 1261 1979 ἕκαστον
1287 1954 1408 1988 κοσμεῖν.
1432 1952 1629 1988 Παραθήσομαι
1655 1951 1683 1979 δὲ
1708 1952 1756 1979 καὶ
1777 1951 1814 1979 τὰ

1021 1999 1074 2025 ἀπὸ
1085 1999 1134 2034 τῆς
1150 1999 1270 2034 Γραφῆς,
1292 1998 1337 2033 ἀφ’
1352 1996 1389 2026 ὧν
1408 1998 1655 2034 ἀναμφισϐητήτως
1669 1997 1814 2033 δειχθήσε-

1021 2054 1065 2072 ται
1086 2046 1177 2079 πᾶσιν,
1189 2046 1249 2072 ὅσον
1260 2045 1306 2071 καὶ
1322 2044 1382 2080 Θεῷ
1398 2045 1550 2081 πρόσφορον
1564 2046 1620 2071 ἐστι
1635 2045 1681 2071 καὶ
1695 2053 1813 2080 προσφι-

1021 2091 1065 2124 λὲς
1079 2092 1110 2119 τὸ
1125 2091 1291 2128 κατόρθωμα
1304 2090 1382 2118 τοῦτο
1397 2091 1446 2126 τῆς
1469 2091 1589 2125 ἁγνείας.
1609 2090 1665 2117 Καὶ
1683 2090 1721 2125 τῇ
1738 2099 1812 2117 πεν-

183 2148 272 2174 ιεννιε,
298 2141 393 2176 festum
413 2141 577 2168 celebrabitis
604 2140 720 2167 Domino
740 2144 836 2174 septem
853 2138 943 2166 diebus
960 2147 969 2166 .'

1026 2137 1214 2172 τεκαιδεκάτῃ
1230 2137 1325 2172 ἡμέρᾳ
1341 2137 1393 2164 τοῦ
1404 2137 1500 2172 μηνὸς
1519 2137 1572 2164 τοῦ
1585 2137 1721 2172 ἑϐδόμου,
1737 2137 1812 2164 ὅταν

182 2193 206 2214 et
218 2187 260 2214 die
273 2192 363 2215 octavo
376 2187 425 2214 erit
440 2187 549 2222 requies.
569 2186 602 2213 Et
617 2186 725 2214 sumetis
741 2185 783 2212 die
796 2186 880 2220 primo
911 2187 969 2221 fru-

186 2232 327 2268 ctumligni
336 2233 491 2267 speciosum,
500 2239 524 2260 et
536 2232 656 2268 spatulas
667 2232 828 2267 palmarum,
844 2237 868 2258 et
880 2240 968 2258 ramos

182 2279 246 2313 ligni
258 2278 364 2309 densos,
379 2283 403 2305 et
415 2278 521 2311 salices,
537 2283 561 2305 et
573 2287 662 2306 ramos
676 2279 738 2313 agni
750 2278 781 2305 de
799 2283 923 2309 torrente,
934 2278 968 2304 ad

183 2324 327 2351 lit-tandum
343 2332 432 2351 coram
452 2324 562 2350 Domino
578 2323 632 2351 Deo
646 2330 731 2351 vestro
756 2329 852 2358 septem
876 2323 966 2350 diebus

182 2371 245 2397 anui
260 2379 268 2398 :
286 2370 432 2406 legitimum
448 2371 634 2405 sempiternum
651 2371 682 2404 in
699 2371 833 2405 progenies
855 2375 966 2397 vestras.

181 2416 270 2444 Mense
285 2417 394 2452 septimo
409 2416 573 2443 celebrabitis
589 2417 780 2443 solemnitatem
796 2417 886 2444 istam.
903 2416 968 2450 Sep-

180 2468 231 2489 tem
242 2462 333 2490 diebus
349 2463 376 2489 in
391 2463 568 2489 tabernaculis
594 2462 760 2489 habitabilis.
777 2462 872 2489 Omnis
897 2461 967 2488 indi-

179 2518 245 2544 gena
264 2510 292 2536 in
308 2509 400 2536 Israel
419 2509 551 2536 habitabit
571 2509 597 2536 in
613 2508 790 2536 tabernaculis
807 2517 815 2534 :
832 2513 860 2535 ut
883 2509 967 2534 sciant

179 2558 313 2591 progenies
325 2561 428 2587 cestra‘,
444 2555 512 2590 quod
530 2556 555 2582 in
571 2555 748 2582 tabernaculis
769 2554 889 2581 habitare
901 2554 968 2589 fece-

180 2603 231 2629 rint
242 2604 312 2637 ﬁlias
325 2602 422 2634 Israel,
435 2610 492 2628 cum
504 2602 637 2628 educerem
655 2610 698 2629 eos
712 2601 743 2629 de
755 2606 826 2628 terra
844 2600 965 2636 Aigypti.

182 2648 236 2684 Ego
250 2648 379 2675 Dominus
398 2648 469 2675 Deus
481 2652 563 2674 vester
578 2648 611 2674 δῖε.

1021 2184 1227 2219 συντελέσητε
1246 2183 1282 2210 τὰ
1298 2183 1469 2218 γεννήματα
1486 2182 1539 2216 τῆς
1562 2181 1628 2218 γῆς,
1652 2182 1812 2217 ἑορτάσετε

1021 2231 1118 2265 Κυρίῳ
1133 2231 1208 2258 ἑπτὰ
1219 2230 1329 2265 ἡμέρας
1338 2239 1344 2245 ⁸
1362 2229 1413 2257 καὶ
1423 2229 1461 2264 τῇ
1474 2229 1570 2264 ἡμέρᾳ
1583 2228 1620 2263 τῇ
1633 2228 1723 2263 ὀγδόῃ
1738 2228 1812 2256 ἀνά-

1021 2286 1132 2310 παυσις
1162 2278 1257 2305 ἔσται.
1286 2277 1342 2305 Καὶ
1365 2277 1502 2311 λήψεσθε
1527 2276 1564 2310 τῇ
1593 2275 1692 2310 πρώτῃ
1715 2275 1813 2311 ἡμέρᾳ

1020 2323 1137 2358 καρπὸν
1154 2324 1249 2356 ξύλου
1263 2323 1380 2358 ὡραῖον,
1399 2322 1449 2349 καὶ
1465 2322 1637 2356 κάλλυντρα
1654 2322 1810 2356 φοινίκων,

1020 2371 1068 2398 καὶ
1083 2371 1216 2403 κλάδους
1234 2370 1329 2403 ξύλου
1349 2369 1464 2403 δασεῖς,
1485 2369 1533 2396 καὶ
1546 2368 1635 2402 ἰτέας,
1648 2369 1697 2395 καὶ
1716 2368 1812 2404 dra-cu

1019 2417 1152 2450 κλάδους
1166 2417 1201 2443 ἐκ
1220 2416 1392 2452 χειμάρρου,
1411 2415 1615 2451 εὐφρανθῆναι
1633 2415 1733 2442 ἔναντι
1750 2417 1811 2442 Κυ-

1016 2463 1084 2498 ρίου
1098 2463 1152 2490 τοῦ
1171 2462 1244 2490 Θεοῦ
1262 2462 1346 2497 ὑμῶν
1361 2462 1436 2490 ἑπτὰ
1455 2461 1568 2497 ἡμέρας
1583 2461 1635 2488 τοῦ
1650 2459 1792 2488 ἐνιαυτοῦ

1019 2510 1145 2544 νόμιμον
1158 2509 1279 2536 αὶώνιον
1290 2510 1334 2542 εὶς
1346 2509 1398 2543 τὰς
1408 2509 1511 2545 γενεὰς
1524 2507 1616 2543 ὑμῶν.
1632 2507 1680 2533 Ἐν
1688 2505 1728 2539 τῷ
1735 2505 1811 2541 μηνὶ

1019 2542 1060 2588 τῷ
1074 2542 1188 2590 ἑϐδόμῳ
1201 2556 1359 2590 ἐορτάσετε
1380 2542 1488 2590 αὖτήν.
1504 2542 1555 2582 Ἑν
1564 2553 1692 2588 σκηναῖς
1710 2542 1817 2587 κατα-ί

1021 2600 1130 2635 mitrata
1146 2602 1221 2629 ἑπτὰ
1237 2603 1359 2638 ψιέρας.
1375 2601 1438 2636 Πᾶς
1457 2602 1611 2636 αὐτόχθων
1629 2601 1664 2628 ἐν
1685 2597 1815 2633 Ἰσραὴλ

1021 2648 1258 2683 κατοικήσουσιν
1277 2650 1312 2676 ὲν
1333 2648 1473 2682 σκηναῖς,
1493 2647 1573 2681 ὅπως
1591 2647 1697 2674 ἴδωσιν
1714 2647 1744 2672 al
1761 2653 1812 2680 Τε-

178 2698 243 2724 νεαὶ
261 2696 353 2729 ὑμῶν,
369 2695 412 2723 ὅτι
436 2696 470 2723 ἐν
486 2695 613 2730 σκηναῖς
629 2695 781 2728 κατῴκισα
796 2695 866 2728 τοὺς
881 2695 966 2728 υἱοὺς
989 2696 1116 2730 Ἰσραὴλ,
1132 2697 1167 2723 ἐν
1182 2697 1338 2732 ἐξαγαγεῖν
1351 2706 1389 2731 με
1408 2695 1485 2731 ὑμᾶς
1501 2696 1534 2723 ἐκ
1564 2694 1620 2730 τῆς
1646 2694 1811 2730 Αἰγύπτου.

186 2746 259 2778 Ἐγὼ
274 2745 382 2779 Κύριος
400 2746 415 2770 o'
435 2742 506 2776 Θεὸς
526 2743 615 2777 ὑμῶν.

209 2803 231 2819 ⁸⁸
246 2803 325 2829 Lerit.
344 2810 420 2833 xxm.
436 2801 530 2828 59—45.

216 2853 270 2888 (33)
285 2853 437 2886 Καύχημα.
454 2850 499 2878 Sic
517 2849 640 2876 Allatius.
657 2847 719 2876 Vat.
733 2848 818 2875 codex
835 2851 860 2875 et
879 2846 971 2874 Possin

1026 2866 1029 2876 ,
1047 2845 1151 2877 κάλλος.
1169 2845 1313 2873 COMBEFIS.
