1919 3075
61 116 134 142 15ῖ7

783 114 815 141 IN
831 115 958 142 lSAlAM.

1617 95 1683 142 i378

60 182 112 210 μου
129 172 199 200 εἶδον
222 174 246 200 οί
265 172 397 208 ὀφθαλμοί
415 181 471 199 σου.
484 182 493 198 ›
506 171 673 206 Ἀναγκαίως
689 171 789 203 τοίνυν,
802 174 848 199 ὲκ-

910 173 973 200 )οιιιί
1000 172 1039 199 tui
1053 172 1086 199 ⁸⁸.
1109 180 1118 196 ι
1137 170 1232 198 Merito
1265 171 1349 207 igitur
1373 169 1533 198 reseindens
1554 172 1684 206 peccandi

58 219 170 247 κόπτων
190 219 236 245 τὸν
260 218 338 252 λόγον
363 216 409 244 τοῦ
431 217 617 253 ἁμαρτάνειν,
642 216 850 252 παραλαμϐάνει

59 265 116 301 πῦρ
130 265 178 292 καὶ
195 265 350 298 καταιγίδα,
366 264 379 290 ὃ
404 263 486 295 αὐτὸς
512 263 626 290 ἀνάπτει
642 263 670 290 ἐν
685 264 744 295 ταῖς
767 271 852 290 συνει-

59 312 173 347 δήσεσιν
187 310 276 346 ήμῶν.

95 357 136 382 Δι’
155 353 189 392 ἧς
201 355 328 390 ἐμφαίνει
344 354 461 389 ψυχικὴν
476 354 596 386 κόλασιν,
617 355 663 381 καὶ
683 355 851 391 τραυματίας

59 401 172 428 ἔσεσθαι
195 401 307 431 πολλοὺς
327 400 418 434 λέγει’
436 400 488 431 ἵνα,
507 399 550 426 διὰ
566 400 615 434 τῆς
630 400 715 435 ἀκοῆς
738 401 792 427 τῶν
808 401 850 427 δο-

60 448 183 474 κούντων
196 446 270 482 αὑτῷ
285 446 408 481 φοόερῶν
421 444 490 472 εἶναι
506 446 652 478 παιδεύσας
665 447 774 480 αὐτοὺς,
786 447 851 473 ἀνα-

60 495 173 529 χαιτίσῃ
185 492 239 520 τῶν
251 492 469 527 ἁμαρτημάτων.

96 539 190 565 Ταῦτα
211 539 238 564 δὲ
262 538 437 574 προστίθησιν
462 539 491 565 ἐν
521 538 613 574 μέσῳ,
630 539 660 564 οὐ
685 538 851 574 κατηγορίαν

61 584 153 610 αὐτῶν
170 584 249 619 μόνον
271 584 453 619 ἐνιστάμενος,
466 584 532 611 ἀλλὰ
546 585 592 611 καὶ
609 585 744 620 σωτηρίαν
761 585 852 616 αὐτοῖς

61 629 201 665 προξενῶν
216 629 259 656 διὰ
273 630 320 656 τοῦ
337 630 457 665 ἐλέγχου,
470 630 516 656 ἐὰν
530 631 696 665 ἐπιστήσωσι
711 630 757 657 τὸν
772 630 850 656 νοῦν’

60 675 109 702 καὶ
129 676 184 711 γὰρ
209 675 254 702 τὸν
282 675 333 711 μῦν
358 675 506 711 παρέλαϐε,
529 676 582 707 ἵνα,
601 675 653 702 κᾶν
673 675 738 709 γοῦν
767 675 852 706 οὕτως

60 721 231 753 αἰδεσθέντες
255 721 286 747 τὸ
313 722 433 757 μυσαρὸν
457 722 511 747 τῶν
539 722 680 757 πράξεων,
707 721 850 756 ἁνακωχὴν

59 767 170 794 δὼσωσι
186 769 241 799 τοῖς
254 769 359 798 κακοῖς.

98 813 136 839 Οὐ
158 813 236 848 μόνον
249 812 277 839 δὲ
290 813 343 839 τῶν
360 813 484 848 φανερῶν
501 812 626 849 πράξεων
642 812 732 840 αὐτῶν
742 812 851 848 ἔλεγχον

61 860 192 892 ἐποιεῖτο,
205 859 271 886 ἀλλὰ
285 860 331 886 καὶ
348 859 437 885 αὐτῶν
451 859 505 886 τῶν
523 860 614 891 αὐτοῖς
629 859 851 894 κινηοησομὲνων
867 846 889 875 Β
904 846 1035 894 “Parem

62 905 158 932 κακῶν
173 905 327 940 λογισμῶν·
345 906 413 941 ὅπερ
423 906 578 940 ἀναγκαίως
593 906 639 932 καὶ
649 905 790 942 χρησίμως
807 904 851 930 ἐπὶ

61 950 112 984 τῆς
129 949 220 975 αὐτῶν
235 949 401 981 λυσιτελείας
416 949 513 976 ἐποίει.
523 950 663 976 -Οὑκέτι
685 950 734 985 τὴν
749 949 794 976 διὰ
809 949 852 975 λό-

61 1003 119 1028 γων
132 993 246 1029 ἀπειλὴν
264 994 435 1029 ποιούμενος,
447 994 515 1021 ἀλλὰ
525 995 572 1021 καὶ
585 994 733 1030 παρουσίαν
750 994 852 1021 οἰκείαν

61 1039 297 1074 ἐπαγγελλόμενος
305 1047 312 1053 ”
325 1039 491 1075 πανταχόθεν
503 1040 557 1075 γὰρ
567 1039 606 1075 τῷ
619 1041 741 1075 Δεσπότῃ
753 1039 852 1071 σκοπὸς

61 1085 152 1111 σῶσαι
169 1085 215 1112 τὸν
227 1085 301 1115 λαὸν,
316 1085 364 1112 καὶ
381 1086 477 1120 στῆσαι
490 1086 535 1112 τὸν
552 1085 630 1119 λόγον
645 1085 689 1112 τὸν
702 1085 770 1121 πρὸς
790 1086 852 1117 τοὺς

61 1131 189 1167 πατέρας
203 1131 385 1166 γεγενημένον
396 1140 402 1146 ·
419 1131 480 1158 ὅθεν
494 1131 541 1158 καὶ
557 1131 601 1158 διὰ
620 1131 789 1167 σκυθρωπῶν
806 1132 853 1158 καὶ

61 1177 191 1213 χρηστῶν
201 1177 288 1212 ὄψεων
303 1178 438 1212 σωτηρίαν
449 1178 539 1210 αὐτοῖς
552 1177 786 1213 πραγματεύεται.
798 1178 853 1204 Καὶ

58 1223 126 1258 μετ’
147 1224 234 1258 ὀλίγα
248 1232 255 1238 ο
271 1224 321 1250 Τὸν
338 1224 419 1251 αὑτὸν
433 1223 532 1259 τρόπον
548 1224 594 1249 καὶ
615 1223 731 1250 ἐνταῦθα
750 1224 799 1258 τὴν
814 1224 854 1255 εἰς

60 1271 162 1302 αὐτοὺς
179 1271 323 1305 ἐπίσκεψιν
339 1270 420 1297 αὑτοῦ
437 1271 505 1298 ἰδίαν
524 1271 674 1306 παρουσίαν
695 1270 776 1297 αὐτοῦ
791 1279 855 1298 κατ-

61 1315 208 1350 αγγέλλει,
232 1315 337 1351 δηλῶν,
350 1316 387 1346 ὡς
402 1315 556 1347 ἐπισυνάξει
577 1315 676 1346 αὐτοὺς
689 1316 723 1341 ὲκ
748 1315 854 1342 πάντων

59 1361 118 1388 τῶν
136 1361 218 1388 ἐθνῶν
227 1363 256 1388 ἐν
268 1359 309 1393 οἷς
321 1361 541 1397 ἀνεστράφησαν,
553 1362 612 1387 ἐκεῖ
623 1360 789 1396 ἐκμαθόντες
807 1361 854 1387 καὶ

61 1407 114 1438 τὰς
127 1407 252 1441 γλώσσας
265 1406 364 1434 αὐτῶν.

106 1453 226 1480 Ἐκεῖθεν
243 1453 270 1480 δὲ
294 1454 340 1480 καὶ
359 1453 421 1485 τοὺς
439 1452 588 1489 μακαρίους
606 1453 770 1485 ἀποστόλους
787 1453 856 1481 ἀπέ-

64 1500 154 1526 στειλε
181 1501 302 1536 κήρυκας
325 1499 385 1526 καθ’
403 1500 466 1535 ὅλης
481 1500 641 1536 οἰκουμένης
657 1501 856 1536 γενησομένους
868 1515 889 1544 C

62 1547 113 1573 ἀπ’
128 1546 219 1582 ἄκρων
231 1546 283 1577 ἕως
299 1547 403 1581 ἄκρων,

101 1592 208 1618 Ἵππων
223 1592 270 1618 καὶ
281 1593 399 1627 ἡμιόνων
420 1593 466 1618 καὶ
481 1592 623 1627 λαμπίνων
642 1592 792 1628 μέμνηται,
807 1592 856 1627 δη-

29 1671 39 1676 _
63 1639 120 1665 λῶν
141 1638 190 1674 τὴν
211 1639 266 1664 τῶν
291 1638 374 1665 ἐθνῶν
400 1638 542 1674 εὐθυμίαν,
559 1639 620 1673 ἥτις
635 1638 750 1674 πρώτως
774 1638 857 1674 ἐπλη-

66 1685 148 1720 ροῦτο
160 1685 266 1712 ἐπὶ-τοῦ
276 1685 403 1720 εὐνούχου
418 1685 468 1720 τῆς
487 1685 629 1721 Κανδάκης
645 1685 812 1721 βασιλίσσης,
827 1685 856 1716 ὃς

63 1731 113 1758 τὸν
127 1731 258 1757 Φίλιππον
270 1730 366 1766 ἔφερεν
382 1731 428 1757 ἐπὶ
444 1731 490 1758 τοῦ
508 1732 630 1767 ἆρματος
648 1731 742 1758 αὑτοῦ.

103 1777 202 1804 Οὐκέτι
223 1777 276 1813 γὰρ
298 1778 337 1809 είς
367 1777 461 1804 τοῦτον
486 1778 718 1813 ἀπατηθήσονται,
735 1777 795 1804 οὐδὲ
817 1777 856 1813 τῷ

66 1824 164 1859 κόσμῳ
182 1823 269 1858 τούτῳ
290 1823 523 1858 δελεασθήσονται,
539 1824 586 1850 καὶ
605 1824 642 1855 ὡς
656 1823 714 1859 Θεῷ
740 1832 857 1860 προσκυ-

66 1873 209 1908 νήσουσιν
231 1870 298 1897 ἀλλὰ
316 1871 600 1906 προσκολληθήσονται
623 1871 717 1907 Κυρίῳ
733 1871 771 1906 τῷ
786 1871 854 1905 Θεῷ,

66 1919 117 1950 τὰς
132 1917 278 1952 ἐνδελεχεῖς
291 1916 385 1948 Θυσίας
397 1916 590 1951 προτάγοντες,
603 1917 696 1944 οὐκέτι
710 1917 798 1953 τρίτον
809 1917 855 1944 τοῦ

67 1962 191 1989 ἐνιαυτοῦ
206 1962 295 1997 μόνον,
312 1961 379 1987 ἀλλὰ
397 1960 457 1987 καθ’
478 1961 612 1996 ἑϐδομάδα
635 1963 681 1989 καὶ
702 1963 774 1998 μῆνα
793 1970 855 1989 συν-

67 2008 256 2045 αθροιζόμεναι
273 2007 318 2033 ἐπὶ
334 2007 387 2033 τῶν
403 2007 487 2041 ἁγίων
507 2007 673 2044 ἐκκλησιῶν·
690 2009 719 2035 οὐ
736 2009 815 2044 μόνον
828 2009 855 2035 δὲ

67 2055 121 2087 ἕως
136 2055 230 2082 τούτου
248 2056 401 2091 στήσονται,
417 2054 484 2081 ἀλλὰ
498 2055 606 2091 νύκτωρ
617 2056 664 2083 καὶ
678 2056 737 2092 μεθ’
751 2057 855 2092 ἡμέραν

67 2102 98 2128 οὺ
110 2101 257 2128 παύσονται
267 2100 316 2136 τὴν
330 2100 513 2136 προσκύνησιν
526 2100 682 2136 ποιούμενοι
692 2103 731 2134 είς
739 2102 784 2129 τὸν
796 2102 858 2138 άλη-

68 2148 142 2175 θινδν
158 2148 234 2175 Θεόν.

105 2194 166 2220 Τῶν
178 2193 413 2229 ἐπισυναχθέντων
426 2193 510 2220 ἐθνῶν
522 2194 569 2221 ἐπὶ
590 2195 710 2227 Ἐζεκίου
724 2195 856 2230 βασιλέως
872 2193 893 2220 D

69 2241 128 2275 ἅμα
143 2239 182 2274 τῷ
206 2239 388 2274 Σεναχηρείμ.
404 2254 440 2260 ——
454 2239 546 2266 Ταῦτα
565 2240 593 2266 δέ
609 2240 698 2267 πάντα
718 2241 858 2278 τρανωθή-

68 2293 146 2312 σεται
160 2285 190 2311 ὲν
201 2286 235 2319 τῇ
250 2284 387 2320 παρουσίᾳ
399 2284 445 2311 τοῦ
461 2285 563 2321 Κυρίου
577 2287 608 2321 τῇ
627 2286 730 2322 φοὸερᾷ
749 2287 796 2313 καὶ
816 2287 858 2313 ἐν⁵

67 2329 136 2366 δόξῳ
145 2338 152 2345 ·
170 2331 214 2356 ὅτε
227 2329 256 2356 τδ
267 2330 455 2365 οἰκουμενικὸν
467 2330 580 2366 θέατρον
595 2333 782 2368 συγκροτεῖται
793 2339 799 2345 ·
813 2332 857 2359 ὅτε

68 2377 170 2408 πάντες
185 2376 352 2411 πανταχόθεν
372 2376 598 2412 συναχθήσονται·
614 2378 657 2404 ὅτε
681 2378 795 2410 ἕκαστος
811 2387 858 2405 κο-

69 2423 173 2457 μιεῖται
187 2421 255 2456 πρὸς
269 2421 286 2448 ἃ
300 2421 416 2457 ἔπραξεν
426 2431 433 2437 ο
448 2423 492 2448 ὅτε
508 2423 521 2449 ό
536 2423 651 2449 ἑκάστου
667 2423 765 2459 κλῆρος
777 2431 857 2457 φανε-

69 2467 164 2503 ροῦται
174 2476 181 2482 ·
199 2467 244 2494 ὅτε
262 2467 371 2502 ὄψονται
386 2467 494 2503 ἀληθῶς
507 2468 560 2495 τῶν
572 2469 804 2505 παραὸεϐηκότων
817 2470 857 2506 τῷ

69 2513 131 2548 Θεῴ
157 2513 203 2540 τὸν
225 2513 354 2549 σκώληκα
371 2514 460 2542 αὐτῶν
481 2515 667 2550 ἀτελεύτητον,
685 2515 733 2542 καὶ
756 2516 786 2542 τὸ
802 2516 857 2552 πῦρ

68 2559 160 2586 αὐτῶν
177 2559 323 2586 ἄσϐεστον·
336 2560 459 2587 τουτέστι
482 2560 512 2587 τὺ
531 2563 672 2597 κριτήριον
685 2563 734 2598 τῆς
755 2563 857 2595 οἰκείας

69 2605 162 2632 αὐτῶν
186 2605 372 2640 συνειδήσεως,
390 2606 404 2632 ὃ
418 2606 495 2641 δίκην
517 2606 657 2642 σκώληκος
681 2607 856 2644 ἀτελευτήτου

69 2651 100 2677 ὲν
117 2649 209 2681 αὐτοῖς
235 2650 395 2678 ἕνειλεῖται·
417 2652 464 2678 καὶ
492 2652 654 2686 καταφλέξει
679 2653 776 2686 αὐτοὺς
802 2654 857 2690 πῦρ

71 2696 194 2731 πηγὰζον
208 2697 237 2723 ἐν
247 2697 351 2728 αὐτοῖς·
367 2697 414 2724 καὶ
427 2697 532 2724 ἔσονται
547 2699 659 2734 φανεροὶ
668 2700 733 2726 πᾶσι
744 2701 799 2732 τοῖς
810 2701 857 2727 ὲπ-

71 2742 204 2776 εγνωκόσι
218 2743 264 2769 τὸν
279 2743 383 2771 ἑαυτῶν
396 2744 528 2779 δεσπότην
544 2753 573 2771 τε
588 2745 634 2772 καὶ
644 2747 767 2783 ποιητήν.

107 2819 130 2835 ³⁸
141 2818 214 2847 Psal.
231 2827 362 2854 cxxxvm,
380 2822 422 2849 l6.

901 218 1045 250 rationem,
1066 217 1212 252 procellam
1234 220 1261 244 et
1281 217 1369 252 ignem
1386 217 1512 252 suscipit,
1528 224 1610 252 quem
1629 217 1687 253 ipse

900 265 928 292 in
941 264 1115 292 conscientiis
1131 263 1233 291 nostris
1249 262 1388 290 accendet.

935 355 1017 383 Vens.
1037 355 1078 382 16.
1097 354 1149 383 Per
1172 354 1290 390 gladium
1308 355 1442 389 signiﬁcat
1460 356 1600 391 spirituale
1612 355 1686 391 judi-

901 401 974 428 cium
990 406 1016 428 et
1031 401 1132 428 multos
1147 400 1214 427 dicit
1239 408 1301 428 esse
1314 402 1508 434 vulnerandos,
1535 406 1566 429 ut
1586 402 1688 437 gravis-

900 447 977 474 simis
992 447 1073 475 minis
1088 447 1223 480 deterriti,
1240 454 1255 473 a
1268 447 1389 481 peccatis
1404 448 1543 475 recedant.

938 534 1019 562 Vsus.
1034 534 1076 560 l7.
1094 532 1160 566 Quae
1174 533 1200 560 in
1217 533 1335 561 medium
1353 533 1442 567 affert,
1469 542 1523 562 non
1538 537 1642 562 tantum
1657 539 1688 562 ut

901 588 949 608 eos
981 579 1182 610 incriminetur,
1210 578 1257 606 sed
1283 579 1364 606 etiam
1393 583 1421 606 ut
1441 579 1482 608 eis
1511 580 1625 608 salutem
1644 588 1687 608 τε»

902 625 1132 661 prehensionibus
1144 628 1288 660 praeparet,
1305 625 1327 652 si
1342 625 1412 653 forte
1425 629 1544 653 mentem
1560 625 1685 654 intende-

904 675 974 698 rent.
985 670 1023 697 De
1038 678 1116 697 mure
1133 669 1177 696 hic
1192 669 1323 704 loquitur,
1343 673 1372 696 ut
1387 670 1429 697 vel
1448 670 1484 696 ita
1499 669 1533 696 de
1548 669 1687 697 detestan—

901 716 945 744 dis
954 716 1084 752 operibus
1101 715 1158 744 suis
1177 715 1383 748 erubescentes,
1397 722 1411 741 a
1423 714 1501 742 malis
1515 719 1685 753 revocentur.

938 794 1021 822 Vsus.
1043 793 1086 821 18.
1109 793 1168 820 Νοη
1187 800 1268 828 opera
1297 791 1378 818 modo
1399 792 1489 824 arguit
1513 792 1687 820 extrinsecus

1038 841 1074 874 ia,
1094 840 1141 868 sed
1159 840 1233 874 ipsas
1254 846 1362 874 quoque
1382 845 1480 872 pravas
1496 838 1595 864 mentis
1610 838 1686 872 cogi-

902 889 1018 916 tationes
1034 897 1041 915 :
1058 886 1131 922 quod
1155 886 1252 913 merito
1274 890 1301 913 et
1322 885 1469 913 salubriter
1489 885 1522 911 ad
1541 886 1685 913 utilitatem

902 937 1024 961 nostram
1043 935 1163 968 praestat.
1179 946 1215 951 —-
1228 930 1287 957 Jam
1309 938 1364 957 non
1381 929 1471 957 verbis
1493 930 1580 957 minas
1596 931 1686 957 inten-

902 980 952 1012 dit,
973 986 1050 1006 suam
1064 985 1172 1013 quoque
1193 978 1366 1012 prmsentiam
1385 975 1540 1003 annuntiat.
1560 975 1611 1002 Per
1627 983 1686 1003 om-

903 1025 948 1052 nia
977 1024 1049 1051 enim
1071 1022 1162 1050 studet
1182 1021 1314 1049 Dominus
1343 1024 1372 1048 ut
1396 1022 1482 1048 salvet
1506 1021 1634 1055 populum
1661 1026 1687 1048 et

904 1076 1056 1097 sermonem
1092 1067 1216 1103 perﬁciat
1240 1067 1274 1094 ad
1300 1071 1391 1102 patres
1423 1066 1557 1102 prolatum
1585 1075 1593 1093 :
1623 1066 1685 1093 ideo

903 1120 960 1142 tum
977 1115 1059 1142 minis
1075 1122 1137 1141 cum
1154 1113 1297 1148 promissis
1320 1113 1435 1140 salutem
1455 1113 1522 1148 ipsis
1547 1116 1684 1148 operatur.

904 1160 938 1188 Et
953 1161 1032 1196 paulo
1045 1165 1103 1195 post
1117 1168 1125 1186 :
1142 1159 1242 1186 Eadem
1263 1159 1368 1185 ratione
1377 1158 1420 1185 hic
1437 1165 1546 1193 quoque
1560 1165 1637 1184 suam
1659 1158 1686 1184 in

904 1215 951 1234 eos
966 1206 1174 1242 iuspectionem.
1198 1205 1343 1232 adventum
1359 1211 1438 1231 suum
1460 1203 1617 1236 denuntiat;
1639 1203 1688 1230 de-

904 1252 1013 1279 clarans
1035 1259 1065 1279 se
1087 1258 1133 1278 eos
1154 1249 1187 1277 de
1204 1249 1330 1277 omnibus
1352 1249 1478 1284 gentibus
1506 1253 1688 1284 congregatu-

904 1305 976 1329 rum,
999 1297 1070 1324 inter
1083 1303 1151 1332 quas
1178 1295 1320 1331 degebant,
1337 1302 1452 1330 quarum
1475 1295 1557 1322 etiam
1580 1295 1688 1331 linguas

905 1343 1050 1372 edisceban
1056 1360 1063 1370 .
1626 1353 1630 1355 -

942 1440 1025 1470 Vens.
1038 1438 1083 1469 ~19“.
1097 1447 1175 1469 tuine
1189 1445 1270 1468 etiam
1287 1443 1382 1468 oeatos
1397 1441 1534 1475 apostolos
1555 1446 1688 1470 emisit'm

906 1493 995 1517 totum
1026 1492 1162 1516 terrarum
1187 1487 1280 1514 orbem
1315 1487 1488 1521 perlustrati,
1512 1487 1688 1523 Evangelium

906 1536 948 1563 vel
964 1535 992 1561 in
1006 1533 1135 1561 extremis
1150 1532 1308 1568 regionibus
1324 1532 1514 1567 prmdicarent.

940 1580 1024 1608 Vens.
1050 1579 1096 1606 20.
1125 1578 1174 1606 llic
1200 1585 1286 1613 equos
1312 1578 1470 1614 mulosque,
1495 1581 1522 1606 et
1550 1579 1688 1614 lampenas

904 1630 1047 1658 memorat,
1065 1625 1191 1652 indicans
1218 1624 1446 1659 przestanlissimo
1470 1625 1560 1652 animo
1583 1625 1690 1653 futuras

905 1676 1017 1708 gentes.
1042 1679 1122 1706 quem
1150 1671 1255 1705 primus
1275 1670 1398 1697 exhibuit
1423 1671 1568 1699 eunuchus
1589 1672 1688 1706 regina:

904 1719 1053 1749 Candaces.
1070 1717 1116 1752 qui
1131 1716 1284 1751 Philippum
1300 1724 1383 1743 curru
1398 1724 1448 1743 suo
1462 1717 1546 1744 vexit.

939 1764 1023 1791 Vnus.
1039 1764 1084 1790 25.
1097 1763 1156 1790 Jam
1170 1770 1223 1789 non
1233 1762 1349 1797 amplius
1365 1763 1495 1790 errabunt
1509 1764 1582 1791 circa
1593 1763 1688 1792 Deum.

904 1818 956 1837 nec
970 1810 1064 1836 mundi
1079 1809 1216 1836 illecebris
1238 1808 1321 1835 illecti
1353 1809 1406 1843 ipsi
1425 1813 1554 1844 tanquam
1572 1809 1628 1837 Deo
1647 1810 1690 1837 in-

906 1856 1041 1888 servient;
1067 1855 1115 1883 sed
1138 1862 1198 1882 cum
1215 1853 1330 1882 Domino
1347 1854 1401 1882 Deo
1417 1855 1607 1890 conglutinati,
1623 1863 1689 1883 con-

907 1903 982 1929 tinuo
997 1902 1022 1929 ei
1040 1901 1175 1929 sacriﬁcia
1194 1901 1325 1934 onerent;
1344 1900 1399 1935 jam
1420 1908 1475 1928 non
1502 1905 1543 1928 ter
1563 1902 1645 1929 modo
1660 1902 1687 1929 in

906 1955 1022 1979 annum,
1042 1946 1089 1974 sed
1107 1947 1135 1974 in
1159 1946 1281 1981 singulos
1302 1954 1429 1980 menses,
1459 1947 1542 1981 inque
1567 1947 1688 1983 singulas

906 1991 1087 2020 llebdomades
1103 1991 1343 2026 eougregabuntur
1360 1991 1387 2018 in
1411 1995 1521 2020 sanctas
1543 1993 1686 2020 ecclesias.

906 2037 983 2070 Quin
1008 2037 1074 2069 imo,
1092 2036 1208 2064 ulterius
1230 2036 1310 2063 etiam
1333 2037 1483 2072 progressi,
1510 2045 1560 2065 nec
1576 2038 1621 2066 die
1638 2047 1689 2067 nec

906 2088 987 2111 nocte
1004 2090 1018 2109 a
1035 2083 1110 2110 cultu
1125 2082 1182 2109 veri
1195 2081 1242 2110 Dei
1257 2083 1415 2110 cessabunt.

942 2168 1025 2196 Vens.
1053 2168 1098 2195 24.
1130 2168 1270 2196 Cadaver:
1307 2168 1437 2197 videbunt
1472 2171 1592 2206 gentium
1625 2180 1687 2200 cum

909 2214 1095 2242 Scnnacberib
1117 2214 1249 2242 adversus
1273 2222 1363 2250 regem
1381 2215 1524 2244 Ezeeliiam
1541 2225 1689 2254 congrega—

909 2264 1008 2286 tarum.
1029 2275 1064 2279 -η
1085 2259 1150 2292 Quae
1176 2262 1266 2287 autem
1287 2261 1378 2287 omnia
1393 2261 1642 2291 manifestabuntur
1661 2265 1687 2292 in

907 2305 1044 2332 horrendo
1062 2307 1089 2332 et
1118 2304 1218 2332 illustri
1238 2305 1284 2332 Dei
1301 2305 1429 2339 adventu,
1451 2314 1521 2339 cum,
1539 2314 1688 2336 convocato

908 2353 1094 2377 creaturarum
1116 2349 1238 2376 omnium
1261 2353 1344 2382 cmtu,
1364 2351 1491 2378 omnibus
1509 2352 1689 2388 undequaque

907 2396 1040 2426 collectis.
1059 2395 1177 2431 quisque
1198 2403 1246 2430 pro
1278 2396 1384 2423 meritis
1417 2397 1474 2424 suis
1512 2398 1636 2433 accipiet,
1656 2407 1688 2426 ac

908 2447 968 2468 sors
984 2440 1117 2475 Cujusque
1136 2441 1287 2476 apparebit,
1300 2445 1326 2468 et
1344 2441 1473 2468 videbunt
1489 2450 1551 2470 vere
1568 2451 1686 2471 vermcm

907 2490 1081 2522 peccatorum
1091 2486 1281 2519 immortalem,
1294 2486 1436 2522 ignemque
1452 2495 1544 2515 eorum
1557 2489 1688 2517 inexstin-

906 2531 1053 2567 guibilem;
1086 2531 1138 2558 hoc
1164 2535 1217 2563 est,
1244 2531 1376 2566 judicium
1406 2533 1599 2567 conscientire,
1629 2542 1689 2569 quae

907 2575 980 2602 velut
994 2575 1095 2603 vermis
1111 2575 1273 2603 immortalis
1290 2576 1318 2603 in
1329 2584 1424 2604 eorum
1441 2578 1532 2605 animo
1548 2583 1687 2614 vertetur;

907 2624 934 2648 et
943 2620 1056 2648 torrebit
1070 2621 1152 2648 etiam
1166 2629 1213 2653 eos
1227 2622 1296 2658 ignis
1306 2630 1340 2650 ex
1350 2623 1418 2658 ipsis
1425 2624 1542 2657 elicitus,
1558 2629 1586 2652 et
1601 2627 1689 2653 omni—

907 2667 958 2695 bus
986 2667 1190 2702 conspicientur
1222 2668 1267 2704 qui
1297 2668 1442 2698 Dominum
1467 2672 1689 2708 conditoremque

907 2721 986 2740 suum
1003 2717 1165 2749 agnoscunt.
1268 2716 1271 2717 ⁷
