1920 3070
67 93 122 121 189

607 99 795 130 CONVIVIUM
814 101 929 130 DECEM
947 102 1124 131 VIRGINUM.

1641 101 1692 130 190

67 155 115 181 ut
126 154 180 190 τὴν
195 153 270 181 πόλιν
285 154 333 181 τοῦ
347 155 430 188 Θεοῦ,
449 157 491 189 εἰς
505 157 553 193 τὴν
568 157 676 193 μείζονα
692 160 738 186 καὶ
756 159 856 192 ἐνδοξο-

910 160 1006 188 nacula
1029 160 1163 195 profecti.
1189 159 1222 187 ad
1245 164 1368 188 sanctam
1388 159 1556 188 contendunt
1573 163 1693 193 terram,

65 201 151 236 τέρειν
170 200 358 235 προκόψαντες
377 202 480 238 χαρὰν,
498 202 586 235 καθὼς
600 204 646 230 καὶ
660 206 683 231 οἱ
708 205 786 232 τύποι
802 214 863 232 συν-

69 247 192 278 ιστᾶσιν,
207 247 232 273 οἱ
255 248 399 281 γεγονότες
421 249 470 276 ἐπὶ
501 249 641 276 Ἰουδαίων.
672 250 773 286 ’Ὠσπερ
789 251 861 288 γὰρ,

68 292 227 324 ἐξελθόντες
244 293 297 319 τῶν
310 293 381 328 ὅρων
397 295 510 321 ἐκείνων
520 295 568 330 τῆς
582 295 730 329 Αἰγύπτου,
743 296 862 324 ὥδευσαν

69 338 194 373 πρῶτον,
215 339 264 365 καὶ
285 337 367 374 ἦλθον
384 340 424 371 εἰς
441 340 491 372 τὰς
507 340 626 375 Σκηνὰς,
644 342 769 368 κάκεῖθεν
792 342 863 368 ἀπά-

68 393 170 420 ραντες
195 385 287 417 πάλιν,
305 384 387 420 ἦλθον
410 387 451 418 εἰς
470 387 518 422 τὴν
541 388 593 422 γῆν
613 388 662 423 τῆς
681 387 860 421 ἐπαγγελίας·

66 430 141 456 οὕτω
169 430 203 465 δὴ
229 431 277 457 καὶ
302 433 393 466 ἡμεῖς,
419 433 566 460 Ὁδεύσασα
589 434 643 469 γὰρ
667 434 790 461 ἐντεῦθεν
817 435 863 462 καὶ

64 476 218 508 ἐξελθοῦσα
228 477 308 511 κάγὼ
319 478 368 512 τῆς
378 478 515 512 Αἰγύπτου
527 479 619 506 τούτου
634 480 681 506 τοῦ
700 481 768 515 βίου,
787 481 863 516 ἔρχο-

66 530 117 556 μαι
133 521 248 556 πρῶτον
263 522 305 553 εἰς
323 522 371 558 τὴν
385 523 540 556 ἀνάστασιν,
558 525 607 560 τὴν
623 525 750 561 ἀληθινὴν
765 526 863 560 Σκηνο-

66 566 190 600 πηγῖαν·
207 567 289 593 κάκεῖ
302 569 358 599 τοῖς
382 570 495 604 καρποῖς
512 569 560 604 τῆς
579 570 678 606 ἀρετῆς
692 570 800 606 πήξασα
813 570 862 605 τὴν

65 613 178 647 σκηνήν
199 621 251 647 μου
279 615 507 650 κεκοσμημένην,
522 617 554 651 τῇ
581 615 676 652 πρώτῃ
696 617 746 652 τῆς
766 617 862 652 ἑορτῆς

64 659 250 691 ἀναστάσεως
265 660 366 696 ἡμέρᾳ,
384 662 416 696 τῇ
433 662 531 696 κρίσει,
550 663 719 697 συνεορτάζω
739 663 777 698 τῷ
796 664 862 698 Χρι-

66 704 123 739 στῷ
142 705 196 740 τὴν
211 706 445 743 χιλιονταετηρίδα
463 709 512 744 τῆς
529 709 715 741 ἀναπαύσεως,
730 709 779 741 τὰς
793 710 862 736 ἑπτὰ

63 751 244 786 καλουμένας
259 753 385 788 ἡμέρας,
404 753 438 780 τὰ
455 754 576 781 σάϐϐατα
602 754 636 782 τὰ
656 755 780 790 ἀληθινὰ.
796 755 862 783 Εἶτα

64 794 149 827 αὖθις
183 798 307 833 ἑπομένη
331 798 368 834 τῷ
397 799 585 834 ἃιεληλυθότι
615 802 686 834 τοὺς
716 802 861 836 οὐρανοὺς

72 841 175 876 Ἰησοῦ,
194 842 313 879 ἔρχομαι
334 845 424 877 πάλιν,
440 845 564 882 καθάπερ
581 847 710 880 κάκεῖνοι,
729 848 796 882 μετὰ
812 849 860 884 τὴν

65 888 225 915 ἀνάπαυσιν
242 890 294 925 τῆς
308 891 506 928 Σκηνοπηγίας,
520 894 560 925 είς
575 893 623 929 τὴν
640 894 691 929 γῆν
708 895 757 930 τῆς
774 896 861 929 ὲπάγ-

66 935 178 968 τελιας.
195 937 262 968 τοὺς
277 937 425 972 οὐρανοὺς,
445 939 474 965 ὲν
488 941 600 974 σκηναῖς
617 939 654 975 μὴ
671 941 842 976 ἀπομείνασα
853 961 859 973 ,

68 981 194 1007 τουτέστι
227 982 275 1008 τοῦ
306 982 484 1018 σκηνώματός
510 993 560 1019 μου
597 985 635 1020 μὴ
667 986 862 1020 ἀπομείναντος

68 1029 209 1056 τοιούτου·
231 1030 300 1057 ἀλλὰ
317 1031 384 1066 μετὰ
405 1031 453 1067 τὴν
475 1032 706 1069 χιλιονταετηρίδα
727 1034 861 1070 μεταϐλη-

71 1074 163 1107 θέντος
178 1076 237 1102 ἀπὸ
260 1077 308 1103 τοῦ
323 1079 371 1113 σχή
376 1086 461 1113 ματος
484 1078 530 1104 τοῦ
554 1078 722 1114 ἀνθρωπίνου
749 1080 796 1106 καὶ
811 1079 860 1114 τῆς

69 1121 171 1156 φθορᾶς
185 1122 255 1157 (47),
274 1123 313 1153 εὶς
327 1123 470 1157 ἀγγελικὺν
486 1124 597 1159 μέγεθος
609 1125 656 1151 καὶ
670 1124 766 1156 κάλλος
775 1133 782 1139 ·
795 1125 861 1152 ἔνθα

69 1168 158 1194 λοιπὸν
170 1168 233 1194 ἀπὸ
246 1168 301 1195 τοῦ
309 1169 483 1203 θαυμαστοῦ
495 1170 549 1202 τῆς
559 1170 678 1205 σκηνῆς
692 1172 719 1197 αἱ
732 1171 860 1206 παρθένοι

70 1215 180 1245 τόπου,
213 1215 284 1249 μετὰ
300 1214 330 1241 τὺ
362 1216 587 1251 συμπερασθῆναι
615 1217 665 1252 τὴν
693 1217 788 1253 ἑορτὴν
811 1218 861 1253 τῆς

71 1261 259 1294 ἀναστάσεως,
274 1263 316 1292 εὶς
338 1261 372 1288 τὰ
388 1261 473 1297 μείζω
492 1263 539 1289 καὶ
554 1263 669 1298 κρείττω
687 1263 859 1299 διερχόμεθα,

71 1307 110 1338 sic
125 1306 180 1333 τὸν
205 1305 292 1333 aliter
313 1307 407 1334 αὑτὸν
432 1308 623 1335 ἀναϐαίνουσαι
645 1309 689 1335 τὸν
705 1310 775 1344 ὑπὲρ
798 1310 860 1341 τοὺς

70 1351 201 1388 οὐρανοὺς
224 1352 280 1379 τοῦ
304 1354 388 1385 Θεοῦ,
413 1354 448 1380 ἐν
471 1353 555 1388 φωνῇ
580 1355 786 1389 ἀγαλλιάσεως
811 1356 859 1382 καὶ

71 1398 329 1433 ἑξομολογήσεως,
344 1399 442 1434 ἤχους
456 1400 643 1435 ἐορτάζοντος
653 1422 659 1433 ,
673 1402 762 1434 καθώς
779 1411 859 1439 φησιν

71 1446 84 1470 ὁ
102 1445 263 1481 ψαλμῳδός.
286 1446 379 1481 Τούτῳ
407 1446 502 1481 κάγὼ,
528 1444 550 1474 ὦ
581 1448 692 1483 Ἀρετὴ,
714 1449 785 1475 κατὰ
810 1449 860 1485 τὴν

912 206 998 234 donec
1015 207 1063 233 illo
1078 206 1223 237 evaserint.
1238 211 1268 233 ut
1283 206 1310 233 in
1328 207 1457 241 templum
1481 206 1581 241 Deique
1595 206 1693 233 civita-

912 256 964 279 tem
990 252 1191 287 ingrediantur;
1220 252 1253 279 ad
1283 252 1371 287 majus
1396 253 1500 279 scilicet
1528 253 1693 287 majorisque

913 299 1046 326 claritatis
1060 299 1187 334 gaudium
1203 300 1373 334 proﬁcientes
1384 319 1390 330 ,
1418 299 1490 325 sicut
1505 298 1595 333 figurae
1622 299 1694 325 indi-

913 349 975 372 cant
987 353 1046 380 quae
1064 346 1090 372 in
1109 345 1208 374 Judmis
1228 346 1302 381 prius
1325 349 1530 380 praecesserunt.
1558 345 1693 378 Quemad-

912 390 1021 418 modum
1036 391 1108 418 enim
1125 390 1250 418 lsraelitae
1261 399 1292 418 ex
1303 390 1410 426 {Egypti
1426 391 1523 417 finibus
1535 391 1587 417 illis
1601 398 1692 424 egres-

913 436 946 467 si,
959 441 1084 471 suscepto
1099 437 1216 471 primum
1239 438 1344 468 itinere,
1360 438 1387 463 in
1408 436 1594 463 Tabernacula
1616 435 1693 471 (Soc-

913 481 971 508 ι-οιΙι
992 481 1096 509 Hebraei
1113 482 1220 517 vocant)
1248 486 1380 509 venerunt
1395 482 1434 514 ",
1454 482 1571 516 hincque
1595 488 1693 508 rursus

913 526 1036 561 profecti,
1054 531 1185 554 venerunt
1204 527 1230 554 in
1253 534 1353 554 terram
1375 527 1586 562 promissionis:
1605 527 1642 553 ita
1666 530 1693 554 et

913 581 972 600 nos.
987 572 1053 600 Nam
1069 578 1096 600 et
1112 581 1162 608 ego
1183 574 1234 600 iter
1259 574 1372 605 habens,
1392 581 1480 608 exque
1494 573 1588 601 mundi
1610 573 1693 606 hujus

913 619 1029 655 [Egypto
1045 627 1165 654 egressa,
1181 619 1259 646 venio
1273 619 1390 654 primum
1402 619 1435 645 ad
1453 619 1692 649 resurrectionem,

912 673 971 700 qua
987 673 1047 692 vera
1062 664 1229 699 Scenopegia
1245 668 1305 692 est:
1325 669 1351 691 et
1376 665 1411 692 ibi
1437 665 1569 692 fructibus
1585 664 1694 691 virtutis

912 715 1049 738 exstructo
1081 711 1256 745 speciosequc
1290 714 1387 737 ornato
1415 711 1591 737 tabernaculo
1618 717 1693 743 meo,

912 757 999 791 prima
1019 756 1079 783 festi
1095 756 1302 784 resurrectionis
1317 755 1370 787 die,
1386 764 1446 790 qme
1459 755 1517 783 dies
1533 761 1574 783 est
1586 756 1693 790 judicii,

913 803 994 830 simul
1013 811 1074 829 cum
1088 802 1197 830 Christo
1212 803 1392 829 millenarium
1409 810 1542 829 annorum
1569 803 1672 837 requiei
1685 823 1693 834 ,

913 849 1034 882 celebro;
1053 856 1112 883 qua:
1133 853 1235 883 septem
1255 848 1383 875 dicuntur
1399 849 1467 880 dies,
1482 856 1546 875 vera
1565 848 1694 875 nimirum

913 893 1039 922 Sabbata.
1065 894 1130 922 Inde
1149 902 1245 922 rursus
1260 894 1323 921 Jrsu
1343 902 1450 927 comes,
1480 895 1524 929 qui
1550 894 1694 926 penetravit

911 942 988 968 caelos
1002 942 1024 956 ⁸⁷
1037 943 1078 974 (ut
1093 945 1119 968 et
1136 941 1172 967 illi
1188 945 1247 975 post
1266 942 1440 976 Scenopegia:
1459 941 1580 975 requiem
1596 941 1623 967 in
1641 945 1696 967 ter-

911 995 967 1014 ram
979 988 1179 1021 promissionis)
1192 988 1218 1014 in
1232 989 1315 1016 caelos
1333 988 1422 1019 venio,
1440 995 1492 1013 non
1506 994 1650 1014 remanens
1665 987 1694 1013 in

910 1033 1104 1065 tabernaculis,
1118 1033 1169 1060 hoc
1181 1037 1232 1064 est,
1254 1041 1307 1060 non
1321 1036 1475 1060 remanente
1492 1040 1551 1059 meo
1568 1040 1693 1066 corpore.

910 1081 989 1116 quale
1004 1081 1080 1116 prius
1103 1085 1179 1108 erat:
1201 1079 1248 1107 sed
1265 1085 1325 1115 post
1340 1080 1412 1106 mille
1426 1087 1558 1106 annorum
1575 1079 1693 1113 spatium

911 1131 1024 1159 mutato,
1041 1135 1074 1154 ex
1088 1127 1198 1154 humani
1216 1126 1303 1153 forma
1318 1125 1441 1160 corporis
1459 1129 1486 1151 et
1498 1125 1673 1159 corruptione
1684 1143 1692 1156 ,

910 1173 938 1200 in
948 1173 1096 1208 angelicam
1112 1173 1210 1200 molem
1224 1176 1250 1200 et
1262 1172 1490 1207 pulchritudinem
1504 1180 1510 1198 :
1528 1171 1572 1198 ubi
1585 1171 1693 1198 demum

911 1226 961 1246 nos
976 1219 1094 1253 virgines
1119 1227 1134 1245 a
1161 1218 1220 1245 loco
1244 1217 1407 1244 tabernaculi
1423 1217 1605 1248 admirabilis,
1629 1224 1694 1243 con-

911 1268 1045 1292 summato
1060 1264 1116 1299 jam
1129 1265 1336 1292 resurrectionis
1349 1263 1427 1295 festo.
1443 1263 1476 1290 ad
1488 1263 1590 1298 majora
1601 1267 1628 1290 et
1639 1270 1696 1291 me-

910 1310 977 1337 liora
991 1310 1178 1341 transibimus,
1193 1310 1219 1336 in
1237 1310 1320 1343 ipsam
1337 1309 1444 1336 domum
1460 1308 1508 1335 Dei
1525 1308 1693 1343 supractele-

910 1360 978 1384 stem
999 1356 1186 1386 ascendentes.
1206 1356 1232 1382 in
1247 1364 1306 1383 voce
1313 1355 1496 1382 exsultationis
1511 1360 1534 1381 et
1548 1354 1691 1389 confessio-

910 1403 962 1434 nis,
976 1403 1034 1429 soni
1051 1402 1218 1436 festivitatem
1243 1402 1353 1436 agentis,
1369 1406 1398 1428 ut
1420 1400 1580 1427 Psalmodus
1596 1401 1634 1427 ait
1658 1400 1691 1427 ".

911 1448 966 1476 Hoc
981 1449 1039 1483 ipsa
1054 1456 1173 1483 quoque,
1185 1456 1201 1476 ο
1216 1448 1326 1475 domina
1340 1449 1430 1479 Arete,
1448 1447 1631 1481 qualicunque
1643 1447 1696 1476 ela-

71 1491 210 1526 ἐμαυτῆς,
245 1491 392 1524 δέσποινα,
425 1491 554 1528 δύναμιν,
588 1493 725 1529 δωροῦμαι
759 1502 789 1520 σε
821 1495 856 1530 τῷ

911 1495 1036 1523 boratum
1049 1495 1190 1529 facultate,
1208 1502 1257 1530 pro
1269 1502 1379 1522 munere
1393 1494 1499 1529 peplum
1514 1493 1608 1521 oﬂ’ero.

72 1536 174 1571 πέπλῳ.

103 1614 127 1630 ⁸⁵
144 1613 231 1642 Num.
256 1623 338 1648 xxxv,
360 1615 386 1642 5.

104 1704 160 1738 (Π)
183 1705 242 1732 Καὶ
264 1704 320 1738 τῆς
341 1704 463 1739 φθορᾶς.
491 1704 602 1732 Videtur
630 1705 783 1733 Methodius
811 1706 857 1733 ad-

72 1739 176 1767 mittere
189 1741 232 1767 sic
248 1741 441 1768 suscitatornm
456 1745 612 1767 sanctorum
628 1749 742 1775 corpora
756 1740 856 1768 nedum

74 1775 216 1804 malorum.
244 1776 413 1809 eorruptioni
431 1775 546 1802 obnoxia
559 1796 565 1807 ,
582 1780 609 1802 et
628 1776 745 1802 humana
770 1776 856 1802 forma

73 1816 129 1842 qua:
149 1810 178 1836 in
200 1810 351 1845 angelicam
368 1810 482 1837 formam
500 1810 629 1837 mutanda
641 1811 705 1844 sint,
720 1814 857 1838 transacto

73 1845 237 1878 septenario,
251 1849 279 1873 et
294 1853 355 1871 cum
373 1847 399 1871 in
416 1851 546 1873 secretam
561 1845 608 1872 Dei
622 1846 711 1873 aulam
725 1846 762 1879 (id
773 1849 814 1873 est
829 1846 856 1872 in

74 1880 164 1915 cwlos)
181 1880 361 1915 recipientur.
374 1880 440 1913 Quae
457 1888 512 1907 non
533 1881 600 1907 satis
615 1881 750 1908 cobzerere
762 1881 856 1908 viden—

75 1919 115 1953 tur
129 1922 191 1941 cum
207 1915 446 1953 superioribus,_et
458 1923 537 1953 nova_
537 1915 582 1942 illa
594 1919 674 1953 atque
685 1915 858 1953 ὰλύτιροποςι-

75 1950 153 1981 tione,
171 1954 202 1976 ut
214 1950 272 1984 jam
287 1950 493 1986 explicavimus.
517 1950 550 1977 Et
569 1950 644 1978 certe
658 1958 719 1986 qua:
739 1951 775 1977 ibi
793 1958 855 1977 cor-

76 1987 169 2020 ruptio,
183 1993 247 2011 cum
259 1985 340 2012 nulla:
353 1985 409 2020 jam
426 1990 504 2012 erunt
517 1985 706 2020 generationes
718 2005 725 2016 .
743 1986 780 2012 uti
798 1987 856 2020 ipse

76 2019 225 2047 Methodius
252 2019 365 2052 indicat,
381 2021 428 2047 sed
442 2019 548 2048 summa
563 2023 682 2055 requies,
696 2021 725 2047 in
743 2020 796 2048 illis
809 2019 854 2054 Qui

76 2063 103 2081 ea
117 2056 210 2089 requie
228 2055 303 2090 digni
317 2059 398 2082 erunt
410 2055 420 2082 ?
433 2063 547 2090 quorum
559 2055 711 2083 felicitatem
722 2056 855 2090 abjectius

77 2090 139 2116 forte
152 2098 185 2117 ex
202 2098 253 2118 usu
275 2090 355 2125 quasi
385 2091 503 2117 humano
531 2090 663 2118 intellexit
690 2090 852 2123 Methodius,

77 2125 184 2152 necdum
198 2125 253 2153 illis
269 2126 341 2152 bona
356 2125 478 2153 caelestia
494 2126 660 2156 consecutis,
673 2130 719 2152 aut
736 2126 854 2152 Deieon-

78 2165 164 2194 spectu
181 2160 303 2194 donatis,
318 2161 390 2195 quod
416 2161 481 2188 fides
508 2168 562 2187 non
584 2161 702 2188 admittit
718 2170 725 2188 :
742 2168 804 2187 cum
820 2161 855 2187 sit

78 2195 117 2222 ille
131 2200 289 2222 sanctorum
305 2201 404 2228 eteius,
419 2203 471 2222 non
491 2196 533 2223 cui
547 2196 667 2223 bmrcant
682 2199 855 2230 peccatorqu

78 2230 175 2262 sordes,
188 2238 237 2264 per
247 2239 294 2258 eas
309 2231 393 2258 ferias
404 2231 551 2265 expiandae.
565 2231 686 2265 Denique
699 2231 766 2257 dura
778 2238 856 2264 pror-

78 2273 121 2292 sus
143 2266 307 2301 propositio,
325 2266 393 2292 Ἀπὸ
408 2265 454 2293 τοῦ
471 2268 609 2301 σχήματος
625 2266 671 2292 τοῦ
686 2266 854 2301 ἀνθρωπίνου

78 2301 119 2326 καὶ
133 2300 236 2335 φθορᾶς
254 2302 293 2332 εἰς
305 2301 449 2334 ἀγγελικὴν
463 2300 575 2336 μέγεθος
593 2301 638 2328 καὶ
653 2301 757 2331 κάλλος.
776 2300 856 2328 Certe

79 2343 141 2370 aegre
157 2336 319 2370 intelligitur
342 2337 443 2363 abolita
466 2337 576 2363 humani
600 2336 723 2371 corporis
755 2336 853 2368 forma,

79 2371 188 2397 transire
201 2372 228 2397 iu
246 2371 398 2405 angelicam
409 2371 621 2406 magnitudinem
634 2376 660 2398 et
670 2371 778 2401 molem,
788 2371 855 2404 quin

79 2406 212 2433 abolentur
223 2407 317 2433 carnis
334 2406 392 2440 ipsa
407 2407 568 2438 substantia|
583 2411 609 2434 et
625 2406 670 2432 fiat
684 2414 785 2441 corpus
802 2406 854 2432 bu-

79 2448 192 2471 manum,
212 2441 294 2475 quale
309 2441 393 2476 prisci
408 2441 456 2473 illi,
468 2443 613 2476 pluresque
628 2441 684 2472 alii,
700 2442 854 2476 angelicum

79 2476 313 2512 existimaverunt;
331 2484 430 2510 corpus
450 2477 529 2503 ᾰῡλον
544 2482 572 2504 et
589 2477 729 2512 spiritale;
757 2484 854 2512 nempe

80 2511 290 2547 subtilissimum,
306 2519 368 2538 aere
376 2519 445 2545 puro
460 2512 593 2546 igneoque
601 2511 770 2543 concretum,
780 2511 854 2547 quod

81 2546 158 2580 ipsum
175 2550 259 2573 tanta!
278 2547 371 2577 molis,
390 2550 416 2573 et
427 2555 508 2581 supra
522 2547 668 2574 humanam
684 2548 782 2574 molem
799 2547 854 2573 Me-

81 2581 178 2618 thodius
192 2582 311 2618 voluerit
329 2591 336 2608 :
352 2581 399 2616 qui
410 2581 481 2609 forte
499 2590 576 2609 error
595 2582 650 2618 rl'uit
664 2582 788 2618 Eutyehii
806 2590 854 2617 pa-

81 2617 195 2652 triarchze
219 2617 527 2652 Constantinopolitani,
545 2625 577 2644 ex
595 2617 638 2645 his
651 2618 718 2652 ipsis
734 2618 853 2645 fontibus

82 2651 192 2685 haustus,
206 2660 221 2678 a
237 2660 293 2688 quo
307 2653 455 2687 Gregorius
482 2651 631 2683 Romanus,
647 2651 794 2688 hominem,
813 2654 855 2687 ip-

82 2695 131 2714 sum
145 2688 298 2716 sanctitatis
309 2689 370 2715 luce
383 2688 497 2719 clarum,
513 2688 657 2715 revocavit.
670 2687 734 2714 Esto
749 2695 781 2715 ea
798 2688 854 2715 sint

83 2725 224 2758 angelomm
245 2731 375 2757 corpora,
402 2724 473 2757 quod
489 2727 515 2750 et
531 2721 649 2749 Joannes
678 2722 853 2750 Thessaloni-

84 2759 158 2786 censis
172 2760 199 2786 in
216 2767 254 2785 vn
270 2759 379 2793 synodo
392 2759 488 2790 sensit,
509 2761 590 2792 atque
608 2758 670 2784 lnnc
683 2758 761 2792 pictis
778 2759 853 2784 colo-

84 2793 153 2829 ribus,
167 2794 365 2829 reprzesentari
383 2800 463 2828 posse
479 2794 590 2829 angelos
599 2795 704 2829 statuit,
721 2793 851 2829 necclare

85 2827 342 2858 hactenus-Ecclesia
358 2827 529 2863 orOscripsit,
548 2828 607 2863 ipso
623 2827 739 2856 Doctore
762 2827 850 2863 Auge-

425 1616 447 1631 "
464 1615 545 1644 Henr.
561 1624 597 1650 iv,
616 1616 659 1643 14.
693 1616 717 1632 ⁸⁸
730 1615 808 1644 Ρεαι.
825 1623 882 1649 xu,
899 1616 927 1645 5.

911 1705 964 1732 lico
976 1709 1087 1732 auctore
1110 1705 1136 1732 in
1167 1704 1337 1740 expositione
1363 1712 1370 1730 ι
1395 1703 1512 1740 Decret.,
1530 1701 1602 1740 unde
1616 1701 1694 1740 quod

911 1741 1030 1768 humana
1046 1748 1160 1774 corpora
1175 1738 1224 1774 pro
1241 1740 1348 1766 illorum
1366 1739 1434 1766 mole
1448 1738 1583 1765 fundenda
1599 1738 1654 1774 sint
1667 1741 1694 1764 et

910 1775 1058 1803 dilatanda.
1073 1772 1158 1802 Erunt
1172 1772 1285 1811 quidem
1306 1775 1427 1811 illa‘suis»
1444 1773 1554 1811 dotibus
1571 1772 1692 1811 praedita,

910 1810 1029 1844 subtilia,
1048 1811 1139 1845 agilia,
1166 1808 1197 1836 ac
1220 1811 1243 1837 si
1259 1810 1338 1845 libet,
1353 1808 1430 1836 Pauli
1446 1808 1547 1845 phrasi,
1573 1808 1694 1845 τὲνενμα-

909 1846 983 1878 τικά,
999 1843 1109 1880 corpora
1123 1846 1283 1880 spiritualia,
1301 1844 1308 1870 l
1326 1844 1388 1871 Cor.
1403 1852 1446 1880 xv,
1461 1843 1508 1870 sed
1520 1843 1622 1880 integra
1634 1843 1694 1868 illo-

909 1888 969 1907 rum
991 1878 1155 1912 substantia,
1174 1889 1237 1907 vere
1253 1880 1310 1914 ipsa
1326 1879 1455 1905 carnibus
1481 1878 1647 1914 rossihusque
1661 1885 1694 1908 ac

909 1915 1071 1943 humoribus
1083 1920 1220 1946 concreta,
1240 1913 1367 1948 nulloque
1392 1914 1446 1947 jam
1462 1913 1534 1944 cibo.
1560 1917 1588 1939 ut
1609 1913 1692 1938 vitam

909 1955 1048 1982 tueantur,
1068 1950 1283 1979 staluminanda.
1308 1956 1389 1982 quam
1414 1948 1484 1975 forte
1509 1948 1617 1974 illorum
1633 1954 1694 1972 cor-

909 1986 1062 2020 ruptionem
1088 1986 1238 2012 arbitratus
1250 1989 1291 2011 est
1318 1983 1480 2020 Methodius,
1499 1983 1617 2020 pro‘illo
1642 1989 1693 2020 suo

909 2017 1075 2048 sabbatismo
1088 2025 1114 2046 et
1126 2020 1276 2047 millenaria
1289 2019 1383 2053 requie
1397 2019 1423 2044 in
1439 2021 1521 2045 terra.
1540 2017 1572 2043 Et
1589 2020 1663 2053 certe
1670 2017 1693 2043 si

909 2056 997 2082 adhuc
1014 2055 1186 2082 necessarius
1199 2054 1252 2081 illis
1262 2051 1349 2084 cibus,
1363 2053 1476 2080 necdum
1489 2052 1567 2087 plene
1581 2051 1692 2086 depulsa

908 2090 1058 2124 corruptio,
1086 2090 1201 2116 necdum
1224 2089 1377 2124 corporum
1396 2088 1536 2124 beatorum
1553 2087 1691 2113 attributa

908 2123 998 2156 dotes,
1026 2125 1114 2151 adhuc
1131 2125 1171 2152 vel
1189 2123 1297 2158 frugum
1313 2123 1355 2150 vel
1373 2123 1550 2149 animantium
1579 2129 1693 2155 genera-

908 2161 1007 2190 tiones.
1024 2161 1095 2187 undc
1111 2167 1159 2193 pro
1175 2167 1207 2186 eo
1222 2163 1294 2186 statu
1315 2159 1368 2185 illis
1394 2158 1553 2184 sulliciatnr.
1578 2159 1691 2189 Arrepta

910 2196 992 2223 semel
1009 2192 1120 2222 humani
1150 2202 1246 2221 sensus
1276 2193 1524 2230 simplicitateejns
1539 2192 1694 2230 status_(_ipi-

910 2231 1002 2261 nione,
1019 2238 1049 2257 ea
1066 2231 1124 2264 ipsa
1141 2230 1260 2263 proclive
1274 2225 1421 2254 fuit—multa
1442 2225 1693 2264 divinai'e,_qtlil)us

908 2273 959 2293 nos
976 2260 1089 2292 selidioi'
1098 2260 1231 2299 theologia
1239 2264 1353 2300 exemit;
1370 2270 1429 2297 quae
1440 2261 1603 2300 neeangelis
1613 2260 1693 2300 aliain

908 2301 1010 2327 tribuat
1025 2300 1122 2326 molem
1140 2297 1220 2334 quam
1233 2299 1352 2330 virtutis,
1366 2298 1474 2334 quireis
1486 2297 1578 2334 liceat,
1592 2297 1691 2334 majori

909 2335 1042 2362 minorive
1063 2329 1157 2369 spatio.
1167 2333 1313 2370 applicari;
1344 2329 1393 2359 nec
1421 2332 1544 2358 homines
1559 2338 1574 2370 ξι
1589 2329 1694 2364 judicio

908 2371 1044 2401 admittat,
1077 2369 1129 2396 nisi
1159 2373 1206 2396 aut
1232 2369 1326 2395 beatos
1352 2370 1508 2400 corporeet
1525 2369 1616 2392 animo
1630 2371 1693 2390 cum

908 2406 1017 2432 Christo
1027 2408 1181 2440 regnantes,
1195 2404 1273 2440 eique
1283 2403 1404 2440 inqcualis
1420 2401 1549 2440 asseclas,
1571 2404 1619 2440 aut
1630 2406 1692 2424 cum

908 2441 1017 2468 diabolo
1032 2436 1174 2474 et'angelis
1198 2436 1258 2472 ejus
1283 2437 1395 2474 inferno
1414 2436 1551 2474 addictos,
1569 2436 1693 2468 utrisque

908 2477 963 2503 vita
979 2472 1137 2503 insolubili:
1151 2475 1175 2502 si
1189 2478 1279 2500 tamen
1299 2472 1354 2499 vita
1370 2472 1607 2501 dicenda,e0rum,
1623 2476 1693 2502 quos

908 2511 945 2538 ibi
959 2519 1032 2539 mors
1047 2511 1185 2545 depascet,
1197 2506 1598 2545 ipsarinunortalisnullumque
1612 2504 1692 2545 linem

907 2547 1033 2573 habitura
1060 2541 1182 2573 miserim
1208 2541 1388 2579 Ἃνθρώπινον
1413 2541 1505 2579 σχῆμα
1535 2541 1692 2579 oppositum

909 2583 1039 2616 angelicae
1054 2581 1118 2608 moli
1135 2584 1161 2606 et
1183 2577 1374 2616 magnitudini,
1393 2577 1534 2616 nes_c_i_o_an
1552 2578 1693 2616 apte‘satis

909 2611 1028 2643 Ιιαῦὶιιιηι
1043 2616 1197 2645 humanum,
1214 2611 1370 2648 superiores
1398 2611 1580 2644 reddiderint,
1597 2612 1624 2636 et
1639 2616 1693 2634 non

907 2651 1134 2683 clarius,humuni
1148 2650 1262 2682 corporis
1275 2648 1465 2683 forma(t0tum
1478 2648 1565 2681 ipsum
1580 2651 1690 2683 corpus,

896 2687 987 2721 -quale
1013 2678 1202 2721 hominisest,
1218 2678 1281 2710 ante
1296 2691 1355 2710 eam
1372 2678 1550 2721 inuitatioheiii
1569 2688 1601 2720 ac
1614 2678 1692 2721 quasi

907 2715 990 2749 totius
1006 2721 1122 2748 hominis
1134 2720 1248 2752 θέωσιν)
1267 2726 1282 2744 a
1298 2726 1339 2745 me
1355 2718 1489 2744 redditum
1513 2715 1548 2742 sit
1566 2724 1574 2752 ;
1596 2715 1693 2752 in_qua

907 2765 960 2783 non
992 2757 1070 2784 video
1088 2759 1116 2783 ut
1142 2749 1293 2783 Methodius
1316 2761 1370 2780 non
1395 2751 1597 2780 exorbitaverit.
1621 2749 1693 2777 Cott-

908 2800 992 2820 BEFIS.
