1920 3070
209 77 263 106 {99

208 137 282 165 Deus
292 137 343 164 hos
360 144 469 172 quoque
480 136 507 164 in
524 137 612 164 caedes
629 142 740 165 mutuas
755 138 877 169 tradidit,
901 137 992 174 tugas-
1006 142 1027 169 Α

208 191 262 219 que
279 191 309 210 ac
324 186 497 218 captivitates
523 193 530 210 :
553 184 612 219 lege
635 192 694 220 ipsa
709 185 788 220 quasi
804 185 939 213 sentiente
961 192 994 212 ac

209 228 323 260 fatente,
338 237 368 256 se
379 229 433 256 illis
447 229 562 256 salutem
574 233 704 264 praestare
717 238 772 257 non
788 238 879 265 posse.
892 229 994 264 Nempe

209 275 288 302 malis
303 276 388 303 attriti
401 280 481 311 atque
496 276 599 307 alllicti,
618 276 726 311 lugubri
737 281 814 312 gestu
827 284 858 303 ac
870 276 992 310 planctu,

209 320 308 348 iterum
331 329 361 349 se
393 322 530 350 mandatis
565 322 745 350 obsecuturos
777 322 992 357 pollicebamur;

209 368 298 402 quoad
314 367 385 395 Deus
399 373 527 403 quartum
547 369 692 396 miseratus
715 369 863 400 hominem,
883 368 995 395 castita-

208 417 264 441 tem
277 421 363 449 regno
376 415 522 450 potituram
537 416 646 451 legavit,
666 423 746 450 quam
774 414 915 450 Scriptura
927 422 995 442 con-

210 465 356 495 sequenter
372 462 516 489 rhamnum
531 463 708 497 nuncupavit.
722 461 784 488 llaec
800 461 887 496 rigide
903 465 995 488 auste-

209 515 292 542 reque
319 508 472 543 absumptis
497 509 683 543 voluptatibus
699 507 780 535 etiam
799 507 992 538 comminatur.

209 554 263 581 nisi
275 554 299 581 ei
313 562 409 582 omnes
427 555 614 582 indubitanter
629 555 770 585 obediant,
792 559 820 582 et
835 554 862 580 in
881 553 995 580 veritate

210 600 242 628 ad
260 601 345 635 ipsam
361 602 501 632 accedant.
526 601 582 637 igni
599 605 823 636 consumpturam
839 601 993 627 universos.

209 647 271 674 Non
288 647 360 674 enim
373 647 453 674 aliam
466 652 560 682 postea
578 648 698 675 futuram
715 648 801 682 legem
825 650 873 673 aut
893 645 996 672 doctri-

210 700 284 724 nam,
301 693 347 720 sed
362 693 495 727 judicium
507 698 533 721 ct
545 694 645 729 ignem.
659 693 697 720 Ea
708 692 996 726 denuntiationejuste

209 739 339 774 deinceps
366 739 447 767 homo
472 748 551 775 agere
570 740 663 775 coepit,
685 744 712 767 et
734 739 788 766 Deo
807 738 920 766 lirmiter
936 745 996 765 cre-

209 785 274 813 dere
291 795 374 821 seque
386 794 400 813 a
416 786 525 814 diabolo
538 787 694 822 alijungere.
711 785 757 813 Sic
775 786 950 813 utilissimum
963 792 995 812 ac

210 832 331 860 salutare
355 831 426 860 Deus
448 832 605 859 hominibus
632 832 706 859 misit
732 832 874 865 auxilium,
899 839 996 866 nempe

210 879 378 906 castitatem.
404 878 539 905 Nimirum
561 885 615 905 una
641 878 698 906 haec
721 881 774 909 est,
795 885 876 913 quam
894 877 994 904 imitari

208 929 268 952 arte
280 925 349 952 mala
367 925 482 960 ejusque
498 924 624 960 cllingcre
650 925 830 952 simulacrum
853 924 886 951 ad
914 924 995 951 sedu-

208 971 336 1001 cendum.
349 971 476 998 diabolus
493 971 605 998 minime
622 971 720 1006 potuit,
743 970 815 998 sicut
836 970 865 998 in
880 970 942 997 aliis
956 970 994 997 lc-

209 1017 288 1052 g-ibus
301 1025 360 1044 sese
377 1024 421 1044 res
438 1017 582 1044 babuerat.

684 77 713 105 S.
735 76 902 106 METHODII
923 76 1078 105 EPISCOP!
1100 77 1142 105 ET
1165 76 1346 106 MARTYRIS

1776 77 1854 107 200

1043 139 1236 175 ἀλληλοφονίας
1257 140 1303 166 καὶ
1317 140 1455 174 δρασμοίις
1474 139 1521 166 καὶ
1541 140 1728 175 αἰχμαλωσίας
1745 139 1856 175 παρέ-

1042 185 1112 212 δωκε
1129 186 1175 213 καὶ
1185 186 1305 218 τούτους,
1326 187 1539 221 ἀποδοξήσαντος
1556 187 1658 219 αὐτοὺς
1671 187 1768 219 σώζειν
1785 185 1855 213 τοῦ

1042 232 1138 267 νόμον·
1155 232 1191 264 οἳ,
1207 233 1275 268 μετὰ
1286 233 1316 259 τὸ
1329 233 1504 269 συνελαθῆναι
1521 235 1577 265 τοῖς
1598 235 1702 266 κακοῖς,
1715 231 1856 260 ποτνιώ-

1045 287 1119 314 μενοι
1139 279 1218 305 πάλιν
1234 279 1430 314 ἐπηγγέλλοντο
1448 279 1603 314 πειθαρχεῖν
1614 280 1673 310 ταῖς
1691 279 1828 309 ἐντολαῖς
1841 285 1851 292 ·

1045 319 1140 360 μέχρις
1156 326 1170 351 ὁ
1188 324 1264 357 Θεὸς,
1281 325 1408 360 τέταρτον
1423 325 1588 360 κατελεήσας
1609 325 1653 352 τὸν
1668 325 1826 361 ἄνθρωπον
1841 344 1852 356 ,

1042 369 1091 404 τὴν
1126 370 1247 404 Ἀγνείαν
1279 371 1420 397 ἀπέστειλε
1447 370 1622 405 βασιλεῦσαι,
1649 372 1681 406 ἢν
1713 372 1854 406 Ῥάμνον

1015 448 1020 452 _
1044 415 1196 448 ἀκολούθως
1216 417 1343 444 ἐκάλεσεν
1361 417 1492 453 ὴΓραῳή.
1508 418 1597 449 Ἦτις,
1615 417 1853 444 καταναλώσασα

1043 460 1091 493 τὰς
1116 462 1228 497 ἡδονὰς,
1258 462 1303 489 καὶ
1325 463 1494 498 ἀπειλήσασα
1519 462 1630 495 λοιπὸν,
1653 464 1677 489 εὶ
1698 464 1734 499 μὴ
1761 464 1852 498 αὐτῇ

1044 506 1143 538 πάντες
1158 508 1349 539 ἀνενδοιάστως
1367 508 1414 534 καὶ
1432 509 1460 534 ἐν
1482 507 1595 545 ἀληθείᾳ
1620 510 1826 545 προσέρχοιντο
1840 529 1850 540 ς

1045 553 1110 588 πυρὶ
1138 554 1360 589 καταδαπανήσαι
1387 555 1499 586 πάντας.
1524 556 1580 582 Οὐκ
1610 555 1649 582 ἔτι
1678 556 1732 592 γὰρ
1762 556 1854 592 μετὰ

1044 599 1146 635 ταύτην
1165 599 1272 626 ἔσεσθαι
1299 600 1412 636 νόμονῆ
1438 601 1609 628 διδασκαλίαν
1636 603 1740 638 ἑτέραν,
1764 603 1853 631 ἀλλὰ

1045 645 1134 680 κρίσιν
1150 645 1196 671 καὶ
1219 645 1283 681 πῦρ.
1301 646 1356 672 Καὶ
1376 646 1420 672 διὰ
1444 646 1523 673 τοῦτο
1552 647 1642 674 λοιπὸν
1667 648 1851 675 ἀπεντεῦθεν

1045 691 1249 727 δικαιοπραγεῖν
1274 693 1288 717 ὁ
1315 691 1456 727 ἄνθρωπος
1483 692 1592 728 ἣρξατο,
1620 694 1665 720 καὶ
1692 695 1851 722 πιστεύειν

1047 736 1161 771 βεϐαίως
1182 737 1221 773 τῷ
1246 738 1318 774 Θεῷ,
1341 739 1388 765 καὶ
1410 738 1603 774 ἀποσχίζεσθαι
1628 740 1673 767 τοῦ
1695 741 1849 768 διαϐόλου.

1046 782 1138 814 Οὓτως
1155 783 1363 819 ὠφελιμώτατον
1378 784 1424 810 καὶ
1447 785 1552 820 ἀρωγὸν
1571 786 1752 822 κατεπέμφθη
1777 788 1851 818 τοῖς

1011 819 1032 846 Β
1046 827 1199 863 ἀνθρώποις
1222 830 1326 863 ἁγνεία.
1346 831 1437 866 Μόνης
1456 819 1509 866 γὰρ
1525 831 1611 866 αὐτῆς
1625 819 1772 868 ἀντίμιμον
1784 833 1850 861 οὐκ

1049 875 1156 910 ἴσχυσεν
1174 876 1339 911 ἐργάσασθαι
1353 877 1420 912 πρὸς
1432 877 1538 912 ἀπάτην
1557 878 1572 903 ὁ
1593 878 1724 914 διάϐολος,
1739 880 1850 917 ὥσπερ

1048 921 1095 947 καὶ
1106 921 1158 948 τῶν
1170 921 1256 950 ἄλλων
1271 923 1400 959 νομοθετη
1405 924 1506 959 μάτων.

434 1076 498 1103 CAP.
516 1075 548 1104 V.
566 1076 673 1103 Diabali
689 1076 785 1103 (urnula
796 1076 823 1116 in
838 1076 958 1103 omnibus
972 1074 1136 1109 malignitas.
1156 1073 1214 1100 Duo
1228 1082 1323 1109 genera
1335 1075 1435 1109 ﬁcuum
1455 1081 1480 1103 et
1497 1078 1599 1105 vitium.

243 1138 312 1165 Cum
329 1138 401 1166 enim
421 1137 497 1169 licus,
517 1137 556 1164 uti
579 1137 715 1168 dicebam.
732 1144 784 1171 qua
803 1140 913 1171 przeslat
939 1135 997 1163 fru-

207 1189 269 1214 ctus
293 1185 437 1213 dulcedine
462 1185 662 1220 elegantiaque,
687 1184 846 1212 deliciarum
874 1183 994 1218 paradisi

207 1235 272 1267 typo
297 1234 454 1259 assumatur
471 1238 477 1255 :
497 1230 578 1257 rebus
593 1230 630 1256 illi
648 1229 753 1256 mmulis
777 1229 919 1256 seductum
945 1229 995 1256 bo-

208 1277 310 1305 ntiuem
327 1277 453 1304 diabolus
470 1276 559 1311 praeda
576 1275 657 1310 cepit,
681 1274 745 1301 dum
770 1274 841 1301 nuda
871 1274 995 1308 corporis

208 1324 269 1360 ejus
285 1323 392 1350 fruticis
407 1322 480 1350 foliis
495 1325 640 1356 contegere
653 1320 789 1355 persuasit
803 1329 808 1347 :
823 1320 874 1347 hoc
898 1328 996 1355 nempe

209 1377 303 1405 agens,
320 1373 349 1396 ut
361 1369 479 1396 molliter
494 1368 590 1396 scabra
607 1368 650 1394 ﬁci
675 1367 750 1398 folia,
768 1366 934 1402 proritandae
949 1374 994 1394 es-

209 1420 271 1444 sent
290 1415 406 1443 libidini.
423 1415 477 1442 Eos
492 1422 588 1442 rursus
604 1413 651 1448 qui
669 1421 702 1440 ex
716 1413 820 1440 diluvio
843 1413 994 1440 incolumes

209 1461 328 1493 fuerant,
348 1461 382 1488 ob
396 1461 544 1494 spiritalem
567 1460 666 1487 laetitia:
677 1460 776 1495 _vitem,
796 1467 848 1487 non
868 1459 994 1487 dissimili

211 1512 278 1544 potu
300 1508 450 1535 inebriatos
466 1507 572 1540 derisit,
593 1507 702 1534 virtutis
725 1507 814 1534 denuo
837 1506 994 1533 indumento

210 1554 346 1582 hominem
368 1553 484 1581 nudans.
511 1552 630 1588 Indeque
651 1552 824 1580 manifestius
848 1552 899 1580 erit
923 1551 994 1588 quod

210 1601 282 1629 dico.

246 1647 409 1674 Adversaria
431 1649 552 1681 potestas
574 1653 682 1681 semper
698 1645 807 1673 virtutis
830 1652 862 1672 ac
882 1644 995 1680 justitiae

211 1692 329 1727 speciem
351 1693 509 1726 cultumque
533 1691 686 1723 aemulatur,
703 1699 757 1718 non
773 1694 802 1717 ut
821 1694 947 1718 exerceat
961 1690 995 1717 ad

211 1739 348 1774 pietatem,
364 1738 411 1766 sed
428 1741 456 1765 ut
476 1737 597 1765 t‘raudem
614 1737 695 1764 faciat
709 1742 736 1764 et
753 1737 926 1765 simulatione
941 1737 996 1764 elu-

210 1785 267 1811 dat.
282 1783 315 1811 Ut
329 1785 402 1811 enim
417 1792 464 1812 eos
477 1785 523 1819 qui
550 1788 665 1811 mortem
690 1783 806 1818 fugiant,
827 1784 859 1811 ad
878 1787 993 1810 mortem

212 1830 339 1858 illecebra
357 1830 458 1865 capiat,
481 1829 695 1857 immortalitatis
716 1830 835 1857 exterius
855 1829 994 1857 coloribus

211 1876 330 1903 fucatur.
354 1876 443 1911 Atque
466 1875 528 1902 hinc
551 1879 604 1908 est,
623 1878 653 1902 ut
677 1875 744 1902 licus
760 1879 806 1902 aut
822 1875 884 1903 vitis
908 1875 994 1902 videri

209 1923 284 1955 velit,
296 1926 322 1949 et
338 1929 398 1957 quae
423 1922 575 1949 dulcedinis
591 1929 622 1948 ac
640 1921 740 1948 lmtitim
756 1921 871 1948 fecunda
895 1929 994 1956 parens

209 1968 333 1999 exsistat,
351 1967 548 1994 transformans
564 1974 594 1994 se
613 1967 642 1994 in
660 1967 785 2002 angelum
800 1967 869 1994 lucis
879 1967 912 1999 ’⁵,
926 1967 995 1993 mul-

209 2017 306 2048 tosque
323 2012 464 2048 religionis
480 2013 570 2047 specie
585 2012 747 2047 illaqucans.

246 2059 305 2087 Duo
320 2060 392 2086 enim
408 2067 468 2086 esse
489 2067 589 2094 genera
614 2059 712 2087 licuum
729 2059 879 2095 vitiumque
899 2060 926 2086 in
950 2066 994 2087 sa-

210 2105 265 2133 cris
287 2106 384 2133 litteris
399 2106 561 2141 reperimus.
589 2104 670 2132 Ficus
690 2105 782 2139 bonas,
806 2106 886 2133 bonas
906 2105 992 2138 valde,
1011 2127 1030 2154 Β

210 2156 238 2180 et
249 2152 314 2187 ﬁcus
331 2160 450 2183 amaras,
463 2161 571 2179 amaras
587 2151 662 2179 valde
673 2152 706 2179 ³⁷.
730 2151 826 2178 Vinum
852 2152 992 2187 lwliﬁcans

210 2207 255 2226 cor
273 2199 406 2225 hominum
415 2200 455 2232 '3;
474 2202 510 2230 et,
536 2199 622 2225 vinum
647 2198 762 2232 {urerent
788 2198 948 2230 draconum,
969 2203 993 2225 et

210 2244 326 2279 furorem
339 2244 460 2279 aspidum
472 2245 646 2272 insanabilem
659 2246 692 2272 '9.
707 2244 804 2272 Verum
820 2253 853 2272 ex
870 2253 924 2279 quo
936 2245 993 2279 jam

210 2292 323 2319 castitas
360 2291 501 2319 bominmu
535 2291 679 2326 imperium
718 2292 797 2323 iniit,
824 2291 993 2326 deprehensa

212 2338 289 2366 fraus
302 2344 345 2366 est
367 2343 448 2374 atque
473 2339 590 2367 devicta.
604 2342 742 2366 evertente
764 2338 836 2366 illam
857 2339 993 2374 virginum

210 2384 333 2419 principe
347 2384 458 2412 Christo
475 2391 610 2418 :vcraque
627 2383 693 2411 adeo
719 2384 787 2411 licus
801 2389 828 2412 et
851 2391 914 2411 vera
930 2383 994 2411 vitis

211 2427 390 2460 fructiﬁcant,
412 2431 557 2462 postquam
581 2428 609 2455 in
630 2435 726 2456 omnes
748 2428 836 2456 evasit
860 2428 994 2456 castitatis

210 2473 377 2504 dominatus,
399 2473 438 2500 uti
459 2478 486 2501 et
498 2473 557 2500 .loul
584 2474 716 2508 propheta
741 2474 861 2501 ominate
887 2482 994 2501 annun-

210 2519 270 2553 tiat,
281 2519 401 2554 Conﬁdo,
414 2525 495 2551 terra,
507 2519 610 2551 dicens.
620 2520 704 2555 gaude
719 2525 743 2547 et
753 2521 854 2552 lauare,
868 2521 992 2555 quoniam

211 2566 391 2600 magni/icavit
410 2565 540 2593 Dominus
558 2571 587 2593 ut
606 2567 713 2601 faceret.
738 2566 879 2602 Con/idite,
899 2575 993 2602 pecora

210 2612 307 2646 campi,
315 2612 440 2646 quoniam
451 2613 632 2648 germinant»!
647 2615 732 2648 campi
751 2613 912 2645 solitudinis,
928 2623 993 2649 quo-

211 2658 284 2685 niam
304 2659 404 2694 lignum
417 2659 506 2686 attulit
520 2659 634 2694 fractum
648 2669 735 2693 suum,
752 2661 810 2688 vilis
825 2666 850 2688 et
867 2661 932 2695 ﬁcus
947 2661 993 2696 (le-

210 2703 305 2732 ἀει-νηί
324 2705 444 2733 virtutem
460 2714 545 2734 suam.
560 2706 595 2734 Et
609 2707 660 2741 ﬁlii
677 2706 751 2742 Sion,
761 2709 891 2736 exsatiate
905 2712 929 2734 et
945 2708 992 2735 ιω-

1008 1455 1029 1483 C

254 2796 277 2813 "
293 2797 324 2825 11
336 2798 398 2826 Cor.
411 2807 449 2833 ru,
467 2800 510 2828 l4.
560 2801 582 2817 ’⁷
595 2801 652 2830 Jer.
667 2811 742 2837 xxxv,
753 2804 780 2830 5.

1080 1135 1136 1169 Τῆς
1152 1134 1207 1170 γὰρ
1230 1135 1323 1170 συκῆς,
1339 1136 1376 1167 ὡς
1390 1135 1468 1171 ἔφην,
1483 1137 1526 1164 διὰ
1549 1138 1598 1173 τὴν
1619 1138 1770 1173 γλυκασίαν
1786 1139 1846 1167 τοῦ

1045 1180 1151 1216 καρποῦ
1169 1181 1215 1207 καὶ
1231 1181 1276 1208 τὸν
1291 1181 1430 1217 ὡραϊσμὸν
1443 1183 1471 1208 ἐν
1483 1183 1559 1219 τύπῳ
1571 1184 1619 1218 τῆς
1631 1185 1660 1210 ἐν
1675 1185 1846 1222 παραδείσῳ

1045 1225 1150 1260 τρυφῆς
1174 1225 1407 1261 παραληφθείσης,
1424 1228 1480 1258 τοῖς
1494 1227 1648 1263 ἀντιμίμοις
1663 1229 1747 1264 αὐτῆς
1762 1230 1846 1256 ἀπο-

1046 1271 1210 1307 ϐουκολήσας
1235 1272 1280 1298 τὸν
1305 1272 1446 1308 ἄνθρωπον
1460 1275 1474 1300 δ
1489 1273 1610 1306 διάϐολος
1635 1276 1764 1311 ἤγρευσε,
1781 1276 1844 1313 τὴν

1045 1318 1180 1353 γύμνασιν
1196 1318 1314 1353 καλύψαι
1330 1319 1426 1351 πείσας
1442 1320 1488 1346 τοῦ
1504 1322 1627 1356 σώματος
1643 1322 1768 1354 πετάλοις
1787 1331 1846 1350 συ-

1046 1364 1113 1399 κῆς’
1137 1364 1151 1390 ὃ
1176 1365 1302 1396 ἐστι,.διά
1325 1365 1356 1391 τὸ
1381 1367 1549 1402 κνησμῶδες,
1572 1369 1660 1404 τρι)φῇ
1688 1369 1842 1405 φιληὸὀνῳ.

1045 1410 1114 1441 Τοὺς
1127 1410 1155 1436 δὲ
1172 1411 1371 1446 περισωθέντας
1384 1410 1461 1444 αὖθις
1474 1414 1505 1440 ἐκ
1516 1414 1561 1440 τοῦ
1573 1415 1774 1451 κατακλυσμοῦ,
1788 1415 1845 1443 διὰ

1045 1455 1094 1490 τὴν
1111 1456 1160 1491 τῆς
1179 1457 1364 1492 πνευματικῆς
1374 1457 1540 1493 εὐφροσύνης
1553 1459 1681 1494 ἄμπελον,
1693 1461 1844 1498 ἀντιμξμῳ

1046 1501 1147 1536 πόματι
1174 1502 1300 1537 μεθύσας,
1320 1504 1500 1539 κατεχλεύασε
1523 1505 1613 1537 πάλιν,
1632 1507 1845 1543 ἀπογυμνώσας

1044 1548 1090 1574 τὸν
1106 1547 1246 1584 ἄνθρωπον
1268 1549 1478 1586 ἀρετῆς.”Εσται
1501 1552 1529 1578 δὲ
1551 1553 1716 1590 σαφέστερον
1731 1555 1845 1591 μᾶλλον

1045 1594 1168 1620 ἐντεῦθεν
1181 1595 1196 1621 ὃ
1215 1595 1294 1629 λέγω.

1087 1640 1119 1666 Ἡ
1141 1641 1314 1676 ἀντικειμένη
1337 1642 1449 1677 δύναμις
1465 1644 1507 1670 ἀεὶ
1529 1647 1652 1681 μιμεῖται
1669 1647 1718 1683 τῆς
1731 1649 1845 1685 ἀρετῆς

1045 1686 1153 1721 καὶτῆς
1174 1687 1344 1723 δικαιοσύνης
1365 1689 1399 1715 τὰ
1421 1691 1557 1726 σχήματα,
1574 1693 1604 1718 οὐ
1626 1693 1693 1728 πρὸς
1716 1694 1842 1730 ἄσκησιν

1046 1732 1114 1759 κατὰ
1129 1732 1267 1768 ἀλήθειαν,
1281 1734 1348 1761 ἀλλά
1361 1736 1428 1771 πρὸς
1438 1737 1543 1774 ἀπάτην
1559 1739 1605 1765 καὶ
1617 1740 1840 1776 ὑπόκρισιν.”ἰνα.

1045 1779 1100 1814 γὰρ
1114 1779 1226 1815 δελεάσῃ
1243 1781 1309 1816 πρὸς
1321 1781 1435 1809 θάνατον
1448 1784 1512 1815 τοὺς
1530 1785 1678 1819 φεύγοντας
1693 1786 1739 1813 τδν
1754 1787 1841 1814 Οὰναέ

1044 1834 1100 1858 τον,
1116 1826 1262 1860 ἀθανασίας
1285 1828 1382 1862 ἔξωθεν
1399 1830 1597 1863 καλλωπίζεται
1622 1836 1837 1869 σχηματισμοῖς.

1046 1873 1099 1899 Καὶ
1123 1873 1207 1909 ταύτῃ
1227 1874 1295 1909 συκῆ
1312 1875 1435 1909 βούλεται
1451 1877 1606 1912 νομίζεσθαι
1630 1879 1676 1905 καὶ
1700 1879 1837 1915 ἄμπελος,

1045 1920 1092 1946 καὶ
1108 1920 1264 1956 γλυκύτητα
1285 1923 1332 1948 καὶ
1357 1923 1524 1959 εὐφροσύνην
1541 1926 1647 1961 γεννᾷν,
1663 1927 1703 1957 εἰς
1717 1926 1838 1961 ἄγγελον

1047 1967 1336 2004 μετασχηματιζομένη
1358 1970 1456 2004 φωτὸς,
1472 1971 1517 1997 καὶ
1541 1973 1714 2008 προσχήματι
1739 1973 1837 2001 Θεσσε-

1046 2012 1122 2044 6είας
1135 2013 1297 2046 δελεάζουσα
1311 2015 1434 2047 πολλούς.

1081 2059 1132 2086 Δύο
1145 2060 1198 2096 γὰρ
1210 2059 1278 2087 εἶναι
1292 2061 1421 2098 διαφορὰς
1437 2064 1540 2091 συκέων
1554 2065 1600 2091 καὶ
1614 2065 1743 2101 ἀμπέλων
1757 2069 1838 2104 εὐρέ-

1047 2113 1146 2142 σκομεν
1163 2107 1191 2133 ἐν
1208 2109 1267 2139 ταῖς
1281 2109 1410 2143 Γραφαῖς.
1425 2110 1506 2139 Σῧκίι
1523 2111 1556 2138 τὰ
1572 2113 1698 2146 χρηστὰ,
1716 2116 1839 2148 χρηστὰ

1047 2153 1133 2179 λίαν·
1150 2155 1206 2187 καὶ,
1229 2155 1310 2182 σῦκα
1323 2155 1358 2182 τὰ
1374 2157 1471 2190 πικρὰ,
1487 2158 1576 2192 πικρὰ
1586 2159 1665 2185 λίην.
1685 2158 1774 2186 Οἶνον
1786 2162 1838 2188 εὑ-

1047 2200 1210 2233 φραίνοντα
1234 2201 1357 2234 καρδίαν
1380 2202 1549 2236 ἀνθρώπων,
1571 2205 1616 2231 καὶ
1633 2203 1716 2232 οἷνον
1739 2207 1839 2241 θυμόν

1047 2245 1217 2279 δρακόντων
1229 2247 1277 2273 καί
1298 2248 1392 2282 θυμὸν
1410 2249 1546 2279 ἀσπίδων
1566 2251 1698 2278 ἀνίατον.
1709 2253 1777 2279 Ἀλλ’
1787 2254 1837 2288 ἀφ’

1047 2289 1077 2318 οὗ
1094 2292 1186 2318 λοιπὸν
1206 2293 1378 2321 ἐϐασίλευσεν
1393 2295 1487 2327 ἁγνεία
1510 2296 1563 2322 τῶν
1579 2297 1740 2333 ἀνθρώπων,
1757 2299 1838 2334 ἐλέγ-

1048 2337 1098 2373 χθη
1117 2338 1132 2373 ἡ
1150 2338 1237 2373 πλάνη
1262 2339 1309 2365 καὶ
1326 2340 1474 2375 νενίκηται,
1489 2341 1534 2368 τοῦ
1548 2342 1748 2379 ἀρχιπαροένου
1765 2345 1838 2381 Χρι-

1049 2385 1112 2410 στοῠ
1128 2385 1365 2420 καταστρέψαντος
1379 2386 1464 2422 αὑτήν
1476 2395 1482 2401 ⁸
1497 2389 1544 2414 καὶ
1556 2389 1571 2423 ὴ
1583 2388 1696 2424 ἀληθινὴ
1708 2390 1775 2424 συκῆ
1787 2391 1839 2417 καὶ

1047 2430 1063 2466 ὴ
1081 2430 1193 2466 ἀληθινὴ
1208 2431 1329 2467 ἄμπελος
1340 2433 1553 2468 καρποφοροῦσι,
1571 2434 1640 2469 μετὰ
1655 2435 1685 2461 τὸ
1698 2436 1839 2470 κρατῆσαι

1047 2477 1155 2503 πάντων
1177 2477 1296 2512 ἁγνείαν,
1323 2479 1446 2515 καθάπερ
1460 2480 1506 2506 καὶ
1523 2480 1621 2515 Ἰωὴλό
1636 2482 1778 2517 προφήτης
1791 2482 1840 2509 εὐ-

1047 2523 1228 2557 αγγελίζεται·
1249 2524 1366 2558 Θάρσει,
1381 2525 1429 2558 γῆ,
1450 2524 1546 2559 λέγων,
1561 2526 1607 2552 καὶ
1619 2526 1702 2560 χαῖρε
1715 2527 1764 2554 καὶ
1783 2528 1836 2554 εὑ-

1046 2570 1184 2604 φραίνου,
1201 2570 1243 2597 ὅτι
1254 2571 1419 2606 ἑμεγάλυγε
1433 2573 1539 2606 Κύριος
1551 2573 1604 2599 τοῦ
1616 2573 1749 2607 ποιῆσαι.
1762 2575 1839 2608 Θαρ-

1047 2615 1137 2647 σεῖτε,
1155 2616 1249 2651 κτήνη
1262 2618 1315 2644 τοῦ
1328 2618 1444 2650 πεδίου,
1460 2619 1504 2645 ὅτι
1523 2619 1715 2654 βεϐλάστηκε
1731 2620 1767 2646 τὰ
1782 2628 1837 2647 πε-

1046 2663 1096 2690 δία
1113 2663 1166 2698 τῆς
1179 2664 1290 2699 ἐρήμου
1303 2685 1310 2696 ,
1329 2665 1372 2691 ὅτι
1390 2665 1485 2697 ξύλον
1509 2666 1615 2701 ἤνεγκε
1641 2667 1694 2693 τεν
1719 2667 1838 2701 καρπὸν

1045 2709 1139 2736 αὐτοῦ
1151 2718 1156 2724 ·
1175 2709 1308 2744 ἄμπελος
1322 2712 1370 2738 καὶ
1383 2702 1465 2746 σινκῆ
1476 2711 1590 2739 ἔδωκαν
1605 2713 1660 2747 τὴν
1680 2712 1772 2748 ἰσχὺν
1783 2714 1837 2744 αὐ-

829 2803 852 2820 ⁹⁸
870 2802 946 2833 Psal.
962 2811 1020 2836 cut,
1039 2802 1081 2832 i5.
1116 2804 1227 2831 "Dent.
1246 2812 1331 2838 xxx",
1346 2805 1389 2832 55.
