1920 3070
203 131 255 157 Ξεγῖ

643 129 670 157 S.
693 128 857 156 ME‘l‘llODll
874 128 1027 157 EPISCOPI
1043 129 1087 157 ET
1106 130 1284 159 MARTYRIS

1776 134 1838 161 208

238 189 353 216 Prorsus
370 189 442 216 enim
457 196 545 223 opera:
559 193 676 223 pretium
688 192 740 221 est,
757 192 786 216 ut
800 189 843 216 cui
857 189 974 217 coustitu

1079 191 1122 216 Δεῖ
1143 190 1196 226 γὰρ
1215 190 1320 222 πάντως
1340 190 1385 216 τὸν
1411 191 1540 226 μέλλοντα
1562 191 1598 227 μὴ
1619 192 1837 227 ἁμαρτήσεσθαι

201 237 258 260 tum
271 235 306 261 sit
315 241 349 261 ne
358 234 473 261 colenda
486 234 612 261 castitate
624 241 639 260 a
655 234 795 268 proposito
806 238 890 267 erret,
905 243 990 262 mem-

203 282 250 307 bra
261 281 352 308 omnia
363 288 515 316 sensusque
529 288 594 308 suos
603 281 723 308 mundos
739 281 920 316 astrictosque
933 289 977 309 ser

200 329 255 357 vet,
271 326 312 352 uti
331 326 388 352 tieri
404 326 431 353 in
446 326 556 353 navium
572 326 672 353 tabulis
688 327 767 360 solet,
782 334 896 362 quarum
908 327 988 361 junc—

201 375 276 398 turas
303 371 434 398 navarelii
452 371 598 406 diligenter
620 373 790 408 agglutinant
819 373 986 408 astringunt-

200 424 263 451 quc,
279 424 313 444 ne
326 425 379 452 qua
394 417 496 444 scilicet
512 421 624 452 peccato
644 426 704 446 sese
720 417 873 445 infundenti
890 419 916 445 in
929 420 986 446 ani-

200 469 276 488 mum
298 463 339 489 via
358 467 437 497 atque
453 463 543 491 aditus
566 467 667 498 pateat.
687 463 755 490 Nam
773 468 801 490 ut
816 464 986 491 nobilissima

198 515 313 542 quzeque
328 509 608 544 prmstantissimaque
627 508 761 544 professio
774 513 825 543 est,
845 511 881 537 ita
899 510 986 537 maxi—

198 553 252 579 mis
275 554 498 589 gravissimisque
523 555 718 582 ollensiouibus
739 556 855 583 obnoxia
874 560 932 589 est;
954 563 986 583 ac

198 605 262 625 vere
276 591 348 625 bono
362 599 462 625 malum
479 599 565 634 magis
578 599 747 631 adversatur,
767 608 848 635 quam
867 599 892 626 ei
912 599 983 635 quod

198 651 249 670 nec
266 644 294 671 in
308 645 387 672 bonis
408 645 604 673 numerandum
619 649 671 672 est.
688 644 764 672 Multi
779 646 871 680 itaque
885 646 984 680 quibus

198 698 359 725 persuasum
373 696 456 725 esset,
472 692 523 719 hoc
536 693 708 727 potissimum
726 696 855 727 prmstare
869 692 983 719 castita-

197 741 263 769 tem,
291 743 320 764 ut
346 738 462 766 ellreues
488 739 650 766 libidinosos
665 744 748 766 mstus
772 746 803 766 ac
820 738 983 774 cupiditates

197 785 372 818 comprimat,
399 785 503 820 reliqua
518 785 581 812 vitae
595 785 768 812 institutione
784 785 915 820 neglecta,
930 784 982 811 liae

195 836 304 864 quoque
316 829 492 863 exciderunt;
509 830 607 864 suique
632 829 774 857 dedecoris
794 833 910 865 partem,
936 838 981 857 re-

195 879 240 902 cto
255 875 288 903 ad
301 883 359 903 eam
374 876 480 903 tramite
489 876 649 909 nitentibus,
659 881 845 911 asperserunt,
865 876 904 903 uti
920 884 980 909 vos,

194 929 255 956 quae
267 922 294 948 in
305 921 431 949 omnibus
444 922 510 949 estis
526 922 631 957 regula,
646 922 841 950 demonstratis
860 932 867 950 :
881 923 980 957 quippe

194 973 255 993 eum
270 969 298 994 et
312 974 394 1001 opere
419 971 446 994 et
470 975 607 1000 sermone,
629 975 677 995 seu
698 968 852 996 eruditione
869 969 982 1004 virgini-

192 1015 248 1039 tate
268 1012 426 1046 periunetai,
443 1012 503 1047 ejus
529 1013 627 1041 decora
642 1014 823 1048 protuleritis.
841 1014 874 1041 Et
896 1015 981 1050 virgi-

192 1065 253 1084 nem
266 1057 375 1092 quidem
388 1059 495 1093 qualem
507 1067 568 1087 esse
579 1059 674 1088 deceat
690 1060 911 1096 perscripsimus.
925 1060 981 1090 ‘Ios

1041 236 1104 272 περὶ
1114 237 1162 271 τὴν
1176 236 1290 271 ἄσκησιν
1305 237 1354 272 τῆς
1369 237 1490 271 ἁγνείας,
1503 238 1535 264 τὰ
1551 237 1618 273 μέλη
1634 238 1722 264 πάντα
1736 239 1785 264 καὶ
1796 237 1837 264 τὰ

1039 282 1203 317 αἰσθητήρια
1213 284 1305 318 τηρεῖν
1316 282 1413 309 ἑαυτοῦ
1425 282 1532 318 καθαρὰ
1552 284 1599 310 καὶ
1613 283 1833 319 συνεσῳιγμένα,

1038 327 1162 363 καθάπερ
1176 327 1207 364 δὴ
1222 329 1268 355 καὶ
1284 328 1392 361 πλοίων,
1405 326 1442 355 ὧν
1456 330 1480 355 οἱ
1496 329 1660 365 κυϐερνῆται
1673 330 1722 361 τὰς
1738 330 1832 366 ἁρμο-

1037 373 1087 408 γὰς
1115 375 1268 408 σφίγγουσι,
1286 374 1353 410 πρὸς
1379 375 1408 401 τὺ
1435 375 1471 410 μὴ
1498 377 1571 410 σχεῖν
1599 375 1653 402 ἔσω
1676 375 1760 403 δίοδον
1777 377 1833 411 τὴν

1036 420 1173 455 ἁμαρτίαν
1189 421 1410 456 ὲπεισχεομένην.
1421 422 1484 453 Τοῖς
1499 422 1553 457 γὰρ
1564 422 1692 457 μεγάλοις
1705 423 1734 454 ἐξ
1746 423 1832 457 ἀνάγ-

1037 474 1088 500 κης
1103 465 1298 501 ἐπιτηδεύμασι
1321 466 1426 501 μεγάλα
1455 467 1502 493 καὶ
1525 466 1558 493 τὰ
1587 467 1745 502 πταίσματα
1760 476 1830 503 συμ-

1036 510 1137 538 ϐαίνει·
1161 513 1208 538 καὶ
1224 512 1262 547 τῷ
1283 511 1339 539 ὄντι
1353 512 1391 547 τῷ
1406 512 1500 548 ἀγαθῴ
1519 513 1618 548 μᾶλλον
1634 512 1829 548 ἐναντιώτερον

1035 557 1065 583 τὸ
1080 558 1163 584 κακὸν
1179 558 1196 593 ἢ
1213 558 1251 593 τῷ
1266 559 1303 594 μὴ
1321 558 1424 594 ἀγαθῷ.
1440 559 1535 585 Πολλοὶ
1550 557 1606 591 οὖν,
1621 559 1777 592 δοξάζοντες
1797 559 1830 585 τὸ

1036 604 1099 639 περὶ
1113 604 1161 635 τὰς
1177 605 1332 640 οἰστρώδεις
1355 607 1497 641 καρτερεῖν
1521 605 1667 640 ἐπιθυμίας
1690 603 1829 641 εἶναιτὴν

1035 650 1155 684 ἁγνείαν,
1180 650 1233 677 τῶν
1258 650 1343 677 ἄλλων
1360 651 1557 686 ἀμελήσαντες,
1578 651 1662 687 αὐτῆς
1681 651 1826 683 ἔπταισαν,

1034 695 1081 722 καὶ
1103 697 1158 727 τοῖς
1180 696 1266 732 ὀρθῶς
1289 696 1356 731 πρὸς
1378 697 1462 732 αὐτὴν
1485 696 1660 732 ὡρμημένοις
1683 697 1828 732 προσῆᾠαν

1033 740 1142 776 ψόγους,
1165 741 1202 773 ὡς
1217 743 1295 777 ὑμεῖς
1312 741 1453 777 ὴλὲγξατε,
1479 743 1559 777 νόμος
1573 742 1618 769 διὰ
1637 743 1759 770 πάντων·
1780 743 1827 768 αὑ-

1033 787 1078 812 ταὶ
1101 787 1154 823 γὰρ
1179 787 1391 823 παρθενεύουσαι
1406 788 1452 814 καὶ
1466 788 1538 823 ἔργῳ
1560 788 1607 814 καὶ
1622 788 1702 824 λόγῳ.
1719 789 1774 814 Καὶ
1791 791 1826 815 τὰ

1035 832 1083 867 μὲν
1101 832 1133 867 δὴ
1149 833 1198 867 τῆς
1210 833 1355 869 παρθένου,
1379 833 1502 869 ποταπὴν
1523 831 1594 861 εἶναι
1616 835 1765 869 προσήκει,
1790 835 1825 861 6'.-

997 873 1018 900 Β
1033 878 1149 914 εγράφη·
1161 879 1232 914 ὑμᾶς
1245 879 1273 906 δὲ
1285 879 1402 915 διαρκῶς
1414 880 1622 917 ἀγωνισαμὲνας
1634 880 1674 916 τῷ
1684 880 1766 916 λόγῳ,
1780 881 1826 907 αὖ·

1034 926 1130 960 τὴκοος
1146 926 1288 961 γενομένη,
1305 927 1394 958 πάσας
1411 927 1594 963 ἀποφαίνομαι
1607 928 1684 962 νικᾷν
1699 928 1746 954 καὶ
1762 927 1823 953 στέ-

1032 979 1088 1005 φω·
1104 971 1209 998 Θέκλαν
1231 972 1258 998 δὲ
1274 972 1312 1008 τῷ
1331 972 1434 1008 μείζονι
1456 973 1580 1008 στεφάνῳ
1600 974 1648 1000 καὶ
1669 973 1822 1010 δασυτέρῳ,

1031 1017 1068 1048 ὡς
1088 1017 1199 1053 πρώτην
1225 1018 1300 1053 ὑμῶν
1318 1019 1365 1045 καὶ
1383 1019 1670 1055 μεγαλοπρεπέστερον
1683 1019 1823 1054 ἐκλάμψα-

1032 1072 1090 1090 σαν.

191 1107 293 1136 autem,
308 1105 398 1140 amplo
413 1105 519 1133 dicendi
536 1107 665 1135 facultate
679 1108 815 1136 celebrato
831 1109 980 1137 certamine
999 1119 1059 1146 qurc
1083 1112 1141 1147 ipsa
1168 1114 1330 1146 audiverim,
1358 1114 1487 1142 victrices
1509 1122 1605 1142 omnes
1626 1115 1774 1150 pronuntio
1791 1122 1822 1141 ac

190 1158 292 1178 corona
310 1151 391 1179 dono.
418 1151 546 1180 Theclam
565 1158 657 1181 tamen
684 1155 782 1190 majori
795 1154 992 1192 ﬂoridiorique,
1009 1162 1038 1185 ut
1055 1158 1126 1186 inter
1139 1168 1188 1187 vos
1202 1161 1362 1196 principem,
1378 1168 1410 1188 ac
1424 1169 1485 1197 quae
1509 1162 1727 1198 magniﬁcentior
1753 1170 1821 1188 cun-

189 1197 242 1224 ctis
257 1198 397 1226 claruerit.

189 1278 253 1307 CAP.
274 1278 306 1306 ll.
325 1280 421 1308 Tlierla
436 1282 559 1316 hymnum
575 1286 716 1326 composite
729 1291 848 1327 canente,
864 1288 972 1327 religare
989 1289 1100 1324 virgines
1115 1289 1159 1327 Villi
1181 1291 1329 1327 succinum.
1355 1290 1472 1318 Joannes
1487 1291 1620 1326 Baptista,
1636 1297 1740 1327 martyr
1760 1301 1821 1319 cas-

666 1321 761 1348 titatis.
782 1321 973 1355 [fuluam-Dei
986 1321 1094 1358 sponsa,
1110 1326 1222 1357 intacta,
1243 1326 1326 1361 virgo.

223 1387 286 1414 llaec
305 1389 423 1426 locutam
443 1391 552 1430 Aretem
573 1393 662 1420 aiebat
681 1393 845 1430 Tbeopatra,
859 1395 975 1430 jussisse

189 1437 301 1459 cunctas
318 1440 472 1469 assurgere,
485 1429 511 1463 et
523 1437 573 1464 sub
587 1445 656 1473 agno
669 1429 774 1468 stantes
792 1429 916 1477 factaque
930 1449 975 1469 co-

187 1486 266 1511 rona,
284 1480 385 1513 gratias
401 1480 517 1509 Domino
530 1491 561 1510 ac
576 1484 670 1512 laudes
691 1485 782 1513 debila
798 1488 976 1515 veneratione

187 1524 298 1552 rel'erre.
309 1525 436 1554 Tbeclam
451 1529 598 1564 auspicari,
610 1538 641 1558 ae
656 1532 740 1560 cboro
752 1534 859 1567 prteire.
873 1535 903 1562 Ux
920 1535 974 1571 igi-

186 1573 231 1596 tur
254 1576 481 1605 assurrexerunt,
514 1574 642 1603 Theclam
680 1578 808 1605 narrabat
838 1579 972 1616 virginem

186 1615 304 1643 mediam
320 1625 334 1644 a
349 1617 452 1646 dextris
470 1619 568 1648 Aretes
580 1625 708 1654 stantem,
724 1626 876 1660 eomp05ite
886 1615 973 1656 eane-

185 1669 215 1688 re
230 1671 237 1689 :
255 1663 391 1698 reliquas.
411 1671 475 1692 vero
500 1666 527 1692 in
552 1666 645 1693 orbem
657 1686 665 1699 ,
690 1668 768 1701 quasi
787 1668 972 1701 circumducto

185 1707 279 1742 choro,
299 1709 337 1736 illi
353 1711 494 1739 succinere
507 1719 539 1739 ac
555 1714 730 1748 respondere.

512 1778 646 1814 Hypacae.

221 1839 281 1869 Tibi
310 1851 352 1870 me
374 1851 452 1871 servo
476 1850 591 1878 castam,
617 1852 643 1875 et
665 1849 852 1883 splendentem
876 1855 971 1881 tenens

182 1886 347 1923 lampadem,
363 1888 480 1923 Sponse,
498 1891 548 1917 libi
563 1899 688 1920 occurro.

502 1957 639 1988 Psalmus.

211 2011 339 2045 leitus,
366 2014 501 2050 virgines,
522 2017 652 2047 clamoris
673 2021 820 2050 exeitantis
845 2027 968 2053 mortuos

175 2058 265 2085 ‘sonus
278 2060 361 2092 venit,
377 2060 482 2096 Sponso
492 2063 590 2097 jubens
607 2065 689 2093 simul
700 2075 794 2096 omnes
807 2069 914 2097 obviam
929 2070 968 2099 ire

180 2104 206 2129 in
223 2105 301 2132 stolis
322 2106 391 2133 albis
404 2112 430 2134 et
446 2108 627 2144 lampadibus,
643 2113 774 2141 orientem
787 2122 894 2144 versus.
912 2116 967 2144 Ex-

178 2148 364 2183 pergiscimini
378 2151 535 2188 priusquam
553 2160 668 2191 occupet
683 2156 754 2184 intra
774 2163 868 2193 portas
884 2168 965 2195 pene-

177 2197 251 2222 trare
263 2195 331 2224 llex.

213 2239 273 2266 Tibi
299 2249 342 2268 me
365 2250 445 2270 servo
469 2249 585 2278 castam,
609 2251 637 2274 et
657 2249 844 2283 splendentem
869 2257 964 2280 tenens
980 2251 1003 2279 D

175 2283 338 2320 lampadem,
357 2285 472 2322 Sponse,
488 2291 537 2317 tibi
552 2299 677 2319 occurro.

211 2329 363 2358 Mortalium
378 2333 502 2362 luctuosa
515 2336 596 2364 nimis
610 2345 726 2367 excussa
738 2340 874 2376 felicitate,
888 2350 963 2378 spre-

174 2373 262 2409 tisque
288 2376 350 2404 vita:
366 2378 514 2408 luxuriosa:
529 2382 636 2411 deliciis
659 2392 815 2421 amoreque,
833 2388 887 2415 tuis
903 2373 961 2416 sub

175 2419 247 2447 ulnis
265 2421 414 2451 salutiferis
436 2427 540 2461 protegi
566 2427 701 2462 desidero,
728 2419 853 2459 ctrtuam
872 2434 961 2462 videre

172 2473 290 2500 seraper,
306 2475 322 2494 ο
342 2467 432 2500 Beate.
450 2472 690 2505 pulchritudinem.

207 2509 267 2538 Tibi
297 2520 340 2540 me
367 2522 446 2542 servo
462 2523 575 2550 castam,
602 2525 628 2546 et
656 2522 842 2556 splendentem
865 2530 959 2555 tenens

170 2557 332 2592 lampadem,
349 2559 464 2596 Spouse,
480 2565 527 2591 tibi
545 2573 670 2594 occurro.

206 2601 318 2632 Relictis
339 2608 495 2636 mortalium
519 2612 675 2646 nuptiarum
693 2615 760 2644 toris
777 2623 808 2643 ac
827 2618 918 2651 domo,
941 2628 957 2646 ο

168 2647 237 2681 Rex,
255 2656 366 2686 propter
379 2657 415 2686 te,
434 2657 493 2683 auri
507 2658 586 2691 pleua
601 2659 770 2689 intaminatis
789 2663 816 2689 in
835 2647 955 2693 vestibus

168 2696 240 2727 veni,
263 2703 291 2724 ut
307 2703 334 2724 et
350 2707 400 2735 ego
418 2710 471 2729 una
486 2707 575 2731 tecum
594 2705 664 2733 intra
680 2707 853 2738 beatissimos
868 2712 952 2738 thala-

167 2748 226 2768 mos
241 2743 376 2773 admittar.

202 2786 262 2814 'l‘ibi
290 2797 333 2817 me
359 2799 439 2820 servo
458 2800 578 2828 castam,
596 2801 623 2824 et
646 2800 831 2834 splendentem
857 2807 953 2831 teneas

168 2833 330 2870 lampadem,
351 2837 466 2873 Sponsc,
485 2842 530 2869 libi
547 2833 672 2874 occurro.

1065 1399 1157 1425 Ταῦτα
1172 1397 1219 1425 οὖν
1232 1398 1373 1430 εἰποῦσαν,
1390 1398 1440 1434 ἔφη
1453 1397 1580 1425 κελεῦσαι
1596 1398 1685 1429 πάσας
1700 1398 1818 1432 ἀναστῆ-

1029 1452 1071 1470 ναι
1092 1444 1141 1479 τὴν
1160 1445 1272 1480 Ἀρετὴν
1292 1446 1308 1479 ἡ
1335 1443 1488 1480 Θεοπάτρα.
1514 1445 1560 1471 καὶ
1583 1445 1672 1476 πάσας
1697 1443 1749 1471 ὑπὸ
1769 1444 1819 1479 τὴν

1029 1489 1109 1522 ἄγνον
1120 1490 1327 1526 εὐχαριστήριον
1341 1491 1422 1526 ’ύμνον
1437 1490 1595 1526 πρεπόντως
1607 1489 1768 1524 ἀναπέμψαι
1778 1489 1818 1523 τῷ

1029 1535 1138 1570 Κυρίῳ·
1156 1535 1278 1572 ἐξάρχειν
1297 1536 1387 1572 δὲτὴν
1405 1536 1507 1564 Θέκλαν
1526 1536 1573 1563 καὶ
1587 1535 1817 1572 προαφηγεῖσθαι,

1032 1581 1076 1614 Ὣς
1090 1580 1137 1608 οὖν
1150 1583 1312 1618 ἀνέστησαν,
1328 1583 1376 1618 τὴν
1389 1583 1490 1610 Θέκλαν
1508 1584 1593 1618 μέσην
1610 1583 1659 1618 μὲν
1673 1583 1726 1608 τῶν
1749 1591 1817 1618 παρ-

1027 1627 1120 1660 θένων,
1138 1628 1201 1664 ἔφη,
1218 1630 1249 1656 ὲκ
1273 1629 1367 1662 δεξιῶν
1388 1630 1416 1656 δὲ
1439 1629 1488 1664 τῆς
1508 1629 1619 1665 Ἀρετῆς
1638 1630 1748 1661 στᾶσαν,
1767 1638 1816 1655 κε-

1026 1674 1112 1710 σμίως
1126 1674 1236 1709 ψάλλειν
1246 1683 1252 1689 ·
1268 1674 1317 1706 τὰς
1332 1675 1360 1701 δὲ
1377 1674 1472 1707 λοιπὰς
1485 1677 1513 1701 ὲν
1527 1675 1628 1710 κύκλῳ,
1645 1675 1769 1710 καθάπερ
1785 1676 1815 1701 ἐν

1024 1719 1104 1756 χοροῦ
1119 1715 1240 1755 ’σχήματι
1257 1720 1401 1752 συστάσας,
1417 1720 1563 1747 ὑπακούειν
1577 1721 1656 1756 αὐτῇ.

1346 1786 1450 1813 Ὑπακο
1455 1787 1470 1820 ἡ
1475 1806 1482 1813 .

1064 1855 1184 1889 ’Λγνεύω
1202 1864 1252 1888 σοι,
1271 1856 1317 1883 καὶ
1336 1856 1480 1892 λαμπάδας
1504 1858 1673 1893 φαεσςρόρους
1697 1858 1813 1894 κρατοῦ-

1024 1909 1067 1933 σα,
1083 1901 1201 1937 Νυμφίε,
1218 1902 1362 1929 ὑπαντάνω
1376 1911 1426 1928 σοι.

1349 1971 1481 2003 Ψαλμῦς.

1058 2025 1186 2057 Ἀνιυθεν,
1203 2026 1340 2061 παρθένοι,
1360 2025 1423 2060 βοῆς
1439 2027 1627 2062 ὲγερσίνεκρος
1649 2025 1714 2063 ἦχος
1728 2025 1808 2063 ἦλθε,

1020 2071 1138 2107 Νυμφίῳ
1152 2072 1236 2105 λέγων
1252 2071 1369 2098 πασσυδὶ¹
1385 2072 1546 2099 ὑπαντάνειν
1562 2073 1684 2100 λευκέσιν
1701 2074 1730 2099 ἐν
1744 2083 1807 2100 στο-

1020 2117 1077 2149 λαῖς
1102 2118 1148 2144 καὶ
1175 2117 1308 2153 λαμπάσι,
1335 2119 1403 2154 πρὸς
1426 2120 1567 2151 ἀνατολάς.
1584 2120 1716 2155 Ἔγρεσθε
1741 2122 1808 2156 πρὶν

1020 2164 1109 2200 φθάσῃ
1128 2164 1219 2200 μολεῖν
1231 2165 1296 2191 εἴσω
1309 2165 1398 2200 θυρῶν
1415 2165 1509 2199 Ἂναξ.

1057 2255 1175 2289 Ἀγνεύω
1191 2265 1242 2287 σοι,
1260 2256 1307 2283 καὶ
1328 2256 1471 2291 λαμπάδας
1494 2257 1664 2293 φαεσφόρους
1689 2258 1792 2293 κρατοῖ)

1015 2309 1058 2332 σα,
1077 2301 1196 2335 Νυμῳὶε,
1212 2301 1357 2328 ὑπαντάνω
1370 2309 1419 2327 σοι.

1049 2345 1156 2381 Βροτῶν
1174 2346 1386 2372 πολυπένακτον
1401 2346 1478 2374 ὄλϐον
1496 2348 1661 2382 ἐκφυγοῦσα,
1680 2349 1726 2375 καὶ
1741 2348 1800 2384 βίου

1011 2392 1117 2427 τρυφῆς
1131 2392 1237 2424 ἁδονὰς,
1255 2393 1353 2429 ἔρωτα,
1370 2395 1429 2425 σαῖς
1442 2395 1486 2421 ὑπ’
1499 2395 1632 2429 ἀγκάλαις
1648 2395 1801 2432 ςωηφόροις

1012 2437 1087 2464 ποθῶ
1105 2437 1267 2472 σκέπτεσθαι,
1283 2439 1330 2465 καὶ
1355 2439 1463 2474 βλέπειν
1485 2440 1515 2466 τὺ
1538 2440 1582 2468 σὸν
1598 2441 1694 2473 κάλλος
1709 2442 1799 2477 διηνε-

1011 2483 1077 2515 κῶς,
1092 2484 1203 2519 Μάκαρ.

1053 2530 1172 2564 Ἀγνεύω
1200 2539 1250 2563 σοι,
1267 2532 1313 2558 καὶ
1330 2531 1472 2568 λαμπάδας
1495 2534 1663 2569 φαεσφόρους
1685 2534 1798 2570 κρατοῦ-

1011 2583 1055 2606 σα,
1068 2576 1187 2610 Νυμφίε,
1203 2577 1347 2604 ὺπαντάνω
1366 2587 1415 2605 σοι.

1044 2622 1142 2657 Γάμων
1158 2622 1274 2650 λιποῦσα
1283 2624 1316 2650 τὰ
1328 2624 1411 2659 θνητὰ
1423 2625 1532 2660 λέκτρα,
1545 2626 1591 2652 καὶ
1604 2626 1795 2661 ὄόμον,¹Ἀναξ,

1007 2667 1051 2694 διὰ
1068 2668 1107 2699 σὲ,
1124 2668 1300 2704 πολύχρυσον,
1317 2669 1397 2706 ἦλθον
1411 2672 1534 2704 ἁσπίλοις
1549 2674 1577 2699 ἐν
1592 2674 1711 2709 εἵμασιν,
1722 2675 1798 2706 ὅπως

1008 2714 1102 2747 φθάσω
1118 2715 1195 2748 κάγὼ
1211 2717 1360 2744 πανολῆίων
1384 2718 1511 2754 θαλάμων
1535 2721 1601 2746 εῐσω
1623 2721 1671 2748 σὺν
1693 2721 1733 2747 σοὶ
1751 2729 1797 2756 μο-

1008 2761 1074 2787 λεῖν.

1049 2805 1167 2840 Ἀγνεύω
1189 2815 1240 2839 σοι,
1259 2808 1306 2835 καὶ
1321 2809 1465 2844 λαμπάδας
1488 2813 1658 2847 φαεσφόρους
1682 2814 1795 2849 κρατεῦ-

1009 2860 1051 2881 σα,
1071 2852 1188 2882 Νυαξίε.
1203 2855 1348 2882 ὐπαντάκιω
1366 2865 1416 2883 σοι.
1568 2859 1572 2863 ’
