1920 3070
171 41 224 70 (2ίῦ

651 42 680 69 S.
700 41 865 69 METHODil
881 41 1035 69 EPISL‘OPI
1056 41 1097 68 il'l‘
1118 41 1297 68 MARTYRLS

1744 38 1822 65 216

208 96 310 125 GHEG.
328 97 400 126 Vexa
417 101 446 125 ut
458 98 542 126 libet:
561 106 609 134 per
630 106 673 125 me
703 98 775 126 licet.
794 98 849 134 Ego
865 99 936 125 enim

1041 98 1138 124 ΓΡΗΓ.
1166 97 1235 124 Ἀλλ’
1250 95 1448 131 ἀντιλαμὸάνου
1463 96 1515 130 ὅπη
1539 95 1586 122 καὶ
1610 94 1714 126 θέλεις”
1739 94 1823 128 ἐγὼ

175 143 328 177 Eubulium,
341 143 448 171 abunde
475 143 541 171 mihi
567 148 710 180 suppetere
725 145 845 171 arbitror
859 152 912 179 quo
929 148 955 171 te

173 191 294 223 doceam,
310 195 439 226 praestare
452 199 513 219 eum
534 191 580 227 qui
597 199 651 218 non
675 191 845 226 concupiscit
859 200 865 218 :
883 191 954 226 quod

173 237 198 263 ni
212 241 298 268 tenes,
313 244 394 264 nemo
409 237 461 265 erit
474 237 520 273 qui
537 245 591 265 non
603 242 708 273 arguat.

207 281 331 310 EUBUL.
346 282 442 318 Papte!
459 282 569 311 Gaudeo
585 284 656 310 cnim
672 284 837 318 respondere
851 288 876 311 lc
889 283 953 310 mihi

171 328 323 364 magnifice,
335 336 368 356 ac
381 333 483 364 quanta
497 329 628 367 sapientia
643 329 737 357 aflluas
752 334 899 358 ostentare.

204 420 307 448 GBEG.
326 421 463 453 Cavillari,
475 429 506 448 ac
525 429 629 449 mecmn
645 421 732 456 jocari
746 421 854 453 videris,
871 430 887 448 ο
900 422 952 448 Eu-

169 466 284 494 bulium.

203 511 327 538 EUBUL.
346 511 414 544 Quid
430 512 466 538 ita
485 513 569 539 vero?

203 556 305 584 GREG.
327 558 403 590 Quod
419 566 472 584 non
489 565 560 589 vere,
578 557 625 584 sed
643 557 695 584 mei
723 557 812 592 potius
836 557 951 583 irriden-

168 602 209 630 (ιε
230 611 324 634 causa,
341 603 403 629 talia
418 610 563 630 memores.

203 647 326 676 EUBUL.
341 648 414 676 Bona
431 648 523 681 verba,
535 656 638 683 quaeso,
650 658 665 676 ο
681 649 758 676 beata
772 659 778 675 :
794 652 866 675 tuam
878 649 950 676 enim

167 695 337 730 prudentiam
355 696 548 731 exquisitthue
563 695 701 730 sapientia:
717 695 780 727 vim,
805 695 948 730 plurimum

168 741 286 768 admiror
300 748 332 768 ac
346 741 417 768 colo.
437 739 499 767 Haec
515 744 604 767 autem
621 748 654 767 eo
670 741 725 767 dixi
741 741 813 775 quod
841 741 875 768 de
889 741 950 775 qui-

167 786 217 814 bus
234 786 311 814 multi
325 787 475 822 sapientum
492 787 591 822 smpius
609 787 724 814 invicem
740 786 902 822 disceptant,
919 795 950 814 ea
966 776 987 803 Β

167 839 222 858 non
234 832 315 858 modo
330 832 400 859 scire
416 834 442 858 lc.
455 832 534 864 dicis,
550 839 644 859 verum
657 833 736 859 etiam
749 832 817 859 alios
833 836 859 859 te
871 840 950 867 posse

167 876 264 904 docere
276 877 412 912 gloriaris.
516 908 531 924 '

201 920 301 948 GREG.
317 920 386 948 Num
401 921 473 948 enim
498 920 570 954 vere,
587 921 640 952 dic,
658 921 748 953 sodes,
766 922 879 950 moleste
902 922 950 949 ha-

167 965 204 993 be.
217 983 225 995 ,
247 967 491 999 Ρηεειιιιτεοιηιιὶιιο
508 967 554 1001 qui
570 975 623 993 non
636 968 842 1002 concupiscant,
857 968 890 996 iis
902 968 949 1002 qui

166 1012 389 1047 concupiscentes
412 1020 472 1040 sese
497 1014 638 1040 continent
663 1018 690 1040 et
716 1021 731 1039 a
754 1013 949 1048 cupiditatibus

165 1059 335 1092 temperant?
346 1059 386 1086 An
401 1067 514 1094 prorsus
530 1067 578 1094 per
594 1059 646 1086 ista
661 1059 725 1086 mihi
741 1060 848 1088 illudis?

200 1101 323 1130 EUBUL.
338 1103 396 1137 Qua
420 1112 484 1132 vero
506 1105 610 1133 ratione
634 1109 743 1132 tentans
767 1105 864 1141 lnqnor
888 1113 948 1141 quae

164 1148 270 1176 nescire
287 1157 328 1176 me
342 1149 445 1177 fatear?
463 1149 515 1178 Sed
531 1159 589 1186 age,
602 1152 711 1186 loquere
725 1151 793 1186 jam,
805 1151 948 1186 sapientis-

164 1194 232 1225 sima
249 1203 254 1220 :
274 1194 300 1220 in
314 1202 431 1229 quonam
446 1197 592 1229 excellunt,
607 1197 654 1232 qui
679 1205 733 1224 non
752 1198 947 1232 concupiscen-

163 1242 204 1266 tes
219 1240 287 1268 casti
304 1244 383 1274 sunt,
400 1249 482 1276 supra
500 1242 559 1270 illos
584 1243 631 1277 qui
646 1243 875 1278 concupiscentiae
891 1244 947 1271 col-

163 1284 296 1313 luctantes
309 1285 490 1320 virginitatem
501 1288 626 1315 servant?

197 1329 298 1357 GREG.
317 1329 345 1357 In
359 1339 391 1358 eo
402 1333 517 1366 primum
530 1333 600 1367 quod
613 1335 699 1367 ipsum
712 1335 830 1362 animum
848 1343 946 1370 purum

162 1375 271 1406 habent.
287 1384 319 1403 ac
336 1377 362 1403 in
382 1385 414 1404 eo
427 1376 544 1412 Spiritus
567 1385 678 1406 sanctus
702 1388 809 1415 semper
823 1381 944 1413 habitat,

161 1428 241 1455 quem
256 1421 347 1448 nullus
358 1421 790 1457 distrahatcogitationumaestus,
803 1434 945 1453 serenum-

161 1475 214 1501 que
234 1468 332 1495 mentis
358 1468 486 1503 impudici
503 1475 592 1497 motus
617 1479 767 1506 sensusque
794 1473 859 1499 nulli
884 1473 945 1506 infi-

160 1513 243 1546 ciant,
261 1516 289 1540 ut
304 1513 343 1541 vel
360 1521 391 1541 ea
413 1519 489 1549 parte
516 1515 595 1542 ullam
617 1505 734 1551 unquam
762 1517 883 1544 incurrat
907 1505 945 1544 la-

161 1559 220 1586 hem
234 1568 241 1586 :
257 1559 302 1594 qui
317 1561 444 1587 nimirum
458 1566 514 1587 tum
530 1570 611 1589 carne
629 1567 684 1589 Ιιιιιι
707 1564 814 1596 animo,
843 1565 944 1592 sedatis

160 1605 301 1634 atlectibus
317 1614 348 1633 ac
363 1607 510 1641 tranquillo
523 1607 660 1642 fruentes,
686 1610 862 1645 cupiditatem
887 1619 945 1638 om-

160 1651 234 1678 nino‘
242 1659 296 1679 non
306 1652 462 1680 admittunt.
481 1653 532 1686 Qui
550 1662 613 1682 vero
628 1663 757 1683 sensuum
768 1656 834 1683 visis
849 1657 941 1690 illecti,

159 1697 285 1724 obscenis
302 1697 393 1726 animo
418 1699 582 1735 imaginibus
598 1701 742 1729 turbantur
754 1721 761 1734 ,
788 1701 942 1730 distillatio-

159 1750 275 1778 nemque
286 1744 356 1771 velut
375 1753 423 1780 per
438 1745 521 1773 rimas
533 1747 560 1773 in
576 1754 623 1774 cor
639 1747 776 1775 inﬂuentis
785 1748 942 1783 cupiditatis

158 1788 302 1824 recipiunt,
323 1791 434 1825 perinde
447 1793 545 1827 saepius
561 1793 728 1828 polluuntur,
744 1797 892 1830 putantque
913 1803 942 1822 se

158 1834 244 1862 obniti
264 1839 345 1871 atque
361 1845 452 1873 pugna
468 1838 588 1874 defungi,
603 1847 665 1866 eum
681 1840 773 1867 animo
785 1841 939 1868 vincantur.

193 1880 318 1909 EUBUL.
335 1881 405 1918 Ergo
418 1891 500 1918 puros
513 1892 559 1912 cos
574 1885 695 1913 dicemus
707 1886 753 1920 qui
766 1894 862 1913 sereno
880 1894 942 1921 gau-

157 1926 254 1959 deant,
276 1935 307 1955 ac
325 1929 423 1964 quibus
440 1931 578 1968 cupiditas
591 1940 639 1960 seu
660 1932 745 1959 libido
763 1933 830 1960 nihil
856 1933 940 1960 inter-

157 1973 245 2006 turbet
253 1974 264 2000 i

192 2018 294 2047 GREG.
311 2020 421 2056 Utique.
436 2022 492 2051 llos
511 2024 583 2051 enim
597 2025 675 2058 tales,
687 2025 734 2060 qui
754 2029 780 2052 et
795 2025 860 2053 deos
875 2025 940 2052 facit

157 2066 185 2094 in
198 2066 427 2101 beatitudinibus,
443 2069 594 2098 indubitata
612 2075 702 2099 tuente
724 2072 866 2100 credentes
878 2091 886 2104 ,
910 2071 940 2098 li-

1005 145 1059 180 γὰρ
1081 144 1189 176 ἰνακῶς,
1210 141 1232 170 ὧ
1253 143 1406 176 Εὑῦούλιον,
1420 142 1522 176 διδάξαι
1543 151 1572 168 σε
1588 141 1652 177 ἔχω,
1676 142 1717 168 ὅτι
1748 141 1818 167 τοῦ

1005 189 1199 225 ἐπιθυμοῦντος
1213 189 1226 214 ὁ
1243 189 1279 224 μὴ
1293 188 1433 223 ἐπιθυμῶν
1447 188 1580 224 κρείσσων
1593 187 1649 213 ἐστι
1661 195 1668 202 ·
1685 187 1731 213 καὶ
1753 180 1838 213 oio-7

1004 236 1058 267 δεὶς
1073 237 1103 262 οὺ
1122 236 1158 270 μή
1176 244 1205 261 σε
1220 235 1327 271 ἐλέγξῃ.

1039 282 1185 309 ΕΥΒΟΥΛ.
1207 281 1307 308 Βαὸαίί
1327 281 1420 315 Χαίρω
1436 279 1499 314 γὰρ,
1509 279 1548 305 ὃτι
1563 287 1606 314 μοι
1622 277 1813 313 μεγαλοφρό-

1004 338 1056 360 νως
1072 328 1216 364 ἀποκρίνῃ,
1232 328 1278 354 καὶ
1292 326 1421 358 δεικνύεις
1444 326 1505 352 ὅσον
1530 324 1720 359 πεπλούτηκας
1747 323 1811 350 ἐπὶ

1004 375 1094 410 σοφίᾳ.

1039 421 1136 447 ΓΡΗΓ.
1157 421 1277 451 κωτίλος
1290 419 1345 454 (61)
1362 428 1413 451 τις,
1430 419 1468 450 ὡς
1483 418 1579 450 ἔοικεν,
1594 416 1737 452 ἄνθρωπος
1753 413 1807 441 εἶ-

1003 476 1046 494 ναι
1059 467 1157 498 δοκεῖς,
1173 464 1195 493 ὧ
1213 466 1368 492 Εὐϐούλιον.

1037 513 1182 539 ΕΥΒΟΥΛ.
1202 513 1280 543 Τίνος
1293 511 1324 546 δὴ
1341 511 1433 547 χάριν;

1036 559 1135 586 ΓΡΗΓ.
1158 559 1217 585 Ὅτι
1243 557 1428 593 τωθαζόμενος
1451 565 1483 592 με
1500 556 1587 583 ταῦτα
1609 556 1696 589 λέγεις
1719 553 1803 589 μᾶλ-

1001 605 1055 637 λον,
1069 605 1086 640 ἣ
1100 604 1247 639 ἀληθεύων.

1036 650 1180 676 ΕΥΒΟΥΛ.
1204 649 1378 684 Εὐφήμησον,
1396 644 1417 674 ὦ
1433 646 1568 683 μακαρία·
1586 643 1718 680 θαυμάζω
1733 643 1801 678 γὰρ

1002 697 1102 731 σφόδρα
1125 704 1172 721 σου
1196 695 1226 721 τὸ
1247 695 1353 721 συνετὸν
1369 694 1414 720 καὶ
1431 691 1614 729 μεγαλόδοξον.
1624 690 1694 725 Ἐγὼ
1707 690 1800 716 τοῦτο

1001 743 1078 778 ἔφην,
1095 743 1135 769 ὅτι
1152 742 1215 776 περὶ
1227 738 1263 767 ὧν
1277 740 1368 767 πολλοὶ
1384 740 1451 776 πρὸς
1465 739 1576 770 ἑαυτοὺς
1590 738 1718 768 πολλάκις
1735 737 1798 770 ἅμ-

1002 788 1160 824 φισϐητοῦσι
1175 788 1261 822 σοφοὶ,
1276 786 1361 813 ταῦτα
1375 787 1403 812 οὐ
1421 786 1498 821 μόνον
1513 784 1675 811 ἐπίστασθαι
1690 784 1723 810 σὺ
1743 782 1798 808 λέ-

1001 844 1069 870 γεις,
1084 834 1150 861 ἀλλὰ
1163 834 1210 861 καὶ
1225 834 1358 860 διδάσκειν
1371 833 1462 868 ἕτερον
1477 831 1606 867 σεμνύνῃ.

1036 922 1132 950 ΓΡΗΓ.
1154 923 1189 949 Σὺ
1215 922 1269 957 γὰρ
1291 920 1320 953 ἐξ
1342 921 1478 957 ἀληθείας.
1495 919 1555 946 είπέ
1572 928 1627 954 μοι,
1642 919 1796 954 δυσχεραί-

1000 978 1065 1001 νεις,
1083 970 1106 995 εἰ
1125 968 1297 1004 διαφέρουσιν
1319 967 1386 998 ὅλως
1401 966 1456 1002 ((32)
1481 967 1505 992 οἱ
1529 965 1566 1001 μὴ
1589 964 1794 1000 ἐπιθυμοῦντες

999 1016 1052 1043 τῶν
1067 1014 1269 1050 ἐπιθυμούντων
1289 1022 1317 1040 τε
1337 1014 1383 1040 καὶ
1402 1012 1642 1048 ὲγκρατουμὲνων;
1663 1012 1698 1038 Ἦ
1714 1011 1792 1039 πάν-

998 1071 1053 1094 τως
1070 1061 1137 1097 ὲμοῦ
1150 1060 1236 1088 ταῦτα
1253 1059 1450 1096 προσπαίζεις;

1035 1107 1180 1134 ΕΥΒΟΥΛ.
1202 1107 1257 1133 Καὶ
1273 1106 1331 1137 πῶς
1347 1104 1558 1141 ἀποπειρωμένη
1572 1103 1637 1138 (65),
1655 1104 1671 1139 ἣ
1686 1104 1790 1139 ὁμολο-

999 1154 1039 1188 γῶ
1057 1154 1093 1189 μὴ
1109 1154 1206 1180 εἰδέναι
1219 1162 1226 1186 ;
1245 1153 1313 1179 Ἀλλ’
1330 1152 1376 1182 ίθι,
1390 1152 1492 1188 φράσον
1507 1151 1578 1185 ἐμοὶ,
1591 1146 1612 1175 ὧ
1628 1150 1787 1184 σοφωτάτη,

998 1200 1050 1226 τίνι
1067 1199 1237 1234 διαφέρουσιν
1255 1198 1279 1224 oi
1296 1197 1332 1232 μὴ
1350 1196 1545 1230 ἐπιθυμοῦντες
1561 1196 1608 1221 καὶ
1624 1194 1787 1229 ἁγνεύοντες

998 1246 1051 1272 τῶν
1067 1245 1268 1280 ἐπιθυμούντων
1284 1252 1313 1270 τε
1329 1243 1376 1270 καὶ
1392 1241 1609 1278 παρθενευόντων

1033 1337 1129 1363 ΓΡΠΓ.
1149 1337 1207 1363 ’Ὁτι
1224 1335 1331 1371 πρῶτον
1355 1334 1404 1370 μὲν
1427 1333 1548 1369 καθαρὰν
1571 1332 1676 1367 ἔχουσιν
1695 1330 1784 1366 mea;

996 1383 1044 1418 τὴν
1061 1383 1158 1418 ψυχὴν,
1175 1383 1220 1408 καὶ
1235 1382 1277 1408 ἀεὶ
1290 1381 1321 1408 τὸ
1336 1380 1447 1415 Πνεῦμα
1459 1380 1487 1406 τὸ
1500 1380 1575 1413 ἅγιον
1589 1380 1617 1405 ἐν
1632 1379 1698 1413 αὐτῇ
1717 1385 1784 1404 κατ-

997 1429 1081 1460 οικεῖ,
1108 1428 1144 1462 μὴ
1162 1426 1373 1462 περιελκομὲνης
1393 1425 1477 1460 αὐτῆς
1500 1425 1547 1451 καὶ
1571 1423 1783 1458 ὲπιθολουμένης

997 1473 1153 1508 φαντασίαις
1169 1473 1215 1499 καὶ
1229 1472 1366 1507 λογισμοῖς
1377 1471 1522 1506 ἀκρασίας,
1538 1470 1606 1496 ὥστε
1620 1470 1725 1505 καὶτῆς
1738 1471 1782 1496 ὲν-

995 1520 1137 1556 θυμήσεως
1150 1519 1349 1554 ἐπιλωϐηθῆναι
1366 1527 1429 1545 ποτε
1442 1527 1448 1533 ·
1465 1518 1520 1545 ἀλλ’
1533 1518 1600 1544 εἰσιν
1612 1517 1780 1543 ἁνεπίόεκτοι

995 1566 1082 1600 πάντη
1097 1565 1144 1591 καὶ
1157 1566 1227 1592 κατὰ
1239 1564 1287 1600 τὴν
1301 1564 1389 1599 σάρκα
1403 1564 1451 1590 καὶ
1461 1563 1508 1599 τὴν
1521 1563 1633 1599 καρδίαν
1647 1561 1717 1589 οὗτοι
1729 1563 1780 1597 τῆς

995 1611 1152 1646 ἐπιθυμίας,
1168 1610 1287 1645 γαλήνην
1306 1610 1417 1644 ἄγοντες
1439 1609 1492 1636 τῶν
1509 1608 1686 1644 παθημάτων.
1704 1609 1735 1634 Οἱ
1750 1608 1779 1634 δὲ

993 1657 1036 1684 διὰ
1052 1656 1101 1692 τῆς
1116 1655 1202 1690 ὂψεως
1218 1655 1315 1688 ἔξωθεν
1329 1654 1514 1689 δελεαζόμενοι
1531 1656 1589 1686 ταῖς
1607 1654 1777 1689 φαντασίαις,

993 1700 1039 1726 καὶ
1052 1699 1245 1735 ὲπεισρέουσαν
1257 1699 1394 1734 δεχόμενοι
1407 1698 1455 1734 τὴν
1470 1699 1614 1733 ἐπιθυμίαν
1628 1698 1704 1734 δίκην
1717 1698 1778 1733 ῥεύ-

994 1755 1077 1780 ματος
1093 1747 1133 1778 εἰς
1149 1746 1209 1781 τὴν·
1219 1745 1342 1780 καρδίαν,
1359 1745 1434 1771 οὐδὲν
1448 1743 1528 1780 ἦττον
1546 1744 1702 1780 μολύνονται
1715 1745 1778 1770 πολ-

991 1792 1078 1824 λάκις,
1102 1793 1148 1818 καὶ
1170 1792 1324 1827 νομίζουσιν
1344 1791 1564 1826 ἀντιφιλονεικεῖν
1581 1791 1627 1817 καὶ
1645 1790 1776 1826 μάχεσθαι

992 1837 1059 1873 πρὸς
1074 1837 1122 1868 τὰς
1137 1837 1242 1872 ἡδονὰς,
1257 1836 1407 1872 ἡττώμενοι
1419 1836 1465 1863 τὸν
1480 1835 1617 1871 λογισμόν.

1026 1883 1171 1910 ΕΥΒΟΥΛ.
1193 1883 1296 1910 Οὐκοῦν
1313 1885 1374 1914 τοὺς
1385 1883 1505 1918 γαλήνην
1519 1883 1642 1916 ἄγοντας,
1667 1882 1713 1909 καὶ
1738 1881 1775 1917 μὴ

990 1929 1194 1965 διοχλουμένους
1215 1929 1268 1956 ὑπὸ
1291 1929 1342 1964 τῆς
1364 1928 1527 1964 ἐπιθυμίας,
1551 1928 1663 1963 λέξομεν
1691 1928 1775 1955 καθα-

991 1975 1069 2010 ρούς;

1025 2020 1123 2047 ΓΡΙΙΓ.
1144 2021 1198 2047 Καὶ
1222 2020 1302 2055 μάλα.
1317 2019 1434 2051 Τούτους
1457 2020 1510 2056 γὰρ
1535 2019 1671 2051 τοιούτους
1691 2021 1704 2046 ὁ
1729 2021 1773 2048 καὶ

990 2067 1067 2098 Geo-‘4;
1081 2067 1123 2093 διὰ
1137 2067 1190 2092 τῶν
1204 2065 1384 2101 μακαρισμῶν
1393 2065 1615 2101 ἀπεργαζόμενος
1625 2066 1687 2098 τοὺς
1695 2066 1770 2092 ἀνεν-

156 2111 220 2139 bere
231 2111 315 2140 Deum
335 2113 443 2142 visuros
467 2115 537 2144 Deus
554 2118 711 2151 pronuntiat
723 2119 765 2145 ’πε
783 2118 855 2153 quod
871 2117 938 2144 nihil

1002 2114 1118 2145 ῖοιὰστως
1150 2112 1224 2148 αὐτῷ
1248 2111 1422 2143 πιστεύοντας
1452 2111 1528 2143 Θεὸς,
1554 2111 1667 2146 ὄψεσθαι
1706 2113 1771 2147 μετὰ

153 2156 317 2190 obscurans,
331 2163 378 2186 aut
392 2159 491 2187 mentis
513 2161 620 2189 oculum
634 2162 784 2190 obturbans
799 2162 914 2190 alterunt
928 2182 935 2196 ,

191 2226 214 2242 ι’
238 2225 334 2253 Matth.
350 2235 376 2260 ν,
392 2227 419 2254 8.

152 2287 213 2324 ejus
221 2287 338 2324 sedicta
351 2292 475 2315 astruere
490 2296 520 2315 ac
535 2290 689 2323 opinionem
702 2290 936 2324 fulcire,diceret:

151 2323 212 2359 etsi
220 2323 242 2350 is
257 2323 294 2349 illi
312 2323 380 2350 forte
396 2331 495 2359 scapus
510 2325 701 2358 disputationis
714 2323 839 2353 exsistat.
851 2326 935 2354 Cotta.

187 2357 399 2393 (61)Κωτί.λος.
420 2357 456 2386 ita
480 2357 631 2387 Possinius.
662 2361 695 2386 At
716 2361 831 2389 Allatius
864 2362 938 2387 Σκω-

152 2392 256 2424 πτίλος,
269 2393 392 2420 "tardum.
409 2393 446 2421 In.

188 2428 285 2463 (6'2)El
301 2428 493 2463 διαφέρουσιν
504 2430 589 2463 ὅλως.
606 2429 676 2457 Bene
694 2430 845 2462 Possinius.
870 2438 937 2464 prm—

152 2467 232 2500 stare,
258 2471 312 2500 quo
329 2472 410 2500 sensu
430 2473 494 2491 voce
516 2465 716 2500 διαφορώτερον
744 2474 810 2493 usus
835 2465 936 2493 Paulus

154 2496 234 2535 llebr.
248 2496 310 2530 ιξι,
328 2499 372 2526 tibi
403 2500 517 2534 interpr.
537 2496 717 2535 differentias;
738 2501 810 2535 quod
834 2501 936 2528 clarius

152 2532 260 2564 fuisset,
277 2536 456 2567 pra‘stantitts,
477 2532 660 2562 excoli—cuiius.
683 2532 753 2563 Bene
768 2540 856 2562 autem
881 2535 935 2562 Me-

151 2568 263 2605 thodius
280 2569 305 2594 in
319 2576 434 2603 persmia
449 2570 570 2603 Gregorii
588 2572 690 2604 primas
707 2571 802 2597 tribuit
829 2571 872 2597 his
888 2571 935 2605 qui

152 2603 381 2641 suntdcpurgatze
395 2606 505 2636 mentis,
517 2609 543 2632 ct
559 2603 642 2639 ipsam
660 2606 747 2641 adepti
765 2609 829 2632 sunt
841 2603 937 2640 imper-

151 2638 314 2665 turbationis
337 2646 436 2676 arcem,
458 2646 486 2666 ut
502 2649 554 2676 nec
568 2638 687 2676 ianiinns
712 2638 934 2676 cogitationibus.

151 2681 200 2699 nec
215 2681 315 2708 corpus
335 2673 405 2700 ftcda
428 2675 481 2701 ulla
510 2675 621 2702 libidine
638 2673 761 2706 sordeat:
786 2676 832 2703 sed
862 2680 935 2703 totus

151 2707 231 2735 homo
248 2708 293 2735 Dei
306 2709 486 2736 habitaculum
499 2710 702 2744 pacatissimam
714 2711 838 2741 exsistat,
848 2718 934 2744 quatt—

151 2747 207 2780 tum
222 2751 274 2780 iper
289 2744 337 2770 via:
355 2748 453 2780 statum
468 2744 581 2779 ejusque
607 2746 800 2780 perfectionem
817 2746 932 2773 necdum

150 2778 302 2806 absolutam
319 2783 344 2805 ct
358 2779 385 2804 in
405 2779 521 2806 termino
539 2778 617 2812 licet}
642 2782 750 2808 tametsi
774 2781 825 2808 hoc
843 2781 931 2808 ipsum

992 2160 1145 2196 παρρησίας
1165 2158 1367 2192 ἀποφθέγγεται
1390 2158 1436 2184 τὸν
1460 2157 1525 2184 Θεόν
1538 2166 1544 2172 ·
1563 2158 1604 2184 ὅτι
1620 2157 1702 2193 μηδὲν
1716 2158 1771 2184 ἐπι-

990 2293 1112 2317 evertere
1128 2289 1232 2316 videtur
1247 2288 1274 2315 in
1288 2295 1403 2322 persona
1420 2286 1527 2314 Eubulii
1546 2294 1552 2312 :
1570 2293 1631 2322 qua:
1648 2286 1705 2320 ipsa
1716 2293 1766 2313 neu

989 2325 1105 2352 arduum
1120 2324 1276 2351 conciliare.
1287 2321 1367 2358 penes
1385 2322 1501 2350 arduum
1516 2329 1549 2349 ex
1569 2321 1676 2356 objecta
1697 2326 1724 2349 et
1737 2329 1765 2349 ex

989 2360 1103 2393 subjecti
1118 2359 1331 2394 itnperlectione.
1347 2358 1386 2394 In.

1024 2390 1077 2429 (65)
1095 2390 1164 2427 Πώξ
1175 2393 1409 2429 ἀποπειρωμένη.
1422 2391 1566 2419 Eubulium
1584 2390 1676 2429 refert,
1691 2399 1764 2429 _non_.

989 2434 1018 2457 ut
1028 2427 1183 2460 Possinius,
1196 2428 1354 2463 Gregorium
1369 2436 1376 2460 ;
1394 2428 1464 2463 apud
1479 2435 1558 2462 quem
1583 2427 1652 2463 male
1672 2427 1713 2457 τὸ,
1735 2427 1764 2461 μὶ

987 2465 1097 2493 εἰδέναι,
1124 2472 1182 2499 pro,
1210 2462 1366 2499 uh’eiaévat.
1388 2462 1467 2491 Clara
1479 2462 1612 2489 sententia
1631 2463 1765 2499 :ostcndit

987 2508 1041 2526 non
1059 2496 1179 2526 tentandi
1198 2496 1280 2526 causa
1296 2499 1450 2533 percontari
1464 2505 1525 2532 qum
1545 2505 1574 2524 sc
1595 2497 1702 2533 nescire
1729 2496 1764 2522 fa-

987 2539 1090 2567 teatur;
1110 2535 1148 2561 uti
1169 2535 1250 2561 etiam
1272 2532 1389 2560 reddidit
1403 2534 1528 2562 Allatius,
1540 2532 1611 2567 apud
1635 2540 1713 2566 quem
1725 2536 1763 2558 est

987 2570 1167 2597 masculinum
1184 2568 1407 2604 ἀποπειρώμενος
1422 2578 1428 2595 :
1448 2569 1487 2595 sic
1501 2569 1581 2604 etiam
1595 2574 1676 2604 supra
1703 2574 1762 2604 pro-

987 2605 1103 2637 miscue,
1116 2605 1174 2631 sive
1192 2605 1226 2631 ab
1244 2601 1397 2638 antiquario
1412 2608 1454 2631 est
1469 2604 1526 2630 haec
1540 2601 1698 2637 ἀδιαφορία,
1710 2602 1762 2628 sive

987 2640 1022 2675 ab
1046 2641 1103 2674 ipso
1126 2639 1279 2672 Melhodio;
1298 2637 1402 2666 ratione
1416 2647 1431 2665 a
1449 2647 1491 2665 me
1514 2638 1569 2675 jam
1584 2645 1616 2663 ex
1637 2637 1763 2675 Apostolu

988 2671 1138 2706 insinuata,
1150 2675 1222 2709 quod
1236 2676 1262 2701 in
1273 2671 1399 2704 Christo.
1418 2677 1444 2700 (At
1460 2677 1489 2699 ut
1508 2671 1549 2709 sis
1572 2671 1761 2709 sponsa_Clt_ri-

987 2711 1021 2736 sti
1032 2718 1064 2737 ac
1080 2706 1166 2745 virgo;
1183 2710 1294 2744 perinde
1311 2713 1363 2742 cst,
1379 2709 1435 2736 sive
1449 2708 1586 2735 masculus
1599 2707 1655 2734 sive
1668 2706 1759 2734 femina

987 2747 1034 2773 sis.
1050 2745 1086 2774 lu.
