1920 3070
55 108 104 131 ΞΠ

603 107 794 136 CONVIVIUM
815 106 929 135 DECE.“
950 106 1131 135 VIRGINUM.

1628 107 1682 134 213

57 163 164 190 σκοτοῦν
176 164 194 199 ἢ
208 165 393 200 συνταράσσον
407 166 453 192 τὸν
467 165 603 201 ὀφθαλμὸν
617 165 666 201 τῆς
677 165 765 200 ψυχῆς
778 165 844 200 προς

906 172 950 199 luo
964 165 1056 192 minus
1078 165 1105 191 in
1132 163 1179 191 Dei
1204 163 1336 192 visionem
1354 163 1514 199 intendant;
1539 164 1586 193 sed
1609 166 1683 192 omni

57 209 102 244 τὴν
114 209 188 236 θείαν
205 210 382 246 ἐπιφέρονται
400 211 531 248 Θεωρίαν·
544 211 600 238 ἀλλ’
616 212 693 243 ἐκτὸς
706 211 846 246 γεγονότες

57 256 107 282 τῶν
123 255 239 292 ὀρέξεων
251 257 339 292 πάντη
354 257 413 284 τῶν
429 257 577 293 κοσμικῶν,
592 257 640 293 τὴν
661 258 748 293 σάρκα
762 257 846 284 καθα-

60 302 104 336 ρὰν
126 302 156 328 οὐ
182 302 275 336 μόνον,
291 303 329 334 ὼς
349 303 430 338 ἔφην,
448 303 547 339 μίξεως
567 303 706 339 τηροῦσιν,
725 303 781 330 ἀλλ’
795 303 845 338 ἤδη

59 348 100 374 καὶ
114 348 165 383 τὴν
178 349 295 384 καρδίαν
311 350 486 376 ἀνεπίδεκτον
501 350 638 384 λογισμῶν
657 350 802 385 ἀκρασίας,
817 351 845 376 ὲν

59 391 73 430 ᾗ
88 393 204 428 μάλιστα
228 395 276 421 καὶ
295 395 325 422 τὸ
347 396 436 430 ἅγιον,
449 395 486 428 ὡς
500 397 529 422 ὲν
543 395 609 431 ναῷ,
626 395 768 422 κατοικοῦν
782 397 846 423 ἁνα-

59 440 172 466 παὺεται
185 441 311 476 Πνεῦμα.

89 484 239 511 ΕΥΒΟΥΛ.
263 486 328 521 Ἔχε
353 486 395 522 δή.
419 484 500 521 Οἶμαι
525 487 577 522 γὰρ
603 487 648 513 ἐπὶ
671 486 720 521 τὴν
737 486 845 522 εὕρεσιν

57 530 107 557 τῶν
122 531 209 562 ὅντως
221 532 383 567 κρειττόνων
399 532 540 567 ὀρθότερον
555 533 628 568 ἡμᾶς
642 531 765 559 ἐντεῦθεν
776 531 844 558 διελ-

57 576 120 604 θεῖν.
137 577 194 603 Καί
211 586 256 612 μοι
270 578 387 613 φράσον
406 578 496 610 καλεῖς
515 587 575 605 τινα
591 579 759 615 κυϐερνήτην
775 579 845 614 ἀγα-

57 623 118 655 θόν;

88 669 192 696 ΓΡΗΓ.
216 670 334 704 Ἔγωγε.

90 715 242 743 ΕΥΒΟΥΛ.
264 716 381 752 Πότερον
395 716 440 743 τὸν
451 717 479 743 ἐν
495 717 626 752 μεγάλαις
637 718 682 745 καὶ
695 718 846 754 ἀμηχάνοις

56 760 249 796 αρισώσαντα
275 762 369 794 ζάλαις
393 763 423 790 τὺ
452 763 597 800 σκάφος,ἦ
623 765 667 791 τὸν
694 765 722 792 ὲν
741 765 846 802 γαλήνῃ

56 806 172 842 νηνεμίᾳ
179 815 188 839 ;

89 898 110 924 Γ
112 897 192 924 ΡΗΓ.
215 898 268 924 Τὸν
286 898 315 924 ὲν
333 898 464 933 μεγάλαις
478 898 525 925 καὶ
538 898 698 934 ἀμηχάνοις.

90 943 241 971 ΕΥΒΟΥΔ.
263 943 366 970 Οὐκοῦν
380 944 426 970 καὶ
440 944 527 980 ψυχὴν
538 945 586 980 τὴν
600 946 846 984 περιαντλονμένην

57 991 113 1021 ταῖς
125 989 288 1025 τρικυμίαις
302 990 355 1016 τῶν
370 989 548 1025 παθημάτων,
564 991 610 1018 καὶ
625 993 661 1028 μὴ
676 993 847 1028 ἀποκάμνον-

60 1045 106 1063 σαν
121 1037 139 1072 ἢ
154 1036 333 1072 ἐκλυομένην,
349 1037 416 1064 ἀλλὰ
431 1037 463 1064 τὺ
479 1037 590 1072 σκάφος,
607 1039 656 1075 τὴν
670 1040 768 1075 σάρκα,
785 1050 846 1075 γενο

59 1083 138 1114 ναίως
151 1084 194 1115 είς
208 1083 307 1119 λιμένα
321 1084 366 1110 τὸν
383 1085 433 1120 τῆς
445 1085 619 1121 σωφροσύνης
633 1086 845 1120 ἀπευθύνουσαν,

59 1129 169 1164 λέξομεν
184 1129 237 1164 τῆς
253 1130 281 1155 ἐν
295 1129 370 1165 εὑδίᾳ
385 1130 562 1166 πλοῖζομένης
578 1131 718 1167 κρείττονα
739 1133 785 1159 καὶ
805 1132 848 1159 δο-

61 1175 226 1211 κιμωτὲραν.

94 1267 194 1294 ΓΡΗΓ.
217 1266 350 1302 Λέξομεν.

94 1313 245 1340 ΕΥΒΟΥΛ.
266 1313 304 1339 Τὸ
319 1313 374 1349 γὰρ
393 1313 558 1349 ἁρμόζεσθαι
574 1314 641 1350 πρὸς
663 1314 711 1346 τὰς
733 1313 848 1349 ἐμϐολὰς

62 1357 112 1384 τῶν
125 1359 370 1394 καταφυσημάτων
379 1357 426 1385 τοῦ
441 1358 556 1394 πονηροῦ
571 1358 734 1394 πνεύματος,
751 1359 797 1385 καὶ
811 1358 848 1394 μὴ

62 1405 279 1440 ἀποῤῥεπτεσθαι
290 1405 307 1440 ῆ
322 1404 459 1435 νικᾶσθαι,
474 1404 540 1431 ἀλλὰ
555 1405 642 1431 πάντα
656 1405 723 1440 πρὸς
734 1405 848 1440 Χριστὸν

63 1451 238 1482 ἀνανεύοντα,
253 1450 396 1486 καρτερῶς
412 1450 543 1485 μάχεσθαι
554 1452 612 1482 ταῖς
626 1451 742 1486 ἡδοναῖς,
760 1450 850 1486 μείζο-

895 217 986 236 rerum
1002 209 1174 242 saecularium
1189 209 1337 243 cupiditate
1347 210 1497 244 eliminata,
1509 210 1608 238 nedum
1622 217 1684 237 car-

896 262 957 282 nem
971 275 978 286 ,
992 255 1032 282 uti
1046 255 1182 286 dicebam,
1197 262 1212 282 a
1230 254 1368 283 libidinosi
1383 263 1549 291 congressus
1565 257 1684 292 turpitu-

895 300 958 328 dine
974 300 1121 328 immunem
1142 304 1270 334 servant;
1286 308 1379 328 verum
1397 302 1477 328 etiam
1491 306 1520 329 ut
1534 302 1626 329 condis
1638 309 1684 336 pe-

895 347 999 374 netrale
1013 346 1052 382 (in
1069 355 1124 382 quo
1139 351 1166 374 et
1189 348 1316 376 maxime.
1330 352 1359 374 ut
1382 347 1409 374 in
1436 348 1547 383 templo,
1564 347 1683 383 Spiritus

895 396 1008 420 sanctus
1022 393 1191 428 conquiescit
1206 396 1233 420 et
1254 393 1369 428 habitat)
1385 393 1468 420 nullis
1482 393 1610 422 obscenis
1636 401 1683 421 co~

895 439 1071 474 gitationibus
1088 443 1186 473 pateat.
1201 439 1297 466 sedulo
1307 443 1408 466 navant
1425 447 1545 474 operam.

932 484 1058 512 EUBUL.
1076 484 1148 512 Siste
1174 485 1241 519 jam.
1271 485 1339 512 Puto
1354 486 1425 512 enim
1451 485 1483 512 ad
1502 485 1684 521 investigatio-

896 537 958 557 nem
971 531 1032 566 ejus
1055 531 1127 566 quod
1143 539 1205 559 vere
1232 532 1406 566 praestantius
1428 535 1490 564 est,
1509 532 1609 560 rectius
1633 541 1683 560 nos

896 576 960 604 hinc
982 585 1184 613 progressurus.
1204 577 1262 611 Dic,
1276 586 1379 614 quteso,
1396 585 1479 607 vocas
1500 579 1617 615 aliquem
1631 580 1682 608 bo-

896 631 961 651 num
977 623 1207 659 gubernatorem?

931 669 1034 698 GEEG.
1053 669 1134 698 Sane.

932 715 1056 743 EUBUL.
1084 716 1170 749 Quem
1195 717 1282 744 vero?
1300 717 1341 744 An
1367 725 1429 744 eum
1446 718 1492 753 qui
1523 718 1550 746 in
1578 719 1683 755 magnis

896 761 1199 796 vehementissimisque
1215 762 1422 796 tempestatibus
1442 769 1538 790 navem
1557 770 1684 791 servave-

898 806 950 840 rit;
967 814 1001 834 an
1017 807 1063 842 qui
1089 807 1159 834 idem
1188 808 1216 834 in
1240 815 1336 835 serena
1364 808 1560 844 tranquillitate
1577 810 1684 846 praesti-

897 853 979 880 terit?

931 898 1034 926 GREG.
1053 897 1152 933 Utique
1163 899 1209 933 qui
1227 899 1255 925 in
1272 899 1378 934 magnis
1396 903 1423 926 et
1435 899 1538 927 arduis.

932 943 1058 972 EUBUL.
1070 943 1154 979 Igitur
1169 947 1196 971 ct
1214 945 1334 972 animum
1353 946 1432 973 smvis
1447 946 1682 980 perturbationum

897 989 1024 1017 ﬂuctibus
1036 989 1184 1024 iactatum,
1210 997 1260 1016 nec
1279 994 1421 1024 propterea
1446 993 1572 1016 conatum
1589 990 1684 1016 remit-

898 1040 997 1064 tentem
1014 1039 1062 1063 aut
1076 1035 1258 1067 fatiscentem,
1273 1035 1320 1062 sed
1329 1035 1452 1070 cymbam
1465 1055 1472 1067 ,
1497 1042 1605 1062 carnem
1629 1036 1683 1061 uti-

897 1091 959 1117 que,
977 1082 1076 1109 invicta
1091 1081 1216 1117 generosi
1232 1081 1363 1116 propositi
1377 1081 1532 1108 constantia
1549 1081 1582 1106 ad
1599 1081 1683 1107 casti-

897 1128 960 1156 tatis
979 1132 1086 1164 portum
1103 1127 1264 1162 dirigentem
1280 1147 1287 1158 ,
1319 1127 1537 1161 pra‘stantiorem
1559 1126 1683 1154 dicemus

897 1175 1070 1209 probatreque
1083 1174 1168 1208 magis
1186 1173 1303 1203 virtutis,
1317 1180 1362 1204 eo,
1377 1173 1423 1207 qui
1445 1172 1472 1199 in
1491 1172 1606 1199 malacia
1634 1178 1682 1207 pa-

897 1220 950 1247 cati
962 1219 1045 1248 maris
1059 1227 1122 1246 srcu
1128 1227 1154 1246 re
1165 1218 1338 1253 jucundeque
1353 1218 1469 1252 navigat.

933 1264 1036 1292 GREG.
1060 1265 1198 1292 Dicemus.

904 1313 907 1317 ’
933 1310 1058 1339 EUBUL,
1072 1310 1139 1337 Nam
1153 1310 1238 1337 obniti
1251 1310 1432 1337 renitentibus
1453 1313 1594 1336 ventorum
1611 1308 1681 1336 ﬂati-

898 1358 960 1389 bus,
972 1365 1041 1391 quos
1064 1360 1159 1384 contra
1186 1355 1307 1382 immittit
1336 1363 1452 1390 nequam
1478 1356 1612 1390 spiritus:
1632 1363 1682 1382 nec

899 1403 998 1431 inﬂecti
1013 1407 1103 1430 tamen
1120 1409 1238 1437 unquam
1249 1402 1363 1436 dejicivc
1376 1406 1422 1429 aut
1437 1401 1521 1435 vinci;
1546 1401 1611 1436 quin
1635 1408 1683 1435 po-

899 1449 954 1476 tius
969 1448 1060 1475 animo
1085 1454 1192 1482 semper
1215 1446 1243 1474 in
1257 1446 1394 1474 Christum
1426 1447 1549 1478 intento,
1578 1445 1684 1472 fortiter

62 1505 93 1522 να
106 1495 153 1523 τὸν
173 1496 287 1523 ἔπαινον
300 1496 387 1533 φέρει,
402 1496 449 1523 τοῦ
467 1497 534 1533 μετὰ
550 1497 688 1533 ῥᾳστώνης
705 1497 848 1533 ἁχειμαστὶ

906 1501 1053 1530 repugnare
1069 1487 1263 1528 voluptatibus,
1280 1493 1410 1528 majorem
1426 1492 1548 1528 profecto
1575 1491 1682 1518 iaudem

63 1541 286 1578 παρθενεύοντος.

94 1632 196 1662 ΓΡΗΓ,
220 1633 323 1658 Ἐοικε.

95 1678 248 1705 ΕΥΒΟΥΛ.
269 1679 302 1704 Τί
316 1678 344 1704 δὲ
361 1678 408 1704 καὶ
421 1679 435 1705 ὀ
448 1678 548 1714 Κύριος
560 1687 567 1711 ;
585 1678 622 1705 Οὐ
635 1678 708 1704 δοκεῖ
716 1677 851 1704 δεικνύναι

63 1724 200 1760 διαφέρειν
215 1724 261 1751 τὸν
275 1724 458 1760 ἐπιθυμοῦντα
475 1724 572 1759 μᾶλλον
590 1724 636 1751 καὶ⁸
653 1724 852 1759 ἐγκρατεύοντα

63 1769 107 1796 τοῦ
125 1769 164 1806 μὴ
178 1769 378 1806 ὲπιθυμοῦντός
391 1779 421 1796 τε
438 1770 484 1797 καὶ
502 1770 730 1806 παρθενεύοντος;

99 1905 198 1932 ΓΡΗΓ.
220 1904 278 1932 Ποῦ
294 1905 325 1941 δή
335 1914 342 1937 ;

98 1949 248 1983 EYBOTA.
272 1949 356 1976 Ἔνθα
381 1949 426 1976 τὸν
443 1949 571 1985 φρόνιμον
586 1948 767 1985 παραϐάλλων
782 1948 854 1984 οἰκίᾳ

67 1995 286 2032 τεθεμελιωμένῃ
302 1995 402 2027 καλῶς,
417 1995 539 2022 ἄπτωτον
560 1995 641 2021 αὑτὸν
664 1994 852 2028 ἀποφαίνεται,

69 2041 104 2075 μὴ
117 2041 267 2076 δυνάμενον
284 2041 337 2068 ἀπὸ
351 2041 399 2076 τῆς
417 2041 515 2076 βροχῆς
527 2041 574 2067 καὶ
594 2040 647 2067 τῶν
664 2040 793 2075 ποταμῶν
807 2040 854 2067 καὶ

69 2086 119 2112 τῶν
133 2087 243 2122 ἀνέμων
258 2086 473 2122 καταϐληοῆναι·
488 2088 547 2118 ταῖς
565 2087 614 2122 μὲν
631 2086 798 2122 ἐπιθυμίαις,
816 2086 854 2118 ὡς

69 2133 162 2165 ἔοικεν,
177 2134 336 2166 ἀπεικάζων
356 2133 419 2165 τοὺς
432 2133 567 2168 χειμῶνας
577 2142 583 2148 ·
599 2134 632 2169 τῇ
649 2133 678 2160 δὲ
701 2133 789 2169 πέτρᾳ
805 2133 854 2168 τὴν

901 1541 989 1573 aﬂ‘ert,
1002 1548 1082 1575 quam
1095 1540 1122 1566 in
1141 1547 1248 1567 amoeno
1259 1539 1390 1574 bcatoque
1408 1538 1559 1573 tranquilla:
1572 1537 1685 1573 virgini-

901 1588 965 1614 tatis
983 1590 1062 1622 portu
1076 1585 1209 1613 desidere.

936 1631 1039 1660 GREG.
1056 1632 1174 1667 Apparet
1189 1631 1226 1658 ita
1235 1638 1307 1658 esse.

937 1677 1062 1706 EUBUL.
1077 1677 1148 1710 Quid
1171 1683 1236 1704 vero
1249 1679 1276 1702 ct
1295 1674 1446 1702 Dominus?
1469 1673 1564 1701 Nonne
1579 1672 1685 1700 videtur

901 1724 1055 1754 ostendere.
1070 1730 1131 1750 eum
1145 1722 1192 1757 qui
1217 1721 1446 1756 concupiscentia:
1462 1725 1546 1747 (nstro
1565 1719 1685 1754 jactatus

901 1769 1096 1796 continentiam
1114 1770 1215 1800 teneat,
1229 1767 1308 1802 longe
1324 1766 1363 1793 illi
1379 1765 1545 1802 praecellere,
1561 1764 1607 1799 qui
1633 1763 1686 1790 bu—

900 1815 946 1851 jus
959 1822 1055 1850 pugnae
1069 1821 1182 1842 securus
1194 1833 1202 1845 ,
1223 1813 1371 1848 sedataque
1392 1815 1440 1839 aut
1460 1811 1535 1838 nulla
1554 1809 1681 1845 concupi-

903 1860 1017 1893 scentia,
1028 1859 1183 1894 virginitate
1200 1859 1320 1895 fulgeat?

938 1905 1041 1933 GREG.
1057 1904 1107 1932 Ubi
1124 1913 1188 1932 vero
1200 1905 1256 1932 haec
1274 1904 1424 1932 Dominus?

938 1950 1062 1978 LUDUL.
1092 1949 1143 1978 Ubi
1180 1951 1307 1978 nimirum
1346 1951 1494 1985 sapientem
1525 1955 1687 1983 comparans

903 2005 964 2026 cum
976 1997 1057 2024 domo
1075 1997 1143 2024 bene
1155 1993 1277 2028 fundata,
1292 1996 1462 2024 inconcussa:
1476 2003 1534 2023 eam
1550 1995 1688 2022 firmitatis

902 2051 964 2071 csse
978 2042 1119 2074 decernit,
1144 2049 1225 2076 quam
1246 2041 1348 2068 imbres
1373 2040 1508 2068 irruentes
1531 2044 1558 2067 et
1576 2039 1688 2066 ﬂumina

904 2093 1101 2123 ventorumque
1123 2088 1164 2115 vis
1181 2087 1298 2122 dejicere
1313 2095 1367 2114 non
1393 2087 1510 2122 potuerit
1528 2086 1561 2112 “.
1585 2085 1688 2121 Nempe

904 2135 956 2162 hoe
973 2134 1068 2162 volens
1082 2143 1088 2160 :
1105 2141 1154 2168 per
1167 2136 1344 2168 tempestates
1360 2137 1508 2167 ventosque
1520 2137 1547 2160 et
1562 2131 1668 2167 pluvias
1679 2151 1687 2164 ,

70 2179 194 2215 ἀκίνητον
209 2180 334 2207 ἔνστασιν
356 2180 405 2206 καὶ
421 2180 588 2208 ἀδιάπτωτον
611 2180 661 2215 τῆς
683 2180 771 2215 ψυχῆς
789 2179 848 2215 περῖ

906 2180 1132 2215 concupiscentia:
1158 2184 1242 2207 aestus
1266 2179 1422 2215 designari;
1450 2182 1532 2214 petra:
1556 2186 1621 2206 vero
1639 2186 1689 2206 no-

71 2224 114 2261 s‘hv
128 2226 250 2261 ἁγνείαν.

102 2361 199 2387 ΓΡΙΙΓ.
228 2359 328 2395 Ἄληοῆ
343 2359 431 2394 λέγειν
447 2359 544 2392 δόξαις.

102 2407 253 2434 ΕΥΒΟΥΛ.
273 2406 305 2432 Τί
323 2406 366 2433 δαὶ
381 2406 428 2433 καὶ
439 2407 544 2442 ῖατρ6ν;
561 2407 597 2433 οὺ
609 2407 654 2434 τὸν
664 2408 709 2434 ἐπὶ
722 2407 851 2442 μεγάλαις

73 2453 116 2489 ήδη
137 2452 366 2488 δεδοκιμασμένον
382 2452 480 2484 νόσοις,
498 2454 543 2479 καὶ
564 2453 677 2486 πολλοὺς
699 2453 853 2489 ἰασάμενον,

73 2500 176 2534 ἄριστον
193 2499 303 2530 καλεῖς

103 2546 199 2572 ΓΡΗΓ.
222 2545 342 2579 Ἔγωγε.

104 2592 250 2619 ΕΥΒϋΥΔ..
271 2591 323 2617 Τὸν
339 2591 367 2617 δὲ
386 2591 467 2621 μηδὲν
492 2590 603 2627 μηδέπω
628 2590 854 2626 διαπραξάμενον,

75 2638 134 2673 μηδὲ
148 2638 294 2670 νοσοῦντας
309 2638 378 2670 ὅλως
394 2638 424 2664 ἐν
437 2638 531 2673 χερσὶν
545 2638 689 2673 ἐσχηκότα,
708 2638 738 2664 οὐ
750 2637 856 2669 πάντως

76 2685 270 2721 ἀδοκιμώτερον
285 2683 325 2710 ἔτι
336 2692 344 2717 ;

121 2824 141 2840 "
159 2823 257 2851 Matth.
277 2831 328 2854 vn,
345 2821 390 2854 24.

906 2227 989 2259 mine,
1007 2225 1172 2254 immobilem
1186 2225 1349 2260 virginitatis
1361 2226 1502 2261 proposito
1517 2225 1602 2252 animi
1620 2232 1689 2252 con-

906 2271 1035 2299 stantiam
1050 2278 1083 2299 ac
1098 2271 1231 2298 castitatis
1246 2271 1440 2299 inconcussum
1464 2275 1585 2299 tenorem
1600 2270 1690 2298 decla-

903 2318 970 2344 rari.

941 2363 1046 2392 GREG.
1067 2363 1157 2391 Videri
1174 2363 1264 2398 possis
1275 2371 1338 2390 vera
1360 2363 1459 2391 dicere.

941 2409 1067 2438 EUBU-L.
1091 2409 1163 2443 Quid
1190 2417 1255 2437 vero
1272 2413 1299 2436 et
1317 2409 1474 2437 medicum?
1494 2408 1536 2436 An
1556 2416 1612 2436 non
1629 2415 1691 2435 eum

907 2464 989 2485 vocas
1006 2457 1144 2492 babesque
1157 2456 1300 2491 optimum.
1313 2456 1359 2491 qui
1379 2455 1407 2483 in
1426 2455 1531 2490 magnis
1545 2455 1601 2490 jam
1618 2462 1691 2481 mor-

907 2502 949 2530 bis
964 2502 1115 2537 periculum
1131 2502 1204 2534 fecit,
1216 2504 1242 2529 et
1257 2500 1382 2536 plurimis
1393 2500 1535 2528 sanitatem
1553 2499 1692 2527 restituit?

944 2546 1047 2574 GREG.
1067 2545 1208 2581 Equidem.

944 2592 1067 2620 EUDUL.
1084 2592 1151 2619 Eum
1168 2596 1257 2619 autem
1274 2590 1320 2626 qui
1337 2590 1441 2618 nullum
1457 2590 1520 2618 dum
1545 2589 1588 2618 sui
1610 2597 1693 2625 expe-

908 2639 1053 2666 rimentum
1070 2637 1153 2669 dedit,
1173 2637 1310 2671 nullisque
1334 2643 1449 2672 prorsus
1469 2635 1578 2671 aegrotis
1592 2642 1692 2663 consu-

909 2685 970 2717 luit,
987 2692 1078 2712 nonne
1092 2684 1180 2712 adhuc
1196 2683 1288 2711 minus
1313 2683 1423 2712 omnino
1450 2681 1692 2711 commendabilem

910 2729 998 2757 dicis?
