1920 3070
227 91 281 120 219

262 147 364 177 GREG.
380 147 468 175 Certe.

263 193 387 222 EUBUL.
402 193 474 229 Ergo
499 198 528 222 et
556 194 676 221 animum
704 195 750 230 qui
775 195 884 222 mollius
909 202 1008 230 corpus

227 240 353 273 sustinet,
368 240 483 276 ejusque
493 239 634 268 libidinum
649 245 715 268 aestu
727 233 911 276 aegritudines,
924 241 1009 268 casti-

227 285 291 313 tatis
306 285 511 313 medicamentis
535 285 601 312 lenit
619 289 646 313 et
661 286 757 318 sedat,
778 287 872 322 utique
886 286 1009 314 dicamus

227 331 337 359 medica:
352 330 489 359 facultatis
504 331 610 359 laudem
626 331 697 359 ferre
711 332 853 367 majorem,
868 341 948 368 quam
965 334 1008 360 cui

226 376 310 410 probe
327 385 423 405 sanum
442 383 541 412 corpus
567 385 656 412 neque
669 377 742 405 vitiis
756 378 901 406 obnoxium
913 379 1010 414 obtigit

226 422 338 456 regere?

260 466 363 495 GREG.
380 467 531 496 Fatendum
551 472 602 496 est.

260 513 386 542 EUBUL.
401 514 472 548 Quid
486 515 549 542 item
564 514 592 541 in
614 514 706 542 lucta?
726 514 792 543 Uter
813 517 885 551 pugil
902 517 1007 549 melior,

664 90 693 118 S.
714 89 880 119 METIIODII
899 88 1091 118 CONVIVIUM
1112 87 1224 114 DECEM
1247 85 1424 113 VIRGINUM.

1026 153 1046 179 Α
1097 146 1195 172 ΓΡΗΓ.
1216 145 1278 171 Ναί.

1797 85 1846 114 2‘20

1097 191 1242 218 ΕΥΒυΥΛ.
1262 191 1364 218 Οὐκοῦν
1373 191 1420 217 καὶ
1433 189 1520 225 ψυχὴν
1534 190 1582 226 τὴν
1592 189 1759 225 ἀνεχομένην
1769 189 1846 224 0'pr-

1060 238 1138 274 τέρου
1154 238 1288 273 σώματος,
1303 238 1350 264 καὶ
1373 237 1423 269 τὰς
1447 236 1511 273 περὶ
1534 236 1633 272 ἡδονὰς
1657 235 1740 263 αὑτοῦ
1756 236 1848 268 νόσους

1060 286 1303 320 καταπραΰνουσαν
1316 283 1491 319 σωφροσύνης
1507 283 1671 318 φαρμάκοις,
1691 282 1846 318 ἱατριχωτέ-

1061 338 1110 366 ραν
1124 330 1233 357 λεκτέον
1246 330 1295 366 τῆς
1308 329 1423 365 ὑγιεινὸν
1438 329 1548 356 διοικεῖν
1563 328 1776 364 κεκληρωμένης
1796 327 1836 353 σῶ

1061 384 1099 411 μα
1113 376 1160 403 καὶ
1174 376 1278 408 ἀπαθές
1292 382 1301 407 ;

1095 467 1193 493 ΓΡΗΓ.
1214 466 1329 492 Λεκτέον
1345 466 1407 501 γάρ.

1093 511 1238 539 ΕΥΒΟΥΛ.
1260 512 1292 538 Τι
1306 511 1350 538 δαὶ
1362 511 1408 538 καὶ
1421 512 1449 537 ὲν
1464 510 1537 546 πάλῃ
1548 519 1555 543 ;
1567 509 1682 543 Πότερον
1695 508 1849 543 παλαιστὴς

225 559 272 594 qui
297 567 409 595 magnos
430 565 457 588 et
476 560 562 588 fortes
574 561 686 589 aemulos
702 561 852 596 experitur,
871 569 902 590 ac
922 563 1009 590 conti-

1068 558 1187 594 ιμεενων,
1204 559 1218 584 ὁ
1234 557 1434 591 ἀνταγωνιστὰς
1458 556 1527 592 ἔχων
1552 555 1686 591 μεγάλους
1705 555 1753 582 καὶ
1771 556 1849 590 laxu-

225 613 279 633 nue
295 605 368 632 lucta
390 606 552 642 defungens,
574 615 629 634 non
651 607 804 635 succumbit
819 615 957 643 unquam;
973 616 1007 636 an

1068 604 1133 635 ὶοίις,
1148 604 1194 630 καὶ
1207 603 1399 639 προσπαλαίων
1413 603 1455 629 ἀεὶ
1469 603 1515 629 καὶ
1529 602 1566 638 μὴ
1580 601 1798 637 καθαιρούμενος
1807 609 1815 616 ·
1832 601 1850 636 ἢ

226 651 274 686 qui
285 651 368 680 nullis
385 651 550 680 adversariis
564 653 701 680 decertat?

261 695 365 724 GREG.
380 696 465 726 Plane
481 699 528 733 qui
542 699 689 734 experitur.

260 741 385 770 EUBUL.
396 744 457 771 Ain’
468 748 496 771 tu
509 744 536 772 in
548 745 673 780 palaestra
684 753 791 781 quoque
803 746 930 774 athletam
943 755 1007 782 pra:-

225 791 309 820 stare,
322 789 368 823 qui
389 789 561 818 adversarios
575 792 787 820 contranitentes
804 792 938 820 sustinet?

260 833 363 862 GREG.
379 835 497 864 Necesse
513 841 543 864 ut
557 837 675 865 dicatur.

260 878 384 908 EUBUL.
407 881 524 910 Necesse
548 883 641 918 igitur,
658 887 685 910 ut
704 887 729 910 et
748 883 874 919 quisquis
896 888 1007 913 strenue

225 926 354 953 moliatur
372 926 503 956 adversus
524 929 751 964 concupiscentia
774 935 880 963 motus,
904 939 954 958 nec
977 939 1006 959 se

224 970 313 1007 abripi
329 972 457 1007 patiatur,
474 973 520 1001 sed
537 974 566 1001 in
585 974 729 1002 adversum
747 975 838 1002 trahat
852 983 884 1003 ac
898 977 1006 1003 obnita-

224 1020 278 1051 tur,
296 1017 393 1046 fortior
408 1019 542 1052 videatur,
559 1028 640 1056 quam
655 1021 703 1056 qui
724 1021 784 1056 ejus
798 1022 899 1048 nullam
921 1023 1006 1050 inter-

223 1062 396 1096 pellationem
413 1064 522 1092 sentiat.

258 1105 362 1134 GREG.
377 1107 446 1136 Vera
460 1109 540 1137 dicis.

258 1150 384 1179 EUBUL.
402 1152 492 1186 Quid?
507 1153 626 1182 Fortiter
640 1164 670 1184 se
684 1156 783 1185 habere
798 1158 930 1187 adversus
943 1167 1006 1194 pra—

221 1204 317 1224 vorum
340 1198 486 1226 affectuum
507 1207 540 1227 ac
563 1201 705 1229 libidinum
721 1202 849 1238 impetus,
865 1204 899 1231 ad
917 1205 1004 1240 majo-

222 1249 292 1275 rem,
309 1251 325 1270 ο
342 1243 502 1280 Gregorium
516 1265 525 1279 ,
547 1245 715 1276 fortitudinis
742 1249 847 1277 laudem
869 1251 1005 1285 pertinere

221 1289 383 1317 existimas?

259 1332 363 1362 GltEG.
382 1336 535 1365 Admodum
550 1346 626 1367 sane.

260 1379 385 1408 EUBUL.
400 1381 469 1410 Num
487 1392 552 1412 vero
574 1384 716 1420 fortitudo,
737 1386 848 1414 virtutis
868 1387 951 1416 robur
973 1396 1005 1416 ac

224 1429 302 1452 tenor
312 1426 323 1452 ?

259 1471 361 1499 GltEG.
374 1472 466 1502 Plane.

258 1517 383 1547 EUBUL.
402 1519 484 1555 lgitur
508 1521 531 1550 si
546 1523 654 1550 virtutis
677 1524 760 1552 robur
782 1526 926 1553 tolerantia
950 1531 1003 1559 est,

224 1571 313 1591 nonne
328 1566 373 1598 qui
390 1567 523 1595 molestiis
540 1573 682 1597 exercetur
706 1571 823 1604 animus,
845 1572 1006 1608 fortiterque

224 1609 343 1638 tolerans
355 1612 552 1646 cupiditatibus
567 1619 646 1650 atque
662 1617 735 1643 vitiis
749 1617 868 1649 obsistit,
887 1618 925 1645 illi
938 1627 1005 1653 prae~

223 1658 296 1682 stare
312 1656 483 1686 fortitudinis
505 1659 583 1688 laude
608 1662 744 1696 putandus
765 1667 817 1695 est,
843 1664 889 1698 qui
917 1665 1006 1692 nullas

223 1701 357 1734 ejusmodi
372 1704 509 1732 molestias
523 1708 674 1741 persentit?

259 1746 360 1776 GREG.
375 1749 511 1779 Profecto.

260 1793 385 1829 EUBUL.
403 1797 487 1832 Igitur
505 1798 529 1825 si
552 1798 658 1832 fortior,
677 1801 730 1828 erit
746 1805 773 1828 et
786 1803 970 1837 praestantior.

259 1838 362 1868 GREG.
381 1841 463 1870 Sane.

259 1884 386 1915 EUBUL.
404 1887 499 1916 Melior
516 1897 580 1924 ergo
598 1894 625 1918 et
644 1892 816 1926 praestantior
838 1898 895 1925 est.
920 1903 1006 1929 quan—

225 1935 283 1960 tum
298 1940 331 1960 ex
345 1934 426 1962 modo
439 1936 579 1964 concessis
597 1937 736 1965 evidenter
750 1939 883 1974 sequitur,
902 1941 947 1975 qui
963 1941 1006 1967 in-

224 1981 266 2004 ter
278 1979 505 2015 concupiscentia:
516 1985 600 2009 astus
616 1983 811 2011 continentiam
828 1988 911 2017 tenet,
924 1994 1006 2021 quam

224 2025 270 2058 qui
287 2025 362 2052 nulla
383 2027 508 2061 pulsatus
524 2028 634 2057 libidine
650 2029 677 2056 iu
693 2030 826 2058 castitatis
846 2038 943 2060 secure
957 2040 1006 2059 ca—

223 2069 289 2098 stris
300 2075 394 2099 meret.

259 2125 362 2155 GREG.
385 2127 452 2156 Rem
470 2137 572 2156 meram
600 2131 728 2166 loqueris.
749 2131 801 2160 Sed
823 2133 857 2160 de
880 2133 923 2161 his
939 2134 1006 2162 alias

1056 649 1071 675 ὁ
1090 649 1125 685 μὴ
1143 649 1211 684 ἔχων
1224 648 1446 683 ἀνταγωνιστὰς;

1092 693 1190 720 ΓΡΗΓ.
1211 693 1293 729 Δῆλον
1309 692 1373 725 oce
1388 693 1466 728 ἔχων.

1093 738 1239 765 ΕΥΒΟΥΛ.
1261 738 1316 765 Καὶ
1329 740 1358 765 ὲν
1371 738 1443 773 πάλῃ
1456 737 1511 774 ἄρα
1532 736 1713 773 δοκιμώτερος
1726 737 1849 772 ἀθλητὴς

1057 785 1071 811 ὁ
1085 785 1148 816 τοὺς
1162 784 1363 818 ἀνταγωνιστὰς
1375 783 1458 819 ἔχων;

1023 832 1044 860 Β
1093 829 1191 855 ΓΡΗΓ.
1219 829 1348 862 Ἀνάγκη.

1091 874 1238 901 ΕΥΒΟΥΛ.
1258 873 1361 900 Οὐκοῦν
1387 873 1434 900 καὶ
1458 872 1546 908 ψυχὴν
1563 871 1668 907 ἀνάγκη
1693 872 1770 897 πᾶσα
1796 870 1849 906 τὴν

1057 919 1256 954 μηχανωμένην
1279 918 1348 954 πρὸς
1369 919 1417 950 τὰς
1433 918 1544 953 ἐφόδους
1562 917 1611 953 τῆς
1632 916 1791 951 ἐπιθυμίας,
1808 915 1848 950 μὴ

1056 965 1285 1000 κατασπωμένην,
1305 965 1361 991 ἀλλ’
1376 964 1556 991 ἀνθέλκουσαν
1581 964 1628 990 καὶ
1650 962 1848 998 ἀντιτασσομέ-

1056 1018 1115 1047 νην,
1135 1011 1310 1046 ἰσχυροτέραν
1325 1010 1466 1046 φαίνεσθαι
1480 1011 1529 1046 τῆς
1543 1011 1580 1046 μὴ
1591 1009 1789 1045 ἐπιθυμούσης.

1091 1101 1189 1127 ΓΡΗΓ.
1216 1101 1325 1137 Ἀληθῆ.

1090 1147 1237 1174 ΕΥΒΟΥΛ.
1257 1147 1288 1173 Ti
1302 1147 1345 1174 δαί
1357 1156 1363 1179 ;
1379 1147 1408 1173 τὸ
1419 1146 1560 1182 καρτερῶς
1574 1146 1644 1181 ἔχειν
1659 1145 1726 1181 πρὸς
1740 1145 1789 1176 τὰς
1800 1146 1848 1181 ὁρ-

1057 1190 1120 1226 μὰς,
1137 1191 1296 1228 Γρηγὸριον,
1313 1192 1366 1218 τῶν
1383 1191 1491 1226 φαύλων
1507 1191 1631 1227 ὀρέξεων,
1643 1190 1714 1217 δοκεί
1725 1199 1765 1216 σοι
1779 1190 1848 1224 μᾶλ-

1055 1235 1100 1262 λον
1109 1236 1233 1272 ἀνδρείας
1246 1234 1314 1263 εἶναι
1325 1245 1332 1268 ;

1090 1326 1187 1353 ΓΡΗΓ.
1209 1327 1264 1352 Καὶ
1280 1326 1387 1362 σφόδρα.

1091 1370 1237 1397 ΕΥΒΟΥΛ.
1263 1370 1295 1396 Ἡ
1309 1370 1338 1396 δὲ
1352 1370 1462 1406 ἀνδρεία
1478 1370 1546 1405 αὕτη
1563 1369 1676 1406 δύναμις
1693 1369 1814 1406 aperi“;

1091 1463 1189 1489 rear.
1211 1462 1303 1497 Δῆλον.

1019 1508 1040 1535 C
1092 1509 1237 1537 ΕΥΒΟΥΛ.
1259 1508 1362 1536 Οὐκοῦν
1378 1509 1402 1534 εἰ
1414 1508 1526 1544 δύναμις
1541 1509 1640 1545 ἀρετῆς
1656 1511 1728 1535 ἐστιν
1742 1511 1758 1544 ἡ
1773 1510 1845 1536 ὑπο-

1059 1556 1136 1591 μονὴ,
1152 1556 1168 1591 ἡ
1182 1555 1356 1590 διοχλουμένη
1371 1555 1424 1590 ἄρα
1438 1555 1510 1590 ψυχὴ
1525 1556 1571 1581 καὶ
1586 1555 1756 1591 καρτεροῦσα
1774 1556 1848 1593 πρὺς

1056 1602 1105 1633 τὰς
1123 1601 1270 1637 ἐπιθυμίας
1283 1601 1452 1637 δυνατωτέρα
1467 1602 1589 1636 φαίνεται
1600 1601 1649 1637 τῆς
1662 1602 1698 1638 μὴ
1713 1602 1848 1638 ὀχλουμέ-

1057 1655 1106 1682 νης
1127 1655 1133 1678 ζ

1092 1750 1189 1776 ΓΡΗΓ.
1210 1750 1273 1776 Ναί.

1091 1794 1236 1821 ΕΥΒΟΥΛ.
1257 1795 1287 1820 Εἰ
1304 1794 1330 1820 δὲ
1345 1794 1525 1830 δυνατωτέρα,
1546 1795 1592 1821 καὶ
1605 1795 1738 1830 κρείσσων
1756 1795 1824 1831 (64).

1092 1840 1189 1866 ΓΡΗΓ.
1212 1840 1274 1866 Ναί.

1092 1885 1237 1913 ΕΥΒΟΥΛ.
1258 1887 1399 1922 Κρείσσων
1417 1887 1470 1922 ἄρα
1492 1888 1508 1922 ἡ
1532 1887 1702 1922 ἐπιθυμοῦσα
1725 1887 1773 1914 καὶ
1799 1888 1846 1922 ὲγ-

1058 1933 1241 1968 κρατευομένη
1258 1933 1306 1967 τῆς
1321 1933 1357 1968 μὴ
1370 1933 1554 1968 ἐπιθυμούσης
1568 1933 1651 1966 ἐστὶν,
1667 1935 1698 1959 ὲκ
1709 1934 1763 1959 τῶν
1775 1942 1846 1970 προ-

1057 1978 1182 2013 ωμολογη
1186 1978 1283 2013 μένων,
1299 1979 1344 2005 καὶ
1361 1979 1605 2014 ὲγκρατευομένης.

1094 2125 1190 2151 ΓΡΗΓ.
1218 2124 1314 2160 Ἀληθῆ
1330 2125 1428 2158 λέγεις,
1445 2126 1492 2152 καὶ
1513 2125 1674 2160 ἐπιθυμήσω
1697 2126 1845 2161 211195.01:-

223 2173 376 2201 absolutius
404 2178 492 2202 tecum
521 2184 674 2205 sermonem
700 2178 825 2206 conferre
850 2180 946 2214 gestio.
976 2180 1003 2207 Si

1068 2180 1103 2197 )OV
1121 2170 1160 2197 ἔτι
1175 2170 1350 2206 περὶτούτων
1366 2170 1534 2206 διαλεχθῆναι
1553 2180 1601 2198 σοι.
1619 2172 1649 2198 Εἰ
1672 2170 1718 2199 οὖν
1740 2181 1782 2199 σοι
1800 2174 1845 2208 φι-

223 2219 316 2255 itaque
339 2220 388 2248 tibi
405 2229 486 2257 grave
511 2231 565 2250 non
582 2227 635 2255 est,
662 2233 723 2252 cras
739 2225 877 2257 accedam,
902 2226 936 2254 de
963 2227 1005 2255 his

223 2266 359 2295 auditura.
376 2267 454 2296 Nunc
475 2270 558 2301 enim,
584 2274 614 2297 ut
629 2271 715 2304 vides,
739 2277 845 2307 tempus
869 2276 911 2300 est
934 2276 963 2300 ut
980 2277 1006 2300 et

223 2313 343 2341 animum
362 2315 395 2342 ad
410 2316 552 2344 exterioris
564 2316 683 2345 hominis
698 2322 836 2346 vertamus
851 2326 956 2346 curam.

258 2425 316 2461 (6L)
332 2427 365 2453 El
376 2426 573 2460 δυνατωτέρα,
587 2428 633 2454 καὶ
651 2429 809 2461 κρείσσων.
822 2427 938 2455 Facilior
951 2436 1009 2455 ma-

223 2470 275 2489 nus
292 2461 358 2488 dare
371 2461 487 2498 Eubulio
505 2463 611 2489 videtur
626 2462 801 2498 Gregorium.
827 2463 949 2496 arguenti
975 2472 1008 2491 ex

223 2505 277 2523 nou
293 2503 375 2532 causa
398 2497 431 2524 ad
448 2505 578 2529 causam;
597 2498 674 2532 quasi
686 2497 822 2524 nimirum
854 2498 912 2532 ipsa
929 2499 1009 2525 vitio—

224 2539 284 2557 rum
302 2531 344 2559 vis
357 2536 384 2558 et
401 2532 538 2559 infestatio
551 2532 585 2559 sit
600 2531 707 2560 virtutis
719 2533 759 2559 vis
781 2540 813 2560 ac
833 2531 926 2564 robur,
954 2541 1008 2560 non

224 2565 290 2600 quid
316 2567 512 2598 extrinsecum,
529 2575 561 2594 cx
588 2575 618 2594 se
637 2567 675 2593 illi
690 2567 811 2594 officiens
826 2575 858 2594 ac
875 2575 1009 2595 remoram

225 2602 344 2633 Iaciens;
366 2601 423 2628 sola
444 2610 509 2628 vero
526 2602 681 2632 occasione.
709 2602 858 2629 obnitentia
878 2603 961 2630 animi
979 2611 1010 2630 ac

222 2637 409 2672 contentione,
425 2637 534 2670 juvans.
553 2637 617 2664 dum
644 2638 701 2664 haec
718 2645 847 2672 superare
872 2642 1008 2666 conatur:

224 2671 324 2708 quibus
338 2670 394 2705 jam
409 2673 552 2708 superatis
567 2677 733 2707 expurgatus
752 2670 879 2703 animus.
902 2674 1010 2708 illisque

225 2705 312 2743 factus
323 2705 459 2743 superior,
473 2707 581 2735 virtutis
598 2705 648 2734 iter
656 2705 785 2742 'giganteo
797 2707 918 2735 decurrit
931 2705 1009 2743 pede.

224 2741 259 2767 ab
284 2741 391 2768 actione
404 2745 431 2769 et
451 2750 540 2776 pugna
564 2741 754 2776 cupiditatum,
773 2742 806 2770 ad
823 2741 967 2770 scientiam
983 2747 1011 2770 et

225 2776 482 2813 contemplationem
507 2784 539 2803 ac
555 2778 698 2809 rationem,
727 2777 863 2813 Deumque
881 2779 1009 2813 evolans;

225 2817 260 2839 ne
275 2814 403 2845 reputans
414 2812 534 2845 quidem,
544 2820 657 2846 quorum
668 2812 711 2839 vix
724 2812 861 2848 aspectum
876 2812 953 2846 ferat,
965 2813 1010 2848 qui

1054 2217 1108 2249 λον,
1126 2216 1217 2252 αὔριον
1234 2216 1362 2251 ἀφίξομαι
1378 2217 1457 2243 πάλιν
1472 2217 1640 2254 ἀκουσομένη
1658 2218 1770 2245 τούτων.
1785 2219 1845 2245 Νῦν

1055 2263 1119 2298 γὰρ,
1135 2263 1172 2295 ὡς
1187 2264 1262 2299 ὁρᾷς,
1278 2263 1336 2298 ὥρα
1356 2263 1446 2290 λοιπὸν
1467 2264 1618 2300 τραπέσθαι
1640 2265 1686 2291 κα)⁴
1712 2266 1776 2300 περὶ
1791 2266 1842 2292 τοῦ

1057 2309 1154 2342 ἔξωθεν
1172 2310 1299 2345 ἀσχολίαν
1315 2311 1388 2346 ἡμᾶς
1404 2310 1559 2345 ἀνθρώπου.

1058 2425 1147 2451 :ulhuc
1165 2423 1300 2458 incipiens
1326 2431 1357 2450 ac
1376 2423 1452 2458 quasi
1481 2423 1693 2450 rudimentarius
1716 2428 1770 2455 est,
1791 2433 1844 2452 nec

1060 2460 1166 2487 virtutis
1183 2460 1257 2494 lyceo
1277 2459 1343 2494 satis
1358 2460 1533 2486 exercitatus.
1551 2458 1670 2485 Fallacia
1689 2466 1754 2494 ergo
1775 2467 1846 2486 con-

1059 2493 1199 2530 sequentis
1213 2498 1264 2521 est.
1282 2493 1365 2521 Plane
1388 2494 1521 2530 siquidem
1540 2494 1635 2530 melior
1646 2502 1684 2530 ac
1710 2499 1844 2528 praestan-

1059 2528 1122 2561 lioi'.
1140 2530 1185 2564 qui
1200 2537 1233 2557 ex
1254 2536 1283 2556 se
1309 2532 1336 2555 et
1359 2528 1511 2564 qua’pollet
1527 2528 1626 2555 virtute
1642 2529 1738 2556 fortior
1755 2534 1797 2556 est
1811 2537 1845 2556 ac

1060 2565 1207 2596 robustior,
1220 2572 1273 2591 non
1284 2565 1329 2598 qui
1346 2564 1475 2591 debiliore
1490 2564 1589 2591 virtute
1601 2564 1740 2598 graviores
1753 2565 1845 2591 insul-

1061 2606 1105 2627 tus
1121 2600 1232 2635 patitur,
1255 2599 1369 2626 necdum
1388 2607 1468 2626 orare
1491 2598 1587 2625 doctus
1605 2600 1727 2630 victoria,
1738 2600 1786 2626 sed
1803 2600 1845 2625 ni~

1061 2634 1127 2663 tens’
1135 2636 1216 2667 serio,
1229 2634 1460 2670 perturbationum
1470 2641 1621 2670 oppressus
1639 2635 1765 2670 colluvie,
1798 2642 1843 2665 ne,

1061 2671 1195 2705 frequenti
1207 2678 1240 2697 eo
1253 2669 1481 2705 statumaufragio
1508 2669 1642 2705 profundo
1652 2669 1844 2704 demergatur;

1061 2704 1182 2733 clamans
1192 2713 1253 2731 eum
1269 2704 1369 2731 Paulo:
1384 2704 1481 2739 Infelix
1491 2704 1624 2739 egoh/ionio
1634 2704 1643 2730 .'
1653 2704 1710 2739 quis
1727 2712 1767 2731 me
1781 2704 1844 2731 libe-

1063 2741 1131 2767 rabit
1149 2741 1180 2767 de
1197 2747 1304 2774 corpore
1324 2740 1415 2766 mortis
1426 2739 1520 2775 hujus?
1535 2738 1597 2766 Haec
1614 2738 1727 2767 infantia
1737 2747 1769 2767 ac
1782 2747 1843 2775 par-

1063 2777 1116 2804 vuli
1130 2779 1204 2808 zelus,
1216 2773 1259 2803 illa
1275 2775 1324 2802 viri
1340 2775 1478 2810 perfectio.
1494 2773 1627 2802 Constans
1764 2788 1769 2792 -
