1920 3070
89 129 135 157 241

662 128 726 156 LlB.
747 128 791 156 DE
810 128 934 158 ΗΒΕΒο
953 128 1129 157 ARBITRIO.

1664 131 1718 158 94-3.

90 191 136 217 οῦκ
151 190 206 216 ἔστι
227 190 421 226 ἀποφράττειν
437 191 491 218 τῶν
512 190 627 226 ἑταίρων
644 191 694 223 τὰς
709 191 804 224 ἀκοὰς,
821 192 881 218 οὐδὲ

935 195 1082 228 gustusque
1095 191 1195 218 chorus
1207 189 1399 225 prophetarum
1411 198 1418 222 ;
1432 189 1459 216 in
1472 188 1571 224 quibus
1581 197 1632 216 nec
1649 197 1719 225 opus

90 239 181 265 ἑαντῦν
196 246 250 264 τινι
262 238 359 273 δεσμῷ
377 238 561 274 περιϐάλλειν,
575 239 712 266 δεδοικότα
724 240 774 275 τὴν
788 241 820 265 ὲκ
832 240 881 275 τῆς

90 285 244 320 ἀκροάσεως
260 286 412 321 τιμωρίαν.
430 286 489 312 Τῶν
506 287 554 322 μὲν
567 286 621 322 γὰρ
639 287 708 322 μετὰ
724 287 774 322 τῆς
790 287 883 322 φωνῆς

91 334 104 358 ὸ
125 331 261 367 ἀκροατὴς
286 331 335 358 τοῦ
365 333 416 368 ζῇν
441 332 574 360 παύεται·
597 333 652 359 τῶν
675 331 704 359 δὲ
720 333 766 359 ἐπὶ
791 333 882 360 πλεῖον

92 378 206 408 ἁκούων,
233 377 282 404 τοῦ
301 378 460 413 κρείττονος
483 379 630 406 ἀπολαύσει
651 378 718 414 βίου,
736 378 788 405 ὑπὸ
809 378 882 405 θείου

93 423 248 459 Ilva-Suus;
275 425 541 459 χειραγωγούμενος.
571 424 676 451 Ἠκὲτω
702 425 791 451 τοίνυν
815 424 883 460 σύμ-

93 479 154 501 πας,
171 470 219 496 καὶ
235 471 360 497 ἀκουέτω
373 471 424 506 τῆς
442 471 517 502 θείας
531 471 612 506 ᾠδῆς,
629 470 712 506 μηδὲν
727 470 883 505 πεφοὸημέ-

93 526 145 549 νος.
162 517 220 544 Οὐκ
233 517 288 544 εἱσι
301 518 367 553 παρ’
383 519 450 553 ἡμῖν
464 518 492 544 αἱ
509 518 584 553 παρὰ
600 517 725 544 Σικελίαν
743 517 880 552 Σειρῆνες,

92 563 150 589 οὐδὲ
168 563 201 589 τὰ
225 563 377 595 Ὀδυσσέως
400 563 496 598 δεσμὰ,
517 563 548 589 οὐ
571 563 656 599 κηρὸς
679 563 828 598 τηκόμενος
843 563 882 594 εἰς

92 607 245 644 ἀνθρώπων
268 609 370 640 ἀκοάς·
394 608 461 635 ἀλλὰ
479 608 586 644 δεσμῶν
610 609 658 644 μὲν
684 609 774 640 ἄνεσις
795 609 881 640 πᾶσα,

92 654 234 690 ἐλευθερία
256 655 279 681 δ’
304 655 390 691 ἀκοῆς
412 655 476 690 παρ’
497 655 605 690 ἑκάστῳ
627 654 681 680 τῶν
704 654 880 690 προσιόντων.

93 701 227 736 Τοιαύτης
239 700 294 736 γὰρ
310 700 382 736 ᾠδῆς
398 700 506 728 ἀκούειν
523 700 606 733 ἀξιον,
620 700 756 732 τοιούτους
772 700 883 736 ᾄδοντας

92 749 174 783 ἔχειν,
189 749 300 775 εὐκτέον
317 747 386 775 εἷναί
407 757 451 784 μοι
465 748 546 775 δοκεῖ.
564 749 595 774 El
608 748 636 775 δέ
650 757 691 780 τις
707 749 754 776 καὶ
768 748 814 775 τοῦ
828 749 882 775 τῶν

91 794 250 832 ἀποστόλων
263 793 345 829 χοροῦ
358 793 468 820 ἀκούειν
485 793 582 825 ἐθέλοι,
597 793 708 828 εὑρήσει
726 792 776 828 τὴν
799 792 882 828 αὐτὴν

92 839 141 873 τῆς
162 838 236 874 ᾠδῆς
255 839 424 874 συμφωνίαν.
450 840 479 865 Oi
505 839 552 874 μὲν
571 838 625 874 γὰρ
646 839 761 874 προῇδον
788 848 882 874 μυστι-

934 238 1015 266 fuerit
1040 241 1070 264 ut
1092 237 1154 272 quis
1181 237 1318 264 sociorum
1335 236 1443 263 obturet
1473 243 1564 267 aures.
1584 244 1672 272 neque
1688 240 1719 264 ut

933 285 1002 319 ipse,
1018 283 1165 310 auditionis
1178 282 1283 310 veritus
1297 289 1416 317 poenam,
1435 281 1462 309 in
1480 282 1587 309 vincula
1601 290 1630 309 se
1652 290 1720 310 con-

931 329 1039 364 jecerit.
1062 328 1118 356 Illic
1147 328 1256 363 quidem
1271 327 1389 359 auditor,
1406 335 1467 354 mox
1495 331 1524 354 ut
1543 328 1657 360 audivit,
1678 329 1719 355 vi-

932 383 996 403 vere
1005 376 1122 408 desinit;
1140 375 1185 402 hic
1201 379 1300 406 autem,
1316 374 1362 409 qui
1391 374 1507 400 multum
1526 375 1654 407 audierit,
1673 376 1718 402 di-

932 422 996 449 vino
1008 421 1110 459 Spiritu
1121 421 1200 451 duce.
1212 421 1274 448 vitae
1283 420 1404 448 melioris
1420 420 1574 448 felicitatem
1585 423 1717 457 acquiret.

933 466 1034 494 Omnes
1051 475 1116 503 ergo
1131 467 1211 495 simul
1227 467 1369 499 accedant,
1385 468 1560 503 audiamque,
1577 469 1645 496 nihil
1673 478 1719 497 ve-

933 513 989 544 riti,
1004 513 1156 541 cantionem
1181 513 1312 541 divinam.
1328 513 1435 541 Absunt
1462 521 1477 541 a
1499 515 1578 542 nobis
1608 513 1719 543 Sirenes

934 557 1044 590 Sicilize,
1061 557 1223 594 Ulyssisque
1238 560 1358 592 vincula,
1373 567 1405 587 ac
1426 567 1490 587 cera
1504 560 1632 588 humanis
1646 563 1720 589 auri-

934 606 986 634 bus
1001 606 1111 641 liquata.
1130 606 1225 633 Potith
1240 614 1305 634 vero
1315 605 1471 634 omnimoda
1486 607 1657 634 vinculorum
1677 615 1721 635 re-

933 652 1039 684 missio,
1054 660 1176 688 suusque
1199 652 1268 679 liber
1281 653 1380 687 cuique
1396 652 1516 684 auditus,
1534 653 1621 681 adest.
1637 653 1722 682 Plane

933 699 1006 726 enim
1028 703 1147 726 meretur
1162 699 1283 726 auditum
1298 699 1433 733 ejusmodi
1448 700 1551 733 cantio,
1572 700 1723 735 deprecan—

933 745 1016 780 dique
1037 745 1164 773 videntur
1178 746 1275 773 musici
1302 746 1380 774 tales.
1406 746 1485 780 Quod
1511 747 1534 775 si
1549 747 1612 782 quis
1638 747 1721 774 etiam

934 792 1120 827 apostolorum
1138 792 1250 819 chorum
1269 792 1336 819 velit
1359 792 1473 825 audire,
1504 793 1628 820 eamdem
1654 801 1722 820 can-

934 837 1018 865 tionis
1037 837 1243 865 consonantiam
1257 837 1384 866 oﬂ‘endet.
1397 838 1465 865 Nam
1487 839 1524 866 illi
1543 839 1653 874 quidem
1675 847 1723 866 oc-

91 885 148 916 κῶς
163 885 213 920 τὴν
227 885 304 912 θείαν
322 885 491 921 οἰκονομίαν·
508 887 532 912 oi
551 885 573 912 δ’
596 885 703 921 ᾄδουσιν
718 885 881 921 ἑρμηνεύον-

935 884 1004 911 culte
1014 883 1218 919 prmcinuerunt
1228 883 1460 919 dispensationem
1475 884 1613 918 divinam;
1629 885 1657 912 hi
1674 893 1724 911 au-

91 941 136 964 τες
151 932 186 960 τὰ
202 933 248 959 ὑπ’
262 933 373 960 ἐκείνων
394 932 531 968 μυστικῶς
545 932 749 968 ἀπηγγελμένα.
769 932 801 958 Ὢ
815 941 883 967 συμ-

91 979 179 1014 φώνου
194 980 341 1015 ἁρμονίας,
359 980 411 1006 ὑπὸ
426 980 498 1006 θείου
511 978 669 1014 Πνεύματος
683 979 882 1014 συγκειμένηςί

92 1026 123 1052 Ὠ
149 1026 234 1052 καλοῦ
257 1026 311 1053 τῶν
330 1026 450 1061 ᾀδόντων
469 1026 503 1052 τὰ
525 1025 679 1062 μυστήριαι
702 1025 813 1057 Τούτοις
835 1027 883 1053 καὶ

93 1071 217 1106 συνᾴδειν
231 1070 356 1107 εὔχομαι.
376 1071 503 1107 ’ᾼσωμεν
522 1071 666 1107 τοιγαροῦν
679 1071 726 1098 καὶ
741 1072 821 1107 ἡμεῖς
834 1071 885 1107 τὴν

90 1116 188 1151 ὁμοίαν
208 1116 290 1152 ᾠδὴν,
311 1117 359 1143 καὶ
372 1117 418 1143 τὸν
435 1117 518 1153 ὕμνον
533 1117 738 1153 ἀναπέμψωμεν
757 1116 796 1152 τῷ
814 1117 884 1153 ἁγίῳ

91 1162 189 1198 Πατρὶ,
202 1162 341 1198 Πνεύματι
354 1163 510 1197 δοξάζοντες
524 1163 638 1199 Ἰησοῦν,
652 1163 706 1190 τὸν
715 1163 750 1190 ἐν·
759 1164 883 1196 κόλποις

90 1209 195 1236 αὑτοῦ.
222 1209 267 1244 Μὴ
287 1209 387 1246 φύγῃς,
414 1209 551 1245 ἄνθρωπε,
576 1209 660 1245 ὕμνον
687 1210 881 1245 πνευματικὸν,

95 1255 159 1290 μηδὲ
174 1255 304 1290 ἀπεχθῶς
320 1255 388 1290 πρὸς
403 1255 452 1291 τὴν
468 1255 599 1291 ἀκρόασιν
612 1255 748 1291 διατεθῇς.
764 1255 883 1281 Θάνατον

91 1301 140 1327 οὐκ
155 1300 214 1336 ἔχει
224 1309 231 1316 ο
251 1301 388 1337 σωτηρίας
403 1301 461 1327 ἐστὶ
473 1301 595 1337 διήγημα
609 1301 626 1336 ὴ
648 1301 713 1336 παρ’
735 1301 800 1336 ἡμῖν
816 1301 881 1336 ᾠδή.

97 1346 168 1380 Ἐγὼ
194 1347 244 1381 μὲν
264 1344 310 1373 οὖν
335 1347 386 1382 ἤδη
410 1348 458 1374 καὶ
477 1347 531 1374 τῶν
556 1347 717 1383 κρειττόνων
738 1347 884 1374 ἀπολαύειν

92 1391 172 1421 δοκῶ,
186 1393 253 1427 περὶ
268 1392 396 1419 τοιούτων
410 1393 598 1428 διαλεγόμενος
608 1401 614 1408 ·
631 1393 678 1420 καὶ
696 1393 822 1429 μάλιστα,
838 1394 883 1420 ὅτε

92 1439 106 1464 ὸ
119 1437 241 1469 τοιοῦτός
261 1447 305 1473 μοι
320 1438 450 1474 πάρεστιν
466 1439 568 1466 ἀνθέων
581 1439 693 1474 λειμών·
711 1439 849 1466 τουτέστιν
867 1441 883 1474 ἡ

92 1483 216 1519 ἡμετέρα
235 1483 354 1516 σύνοδος,
382 1484 436 1511 τῶν
461 1484 520 1520 ἅμα
541 1493 571 1510 τε
593 1485 639 1511 καὶ
662 1484 814 1511 ἀκουόντων
836 1484 884 1510 καὶ

94 1529 262 1565 συνᾳδόντων
278 1529 312 1556 τὰ
325 1530 383 1556 θεῖα
399 1531 544 1566 μυστήρια.
566 1531 624 1565 Ἐφ’
639 1527 676 1557 ὧν
690 1531 780 1557 καὶτὸ
794 1530 883 1565 λέγειν

92 1575 197 1612 θαρῥῶ,
226 1577 268 1602 ὅτι
286 1585 330 1611 μοι
356 1576 455 1608 παντὸς
481 1577 580 1611 φθόνου
600 1576 722 1613 καθαρὰς
748 1577 881 1612 παρέχετε

92 1621 140 1654 τὰς
155 1622 254 1654 ἀκοὰς,
272 1623 302 1648 οὗ
319 1622 365 1649 τὸν
385 1622 464 1658 ζῆλον
479 1623 524 1649 τὺν
547 1623 593 1650 τοῦ
608 1623 678 1650 Κάῖν
701 1623 881 1658 μιμούμενοι·

92 1668 140 1702 οὐχ
153 1668 257 1702 ὁμοίως
271 1668 317 1694 τοῦ
339 1668 425 1695 Ἢσαῦ
439 1668 581 1701 διώκοντες
595 1669 640 1696 τὸν
655 1669 779 1702 ἀδελφὸν,
792 1669 822 1695 οὐ
836 1668 883 1695 τοῦ

98 1715 197 1749 Ἰωσὴφ
222 1713 398 1746 ἐπαινοῦντες
429 1715 570 1750 ἀδελφοὺς,
596 1715 636 1742 ὅτι
659 1715 702 1749 ἐφ’
726 1713 767 1747 οἷς
792 1715 884 1749 ἔλεγεν

93 1761 204 1796 ἑμίσουν
222 1760 267 1787 τὸν
281 1760 396 1792 ἀδελφόν
407 1769 413 1775 ·
428 1760 496 1787 ἀλλά
511 1761 613 1788 τούτων
632 1761 761 1788 ἁπάντων
779 1761 884 1796 μακρὸν

92 1806 260 1840 ἀφεστῶτες,
284 1805 379 1841 διόπερ
405 1805 519 1838 ἕκαστος
544 1806 621 1841 ὑμῶν
647 1807 679 1833 τὸ
699 1806 746 1833 τοῦ
773 1806 884 1841 πλησίον

93 1851 197 1886 νομίζει
220 1851 320 1885 λέγειν.
346 1852 402 1878 Καὶ
422 1841 465 1878 διᾶ
487 1852 566 1878 τοῦτο
589 1851 669 1887 ζῆλος
692 1852 809 1888 πονηρὸς
834 1851 884 1879 οὐκ

95 1896 166 1923 ἔστιν
182 1898 212 1923 ὲν
230 1897 306 1932 ὑμῖν,
323 1896 358 1922 τὰ
381 1896 508 1924 λείποντα
523 1896 562 1932 τῷ
583 1897 689 1932 ἀδελφῷ
711 1896 885 1934 ἀναπληροῦν

91 1943 273 1978 δεδεγμένοις.
290 1943 323 1969 Ὠ
346 1943 528 1980 ἀκροατηρίου
549 1943 643 1975 καλοῦ,
664 1943 711 1970 καὶ
735 1944 884 1979 συμποσίου

93 1988 203 2023 σεμνοῦ,
219 1989 266 2015 καὶ
283 1989 475 2024 πνευματικῶν
491 1989 662 2025 ὲδεσμάτωνί
691 1991 828 2023 Τοιούτοις
842 1991 886 2018 ἀεὶ

93 2036 213 2061 συνεῖναι
225 2034 340 2066 δικαίοις
359 2035 395 2070 (‘2)
409 2035 548 2072 εὐξαίμην.

127 2081 232 2107 ΟΥΑΛ.
246 2081 318 2112 Χθὲς
333 2081 363 2107 τὸ
377 2081 489 2109 δειλινὸν
504 2083 672 2118 περιπατῶν,
687 2081 710 2110 ὦ
721 2083 793 2118 φίλε,
809 2084 885 2119 παρά

91 2128 137 2155 τὸν
150 2128 201 2163 τῆς
222 2127 360 2163 θαλάσσης
375 2129 506 2163 αἰγιαλὸν,
522 2131 568 2157 καὶ
577 2131 660 2163 ὀξέως
677 2140 735 2163 πως
754 2132 884 2164 ἀτενίζων

92 2174 131 2206 είς
144 2174 242 2210 αὐτὴν,
267 2174 371 2210 ἐώρων,
387 2175 539 2211 ὑπερϐολήν
554 2185 615 2204 τινα
638 2176 714 2209 θείας
732 2177 883 2212 δυνάμεως,

934 933 1000 964 tem,
1015 930 1121 958 occulte
1135 929 1169 956 ab
1184 930 1237 956 illis
1251 931 1423 962 annuntiata,
1438 931 1562 958 canendo
1573 931 1722 966 explicant.

935 975 957 1002 0
971 983 1118 1004 consonam
1143 976 1323 1008 harmoniam,
1339 982 1518 1012 componentc
1538 977 1630 1005 divino
1660 977 1723 1012 Spi-

934 1022 1006 1049 ritu!
1024 1022 1181 1050 Odecorem
1193 1024 1348 1050 canentium
1365 1024 1411 1052 Dei
1431 1025 1619 1052 sacramenta!
1645 1023 1724 1051 Desi-

934 1068 1013 1096 derat
1028 1069 1136 1096 animus
1151 1077 1204 1096 una
1220 1070 1375 1097 concinere.
1393 1070 1531 1098 Canamus
1542 1078 1607 1106 ergo
1627 1074 1654 1098 et
1670 1071 1722 1105 ipsi

934 1114 1056 1141 eamdem
1068 1115 1233 1147 cantionem,
1248 1115 1432 1151 hymnumque
1443 1117 1635 1144 submittamus
1649 1116 1722 1143 Patri

935 1164 1045 1194 sancto;
1064 1160 1156 1188 Jesum
1172 1162 1216 1196 qui
1232 1162 1259 1188 in
1275 1161 1332 1196 ejus
1347 1162 1406 1188 sirm
1426 1167 1465 1189 est
1480 1163 1500 1194 ¹,
1516 1161 1618 1197 Spiritu
1638 1163 1722 1197 glori-

934 1206 1057 1235 ﬁcantes.
1073 1207 1220 1239 Ne,homo,
1234 1209 1371 1236 canticum
1384 1209 1506 1244 spiritale
1521 1209 1637 1244 fugeris,
1655 1217 1722 1236 nere

935 1254 1102 1281 auditionem
1125 1254 1211 1283 fueris
1236 1259 1388 1284 aversatus.
1415 1255 1528 1284 Mortem
1556 1264 1610 1284 non
1630 1256 1720 1284 habet.

935 1297 1037 1327 Salutis
1057 1300 1190 1332 narratio,
1215 1304 1308 1328 nostra
1327 1301 1418 1328 cantio
1435 1305 1486 1329 est.
1515 1300 1586 1329 Sane
1612 1301 1721 1337 quidem

935 1345 1001 1372 mihi
1012 1345 1070 1380 ipse
1081 1345 1137 1381 jam
1150 1347 1245 1374 videor
1255 1347 1414 1374 melioribus
1431 1346 1495 1379 frui,
1511 1347 1557 1382 qui
1570 1347 1603 1374 de
1622 1348 1724 1375 talibus

935 1389 1067 1418 disseram
1090 1400 1098 1419 :
1125 1391 1207 1426 idque
1230 1392 1257 1418 in
1278 1392 1384 1427 primis,
1413 1400 1474 1419 cum
1501 1392 1555 1419 tale
1568 1393 1722 1428 talibusque

934 1435 1034 1463 ﬂorens
1050 1441 1155 1471 pratum
1171 1445 1262 1464 coram
1275 1437 1386 1465 habeam
1400 1447 1406 1465 :
1427 1437 1490 1464 dico
1500 1441 1588 1465 autem
1603 1442 1722 1465 vestram

935 1483 1106 1516 concionem,
1120 1484 1166 1517 qui
1178 1487 1205 1510 et
1229 1483 1369 1510 auditores
1384 1487 1411 1510 et
1429 1487 1609 1511 concentores
1630 1491 1723 1511 sacra-

935 1533 1087 1557 mentorum
1113 1530 1265 1558 coelestium
1293 1531 1452 1559 considetis.
1469 1530 1613 1566 Propterea
1639 1531 1723 1558 etiam

935 1576 1022 1603 audeo
1042 1577 1143 1610 dicere,
1170 1577 1242 1612 quod
1269 1577 1354 1605 livore
1380 1577 1454 1605 omni
1471 1577 1580 1605 mundis
1609 1577 1723 1605 auribus

934 1622 1112 1654 auscultetis,
1137 1631 1188 1650 nec
1223 1622 1364 1651 Caininam
1398 1624 1596 1651 aemulationem
1633 1623 1722 1651 imite-

934 1669 1001 1695 mini
1016 1669 1037 1700 ¹,
1052 1673 1099 1696 aut
1114 1669 1185 1697 sicut
1199 1668 1271 1697 Esau
1287 1670 1297 1686 ³
1313 1669 1423 1697 fratrem
1439 1670 1657 1705 persequamini,
1680 1670 1721 1697 vel

935 1714 1035 1742 fratres
1047 1714 1147 1750 Joseph
1161 1716 1172 1732 ⁸
1187 1716 1318 1751 probetis,
1345 1715 1424 1743 fratri
1447 1721 1558 1751 propter
1580 1723 1722 1744 sermones

935 1761 1021 1796 ipsius
1042 1762 1185 1790 infensos:
1199 1762 1246 1790 sed
1262 1762 1296 1790 ab
1310 1761 1353 1790 his
1374 1762 1502 1790 omnibus
1527 1763 1605 1798 longe
1625 1763 1722 1790 remoti

935 1807 1007 1840 sitis,
1022 1808 1243 1836 existimantibus
1261 1808 1376 1843 singulis
1391 1808 1569 1844 dicere,quod
1581 1809 1724 1843 proximus

935 1853 1012 1881 dicit.
1024 1853 1114 1886 Quare
1129 1854 1209 1882 etiam
1225 1854 1397 1882 desideratur
1409 1855 1436 1881 in
1452 1855 1530 1882 vobis
1551 1854 1622 1881 mala
1642 1862 1723 1882 a3mu«

935 1899 1010 1932 latio,
1027 1900 1073 1935 qui
1088 1899 1181 1927 fratris
1197 1900 1320 1928 defectus
1332 1900 1519 1935 adimplendos
1534 1899 1721 1935 susceperitis.

935 1944 957 1972 Ο
969 1945 1110 1980 pulchram
1122 1946 1292 1979 concionem,
1304 1945 1504 1980 honestumque
1516 1945 1681 1978 convivium,
1695 1948 1724 1972 et

935 1991 1092 2026 spirituales
1118 1991 1230 2026 epulas!
1249 1990 1361 2019 Talibus
1383 1999 1433 2026 ego
1446 1999 1554 2026 semper
1578 1991 1721 2024 interesse,

935 2037 1032 2064 merito
1049 2037 1209 2071 optaverim.

971 2081 1049 2110 VAL.
1063 2082 1112 2118 (4).
1123 2082 1202 2115 Cum,
1216 2082 1314 2116 amice,
1331 2082 1391 2110 heri
1410 2089 1482 2114 sero,
1496 2081 1530 2109 ad
1549 2082 1633 2110 maris
1646 2082 1722 2110 littus

935 2128 1115 2159 ambularem,
1130 2131 1212 2162 atque
1227 2127 1254 2154 in
1270 2127 1359 2162 ipsum
1375 2128 1461 2155 aciem
1477 2128 1620 2155 oculorum
1637 2128 1724 2155 inten-

935 2173 1039 2203 derem.
1052 2172 1144 2199 statim
1161 2179 1201 2204 se,
1216 2171 1326 2199 virtutis
1338 2171 1436 2200 divinae
1445 2172 1613 2207 praestantia,
1623 2178 1724 2206 arsque

93 2221 139 2246 καὶ
159 2221 246 2255 σοφῆς
271 2221 427 2257 ἐπιστήμης
443 2221 556 2257 τέχνην·
579 2223 605 2249 εἴ
619 2231 651 2258 γε
668 2224 714 2250 καὶ
733 2223 831 2259 τέχνην
854 2223 881 2250 τὸ

937 2219 1068 2254 sapientis
1090 2219 1220 2252 scientiae,
1247 2218 1348 2253 objecit
1369 2218 1479 2246 oculis:
1497 2218 1521 2246 si
1545 2218 1654 2253 quidem
1678 2225 1723 2244 res

92 2265 198 2292 τοιοῦτο
212 2266 305 2292 καλεῖν
321 2267 386 2302 χρή.
404 2267 507 2302 ’Ὠσπερ
523 2267 578 2305 γὰρ
589 2269 603 2295 ὁ
624 2269 772 2305 Ὁμηρικὸς
795 2270 884 2307 στίχος

92 2311 242 2347 φθέγγεται
254 2313 367 2344 ἐκεῖνος’

97 2368 144 2406 :99
160 2368 190 2406 _6‘
204 2367 308 2406 ἄνεμοι
318 2368 361 2406 Δ(5)
372 2368 427 2396 δύο
439 2371 551 2406 πόντον
564 2370 698 2404 ὀρίνετον
713 2372 879 2406 ἰχθυόεντα,

93 2403 205 2440 Βορέης
221 2404 275 2440 καί
287 2403 430 2438 Ζέφυρος,
447 2405 518 2431 τώτε
534 2403 685 2440 Θρῄκηθεν
700 2403 793 2440 (tritor

99 2439 232 2476 Ἐλϐώ-τ’
247 2438 403 2476 ἐξαπίνης·
423 2439 529 2476 timuit;
549 2438 629 2468 δέ’τέ
643 2438 882 2476 κῦμαἾκελαινὸν

94 2475 264 2507 Κορθύεταιι
283 2474 403 2501 πολλὸν
416 2474 450 2501 δὲ
463 2475 558 2510 παρὲξ
573 2476 633 2504 ἅλα
646 2474 741 2512 φῦκος
754 2477 864 2512 ἔχευαν
874 2486 881 2493 ·

95 2563 163 2590 οὕτω
177 2573 224 2600 μοι
246 2566 294 2592 καὶ
318 2565 382 2600 χθὲς
403 2566 539 2600 γεγονέναι
557 2567 639 2594 δοκεῖ.
666 2567 805 2604 Κορυφαῖς
827 2567 882 2604 γὰρ

131 2645 139 2661 ¹
153 2644 236 2672 Joan.
252 2652 272 2677 t,
292 2645 334 2673 18.
373 2647 384 2662 ³
402 2645 465 2673 Gen.
480 2654 518 2678 tv,
534 2646 562 2674 5.
601 2647 611 2662 ³
625 2645 689 2673 Gen.
706 2654 793 2679 xxvn,
809 2645 853 2673 41.

127 2722 164 2758 (2)
182 2724 322 2756 Aula/ate.
339 2723 420 2750 Forte
432 2724 553 2756 δικαίως.

129 2760 166 2794 (5)
187 2759 235 2792 Ὡς
248 2758 274 2785 δ’
289 2759 340 2786 ἄν.
357 2758 432 2785 lliad.
447 2767 484 2791 ut.
501 2759 529 2786 4.

127 2794 164 2829 (4)
184 2794 251 2821 νυ..
274 2795 619 2830 ᾼεειιωριαῑηνροιέοηοῐη
636 2794 817 2823 Valentiniani
833 2805 881 2824 sett

94 2828 214 2857 Gnostici
233 2828 511 2863 inducit,quieadem
523 2836 605 2865 atque
619 2830 803 2858 Manichzeide
819 2831 881 2858 mali

96 2865 226 2902 principio
240 2869 375 2898 sentiret;
389 2865 512 2899 ponendo
527 2865 676 2901 ingenitum
693 2866 765 2893 aliud
782 2874 796 2892 a
814 2866 879 2900 Deo,

937 2266 1071 2301 ejusmodi
1090 2274 1134 2293 ars
1147 2265 1268 2294 vocanda
1281 2266 1325 2293 sit.
1343 2264 1380 2292 Ut
1393 2265 1465 2293 enim
1480 2265 1560 2292 habet
1571 2271 1666 2292 versus
1678 2263 1723 2291 ille

937 2312 1096 2340 Homericus
1111 2322 1118 2339 :

933 2370 1008 2398 Sicut
1027 2375 1114 2396 autem
1131 2370 1199 2396 venti
1213 2369 1266 2397 duo
1284 2373 1392 2404 pontum
1404 2372 1564 2404 commovent
1577 2367 1721 2402 piscosum,

934 2406 1033 2433 Boreas
1045 2410 1069 2432 et
1082 2404 1226 2440 Zephyrus,
1243 2403 1288 2440 qui
1301 2413 1315 2431 ε
1332 2403 1446 2431 Thracia
1462 2403 1565 2440 spirent

936 2441 1047 2469 Ruentes
1061 2438 1165 2476 repente
1176 2449 1184 2467 :
1197 2438 1277 2468 simul
1291 2445 1379 2467 autem
1393 2444 1417 2466 et
1429 2438 1500 2465 unda
1511 2439 1589 2476 nigra

936 2472 1096 2504 Attollitur}
1114 2476 1225 2503 multam
1246 2481 1333 2503 autem
1355 2480 1431 2502 extra
1452 2482 1524 2501 mare
1542 2472 1632 2544 tflgan:
1653 2472 1722 2506 fun—

1584 2517 1619 2535 un
1640 2515 1650 2540 ς

1584 2515 1630 2535 unt
1640 2515 1650 2540 ,‘

935 2567 974 2595 ita
1000 2571 1028 2595 et
1053 2568 1109 2595 heri
1141 2567 1206 2594 mihi
1235 2567 1292 2594 fieri
1321 2567 1475 2594 videbatur.
1498 2565 1628 2592 Videbam
1648 2564 1722 2592 enim

892 2645 904 2661 ⁸
917 2645 982 2673 Gen.
999 2653 1103 2678 XXXVII,
1114 2646 1140 2672 4.

936 2728 963 2751 et
977 2724 1128 2756 materiam,
1143 2732 1176 2751 ex
1190 2724 1269 2759 cujus
1283 2723 1457 2751 concretione
1471 2724 1542 2751 mala
1555 2725 1582 2751 in
1598 2724 1723 2752 homines

936 2759 1121 2794 provenirent.
1146 2759 1208 2794 Agit
1231 2759 1324 2786 multis
1340 2760 1367 2786 in
1384 2759 1455 2786 hunc
1469 2767 1589 2786 errorem
1606 2760 1723 2786 lrenaeus

937 2795 982 2821 lib.
1007 2802 1027 2821 tt
1042 2795 1172 2821 Adversus
1194 2795 1306 2826 Intres”-
1326 2794 1511 2821 Tertullianus
1534 2795 1581 2822 lib.
1599 2795 1637 2821 Dc
1651 2802 1721 2828 pra:-

935 2830 1025 2864 script.
1033 2833 1059 2857 et
1068 2830 1166 2857 Contra
1180 2829 1351 2858 Marcianem.
1363 2829 1532 2858 Solidissimc
1543 2830 1623 2856 ctiam
1634 2830 1722 2864 Chr)-

934 2869 1071 2893 sostomus
1085 2866 1157 2894 hom.
1171 2866 1187 2892 ἓ
1200 2866 1226 2893 in
1240 2866 1299 2892 Λα.
