1920 3070
184 75 191 88 l

183 115 232 141 245

684 116 712 144 S.
734 117 900 147 METHODII
916 119 1071 147 EPlSCOPl
1087 119 1130 146 ET
1150 118 1327 147 MARTYRIS

1759 117 1820 145 tl“

181 173 278 199 ﬂuctus
304 173 441 200 montanis
467 174 623 208 superciliis
651 176 805 209 proximos,
834 181 915 212 atque
940 181 963 204 ul

1020 177 1105 212 ὁρέων
1121 176 1309 212 παραπλήσιον
1328 175 1421 217 εώρων
1439 175 1559 210 κύματα,
1583 176 1630 202 καὶ
1656 175 1711 211 (ὡς
1730 176 1817 210 λόγον

180 227 236 246 rem
248 219 348 253 dicam,
363 220 396 247 ad
409 220 499 255 ipsum
513 222 696 256 pertingentes
707 223 806 251 caelum
820 233 826 250 :
843 232 893 252 nec
905 225 972 252 mihi

180 264 244 292 inde
259 265 332 292 aliud
349 267 563 302 exspectandum
578 269 750 302 occurrebat,
763 278 844 305 quam
860 275 890 297 ut
913 272 974 299 uni-

180 318 285 338 versam
300 315 400 339 terram
420 313 635 348 submergerent,
659 315 837 351 veniebatque
856 316 883 342 in
897 324 971 344 men-

178 361 233 384 tum
251 358 321 393 fuga;
345 359 422 387 locus
433 381 440 393 ,
467 365 493 387 et
517 368 608 388 arcam
624 360 681 388 Noe
695 362 787 389 animo
799 362 968 397 ellingebam.

178 404 312 432 Catterum
323 413 404 433 secus
415 409 473 432 erat
489 413 522 433 ac
533 407 674 441 opinabar.
694 407 754 434 Mox
771 409 870 443 quippe
882 416 968 441 mare,

178 455 207 477 ut
224 451 402 484 intumuerat.
416 453 444 480 in
455 460 484 480 se
494 452 584 487 ipsum
600 454 796 488 resolvebatur,
810 463 865 481 non
879 458 969 483 trans-

171 497 304 532 grediens
331 498 420 525 locum
442 506 533 532 suum,
546 499 704 532 reveritum,
720 503 750 526 ut
771 501 853 527 verbo
867 501 966 533 dicam,

171 536 300 571 ldivinum
324 545 482 572 mandatum
512 546 533 573 '.
560 545 600 574 Ac
629 547 868 582 quemadmodum,
894 547 966 574 haud

178 598 252 624 raro,
269 599 366 619 servus
380 592 480 627 aliquis
493 597 607 628 cogente
623 594 733 622 demitto
755 594 871 622 invitum
887 594 967 629 quid-

172 638 240 677 ‘dam
257 637 345 665 facere
357 659 364 671 ,
389 639 519 667 mandato
540 640 649 675 quidem
666 641 764 668 timore
782 641 943 676 obsequitur
958 651 964 668 :

178 690 228 710 nec
241 683 388 718 quidquam
402 688 503 718 tamen,
513 687 585 721 quod
596 687 757 714 reluctantia
768 687 852 714 sentit
863 687 964 719 animo,

177 729 260 756 audet
280 729 371 757 dicere
387 739 394 758 :
413 731 460 758 sed
489 732 585 766 plenus
611 732 652 759 ira
668 732 795 767 quadam,
812 739 904 760 secum
918 732 967 759 im-

172 772 331 804 ‘murmurat
348 786 354 804 :
368 777 407 805 sic
424 781 498 805 certe
515 783 542 806 et
554 779 619 805 mihi
632 778 743 806 videbar
762 779 863 812 videre,
891 779 965 806 velut

177 821 276 848 iratum
289 830 373 855 mare,
389 831 537 859 secumque
548 825 636 859 ipsum
650 824 780 852 claudens
799 825 867 852 iram
884 832 916 853 ac
935 832 965 852 se

177 868 332 900 continens.
343 870 458 897 veritum
471 869 584 898 Domino
599 871 723 906 prodere.
740 870 803 898 Haec
814 871 850 898 ita
863 871 963 898 haben-
977 875 999 903 Β

175 913 225 945 tia,
242 915 351 946 tacitus,
368 915 481 943 intentis
492 916 592 949 oculis,
608 917 732 951 aspicere
749 924 904 951 creperam;
919 924 964 943 vo-

170 959 318 997 ‘lebamque
329 961 427 988 coelum
439 962 530 990 animo
542 963 642 994 metiri,
655 967 681 990 et
689 962 783 991 orbem
796 963 856 997 ejus
871 972 877 989 :
893 969 964 998 qua:-

175 1006 269 1033 rebam
294 1014 344 1042 ego
371 1008 442 1035 unde
457 1009 589 1044 inciperet
606 1017 694 1044 quove
716 1009 853 1036 desineret
868 1018 874 1035 :
888 1009 963 1044 quali

175 1052 238 1080 item
259 1053 378 1080 cieretur
402 1058 477 1082 motu
497 1064 505 1083 :
533 1063 598 1082 num
615 1055 768 1087 transitivo,
785 1055 837 1083 hoc
855 1059 907 1087 est,
929 1055 963 1082 ab

173 1106 230 1126 uno
255 1099 281 1126 in
297 1100 380 1127 alium
398 1100 506 1133 locum,
527 1102 570 1130 vel
597 1101 626 1129 in
647 1102 741 1129 orbem
759 1101 876 1129 ferretur
891 1111 897 1129 :
916 1101 963 1130 sed

172 1148 201 1171 et
214 1144 350 1178 quomodo
362 1146 454 1172 statim
470 1146 644 1174 consisteret.
663 1146 744 1181 Atqui
760 1145 841 1173 etiam
855 1145 889 1172 de
906 1145 964 1178 sole

173 1191 348 1227 quaerendum
366 1192 518 1224 videbatur,
550 1200 606 1227 quo
631 1192 655 1219 is
672 1191 752 1219 modo
767 1190 910 1226 positionis
935 1190 964 1217 in

173 1239 245 1266 caelo
259 1239 358 1266 habeat
375 1249 381 1266 ε
399 1239 461 1274 quis
475 1246 540 1267 vero
554 1239 688 1266 terminus
702 1238 738 1266 sit
750 1245 848 1266 cursus
863 1237 938 1264 illius
954 1245 962 1264 :

173 1294 228 1321 quo
247 1286 311 1312 item
324 1285 398 1314 brevi
422 1289 494 1313 esset
522 1292 725 1318 concessurus;
753 1291 785 1311 ac
799 1291 887 1319 neque
905 1283 965 1318 ipse

172 1331 391 1367 transgrediatur
408 1339 518 1359 cursum
535 1332 693 1366 proprium:
710 1330 758 1358 sed
772 1334 798 1357 et
813 1330 881 1364 ipse,
891 1328 964 1364 quod

172 1385 268 1404 verum
295 1377 376 1405 liceat
401 1377 487 1412 loqui,
518 1377 638 1406 melioris
666 1379 830 1411 praeceptum
853 1373 964 1410 aliquod

173 1423 334 1456 custodiat;
364 1428 484 1459 tuncque
510 1423 589 1452 nobis
616 1423 781 1459 conspicuus
814 1423 962 1456 appareat,

173 1478 236 1498 cum
247 1474 290 1497 est
303 1477 464 1498 concessum
475 1479 483 1503 ;
501 1478 611 1498 rursum
626 1478 702 1503 vero,
713 1477 763 1497 cett
772 1472 886 1496 vocatus
901 1467 963 1495 abi-

173 1514 263 1542 cedat.
288 1514 397 1543 Interim
421 1523 486 1551 ergo
513 1516 579 1543 dum
607 1515 664 1543 hate
693 1515 817 1550 exquiro,
837 1512 963 1541 videbam

174 1560 240 1589 solis
250 1561 332 1596 jubar
343 1562 478 1595 occidere,
495 1562 602 1597 dieique
616 1563 708 1590 lumen
721 1561 851 1593 deﬁcere;
864 1566 895 1586 ac
909 1562 965 1586 sta-
978 1548 999 1577 (ἶ

172 1606 222 1634 tim
237 1607 333 1636 adesse
349 1609 487 1641 tenebras,
509 1609 656 1644 lunamque
675 1609 726 1636 soli
741 1607 888 1635 succedere
906 1616 913 1634 ί
931 1614 964 1633 ac

172 1653 291 1689 primum
307 1654 417 1688 quidem
433 1655 566 1682 minutam
587 1655 673 1688 oriri;
690 1654 863 1689 postmodum
886 1661 962 1686 vero,

174 1705 257 1727 cursu
285 1706 499 1734 promoventem,
515 1700 612 1735 majori
636 1700 727 1735 specie
756 1707 898 1735 apparere.
924 1698 964 1726 Ac

172 1753 262 1780 neque
283 1745 317 1773 de
329 1746 374 1773 illa
390 1754 511 1781 quaerere
523 1747 675 1779 cessabant,
688 1754 854 1782 causamque
873 1745 963 1773 minu-

172 1792 256 1819 tionis
272 1796 298 1819 et
310 1793 474 1820 accretionis
488 1793 649 1827 serutabar;
664 1793 738 1828 quod
754 1793 812 1828 ipsa
824 1792 962 1820 nihilomi-

174 1846 226 1865 nus
240 1838 371 1866 circulum
383 1839 488 1866 dierum
501 1842 591 1866 teneat
602 1849 607 1866 :
617 1840 733 1875 indeque
746 1840 810 1866 mihi
825 1839 962 1874 quandam

173 1885 293 1912 divinam
308 1884 505 1920 providentiam
521 1893 553 1912 ac
565 1885 618 1913 vim
629 1886 771 1914 meliorum
789 1886 880 1914 omnia
897 1893 963 1914 con-

175 1931 317 1964 tinentem,
329 1939 410 1966 quam
428 1935 455 1959 et
471 1931 625 1966 Deumjure
639 1932 767 1965 dicimus,
780 1931 908 1966 colligere
919 1931 962 1958 vi-

173 1978 268 2007 debar.
282 1977 417 2006 Caeterum
442 1985 508 2006 vero
530 1978 600 2013 coepi
616 1977 727 2006 laudare
739 1977 868 2013 Opiﬁcem
881 1996 889 2008 ,
915 1976 962 2011 qui

173 2028 274 2051 terram
291 2025 382 2058 ﬁxam,
396 2024 608 2060 animaliumque
630 2023 798 2052 ditl‘erentias
819 2031 850 2051 ac
872 2023 962 2051 varios

173 2070 425 2111 plantarum-ﬂores
455 2071 615 2106 aspicerem.
644 2070 805 2101 Enimvero,
821 2069 962 2104 haudqua-

171 2124 254 2151 quam
280 2116 387 2144 animus
413 2117 441 2143 in
469 2117 544 2144 hisce
561 2121 588 2144 et
606 2117 672 2145 solis
693 2117 816 2145 constitit
835 2127 841 2143 :
861 2115 908 2143 sed
929 2115 963 2143 de

171 2169 281 2197 caetero,
291 2171 414 2199 quaerere
425 2164 495 2199 coepi
511 2163 583 2191 unde
596 2164 654 2191 btee
669 2164 819 2191 constituta
842 2166 935 2190 essent
953 2171 960 2188 :

172 2219 237 2237 num
252 2218 286 2238 ex
304 2211 396 2245 aliquo
412 2210 485 2245 quod
496 2218 602 2246 semper
616 2210 765 2238 eoexsistat
781 2209 845 2243 Deo,
862 2209 904 2236 vel
928 2216 962 2236 ex

172 2258 232 2292 ipso
246 2257 359 2292 soloque
371 2256 436 2289 Deo,
453 2257 526 2284 nulla
538 2257 563 2285 ei
582 2265 612 2284 re
627 2255 963 2288 coexsistente,consiste-

172 2308 242 2331 rent.
262 2304 328 2330 Nam
341 2304 409 2331 nihil
427 2311 459 2331 ex
479 2304 564 2332 nihilo
581 2304 678 2332 fecisse
689 2325 696 2337 ,
712 2304 816 2331 ratione
830 2311 885 2330 non
902 2310 962 2330 om-

172 2351 236 2378 nino
260 2350 434 2386 improbabili
457 2355 618 2386 suppetente
638 2350 866 2379 considerandum
883 2349 959 2376 duxi.

173 2396 277 2424 Habent
288 2398 361 2425 enim
372 2405 433 2432 quas
448 2397 526 2430 ﬁunt,
536 2406 569 2425 ex
584 2398 675 2432 aliquo
690 2397 749 2425 ﬁeri
773 2404 804 2423 ac
818 2395 958 2423 constitui.

173 2443 304 2471 Similiter
332 2444 415 2472 etiam
455 2452 518 2472 vere
545 2445 690 2472 dicendum
717 2443 871 2475 videbatur,
891 2442 959 2469 nihil

172 2488 227 2515 Deo
241 2494 337 2524 praeter
353 2490 443 2524 ipsum
468 2491 650 2523 coexsistere;
677 2497 792 2524 esseque
819 2497 872 2520 res,
901 2488 961 2523 ipso

171 2539 280 2562 creante
296 2544 303 2562 :
320 2535 455 2569 siquidem
475 2535 502 2565 id
516 2539 640 2564 suaserat
656 2535 824 2569 compositus
839 2534 960 2562 elemen-

173 2585 260 2606 torum
287 2581 372 2614 ordo,
398 2585 557 2616 naturaeque
586 2581 614 2607 in
638 2580 678 2608 eis
705 2580 886 2608 concinnitas.
916 2578 961 2606 Sic

173 2635 251 2658 vero,
269 2627 338 2654 bene
365 2628 494 2655 statuisse
520 2627 667 2659 arbitrans,
694 2627 804 2654 domum
829 2626 959 2653 redibam.

171 2671 316 2702 Caeterum,
333 2679 394 2698 cum
407 2673 543 2707 sequenti,
560 2680 657 2707 nempe
676 2671 808 2698 hodierna
822 2671 876 2704 die,
888 2671 962 2699 exis-

172 2724 240 2748 sem,
254 2716 324 2744 duos
339 2717 485 2751 quosdam,
502 2718 597 2746 eodem
615 2725 731 2753 genere,
757 2717 891 2752 homines,
919 2717 960 2744 iu-

225 2819 234 2835 δ
255 2817 304 2846 Job
320 2826 434 2851 κλμ-ιιι,
449 2819 492 2847 ‘ll.

1025 222 1140 257 είπείν,)
1156 222 1237 249 αὐτοῦ
1254 221 1434 256 ἐφικνούμενα
1449 221 1495 248 τοῦ
1515 221 1630 257 ούρανοῦ
1644 230 1651 236 ·
1672 220 1702 248 τὸ
1721 221 1744 248 δ’
1766 223 1819 247 ενα

1023 267 1118 294 τεῦοεν
1132 267 1208 293 οὐδὲν
1227 267 1321 301 ἓτερον
1343 265 1543 301 προσεδόκωνῆ
1564 264 1672 292 ἃπασαν
1693 264 1818 291 ἐπικλυ-

1023 312 1150 348 θήσεσθαι
1170 312 1218 348 τὴν
1234 312 1296 347 γῆν·
1310 311 1355 338 καί
1374 320 1418 346 μοι
1437 311 1526 346 φυγῆς
1544 312 1574 337 ὲν
1592 310 1630 346 τῷ
1651 310 1691 336 νοῒ
1712 310 1816 342 τόπον,

1023 360 1069 389 καὶ
1084 359 1134 395 τὴν
1150 359 1196 386 τοῦ
1221 359 1284 386 Νῶε
1298 359 1462 386 ἀνέπλαττον
1476 358 1601 385 κιϐωτόν.
1620 357 1656 384 Τὸ
1671 357 1693 384 δ’
1706 357 1757 384 οὐκ
1775 355 1816 392 ἦν

1021 406 1035 432 ὅ
1051 405 1183 442 ἐνόμιζον.
1213 405 1293 431 Ἀλλὰ
1309 406 1363 440 γὰρ
1379 405 1435 439 ἅμα
1450 403 1623 439 κυρτωθῆναι
1642 403 1692 438 τὴν
1706 403 1815 444 8a).“;-

1022 461 1081 485 σαν,
1104 452 1185 479 πάλιν
1207 451 1334 479 ἀνελύετο
1350 453 1390 483 εἰς
1405 452 1515 485 ἑαυτὴν,
1532 451 1581 486 οὐχ
1605 450 1816 485 ὑπερϐαίνουσα

1018 500 1065 526 τὸν
1080 500 1179 527 οἰκεῖον
1198 499 1290 532 τόπον,
1309 498 1356 534 (ὡς
1381 497 1444 530 ἔπος
1465 497 1574 533 εἰπεῖν,)
1587 496 1658 524 θεῖόν
1675 505 1701 523 τι
1722 497 1814 532 πρόσ-

1018 555 1112 583 ταγμα
1138 547 1325 582 πεφοϐημένη.
1353 546 1408 573 Καὶ
1438 546 1563 582 καθάπερ
1589 546 1717 578 πολλάκις
1749 545 1815 573 τῶν

1018 594 1130 621 οἰκετῶν
1148 602 1200 626 τις,
1231 592 1296 619 ἄκον
1316 601 1341 619 τι
1367 593 1434 629 πρὸς
1452 592 1499 619 τοῦ
1521 592 1651 619 δεσπότου
1674 593 1814 628 πράττειν

1018 640 1247 676 ἀναγκαζόμενος,
1264 639 1302 675 τῷ
1320 640 1368 675 μὲν
1390 639 1579 674 προστάγματι
1594 639 1639 666 διὰ
1661 639 1705 665 τὸν
1722 638 1813 674 φόϐον

1017 686 1156 715 πείθεται·
1177 687 1191 712 ὃ
1205 686 1234 713 δὲ
1256 686 1367 721 πάσχει,
1390 685 1518 720 πράττειν
1541 685 1578 720 μὴ
1603 684 1698 716 θέλων,
1716 684 1813 718 λέγειν

1016 739 1043 757 τι
1066 731 1097 757 οὐ
1115 731 1218 767 τολμᾷ·
1238 729 1392 766 τονθορύζει
1412 730 1440 756 δὲ
1459 730 1488 756 ὲν
1504 729 1602 765 ἑαυτῷ,
1625 729 1712 765 θυμοῦ
1733 738 1812 761 τινος

1016 778 1220 813 πληρούμενος·
1239 776 1309 803 οὕτω
1334 776 1379 812 μοί
1398 785 1457 808 πως
1480 776 1604 811 ἐφαίνετο
1628 776 1675 802 καὶ
1691 775 1741 811 τὴν
1757 775 1811 802 0d-

1015 823 1128 857 λασσαν,
1147 823 1268 859 ὡσπερεὶ
1278 823 1461 858 θυμουμένην,
1475 823 1521 849 καὶ
1533 823 1562 849 ὲν
1573 823 1654 857 ἑαυτῇ
1671 822 1810 858 φράττου-

1014 879 1062 897 σαν
1083 870 1133 906 τὴν
1147 870 1241 906 ὀργὴν,
1260 869 1410 906 κρατοῦσάν
1423 877 1453 895 τε
1465 868 1573 903 ἑαυτῆς,
1587 868 1617 894 οὐ
1639 868 1810 903 βουλομένην

1013 917 1053 953 τῷ
1062 917 1179 953 δεσπότῃ
1191 916 1306 952 φανερὸν
1322 916 1431 951 ποιῆσαι
1447 915 1491 942 τὸν
1510 914 1605 950 θυμόν.
1621 915 1714 941 Ταῦτα
1732 914 1809 941 οὕτω

1013 964 1142 999 γινόμενα
1158 963 1267 990 σιωπῶν
1276 963 1408 995 ἀτενίζειν
1420 962 1554 998 ἠρχόμην,
1572 962 1619 989 καὶ
1630 960 1675 987 τὸν
1687 960 1808 996 οὐρανὸν

1014 1010 1061 1037 καὶ
1076 1010 1119 1036 τὸν
1136 1009 1233 1036 κύκλον
1247 1009 1340 1041 αὐτοῦ,
1358 1009 1396 1044 τῷ
1419 1008 1458 1035 νοῒ
1484 1008 1665 1043 καταμετρεῖν
1689 1005 1805 1042 ἤθελον·

1014 1055 1095 1084 πόθεν
1104 1064 1132 1082 τε
1141 1055 1264 1091 ἄρχεται,
1279 1055 1326 1081 καὶ
1341 1054 1392 1081 ποῦ
1402 1053 1564 1087 καταπαύει,
1577 1053 1724 1088 ἀνεζήτουν
1734 1050 1804 1086 ἐγώ·

1014 1103 1093 1130 ποίαν
1103 1111 1132 1128 τε
1144 1103 1250 1138 κίνησιν
1264 1102 1319 1137 ἔχει
1329 1110 1335 1116 ·
1346 1101 1458 1137 πότερον
1465 1099 1514 1136 τὴν
1523 1099 1719 1135 μεταϐατικὴν,
1727 1108 1811 1126 τουτη

1011 1149 1070 1176 ἐστι
1103 1148 1151 1185 τὴν
1164 1148 1218 1175 ἀπὸ
1231 1148 1312 1174 τόπον
1330 1149 1370 1179 εἰς
1389 1147 1480 1178 τόπον,
1499 1146 1516 1180 ἢ
1527 1145 1576 1180 τὴν
1595 1144 1688 1179 κύκλῳ
1701 1147 1805 1178 φοραν·

1015 1196 1074 1230 πῶς
1086 1195 1114 1222 δὲ
1131 1195 1178 1222 καὶ
1189 1195 1238 1230 τὴν
1254 1195 1381 1230 ἐπίμονον
1395 1193 1472 1228 βάσιν
1492 1191 1558 1227 ἔχει.
1579 1191 1660 1218 Ἀλλὰ
1678 1191 1732 1226 μὴν
1753 1189 1808 1218 καὶ

1015 1243 1079 1277 περὶ
1086 1241 1132 1268 τοῦ
1140 1241 1216 1277 ἡλίου
1225 1241 1315 1276 ζητεῖν
1329 1240 1425 1272 ἐδόκει,
1438 1239 1477 1270 τίς
1486 1246 1516 1264 τε
1525 1238 1539 1264 ό
1548 1237 1645 1274 τρόπος
1657 1236 1740 1264 αὐτοῦ
1751 1236 1806 1270 τῆς

1014 1290 1043 1317 ὲν
1056 1288 1161 1325 οὐρανῷ
1177 1287 1293 1319 Θὲσεως·
1306 1287 1348 1318 τίς
1363 1286 1390 1313 δὲ
1402 1287 1449 1313 καὶ
1460 1287 1476 1322 ἡ
1494 1285 1615 1321 περίοδος
1629 1284 1674 1311 τοῦ
1687 1283 1802 1319 δρόμου·

1015 1335 1067 1362 ποῦ
1088 1335 1117 1361 δὲ
1138 1335 1185 1361 καὶ
1210 1334 1267 1369 μετ’
1287 1333 1376 1366 ὀλίγον
1399 1333 1492 1368 χωρεῖ,
1507 1332 1553 1358 καὶ
1571 1332 1611 1357 ὅτι
1639 1329 1706 1365 μηδὲ
1725 1326 1807 1360 οὗτος

1014 1381 1181 1417 παρέρχεται
1195 1380 1240 1406 τὸν
1254 1380 1352 1407 οἰκεῖον
1374 1378 1486 1413 δρόμονν
1503 1376 1569 1404 ἀλλὰ
1585 1377 1631 1403 καὶ
1647 1375 1737 1408 αὐτὸς,
1763 1374 1805 1406 ὡς

1014 1426 1118 1454 ἔνεστιν
1132 1426 1229 1457 εἰπεῖν,
1242 1425 1351 1460 ἐντολήν
1365 1433 1426 1450 τινα
1438 1423 1564 1457 φυλάττει
1577 1423 1738 1459 κρείττονος·
1753 1420 1805 1448 καὶ

1015 1473 1105 1508 φαίνει
1123 1472 1172 1508 μὲν
1185 1471 1246 1497 τότε
1260 1470 1323 1506 παρ’
1338 1471 1413 1506 ἡμῖν,
1429 1470 1473 1495 ὅτε
1490 1469 1594 1502 ἔξεστιν
1611 1466 1700 1502 αὐτῷ·
1719 1466 1806 1501 ὰπέρη

1015 1527 1092 1554 χεται
1112 1518 1151 1550 δὲ,
1174 1517 1211 1549 ὠς
1231 1516 1408 1552 καλούμενος.
1432 1517 1486 1542 Καὶ
1509 1515 1610 1542 τούτων
1631 1513 1721 1540 τοῖνυν
1750 1512 1806 1547 τὴν

1017 1566 1140 1599 ἐξέτασιν
1159 1563 1330 1598 ποιούμενος,
1356 1561 1447 1597 ἑώρων
1472 1560 1624 1596 παυόμενον
1643 1559 1690 1594 μὲν
1708 1558 1738 1584 τὸ
1753 1556 1806 1584 τοῦ

1016 1612 1092 1648 ἡλίου
1105 1611 1216 1646 φέγγος,
1231 1609 1371 1635 ἐπιλεῖπον
1390 1608 1418 1634 δὲ
1435 1608 1481 1633 καὶ
1498 1607 1547 1642 τῆς
1558 1606 1664 1642 ἡμέρας
1679 1605 1709 1632 τὸ
1725 1604 1783 1639 φῶς
1793 1611 1804 1620 ⁸

1016 1658 1117 1689 εὐθέως
1133 1656 1161 1682 δὲ
1178 1655 1317 1690 γινόμενον
1334 1653 1437 1685 σκότος,
1456 1653 1503 1680 καὶ
1521 1652 1635 1687 σελήνην
1648 1649 1807 1685 διαδεχομὲο

1016 1712 1065 1738 νην
1084 1703 1129 1729 τὸν
1151 1701 1241 1736 ἤλιοψ
1261 1700 1307 1726 καὶ
1323 1699 1356 1725 τὰ
1374 1698 1423 1734 μὲν
1443 1698 1538 1735 πρῶτα
1552 1697 1678 1724 ἀνιοῦσαν
1697 1695 1805 1730 μείονα,

1018 1749 1166 1786 μετέπειτα
1186 1747 1214 1773 δὲ
1235 1746 1441 1782 προκόπτουσαν
1466 1744 1505 1780 τῷ
1527 1743 1629 1779 δρόμῳ,
1653 1740 1807 1776 φαντασίαν

1016 1796 1189 1831 παρέχουσαν
1214 1792 1345 1829 μείζονος.
1371 1792 1427 1818 Οὐκ
1450 1790 1591 1825 ἐπαυόμην
1612 1788 1640 1815 δὲ
1664 1787 1710 1814 καὶ
1737 1787 1807 1821 περὶ

1015 1843 1118 1878 ταύτης
1137 1840 1237 1877 ζητῶν,
1252 1840 1299 1866 καὶ
1315 1839 1365 1874 τὴν
1381 1838 1469 1868 αἰτίαν
1491 1837 1540 1872 τῆς
1561 1834 1731 1871 ἀφαιρέσεως
1755 1833 1807 1860 καὶ

1015 1889 1065 1924 τῆς
1081 1887 1251 1923 προσθέσεως
1276 1885 1444 1921 ἀνηρεύνων,
1460 1884 1501 1910 ὅτι
1518 1891 1549 1908 τε
1569 1882 1615 1908 καὶ
1642 1880 1710 1915 αὐτὴ
1724 1879 1807 1914 τηρεῖ

1014 1935 1060 1961 τὸν
1076 1933 1174 1960 κύκλον
1185 1932 1238 1958 τῶν
1256 1930 1383 1966 ἡμερῶν·
1401 1928 1447 1956 καί
1467 1937 1511 1964 μοι
1526 1927 1611 1954 ἐδόκει
1622 1926 1652 1952 τὸ
1665 1924 1804 1957 ἐντεῦθεν,

1015 1980 1052 2012 ὡς
1065 1979 1124 2009 Θεία
1138 1987 1179 2010 τις
1194 1977 1310 2012 ὑπάρχει
1328 1975 1467 2010 οἰκονομία
1487 1973 1533 2000 καὶ
1546 1973 1659 2007 δύναμις
1680 1969 1789 2006 κρειττό
1804 1985 1807 1989 -

1015 2035 1078 2057 νων,
1096 2026 1112 2060 ἠ
1137 2024 1284 2059 συνέχουσα
1300 2023 1334 2050 τὰ
1356 2022 1414 2052 ὅλα,
1435 2021 1467 2055 ἢν
1483 2020 1531 2047 καὶ
1551 2018 1616 2045 Θεὸν
1636 2017 1747 2048 δικαίως
1769 2015 1806 2045 ἂν

1015 2071 1138 2106 εἴπομεν.
1167 2071 1222 2097 Καὶ
1246 2069 1276 2096 τὺ
1302 2068 1393 2098 λοιπὸν
1417 2067 1462 2093 τὸν
1486 2064 1656 2101 Δημιουργὺν
1680 2063 1806 2089 ἐπαινεῖν

1015 2118 1149 2154 ἠρχόμην,
1176 2117 1226 2152 τήν
1254 2124 1282 2142 τε
1302 2115 1353 2150 γῆν
1379 2114 1534 2148 πεπηγυῖαν
1552 2111 1633 2147 ὁρῶν,
1655 2110 1702 2136 καὶ
1724 2107 1806 2140 ζώων

1015 2163 1155 2199 διαφορὰς,
1180 2163 1227 2189 καὶ
1250 2161 1360 2189 ποικίλα
1380 2160 1469 2194 φυτῶν
1489 2158 1523 2185 τὰ
1546 2157 1728 2192 ἐξανθήματα.
1746 2154 1807 2189 Οὐχ

1016 2211 1107 2237 ἵστατο
1125 2209 1154 2235 δέ
1172 2218 1216 2244 μοι
1229 2209 1276 2235 ἐπὶ
1286 2207 1390 2239 τούτοις
1404 2207 1451 2237 καὶ
1466 2205 1555 2242 μόνοις
1572 2206 1585 2231 ὁ
1596 2203 1656 2234 νοῦς
1667 2211 1673 2217 ·
1688 2202 1756 2229 ἀλλὰ
1771 2201 1807 2229 τὸ

1014 2256 1116 2287 λοιπὸν,
1133 2255 1193 2282 ὅθεν
1211 2254 1296 2281 ταῦτα
1310 2253 1360 2288 τὴν
1380 2252 1509 2280 σύστασιν
1525 2251 1591 2286 ἔχει,
1610 2250 1700 2285 ζητεῖν
1716 2248 1805 2284 ἠρχό-

1017 2313 1087 2340 μην·
1103 2303 1216 2338 πότερον
1236 2302 1268 2329 ἔκ
1284 2310 1355 2333 τινος
1375 2301 1498 2331 συνόντος
1518 2299 1561 2326 ἀεὶ
1581 2298 1620 2333 τῷ
1641 2296 1710 2331 θεῷ,
1729 2296 1747 2331 ἢ
1773 2295 1807 2331 ἐξ

1014 2350 1097 2381 αὐτοῦ
1118 2349 1165 2375 καὶ
1187 2348 1277 2384 μόνον,
1303 2346 1518 2382 συνυπάρχον-ξος
1540 2343 1614 2379 αὐτῷ
1636 2342 1750 2373 οὐδενός·
1771 2341 1807 2370 τὸ

1015 2397 1068 2432 γὰρ
1084 2396 1114 2428 ἐξ
1126 2397 1176 2422 οὐκ
1191 2396 1266 2426 δντος
1281 2394 1460 2430 πεποιηκέναι
1474 2392 1549 2419 οὐδὲν
1567 2392 1677 2417 σκοπεῖν
1695 2397 1739 2425 μοι
1752 2397 1807 2416 κα-

1013 2443 1068 2475 λῶς
1094 2442 1192 2474 ἐδόκει,
1221 2441 1257 2477 μὴ
1286 2441 1376 2467 τέλεον
1401 2439 1532 2467 ἀπιθάνου
1561 2437 1730 2472 ὑπαρχοντος
1753 2433 1806 2461 τοῦ

1015 2489 1104 2523 λόγου.
1118 2489 1158 2516 Τὰ
1172 2488 1226 2524 γὰρ
1242 2487 1371 2522 γινόμενα
1384 2486 1413 2518 ἐξ
1424 2485 1506 2511 ὅντων
1522 2484 1625 2517 πέφυκε
1638 2482 1686 2517 τὴν
1703 2481 1807 2508 σύστα-

1016 2544 1058 2562 σιν
1083 2535 1164 2570 ἔχειν.
1181 2534 1237 2561 Καὶ
1259 2533 1358 2568 ὁμοίως
1378 2531 1485 2567 ἀληθῶς
1510 2530 1596 2556 ἐδόκει
1612 2528 1693 2564 μηδὲν
1710 2527 1806 2560 λέγειν

1014 2582 1058 2608 ἀεὶ
1075 2582 1194 2608 συνεῖναι
1209 2579 1247 2614 τῷ
1268 2578 1327 2613 Θεῴ
1342 2578 1434 2614 ἕτερόν
1452 2586 1477 2603 τι
1495 2577 1559 2612 παρ’
1582 2573 1752 2606 αὑτὸνμάλλ¹
1772 2573 1806 2607 ἐξ

1014 2627 1096 2654 αὒτοῦ
1117 2627 1152 2653 τὰ
1168 2627 1233 2654 ὄντα
1252 2625 1410 2660 γεγονέναι·
1435 2624 1481 2650 καὶ
1505 2622 1559 2658 γάρ
1579 2630 1637 2651 πως
1657 2619 1748 2646 ἔπειθέ
1768 2628 1806 2654 με

1014 2674 1059 2700 τὸν
1080 2674 1209 2701 εὔτακτον
1231 2672 1285 2699 τῶν
1302 2671 1450 2706 στοιχείων,
1467 2669 1514 2696 καὶ
1529 2670 1554 2704 ’ἡ
1579 2667 1643 2704 περὶ
1659 2667 1729 2694 αὐτὰ
1750 2666 1806 2701 τῆς

1015 2719 1121 2754 φύσεως
1132 2718 1274 2754 εὐκοσμία.
1288 2717 1394 2745 Οὐτωσὶ
1406 2715 1434 2744 δέ
1447 2724 1504 2747 πως
1515 2713 1544 2742 εὖ
1559 2712 1739 2741 διατεθεῖσθαι
1758 2720 1806 2740 νο-
