1920 3070
67 124 118 152 iis

661 125 725 152 LIB.
746 125 790 152 DE
805 125 928 153 [ΑΒΕΠο
946 124 1120 153 ARBITRIO.

1646 119 1700 147 246

69 182 160 218 μέζων,
184 181 229 208 ὲπὶ
252 182 303 217 τὴν
331 183 425 210 οὶκίαν
451 184 571 219 ἐχώρουν
597 183 645 219 τὴν
670 184 748 218 ἐμήν.
776 183 814 219 Τῇ
837 183 860 209 δ’

916 191 1004 218 quam,
1022 181 1217 209 contendentes
1234 179 1360 211 invicem,
1377 185 1461 214 seque
1488 177 1619 205 conviciis
1634 185 1699 212 pro-

69 228 188 264 ὲπιούο-ῃ,
208 228 334 254 τουτέστι
354 229 489 264 σήμερον,
505 229 588 255 ἐλθὼν
609 229 703 265 ἑώρων
717 229 763 256 δύο
787 229 861 262 τινὰς

69 275 204 310 ὁμογενεῖς
218 273 401 310 (ἀνθρώπους
416 275 446 301 δὲ
461 275 532 309 λέγω
541 295 548 307 ,
560 275 568 310 )
587 275 862 311 διαπληκτιζομένους

70 322 113 348 καὶ
127 320 398 355 διαλοιδορουμὲνους
422 320 548 354 ἀλλήλοις
559 329 565 335 ·
586 320 679 355 ἕτερον
695 320 716 346 δ’
731 318 764 347 αὖ
782 320 862 347 πάλιν

69 367 242 402 ἁτιματῶςαι
267 366 432 401 βουλόμενον
456 366 501 392 τὸν
525 365 646 401 πλησίον’
670 366 719 402 ἢδη
739 366 766 392 δέ
791 375 863 396 τινες

71 413 115 439 καὶ
138 412 291 447 δεινότερον
316 412 421 447 τολμᾷν
437 413 562 448 ἤρχοντο.
594 412 622 439 '0
641 412 688 447 μὲν
706 411 760 447 γὰρ
780 411 862 438 ἐσκύ-

71 459 146 486 laus;
159 458 270 494 νεκρὸν,
285 458 334 485 καὶ
348 458 380 485 τὸ
396 458 516 494 κρυφθὲν
530 458 581 494 ήδη
595 458 675 493 σῶμα
685 459 718 493 τῇ
733 460 767 494 γῇ
783 458 863 484 πάλιν

71 505 204 531 ἐδείκνυεν
217 504 298 539 ἡλίῳ,
319 504 367 530 καὶ
388 503 436 539 τὴν
452 503 548 540 ὁμοίαν
562 503 649 535 οὕτως
669 503 809 539 ἐνύϐριζεν
826 505 864 530 εἰ-

71 551 145 581 χᾶνα,
163 549 247 585 βορὰν
261 550 326 576 κυσὶ
344 549 515 576 καταλείπων
530 549 575 576 τὸν
590 549 696 584 νεκρόν·
717 551 731 576 ό
745 549 773 576 δὲ
789 549 864 583 ξίφος

71 596 200 630 ἐγύμνου,
225 595 274 621 καὶ
292 595 338 620 ἐπὶ
353 595 399 621 τὸν
413 595 503 629 ὅμοιον
526 593 667 629 ἄνθρωπον
683 593 791 629 ἐχώρει.
809 594 864 620 Καὶ

70 643 83 667 ὸ
107 641 156 676 μὲν
182 642 258 676 φυγῇ
286 640 335 676 τὴν
364 640 499 676 σωτηρίαν
518 639 639 675 πορίζειν
664 639 773 675 ἢθελεν·
799 641 812 666 ὁ
836 640 863 666 δὲ

69 687 175 714 διώκων
212 687 263 713 οὐκ
299 686 426 718 ἐπαύετο,
461 687 520 713 οὐδὲ
559 687 607 713 τοῦ
636 686 722 721 θυμοῦ
755 688 864 722 κρατεῖν

70 733 159 768 ﬁdele.
186 733 244 758 Καὶ
260 733 286 759 τί
303 733 343 759 δεῖ
363 733 473 759 πλείονα
495 733 602 767 λέγεινς
627 733 695 759 Ἀλλ’
719 733 760 759 ὅτι
776 734 865 768 χωρή-

71 787 119 810 σας
151 780 196 805 ἐπ’
232 779 314 805 αὑτὸν
346 779 447 810 εὐθέως
481 779 557 805 ἔπαιε
587 778 626 814 τῷ
661 778 742 813 ξίφει.
777 779 807 804 Ὁ
837 778 864 804 δὲ

70 824 166 859 ἱκέτης
196 823 245 851 τοῦ
274 824 388 859 πλησίον
415 824 528 858 ἐγίνετο,
558 824 605 850 καὶ
633 825 726 859 χεῖρας
759 823 863 854 ἱκεσίας

70 869 157 904 ὤρεγε
167 877 176 885 ν
192 869 241 896 καὶ
257 869 306 904 τὴν
330 869 379 904 μὲν
394 868 497 904 ἐσθῆτα
512 869 610 895 διδόναι
627 868 716 904 ἤθελε,
742 868 820 903 μόνον
836 868 864 894 δὲ
881 861 901 890 Β

70 914 99 940 τὸ
111 913 162 948 ζῇν
182 913 256 949 ἔχειν
268 914 356 948 ἠξίου.
378 914 408 940 '0
423 914 451 940 δὲ
464 913 513 940 οὑκ
524 913 621 950 ἔθραυε
635 914 681 940 τὸν
697 914 793 949 Θυμὸν,
809 913 863 940 οὐδ’

71 954 160 992 {risv}
168 959 216 985 τὸν
240 959 371 994 ὁμογενῆ,
395 959 457 985 οὐδὲ
477 959 572 986 ἑαυτὸν
589 959 632 985 διὰ
648 960 696 995 τῆς
720 959 820 991 εἰκόνος
835 960 864 986 ἐν

72 1005 168 1039 ἐκείνῳ
181 1004 293 1039 βλέπειν
308 1005 414 1040 ἤθελεν,
427 1005 483 1031 ἀλλ’
498 1005 535 1037 ὡς
547 1005 641 1041 ἄγριος
656 1005 717 1041 θὴρ,
740 1005 779 1041 τῷ
793 1005 864 1039 ξίφει

72 1052 120 1085 τῆς
136 1051 222 1087 βορᾶς
239 1052 350 1087 ἡρχετο.
376 1052 445 1087 Ἤδη
460 1052 488 1078 δὲ
501 1052 548 1080 καὶ
569 1052 598 1079 τὸ
616 1052 704 1087 στόμα
721 1052 759 1088 τῷ
778 1053 864 1088 ὁμοίῳ

72 1096 228 1131 προσέφερε
245 1095 351 1132 σώματι
362 1105 370 1111 ·
388 1095 513 1128 τοσοῦτος
529 1096 583 1132 γὰρ
602 1094 636 1132 ἦν
648 1096 687 1132 τῷ
702 1096 789 1132 θυμῷ.
809 1097 864 1123 Καὶ

72 1139 105 1176 ἦν
131 1141 207 1174 ἰδεῖν,
231 1142 277 1169 τὸν
301 1142 350 1176 μὲν
371 1142 545 1177 ἠδικημένον,
569 1142 613 1168 τὸν
636 1142 664 1168 δὲ
688 1141 779 1168 λοιπὸν
800 1151 864 1168 σκυ-

73 1184 195 1216 λεύοντα,
219 1185 266 1211 καὶ
284 1185 351 1220 μηδὲ
373 1186 409 1220 γῇ
433 1186 601 1217 σκεπάζοντα
621 1186 652 1212 τὸ
669 1186 757 1222 σῶμα,
776 1186 790 1212 ὃ
816 1187 864 1222 τῆς

74 1230 185 1266 ἐσθῆτος
200 1231 353 1266 ἐγύμνωσε.
373 1231 445 1266 Πρὸς
470 1232 497 1258 δὲ
518 1231 623 1264 τούτοις
641 1233 732 1268 ἕτερος
750 1233 862 1268 προσῆν,

73 1277 100 1308 ῖς
123 1277 170 1303 τοῦ
199 1277 314 1313 πλησίον
342 1279 459 1311 γυναῖκα
484 1279 592 1311 παίζειν
615 1279 704 1314 ἤθελε,
728 1279 864 1315 λῃστεύων

74 1324 159 1358 γάμον
175 1323 326 1358 ἀλλότριον,
344 1325 392 1350 καὶ
414 1325 460 1353 ἐπὶ
476 1325 633 1360 παράνομον
650 1325 742 1360 κοίτην
759 1326 864 1361 τραπῆ-

73 1378 114 1396 ut
130 1370 294 1406 παρορμῶν,
316 1370 362 1396 τὸν
383 1371 561 1406 γεγαμηκότα
579 1372 689 1406 γνήσιον
704 1371 810 1408 πατέρα
825 1372 862 1407 (5)

74 1417 193 1451 γενεσθαι
215 1417 314 1445 Θὲλων.
346 1417 535 1445 Ἐντεῦθενηδὲ
555 1420 614 1450 ταῖς
629 1419 794 1454 τραγῳδίαις
819 1428 865 1445 πι-

75 1464 176 1490 στεύειν
193 1463 332 1499 ἠρχόμην,
354 1465 402 1490 καὶ
419 1464 449 1490 τὸ
466 1464 607 1491 Θυέστειον
629 1465 737 1494 δεῖπνον
758 1465 864 1500 ἀληϐὧς

74 1510 157 1536 ἐδόκει
173 1518 220 1545 μοι
235 1511 380 1544 γεγονέναι
391 1520 397 1525 ·
417 1511 553 1538 πιστεύειν
567 1511 595 1538 δὲ
609 1511 657 1538 καὶ
720 1511 863 1546 Οἰνομαίου

75 1556 225 1591 παρανόμῳ
243 1556 386 1592 ἐπιθυμία,
403 1557 449 1583 καὶ
461 1559 492 1592 τῇ
507 1557 560 1583 τῶν
574 1557 695 1591 ἀδελφῶν
712 1557 756 1583 διὰ
772 1557 864 1592 ξίφους

75 1603 222 1639 φιλονεικίᾳ
237 1603 289 1630 οὐκ
302 1603 437 1630 ἀπιστεῖν.
453 1603 594 1631 Τοπούτων
607 1604 696 1631 τοίνυν
713 1604 760 1630 καὶ
775 1603 864 1630 τοιού-

74 1656 124 1674 των
144 1649 247 1685 Θεατὴς
266 1648 412 1683 γενόμενος
427 1648 493 1683 ἐγὼ,
519 1649 598 1676 πόθεν
619 1648 705 1676 ταῦτα
722 1648 865 1684 ἀναζητεῖν

76 1696 196 1731 ¹ιῖρχόμπιν
207 1705 214 1710 -
231 1696 274 1727 τίς
287 1695 315 1721 δὲ
328 1696 375 1722 καὶ
387 1697 403 1731 ή
418 1696 467 1731 τῆς
478 1697 609 1731 κινήσεως
624 1696 713 1722 αὐτῶν
723 1696 805 1731 ἀρχὴ,
818 1696 865 1722 καὶ

74 1742 112 1772 τίς
128 1742 142 1767 ὁ
157 1741 280 1768 τοσαῦτα
292 1742 352 1768 κατ’
364 1740 516 1777 ἀνθρώπων
532 1742 768 1777 μηχανησάμενος
785 1741 865 1768 πόθεν

74 1795 101 1812 τε
119 1789 135 1822 ἡ
151 1787 267 1823 εὖρησις
287 1786 388 1818 αὐτῶν,
408 1787 454 1814 καὶ
476 1787 518 1819 τίς
534 1789 548 1814 ὁ
571 1787 672 1814 τούτων
696 1787 862 1819 διδάσκαλος.

75 1833 125 1860 Καὶ
138 1833 186 1860 τὸν
203 1834 254 1868 μὲν
268 1834 335 1860 Θεὸν
347 1833 451 1860 τούτων
466 1833 579 1869 ποιητὴν
598 1834 687 1868 λέγειν
704 1834 805 1869 τολμᾷν
816 1835 865 1869 οὐχ

74 1876 124 1906 οἷόν
139 1889 169 1906 τε
183 1878 229 1915 ἦν,
247 1879 316 1906 ἀλλὰ
338 1880 391 1916 μὴν
407 1880 467 1906 οὐδὲ
492 1880 521 1912 ἐξ
541 1879 622 1906 αὐτοῦ
645 1880 693 1915 τὴν
717 1880 864 1906 ὑπόστασιν

75 1927 151 1960 ἔχειν,
168 1926 230 1952 οὐδὲ
245 1926 293 1961 τὴν
306 1926 354 1952 τοῦ
370 1924 440 1952 εἶναι
454 1925 592 1952 σύστασιν.
611 1925 674 1957 Πῶς
689 1925 743 1961 γὰρ
765 1923 819 1951 οἷόν
835 1934 864 1952 τε

74 1970 104 2006 ἢν
119 1972 207 1998 ταῦτα
221 1973 287 2007 περὶ
303 1971 371 1998 Θεοῦ
384 1973 470 2004 νοεῖν;
485 1972 515 2003 ὂς
534 1972 582 2007 μὲν
597 1972 652 2007 γάρ
665 1972 738 1998 ἐστιν
752 1971 863 2005 ἀγαθὸς,

75 2018 117 2044 καὶ
135 2018 190 2045 τῶν
212 2018 379 2054 κρειττόνων
402 2018 526 2053 ποιητὴς,
550 2018 604 2045 τῶν
620 2018 648 2044 δὲ
667 2017 776 2052 φαύλων
791 2017 864 2053 αὐτῷ

74 2064 218 2099 πρόσεστιν
233 2064 308 2091 οὐδέν
318 2073 325 2079 ·
340 2064 397 2090 ἀλλ’
408 2064 468 2091 οὐδὲ
479 2065 535 2095 τοῖς
551 2064 680 2096 τοιούτοις
695 2064 799 2099 χαίρειν
817 2063 864 2090 πέ-

74 2120 165 2145 φυκεν·
191 2111 362 2146 ἀπαγορεύει
382 2111 410 2137 δὲ
431 2111 478 2137 καὶ
494 2110 543 2145 τὴν
564 2110 672 2144 γένεσιν
692 2110 797 2137 αὐτῶν·
818 2111 864 2136 καὶ

74 2158 132 2189 τοὺς
159 2159 210 2192 μὲν
235 2158 383 2193 χαίροντας
405 2158 508 2189 τούτοις
533 2156 726 2188 ἁποϐἀλλεται,
751 2157 813 2188 τοὺς
836 2156 864 2183 δὲ

107 2271 147 2305 (3)
163 2270 303 2303 Γνὴσιον
316 2270 436 2305 πατέρα.
452 2271 610 2299 Menoosum
633 2271 771 2299 existimat
791 2271 864 2298 hunc

73 2306 163 2342 iocum
187 2306 342 2333 Cotelerius
362 2307 395 2333 ad
417 2306 542 2333 Clement.
559 2307 629 2333 hom.
647 2315 714 2338 xm,
733 2307 805 2342 §l9,
826 2307 865 2334 le-

75 2341 247 2375 gendumque
269 2342 409 2376 ἁγνήσιον,
427 2342 467 2368 vel
490 2342 525 2377 μὴ
547 2343 667 2377 γνήσιον,
681 2341 742 2377 qua):
754 2343 863 2377 quidem

74 2377 129 2403 sive
143 2377 235 2403 littera
251 2377 308 2403 sive
324 2377 455 2411 particula
472 2377 551 2408 facile
562 2378 800 2411 potuitexcidisse.
818 2377 863 2404 Sic

75 2416 163 2438 autem
192 2411 283 2438 locum
308 2412 444 2446 integrum
467 2412 690 2439 redditzAderat
715 2413 794 2443 alius,
819 2413 863 2444 qui

75 2447 189 2480 proximi
205 2447 285 2473 uxori
300 2447 420 2480 cupiebat
437 2447 556 2478 illudere,
583 2448 698 2474 alienum
726 2449 864 2475 inuti-imo-

75 2481 145 2508 nium
162 2481 311 2516 prwdatus,
332 2487 357 2509 et
378 2482 492 2509 incitans
515 2491 573 2508 eam
596 2488 624 2509 ut
646 2483 680 2508 ad
700 2484 864 2512 concubitum

76 2516 199 2543 illicitum
216 2522 370 2553 verteretur,
390 2525 404 2544 e
424 2518 519 2544 marita
541 2517 627 2545 volens
653 2518 739 2552 facere
763 2525 864 2553 putrem

76 2559 124 2578 non
141 2560 242 2579 verum.
259 2552 344 2580 GALL.

109 2587 147 2622 (6)
164 2586 262 2626 Gladio
279 2589 381 2626 tantum
398 2589 483 2622 carpit.
501 2589 699 2626 metui-.171;
718 2589 800 2625 βορᾶς
814 2591 864 2626 ἣρ-

77 2631 145 2656 χετο,
159 2624 235 2650 velut
252 2623 404 2650 vorandum
422 2623 610 2653 consciu’dere.
627 2623 708 2652 Forte
718 2623 803 2652 etiam
822 2623 864 2652 lit-

77 2658 125 2684 erit
147 2657 246 2700 εἴχετο.
275 2658 453 2700 signiﬁcatur
476 2667 559 2700 supra
584 2660 732 2700 belluinam
750 2660 862 2700 feritas,

77 2700 126 2726 qua
140 2701 212 2730 saepe
227 2695 354 2722 homines
374 2694 519 2730 inhumani
538 2696 565 2722 in
578 2703 607 2723 se
621 2696 736 2722 invicem
748 2695 841 2723 l‘urunt
855 2718 862 2730 ,

79 2732 106 2764 ut
118 2729 159 2764 vel
173 2737 205 2756 os
219 2734 351 2764 tauquam
365 2729 528 2757 devorandis
542 2731 713 2763 admoveant,
728 2734 758 2758 ut
772 2729 864 2760 statim

78 2763 182 2805 additur
200 2763 323 2805 ﬁssus:
338 2765 386 2791 καὶ
405 2765 435 2791 τὸ
452 2765 601 2805 στόμα-ἰῷ⁸
611 2766 696 2802 ὁμοίῳ
712 2767 864 2805 προσέφερε

79 2799 189 2833 σώματι.
213 2799 260 2826 Sic
281 2799 476 2834 Maragnenses
493 2799 612 2833 barbari,
629 2799 688 2828 non
706 2799 761 2828 tam
778 2799 865 2829 veniri

79 2841 153 2866 quam
178 2834 268 2862 furori
291 2836 488 2868 exsaturando,
513 2837 630 2864 initiatos
656 2837 759 2868 hostes,
781 2838 863 2864 etiam

80 2872 211 2899 stomacho
229 2874 391 2906 rcspuenle,
407 2875 550 2906 antequam
567 2871 635 2900 Galli
650 2874 735 2900 nostri
753 2872 866 2900 deduce-

912 228 1068 260 scindentes
1083 227 1195 262 aspexi:
1214 226 1328 253 alterum
1347 226 1422 256 item,
1437 224 1484 258 qui
1502 224 1583 252 vellet
1601 232 1700 259 exspo-

912 275 979 302 liare
993 274 1146 310 proximum
1163 282 1170 300 :
1189 272 1238 300 sed
1259 275 1286 299 et
1314 271 1360 306 qui
1379 271 1435 305 jam
1460 271 1569 305 gravius
1597 270 1700 305 aliquid

912 327 1078 356 praesumere
1105 319 1268 354 inciperent.
1294 316 1344 344 Iiic
1367 316 1501 351 siquidem
1529 315 1701 351 depraedatua

912 370 954 393 est
967 370 1114 396 mortuum,
1134 370 1289 398 corpusque
1309 362 1366 396 jam
1381 366 1454 388 terra
1469 361 1631 388 occultatum
1650 362 1701 390 ile-

913 419 974 438 rum
995 410 1116 438 exhibuit
1133 409 1205 442 soli;
1231 413 1313 444 atque
1330 408 1380 440 ita,
1397 411 1505 434 mortuo
1521 408 1634 435 canibus
1662 408 1701 434 la-

913 457 1018 484 niatum
1043 455 1248 490 vorandumque
1272 454 1379 486 relicto,
1399 457 1540 488 cognatam
1556 453 1700 488 imaginem

913 501 1078 530 contumelia
1101 501 1200 528 all'ecit.
1226 499 1274 527 Ille
1290 504 1399 532 autem,
1423 498 1525 526 nudato
1553 499 1701 534 strictoque

914 549 1013 585 gladio,
1027 548 1053 576 in
1066 547 1281 575 similisnaluraa
1299 546 1434 573 hominem
1449 545 1539 572 irruit.
1555 545 1642 580 Atque
1658 545 1702 572 hic

913 594 1023 631 quidem
1042 594 1149 622 volebat
1170 593 1232 627 luga
1248 592 1329 620 saluti
1357 591 1499 619 consulere
1525 600 1532 617 :
1559 595 1588 618 at
1609 598 1702 625 perse-

913 648 1011 676 quens,
1038 640 1106 667 nihil
1120 639 1278 671 desistebat,
1297 641 1345 665 aut
1370 638 1437 664 iram
1455 636 1590 665 moderari
1610 636 1702 664 stude-

915 687 971 714 bat.
987 685 1058 719 Quid
1075 692 1140 712 vero
1153 691 1295 712 necessum
1312 687 1354 711 est
1370 684 1447 718 plura
1458 683 1569 710 dicere?
1586 681 1643 709 Hoc
1659 689 1704 709 sa-

914 733 967 765 tis;
995 732 1143 758 irruentem
1175 731 1263 762 illum,
1289 729 1381 757 statim
1395 729 1510 756 alterum
1527 728 1617 763 gladio
1632 727 1706 755 ceci-

914 779 998 806 disse.
1023 780 1111 812 Atque
1126 778 1149 804 is
1167 777 1277 812 quidem
1301 776 1414 811 supplex
1431 775 1527 802 orabat
1539 776 1704 809 proximum,

914 831 1066 858 manusque
1079 823 1216 858 supplices
1231 821 1368 849 tendebat.
1383 821 1421 848 Ac
1436 821 1546 856 quidem
1575 819 1705 847 olTerebat

915 873 1029 902 vestem,
1042 869 1185 903 solumque
1208 868 1270 896 vita:
1295 867 1487 895 remissionem
1502 867 1642 902 poscebat.
1670 867 1706 894 At

916 916 960 943 ille
972 915 1091 950 perstitit
1106 914 1224 942 infracto
1238 913 1340 945 animo,
1356 921 1408 940 nec
1431 912 1531 942 eodem.
1551 920 1644 941 secum
1659 920 1706 947 ge-

916 969 981 989 nere
993 965 1035 989 est
1049 961 1212 992 miseratus;
1229 961 1272 988 vel
1288 967 1318 988 se
1330 960 1430 994 ipsum,
1447 960 1553 987 ratione
1566 958 1704 993 imaginis,

915 1008 944 1035 in
967 1015 1001 1035 eo
1026 1008 1113 1035 voluit
1137 1007 1290 1042 inspectare
1312 1015 1319 1033 :
1341 1006 1395 1032 imo
1419 1009 1548 1040 tauquam
1576 1004 1704 1031 immanis

915 1054 1015 1085 bellua,
1029 1053 1118 1088 gladio
1131 1053 1236 1080 laniare
1245 1052 1328 1087 coepit
1341 1051 1389 1086 (6).
1405 1050 1458 1078 Sed
1474 1055 1500 1078 et
1516 1050 1583 1083 jam,
1595 1051 1705 1085 corpori

915 1099 958 1127 sui
979 1099 1063 1127 simili
1089 1106 1120 1127 os
1151 1099 1331 1126 admoverat:
1349 1101 1424 1124 tanto
1452 1096 1587 1132 siquidem
1612 1096 1705 1123 furore

914 1148 1064 1178 exarserat,
1077 1149 1190 1180 eratque
1200 1145 1303 1176 videre,
1320 1144 1438 1171 alterum
1452 1142 1561 1178 quidem
1576 1142 1704 1177 iniuriam

915 1201 1043 1229 passum;
1072 1194 1186 1221 alterum
1213 1200 1288 1225 vero,
1316 1191 1445 1226 deinceps
1469 1190 1643 1225 spoliantem,
1673 1197 1706 1216 ac

915 1247 1002 1274 neque
1017 1242 1088 1266 terra
1100 1238 1266 1273 operientem
1280 1244 1391 1272 corpus,
1410 1235 1482 1271 quod
1497 1239 1573 1263 veste
1584 1234 1706 1262 nudave-

915 1288 967 1311 rat.
983 1284 1024 1312 Ad
1051 1285 1109 1312 haec
1126 1290 1214 1311 autem
1230 1287 1292 1311 erat.
1302 1283 1385 1314 alius,
1401 1282 1459 1318 qui,
1477 1281 1583 1309 furatus
1601 1281 1705 1308 alienas

915 1331 1034 1366 nuptias,
1049 1330 1125 1357 uxori
1142 1330 1257 1365 proximi
1275 1329 1412 1360 illuderet,
1430 1327 1532 1363 quique
1549 1327 1639 1354 cubile
1653 1326 1706 1353 ini-

915 1385 998 1412 quum
1012 1384 1201 1412 perrumpens,
1217 1376 1344 1403 maritum
1361 1376 1510 1410 legitimum
1525 1378 1629 1410 patrem
1646 1373 1705 1400 ﬁeri

915 1424 1004 1451 velet.
1033 1423 1100 1450 Hinc
1123 1422 1265 1458 traguadiis
1289 1422 1370 1449 etiam
1389 1421 1467 1448 [idem
1492 1421 1594 1448 habere
1618 1419 1703 1453 coepi,

915 1470 1062 1505 putavique
1087 1469 1174 1496 fuisse
1203 1475 1297 1495 revera
1323 1474 1430 1496 ccenam
1455 1467 1623 1503 Thyestzeam
1638 1466 1703 1502 (7):

916 1515 1018 1543 credidi
1045 1523 1108 1543 vero
1126 1515 1226 1549 iniquae
1242 1513 1380 1541 (Euomwi
1405 1513 1545 1548 cupiditati
1572 1513 1631 1549 (8),
1654 1520 1705 1540 nec

917 1561 1043 1589 fraternae
1059 1562 1097 1596 (9)
1110 1569 1156 1596 per
1173 1560 1275 1588 ferrum
1291 1559 1459 1587 contentioni
1475 1559 1554 1586 ﬁdem
1567 1559 1702 1587 subtraxi.

916 1608 1065 1635 Tantarum
1083 1615 1148 1642 ergo
1171 1607 1322 1641 taliumque
1336 1613 1427 1634 rerum
1449 1608 1586 1640 spectator
1602 1604 1704 1636 factus,

915 1653 985 1689 coepi
1007 1654 1147 1689 requirere
1176 1652 1246 1679 unde
1270 1653 1327 1679 haec
1348 1656 1463 1679 essent:
1480 1650 1618 1686 quodnam
1641 1658 1705 1678 vero

915 1702 996 1728 etiam
1010 1709 1041 1728 ea
1068 1700 1232 1735 principium
1257 1699 1435 1729 habuissent;
1451 1698 1547 1733 quisve
1576 1701 1652 1724 tanta
1676 1698 1704 1725 in

916 1745 1039 1772 homines
1055 1744 1165 1771 molitus
1176 1747 1250 1772 esset
1263 1753 1269 1770 ι
1286 1743 1359 1771 unde
1367 1744 1448 1771 etiam
1460 1751 1556 1771 eorum
1571 1743 1703 1775 inventio,

915 1791 1011 1826 quisve
1033 1790 1127 1817 talium
1143 1790 1239 1818 doctor
1255 1789 1363 1819 fuisset.
1379 1790 1418 1816 Ac
1441 1797 1521 1817 nemo
1536 1789 1644 1824 quidem
1668 1794 1706 1816 ta-

916 1837 982 1864 lium
998 1840 1138 1863 auctorem
1163 1835 1248 1862 Deum
1275 1835 1401 1862 habuerit
1417 1835 1524 1868 dicere;
1548 1835 1595 1862 sed
1617 1842 1705 1870 neque

915 1883 949 1909 ab
960 1890 992 1909 eo
1012 1882 1122 1913 habere,
1140 1889 1194 1916 quo
1205 1881 1260 1908 sint
1276 1887 1302 1908 et
1317 1881 1477 1909 consistant.
1493 1881 1545 1914 Qui
1559 1881 1633 1908 enim
1662 1884 1704 1910 ta-

915 1929 950 1955 lia
975 1928 1008 1955 de
1034 1927 1089 1955 Deo
1111 1927 1231 1962 cogitare
1246 1926 1372 1954 licuerit?
1394 1926 1441 1962 qui
1465 1934 1530 1954 sane
1549 1927 1639 1954 bonus
1662 1931 1705 1954 est

915 1979 1063 2009 auctorque
1078 1973 1239 2006 meliorum;
1254 1973 1296 2000 cui
1314 1980 1367 2000 nec
1380 1973 1528 2008 quidquam
1545 1973 1604 2000 vitii
1623 1973 1704 2006 insit;

915 2022 961 2050 sed
974 2029 1061 2056 neque
1073 2021 1172 2049 talibus
1187 2023 1283 2054 suapte
1294 2019 1352 2054 ipse
1363 2023 1461 2047 natura
1476 2019 1594 2054 gaudere
1605 2020 1703 2054 possit,

915 2068 972 2095 ﬁeri
986 2075 1048 2095 vero
1060 2066 1200 2102 prohibeat
1216 2074 1224 2092 :
1242 2065 1330 2099 iisque
1345 2065 1506 2100 gaudentes,
1524 2065 1646 2100 rejiciat;
1665 2065 1705 2093 l'u-

915 2115 1018 2150 gienles
1045 2118 1145 2142 autem.
1162 2117 1287 2147 acceptos
1301 2113 1411 2140 habeat.
1423 2111 1475 2145 Qui
1502 2120 1568 2140 vero
1587 2119 1642 2139 non
1654 2112 1703 2139 ab-

916 2160 1040 2193 surdum,
1059 2163 1094 2188 ut
1105 2167 1200 2187 eorum
1217 2159 1289 2187 Deus
1315 2162 1410 2186 auctor
1434 2158 1537 2191 audiat,
1567 2166 1627 2193 qua:
1646 2158 1704 2192 ipse

907 2265 1055 2313 ‘rent,_ce_u
1077 2273 1238 2313 prareipuas.
1250 2272 1356 2307 epulas,
1373 2271 1499 2313 qonvi‘vio
1515 2270 1658 2313 vorabant,
1675 2275 1703 2296 ut

915 2309 942 2335 in
964 2305 1095 2335 relatione
1116 2305 1207 2335 rerum
1232 2305 1353 2343 ipsorum
1374 2306 1506 2334 Claudius
1531 2305 1700 2335 Abbavilur.,

914 2343 980 2371 0rd.
998 2343 1062 2370 Min.
1076 2343 1236 2378 capucinus.

951 2378 988 2413 (7)
1004 2374 1118 2406 Caenam'
1128 2379 1302 2413 Thyestwum.
1318 2377 1355 2404 Τὸ
1370 2377 1511 2404 Θυέστειον
1525 2375 1641 2403 δεῖπνον.
1658 2374 1703 2402 Sic

914 2414 993 2441 Ovid.
1009 2422 1044 2440 xv
1058 2413 1166 2440 Metam.
1184 2424 1190 2440 :

985 2448 1055 2476 Neve
1072 2449 1213 2484 Thyestwis
1228 2449 1388 2475 cumulemus
1403 2447 1501 2484 viscera
1515 2446 1621 2484 mensis.

914 2483 954 2546 BE,
969 2484 1021 2545 hac
1038 2482 1155 2519 Thyeste
1173 2488 1199 2511 et
1212 2484 1295 2511 Atreo
1314 2484 1408 2515 l'ratre,
1424 2482 1534 2510 Servius
1554 2482 1588 2508 ad
1609 2489 1617 2508 I
1634 2484 1662 2508 et
1684 2488 1703 2508 ιι

939 2527 993 2546 ‘net
1017 2539 1023 2545 .

939 2527 1023 2546 arma.

951 2555 989 2589 (8)
1005 2554 1107 2588 Iniqua:
1133 2553 1269 2581 ()Enoma’i
1294 2553 1442 2588 cupiditati.
1459 2552 1540 2589 Forte
1560 2550 1702 2578 (Enomai.

915 2587 984 2616 Fuit.
994 2592 1016 2616 is
1033 2587 1218 2624 Hippodamiae
1233 2593 1318 2623 pater,
1337 2596 1352 2614 a
1369 2589 1448 2622 cujus
1468 2587 1567 2615 marito
1588 2594 1703 2624 cum_s_e

915 2621 1095 2652 occidendum
1115 2632 1148 2651 ex
1169 2621 1281 2651 oraculo
1302 2621 1455 2654 didicisset,
1476 2630 1562 2658 eaque
1578 2629 1593 2648 a
1611 2621 1703 2658 multis

915 2661 1075 2693 ambiretur,
1098 2661 1239 2695 proposito
1265 2656 1543 2695 certaminercuruli,
1571 2656 1702 2695 tredecim

916 2696 1015 2723 occidit
1028 2696 1088 2730 ejus
1099 2693 1214 2730 procos,
1227 2695 1314 2730 donec
1325 2694 1414 2730 victus
1428 2694 1486 2728 ipse
1499 2699 1542 2722 est
1556 2697 1583 2730 et
1593 2693 1702 2720 occisus

916 2739 931 2758 a
942 2729 1052 2766 Pelope,
1066 2729 1172 2757 Tantali
1188 2730 1253 2762 tilio,
1271 2729 1380 2765 Myrtilo
1396 2729 1490 2763 auriga
1503 2729 1592 2790 gretio
1606 2735 1703 2755 corru—

917 2770 962 2790 ntn
978 2771 1004 2790 et
1016 2766 1195 2790 subnectente
1208 2766 1330 2790 inlirmos
1344 2772 1418 2790 axes.
1435 2769 1488 2790 etc.
1523 2764 1592 2790 trab.
1610 2764 1628 2790 l.
1641 2771 1702 2790 vm.

916 2770 962 2801 pto
978 2764 1195 2794 et'subnecteute
1207 2764 1330 2793 iulirmos
1344 2769 1488 2801 axes._etc.
1503 2764 1592 2801 Strab.
1610 2764 1628 2790 l.
1641 2771 1702 2790 vm.

915 2798 1006 2828 hlium
1020 2801 1153 2828 Homerus
1167 2804 1361 2828 commemorat
1374 2799 1494 2826 occisum
1511 2800 1544 2825 ab
1561 2798 1685 2825 Hectore.

951 2837 989 2871 (9)
1006 2836 1061 2864 Nec
1075 2837 1211 2872 [ναίει-για),
1235 2840 1287 2863 etc.
1304 2835 1417 2872 Videtur
1427 2834 1549 2872 Remum
1559 2839 1585 2861 et
1601 2833 1701 2872 “Pliill-

917 2868 986 2904 lum,
999 2868 1115 2908 quorum
1128 2873 1194 2899 alter
1210 2875 1322 2899 mortem
1339 2870 1414 2898 l'ratri
1431 2869 1573 2901 conscivit,
1587 2868 1700 2895 referre.
