1920 3070
190 107 242 134 259

664 105 691 132 S.
714 105 878 132 METHODII
892 103 1042 131 EPISCOPI
1063 104 1106 131 ET
1126 103 1305 132 MAl’uTYRlS
1757 104 1822 131 221)

187 170 214 192 ct
238 173 331 200 puram
357 170 380 192 el
404 165 438 191 ab
455 164 530 191 omni
548 168 660 200 peccato
674 163 855 197 disjunctam;
878 171 974 200 conse—
989 169 1013 193 Α
1027 172 1057 200 ης
1067 170 1148 200 genus
1160 164 1303 190 humanum
1318 163 1428 200 {iterare
1438 164 1506 197 potis
1517 167 1593 200 esset.
1613 161 1693 190 Hisce
1706 161 1803 200 Μςιὶιᾳ

186 199 300 235 quenter
317 199 485 235 intelligitur,
498 208 559 226 cum
573 199 639 226 dicit
651 203 756 226 tantum
773 203 863 226 castos
877 204 903 226 et
917 199 972 235 vir-

186 234 263 270 gines
285 234 424 270 possidere
448 235 654 270 promissioncs,
677 235 727 261 sub
744 235 853 261 nomine
870 235 916 261 illo
931 234 972 260 in-

186 271 269 306 telligi
293 271 411 306 reliquos
426 278 531 302 omnes,
550 270 686 306 qui,rlicet
704 270 822 303 virgines
837 277 891 296 non
907 270 971 306 sint,

186 314 236 332 nec
248 304 436 332 castimoniam
449 304 594 337 coluerint,
609 305 719 332 fuerunt
731 309 821 331 tamen
835 309 861 332 et
873 304 973 331 sancti-

186 344 241 368 tate
256 342 326 372 vitaz,
342 344 368 367 et
380 341 480 375 pietate
497 341 523 367 in
542 340 637 372 Deum,
652 345 678 368 et
691 339 837 367 virtutibus
852 339 912 366 aliis
928 340 971 365 in-

186 376 281 402 structi
299 374 387 409 atque
396 376 494 402 ornati.
510 374 648 403 Justorum
665 375 748 406 enim,
765 375 972 409 quomodocun-

185 419 237 445 quc
252 411 317 444 justi
334 415 408 442 sunt,
428 416 469 437 est
484 418 597 445 regnum
611 411 754 437 (-mlorum.

219 447 278 473 Col.
295 446 356 473 194.
365 446 397 472 Α.
407 445 473 473 Cum
488 444 540 472 non
555 447 592 472 ita
601 445 735 472 commode
749 445 791 472 [ex
800 453 815 472 a
825 444 972 478 corruptio-

190 543 196 557 ι
356 543 363 555 =
376 541 1272 555 =:.____________

1026 197 1166 225 dii’verbis
1181 200 1271 233 opinio
1284 198 1414 225 refellitur
1427 198 1649 228 asseverantium,
1659 203 1720 224 ante
1729 197 1801 224 Chri

1026 234 1061 260 sti
1075 234 1218 260 adventum
1232 234 1385 268 plerosque,
1403 241 1489 268 neque
1503 233 1645 261 aCbristo.
1659 240 1746 267 neque
1763 239 1814 268 per

1024 268 1176 300 Christum,
1185 267 1312 296 iete’riinm
1322 267 1436 296 salutem
1446 267 1621 296 consecutos.
1636 268 1673 295 De
1686 276 1738 301 qua
1752 267 1817 301 opi-

1024 304 1106 330 nione
1125 312 1175 331 nos
1197 305 1260 330 alibi
1279 304 1337 331 {use
1353 304 1562 338 disputavimus,
1578 308 1603 330 et
1619 302 1756 337 quomodo
1779 309 1816 328 ea

1024 338 1200 374 intelligenda
1213 340 1257 371 sit.
1270 347 1303 366 ne
1318 339 1354 366 ᾱίι
1364 343 1390 365 ta
1407 338 1517 365 Patrum
1534 339 1560 365 id
1578 338 1727 374 asserentia
1742 344 1814 363 con-

1023 373 1153 401 demnare
1178 382 1318 409 cogamur.
1337 374 1402 402 Vide
1417 374 1498 400 etiam
1515 381 1575 408 qum
1589 373 1623 399 de
1639 379 1814 409 paganorum

1023 409 1167 436 animabus
1183 407 1258 436 libris
1273 410 1392 444 quinque
1406 407 1569 436 Franciscus
1590 408 1693 435 (Sollius
1715 407 1816 442 copio—

1022 444 1131 471 sissime
1144 445 1283 471 dissentit.

1273 539 1806 553 Ε

625 621 739 664 ΤΟΥ
764 618 934 664 ΑΓΙΟΥ
965 618 1377 665 ΙΕΡΟΜΑΡΤΥΡΟΣ

699 715 1288 804 ΜΕΘΟΔΙΟΥ

405 855 781 924 ΕΚΛΟΓΑΙ
815 854 964 921 ΚΑΙ
1002 856 1272 924 ΛΟΓΟΙ
1307 859 1569 923 ΤῙΝΕΣ.

570 1051 911 1129 SANCTI
951 1052 1425 1129 METHODII

846 1191 1151 1238 MARTYBIS

342 1300 719 1358 EXCERPTA
756 1298 842 1356 AC
876 1298 1287 1358 ORATIONES
1310 1301 1642 1368 ALIQUOT.

636 1475 765 1518 ΠΕΡΙ
791 1477 904 1520 ΤΟΥ
923 1472 1332 1521 ΑΥΤΕΞΟΥΣΙΟΥ.

935 1570 1056 1601 LIBER

655 1664 730 1708 DE
769 1664 991 1711 LIBERO
1026 1663 1339 1710 ARBITRIO.

181 1754 234 1780 Hoc
245 1755 348 1787 primum
362 1757 508 1787 excerptum
517 1754 699 1787 Methgdianum
712 1754 742 1780 de
753 1755 828 1782 libero
839 1755 949 1784 arbitria.
961 1757 1055 1787 primus
1065 1756 1149 1780 Grece
1162 1756 1271 1787 vulgavit
1279 1755 1387 1780 Joannes
1399 1755 1520 1780 Meursius
1530 1756 1555 1780 in
1571 1754 1703 1780 rariorum
1714 1754 1814 1782 dirmw

213 1785 267 1810 rum
281 1785 356 1818 libro;
373 1786 480 1818 Joannes
491 1786 685 1818 alitemAIiamius
698 1787 723 1810 V.
735 1787 760 1811 C.
773 1787 859 1812 Latine
874 1785 1196 1818 vertit,'excudendumque
1206 1785 1299 1811 curavit
1308 1788 1335 1818 jn
1348 1793 1391 1811 sua
1403 1787 1529 1811 luculenta
1540 1787 1734 1811 Meursiauorum
1748 1794 1814 1818 opes

212 1824 266 1840 rum
282 1816 445 1849 ciillectione,
469 1820 528 1841 tom.
549 1816 621 1847 VIII,
644 1824 699 1848 pag.
717 1818 830 1844 ἠδ-758.
848 1818 898 1843 Nos
922 1824 979 1842 vero
998 1819 1103 1849 primum
1120 1816 1288 1849 interpretem
1302 1817 1476 1843 Combeﬂsium
1493 1817 1597 1849 ejusque
1614 1822 1685 1842 notas
1702 1816 1813 1842 exhibe-

212 1854 274 1871 mus.
291 1847 436 1879 (GALLAND.)

217 1971 303 1999 Senex
319 1971 428 2006 quidem
446 1970 607 2002 Ithacensis,
622 1978 697 2002 cum,
723 1975 752 1998 ut
773 1971 858 1999 Graeci
887 1971 965 1999 fabu-
982 1975 1004 2003 B

181 2017 287 2048 lantur,
317 2017 464 2051 voluptatis
488 2016 598 2044 auditus
627 2016 819 2050 incontinens,
843 2016 969 2045 Sirenum

181 2066 293 2089 cantum
308 2062 401 2089 audire
413 2063 503 2095 vellet,
528 2062 664 2098 navigavit
678 2062 786 2090 vinctus
802 2063 859 2098 ipse
878 2064 906 2090 in
926 2063 970 2092 Si-

182 2108 285 2139 ciliam,
301 2108 494 2143 sociorumque
518 2108 655 2135 obstruxit
679 2115 759 2136 aures
782 2118 788 2136 :
810 2116 866 2136 non
891 2110 969 2144 quasi

181 2153 225 2181 vel
239 2153 293 2181 illis
308 2153 442 2181 invideret
459 2154 593 2187 auditum,
619 2155 660 2182 vel
675 2162 704 2181 se
729 2154 787 2189 ipse
800 2155 918 2183 vinculis
937 2156 970 2182 li-

182 2199 250 2227 bens
265 2200 409 2232 insereret,
428 2200 475 2227 sed
493 2201 565 2235 quod
581 2201 744 2228 cantilenam
767 2201 902 2236 ejusmodi
922 2210 970 2230 au-

182 2246 320 2274 dientibus
348 2254 423 2274 mors
447 2247 557 2274 tandem
580 2247 744 2275 immineret.
767 2248 846 2276 Tales
871 2249 970 2284 quippe

183 2291 285 2320 Graecis
304 2297 367 2320 sunt
385 2292 510 2320 Sirenum
535 2293 697 2328 voluptates.
715 2295 868 2327 Enimvero,
885 2296 970 2323 haud-

183 2347 319 2375 quaquam
335 2348 384 2375 ego
400 2340 462 2368 talis
476 2341 609 2368 cantionis
625 2340 734 2369 auditor
755 2341 808 2376 lio;
827 2351 877 2370 nec
893 2343 969 2371 Sire-

183 2394 234 2413 nas
249 2386 362 2414 funcbre
373 2394 483 2414 carmen
494 2387 635 2414 hominum
653 2388 839 2421 concinentes,
855 2397 969 2424 quarum

184 2432 323 2459 silentium
340 2432 401 2467 plus
416 2439 482 2459 voce
498 2432 654 2460 hominibus
679 2434 776 2468 prosit,
789 2435 882 2461 audire
898 2436 970 2462 desi-

184 2475 250 2504 dero
267 2487 273 2504 :
286 2478 367 2512 cupio
378 2480 468 2504 autem
483 2477 574 2504 divina
589 2477 705 2512 quadam
720 2487 786 2506 voce
803 2478 872 2512 frui,
891 2480 970 2514 cujus

185 2522 283 2556 sepius
296 2523 409 2558 repetita
425 2523 527 2550 auditio
551 2524 715 2551 desiderium
730 2526 901 2560 accumulat;
915 2535 970 2554 non

184 2568 258 2595 velut
279 2569 422 2604 impudica:
436 2571 511 2598 vocis
533 2571 658 2606 voluptas
675 2573 854 2606 superaverit.
874 2572 921 2600 sed
941 2576 971 2600 ut

185 2614 232 2648 qui
246 2620 415 2642 sacramenta
432 2616 524 2643 divina
539 2616 651 2644 habeam
666 2617 815 2649 addiscere,
832 2622 858 2645 et
871 2619 904 2645 ad
923 2626 971 2646 ex-

186 2664 319 2692 tremum,
335 2668 389 2687 nou
414 2665 541 2693 mortem,
559 2662 606 2689 sed
630 2663 745 2690 salutem
772 2667 899 2690 αξιοι-ηοω
921 2670 969 2690 cx-

186 2709 316 2739 spectem.
329 2705 467 2740 Siquidem
483 2707 632 2734 concinunt
643 2709 815 2742 cantilenam,
829 2716 882 2736 non
894 2707 968 2735 Grai-

185 2757 280 2777 coruan
297 2749 407 2778 Sirenes
421 2751 578 2783 mortiferae.
600 2753 646 2780 sed
660 2754 768 2780 divinus
782 2753 892 2788 quidam
919 2761 968 2778 au-

1061 1971 1090 1997 '0
1110 1970 1158 2006 μὲν
1176 1969 1373 2005 (1)Ἶθακήσιος
1388 1969 1488 2005 γέρων,
1505 1969 1574 1995 κατὰ
1583 1969 1628 1996 τὸν
1644 1969 1697 1996 τῶν
1712 1970 1810 2005 Ἐλλή-

1022 2026 1074 2044 νων
1095 2016 1189 2052 μῦθον,
1208 2016 1258 2051 τῆς
1271 2017 1405 2052 Σειρήνων
1420 2016 1579 2051 βουλόμενος
1590 2015 1705 2042 ἀκοῦσαι
1721 2015 1809 2051 ᾠδῆς,

1021 2062 1065 2090 διὰ
1075 2063 1122 2098 τὴν
1132 2063 1182 2096 τῆς
1192 2062 1284 2097 φωνῆς
1297 2062 1444 2089 ἀκόλαστον
1458 2061 1564 2097 ἡδονὴν,
1575 2061 1715 2097 δεσμώτης
1729 2062 1812 2089 ἔπλει

1021 2110 1061 2141 εἰς
1075 2109 1124 2144 τὴν
1143 2109 1277 2140 Σικελίαν,
1294 2109 1340 2135 καὶ
1357 2108 1406 2140 τὰς
1430 2108 1483 2134 τῶν
1507 2108 1623 2143 ἑταίρων
1643 2108 1811 2144 ὲνέφραττεν

1021 2154 1120 2186 ἀκοάς·
1138 2154 1189 2181 οὐκ
1211 2154 1323 2185 ἐκείνοις
1341 2154 1422 2180 ἕνεκα
1445 2154 1493 2189 τῆς
1509 2153 1665 2189 ἀκροάσεως
1690 2154 1809 2188 φθονῶν,

1021 2199 1081 2226 οὐδὲ
1099 2200 1194 2226 ἑαυτὸν
1214 2199 1305 2235 δεσμῷ
1330 2199 1501 2235 περιϐάλλειν
1521 2199 1677 2234 ἐπιθυμῶν
1694 2201 1751 2228 ἀλλ’
1767 2203 1812 2228 ὅτι

1021 2245 1096 2277 τέλος
1115 2246 1164 2280 τῆς
1179 2246 1291 2273 ἐκείνων
1316 2246 1386 2281 ᾠδῆς
1402 2247 1457 2278 τοῖς
1482 2246 1609 2273 ἀκούουσι
1626 2246 1740 2278 Θάνατος
1761 2246 1808 2283 ἦν.

1021 2293 1149 2322 Τοιαῦται
1166 2294 1220 2329 γὰρ
1235 2294 1298 2329 παρ’
1317 2293 1445 2329 Ἕλλησιν
1460 2293 1552 2328 ἡδοναὶ
1572 2294 1717 2330 Σειρήνων.
1735 2295 1810 2329 Ἐγὼ

1021 2339 1059 2372 δὲ,
1083 2339 1209 2375 τοιαύτης
1227 2340 1275 2375 μὲν
1299 2339 1370 2375 ᾠδῆς
1385 2339 1521 2376 ἀκροατὴς
1544 2340 1573 2365 οὐ
1595 2340 1722 2375 γίνομαι·
1748 2341 1809 2368 οὐδὲ

1021 2386 1130 2414 ἀκούειν
1158 2386 1282 2421 ἐπιθυμῶ
1309 2386 1454 2421 Σειρήνων,
1484 2386 1624 2420 ἐπιτάφιον
1656 2386 1810 2422 ἀνθρώπων

1021 2433 1151 2469 ᾁδουσῶν,
1169 2429 1207 2459 ὧν
1226 2433 1242 2468 ὴ
1260 2431 1323 2467 σιγὴ
1349 2431 1399 2466 τῆς
1416 2431 1507 2466 φωνῆς
1533 2431 1685 2467 ἀνθρώποις
1708 2440 1808 2467 χρησι-

1023 2479 1133 2514 μωτέρα
1155 2479 1274 2513 γίνεται·
1301 2478 1375 2510 θείας
1391 2478 1419 2504 δέ
1446 2486 1517 2509 τινος
1543 2477 1688 2503 ἀπολαύειν
1713 2478 1808 2512 φωνῆς

1021 2525 1146 2561 εὖχομαι,
1167 2523 1200 2561 ἦς
1226 2524 1276 2551 κᾶν
1296 2524 1424 2555 πολλάκις
1448 2523 1566 2555 ἀκούσω,
1589 2523 1669 2549 πάλιν
1695 2523 1807 2550 ἀκούειν

1021 2570 1144 2605 ἐπιθυμῶ
1155 2579 1161 2585 -
1177 2571 1226 2596 οὐκ
1242 2569 1391 2596 ἀκολάστου
1410 2568 1501 2603 φωνῆς
1516 2568 1595 2603 ἡδονῇ
1618 2568 1806 2602 νενικημένος,

1021 2615 1089 2643 ἀλλὰ
1111 2615 1170 2642 θεῖα
1191 2615 1380 2650 διδασκόμενος
1397 2614 1545 2648 μυστήρια·
1568 2606 1615 2640 καὶ
1636 2613 1668 2639 νδ
1683 2613 1760 2645 τέλος
1773 2614 1806 2640 οὺ

1022 2661 1145 2693 Θάνατον,
1182 2662 1237 2688 ἀλλ’
1268 2660 1374 2687 αἰώνιον
1402 2659 1617 2694 ἀπεκδεχόμενδς
1655 2659 1806 2694 σωτηρίαν.

1024 2707 1133 2742 ’ᾼδουσι
1147 2707 1200 2742 γὰρ
1217 2707 1265 2742 τὴν
1280 2706 1350 2742 ᾠδὴν
1364 2706 1412 2740 οὐχ
1429 2706 1455 2731 αἰ
1481 2704 1661 2740 θανατηφόροι
1678 2704 1808 2739 Σειρῆνες

1029 2753 1170 2788 Ἑλλήνων,
1196 2753 1262 2779 ἀλλὰ
1283 2753 1352 2784 θεῖός
1370 2761 1411 2783 τις
1431 2751 1510 2787 χορὸς
1533 2750 1688 2788 προφητῶν,
1709 2751 1752 2785 ἐφ’
1770 2747 1809 2776 ὧν

226 2828 264 2863 (l)
283 2827 353 2855 Μέν.
375 2828 412 2856 lla
434 2829 622 2858 Combeﬁsius.
645 2831 778 2860 Meursius
802 2836 891 2859 tamen
909 2830 975 2858 odit.
993 2829 1112 2858 Florcnl.
1132 2832 1195 2867 μὴν.
