1920 3070
91 127 134 154 ’ΞΗ
663 126 727 153 LIB.
748 126 792 153 DE
811 126 935 155 [ΔΒΕΒο
953 125 1130 154 ARBITRIO.

1665 128 1718 154 ριν.

92 189 135 214 οὒκ
150 187 206 214 ἔστι
227 187 422 224 ἀποφράττειν
438 188 492 215 τῶν
514 188 628 224 ἑταίρων
645 189 695 221 τὰς
710 189 804 222 ἀκοὰς,
822 189 883 216 οὐδὲ

936 193 1083 225 gustusque
1096 188 1196 215 chorus
1208 187 1399 222 prophetarum
1412 195 1419 219 ;
1433 186 1460 213 in
1472 185 1572 221 quibus
1583 194 1633 214 nec
1649 194 1720 222 opus

92 237 181 263 ἑαυτόν
196 244 250 262 τινι
262 236 360 271 δεσμῷ
377 236 562 272 περιϐάλλειν,
576 237 713 264 δεδοικότα
725 237 775 272 τὴν
789 238 821 263 ὲκ
833 237 882 272 τῆς

91 283 244 318 ἀκροάσεως
261 284 413 319 τιμωρίαν.
431 283 491 310 Τῶν
507 284 555 319 μὲν
568 284 622 320 γὰρ
640 284 709 320 μετὰ
725 284 774 318 τῆς
790 284 884 319 φωνῆς

92 331 104 356 ὁ
125 328 262 364 ἀκροατὴς
287 329 336 356 τοῦ
366 330 416 366 ζῇν
442 330 575 357 παύεται·
598 330 653 357 τῶν
676 329 705 357 δὲ
721 330 767 357 ἐπὶ
792 331 883 357 πλεῖον

93 376 208 406 ἁκούων,
234 375 283 401 τοῦ
302 375 461 411 κρείττονος
483 375 631 403 ἀπολαύσει
651 376 718 411 βίου,
738 375 789 402 ὑπὸ
810 376 882 402 θείου

94 421 249 456 Πνεύματος
277 422 543 457 χειραγωγούμενος.
572 422 677 448 Ἢκέτω
702 422 792 448 τοίνυν
816 421 884 457 σύμ-

93 477 155 499 πις,
173 468 220 494 καὶ
236 468 361 494 ἀκουέτω
374 469 424 503 τῆς
443 468 518 500 θείας
532 468 612 504 ᾠδῆς,
630 468 713 504 μηδὲν
728 468 884 503 πφοὸημέ-

93 523 146 546 νος.
164 515 222 541 Οὐκ
234 515 290 541 εἰσὶ
302 516 368 551 παρ’
385 516 451 550 ἡμῖν
465 516 492 542 αἱ
510 515 585 551 παρὰ
600 514 726 541 Σικελίαν
744 514 882 550 Σειρῆνες,

93 560 152 587 οὐδὲ
169 560 202 587 τὰ
226 561 378 592 Ὀδυσσέως
401 560 498 596 δεσμὰ,
519 561 548 587 οὐ
572 561 657 596 κηρὸς
679 560 829 596 τηκόμενος
844 561 884 591 είς

92 605 246 642 ἀνθρώπων
269 606 372 638 ἀκοάς·
395 606 462 632 ἀλλὰ
479 605 586 642 δεσμῶν
611 607 659 642 μὲν
685 607 775 638 ἄνεσις
797 607 881 637 πᾶσα,

93 652 235 687 ἐλευθερία
258 652 281 679 δ’
305 653 390 688 ἀκοῆς
413 652 477 687 παρ’
498 653 605 687 ἑκάστῳ
628 651 682 678 τῶν
705 652 881 688 προσιόντων.

93 699 228 733 Τοιαύτης
241 698 296 734 γὰρ
312 698 383 734 ᾠδῆς
399 698 507 725 ἀκούειν
524 698 607 731 ἄξιον,
621 697 758 730 τοιούτους
772 698 884 734 ᾄδοντας

93 746 175 781 ἔχειν,
191 746 302 773 εὐκτέον
319 744 387 773 εἷναί
409 755 452 782 μοι
465 746 547 773 δοκεῖ.
566 746 596 772 Εί
609 746 637 772 δέ
651 754 692 777 τις
708 746 755 773 καὶ
769 745 815 772 τοῦ
829 746 884 772 τῶν

92 791 252 830 ἀποστόλων
265 791 346 826 χοροῦ
359 790 469 818 ἀκούειν
486 790 583 823 ἐθέλοι,
598 790 709 826 εὑρήσει
727 790 777 826 τὴν
800 790 884 826 αὐτὴν

92 836 143 871 τῆς
163 836 238 871 ᾠδῆς
256 836 426 871 συμφωνίαν.
451 838 480 863 Οί
506 837 553 872 μὲν
572 836 626 871 γὰρ
647 836 762 872 προῇδον
789 845 884 872 μυστι-

934 235 1016 263 fuerit
1040 239 1071 262 ut
1093 234 1155 270 quis
1182 234 1319 261 sociorum
1336 233 1444 261 obturet
1474 240 1566 264 aures,
1585 241 1673 269 neque
1689 237 1720 260 ut

934 282 1002 316 ipse,
1019 281 1166 308 auditionis
1179 280 1284 307 veritus
1298 286 1417 314 poenam,
1436 279 1463 306 in
1481 279 1588 306 vincula
1602 287 1632 306 se
1653 287 1721 307 eon—

931 327 1040 361 jecerit.
1063 326 1119 353 Illic
1148 325 1257 360 quidem
1272 325 1390 356 auditor,
1406 332 1468 352 mox
1496 329 1525 352 ut
1543 325 1658 357 audivit,
1679 326 1720 352 vi-

933 381 997 400 vere
1006 373 1122 405 desinit;
1140 372 1186 399 hic
1202 376 1301 403 autem,
1317 371 1363 406 qui
1392 371 1508 398 multum
1527 373 1656 405 audierit,
1673 373 1719 400 di-

933 419 997 446 vino
1009 417 1111 456 Spiritu
1122 418 1201 449 duce,
1213 418 1275 445 vita!
1285 417 1405 445 melioris
1421 417 1574 446 felicitatem
1586 420 1718 454 aequiret.

933 463 1035 492 Omnes
1052 472 1118 500 ergo
1132 464 1212 492 simul
1228 465 1370 496 accedant,
1386 465 1561 500 audiamque,
1578 466 1646 493 nihil
1673 475 1720 494 ve-

934 511 990 542 riti,
1005 510 1157 538 cantionem
1182 511 1313 538 divinam.
1329 511 1436 538 Abeunt
1463 519 1479 538 a
1500 512 1579 539 nobis
1609 511 1720 540 Sirenes

935 555 1045 587 Siciliae,
1062 555 1224 592 Ulyssisque
1239 557 1359 589 vincula,
1374 565 1406 583 ac
1428 565 1491 585 cera
1505 557 1632 585 humanis
1647 560 1721 586 auri-

935 603 986 631 bus
1002 603 1112 638 liquata.
1131 603 1226 630 Potius
1241 611 1306 631 vero
1316 603 1472 631 omnimoda
1486 604 1658 631 vinculorum
1678 612 1722 632 re-

935 650 1040 682 missio,
1056 657 1176 684 suusque
1200 649 1269 676 liber
1282 650 1381 684 cuique
1396 649 1517 681 auditus,
1535 650 1622 678 adest.
1638 650 1722 679 Plane

934 696 1007 724 enim
1028 700 1148 724 meretur
1163 696 1284 723 auditum
1299 696 1434 731 ejusmodi
1449 698 1551 730 cantio,
1573 697 1723 732 deprecan-

934 743 1017 778 dique
1038 742 1165 770 videntur
1179 743 1276 771 musici
1302 743 1382 772 tales.
1407 743 1486 777 Quod
1512 745 1535 772 si
1550 744 1613 779 quis
1639 744 1722 771 etiam

935 789 1121 824 apostolorum
1139 789 1251 816 chorum
1271 789 1337 816 velit
1360 789 1474 822 audire,
1505 790 1629 817 eamdem
1655 798 1724 817 can-

935 835 1019 862 tionis
1037 835 1245 862 consonantiam
1258 835 1386 863 offendct.
1398 835 1466 862 Nam
1487 837 1525 863 illi
1544 836 1654 871 quidem
1677 844 1724 863 oc-

92 883 150 914 κῶς
164 882 215 917 τὴν
229 882 305 910 θείαν
323 883 493 919 οἰκονομίαν·
509 884 533 910 οἱ
552 883 574 909 δ’
597 883 704 919 ᾄδουσιν
719 883 883 919 ἑρμηνεύον-

936 881 1006 909 culte
1016 881 1219 916 praecinuerunt
1229 880 1461 916 dispensationem
1475 881 1595 909 divinam
1607 891 1614 915 ;
1630 882 1658 909 hi
1675 890 1725 908 au-

91 938 138 962 τες
153 930 188 958 τὰ
203 930 250 957 ὑπ’
264 931 374 957 ἐκείνων
395 930 532 966 μυστικῶς
547 929 750 966 ἀπηγγελμένα.
770 930 802 956 ’Ὠ
816 938 885 965 συμ-

92 977 181 1011 φώνου
196 977 342 1013 ἁρμονίας,
360 977 413 1004 ὑπὸ
427 977 499 1004 θείου
513 976 670 1012 Πνεύματος
684 976 883 1012 συγκειμένηςί

93 1024 125 1050 Ὠ
151 1024 235 1050 καλοῦ
259 1023 313 1051 τῶν
332 1024 451 1059 ᾀδόντων
470 1024 504 1050 τὰ
526 1023 679 1059 μυστήριαί
703 1023 814 1055 Τούτοις
837 1025 884 1051 καὶ

94 1069 219 1104 συνᾴδειν
232 1068 358 1105 εὔχομαι.
377 1069 504 1104 ’ᾼσωμεν
524 1068 667 1105 τοιγαροῦν
680 1069 727 1095 καὶ
741 1070 822 1104 ἡμεῖς
835 1068 886 1104 τήν

92 1114 190 1149 ὁμοίαν
210 1114 291 1150 ᾠδὴν,
313 1115 360 1141 καὶ
374 1115 419 1141 τὸν
436 1115 519 1150 ὕμνον
534 1115 740 1151 ἀναπέμψωμεν
759 1114 797 1150 τῷ
815 1114 885 1150 ἁγίῳ

92 1160 191 1196 Ila-.91,
204 1160 342 1196 Πνεύματι
356 1161 511 1194 δοξάζοντες
525 1161 638 1196 Ἰησοῦν,
653 1162 707 1188 τὸν
716 1161 751 1188 ἐν
760 1162 885 1194 κόλποις

91 1207 197 1233 αὑτοῦ.
223 1207 268 1242 Μὴ
289 1207 388 1244 φύγῃς,
415 1207 552 1243 ἄνθρωπε,
577 1207 661 1243 ὕμνον
688 1208 882 1243 πνευματικὸν,

96 1252 161 1288 μηδὲ
175 1252 306 1287 ἀπεχθῶς
322 1253 389 1287 πρὸς
405 1253 453 1288 τὴν
469 1253 600 1288 ἀκρόασιν
613 1252 749 1288 διατεθῇς.
765 1253 884 1279 Θάνατον

93 1299 142 1325 οὐκ
157 1298 215 1334 ἔχει
226 1307 232 1313 ·
252 1298 389 1334 σωτηρίας
404 1299 463 1324 ἐστὶ
474 1298 596 1334 διήγημα
610 1299 627 1333 ἡ
650 1299 714 1334 παρ’
736 1299 801 1333 ἡμῖν
817 1298 882 1334 ᾠδή.

99 1343 169 1378 Ἐγὼ
196 1345 246 1379 μὲν
265 1342 311 1371 οὖν
337 1345 388 1379 ἤδη
412 1345 459 1371 καὶ
479 1344 532 1371 τῶν
557 1344 718 1380 κρειττόνων
739 1344 885 1372 ἀπολαύειν

93 1388 174 1419 δοκῶ,
188 1390 254 1425 περὶ
269 1389 398 1416 τοιούτων
411 1390 599 1425 διαλεγόμενος
609 1398 616 1405 ’
632 1391 680 1417 καὶ
698 1391 824 1426 μάλιστα,
839 1391 884 1417 ὅτε

93 1436 107 1462 ό
120 1435 243 1467 τοιοῦτός
262 1444 307 1471 μοι
322 1435 451 1471 πάρεστιν
468 1436 570 1463 ἀνθέων
583 1436 695 1472 λειμών·
713 1437 850 1463 τουτέστιν
868 1438 884 1472 ἡ

94 1480 218 1516 ἡμετέρα
237 1481 356 1513 σύνοδος,
384 1481 438 1508 τῶν
463 1482 521 1517 ἄμα
543 1490 573 1507 τε
595 1482 642 1508 καὶ
663 1481 815 1508 ἀκουόντων
837 1481 885 1508 καὶ

96 1527 264 1562 συνᾳδόντων
279 1527 314 1554 τὰ
326 1527 385 1554 θεῖα
401 1528 546 1563 μυστήρια.
568 1528 626 1563 Ἐφ’
641 1524 677 1554 ὧν
692 1528 781 1554 καὶτὸ
795 1527 884 1562 λέγειν

94 1572 198 1609 θειῤῥῶ,
228 1574 270 1600 ὅτι
288 1582 333 1608 μοι
358 1574 456 1607 παντὸς
483 1574 582 1609 φθόνου
602 1574 724 1611 καθαρὰς
750 1574 883 1609 παρέχετε

93 1619 142 1651 τὰς
158 1619 256 1652 ἀκοὰς,
273 1620 304 1646 οὗ
321 1619 367 1646 τὸν
387 1620 466 1656 ζῆλον
480 1620 525 1647 τὸν
549 1621 595 1647 τοῦ
610 1621 680 1648 Κάῖν
703 1619 882 1656 μιμούμενοι·

94 1665 141 1700 οὐχ
156 1666 258 1700 ὁμοίως
273 1665 319 1692 τοῦ
341 1665 426 1692 Ἦσαῦ
440 1666 583 1699 διώκοντες
597 1667 641 1693 τὸν
657 1666 781 1699 ἀδελφὺν,
793 1667 824 1693 οὺ
837 1665 884 1692 τοῦ

100 1712 199 1746 Ἰωσὴφ
224 1711 400 1744 ἐπαινοῦντες
431 1712 572 1747 ἀδελφοὺς,
597 1713 638 1740 ὃτι
661 1713 703 1747 ἐφ’
728 1710 769 1744 οἷς
794 1712 886 1746 ἔλεγεν

95 1758 206 1793 ἐμίσουν
223 1758 269 1784 τὸν
284 1757 398 1790 ἀδελφόν
408 1766 415 1772 '
430 1757 498 1784 ἀλλά
512 1758 614 1786 τούτων
634 1758 762 1785 ἁπάντων
781 1758 885 1794 μακρὸν

94 1803 262 1837 ἀφεστῶτες,
286 1802 381 1839 διόπερ
406 1803 520 1835 ἕκαστος
546 1803 622 1838 ὑμῶν
649 1803 681 1830 τὸ
701 1803 748 1830 τοῦ
775 1803 886 1839 πλησίον

95 1849 199 1884 νομίζει
222 1849 322 1883 λέγειν.
348 1849 403 1875 Καὶ
423 1839 467 1876 διά
488 1849 568 1876 τοῦτο
591 1848 671 1885 ζῆλος
694 1849 811 1885 πονηρὸς
836 1849 886 1876 οὐκ

97 1893 168 1920 ἐστιν
184 1896 214 1921 ὲν
233 1895 309 1930 ὑμῖν,
325 1894 360 1920 τὲι
382 1894 510 1921 λείποντα
524 1894 564 1930 τῷ
585 1894 691 1930 ἀδελφῷ
713 1894 887 1931 ἀναπληροῦν

93 1940 275 1976 δεδεγμένοις.
293 1941 325 1967 ’Ὠ
348 1941 530 1977 ἀκροατηρίου
550 1940 644 1973 καλοῦ,
666 1941 713 1968 καὶ
737 1941 886 1977 συμποσίου

95 1986 206 2020 σεμνοῦ,
222 1987 269 2012 καὶ
285 1987 476 2022 πνευματικῶν
493 1987 664 2022 ἐδεσμάτωνί
693 1987 829 2020 Τοιούτοις
844 1988 888 2015 ἀεὶ

95 2034 216 2059 συνεῖναι
228 2032 342 2064 δικαίοις
361 2032 397 2068 (2)
411 2033 550 2069 εὐξαίμην.

129 2078 233 2105 ΟΥΑΛ.
248 2078 320 2110 Χθὲς
335 2078 365 2105 τὺ
379 2079 491 2107 δειλινὸν
505 2080 673 2116 περιπατῶν,
689 2078 711 2108 ὦ
723 2081 795 2116 φίλε,
811 2081 886 2117 παρά

93 2125 139 2152 τὸν
152 2126 203 2161 τῆς
224 2125 362 2161 θαλάσσης
376 2127 508 2161 αἰγιαλὸν,
523 2129 570 2154 καὶ
579 2128 662 2161 ὀξέως
679 2138 737 2160 πως
756 2129 886 2161 ἀτενίζων

95 2172 133 2203 εἰς
146 2172 245 2207 αὐτὴν,
269 2171 373 2208 ἑώρων,
389 2172 541 2209 ὑπερϐολήν
556 2182 617 2201 τινα
640 2174 716 2207 θείας
734 2175 885 2210 δυνάμεως,

936 931 1001 961 tem,
1016 927 1122 955 occulte
1136 927 1170 954 ab
1184 927 1238 954 illis
1253 928 1424 959 annuntiata,
1440 928 1563 956 canendo
1574 929 1723 963 explicant.

936 972 958 1000 0
971 981 1120 1001 consonam
1144 973 1324 1005 harmoniam,
1340 979 1519 1008 eomponente
1539 975 1632 1002 divino
1661 974 1724 1009 Spi-

935 1019 1007 1046 ritul
1025 1019 1182 1048 Odecorem
1195 1020 1349 1048 canentium
1366 1021 1412 1049 Dei
1432 1022 1620 1049 sacramenta!
1646 1020 1725 1048 Desi-

935 1065 1014 1093 derat
1029 1066 1137 1093 animus
1153 1073 1205 1093 una
1221 1067 1376 1095 concinere.
1394 1067 1532 1095 Canamus
1543 1075 1608 1103 ergo
1628 1071 1655 1095 et
1672 1067 1724 1102 ipsi

935 1112 1058 1139 eamdem
1069 1112 1234 1144 cantionem,
1249 1113 1434 1148 hymnumque
1445 1114 1636 1141 submittamus
1650 1113 1724 1140 Patri

936 1162 1046 1191 sancto;
1065 1157 1157 1186 Jesum
1173 1159 1217 1194 qui
1233 1159 1260 1185 in
1277 1159 1333 1193 ejus
1348 1159 1408 1186 sinu
1427 1164 1466 1186 est
1482 1161 1501 1192 ¹,
1518 1158 1619 1194 Spiritu
1639 1160 1724 1195 glori-

935 1204 1057 1232 ﬁcantes.
1074 1204 1221 1237 Ne,homo,
1235 1206 1372 1233 canticum
1385 1206 1508 1241 spiritale
1522 1206 1638 1241 fugeris,
1656 1214 1724 1234 neve

936 1251 1103 1279 auditionem
1126 1251 1212 1280 fueris
1237 1257 1389 1281 aversatus.
1417 1252 1530 1281 Mortem
1558 1261 1612 1281 non
1631 1253 1722 1281 habet.

937 1295 1039 1324 Salutis
1058 1297 1191 1330 narratio,
1216 1302 1309 1325 nostra
1328 1298 1419 1325 cantio
1436 1302 1487 1326 est.
1517 1298 1588 1326 Sane
1613 1299 1722 1334 quidem

936 1342 1002 1369 mihi
1014 1343 1072 1378 ipse
1082 1343 1138 1378 jam
1152 1344 1246 1371 videor
1255 1344 1415 1372 melioribus
1432 1343 1496 1376 frui,
1513 1344 1559 1379 qui
1571 1344 1605 1372 de
1623 1345 1725 1372 talibus

936 1387 1068 1415 disseram
1091 1397 1099 1416 :
1126 1388 1208 1424 idque
1231 1390 1258 1416 in
1279 1389 1386 1424 primis,
1415 1397 1476 1416 cum
1502 1389 1557 1416 tale
1569 1390 1724 1425 talibusque

935 1432 1035 1460 ﬂorens
1052 1438 1156 1469 pratum
1172 1442 1264 1462 coram
1275 1435 1387 1462 habeam
1401 1444 1408 1462 :
1428 1435 1491 1462 dico
1501 1439 1590 1462 autem
1605 1439 1723 1462 vestram

937 1480 1107 1514 concionem,
1121 1481 1167 1514 qui
1179 1485 1207 1508 et
1230 1481 1370 1508 auditores
1386 1484 1412 1508 et
1430 1484 1610 1508 conccntores
1631 1489 1725 1508 sacra-

936 1531 1089 1554 mentorum
1114 1527 1266 1556 caelestium
1294 1528 1453 1556 considetis.
1471 1527 1615 1562 Propterea
1641 1528 1724 1555 etiarn

936 1574 1023 1601 audeo
1043 1574 1144 1607 dicere,
1171 1574 1243 1609 quod
1271 1575 1356 1603 livore
1381 1575 1456 1602 omni
1472 1575 1582 1602 mundis
1610 1574 1724 1601 auribus

936 1620 1114 1651 auscultetis,
1139 1628 1190 1647 nec
1225 1620 1365 1648 Caininam
1400 1621 1598 1648 mmolationem
1635 1621 1724 1648 imite-

936 1666 1003 1692 mini
1018 1666 1039 1698 ³,
1054 1670 1100 1693 aut
1115 1666 1187 1694 sicut
1201 1665 1273 1694 Esau
1288 1667 1299 1683 ³
1314 1667 1425 1694 fratrem
1441 1667 1658 1702 persequamini,
1681 1666 1723 1694 vel

937 1711 1037 1740 fratres
1049 1711 1149 1748 Joseph
1163 1713 1174 1729 ⁸
1188 1713 1320 1748 probetis,
1347 1713 1425 1740 fratri
1449 1718 1560 1748 propter
1581 1720 1723 1741 sermones

936 1758 1023 1793 ipsius
1043 1759 1186 1787 infensos:
1200 1759 1248 1787 sed
1264 1759 1354 1787 abhis
1376 1759 1504 1787 omnibus
1528 1760 1607 1795 longe
1627 1759 1724 1787 remoti

937 1805 1008 1836 sitis,
1024 1805 1245 1833 existimantibus
1262 1805 1377 1840 singulis
1392 1805 1571 1841 dicere,quod
1583 1806 1725 1841 proximus

937 1850 1013 1878 dicit.
1025 1850 1116 1884 Quare
1130 1851 1211 1879 etiam
1226 1851 1398 1879 desideratur
1411 1852 1438 1878 in
1453 1852 1531 1879 vobis
1553 1851 1624 1878 mala
1643 1859 1725 1879 aemu-

936 1896 1012 1929 latio,
1028 1897 1075 1932 qui
1090 1897 1182 1924 fratris
1198 1896 1322 1925 defectus
1334 1897 1520 1932 adimplendos
1536 1897 1722 1932 suscepen'tis.

937 1942 959 1969 Ο
970 1942 1111 1977 pulchram
1124 1943 1294 1976 concionem,
1306 1943 1506 1978 honestumque
1518 1942 1683 1975 convivium,
1697 1945 1726 1970 et

937 1988 1094 2024 spirituales
1120 1989 1232 2023 epulas!
1251 1988 1362 2016 Talibus
1385 1996 1434 2024 ego
1448 1996 1555 2023 semper
1580 1989 1723 2022 interesse,

937 2034 1034 2061 merito
1051 2034 1211 2068 optaverim.

973 2079 1050 2107 VAL.
1065 2080 1113 2115 (4),
1125 2079 1204 2112 Cum,
1218 2079 1316 2113 amice,
1333 2079 1393 2107 heri
1412 2087 1483 2112 sero,
1498 2079 1532 2106 ad
1551 2079 1635 2108 maris
1648 2079 1724 2108 littus

937 2126 1117 2156 ambularem,
1131 2128 1213 2160 atque
1228 2124 1255 2151 in
1272 2124 1361 2159 ipsum
1377 2125 1463 2152 aciem
1480 2125 1621 2152 oculorum
1638 2125 1726 2152 inten-

937 2171 1040 2200 derem.
1053 2169 1145 2197 statim
1163 2176 1203 2201 se,
1218 2169 1328 2196 virtutis
1340 2169 1438 2197 divina:
1446 2169 1615 2204 praestantia,
1625 2175 1726 2203 arsque

94 2219 141 2244 καὶ
161 2218 248 2253 σοφῆς
274 2218 429 2254 ἐπιστήμης
445 2219 559 2255 τέχνην
582 2220 607 2246 ετ
622 2229 653 2255 γε
670 2221 716 2247 καὶ
736 2221 833 2257 τέχνην
855 2221 884 2248 τὸ

938 2217 1070 2252 sapientis
1092 2216 1222 2249 scientiae,
1249 2215 1350 2250 objecit
1371 2215 1458 2243 oculis
1473 2224 1481 2243 :
1499 2215 1522 2243 si
1546 2215 1656 2250 quidem
1680 2221 1725 2241 res

94 2263 200 2290 τοιοῦτο
215 2264 307 2290 καλεῖν
323 2265 387 2300 χρή.
405 2265 509 2300 ’Ὥσπερ
525 2265 580 2302 γὰρ
591 2267 606 2293 ὁ
626 2267 774 2303 Ὁμηρικὸς
796 2268 886 2304 στίχος

94 2309 244 2345 φθέγγεται
257 2311 369 2342 ἐκεῖνος·

99 2365 147 2403 ᾮς
162 2365 193 2403 ’δ’
207 2365 310 2403 ἄνεμοι
320 2366 363 2403 ,(5)
374 2366 429 2393 δύο
441 2368 553 2394 πόντον
566 2367 700 2402 ὀρίνετον
715 2369 881 2403 ἰχθυόεντα,

94 2401 208 2437 Βορέης
224 2401 277 2437 καί
289 2401 431 2436 Ζέφυρος,
449 2402 520 2429 abte
536 2401 687 2437 Θρῄκηθεν
702 2401 795 2437 (inter

101 2436 235 2473 ’El0ofrt'
249 2436 405 2473 ἐξαπίνης·
426 2437 530 2473 ᾷμυδις
551 2436 584 2465 δέ
598 2436 631 2465 τέ
645 2439 725 2473 κῦμα
735 2436 885 2466 κελαινόν

96 2472 267 2505 Κορθύεται·
286 2471 405 2499 πολλὸν
418 2471 452 2499 δὲ
465 2473 560 2508 παρὲξ
575 2473 635 2501 ἅλα
648 2471 744 2509 φῦκος
755 2475 866 2509 ἔχευαν
875 2483 882 2490 ·

97 2561 166 2588 οὓτω
181 2571 226 2598 μοι
249 2564 296 2589 καὶ
321 2562 384 2597 χθὲς
404 2563 542 2598 γεγονέναι
559 2564 641 2592 δοκεῖ.
668 2565 807 2601 Κορυφαῖς
829 2565 884 2601 γὰρ

939 2263 1072 2298 ejusmodi
1091 2271 1136 2291 ars
1149 2262 1269 2291 vocanda
1283 2263 1327 2290 sit.
1345 2261 1382 2290 Ut
1395 2263 1467 2290 enim
1481 2262 1562 2289 habet
1572 2269 1668 2289 versus
1680 2260 1724 2288 ille

938 2309 1098 2337 Homericus
1113 2319 1120 2337 :

935 2367 1009 2396 Sicut
1029 2372 1116 2402 autem
1133 2367 1200 2393 venti
1215 2367 1267 2394 duo
1286 2370 1394 2402 pontum
1407 2369 1565 2402 commovent
1579 2364 1723 2399 piscosum,

936 2403 1035 2430 Boreas
1047 2407 1071 2429 et
1083 2401 1227 2437 Zephyrus,
1245 2403 1290 2437 qui
1303 2411 1317 2428 ι
1334 2401 1447 2428 Thracia
1464 2401 1567 2437 spirant

938 2438 1049 2466 ﬂuentes
1063 2435 1166 2472 repente
1177 2446 1186 2464 .'
1199 2435 1279 2465 simul
1293 2442 1381 2464 autem
1395 2441 1420 2464 et
1431 2435 1502 2462 unda
1513 2436 1591 2472 nigra

938 2469 1097 2501 Attollituri
1115 2473 1227 2500 multum
1247 2478 1334 2500 autem
1357 2477 1433 2499 extra
1453 2479 1526 2498 mare
1543 2469 1634 2541 figo";
1655 2469 1724 2504 [un-

1586 2514 1620 2532 un
1642 2512 1652 2536 ;

1586 2510 1652 2536 unt;

937 2565 975 2592 ita
1002 2569 1030 2592 et
1054 2565 1111 2592 heri
1142 2564 1208 2592 mihi
1237 2564 1294 2592 ﬁeri
1323 2564 1475 2592 videbatur.
1500 2562 1631 2590 Videbam
1651 2561 1724 2589 enim

134 2643 143 2658 ¹
157 2642 240 2670 Joan.
255 2650 275 2675 t,
296 2643 337 2671 l8.
375 2644 387 2659 '
403 2642 467 2671 Gen.
482 2651 520 2676 tv,
536 2643 564 2671 5.
603 2644 613 2660 ³
628 2643 691 2671 Gen.
708 2651 794 2677 xxv",
811 2643 855 2670 4i.
893 2642 905 2659 ‘
919 2642 984 2670 Gen.
1000 2651 1104 2675 xxxv",
1116 2643 1142 2670 4.

130 2720 168 2756 (2)
186 2721 326 2754 Δικαιόις.
342 2720 422 2748 Forte
434 2721 555 2753 δικαίως.

132 2758 169 2791 (5)
192 2757 238 2789 Ὧς
251 2755 277 2782 δ’
293 2756 344 2783 ἄν.
360 2756 434 2783 Iliad.
448 2765 485 2788 lx.
504 2757 531 2784 4.

131 2792 167 2826 (4)
188 2791 255 2818 VAL.
278 2791 454 2827 Assltmptam
477 2799 621 2827 personam
639 2791 820 2820 Valentiniani
835 2801 884 2822 seu

97 2825 217 2855 GnoStit-i
238 2826 357 2858 inducit,
367 2825 514 2860 quieadém
525 2833 607 2863 atque
621 2828 805 2856 Manichaaide
821 2828 883 2856 mali

98 2863 230 2900 principio
243 2866 361 2890 sentiret
372 2871 379 2896 ;
391 2863 514 2897 ponendo
529 2863 679 2898 ingenitum
695 2863 767 2891 aliud
784 2871 799 2890 a
816 2863 881 2897 Deo,

938 2725 965 2749 et
979 2721 1131 2753 materiam,
1145 2729 1178 2748 ex
1192 2721 1272 2756 cujus
1285 2721 1460 2748 concretione
1473 2721 1544 2748 mala
1558 2722 1585 2748 in
1600 2720 1725 2748 homines

938 2757 1123 2791 provenirent.
1148 2756 1210 2791 Agit
1233 2756 1326 2784 multis
1342 2757 1369 2783 in
1386 2757 1457 2782 hunc
1471 2764 1592 2784 errorem
1608 2757 1725 2783 lrenaeus

938 2792 984 2818 lib.
1009 2800 1029 2819 It
1044 2792 1174 2819 Adversus
1196 2792 1308 2823 hwres.;
1328 2791 1513 2819 Tertullianus
1537 2792 1583 2819 lib.
1602 2792 1639 2818 Dc
1653 2799 1723 2825 pra:-

937 2828 1027 2861 sm’pt.
1035 2831 1061 2854 et
1070 2827 1167 2855 Contra
1182 2827 1210 2853 Μ
1213 2827 1354 2855 arcioncm.
1365 2826 1534 2854 Solidissime
1545 2827 1625 2854 etiam
1636 2827 1704 2860 Chr)
1711 2839 1724 2845 -

936 2867 1073 2890 sostomus
1086 2863 1159 2891 hom.
1172 2863 1189 2889 ‘2
1202 2863 1227 2890 in
1242 2864 1301 2889 :lrt.
