1920 3070
204 115 255 141 9.59

677 113 705 140 S.
728 113 892 141 METHODII
906 112 1055 140 EPISCOPI
1076 112 1119 139 ET
1139 111 1318 140 MAI’JIYRIS

1769 113 1832 140 221)

200 178 228 200 ct
251 181 345 208 puram
370 177 394 200 et
417 172 451 199 ab
468 173 543 199 omni
561 176 673 208 peccato
687 172 868 206 disjunctam;
891 180 988 200 conse-
1003 177 1026 201 Α
1040 180 1071 208 ue
1081 178 1162 208 genus
1173 172 1316 199 humanum
1331 171 1442 208 liberare
1452 172 1519 206 potis
1531 175 1606 208 esset:
1627 169 1706 198 llisce
1719 169 1815 208 Blitho

199 207 314 242 quenter
330 208 499 242 intelligitur,
512 216 573 234 cum
586 207 652 234 dicit
664 212 770 235 tantum
786 212 877 235 castos
891 213 917 234 et
931 207 986 234 vir-

199 244 276 278 gines
298 242 438 278 possidere
462 243 668 278 promissiones,
690 244 741 269 sub
758 243 867 269 nomine
884 243 929 269 illo
944 242 986 268 in-

199 279 282 314 telligi
306 279 424 312 reliquos
440 286 545 310 omnes,
563 279 620 313 qui,
637 279 700 305 licet
718 278 836 311 virgines
851 285 904 304 non
921 278 985 314 sint,

200 321 249 340 nec
261 313 450 340 castimoniam
463 314 608 345 coluerint,
622 313 733 340 fuerunt
744 316 835 339 tamen
848 317 874 340 et
886 313 987 339 sancti—

199 352 254 376 tate
269 349 340 380 vitm,
355 353 382 375 et
394 349 494 383 pietate
511 349 537 375 in
555 348 650 380 Deum,
665 353 692 375 et
705 347 851 375 virtutibus
866 347 926 374 aliis
942 348 985 374 in-

199 384 294 410 structi
312 388 392 417 atque
410 384 508 410 ornati.
524 383 662 411 Justorum
679 383 761 414 enim,
779 383 985 417 quomodocun-

199 427 251 453 que
265 418 331 452 justi
348 422 421 450 sunt,
441 424 483 445 est
498 426 610 453 regnum
625 419 767 445 cmlorum.

233 455 292 481 Col.
308 454 369 481 194.
378 454 410 480 Α.
421 453 486 481 Cum
501 452 553 480 non
568 455 606 480 ita
614 453 748 480 commode
763 453 805 480 lea:
814 461 829 480 a
838 452 985 486 corruptio-

1039 205 1179 234 dii‘vcrbis
1194 208 1285 241 opinio
1297 206 1428 233 refellitur
1441 206 1662 237 asseverantium.
1673 210 1733 232 ante
1743 205 1813 232 Chri

1039 243 1074 268 sti
1088 242 1231 269 adventum
1245 242 1398 276 plerosque,
1417 249 1503 277 neque
1517 241 1658 277 aChristo,
1672 248 1760 275 neque
1777 248 1826 277 per

1038 277 1189 308 Christum,
1199 275 1325 304 internum
1335 275 1449 304 salutem
1460 275 1634 304 consecutos.
1649 276 1686 303 De
1699 284 1752 310 qua
1766 275 1830 310 opi-

1037 312 1119 338 nione
1138 320 1188 339 nos
1211 313 1274 338 alibi
1292 312 1351 339 luse
1366 312 1575 347 disputavimus,
1591 316 1617 338 et
1633 310 1770 345 quomodo
1793 317 1829 336 ea

1037 346 1214 382 intelligenda
1226 347 1271 379 sit,
1284 355 1317 374 ne
1332 346 1531 374 dit‘ta'Patrum
1548 347 1573 373 id
1592 347 1742 373 asserentia
1756 353 1827 372 con-

1037 382 1166 409 demnare
1191 390 1332 416 cogamur.
1351 382 1415 410 Vide
1431 383 1511 409 etiam
1528 389 1589 417 qum
1603 382 1636 407 de
1652 388 1828 417 paganorum

1036 417 1180 443 animabus
1196 415 1272 444 libris
1286 418 1405 452 quinque
1420 415 1583 444 Franciscus
1604 417 1706 444 (Sollius
1729 415 1830 450 copio-

1035 452 1144 479 sissime
1157 453 1297 480 disseruit.

507 550 613 563 ==
647 550 671 562 ,ε
719 547 1820 561 ,—________.___________=,

639 629 753 672 ΤΟΥ
778 626 947 672 ΑΓΙΟΥ
979 627 1390 673 ΙΕΡΟΜΑΡΤΥΡΟΣ

713 724 1301 812 ΜΕΘΟΔΙΟΥ

418 863 794 932 ΕΚΛΟΓΑΙ
829 862 978 929 ΚΑΙ
1015 864 1285 932 ΑΟΓΟΙ
1321 867 1583 932 ΤΙΝΕΣ.

583 1059 924 1137 SANGTI
965 1061 1439 1137 METHODII

860 1199 1165 1246 MARTYBIS

355 1307 732 1366 EXCERPTA
770 1305 855 1364 AC
889 1306 1301 1365 ORATIONES
1323 1309 1655 1376 ALIQUOT.

649 1483 779 1526 ΠΕΡΙ
805 1484 918 1528 ΤΟΥ
937 1479 1345 1528 ΑΥΤΕΞΟΥΣΙΟΥ.

948 1577 1069 1608 LIBER

669 1671 743 1716 DE
782 1672 1004 1719 LIBERO
1039 1671 1353 1718 ARBITRIO.

195 1762 247 1787 Hoc
258 1763 362 1795 primum
376 1765 521 1795 excerptum
531 1762 713 1795 Methydianum
725 1762 756 1788 de
766 1762 842 1789 libero
852 1763 963 1792 arbitrio,
974 1765 1068 1795 primus
1078 1764 1163 1788 Grece
1175 1764 1284 1795 vulgavit
1292 1763 1400 1788 Joannes
1412 1763 1533 1788 Meursius
1543 1765 1568 1788 in
1585 1762 1716 1788 rariorum
1727 1762 1828 1790 ἀειιιησα

226 1793 280 1818 rum
295 1793 370 1826 libro;
386 1793 494 1826 Joannes
505 1793 698 1826 autemrgamius
710 1795 736 1818 V.
748 1795 773 1819 C.
785 1795 872 1820 Latine
886 1793 1209 1826 vertil,'excudendumque
1219 1793 1312 1820 curavit
1322 1796 1349 1826 in
1361 1802 1404 1819 sua
1417 1795 1541 1819 luculenta
1553 1795 1747 1819 Meursianorum
1761 1802 1827 1826 opes

225 1831 280 1848 rum
296 1825 459 1858 collectione,
483 1828 541 1848 tom.
563 1823 634 1855 VIII,
657 1832 712 1856 pag.
729 1825 843 1852 ἠδ-758.
862 1826 911 1851 Nos
935 1823 992 1851 vero
1011 1827 1116 1858 primum
1134 1823 1301 1858 interpretem
1316 1825 1490 1851 Combeﬁsium
1506 1826 1610 1857 ejusque
1627 1830 1698 1850 notas
1715 1823 1826 1850 exhibe—

225 1863 287 1880 mus.
305 1855 449 1888 (ϐλημα)

230 1979 316 2007 Senex
332 1979 441 2014 quidem
458 1978 619 2011 Ithacensis,
634 1987 710 2012 cum,
735 1983 764 2006 ut
786 1980 871 2008 Gra‘ei
899 1981 978 2008 fabu-
995 1984 1017 2012 Β

194 2025 300 2057 lantur,
330 2025 476 2059 voluptatis
501 2025 611 2052 auditus
640 2025 832 2059 incontinens,
855 2025 982 2054 Sirenum

195 2074 305 2098 cantum
320 2070 414 2097 audire
426 2071 516 2103 vellet,
540 2071 677 2106 navigavit
690 2071 798 2099 vinctus
815 2072 872 2106 ipse
891 2073 918 2099 in
939 2071 984 2100 Si-

195 2116 297 2147 ciliam,
313 2116 506 2151 sociorumque
530 2117 667 2144 obstruxit
691 2125 771 2145 aures
794 2127 801 2144 :
823 2125 879 2145 non
904 2119 982 2153 quasi

193 2161 238 2189 vel
252 2161 306 2189 illis
321 2161 454 2190 invideret
472 2163 605 2195 auditum,
633 2163 672 2190 vel
688 2171 716 2190 se
741 2163 800 2197 ipse
814 2163 930 2191 vinculis
950 2164 984 2191 li-

195 2207 263 2235 bens
278 2208 422 2241 insereret,
440 2208 488 2236 sed
506 2209 577 2243 quod
593 2210 757 2237 cantilenam
779 2210 915 2244 ejusmodi
935 2218 984 2238 au-

195 2254 333 2282 dicutihus
361 2262 436 2282 mors
460 2254 569 2283 tandem
593 2256 756 2284 immineret.
779 2256 859 2284 Tales
884 2257 984 2292 quippe

195 2299 298 2328 Graecis
317 2305 381 2328 sunt
398 2300 523 2328 Sirenum
548 2301 710 2336 voluptates.
728 2303 881 2335 Enimvero,
898 2304 984 2331 haud-

196 2355 332 2383 quaquam
348 2356 398 2383 ego
413 2348 475 2377 talis
489 2349 622 2376 cantionis
639 2348 747 2377 auditor
767 2349 821 2384 lio;
840 2359 890 2378 nec
906 2351 982 2379 Sire-

196 2402 246 2421 nas
262 2394 375 2422 funebre
386 2402 496 2422 carmen
507 2395 647 2422 hominum
666 2396 853 2429 concinentes,
867 2406 982 2432 quarum

197 2440 336 2467 silentium
353 2440 414 2475 plus
429 2447 495 2467 voce
511 2440 667 2468 hominibus
691 2442 789 2476 prosit,
801 2442 895 2470 audire
911 2443 983 2471 desi—

197 2483 263 2512 dero
280 2495 285 2512 :
299 2486 380 2520 cupio
391 2488 481 2512 autem
496 2485 587 2512 divina
601 2485 718 2520 quadam
733 2495 799 2514 voce
816 2487 885 2520 frui,
904 2489 983 2523 cujus

199 2530 296 2563 sapius
309 2531 422 2566 repetita
437 2530 540 2558 auditio
564 2531 729 2559 desiderium
743 2534 914 2568 accumulat;
928 2543 983 2563 non

197 2576 272 2602 velut
292 2577 435 2612 impudica:
449 2579 524 2606 vocis
545 2579 670 2614 voluptas
688 2581 866 2614 superaverit,
887 2581 933 2608 sed
954 2585 984 2608 ut

198 2621 245 2655 qui
259 2628 429 2650 sacramenta
445 2623 537 2651 divina
552 2624 664 2651 habeam
679 2625 828 2657 addiscere,
845 2630 871 2654 et
884 2627 917 2654 ad
935 2635 984 2654 ex-

199 2671 332 2699 tremum,
348 2676 402 2695 non
428 2673 554 2701 mortem,
572 2670 619 2697 sed
643 2671 758 2698 salutem
785 2675 912 2698 aeternam
933 2679 982 2698 ex~

198 2716 328 2746 spectem.
342 2713 480 2748 Siquidem
496 2715 645 2742 conciuunt
656 2717 828 2749 cantilenam,
842 2725 895 2744 non
907 2716 981 2744 Grat-

198 2764 293 2784 corum
310 2757 420 2786 Sirenes
434 2759 591 2791 mortifcrm.
613 2761 659 2788 sed
673 2761 781 2788 divinus
794 2762 904 2796 quidam
932 2769 981 2787 au-

1074 1979 1103 2005 '0
1123 1979 1171 2014 μὲν
1189 1978 1227 2014 (1)
1237 1978 1386 2014 Ἰθακήσιος
1402 1977 1501 2013 γέρων,
1519 1977 1587 2003 κατὰ
1596 1977 1642 2003 τὸν
1657 1977 1710 2004 τῶν
1726 1978 1825 2013 Ἑλλή-

1035 2034 1088 2053 νων
1108 2025 1202 2060 μῦθον,
1222 2025 1272 2059 τῆς
1284 2024 1419 2060 Σειρήνων
1433 2023 1592 2058 βουλόμενος
1604 2023 1718 2050 ἀκοῦσαι
1735 2023 1824 2059 ᾠδῆς,

1035 2071 1078 2098 διὰ
1089 2071 1136 2106 τὴν
1146 2071 1196 2104 τῆς
1206 2070 1297 2106 φωνῆς
1310 2070 1458 2097 ἀκόλαστον
1472 2069 1578 2105 ἡδονὴν,
1588 2069 1730 2105 δεσμώτης
1743 2070 1827 2097 ἔπλει

1034 2119 1074 2149 εἰς
1088 2117 1137 2153 τὴν
1157 2117 1290 2148 Σικελίαν,
1308 2117 1354 2143 καὶ
1370 2116 1419 2148 τὰς
1443 2116 1496 2142 τῶν
1521 2115 1636 2150 ἑταίρων
1657 2115 1826 2151 ὲνέφραττεν

1034 2163 1134 2194 ἀκοάς’
1152 2163 1202 2189 οὐκ
1224 2162 1336 2193 ἐκεινοις
1355 2162 1436 2188 ἓνεκα
1458 2162 1506 2196 τῆς
1522 2161 1679 2197 ἀκροάσεως
1703 2162 1824 2196 φθονῶν,

1034 2208 1095 2234 οὐδὲ
1113 2208 1208 2234 ἑαυτὸν
1227 2208 1318 2243 δεσμῷ
1344 2207 1514 2244 περιϐάλλειν
1535 2207 1690 2243 ἐπιθυμῶν·
1708 2209 1765 2235 ἀλλ’
1781 2210 1827 2236 ὅτι

1035 2254 1110 2285 τέλος
1129 2254 1178 2289 τῆς
1193 2254 1304 2281 ἐκείνων
1329 2254 1400 2289 ᾠδῆς
1416 2255 1471 2285 τοῖς
1495 2254 1623 2281 ἀκούουσι
1640 2254 1753 2286 θάνατος
1774 2254 1823 2291 ἦν.

1035 2301 1163 2329 Τοιαῦται
1179 2302 1233 2337 γὰρ
1248 2302 1312 2338 παρ’
1331 2301 1458 2337 Ἕλλησιν
1473 2301 1566 2336 ἡδοναὶ
1585 2302 1731 2338 Σειρήνων.
1749 2303 1825 2337 Ἐγὼ

1034 2348 1073 2380 δὲ,
1096 2347 1222 2383 τοιαύτης
1241 2348 1288 2383 μὲν
1312 2348 1383 2383 ᾠδῆς
1398 2347 1534 2383 ἀκροατὴς
1558 2347 1587 2373 οὺ
1609 2348 1735 2382 γίνομαι·
1761 2348 1824 2376 οὐδὲ

1034 2394 1144 2422 ἀκούειν
1171 2394 1296 2429 ἐπιθυμῶ
1322 2394 1468 2430 Σειρήνων,
1497 2394 1637 2428 ἐπιτάφιον
1669 2394 1825 2430 ἀνθρώπων

1034 2440 1164 2477 ᾁδουσῶν,
1183 2437 1220 2467 ὧν
1239 2441 1256 2476 ἡ
1274 2439 1336 2475 σιγὴ
1362 2439 1412 2474 τῆς
1429 2440 1520 2474 φωνῆς
1547 2438 1699 2475 ἀνθρώποις
1721 2448 1822 2475 χρησι-

1036 2487 1146 2523 μωτέρα
1169 2487 1288 2521 γίνεται·
1314 2485 1388 2517 θείας
1404 2485 1433 2512 δέ
1459 2494 1530 2517 τινος
1557 2485 1702 2512 ἀπολαύειν
1727 2486 1823 2521 φωνῆς

1034 2533 1160 2569 εὔχομαι,
1180 2531 1214 2570 ἧς
1239 2532 1290 2560 κᾶν
1309 2532 1438 2563 πολλάκις
1461 2531 1579 2563 ἀκούσω,
1603 2531 1683 2557 πάλιν
1709 2531 1822 2558 ἀκούειν

1034 2578 1158 2614 ἐπιθυμῶ
1168 2587 1174 2593 -
1191 2579 1240 2604 οὐκ
1256 2577 1404 2604 ἀκολάστου
1423 2576 1514 2611 φωνῆς
1530 2576 1609 2611 ἡδονῇ
1632 2576 1820 2611 νενικημένος,

1034 2624 1102 2651 ἀλλὰ
1124 2623 1183 2650 θεῖα.
1204 2623 1393 2657 διδασκόμενος
1410 2622 1559 2657 μυστήρια·
1582 2614 1629 2648 καὶ
1649 2621 1682 2647 Hb
1697 2621 1774 2653 τέλος
1787 2622 1820 2648 οὺ

1035 2670 1158 2701 θάνατον,
1195 2670 1250 2696 ἀλλ’
1281 2668 1387 2695 αἰώνιον
1416 2667 1630 2702 ἀπεκδεχὸμίνῧς
1669 2667 1820 2702 σωτηρίαν.

1037 2716 1146 2751 ’ᾼδουσι
1160 2715 1214 2750 γὰρ
1231 2715 1279 2749 τὴν
1294 2714 1364 2749 ᾠδὴν
1378 2714 1426 2748 οὐχ
1443 2714 1469 2739 αἱ
1495 2712 1674 2748 θανατηᾳόροι
1692 2712 1822 2747 Σειρῆνες

1042 2762 1183 2796 Ἑλλήνιον,
1209 2761 1276 2787 ἀλλὰ
1298 2761 1366 2792 οεῖύς
1383 2769 1424 2791 τις
1445 2759 1524 2795 χορὸς
1547 2758 1702 2796 προφητῶν,
1722 2759 1765 2793 ἐφ’
1784 2755 1822 2784 ὧν

239 2835 277 2870 (l)
296 2835 366 2862 Ηὲνν.
388 2836 426 2863 lta
447 2836 634 2866 Combelisius.
658 2838 792 2868 Meursius
815 2845 903 2868 tamen
922 2839 988 2867 edit.
1005 2838 1125 2867 Flurcnt.
1145 2840 1208 2875 μήν.
