1920 3070
87 128 135 155 ἳᾶὶ

664 127 728 155 LlB.
748 127 792 155 DE
811 127 936 157 LIBERO
954 127 1130 156 ARBITRIO.

1665 131 1720 157 9H

91 190 136 216 οὒκ
151 188 207 215 ἔστι
229 189 424 225 ἀποφράττειν
439 190 492 217 τῶν
514 189 629 226 ἑταίρων
646 190 696 223 τὰς
711 191 806 223 ἀκοὰς,
823 191 883 218 οὐδὲ

936 194 1084 226 gustusque
1097 190 1196 217 chorus
1209 189 1400 224 prophetarum
1413 197 1420 221 ;
1433 188 1460 215 in
1473 187 1572 223 quibus
1583 196 1634 216 nec
1650 197 1721 224 opus

92 238 182 265 ὲαυτΰν
198 245 252 263 τινι
264 237 362 273 δεσμῷ
380 238 563 274 περιϐάλλειν,
576 239 713 266 δεδοικότα
726 239 775 274 τὴν
789 240 821 265 ὲκ
833 239 883 274 τῆς

92 285 248 319 ἀκροάσεως
263 285 414 320 τιμωρίαν.
432 285 492 312 Τῶν
508 286 556 321 μὲν
569 285 622 322 γὰρ
641 285 710 321 μετὰ
725 286 775 321 τῆς
791 278 884 321 φωνῆς

93 333 106 358 ὁ
127 330 264 366 ἀκροατὴς
289 331 338 357 τοῦ
368 332 418 367 ζῇν
443 331 576 358 παύεται’
599 332 654 358 τῶν
677 330 705 358 δὲ
722 332 768 359 ἐπὶ
793 333 884 359 πλεῖον

93 377 210 408 ἁκούων,
237 376 285 403 τοῦ
304 377 462 412 κρείττονος
485 377 632 404 ἀπολαύσει
652 377 719 412 βίον,
738 377 790 404 ὑπὸ
810 377 883 404 Θειου

94 423 252 458 Πνεύματος
279 424 543 458 χειραγωγούμενος.
573 423 678 450 Ἦκέτω
703 423 792 450 τοίνυν
816 423 884 459 σύμ-

94 478 156 501 πας,
174 470 222 495 καὶ
238 470 362 496 ἀκουέτω
375 470 425 505 τῆς
444 469 518 501 θείας
533 470 613 505 ᾠδῆς,
631 469 714 505 μηδὲν
729 469 885 505 πεφοδημέ-

94 525 147 548 νος.
165 516 224 543 Ούκ
236 517 291 543 εἰσὶ
304 517 369 552 παρ’
385 518 452 552 ἡμῖν
466 517 493 543 αἱ
511 517 586 552 παρά
601 516 726 543 Σικελίαν
744 516 882 551 Σειρῆνες,

93 562 153 588 οὐδὲ
171 562 204 588 τὰ
228 562 379 594 Ὀδυσσέως
401 562 498 597 δεσμὰ,
519 563 550 588 οὐ
573 562 657 598 κηρὸς
681 562 830 598 τηκόμενος
844 563 884 593 εις

93 607 248 643 ἀνθρώπων
271 608 373 639 ἀκοάς’
396 607 462 634 ἀλλά
481 607 587 643 δεσμῶν
612 608 660 643 μὲν
685 608 775 639 ἄνεσις
797 609 882 639 πᾶσα,

93 653 236 688 ἐλευθερία
259 654 282 680 δ’
306 654 391 689 ἀκοῆς
414 654 478 689 παρ’
499 654 606 688 ἑκάστῳ
628 653 683 680 τῶν
706 654 882 690 προσιόντων.

94 700 230 735 Τοιαύτης
242 699 296 735 γὰρ
313 699 383 735 ᾠδῆς
400 699 508 726 ἀκούειν
525 699 608 733 ἄξιον,
622 699 758 731 τοιούτους
773 700 884 735 ᾅδοντας

93 748 176 782 ἔχειν,
192 748 302 774 εὐκτέον
319 746 388 774 εἶναὶ
409 756 452 783 μοι
466 747 547 774 δοκεῖ.
566 748 597 774 Εἰ
609 747 637 774 δέ
652 756 693 779 τις
709 748 756 774 καὶ
769 747 815 774 τοῦ
830 747 884 774 τῶν

93 793 252 831 ἀποστόλων
265 792 347 828 χοροῦ
360 792 470 819 ἀκούειν
487 792 584 824 ἐθέλοι,
598 792 709 827 εὑρήσει
728 791 778 828 τὴν
801 792 884 828 αὐτὴν

93 838 143 872 τῆς
164 837 238 873 ᾠδῆς
257 838 426 873 συμφωνίαν.
451 839 481 864 0i
507 838 554 873 μὲν
573 837 627 873 γὰρ
647 838 763 873 προῇδον
790 846 884 873 μυστι-

935 237 1017 265 fuerit
1041 240 1071 264 ut
1093 236 1155 272 quis
1183 236 1319 263 sociorum
1336 235 1445 263 obturet
1474 243 1566 266 aures,
1585 243 1674 271 neque
1690 239 1721 263 ut

934 283 1003 318 ipse,
1020 282 1166 310 auditionis
1180 282 1284 309 veritus
1298 289 1417 316 pmnam,
1436 281 1464 308 in
1482 281 1589 308 vincula
1603 289 1632 309 se
1654 289 1722 309 con-

932 329 1040 364 jeeerit.
1063 327 1120 355 Illic
1149 327 1258 362 quidem
1273 327 1390 358 auditor,
1407 334 1469 354 mox
1496 331 1525 354 ut
1544 327 1659 359 audivit,
1679 328 1721 354 vi-

933 383 998 402 vere
1007 375 1123 407 desinit;
1141 374 1186 401 hic
1202 378 1302 405 autem,
1318 373 1363 408 qui
1393 373 1508 400 multum
1528 375 1656 407 audierit,
1675 375 1719 402 di—

934 421 998 448 vino
1009 420 1112 458 Spiritu
1123 420 1202 451 duce,
1214 420 1276 447 vita:
1285 419 1406 448 melioris
1421 420 1575 448 felicitatem
1587 422 1718 456 acquiret.

934 465 1035 494 Omnes
1053 474 1118 502 ergo
1133 466 1212 494 simul
1229 467 1371 498 accedant,
1387 467 1561 502 audiantque,
1578 469 1646 495 nihil
1675 477 1720 497 re-

934 513 990 544 riti,
1005 512 1158 540 cantionem
1182 513 1313 540 divinam.
1330 513 1436 541 Abeunt
1463 521 1479 540 a
1501 514 1580 541 nobis
1609 513 1720 542 Sirenes

935 557 1046 589 Siciliae,
1063 557 1224 594 Ulyssisque
1239 559 1360 591 vincula,
1375 567 1407 586 ac
1428 567 1491 587 cera
1505 560 1633 588 humanis
1648 562 1722 588 auri-

935 605 987 632 bus
1002 605 1113 640 liquata.
1132 605 1226 633 Pelius
1242 613 1306 633 vero
1316 605 1472 633 omnimoda
1487 606 1659 634 vinculorum
1678 614 1723 634 re-

935 651 1040 684 missio,
1056 659 1177 687 suusque
1201 651 1269 679 liber
1282 652 1381 686 cuique
1397 651 1517 684 auditus,
1536 652 1622 680 adest.
1639 653 1723 682 Plane

935 697 1008 726 enim
1029 702 1149 726 meretur
1163 698 1285 725 auditum
1299 698 1434 733 ejusmodi
1450 700 1552 732 cantio,
1574 700 1724 734 deprecan-

935 744 1017 780 dique
1038 744 1165 772 videntur
1179 746 1277 773 musici
1303 746 1382 774 tales.
1407 745 1486 779 Quod
1512 746 1613 781 siquis
1640 747 1722 773 etiam

936 791 1121 826 apostolorum
1139 791 1251 818 chorum
1271 792 1337 819 velit
1360 791 1474 824 audire,
1506 792 1630 820 eamdem
1656 800 1724 819 can-

935 837 1019 864 tionis
1038 837 1244 864 consonantiam
1258 837 1386 865 offendet.
1399 837 1466 865 Nam
1487 839 1525 865 illi
1545 838 1655 874 quidem
1677 847 1725 865 oc—

94 884 150 915 κῶς
165 884 215 919 τὴν
230 884 306 912 θείαν
324 884 493 920 οἰκονομίαν·
510 885 534 911 οἱ
553 884 574 910 δ’
597 884 704 920 ᾅδουσιν
720 885 883 920 ἑρμηνεύον-

936 883 1006 910 culte
1016 883 1220 918 prmcinuerunt
1230 883 1461 918 dispensationem
1476 883 1615 918 divinam;
1630 885 1658 911 hi
1676 892 1726 911 au-

93 940 138 963 τες
154 932 188 960 τὰ
203 932 250 959 ὑπ’
265 932 375 959 ἐκείνων
396 931 533 967 μυστικῶς
547 931 751 967 ἀπηγγελμένα.
771 931 802 957 Ὢ
816 940 885 967 συμ-

94 978 182 1013 φώνου
196 979 342 1014 ἁρμονίας,
360 979 413 1006 ὑπὸ
427 979 499 1006 θείου
513 978 582 1005 Πνεύ
587 986 670 1014 ματος
684 977 883 1014 συγκειμένηςι

95 1025 126 1051 Ὠ
151 1025 236 1052 κα.λοῦ
259 1025 313 1052 τῶν
332 1025 451 1061 ᾀδόντων
470 1024 505 1051 τὰ
526 1024 680 1061 μυστήριαῐ
703 1024 814 1056 Τούτοις
837 1026 884 1053 καὶ

95 1070 219 1105 συνᾴδειν
233 1070 358 1106 εὔχομαι.
377 1071 505 1106 ’ᾼσωμεν
524 1070 668 1106 τοιγαροῦν
680 1070 728 1097 καὶ
742 1071 823 1106 ἡμεῖς
835 1070 886 1106 τὴν

93 1115 190 1150 ὁμοίαν
210 1115 292 1151 ᾠδὴν,
313 1116 419 1142 καὶτὸν
436 1116 519 1152 ὕμνον
534 1116 740 1152 ἀναπέμψωμεν
759 1115 798 1151 τῷ
816 1115 885 1152 ἁγίῳ

94 1161 191 1198 “arpi,
203 1161 342 1197 Πνεύματι
356 1162 511 1196 δοξάζοντες
526 1162 639 1198 Ἰησοῦν,
654 1163 708 1190 τὸν
717 1163 751 1189 ἐν
760 1163 885 1196 κόλποις

92 1208 197 1234 αὑτοῦ.
224 1208 269 1244 Μὴ
289 1208 388 1245 φύγῃς,
415 1208 552 1244 ἄνθρωπε,
577 1208 662 1244 ὓμνον
688 1210 882 1244 πνευματικὸν,

97 1254 161 1289 μηδὲ
176 1254 306 1289 ἀπεχθῶς
323 1254 388 1289 πρὸς
405 1254 453 1290 τὴν
469 1254 600 1290 ἀκρόασιν
613 1254 749 1290 διατεθῇς.
765 1254 884 1281 Θάνατον

93 1300 142 1326 οὐκ
157 1299 215 1335 ἔχει
226 1308 232 1315 ·
252 1299 390 1336 σωτηρίας
405 1300 463 1326 ἐστὶ
474 1300 596 1336 διήγημα
611 1301 627 1335 ἡ
650 1301 714 1335 παρ’
736 1301 801 1335 ἡμῖν
817 1300 882 1336 ᾠδή.

99 1345 169 1379 Ἐγὼ
196 1346 246 1380 μὲν
266 1344 312 1373 οὖν
337 1346 388 1381 ἤδη
412 1347 459 1373 καὶ
479 1346 532 1372 τῶν
558 1346 718 1382 κρειττόνων
740 1346 885 1373 ἀπολαύειν

93 1390 174 1421 δοκῶ,
187 1391 254 1426 περὶ
269 1391 398 1418 τοιούτων
412 1391 599 1427 διαλεγόμενος
609 1400 616 1407 ⁸
632 1393 679 1418 καὶ
697 1392 824 1428 μάλιστα,
839 1393 884 1419 ὅτε

93 1437 107 1463 ὁ
120 1437 243 1469 τοιοῦτός
262 1446 307 1472 μοι
321 1437 451 1473 πάρεστιν
468 1438 569 1465 ἀνθέων
583 1438 694 1473 λειμών·
713 1439 850 1465 τουτέστιν
868 1440 884 1474 ἡ

94 1482 217 1517 ἡμετέρα
237 1482 355 1514 σύνοδος,
383 1482 437 1510 τῶν
463 1483 521 1518 ἅμα
543 1492 573 1510 τε
595 1484 641 1510 καὶ⁴
663 1483 816 1510 ἀκουόντων
837 1483 885 1510 καὶ¹

96 1528 264 1563 συνᾳδόντων
279 1528 313 1555 τὰ
326 1529 384 1555 Θεῖαι
401 1530 546 1565 μυστήρια.
568 1530 626 1564 Ἐφ’
640 1526 677 1556 ὧν
691 1530 739 1556 καὶ
751 1530 781 1556 τὸ
795 1529 884 1564 λέγειν

93 1574 198 1611 0αρρὦ
228 1575 270 1602 ὅτι
287 1583 333 1610 μοι
357 1576 456 1608 παντὸς
483 1575 582 1611 φθόνου
602 1575 724 1612 καθαρὰς
749 1576 882 1611 παρέχετε

93 1621 141 1652 τὰς
157 1621 256 1653 ἀκοὰς,
273 1622 304 1647 οὐ
321 1621 366 1648 τὸν
387 1622 466 1657 ζῆλον
480 1622 525 1648 τὸν
549 1622 595 1649 τοῦ
610 1622 680 1649 Κάἳν
703 1621 883 1658 μιμούμενοι·

92 1667 140 1701 οὔχ
155 1667 258 1702 ὁμοίως
273 1667 319 1693 τοῦ
340 1667 426 1694 Ἦσαῦ
440 1667 583 1700 διώκοντες
597 1669 642 1695 τὸν
657 1668 780 1701 ἀδελφὺν,
794 1669 824 1694 οὐ
837 1667 884 1694 τοῦ

99 1713 198 1748 Ἰωσὴφ
224 1713 399 1745 ἐπαινοῦντες
431 1713 571 1749 ἀδελφοὺς,
597 1715 638 1741 ὅτι
660 1714 703 1749 ἐφ’
727 1712 769 1746 οἷς
794 1714 886 1748 ἔλεγεν

94 1759 205 1794 ἑμίσουν
223 1759 269 1786 τὸν
283 1759 414 1792 ἀδελφόν
430 1759 498 1786 ἀλλὰ
512 1759 614 1787 τούτων
634 1760 762 1786 ἁπάντων
781 1760 885 1795 μακρὸν

93 1805 262 1838 ἀφεστῶτες,
285 1804 380 1840 διόπερ
406 1805 520 1837 ἕκαστος
545 1805 622 1840 ὑμῶν
649 1805 680 1831 τὸ
701 1805 747 1832 τοῦ
774 1804 885 1840 πλησξον

93 1850 198 1886 νομίζει
221 1851 322 1884 λέγειν.
347 1851 403 1877 Καὶ
423 1840 466 1877 διά
488 1851 567 1877 τοῦτο
590 1850 671 1887 ζῆλος
693 1851 811 1886 πονηρὸς
836 1851 886 1878 οὐκ

94 1895 167 1922 ἔστιν
183 1897 213 1922 ὲν
232 1896 309 1931 ὑμῖν,
324 1895 359 1922 τὰ
381 1896 509 1923 λείποντα
524 1895 562 1931 τῷ
584 1895 690 1932 ἀδελφῷ
712 1895 886 1933 ἀναπληροῦν

91 1942 274 1977 δεδεγμένοις.
293 1943 324 1968 ’Ὠ
347 1942 529 1978 ἀκροατηρίου
549 1942 644 1974 καλοῦ,
666 1943 713 1969 καὶ
736 1943 886 1978 συμποσίου

93 1987 204 2022 σεμνοῦ,
221 1988 268 2014 καὶ
285 1989 476 2023 πνευματικῶν
492 1989 664 2024 ὲδεσμάτωνῑ
693 1989 829 2022 Τοιούτοις
845 1990 887 2017 ἀεὶ

92 2035 214 2060 συνεῖναι
226 2033 341 2065 δικαίοις
359 2034 397 2069 (2)
411 2034 550 2070 εὐξαίμην,

127 2080 232 2106 ΟΥΑΔ.
247 2080 320 2112 Χθὲς
334 2080 364 2106 τὸ
378 2080 490 2108 δειλινὸν
505 2082 673 2118 περιπατῶν,
688 2080 711 2109 ὦ
722 2082 794 2117 φίλε,
810 2083 886 2118 παρά

90 2127 137 2154 τὸν
151 2127 202 2162 τῆς
223 2127 361 2162 θαλάσσης
376 2128 507 2162 αἰγιαλὸν,
523 2130 570 2156 καὶ
579 2130 661 2162 ὀξέως
679 2139 736 2162 πως
755 2131 886 2163 ἀτενίζων

92 2174 132 2204 εἰς
145 2173 244 2209 αὐτὴν,
268 2173 372 2209 ἑώρων,
388 2174 540 2210 ὑπερϐολήν
556 2184 617 2202 τινα
639 2175 715 2208 θείας
733 2176 885 2211 δυνάμεως,

936 933 1001 963 tem,
1017 929 1122 957 occulte
1136 929 1171 955 ab
1185 929 1239 956 illis
1253 930 1424 961 annuntiata,
1439 930 1563 958 canendo
1575 931 1723 966 explicant.

936 974 958 1002 0
972 982 1120 1002 consonam
1144 975 1324 1007 harmoniam,
1339 982 1519 1011 componente
1539 977 1632 1004 divino
1661 977 1724 1012 Spi-

936 1021 1007 1048 ritul
1026 1021 1183 1050 Odecorem
1195 1023 1349 1050 canentium
1366 1023 1412 1051 Dei
1433 1024 1620 1051 sacramenta!
1646 1023 1725 1050 Desi-

935 1067 1014 1095 derat
1029 1067 1138 1095 animus
1153 1076 1206 1095 una
1221 1069 1377 1097 concinere.
1394 1069 1532 1098 Canamus
1543 1078 1608 1105 ergo
1628 1074 1655 1098 et
1671 1070 1724 1104 ipsi

935 1113 1058 1141 eamdem
1070 1114 1235 1146 cantionem,
1250 1115 1434 1151 hymnumque
1444 1116 1636 1144 submittamus
1650 1115 1724 1143 Patri

936 1163 1046 1193 sancto;
1065 1159 1157 1188 Jesum
1174 1161 1217 1196 qui
1233 1161 1260 1187 in
1277 1161 1333 1196 ejus
1349 1162 1408 1188 sinu
1427 1166 1466 1188 est
1481 1163 1502 1194 ¹,
1517 1161 1620 1197 Spiritu
1640 1162 1723 1197 glori-

935 1206 1058 1234 ﬁcantes.
1075 1206 1221 1239 Ne,homo,
1236 1209 1372 1235 canticum
1386 1208 1508 1243 spiritale
1522 1208 1638 1243 fugeris,
1656 1217 1724 1236 neve

936 1253 1104 1280 auditionem
1127 1253 1212 1282 fueris
1238 1259 1388 1283 aversatus.
1417 1254 1530 1283 Mortem
1557 1264 1611 1283 non
1631 1256 1721 1283 habet.

937 1297 1039 1326 Salutis
1058 1299 1190 1332 narratio,
1216 1304 1310 1327 nostra
1328 1300 1419 1327 cantio
1436 1304 1488 1328 est.
1517 1300 1587 1328 Sane
1613 1301 1722 1336 quidem

936 1344 1002 1371 mihi
1014 1345 1072 1380 ipse
1082 1345 1138 1380 jam
1152 1346 1246 1373 videor
1255 1345 1415 1374 melioribus
1432 1345 1496 1378 frui,
1512 1346 1558 1381 qui
1571 1347 1604 1374 de
1623 1347 1725 1374 talibus

936 1389 1068 1417 disseram
1091 1399 1099 1418 :
1126 1390 1208 1426 idque
1231 1391 1258 1418 in
1279 1391 1386 1426 primis,
1414 1399 1476 1418 cum
1502 1391 1556 1419 tale
1570 1392 1723 1427 talibusque

935 1434 1036 1462 florens
1051 1440 1157 1470 pratum
1172 1444 1264 1464 coram
1276 1437 1387 1464 habeam
1401 1446 1407 1463 :
1429 1436 1491 1464 dico
1501 1441 1590 1464 autem
1604 1441 1722 1464 vestram

937 1482 1107 1516 concionem,
1121 1483 1167 1516 qui
1180 1487 1206 1510 et
1230 1482 1370 1510 auditores
1385 1486 1411 1510 et
1431 1487 1610 1510 concentores
1631 1491 1725 1510 sacra-

936 1533 1089 1556 mentorum
1114 1530 1266 1558 cmlestium
1294 1530 1453 1558 considetis.
1471 1529 1615 1565 Propterea
1641 1531 1724 1557 etiam

936 1575 1023 1602 audeo
1043 1576 1144 1609 dicere,
1171 1576 1243 1611 quod
1270 1577 1356 1605 livore
1381 1577 1455 1605 omni
1472 1577 1581 1604 mundis
1610 1577 1724 1604 auribus

935 1621 1113 1653 auscultetis,
1139 1630 1190 1649 nec
1225 1622 1365 1650 Caininam
1399 1623 1598 1650 aemulationem
1635 1623 1724 1650 imite-

935 1667 1003 1694 mini
1018 1668 1039 1700 ',
1053 1672 1100 1695 aut
1115 1668 1186 1696 sicut
1201 1668 1273 1696 Esau
1287 1669 1298 1685 ³
1315 1669 1424 1696 fratrem
1441 1669 1658 1704 persequamini,
1681 1669 1723 1696 vel

936 1713 1036 1742 fratres
1048 1713 1148 1750 Joseph
1162 1715 1173 1731 ⁸
1188 1715 1320 1750 probetis,
1346 1715 1424 1742 fratri
1449 1720 1560 1750 propter
1581 1723 1723 1743 sermones

936 1760 1022 1795 ipsius
1043 1760 1166 1789 infensos
1179 1771 1186 1788 ε
1200 1761 1247 1789 sed
1264 1761 1297 1789 ab
1311 1761 1354 1789 his
1376 1762 1504 1790 omnibus
1528 1762 1607 1797 longe
1627 1762 1724 1789 remoti

936 1807 1008 1838 sitis,
1023 1807 1245 1835 existimantibus
1262 1807 1377 1842 singulis
1391 1807 1570 1843 dicere,quod
1583 1808 1724 1843 proximus

936 1852 1013 1880 dicit.
1025 1852 1115 1885 Quare
1129 1853 1210 1881 etiam
1226 1853 1398 1881 desideratur
1410 1854 1438 1881 in
1453 1854 1530 1882 vobis
1552 1854 1623 1881 mala
1643 1861 1724 1881 aemu-

936 1898 1011 1930 latio,
1028 1898 1074 1934 qui
1090 1899 1182 1926 fratris
1199 1899 1321 1927 defectus
1333 1899 1519 1934 adimplendos
1535 1899 1722 1934 susceperitls.

937 1943 958 1971 Ο
970 1944 1111 1979 pulchram
1123 1945 1294 1978 concionem,
1305 1945 1505 1980 honestumque
1517 1944 1682 1977 convivium,
1696 1948 1725 1972 et

937 1990 1093 2026 spirituales
1120 1991 1232 2025 epulas!
1251 1990 1362 2018 Talibus
1384 1998 1434 2026 ego
1447 1998 1555 2025 semper
1580 1991 1722 2024 interesse,

936 2036 1034 2063 merito
1050 2036 1211 2070 optaverim.

972 2080 1050 2109 VAL.
1064 2081 1203 2117 (A).Cum,
1217 2081 1315 2115 amice,
1333 2081 1392 2109 heri
1411 2089 1483 2114 sero,
1497 2081 1531 2108 ad
1550 2081 1634 2110 maris
1647 2081 1724 2110 linus

937 2127 1116 2158 ambularem,
1131 2130 1213 2161 atque
1228 2127 1254 2153 in
1271 2127 1360 2161 ipsum
1377 2127 1462 2154 aciem
1479 2127 1620 2154 oculorum
1637 2127 1725 2154 inten-

937 2172 1040 2202 derem.
1053 2171 1145 2199 statim
1162 2178 1202 2203 se,
1217 2171 1327 2198 virtutis
1339 2171 1437 2199 divinae
1446 2171 1614 2206 praestantia,
1624 2177 1725 2205 arsque

93 2220 139 2245 καὶ
160 2220 248 2254 σοφῆς
273 2219 428 2256 ἐπιστήμης
444 2220 558 2256 τέχνην
581 2222 607 2248 εῐ
621 2230 652 2256 γε
669 2223 716 2249 καὶ
735 2222 832 2258 τέχνην
855 2223 883 2249 τὸ

938 2219 1069 2253 sapientis
1091 2218 1221 2251 scientia,
1248 2217 1350 2252 objecit
1370 2217 1458 2245 oculis
1473 2226 1480 2245 :
1498 2217 1522 2245 si
1545 2217 1655 2251 quidem
1679 2224 1724 2243 res

92 2264 198 2291 τοιοῦτο
214 2265 307 2291 καλεῖν
322 2267 386 2302 χρὴ.
405 2266 509 2302 ’Ὥσπερ
525 2267 580 2304 γὰρ
591 2268 605 2294 ὁ
625 2268 773 2304 Ὁμηρικὸς
796 2269 885 2306 στίχος

93 2310 243 2346 φθέγγεται
256 2312 368 2343 ἐκεῖνος·

98 2366 145 2404 :9;-
161 2366 191 2404 _6‘
205 2366 310 2404 ἄνεμοι
320 2367 362 2404 ’(5)
373 2367 428 2395 δύο
440 2370 552 2396 πόντον
565 2369 699 2404 ὀρίνετον
714 2371 880 2404 ἰχθυόεντα,

93 2402 206 2439 Βορέης
223 2403 277 2439 καὶ.
288 2402 430 2437 Ζέφυρος,
448 2403 519 2431 τώτε
535 2402 686 2439 Θρῄκηθεν
701 2402 794 2439 ᾶῆτον

100 2437 234 2475 ξελθόγί
248 2437 404 2475 ἐξαπίνης·
424 2438 530 2475 ῇμυδις
550 2437 583 2466 δέ
598 2437 630 2466 τέ
645 2437 884 2475 κῦμακελαινὸν

95 2473 266 2507 Κορθύεται·
285 2473 404 2503 πολλὸν
417 2473 451 2500 δὲ
465 2474 560 2509 παρὲξ
574 2475 634 2502 ἅλα
647 2473 743 2511 φῦκος
755 2477 866 2510 ἔχευαν
875 2485 882 2492 ·

95 2563 164 2590 οὕτω
178 2573 225 2599 μοι
247 2565 295 2591 καὶ
319 2563 383 2599 χθὲς
403 2565 540 2599 γεγονέναι
558 2566 640 2593 δοκεῖ.
667 2566 806 2602 Κορυφαῖς
828 2566 883 2603 γὰρ

132 2645 140 2660 ¹
154 2644 237 2672 Joan.
253 2652 273 2677 ι,
293 2645 335 2673 18.
373 2646 385 2661 ¹
403 2643 466 2672 Gen.
481 2653 519 2678 tv,
535 2645 563 2674 5.
601 2645 612 2662 ³
627 2644 690 2672 Gen.
708 2653 794 2678 xxvii,
810 2645 854 2672 4i.

128 2722 165 2758 (2)
183 2723 323 2756 Aura/mc.
338 2722 420 2750 Forte
433 2723 554 2755 δικαίως.

129 2760 166 2794 (5)
188 2760 235 2792 Ὡς
248 2758 274 2785 δ’
288 2759 339 2786 ἄν.
357 2759 433 2785 Iliad.
447 2767 484 2790 ιι.
503 2759 529 2786 4.

128 2794 164 2829 (4)
185 2794 252 2821 νλι.
274 2795 453 2828 Assumptam
475 2801 620 2829 personam
637 2793 819 2822 Valentiniani
834 2803 883 2823 seu

96 2827 214 2857 GnoSlit-i
233 2827 512 2863 inducit,quieadém
524 2835 606 2865 atque
620 2830 762 2858 Manichaai
770 2830 804 2858 de
820 2831 882 2857 mali

99 2865 226 2901 principio
239 2870 375 2899 sentiret;
388 2865 512 2899 ponendo
528 2865 677 2900 ingenitum
695 2865 766 2892 aliud
783 2873 798 2892 ιι
815 2865 879 2899 Deo,

939 2265 1072 2300 ejusmodi
1091 2273 1135 2293 ars
1148 2264 1269 2293 vocanda
1282 2265 1326 2292 sit.
1344 2263 1380 2291 Ut
1394 2265 1466 2292 enim
1481 2264 1561 2291 habet
1571 2271 1667 2291 versus
1679 2263 1724 2290 ille

938 2311 1098 2339 Homericus
1113 2321 1119 2338 :

934 2369 1009 2398 Sicut
1028 2373 1115 2395 autem
1132 2369 1200 2395 venti
1215 2369 1267 2396 duo
1285 2373 1393 2403 pontum
1406 2371 1565 2394 commovent
1578 2366 1722 2401 piscosum,

935 2405 1034 2432 Boreas
1046 2409 1071 2431 et
1083 2403 1227 2439 Zephyrus,
1244 2402 1289 2439 qui
1302 2413 1316 2430 e
1333 2403 1447 2430 Thracia
1463 2402 1566 2439 spirant

937 2439 1049 2467 Ruentes
1062 2437 1166 2475 repente
1177 2447 1185 2466 :
1198 2437 1278 2466 sima!
1292 2444 1380 2466 autem
1394 2443 1418 2466 et
1430 2437 1502 2464 unda
1513 2438 1590 2475 nigra

938 2471 1097 2503 Atlalliturf
1115 2475 1226 2502 multam
1247 2480 1334 2502 autem
1356 2479 1431 2501 extra
1453 2481 1525 2500 mare
1543 2471 1633 2543 ἵειαηῖ
1655 2471 1723 2506 [un-

1586 2516 1620 2534 un
1641 2515 1651 2539 ;

1586 2511 1631 2534 unt
1641 2515 1651 2539 ἶ

936 2567 974 2594 ita
1002 2571 1029 2594 et
1054 2567 1110 2594 heri
1141 2567 1207 2594 mihi
1236 2566 1293 2594 fieri
1322 2566 1475 2593 videbatur.
1499 2564 1630 2592 Videbam
1649 2563 1724 2591 enim

893 2644 904 2660 ‘
919 2644 983 2672 Gen.
999 2653 1104 2677 xxxv",
1115 2645 1141 2672 4.

937 2727 964 2751 et
978 2723 1129 2755 materiam,
1144 2731 1177 2750 ex
1191 2723 1270 2758 cujus
1284 2723 1458 2750 concretione
1472 2723 1543 2750 mala
1557 2724 1584 2751 in
1599 2723 1724 2751 homines

937 2759 1122 2820 provenirent.
1147 2758 1210 2794 Agit
1232 2758 1325 2786 multis
1341 2759 1368 2785 in
1385 2759 1456 2784 hunc
1470 2766 1590 2786 errorem
1607 2759 1723 2785 lrenmus

949 2794 983 2820 ib.
1007 2801 1028 2820 ιι
1043 2794 1172 2820 Adversus
1195 2794 1307 2820 hazres.:
1327 2793 1512 2820 Tertullianus
1536 2794 1582 2820 lib.
1601 2794 1638 2820 Dc
1652 2801 1722 2820 vne-

949 2794 983 2821 ib.
1007 2801 1028 2821 n
1043 2794 1172 2821 Adversus
1195 2794 1307 2825 hazres.;
1327 2793 1512 2821 Tertullianus
1536 2794 1582 2821 lib.
1601 2794 1638 2820 Dc
1652 2801 1722 2827 prie-

936 2830 1060 2863 scn‘pt.et
1069 2829 1167 2857 Conlra
1181 2829 1352 2857 Marcionem.
1363 2827 1533 2856 Solidissimc
1544 2829 1624 2856 etiam
1635 2829 1723 2863 Chr)-

935 2869 1072 2892 sostomus
1085 2865 1157 2893 hom.
1171 2865 1188 2891 ‘2
1201 2865 1226 2892 in
1241 2866 1260 2891 Α
1267 2871 1300 2892 τι.
