1920 3070
178 69 185 82 l

176 109 226 136 2.23

677 112 705 140 S.
727 113 893 143 METIIODII
909 115 1064 144 EPISCOPI
1080 116 1123 142 ET
1142 115 1320 144 MARTYRIS

1752 115 1816 143 ΞΗ

175 167 272 194 ﬂuctus
298 168 434 196 montanis
460 169 616 203 superciliis
643 172 798 205 proximos,
826 177 908 208 atque
933 181 953 201 u:

1013 174 1099 209 ὀρέων
1114 174 1302 209 παραπλήσιον
1321 173 1413 215 έώρων
1432 173 1552 208 κύματα,
1575 173 1622 200 καὶ
1648 173 1704 209 (ὡς
1722 173 1812 208 λόγον

174 221 230 240 rem
242 214 342 248 dicam,
356 215 389 242 ad
402 215 492 250 ipsum
505 217 689 252 pertingentes
699 220 798 247 malum
812 229 819 247 :
836 228 885 248 nec
898 222 965 249 mihi

173 259 237 286 inde
252 259 325 287 aliud
342 262 556 296 exspectandum
570 266 743 298 occurrebat,
755 274 836 301 quam
853 272 882 294 ut
906 268 967 295 uni-

173 313 278 332 versam
292 309 393 334 terram
413 308 627 344 submergerent,
651 312 829 347 veniebatque
848 312 875 339 in
890 320 964 340 meu-

172 356 226 379 tem
244 352 314 388 fugae
337 354 414 382 locus
425 376 433 388 ,
459 360 486 383 et
509 363 601 383 arcam
616 356 673 384 Noe
688 358 779 386 animo
792 359 961 394 eﬂingebam.

171 398 305 426 Caeterum
315 407 396 428 secus
407 405 466 428 erat
482 409 514 428 ac
526 402 666 436 opinabar.
687 403 746 430 Mox
763 405 862 439 quippe
874 412 960 437 mare,

170 449 200 471 ut
217 445 394 479 intumuerat.
408 448 436 475 in
447 455 477 475 se
487 448 576 483 ipsum
592 450 788 484 resolvebatur,
802 459 857 478 non
871 454 961 480 trans-

163 491 297 526 grediens
323 492 412 520 locum
434 501 525 526 suum,
539 495 696 527 reveritum,
712 499 741 522 ut
763 497 845 524 verbo
859 497 958 530 dicam,

164 530 292 564 ‘divinum
315 539 474 567 mandatum
503 541 524 568 ³.
552 541 591 569 Ac
620 542 860 577 quemadmodum,
887 543 958 570 haud

170 591 244 618 raro,
261 593 357 614 servus
372 587 472 622 aliquis
485 593 599 623 cogente
615 589 725 617 domino
748 590 863 618 invitum
879 590 959 625 quid-

163 632 231 670 ldam
248 631 336 660 facere
348 654 355 666 ,
380 634 510 662 mandato
531 635 640 670 quidem
658 636 756 664 timore
774 637 934 672 obsequitur
950 648 956 665 ε

169 684 220 704 nec
232 677 379 713 quidquam
393 683 494 713 tamen,
504 681 576 716 quod
587 682 748 709 reluctantia
760 683 843 710 sentit
854 684 956 715 animo,

169 723 251 750 audet
271 723 362 752 dicere
378 733 386 752 τ
403 726 451 753 sed
479 727 576 762 plenus
602 727 643 754 ira
659 727 787 762 quadam,
803 736 896 756 secum
910 729 959 756 im-

163 767 322 798 ‘murmurat
339 772 399 799 :sic
415 777 488 800 certe
506 778 533 801 et
545 774 610 801 mibi
623 773 735 802 videbar
753 775 854 808 videre,
883 775 957 803 velut

168 815 267 842 iratum
280 823 364 849 mare,
381 825 528 854 secumque
539 820 628 855 ipsum
641 820 771 848 claudens
790 822 858 848 iram
875 828 907 848 ac
926 829 956 849 se

1018 218 1133 254 εἰπεῖν,)
1149 219 1230 246 αὑτοῦ
1247 219 1426 254 ἐφικνούμενα
1441 219 1487 245 τοῦ
1507 219 1622 255 ούρανοῦ
1636 227 1643 234 ·
1664 219 1695 246 τὸ
1713 219 1736 246 δ’
1758 221 1813 246 ἐνει

1015 263 1110 290 τεῦθεν
1125 264 1200 290 οὐδὲν
1220 264 1314 299 ἕτερον
1335 263 1535 299 προσεδόκωνῆ
1556 262 1665 289 ἃπασαν
1685 263 1811 289 ἐπικλυ-

1016 309 1143 345 Θήσεσθαι
1162 309 1210 345 τὴν
1227 309 1288 344 γῆν-
1302 308 1347 336 καί
1366 317 1410 344 μοι
1429 308 1518 344 φυγῆς
1537 309 1566 335 ὲν
1584 307 1622 344 τῷ
1643 307 1683 335 νοῒ
1704 308 1809 340 τόπον,

1015 357 1061 383 καὶ
1077 357 1126 392 τὴν
1143 356 1189 383 τοῦ
1213 356 1276 383 Νῶε
1290 356 1454 383 ἀνέπλαττον
1469 355 1594 383 κιϐωτόν.
1611 355 1648 382 Τὸ
1663 355 1685 382 δ’
1697 355 1748 382 οὐκ
1765 353 1808 390 ἦν

1013 403 1028 429 ὃ
1043 402 1175 438 ἐνόμιζον.
1205 402 1285 429 Ἀλλὰ
1301 403 1355 438 γὰρ
1371 402 1428 437 ἅμα
1442 400 1615 437 κυρτωθῆναι
1633 401 1683 436 τὴν
1698 401 1807 442 Gallus.—

1014 458 1073 482 σαν,
1096 449 1177 476 πάλιν
1199 449 1326 476 ἀνελύετο
1342 450 1382 480 εἰς
1397 449 1506 483 ἑαυτὴν,
1524 448 1573 484 οὐχ
1596 447 1807 483 ὑπερϐαίνουσα.

1011 497 1057 523 τὸν
1071 497 1171 524 οἰκεῖον
1190 497 1282 529 τόπον,
1300 496 1348 531 (ὡς
1373 495 1436 527 ἔπος
1457 495 1566 530 είπεῖν,)
1579 494 1649 522 θεῖόν
1666 503 1693 521 τι
1713 496 1804 531 πρόσ-

1010 552 1104 580 ταγμα
1130 544 1317 580 πεφοϐημένη.
1345 544 1400 571 Καὶ
1430 543 1555 580 καθάπερ
1580 543 1708 576 πολλάκις
1741 544 1805 571 τῶν

1009 591 1122 618 οἰκετῶν
1140 599 1192 623 τις,
1222 589 1288 616 ἇκον
1308 599 1332 617 τι
1359 590 1426 626 πρὸς
1444 590 1490 616 τοῦ
1513 590 1642 617 δεσπότου
1666 591 1804 626 πράττειν

1009 637 1239 673 ἀναγκαζόμενος,
1255 637 1293 672 τῷ
1312 638 1359 672 μὲν
1382 637 1571 672 προστάγματι
1586 637 1630 664 διὰ
1653 637 1696 663 τὸν
1714 637 1803 671 φόϐον

1009 683 1147 711 πείθεται·
1169 683 1183 710 ὃ
1197 683 1225 710 δὲ
1247 683 1358 718 πάσχει,
1381 682 1509 718 πράττειν
1532 683 1569 718 μὴ
1595 682 1688 715 θέλων,
1706 681 1803 717 λέγειν

1007 736 1034 754 τι
1058 728 1088 754 οὺ
1106 728 1191 764 τολμᾷ
1203 736 1210 744 ·
1229 727 1383 764 τονθορύζει
1403 727 1431 753 δὲ
1451 728 1479 754 ὲν
1496 727 1593 763 ἑαυτῷ,
1617 727 1702 762 Θυμοῦ
1724 736 1802 759 τινος

1008 775 1212 810 πληρούμενος⁸
1230 774 1301 801 οὕτω
1325 774 1371 810 μοί
1389 783 1448 806 πως
1471 774 1595 809 ἐφαίνετο
1619 774 1666 800 καὶ
1682 773 1731 809 τὴν
1747 773 1802 800 θά-

1007 821 1120 854 λασσαν,
1138 820 1259 856 ὡσπερεὶ
1270 820 1452 856 θυμουμένην,
1466 820 1512 846 καί
1525 821 1553 847 ὲν
1564 821 1646 856 ἑαυτῇ
1663 821 1801 856 φράττου-

168 862 324 895 continens.
334 864 450 892 veritum
462 864 575 893 Domino
590 866 715 901 prodere.
732 866 794 894 Haec
805 868 842 894 ita
855 867 953 895 haben-

1005 876 1054 894 σαν
1075 867 1124 902 τὴν
1137 867 1232 903 ὀργὴν,
1251 866 1401 903 κρατοῦσάν
1414 875 1443 892 τε
1456 866 1564 901 ἑαυτῆς,
1579 865 1609 892 οὐ
1630 867 1800 902 βουλομένην

166 907 216 939 tia,
233 909 342 941 tacitus,
360 909 472 938 intentis
483 912 583 945 oculis,
599 913 724 947 aspicere
741 920 896 948 cmperam;
910 920 956 940 vo-

166 953 309 990 lebamque
320 955 419 983 cmlum
430 957 521 984 animo
533 959 633 990 metiri,
645 963 673 986 et
680 958 774 987 orbem
787 959 847 994 ejus
862 968 868 986 :
884 966 956 994 quat-

166 1000 260 1027 rebam
285 1009 336 1037 ego
363 1003 434 1031 unde
447 1004 580 1039 inciperet
597 1013 685 1040 quove
707 1005 844 1033 desineret
859 1014 865 1031 :
879 1005 954 1040 quali

165 1046 229 1074 item
250 1048 369 1075 cieretur
393 1053 468 1077 motu
488 1059 496 1078 :
524 1058 589 1077 num
605 1051 760 1083 transitivo,
776 1051 828 1079 hoc
845 1055 898 1084 est.
919 1051 954 1079 ab

165 1101 221 1120 uno
245 1093 272 1121 in
288 1095 372 1122 alium
389 1096 480 1124 locum
491 1119 497 1129 ,
519 1098 561 1125 vel
588 1097 617 1124 in
637 1098 732 1125 orbem
750 1097 888 1126 ferretur:
906 1097 954 1126 sed

164 1142 192 1166 et
205 1139 341 1173 quomodo
353 1141 445 1168 statim
461 1142 635 1170 consisteret.
653 1142 734 1177 Atqui
750 1141 832 1168 etiam
846 1141 880 1168 de
897 1141 955 1174 sole

164 1185 339 1222 quaerendum
357 1187 510 1220 videbatur,
541 1195 596 1222 quo
621 1188 645 1215 is
662 1187 743 1215 modo
757 1186 901 1222 positionis
925 1186 954 1213 in

165 1233 236 1261 ccelo
251 1234 349 1260 habeat
366 1243 372 1260 :
390 1234 451 1269 quis
466 1241 531 1262 vero
545 1234 678 1262 terminus
692 1234 728 1262 sit
740 1241 838 1262 cursus
854 1233 928 1260 illius
944 1241 952 1260 :

164 1289 219 1315 quo
238 1281 301 1307 item
314 1280 388 1308 brevi
412 1284 485 1308 esset
513 1287 715 1314 concessurus;
743 1287 775 1307 ac
790 1287 877 1314 neque
895 1279 955 1315 ipse

163 1326 382 1361 transgrediatur
398 1334 509 1354 cursum
525 1327 684 1362 proprium:
699 1326 747 1354 sed
761 1330 788 1353 et
803 1326 871 1360 ipse,
881 1324 954 1360 quod

163 1379 258 1399 verum
285 1372 366 1399 liceat
391 1372 478 1407 loqui,
508 1372 628 1401 melioris
655 1375 820 1407 praeceptum
843 1369 954 1405 aliquod

163 1417 324 1451 custodiat;
354 1423 474 1454 tuncque
499 1418 579 1447 nobis
606 1419 771 1455 conspicuus
804 1420 952 1452 appareat,

164 1472 226 1492 cum
238 1469 279 1492 εει
293 1472 454 1493 concessum
465 1474 472 1498 ;
491 1473 600 1494 rursum
617 1473 691 1499 vero,
703 1473 753 1493 ceu
762 1468 875 1492 νοοιιιυε
891 1463 953 1491 abs-

164 1509 253 1538 cedat.
277 1509 387 1538 Interim
411 1518 476 1546 ergo
502 1511 567 1538 dum
596 1511 653 1538 haec
683 1511 807 1546 exquiro,
827 1508 952 1537 videbam

1004 914 1044 949 τῷ
1053 914 1171 950 δεσπότῃ
1182 913 1297 948 φανερὸν
1313 913 1423 948 ποιῆσαι
1437 913 1482 940 τὸν
1501 912 1596 948 θυμόν.
1613 913 1705 939 Ταῦτα
1722 913 1800 939 οὕτω

1004 961 1133 996 γινόμενα
1149 960 1257 987 σιωπῶν
1267 961 1398 993 ἀτενίςειν
1411 960 1545 997 ἠρχόμην,
1562 960 1610 987 καὶ
1621 959 1665 985 τὸν
1677 958 1799 994 οὐρανὸν

1005 1007 1052 1034 καὶ
1066 1007 1110 1033 τὸν
1126 1007 1224 1034 κύκλον
1238 1007 1331 1039 αὐτοῦ,
1349 1006 1387 1041 τῷ
1410 1006 1449 1033 νοῒ
1475 1006 1656 1041 καταμετρεϊν
1679 1004 1777 1040 ἤθελον
1788 1013 1796 1020 ~

1004 1052 1086 1079 πόθεν
1094 1061 1123 1080 τε
1131 1052 1254 1088 ἄρχεται,
1270 1052 1316 1079 καὶ
1331 1052 1382 1078 ποῦ
1393 1050 1555 1085 καταπαύει,
1567 1051 1714 1086 ἀνεζήτουν
1724 1049 1794 1084 ὲγώ’

1004 1099 1083 1126 ποίαν
1094 1108 1122 1126 τε
1135 1100 1240 1135 κίνησιν
1255 1099 1326 1134 ἔχει’
1337 1097 1505 1134 πότεροντὴν
1514 1097 1709 1133 μεταϐατικὴν,
1717 1107 1802 1124 τουτ-

1002 1146 1061 1172 έστι
1093 1145 1142 1181 τὴν
1154 1145 1208 1172 ἀπὺ
1222 1146 1303 1172 τόπου
1321 1146 1360 1176 εἰς
1379 1145 1471 1176 τόπον,
1586 1141 1678 1177 κύκλῳ
1692 1146 1794 1176 φοραν·

1005 1193 1065 1227 πῶς
1077 1191 1104 1219 δὲ
1121 1192 1168 1218 καὶ
1180 1192 1229 1228 τὴν
1245 1192 1372 1227 ἐπίμονον
1385 1190 1462 1225 βάσιν
1483 1189 1548 1225 ἔχει.
1570 1189 1650 1216 Ἀλλὰ
1669 1189 1721 1224 μὴν
1742 1188 1798 1217 καὶ

1005 1239 1069 1274 περὶ
1076 1238 1122 1265 τοῦ
1131 1238 1206 1274 ἡλίου
1216 1238 1306 1272 ζητεῖν
1320 1237 1415 1270 ἐδόκει,
1428 1236 1468 1268 τίς
1476 1244 1506 1262 τε
1516 1236 1529 1262 ό
1539 1235 1636 1272 τρόπος
1648 1234 1729 1262 αὑτοῦ
1741 1234 1795 1269 τῆς

1004 1287 1034 1313 ὲν
1046 1285 1152 1321 οὐρανῷ
1167 1284 1267 1316 θέσεως
1276 1292 1283 1299 ·
1297 1283 1339 1316 τίς
1353 1284 1381 1310 δὲ
1393 1284 1466 1319 καὶὴ
1484 1283 1605 1319 περίοδος
1619 1281 1665 1308 τοῦ
1677 1281 1792 1317 δρόμου·

1005 1332 1057 1359 ποῦ
1079 1332 1106 1358 δὲ
1129 1331 1176 1358 καὶ
1200 1331 1258 1366 μετ’
1277 1330 1366 1364 ὀλίγον
1389 1331 1482 1365 χωρεῖ,
1497 1329 1544 1356 καὶ
1561 1330 1601 1356 ὅτι
1629 1328 1696 1364 μηδὲ
1715 1324 1796 1358 οὗτος

1004 1378 1171 1413 παρέρχεται
1185 1376 1230 1403 τὸν
1244 1377 1342 1403 οἰκεῖον
1364 1375 1476 1411 δρόμονι
1493 1374 1559 1401 ἀλλὰ
1575 1374 1621 1401 καὶ
1636 1373 1727 1405 αὐτὸς,
1752 1372 1794 1404 ὡς

1004 1423 1108 1450 ἔνεστιν
1121 1423 1219 1454 εἰπεῖν,
1231 1422 1340 1457 ἐντολήν
1355 1430 1415 1448 τινα
1428 1421 1553 1455 ῳυλάττει
1567 1421 1728 1456 κρείττονος·
1743 1418 1796 1446 καὶ

1004 1469 1094 1504 φαίνει
1113 1469 1162 1504 μὲν
1175 1468 1236 1494 τότε
1249 1467 1313 1503 παρ’
1328 1468 1403 1503 ἡμῖν,
1419 1467 1462 1493 ὅτε
1480 1466 1583 1500 ἔξεστιν
1601 1465 1690 1500 αὐτῷ’
1709 1464 1796 1499 ἀπέρ-

1005 1523 1081 1551 χεται
1102 1514 1140 1547 δὲ,
1163 1514 1201 1546 ὡς
1220 1513 1398 1549 καλούμενος.
1421 1514 1475 1540 Kal.
1498 1512 1599 1540 τούτων
1620 1511 1711 1538 τοίνυν
1740 1511 1796 1546 τὴν

163 1555 230 1583 solis
240 1556 321 1591 jubar
333 1557 467 1589 occidere,
484 1557 592 1593 dieique
606 1558 697 1586 lumen
710 1556 841 1589 deﬁcere;
853 1563 885 1582 ac
898 1559 953 1582 sta-

1006 1562 1129 1595 ἐξέτασιν
1149 1560 1319 1595 ποιούμενος,
1345 1558 1437 1594 ἐώρων
1461 1558 1613 1593 παυόμενον
1632 1557 1680 1592 μὲν
1698 1556 1728 1582 τδ
1743 1555 1795 1582 τοῦ

161 1601 212 1629 tim
226 1602 323 1631 adesse
339 1603 477 1637 tenebras,
498 1604 645 1639 lunamque
665 1605 716 1632 soli
730 1604 877 1632 succedere
895 1612 902 1630 :
920 1610 953 1630 ac

162 1647 280 1683 primum
296 1649 406 1684 quidem
423 1651 554 1678 minutam
576 1651 662 1684 oriri;
679 1650 852 1686 postmodum
875 1657 951 1682 vero,

163 1699 246 1722 :ursu
274 1701 488 1730 promovenlem,
505 1696 600 1731 majori
625 1696 716 1731 specie
745 1703 887 1731 apparere.
913 1695 953 1722 Ac

162 1748 251 1775 neque
272 1741 306 1768 de
318 1741 363 1768 illa
379 1750 500 1776 quau'ere
511 1743 664 1775 cessabant,
677 1750 843 1778 causamque
862 1742 952 1769 minu-

161 1787 245 1814 tionis
261 1791 288 1814 et
299 1788 463 1816 accretionis
477 1789 638 1822 scrutabar;
653 1789 727 1824 quod
743 1789 801 1824 ipsa
813 1788 951 1816 nihilomi—

163 1841 216 1860 nus
229 1833 360 1861 circulum
371 1834 477 1861 dierum
490 1838 580 1862 teneat
591 1835 722 1870 :indcquc
735 1835 800 1862 mihi
813 1835 951 1870 quandam

162 1880 282 1907 divinam
297 1880 494 1914 providentiam
510 1888 542 1908 ac
554 1881 607 1909 vim
619 1882 760 1909 meliorum
778 1881 868 1909 omnia
885 1889 951 1910 con-

163 1925 306 1959 tinentem,
317 1934 398 1961 quam
416 1930 443 1954 et
460 1926 542 1954 Deum
552 1927 614 1962 jure
628 1927 756 1961 dicimus,
769 1927 896 1962 colligere
908 1927 950 1954 vi-

162 1973 256 2002 debar.
271 1972 405 2001 Caeterum
430 1981 496 2001 vero
518 1973 588 2008 εαξρὶ
605 1973 715 2001 laudare
727 1973 856 2008 Opiﬁcem
869 1992 877 2004 ,
903 1972 950 2008 qui

162 2022 263 2046 terram
279 2019 371 2053 ﬁxam,
384 2019 596 2055 animaliumque
619 2019 786 2047 diﬂ‘erentias
808 2027 840 2047 ac
860 2019 950 2047 varios

162 2065 413 2106 plantarum_llores
444 2066 604 2101 aspicerem.
633 2065 951 2100 Enimvero,baudqua-

160 2118 242 2146 quam
268 2110 376 2139 animus
402 2111 429 2138 in
457 2112 532 2140 hisce
549 2116 577 2139 et
594 2112 660 2140 solis
682 2113 804 2141 constitit
823 2122 829 2140 :
849 2111 896 2139 sed
917 2111 951 2139 de

159 2163 269 2191 caetero,
279 2166 402 2193 quazrcre
413 2159 484 2194 (εαξρὶ
499 2159 571 2186 unde
585 2159 642 2187 hmc
657 2160 807 2187 constituta
830 2162 924 2186 essent
941 2168 948 2185 :

160 2213 225 2231 num
240 2213 274 2232 ex
292 2205 384 2240 aliquo
400 2205 473 2240 quod
484 2213 591 2240 semper
605 2206 754 2234 coexsistat
769 2205 834 2239 Deo,
851 2206 892 2232 vel
916 2212 950 2232 ex

160 2252 220 2286 ipso
235 2252 347 2286 soloque
359 2251 424 2284 Deo,
441 2252 514 2279 nulla
527 2252 551 2280 ei
571 2260 600 2280 re
616 2251 950 2284 coexsistente,cousiste-

160 2303 230 2326 rent.
249 2298 316 2325 Nam
329 2299 397 2326 nihil
415 2306 447 2326 ex
467 2299 552 2327 nihilo
569 2299 666 2327 fecisse
677 2321 684 2333 ,
700 2300 804 2327 ratione
817 2307 872 2326 non
890 2307 949 2326 om-

159 2345 224 2372 nino
248 2345 421 2380 improbabili
445 2350 605 2381 suppetente
625 2346 854 2374 considerandum
871 2345 946 2373 duxi.

161 2391 265 2418 liaban
276 2393 349 2420 enim
360 2400 420 2427 quae
436 2393 513 2426 ﬁunt,
524 2401 556 2421 ex
572 2393 663 2428 aliquo
678 2393 737 2420 ﬁeri
760 2400 792 2419 ac
805 2391 946 2419 constitui.

145 2437 292 2466 'Similiter
320 2439 402 2466 etiam
442 2447 505 2468 vere
532 2440 678 2468 dicendum
705 2439 858 2471 videbatur,
879 2439 947 2466 nihil

160 2483 214 2510 Deo
228 2490 325 2518 praeter
341 2485 430 2520 ipsum
455 2486 638 2519 coexsistere;
665 2493 780 2520 esseque
806 2493 859 2516 res,
888 2485 949 2520 ipso

159 2534 268 2556 creante
284 2539 290 2557 :
308 2531 442 2564 siquidem
462 2531 489 2560 id
504 2535 627 2559 suaserat
644 2531 812 2566 compositus
826 2530 948 2558 elemen-

160 2580 248 2601 torum
275 2576 359 2608 ordo,
386 2581 544 2612 naturaeque
573 2576 601 2603 in
625 2576 665 2604 eis
692 2576 874 2603 concinnitas.
903 2575 949 2602 Sic

160 2630 238 2653 rem,
257 2622 325 2649 bene
352 2624 482 2651 statuisse
507 2623 654 2655 arbitrans,
681 2623 791 2650 domum
817 2622 946 2650 redibam.

158 2666 303 2698 Cmtcrum,
320 2675 381 2694 cum
394 2668 530 2703 sequenti,
547 2676 644 2703 nempe
663 2667 795 2695 hodierna
809 2668 862 2700 die,
875 2668 949 2695 cxis-

159 2719 226 2744 scut,
241 2711 311 2740 duos
326 2713 472 2746 quosdam,
489 2714 584 2742 eodem
602 2722 718 2750 genere,
744 2714 878 2749 homines,
906 2714 947 2741 in-

212 2813 221 2831 ”
241 2812 292 2841 Job
308 2821 420 2846 κλμ-ιιι,
436 2814 479 2842 Η.

1005 1608 1081 1644 ἡλίου
1095 1607 1205 1642 φέγγος,
1220 1606 1360 1632 ἐπιλεῖπον
1379 1605 1407 1632 δὲ
1424 1605 1470 1631 καὶ
1487 1605 1536 1640 τῆς
1548 1604 1653 1639 ἡμέρας
1668 1603 1698 1630 τὸ
1714 1603 1773 1637 φῶς
1783 1609 1794 1619 ο

1005 1654 1106 1685 εὐθέως
1121 1653 1150 1680 δὲ
1167 1652 1306 1687 γινόμενον
1323 1651 1426 1683 σκότος,
1445 1651 1492 1677 καὶ
1510 1650 1623 1684 σελήνην
1637 1647 1796 1683 διαδεχομέ-

1005 1709 1054 1735 νην
1073 1699 1118 1726 τὸν
1139 1698 1230 1733 ἦλιοψ
1250 1697 1296 1724 καὶ
1312 1697 1345 1723 τὰ
1363 1696 1411 1732 μὲν
1431 1695 1527 1732 πρῶτα
1541 1695 1668 1722 ἀνιοῦσαν
1686 1694 1794 1729 μείονα,

1007 1745 1154 1782 μετέπειτα
1174 1744 1203 1771 δὲ
1223 1743 1429 1779 προκόπτουσαν
1455 1741 1494 1778 τῷ
1516 1741 1618 1777 δρόμῳ,
1642 1739 1796 1774 φαντασίαν

1005 1792 1178 1828 παρέχουσαν
1202 1789 1334 1826 μείζονος.
1360 1789 1416 1816 Οὐκ
1439 1787 1580 1822 ἐπαυόμην
1601 1786 1629 1813 δὲ
1653 1786 1699 1813 καὶ
1726 1785 1796 1820 περὶ

1004 1839 1106 1875 ταύτης
1125 1838 1225 1874 ζητῶν,
1241 1837 1288 1864 καὶ
1304 1836 1353 1871 τὴν
1370 1836 1458 1864 αἰτίαν
1480 1834 1529 1870 τῆς
1549 1833 1720 1869 ἀφαιρέσεως
1743 1832 1796 1858 καὶ

1003 1886 1054 1921 τῆς
1069 1884 1240 1920 προσθέσεως
1264 1881 1433 1918 ἀνηρεύνων,
1448 1881 1490 1908 ὃτι
1507 1888 1537 1906 τε
1558 1880 1603 1906 καὶ
1631 1879 1699 1914 αὐτὴ
1713 1878 1796 1913 τηρεῖ

1003 1931 1049 1958 τὸν
1065 1930 1162 1957 κύκλον
1174 1929 1227 1955 τῶν
1245 1927 1372 1964 ἡμερῶν·
1390 1926 1435 1953 καί
1456 1934 1500 1961 μοι
1515 1925 1600 1952 ἐδόκει
1611 1924 1641 1950 τὸ
1654 1923 1794 1955 ἐντεῦθεν,

1003 1976 1041 2008 ὡς
1053 1975 1113 2005 θεία
1126 1984 1167 2007 τις
1182 1975 1299 2009 ὑπάρχει
1316 1972 1456 2007 οἰκονομία
1475 1971 1521 1998 καὶ
1535 1971 1647 2006 δύναμις
1668 1968 1778 2004 κρειττό
1792 1984 1797 1988 ~

1003 2031 1066 2054 νων,
1084 2023 1100 2057 ἡ
1126 2021 1273 2056 συνέχουσα
1288 2020 1322 2047 τὰ
1344 2019 1402 2050 ὅλα,
1422 2018 1455 2053 ἣν
1472 2018 1519 2044 καὶ
1539 2016 1604 2042 Θεὸν
1625 2015 1736 2046 δικαίως
1757 2013 1795 2043 ἂν

1004 2067 1126 2103 εἴπομεν.
1155 2068 1210 2097 Καὶ
1234 2067 1264 2093 τὸ
1290 2065 1382 2092 λοιπὸν
1405 2065 1451 2090 τὸν
1474 2063 1644 2099 Δημιουργὸν
1669 2062 1794 2087 ἐπαινεῖν

1003 2115 1137 2150 ἠρχόμην,
1165 2115 1214 2148 τήν
1242 2121 1270 2139 τε
1290 2113 1341 2147 γῆν
1367 2112 1522 2146 πεπηγυῖαν
1540 2109 1621 2145 ὀρῶν,
1644 2108 1691 2135 καὶ
1712 2106 1794 2139 ζώων

1003 2160 1143 2195 διαφορὰς,
1168 2160 1215 2186 καὶ
1238 2158 1348 2186 ποικίλα
1368 2157 1458 2191 φυτῶν
1477 2156 1511 2182 τὰ
1534 2155 1717 2190 ἐξανθήματα.
1734 2153 1794 2188 Οὐχ

1004 2207 1095 2233 ἵστατο
1113 2206 1142 2232 δέ
1159 2215 1203 2241 μοι
1216 2206 1263 2232 ὲπὶ
1273 2205 1377 2236 τούτοις
1392 2204 1438 2230 καὶ
1454 2203 1543 2239 μόνοις
1559 2203 1574 2229 ὁ
1584 2201 1644 2233 νοῦς
1655 2209 1661 2216 ·
1676 2200 1744 2227 ἀλλὰ
1759 2200 1795 2228 τὺ

1002 2253 1104 2284 λοιπὸν,
1121 2252 1181 2279 ὅθεν
1199 2251 1284 2278 ταῦτα
1298 2251 1348 2286 τὴν
1367 2249 1497 2277 σύστασιν
1513 2249 1579 2285 ἔχει,
1597 2248 1688 2283 ζητεῖν
1704 2246 1793 2282 ἠρχό-

1004 2310 1074 2336 μην·
1091 2300 1204 2335 πότερον
1223 2299 1255 2326 ἔκ
1271 2307 1342 2330 τινος
1362 2298 1486 2329 συνόντος
1505 2298 1549 2324 ἀεὶ
1569 2296 1608 2331 τῷ
1629 2295 1698 2330 Θεῷ,
1717 2295 1735 2330 ἢ
1760 2294 1794 2331 ἐξ

1002 2347 1084 2378 αὐτοῦ
1105 2346 1152 2372 καὶ
1175 2345 1265 2380 μόνου,
1290 2344 1505 2379 συνυπάρχοντος
1528 2341 1602 2377 αὐτῷ
1623 2341 1738 2372 οὐδενός·
1759 2340 1794 2368 τὸ

1002 2394 1056 2430 γὰρ
1072 2393 1102 2425 ἐξ
1113 2393 1163 2420 ούκ
1179 2392 1253 2424 ὄντος
1269 2391 1447 2427 πεποιηκέναι
1461 2390 1537 2417 οὐδὲν
1555 2389 1665 2415 σκοπεῖν
1682 2396 1726 2423 μοι
1740 2395 1794 2414 κα-

1001 2440 1055 2472 λῶς
1081 2439 1179 2470 ἐδόκει,
1208 2438 1244 2473 μὴ
1273 2437 1363 2464 τέλεον
1388 2436 1520 2463 ἀπιθάνου
1548 2435 1717 2470 ὑπάρχοντος
1740 2431 1793 2460 τοῦ

1002 2487 1091 2520 λόγου.
1105 2485 1145 2512 Τὰ
1159 2485 1214 2520 γὰρ
1229 2484 1358 2519 γινόμενα
1371 2483 1400 2515 ἐξ
1411 2483 1494 2509 ὄντων
1508 2482 1612 2516 πέφυκε
1625 2480 1673 2516 τὴν
1691 2480 1792 2506 σύστα-

1003 2541 1046 2559 σιν
1070 2532 1151 2567 ἔχειν.
1169 2531 1224 2557 Καὶ
1246 2529 1345 2565 ὁμοίως
1365 2529 1472 2564 ἀληθῶς
1498 2528 1584 2554 ὲδόκει
1599 2527 1681 2563 μηδὲν
1697 2526 1792 2560 λέγειν

1002 2578 1046 2605 ἀεὶ
1063 2579 1181 2604 συνεῖναι
1196 2576 1234 2612 τῷ
1255 2575 1314 2611 Θεῴ
1329 2575 1421 2612 ἕτερόν
1438 2584 1464 2601 τι
1481 2575 1547 2610 παρ’
1569 2572 1740 2604 αὑτὸν,ιάλλ“
1758 2571 1791 2605 ἐξ

1001 2624 1084 2651 αὑτοῦ
1104 2624 1140 2650 τὰ
1156 2623 1220 2650 ὅντα
1239 2622 1398 2658 γεγονέναι·
1421 2622 1468 2648 καὶ
1492 2620 1546 2656 γάρ
1566 2629 1624 2650 πως
1643 2618 1735 2645 ἔπειθέ
1755 2626 1791 2653 με

1001 2671 1047 2697 τὸν
1067 2670 1197 2698 εὔτακτον
1218 2669 1272 2696 τῶν
1289 2669 1438 2704 στοιχείων,
1455 2667 1502 2694 καὶ
1525 2668 1541 2702 ἡ
1565 2665 1630 2703 περὶ
1646 2665 1716 2692 αὐτὰ
1737 2665 1790 2699 τῆς

1002 2715 1108 2750 φύσεως
1119 2715 1261 2752 εὐκοσμία.
1275 2715 1382 2743 Οὑτωσὶ
1393 2714 1422 2742 δέ
1433 2723 1490 2746 πως
1503 2711 1531 2741 εὖ
1545 2711 1725 2740 διατεθεῖσθαι
1744 2719 1790 2738 νο-
