1920 3070
62 118 114 145 iis

659 118 725 146 LIB.
746 118 789 146 DE
803 117 927 146 LIBERO
945 117 1120 146 ARBITRIO.

1645 111 1698 139 2-δῦ

64 177 159 212 μίζων,
185 175 231 202 ἐπὶ
253 176 303 210 τὴν
330 176 424 203 οὶκίαν
450 177 570 212 ὲχὼρουν
596 176 644 211 τὴν
668 176 748 212 ἐμήν.
775 177 814 212 Τῇ
837 176 859 202 δ’

917 183 1004 210 quam,
1021 173 1216 202 contendentes
1233 171 1359 204 invicem,
1376 177 1460 206 seque
1487 169 1618 198 conviciis
1633 177 1698 204 pro-

64 222 188 257 ὲπιούσῃ,
208 222 334 248 τουτέστι
353 223 488 258 σήμερον,
504 222 587 248 ὲλθὼν
609 222 702 258 ἑώρων
716 222 762 249 δύο
786 222 861 254 τινὰς

65 269 204 304 ὁμογενεῖς
219 267 400 303 (ἀνθρώπους
415 268 445 294 δὲ
459 268 547 303 λέγω,
560 268 568 303 )
586 268 862 304 διαπληκτιζομένους

67 315 110 342 καὶ
125 313 397 349 ὂιαλοιδορουμένους
421 313 547 348 ἀλλήλοις
558 322 564 328 ·
585 313 678 349 ἕτερον
694 313 716 340 δ’
731 311 764 340 αὖ
782 313 862 340 πάλιν

66 360 242 396 ἁξιματῶσαι
267 359 431 394 βουλόμενον
455 359 500 386 τὸν
524 359 646 394 πλησίον·
669 359 719 395 ἤδη
738 359 766 386 δέ
791 368 862 390 τινες

68 406 113 433 nl.
136 406 292 441 δεινότερον
316 406 421 441 τολμᾷν
437 406 562 441 ἡρχοντο.
593 405 622 432 '0
641 406 688 440 μὲν
706 405 760 440 γὰρ
780 404 861 431 ἐσκύ-

67 454 145 480 λευσε
158 452 270 488 νεκρὸν,
286 452 335 479 καὶ
348 452 380 478 τὸ
396 452 515 488 κρυφθὲν
529 452 580 487 ήδη
595 451 674 487 σῶμα
685 453 718 487 τῇ
733 453 767 487 γῇ
783 451 863 478 πάλιν

68 499 203 524 ἐδείκνυεν
217 498 298 533 ἡλίῳ,
319 498 367 524 καὶ
388 497 436 533 τὴν
452 497 548 533 ὁμοίαν
562 497 649 528 οὓτως
669 496 808 532 ἐνύϐριζεν
826 497 864 523 εἱ-

67 544 143 575 κὸνα,
163 543 248 579 βορὰν
262 544 326 570 κυσὶ
345 543 515 570 καταλείπων
529 542 575 569 τὸν
589 543 695 577 νεκρόν·
717 544 731 568 ὁ
745 542 773 568 δὲ
789 541 863 577 ξίφος

68 590 200 624 ἐγύμνου,
226 589 274 615 καὶ
292 589 338 614 ὲπὶ
353 589 399 614 τὺν
413 588 502 622 ὅμοιον
526 587 667 622 ἄνθρωπον
683 586 791 622 ἐχώρει.
810 587 864 612 Καὶ

68 637 80 661 ὁ
106 635 155 669 μὲν
182 636 257 669 φυγῇ
286 634 335 669 τὴν
364 634 499 669 σωτηρίαν
518 633 639 668 πορίζειν
663 632 773 668 ἢθελεν·
799 633 812 659 ὁ
836 632 863 659 δὲ

68 681 175 708 διώκων
211 681 263 707 οὐκ
299 680 426 711 ἐπαύετο,
461 680 520 706 οὐδὲ
559 679 607 706 τοῦ
636 679 722 714 θυμοῦ
755 681 864 715 κρατεῖν

69 727 159 762 ﬁdele.
186 727 244 752 Καὶ
259 726 286 752 τί
303 726 344 753 δεῖ
363 726 472 752 πλείονα
494 726 602 760 λέγειν;
627 725 695 752 Ἀλλ’
719 725 760 752 ὃτι
776 727 865 761 χωρή-

70 781 118 804 σας
151 773 196 799 ἐπ’
232 773 314 799 αὐτὸν
346 773 447 804 εὐθέως
480 772 557 799 ἔπαιε
587 771 626 807 τῷ
661 772 742 806 ξίφει.
777 772 807 798 '0
837 771 864 797 δὲ

69 819 166 854 ἱκέτης
196 817 245 844 τοῦ
274 818 387 853 πλησίον
414 817 528 852 ἐγίνετο,
558 817 605 843 καὶ
633 818 726 852 χεῖρας
759 816 863 847 ἱκεσίας

69 863 157 898 ὤρεγε
167 871 175 878 ο
191 863 241 890 καὶ
257 862 306 898 τὴν
330 863 378 898 μὲν
394 862 497 897 ὲσθῆτα
511 862 610 888 διδόναι
626 861 716 897 ἤθελε,
742 861 820 896 μόνον
837 861 864 887 δὲ
881 854 902 883 Β

69 908 98 934 τὸ
110 907 162 943 ζῇν
182 908 255 943 ἔχειν
269 908 356 942 ἠξίου.
378 908 408 933 ’0
422 907 451 934 δὲ
464 907 514 934 οὐκ
524 906 621 943 ἔθραυε
635 907 681 933 τὸν
698 907 793 942 θυμὸν,
810 906 864 932 οὐδ’

69 948 216 986 ἠλέει”τὸν
240 953 371 988 ὁμογενῆ,
395 952 457 979 οὐδὲ
478 952 573 979 ἑαυτὸν
589 952 633 979 διὰ
649 953 697 988 τῆς
720 952 820 984 εἰκόνος
836 953 865 978 ἐν

71 999 168 1033 ἐκείνῳ
181 998 293 1033 βλέπειν
308 999 413 1034 ἢθελεν,
428 998 483 1025 ἀλλ’
498 999 535 1030 ὡς
547 999 642 1034 ἄγριος
657 998 718 1034 θὴρ,
740 998 779 1034 τῷ
794 998 865 1032 ξίφει

72 1046 120 1079 τῆς
136 1045 222 1081 βορᾶς
239 1046 349 1081 ἠρχετο.
376 1045 445 1080 Ἤδη
460 1045 488 1072 δὲ
502 1046 548 1074 καὶ
569 1045 599 1072 τὺ
616 1045 704 1080 στόμα
721 1045 760 1080 τῷ
779 1046 865 1081 ὁμοίῳ

72 1090 228 1125 προσέφερε
245 1089 370 1125 σώματι·
388 1089 514 1121 τοσοῦτος
529 1089 584 1125 γὰρ
602 1087 636 1125 ἦν
649 1089 687 1124 τῷ
702 1089 789 1125 θυμῷ.
810 1090 865 1115 Καὶ

72 1133 105 1170 ἦν
130 1135 208 1168 ἰδεῖν,
232 1135 279 1162 τὸν
302 1136 351 1170 μὲν
371 1135 545 1170 ἠδικημένον,
569 1135 614 1161 τὸν
637 1135 665 1161 δὲ
688 1135 780 1161 λοιπὸν
801 1143 865 1161 σκυ-

72 1178 195 1210 λεύοντα,
220 1179 267 1205 καὶ
285 1178 351 1214 μηδὲ
373 1180 409 1214 γῇ
433 1179 602 1210 σκεπάζοντα
622 1179 652 1206 τὸ
670 1179 758 1214 σῶμα,
776 1179 790 1205 ὃ
816 1179 865 1214 τῆς

74 1224 185 1259 ἐσθῆτος
200 1224 353 1259 ἐγύμνωσε.
373 1225 445 1260 Πρὸς
470 1225 498 1251 δὲ
519 1225 623 1257 τούτοις
642 1226 733 1260 ἕτερος
750 1226 863 1261 προσῆν,

73 1271 101 1302 ῖς
123 1271 170 1297 τοῦ
199 1270 315 1306 πλησίον
343 1273 459 1305 γυναῖκα
485 1272 592 1304 παίζειν
615 1272 705 1307 ἤθελε,
729 1272 864 1308 λῃστεύων

74 1318 160 1352 γάμον
175 1317 327 1352 ἀλλότριον,
345 1318 392 1344 καὶ
415 1318 461 1344 ἐπὶ
477 1318 633 1353 παράνομον
651 1318 743 1353 κοίτην
759 1319 865 1354 τραπῆ-

73 1373 114 1389 ναι
131 1364 295 1400 παρορμῶν,
317 1363 362 1390 τὸν
384 1364 561 1399 γεγαμηκότα
580 1365 690 1399 γνήσιον
705 1365 811 1400 πατέρα
825 1365 862 1400 (5)

74 1411 194 1445 γενεσθαι
216 1411 315 1438 θέλων.
347 1411 487 1438 Ἐντεῦθεν
508 1411 536 1438 δὲ
556 1413 615 1444 ταῖς
629 1411 794 1447 τραγῳδίαις
819 1421 865 1438 πι-

76 1458 177 1484 στεύειν
194 1457 333 1492 ἠρχόμην,
354 1458 403 1484 καὶ
420 1458 451 1484 τὸ
467 1457 608 1484 Θυέστειον
630 1458 738 1486 δεῖπνον
759 1457 864 1492 ἀληθῶς

75 1504 158 1530 ἐδόκει
173 1511 220 1538 μοι
236 1504 381 1537 γεγονέναι
392 1513 398 1519 ·
418 1504 554 1532 πιστεύειν
568 1504 596 1531 δὲ
610 1504 657 1530 καὶ
670 1505 702 1539 τῇ
720 1504 864 1539 υίνομαίου

76 1550 227 1584 παρανόμῳ
245 1550 387 1585 ἐπιθυμίᾳ,
403 1551 450 1577 καὶ
461 1552 494 1586 τῇ
508 1550 561 1576 τῶν
575 1550 696 1584 ἀδελφῶν
713 1550 756 1576 διὰ
772 1550 865 1584 ξίφους

75 1596 223 1632 φιλονεικίᾳ
239 1597 290 1624 οὐκ
304 1597 438 1623 ἀπιστεῖν.
454 1596 595 1625 Τοσούτων
608 1596 697 1623 τοίνυν
714 1597 760 1623 καὶ
775 1596 864 1623 τοιού-

74 1650 124 1668 των
144 1642 248 1678 Θεατὴς
268 1642 413 1677 γενόμενος
428 1641 494 1676 ἐγὼ,
519 1642 599 1669 πόθεν
620 1641 706 1669 ταῦτα
722 1641 866 1677 ἀναζητεῖν

75 1690 197 1725 ἠρχόμην
208 1698 215 1704 ·
233 1689 276 1720 τίς
288 1688 316 1715 δὲ
330 1689 377 1715 καὶ
388 1690 404 1724 ὴ
419 1689 467 1724 τῆς
479 1690 611 1724 κινήσεως
625 1689 714 1715 αὐτῶν
725 1689 806 1723 ἀρχὴ,
819 1688 866 1715 καὶ

74 1736 111 1766 τίς
128 1736 142 1760 ὁ
158 1734 282 1761 τοσαῦτα
294 1735 354 1761 κατ’
366 1733 517 1770 ἀνθρώπων
533 1735 769 1770 μηχανησάμενος
786 1734 866 1761 πόθεν

74 1789 100 1806 τε
119 1782 134 1816 ἠ
151 1781 269 1816 εύρησις
288 1780 389 1812 αὐτῶν,
409 1781 454 1807 καὶ
477 1780 519 1812 τίς
535 1782 549 1807 ὁ
573 1781 674 1807 τούτων
697 1780 863 1812 διδάσκαλος.

74 1827 125 1853 Καὶ
138 1827 187 1853 τὸν
205 1828 255 1862 μὲν
270 1827 337 1854 Θεὸν
348 1827 452 1854 τούτων
467 1827 580 1863 ποιητὴν
599 1827 688 1861 λέγειν
705 1827 806 1862 τολμᾷν
818 1827 866 1862 οὐχ

73 1871 124 1900 οἷόν
140 1882 171 1900 τε
184 1872 230 1909 ἦν,
249 1873 317 1900 ἀλλὰ
339 1873 392 1909 μὴν
408 1873 468 1900 οὐδὲ
493 1873 521 1906 ἐξ
542 1872 624 1899 αὑτοῦ
646 1873 694 1908 τὴν
718 1873 865 1899 ὑπόστασιν

74 1920 152 1954 ἔχειν,
169 1920 232 1946 οὐδὲ
246 1920 295 1955 τὴν
308 1919 355 1946 τοῦ
371 1917 440 1946 εἶναι
454 1919 594 1946 σύστασιν.
613 1919 674 1950 Πῶς
690 1918 744 1954 γὰρ
767 1916 821 1945 οἷόν
836 1927 866 1945 τε

73 1964 105 2001 ἦν
119 1966 209 1992 ταῦτα
223 1966 289 2001 περὶ
305 1965 372 1992 Θεοῦ
385 1967 471 1997 νοεῖν;
486 1965 515 1997 ὃς
535 1965 584 2001 μὲν
599 1965 653 2001 γάρ
667 1965 739 1991 ἐστιν
753 1964 864 1999 ἀγαθὸς,

74 2012 118 2038 καὶ
136 2012 192 2039 τῶν
214 2012 380 2047 κρειττόνων
403 2011 527 2047 ποιητὴς,
552 2011 605 2038 τῶν
621 2011 650 2038 δὲ
669 2011 777 2046 φαύλων
792 2010 866 2046 αὐτῷ

74 2058 220 2094 πρόσεστιν
235 2058 310 2084 οὐδέν
320 2067 326 2072 ·
341 2057 399 2084 ἀλλ’
410 2058 469 2084 οὐδὲ
481 2059 537 2089 τοῖς
552 2057 681 2089 τοιούτοις
696 2057 801 2093 χαίρειν
819 2057 866 2083 πέ-

75 2114 168 2139 φυκενο
194 2105 363 2140 ἀπαγορεύει
383 2104 412 2131 δὲ
432 2104 479 2130 καὶ
495 2103 544 2139 τὴν
565 2104 673 2138 γένεσιν
694 2103 798 2130 αὐτῶν·
820 2103 865 2130 καὶ

76 2152 135 2183 τοὺς
163 2152 212 2186 μὲν
237 2151 384 2187 χαίροντας
406 2151 510 2182 τούτοις
534 2150 728 2182 ἀποϐάλλεται,
752 2150 815 2181 τοὺς
837 2149 865 2176 δὲ

111 2264 150 2299 (5)
167 2263 304 2297 Γνήσιον
317 2264 437 2298 πατέρα.
454 2264 612 2292 Μεηαοειιιη
635 2264 772 2292 existimat
793 2264 866 2291 hunc

77 2300 167 2326 locum
189 2299 344 2326 Cotelerius
364 2301 397 2326 ad
418 2299 543 2326 Clement.
561 2300 630 2326 hom.
649 2308 716 2331 xm,
735 2300 806 2335 με),
827 2300 866 2326 le-

79 2335 249 2368 gendumque
271 2335 411 2370 ἁγνήσιον,
428 2336 469 2362 vel
492 2335 527 2370 μὴ
549 2336 669 2370 γνήσιον,
683 2344 741 2369 quae
756 2335 864 2370 quidem

79 2371 132 2396 sive.
146 2370 237 2396 littera
252 2371 309 2396 sive
325 2370 457 2404 particula
473 2370 553 2400 facile
564 2371 650 2405 potuit
660 2371 802 2399 excidisse.
819 2370 865 2396 Sic

79 2409 166 2431 autem
194 2405 284 2431 locum
309 2405 445 2439 integrum
469 2405 693 2432 redditzAderat
717 2405 796 2436 alius,
821 2405 865 2436 qui

79 2440 192 2473 proximi
207 2441 287 2466 uxori
302 2441 421 2474 cupiebat
438 2439 558 2471 illudere,
585 2441 700 2467 alienum
728 2442 866 2467 matrimo-

80 2475 149 2501 nium
164 2475 313 2509 prwdalus,
334 2480 359 2502 et
380 2475 494 2502 incitans
517 2484 575 2501 eam
598 2481 625 2502 ut
648 2476 682 2501 ad
701 2476 866 2504 concubilum

81 2510 201 2536 illicitum
219 2516 371 2544 verteretur,
391 2519 405 2537 ε
426 2511 521 2537 marito
543 2510 628 2538 uolens
655 2511 740 2545 facere
765 2517 866 2545 putrem

81 2552 128 2572 non
144 2553 244 2572 verum.
261 2546 346 2573 αλιι..

113 2581 150 2616 (6)
167 2580 264 2623 Cludit)
281 2582 383 2623 laniare
399 2583 485 2616 capit.
502 2582 701 2623 'l‘qi‘gioarqrﬁ;
719 2582 802 2623 βορᾶς
816 2583 866 2623 ἦρ-

81 2624 148 2650 χετο,
163 2618 238 2644 velut
254 2617 406 2644 vorandum
423 2617 612 2646 conscindere.
629 2617 710 2645 Forte
724 2617 806 2645 etiam
825 2617 867 2646 l‘u-

81 2652 129 2678 erit
150 2651 249 2687 εἴχετο.
277 2651 454 2689 Signilicatur
478 2661 561 2689 supra
586 2653 734 2680 belluinam
755 2653 864 2689 feritas,

82 2694 129 2720 qua
143 2695 214 2722 saepe
229 2688 356 2718 homines
376 2688 519 2715 inhumani
540 2690 567 2715 in
581 2696 610 2716 se
623 2689 738 2716 invicem
751 2688 843 2716 furunt
857 2710 865 2723 ,

84 2726 111 2758 ut
123 2723 161 2758 vel
175 2730 207 2750 os
221 2728 351 2758 tanquam
366 2723 530 2751 devorandis
544 2724 715 2757 admoveant,
730 2728 760 2752 ut
775 2725 867 2753 statim

84 2757 185 2799 additur
203 2757 325 2799 :Aigan'js
339 2759 388 2785 καὶ
407 2759 437 2784 τὸ
454 2759 603 2799 στόμα-τῷ.
613 2759 698 2794 ὁμοίῳ
714 2760 867 2799 προσέφερε

85 2793 191 2827 σώματι.
215 2793 262 2820 Sic
274 2793 478 2829 Maragnenses
495 2793 615 2826 barbari,
632 2793 691 2821 non
708 2793 763 2821 tam
780 2793 867 2822 ventri

86 2835 156 2861 quam
180 2829 269 2856 furori
292 2830 490 2861 exsaturando,
515 2830 632 2857 laniatos
658 2830 761 2861 hosms,
784 2831 866 2858 etiam

85 2866 213 2893 stomacho
230 2868 392 2900 rcspuenle,
409 2869 553 2900 antequam
569 2865 637 2893 Galli
652 2867 738 2893 nostri
755 2865 868 2894 dedoce-

911 221 1067 253 scindentes
1082 219 1195 254 aspexi:
1214 218 1328 245 alterum
1347 218 1421 249 item,
1437 216 1482 251 qui
1501 216 1581 244 vellet
1600 224 1699 251 exspo-

912 268 979 295 liare
992 267 1146 303 proximum
1163 275 1169 292 :
1188 265 1237 292 sed
1259 267 1286 292 et
1313 263 1359 298 qui
1378 263 1434 298 jam
1458 263 1568 297 gravius
1596 263 1699 298 aliquid

912 320 1077 349 prmsumere
1105 311 1267 346 inciperent.
1293 309 1343 336 Hic
1367 308 1501 343 siquidem
1528 307 1700 343 deprsedatu!

912 363 953 386 est
966 362 1114 388 mortuum,
1134 362 1288 391 corpusque
1308 354 1365 389 jam
1380 359 1453 380 terra
1467 353 1630 381 occultatum
1649 355 1700 382 ite-

913 411 973 432 rum
995 402 1116 431 exhibuit
1132 402 1183 430 soli
1197 411 1204 435 ;
1231 406 1313 436 atque
1329 401 1380 432 ita,
1396 404 1504 427 mortuo
1520 400 1633 428 canibus
1661 401 1700 426 Ia-

913 450 1017 477 niatum
1043 448 1248 482 vorandumque
1272 446 1378 478 relicto,
1399 449 1540 480 cognatam
1556 445 1700 480 imaginem

913 494 1077 523 contumelia
1101 493 1200 521 ail‘ecit.
1226 492 1274 519 llle
1290 497 1399 524 autem,
1423 491 1524 518 nudato
1553 492 1701 526 strictoque

914 541 1013 577 gladio,
1027 541 1053 568 in
1066 540 1164 568 similis
1176 543 1281 566 natura;
1299 538 1434 565 hominem
1448 538 1539 565 irruit.
1555 537 1641 572 Atque
1657 537 1702 564 hic

913 587 1022 624 quidem
1042 587 1149 614 volebat
1169 585 1231 620 fuga
1248 585 1329 612 saluti
1357 583 1499 612 consulere
1525 592 1531 610 :
1559 587 1587 610 at
1608 590 1702 617 persu-

913 641 1011 669 quens,
1038 633 1106 660 nihil
1120 631 1278 663 desistebat,
1298 634 1344 657 aut
1370 631 1437 657 iram
1455 629 1590 657 moderari
1610 628 1702 656 stude-

915 680 971 707 bat.
987 678 1058 712 Quid
1076 685 1140 705 vero
1153 684 1295 704 necessum
1313 679 1353 704 est
1369 676 1447 710 plura
1458 675 1569 702 dicere?
1585 674 1642 702 Hoc
1658 681 1703 701 sa—

914 726 967 757 tis;
995 725 1143 751 irruentem
1175 723 1263 754 illum,
1289 722 1381 750 statim
1395 721 1511 748 alterum
1527 720 1617 756 gladio
1632 719 1705 747 ceci-

914 772 998 799 disse.
1024 773 1112 805 Atque
1126 770 1149 797 is
1167 769 1277 804 quidem
1301 768 1414 803 supplex
1431 767 1527 795 orabat
1540 768 1703 802 proximum,

914 823 1066 851 manusque
1079 815 1216 850 supplices
1231 813 1368 841 tendebat.
1384 813 1421 840 Ac
1436 813 1546 848 quidem
1575 811 1705 839 olferebat

916 862 1185 896 vestem,solumque
1208 861 1270 888 vita).
1295 860 1486 887 remissionem
1502 859 1642 894 poscebat.
1670 859 1705 885 At

916 909 960 936 ille
972 908 1092 943 perstitit
1106 907 1224 934 infracto
1238 906 1340 938 animo,
1357 913 1408 932 nec
1431 905 1532 934 eodem,
1551 912 1644 932 secum
1659 912 1705 939 ge-

916 962 981 982 nere
994 958 1036 982 est
1049 954 1212 984 miseratus;
1230 953 1272 980 vel
1288 960 1318 980 se
1330 952 1430 987 ipsum,
1448 952 1553 979 ratione
1566 950 1704 985 imaginis,

915 1001 944 1028 in
968 1008 1001 1028 eo
1026 1000 1113 1028 voluit
1137 1000 1290 1034 inspectare
1313 1008 1319 1025 :
1341 999 1395 1025 imo
1419 1001 1548 1031 tauquam
1576 996 1705 1023 immanis

916 1046 1015 1078 bellua,
1029 1045 1118 1081 gladio
1132 1045 1236 1072 laniare
1245 1044 1328 1080 cmpit
1341 1044 1389 1079 (6).
1405 1043 1459 1070 Sed
1474 1046 1500 1070 et
1516 1042 1583 1075 jam,
1595 1042 1704 1077 corpori

916 1092 958 1119 sui
980 1092 1064 1119 simili
1090 1099 1121 1119 os
1152 1091 1310 1119 admoverat
1325 1100 1331 1117 :
1349 1093 1425 1116 tanto
1452 1088 1588 1123 siquidem
1613 1087 1706 1115 furore

915 1141 1064 1170 exarserat,
1077 1141 1191 1172 eratque
1201 1137 1303 1168 videre,
1321 1136 1438 1163 alterum
1452 1135 1561 1170 quidem
1576 1134 1705 1169 injuriam

915 1194 1044 1222 passum;
1073 1187 1187 1212 alterum
1214 1192 1289 1217 vero,
1316 1183 1445 1218 deinceps
1470 1181 1644 1217 spoliantem,
1673 1188 1706 1208 ac

915 1239 1003 1266 neque
1017 1235 1089 1258 terra
1101 1230 1267 1266 operientem
1281 1236 1391 1263 corpus,
1410 1228 1482 1263 quod
1499 1231 1574 1255 veste
1585 1226 1706 1254 nudave-

915 1281 968 1304 rat.
984 1277 1024 1304 Ad
1051 1277 1110 1304 haec
1126 1282 1215 1304 autem
1231 1279 1293 1303 erat
1304 1275 1385 1306 alius,
1402 1274 1460 1310 qui,
1478 1273 1584 1301 furatus
1602 1273 1705 1300 alienas

915 1323 1035 1358 nuptias,
1049 1323 1126 1350 uxori
1143 1322 1259 1357 proximi
1276 1320 1413 1352 illuderet,
1430 1319 1533 1355 quique
1549 1319 1640 1346 cubile
1653 1318 1706 1345 ini-

915 1378 999 1405 quum
1012 1377 1202 1405 perrumpens,
1217 1368 1345 1395 maritum
1362 1367 1511 1402 legitimum
1526 1369 1630 1402 patrem
1647 1365 1705 1392 ﬁeri

916 1416 1004 1444 velet.
1033 1415 1101 1442 Hinc
1123 1414 1266 1450 tragmdiis
1290 1414 1372 1441 etiam
1390 1413 1468 1440 ﬁdem
1493 1413 1595 1440 habere
1619 1410 1704 1445 coepi1

916 1463 1063 1497 putavique
1088 1461 1175 1489 fuisse
1203 1468 1298 1488 revera
1324 1467 1431 1488 cumam
1455 1458 1624 1494 Thyesta-am
1639 1458 1677 1493 (7)
1690 1467 1704 1486 -:

916 1508 1019 1535 credidi
1046 1515 1110 1535 vero
1127 1507 1227 1541 iniqua:
1243 1506 1381 1533 OEuomaai
1406 1505 1546 1540 cupiditati
1573 1505 1611 1540 (8)
1625 1525 1632 1536 ,
1655 1512 1705 1531 nec

917 1554 1044 1582 fraternae
1059 1554 1098 1589 (9)
1111 1561 1157 1588 per
1174 1553 1276 1580 ferrum
1292 1552 1460 1579 contentioni
1476 1551 1555 1578 ﬁdem
1568 1551 1703 1578 subtraxi.

917 1601 1066 1628 Tantarum
1084 1608 1149 1634 ergo
1172 1599 1323 1633 taliumque
1338 1605 1428 1626 rerum
1450 1600 1587 1632 spectator
1603 1596 1704 1628 factus,

916 1646 986 1681 coepi
1008 1646 1148 1682 requirere
1177 1644 1247 1672 unde
1271 1645 1328 1671 haec
1350 1648 1441 1671 essent
1458 1653 1464 1670 :
1481 1642 1618 1678 quodnam
1642 1650 1706 1670 vero

915 1694 997 1721 etiam
1011 1701 1043 1721 ea
1069 1692 1233 1728 principium
1258 1691 1435 1721 habuissent;
1452 1690 1548 1725 quisve
1577 1693 1653 1716 tanta
1677 1689 1706 1716 iu

916 1738 1040 1765 homines
1056 1737 1166 1764 molitus
1177 1740 1251 1764 esset
1264 1745 1270 1763 :
1287 1736 1360 1763 unde
1368 1736 1449 1763 etiam
1461 1743 1557 1763 eorum
1572 1735 1704 1767 inventio,

917 1784 1012 1818 quisve
1035 1783 1129 1809 talium
1144 1783 1240 1810 doctor
1256 1781 1363 1811 fuisset.
1380 1782 1419 1808 Ac
1442 1789 1522 1809 nemo
1537 1781 1645 1816 quidem
1669 1786 1707 1808 ta-

917 1830 983 1856 lium
1000 1833 1139 1856 auctorem
1164 1827 1250 1855 Deum
1276 1827 1402 1855 habuerit
1418 1827 1525 1860 dicere;
1550 1827 1596 1854 sed
1618 1834 1706 1862 neque

917 1875 951 1902 ab
961 1882 994 1902 eo
1013 1875 1123 1906 habere,
1141 1881 1195 1909 quo
1207 1873 1261 1901 sint
1277 1879 1303 1900 et
1317 1873 1479 1901 consistant.
1495 1873 1547 1906 Qui
1561 1872 1634 1900 enim
1663 1876 1706 1901 ta-

916 1921 952 1948 lia
976 1921 1010 1948 de
1035 1919 1091 1948 Deo
1113 1920 1233 1954 cogitare
1248 1919 1373 1946 licuerit?
1395 1918 1442 1954 qui
1466 1926 1532 1946 sane
1551 1919 1641 1946 bonus
1663 1923 1706 1946 est

917 1971 1065 2002 auctorque
1080 1966 1241 1999 meliorum;
1255 1966 1298 1992 cui
1316 1973 1368 1992 nec
1381 1965 1530 2000 quidquam
1546 1965 1605 1992 vitii
1624 1965 1705 1998 insit;

917 2015 963 2043 Sed
975 2022 1063 2050 neque
1075 2013 1174 2041 talibus
1189 2015 1284 2047 suapte
1296 2011 1354 2046 ipse
1364 2016 1462 2039 natura
1477 2011 1596 2047 gaudere
1606 2011 1705 2046 possit,

916 2061 973 2088 ﬁeri
987 2067 1050 2088 vero
1062 2059 1202 2095 prohibeat
1218 2067 1225 2085 :
1243 2057 1331 2092 iisque
1347 2057 1507 2092 gaudentes,
1525 2057 1647 2092 rejiciat;
1666 2057 1706 2084 l‘u~

916 2108 1019 2142 gienles
1046 2112 1146 2134 autem.
1163 2109 1289 2140 acceptos
1303 2105 1412 2132 habeat.
1424 2104 1476 2137 Qui
1504 2112 1570 2132 vero
1588 2112 1644 2131 non
1656 2105 1704 2131 ali-

917 2153 1041 2186 surdum,
1061 2156 1091 2180 ut
1106 2159 1202 2180 eorum
1219 2151 1291 2179 Deus
1317 2154 1412 2178 auctor
1436 2150 1538 2183 audiat,
1568 2158 1628 2185 quae
1647 2150 1705 2184 ipse

908 2258 989 2298 'rcnt,
1007 2273 1056 2293 ceu
1078 2265 1230 2300 prmcipuas
1251 2265 1358 2300 epulas,
1375 2263 1500 2300 convivio
1517 2262 1659 2300 vorabant,
1676 2267 1705 2288 ut

917 2302 944 2327 in
966 2297 1097 2328 relatione
1117 2297 1211 2328 rerum
1234 2297 1355 2335 ipsorum
1376 2298 1507 2327 Claudius
1532 2297 1702 2327 Abbavilan,

916 2336 982 2363 0rd.
1000 2336 1064 2363 Min.
1078 2336 1238 2371 capucinus.

953 2371 990 2406 (7)
1005 2365 1120 2406 Cwnum'
1130 2371 1304 2406 Thyestwam.
1320 2369 1357 2396 Τὸ
1372 2368 1513 2396 Θυέστειον
1527 2367 1643 2394 δεῖπνον.
1660 2365 1705 2394 Sic

916 2406 994 2434 Ovid.
1012 2415 1045 2433 xv
1060 2405 1191 2434 Melamf:

988 2440 1057 2468 Neue
1073 2441 1215 2476 Tliyestwis
1230 2441 1390 2467 cumulemus
1405 2439 1503 2476 viscere
1517 2438 1624 2476 mensis.

916 2476 956 2538 lie
971 2477 1023 2538 hac
1039 2474 1157 2512 Thyeste
1175 2481 1201 2504 et
1214 2477 1298 2503 Atreo
1316 2476 1410 2507 fratre,
1426 2474 1536 2502 Servius
1556 2474 1590 2499 ad
1611 2481 1619 2500 I
1636 2476 1664 2500 et
1686 2480 1706 2500 il

941 2520 995 2538 *ΠΜ
1019 2532 1025 2538 .

941 2520 1025 2538 mem.

953 2548 991 2582 (8)
1007 2547 1109 2581 Iniqua:
1135 2545 1271 2573 (Enomtei
1296 2545 1444 2580 cupiditati.
1461 2544 1542 2582 Forte
1562 2542 1704 2570 (Enomai.

917 2580 986 2609 Fuit'
996 2585 1018 2609 is
1035 2582 1220 2617 Hippodamiae
1235 2585 1320 2615 pater,
1339 2589 1354 2607 a
1371 2581 1451 2615 cujus
1470 2580 1569 2607 marito
1590 2586 1706 2617 cum_s_e

917 2613 1097 2644 occidendum
1117 2625 1150 2644 ex
1171 2613 1283 2644 oraculo
1305 2613 1457 2647 didicisset,
1478 2622 1564 2650 eaque
1581 2621 1595 2640 a
1613 2613 1706 2650 multis

918 2654 1078 2685 ambiretur,
1101 2653 1241 2688 proposito
1268 2649 1545 2688 certamineAcuruli,
1573 2649 1704 2688 tredecim

918 2688 1017 2716 occidit
1031 2689 1090 2723 ejus
1102 2686 1216 2723 procos,
1229 2688 1316 2723 donec
1327 2687 1416 2723 victus
1430 2686 1488 2723 ipse
1501 2691 1544 2714 est
1558 2690 1585 2723 et
1595 2686 1705 2712 occisus

918 2732 934 2750 a
945 2721 1055 2759 Pelope;
1069 2721 1174 2750 Tantali
1190 2723 1256 2755 ﬁlio,
1272 2721 1382 2758 Myrtilo
1398 2722 1492 2756 auriga
1505 2721 1594 2782 gratio
1608 2728 1705 2748 corru-

920 2763 965 2782 ntn
980 2764 1007 2782 et
1019 2759 1197 2782 subnectenle
1210 2759 1332 2782 inﬁrmos
1346 2764 1421 2782 axes.
1438 2761 1490 2782 etc.
1525 2757 1595 2782 trab.
1612 2756 1630 2782 ι.
1644 2763 1704 2782 νιιι.

919 2763 965 2794 pto
980 2756 1197 2787 et‘subnectente
1210 2756 1332 2785 inﬁrmos
1346 2761 1490 2794 axes,_etc.
1505 2756 1595 2794 Strab.
1612 2756 1630 2782 ι.
1644 2763 1704 2782 νιιι.

918 2790 1008 2821 hlium
1024 2794 1155 2821 Homerus
1170 2796 1363 2821 commemorat
1376 2792 1496 2819 occisum
1513 2791 1547 2818 ab
1563 2790 1688 2818 Hectore.

954 2830 992 2864 (9)
1008 2829 1064 2856 Nec
1078 2829 1214 2864 fraterno),
1238 2833 1290 2856 etc.
1306 2828 1420 2864 Videtur
1430 2827 1551 2864 Remum
1561 2831 1588 2853 et
1603 2825 1704 2864 [lpum-

919 2861 989 2897 lum,
1002 2861 1117 2901 quorum
1131 2866 1196 2892 alter
1211 2867 1325 2891 mortem
1341 2863 1417 2890 l'ratri
1433 2862 1576 2894 conscivit,
1589 2861 1702 2888 referre.
