1920 3070
220 114 273 141 9λῖ

711 115 740 143 S.
760 115 927 145 METIIODII
946 117 1100 146 EPISCOPI
1120 119 1163 146 ET
1184 119 1361 148 MARTYRIS

1786 119 1842 147 258

221 178 363 201 aversatur
387 177 414 201 et
438 173 583 208 repudiat?
598 173 691 209 Neque
717 176 789 202 enim
813 184 866 203 non
890 177 1002 204 voluerit

1057 179 1206 213 ᾳεύγοντας
1220 180 1289 206 αὐτὰ
1306 179 1454 215 προσίεται.
1475 179 1529 206 Καὶ
1549 178 1606 210 πῶς
1622 179 1670 205 οὐκ
1685 177 1788 204 ἄτοπον
1808 176 1844 213 ἦν

221 227 292 251 esse,
307 219 330 246 si
342 219 451 253 quidem
463 219 567 253 primus
580 219 637 254 ipse
654 220 745 255 opifex
762 221 822 249 fuit.
841 222 904 250 Vult
923 224 1005 259 siqui.

220 265 280 291 dem
298 267 339 296 ut,
366 264 399 290 ad
423 264 513 299 ipsum
539 265 709 297 accedentes.
738 267 826 302 ipsius
853 269 1003 298 imitatores

220 310 294 336 ﬁant.
307 309 397 342 Quare
413 310 532 338 alienum
548 320 563 338 a
578 313 685 341 ratione
701 313 774 346 duxi.
795 316 840 342 illa
862 316 917 344 Deo
931 317 1004 345 alliu-

219 363 296 390 gere;
313 359 358 382 aut
371 360 499 391 tanquam
512 357 546 384 ab
560 366 592 385 eo
608 357 812 395 facta'aecipere
826 371 832 388 :
847 370 1003 398 quanquam

219 400 337 427 maxime
366 402 568 429 concedendum
583 403 619 430 sit
642 404 715 438 (10),
738 413 817 439 posse
843 408 945 442 aliquid
970 416 1003 436 ex

219 445 305 472 nihilo
321 445 389 477 ﬁeri.
406 447 429 473 si
453 448 562 482 quidem
583 448 654 476 Deus
684 454 727 485 (ex
752 452 808 487 illo)
837 453 901 480 fecit
920 455 1001 481 mala.

219 490 286 517 Nam
302 491 349 526 qui
360 491 423 518 fecit
436 500 469 519 ex
486 494 581 527 nihilo,
605 502 660 521 non
674 495 730 530 jam
759 498 830 524 ultra
846 498 873 525 in
889 499 1003 527 nihilum

220 539 362 574 redigeret.
379 540 534 575 iterumque
549 541 709 569 necessitate
724 542 866 571 dicendum
876 565 883 576 ,
908 545 1001 578 fuisse,

220 584 329 618 quando
344 584 414 613 Deus
438 586 516 613 malis
543 585 735 620 delectaretur,
756 596 816 623 qua:
845 589 925 617 modo
949 599 1002 618 non

219 631 336 665 placent.
354 631 444 665 Quare
468 641 522 660 non
551 634 677 666 arbitror,
708 642 787 670 posse
813 635 865 662 hec.
894 636 946 663 dici
969 637 1003 664 de

220 677 287 704 Deo.
303 678 426 705 Alienum
443 680 540 714 quippe
554 684 595 707 est
607 681 641 708 ab
655 681 716 715 ejus
731 686 837 713 natura,
857 685 886 708 ut
900 682 951 709 hoc
964 683 1003 710 iili

219 725 372 752 conveniat.
400 724 559 753 Existimavi
586 735 650 761 ergo
673 735 734 755 esse
759 728 860 763 aliquid
887 729 959 764 quod
978 731 1004 757 ei

220 770 378 802 coexsistat.
405 771 507 798 dictum
532 773 664 804 materia;
684 781 717 800 ex
745 781 797 808 qua
815 774 930 808 sapienti
946 779 1004 803 arte

220 815 380 843 discernens
396 823 427 842 ac
438 816 550 851 pulchre
565 825 712 850 exornans,
724 827 768 846 res
783 820 950 854 condiderit;
971 829 1003 848 ex

1057 225 1101 252 τὸν
1117 225 1182 252 Θεὸν
1197 225 1298 252 τούτων
1312 225 1401 258 λέγειν
1417 223 1486 252 εἶναι
1503 224 1676 260 δημιουργὸν,
1691 224 1736 251 τὸν
1753 223 1846 250 ταῦτα

1058 271 1269 307 παραιτούμενον
1280 280 1286 303 ;
1297 271 1363 298 Οὐδὲ
1375 271 1428 306 γὰρ
1441 270 1474 297 ἂν
1488 270 1611 297 ἐϐούλετο
1627 270 1665 305 μὴ
1679 267 1747 296 εἶναι
1760 269 1845 299 αὐτὰ,

1056 320 1080 345 εξ
1094 318 1199 354 πρῶτος
1214 317 1302 345 αὐτῶν
1319 317 1430 353 ποιητὴς
1446 318 1566 353 ὑπῆρχεν
1587 317 1676 348 αὑτός.
1699 316 1771 347 Ἰῖοὺς
1788 315 1846 349 γὰρ

1058 365 1218 400 προσιόντας
1228 363 1302 398 αὐτῷ
1313 363 1433 399 μιμητὰς
1441 363 1523 390 αὑτοῦ
1536 363 1656 398 γίνεσθαι
1667 362 1747 389 θέλει.
1759 360 1847 387 Ὅθεν

1057 411 1151 444 ἄλογον
1168 410 1255 443 ἔδοξεν
1268 409 1336 436 εἶναί
1355 418 1399 445 μοι
1422 409 1506 435 ταῦτα
1526 409 1693 444 προσάπτειν
1708 408 1746 442 τῷ
1768 406 1845 442 Θεῷ,

1057 457 1073 492 ἢ
1086 457 1123 488 ὡς
1135 457 1163 489 ἐξ
1179 456 1260 483 αὐτοῦ
1274 457 1449 490 γεγονότα,...
1463 457 1486 482 εἰ
1499 455 1546 482 καὶ
1558 455 1593 482 τὰ
1608 455 1723 491 μάλιστα
1738 462 1848 488 συγχω·

1058 503 1139 538 ρῆσαι
1154 503 1203 534 δεῖ,
1219 501 1249 534 ἐξ
1261 502 1310 528 οὐκ
1320 502 1403 528 ὄντων
1414 501 1523 528 δυνατὸν
1533 499 1602 528 εἷναί
1613 510 1638 527 τι
1650 499 1782 535 γίνεσθαι,
1800 500 1848 526 ὅτι

1057 549 1102 574 καὶ
1116 548 1150 574 τά
1165 548 1237 574 κακά
1260 547 1387 582 ἐποίησεν
1411 548 1490 579 αὑτός
1501 556 1507 563 ·
1527 548 1541 574 ὁ
1559 547 1614 583 γὰρ
1626 547 1658 573 ἐκ
1672 545 1718 573 τοῦ
1737 546 1789 572 οὐκ
1806 542 1850 571 εἶ-

1056 602 1100 620 ναι
1115 594 1155 624 εἰς
1170 593 1200 619 τὺ
1219 591 1287 619 εἶναι
1302 592 1371 619 αὐτὰ
1387 594 1503 628 ποιήσας
1523 593 1573 618 οὐκ
1596 591 1629 618 ἂν
1651 592 1683 618 ὲκ
1705 590 1752 617 τοῦ
1771 587 1849 616 εἶναι

1057 640 1096 670 εἰς
1107 639 1137 666 τὸ
1155 639 1252 674 μηκέτι
1268 637 1336 666 εἶναι
1352 639 1431 666 αὐτά.
1447 639 1531 666 Πάλιν
1553 638 1583 664 τέ
1607 646 1657 664 που
1675 637 1781 671 ἀνάγκη
1799 636 1850 662 λέ-

1057 693 1124 719 γειν,
1141 685 1179 716 ὡς
1193 683 1226 720 ἦν
1244 694 1308 711 ποτε
1331 685 1435 720 καιρὸς,
1457 685 1500 711 ὅτε
1520 685 1576 716 τοῖς
1595 684 1688 715 κακοῖς
1703 683 1815 718 ἔχαιρεν
1834 683 1850 708 ὸ

1057 732 1132 763 Θεός”
1158 732 1205 759 νῦν
1220 732 1248 759 δὲ
1271 732 1321 759 οὐκ
1341 731 1408 759 ἔστι.
1433 731 1532 767 Διόπερ
1555 730 1685 758 ἀδύνατον
1704 728 1773 756 εἶναί
1797 738 1849 766 μοι

1057 777 1129 804 δοκεῖ
1141 777 1231 811 λέγειν
1255 777 1335 803 τοῦτο
1355 777 1420 813 περὶ
1439 776 1518 803 Θεοῦ.
1546 776 1690 803 Ἀνοίκειον
1713 775 1767 810 γὰρ
1793 775 1850 810 τῆς

1058 822 1164 858 φύσεως
1191 822 1272 851 αὐτοῦ
1295 823 1373 850 τοῦτο
1399 823 1599 858 προσαρμόζειν
1627 821 1711 856 αὐτῷ.
1742 821 1850 856 Διόπερ

220 871 273 898 qua
291 867 317 891 et
337 864 407 891 mala
422 864 547 891 videntur
573 869 643 893 orta.
659 866 727 893 Cum
747 866 820 894 enim
839 867 884 894 illa
898 871 925 895 et
942 868 1002 896 sine

1057 869 1126 902 ἔδοξέ
1141 869 1196 905 (12)
1213 878 1258 905 μοι
1275 870 1457 904 συνυπάρχειν
1470 878 1495 895 τι
1511 867 1584 903 αὐτῷ
1600 864 1622 901 ᾦ
1636 867 1753 902 τοῦνομα
1770 867 1848 899 ὕλη,

220 909 350 942 qualitate
364 913 391 937 et
403 909 527 938 informis
539 911 701 945 exsisteret;
717 912 748 939 ad
763 913 820 940 haec
834 921 908 946 vero.
921 915 1003 942 etiam

220 954 370 982 inordinate
388 954 505 982 ferretur
522 955 623 991 Deique
639 961 697 984 arte
723 957 864 993 indigeret,
882 967 937 987 non
958 961 1003 988 in-

219 1000 286 1027 vidit
309 1001 382 1035 ipse.
398 1008 485 1036 neque
509 1002 545 1028 ita
561 1010 668 1037 semper
695 1005 819 1038 permisit
847 1005 928 1038 ferri,
955 1006 1004 1034 sed

219 1046 361 1074 elaborare
379 1047 472 1082 cwpit,
489 1048 645 1083 optimaque
667 1049 702 1076 ab
725 1051 785 1084 ejus
810 1052 936 1085 pessimis
961 1060 1004 1080 se-

219 1100 332 1120 cernere
359 1093 460 1127 voluit;
487 1097 568 1128 atque
600 1094 648 1124 ita.
676 1103 844 1131 quaecunque
862 1097 946 1124 Deum
970 1106 1004 1126 ex

218 1137 264 1164 illa
290 1145 436 1172 procreare
466 1137 595 1170 decebat,
625 1139 804 1173 procreavit;
836 1148 1005 1176 quaecunque

217 1191 299 1215 vero,
333 1187 364 1210 ut
393 1184 475 1211 verbo
506 1183 606 1217 dicam,
636 1184 731 1212 habuit
758 1184 920 1218 faeculenta,
955 1195 1004 1214 ceu

218 1229 308 1264 inepta
318 1229 437 1265 opiﬁcio,
451 1230 542 1264 qualia
558 1234 647 1262 erant.
668 1231 736 1258 nihil
750 1231 801 1266 ipsi
821 1233 909 1264 utilia,
924 1233 1003 1261 dore-

218 1275 298 1310 liquit
319 1285 325 1302 :
346 1284 378 1303 ex
401 1275 501 1310 quibus
523 1275 604 1303 modo
619 1276 691 1310 apud
714 1277 840 1306 homines
865 1279 935 1305 mala
961 1279 1004 1306 in-

217 1321 301 1349 ﬂuere
317 1322 373 1357 (ll)
388 1321 517 1349 arbitror.
535 1314 580 1348 Sic
594 1322 662 1349 bene
676 1322 763 1350 visum
777 1327 819 1352 est
833 1324 944 1352 sentire.
962 1324 1003 1351 Tu

216 1374 301 1398 vero,
331 1368 434 1399 amice,
471 1368 493 1394 si
521 1368 586 1402 quid
617 1368 708 1396 minus
740 1374 813 1397 recte
842 1370 943 1397 dictum
963 1371 1004 1398 vi-

217 1413 324 1445 deatur,
342 1421 491 1449 suggerens
510 1415 636 1450 loquere;
667 1416 746 1450 plane
770 1416 842 1443 enim
857 1425 888 1444 ea
910 1418 1005 1446 audire

217 1460 351 1488 desidero.

1056 916 1084 949 ὲξ
1100 914 1134 952 ἧς
1150 916 1183 942 τὰ
1197 915 1261 942 ὄντα
1275 914 1489 951 ἐδημιούργησε,
1505 914 1588 950 τέχνῃ
1605 914 1672 948 σοφῇ
1688 912 1848 949 διακρίνας,

1056 963 1103 989 καὶ
1126 962 1311 998 διακοσμήσας
1333 961 1433 992 καλῶς,
1457 960 1486 993 ἐξ
1510 958 1544 996 ἦς
1559 961 1606 987 καὶ
1626 960 1660 986 τὰ
1677 960 1750 987 κακὰ
1771 959 1849 985 εἶναι

1055 1009 1138 1035 δοκεῖ.
1156 1008 1263 1034 Ἀποίου
1275 1016 1303 1034 τε
1317 1007 1370 1043 γὰρ
1387 1007 1433 1034 καὶ
1441 1007 1644 1042 ἀσχηματίστου
1655 1005 1737 1040 οὔσης
1745 1005 1848 1040 αὐτῆς,

1057 1054 1125 1090 πρὸς
1135 1054 1163 1080 δὲ
1182 1054 1287 1085 τούτοις
1297 1053 1344 1080 καὶ
1357 1053 1482 1085 ἀτάκτως
1496 1053 1659 1089 φερομένης,
1670 1052 1801 1087 δεομένης
1815 1059 1850 1076 τε

1055 1101 1104 1136 τῆς
1117 1100 1162 1126 τοῦ
1177 1100 1245 1126 Θεοῦ
1264 1100 1372 1135 τέχνης,
1390 1100 1439 1126 οὐκ
1452 1099 1598 1135 ἐφθόνησεν
1613 1094 1701 1129 οὗτος,
1719 1096 1781 1123 οὔτε
1798 1096 1850 1123 διὰ

1055 1147 1155 1178 παντὸς
1178 1147 1323 1173 κατέλιπεν
1340 1146 1423 1182 αὐτὴν
1444 1145 1516 1172 οὕτω
1539 1145 1678 1181 φέρεσθαι,
1701 1143 1769 1171 ἁλλά
1793 1143 1848 1178 δη-

1056 1193 1194 1227 μιουργεῖν
1214 1192 1322 1226 ἤρχετο,
1339 1191 1385 1217 καὶ
1407 1190 1460 1216 ἀπὸ
1473 1189 1526 1216 τῶν
1548 1189 1690 1224 χειρίστων
1707 1188 1792 1222 αὐτῆς
1810 1187 1850 1214 τὰ

1055 1237 1184 1263 κάλλιστα
1195 1237 1346 1270 διακρίνειν
1358 1236 1446 1272 ἤθελε·
1459 1236 1505 1262 καὶ
1517 1234 1604 1266 οὕτως
1614 1233 1847 1269 ἐδημιούργησεν,

1054 1283 1104 1311 ὅσα
1121 1282 1150 1314 ἐξ
1174 1282 1260 1317 αὐτῆς
1275 1283 1379 1317 ἥρμοζε
1402 1282 1461 1317 Θεῷ
1484 1282 1658 1317 δημιουργεῖν
1671 1288 1677 1294 ·
1695 1279 1729 1306 τὰ
1752 1279 1774 1305 δ’
1791 1279 1847 1304 ὅσα

1056 1328 1086 1361 ἐξ
1099 1328 1183 1363 αὐτῆς
1196 1328 1248 1362 (ὡς
1260 1328 1323 1359 ἔπος
1339 1327 1446 1363 εἰπεῖν,)
1457 1327 1582 1363 τρυγὼδη
1590 1326 1731 1361 ἐτύγχανε,
1743 1324 1848 1355 ταῦτα,

1056 1374 1214 1409 ἀνάρμοστα
1231 1373 1294 1400 ὄντα
1317 1374 1384 1409 πρὸς
1403 1372 1592 1408 δημιουργίαν,
1612 1372 1649 1402 ὡς
1672 1369 1739 1406 εἶχε,
1761 1369 1849 1396 κατέ-

1055 1420 1128 1452 λιπε,
1140 1420 1199 1446 κατ’
1217 1419 1291 1446 οὐδὲν
1311 1419 1385 1454 αὐτῷ
1404 1419 1594 1454 προσήκοντα”
1611 1417 1640 1449 ἐξ
1656 1414 1692 1443 ὧν
1706 1417 1779 1443 δοκεῖ
1798 1424 1848 1450 μοι

1057 1465 1104 1491 νῦν
1125 1465 1199 1500 παρὰ
1215 1464 1368 1501 ἀνθρώποις
1388 1465 1511 1500 ἐπαίρειν
1526 1463 1560 1490 τὰ
1577 1463 1649 1490 κακά
1663 1463 1729 1498 (I3).
1749 1462 1849 1492 Οὕτως

217 1508 290 1541 ἔδοξέ
304 1517 349 1544 μοι
363 1506 392 1535 εὖ
405 1509 476 1544 ἔχειν
489 1510 605 1544 φρονεῖν.
621 1510 656 1536 Σὺ
669 1510 708 1541 δὲ,
724 1507 746 1536 ὦ
763 1511 832 1545 φίλε,
846 1511 872 1538 εἴ
884 1511 944 1538 τινὰ
958 1520 998 1538 σοι
1021 1513 1094 1539 δοκεί
1124 1513 1264 1549 μὴικαλῶς
1275 1513 1402 1548 εἰρῆσθαι
1416 1513 1482 1548 πρὸς
1500 1511 1579 1547 ἐμοῦ,
1613 1510 1755 1546 ἀναφέρων
1767 1509 1847 1543 λέγε,

217 1557 265 1583 καὶ
281 1557 350 1583 πάνυ
364 1556 427 1592 περὶ
440 1556 541 1583 τούτων
553 1557 660 1584 ἀκούειν
674 1557 759 1585 ποθῶ.

253 1601 356 1630 ORTll.
376 1601 506 1637 Equidem
522 1607 660 1638 acceptam
677 1603 774 1637 habeo,
787 1604 883 1635 amice,
904 1604 1002 1632 alacri-

1094 1603 1212 1632 ΟΡΘΟΔ.
1227 1603 1282 1639 Τὴν
1298 1604 1346 1638 μὲν
1359 1602 1513 1638 προθυμίαν
1532 1601 1698 1637 ἀποδέχομαι
1713 1600 1761 1636 τὴν
1781 1601 1847 1637 σὴν,

216 1652 298 1676 tatem
312 1652 396 1680 tuam,
406 1648 579 1683 studiumque
595 1649 660 1676 illud
680 1654 754 1677 tuum
766 1652 838 1678 circa
851 1651 1002 1679 doctrinam

218 1694 309 1721 laudo.
324 1694 402 1726 Quod
416 1701 496 1728 porro
514 1694 549 1720 ita
561 1694 594 1721 de
610 1695 691 1722 rebus
708 1697 887 1728 existimasti,
913 1702 943 1724 ut
957 1706 1003 1725 eas

218 1739 290 1767 Deus
303 1748 336 1767 ex
350 1741 504 1774 pnejacenti
521 1741 609 1775 aliqua
622 1742 775 1769 substantia
788 1743 932 1775 creaverit,
949 1752 1002 1771 non

217 1793 331 1819 prorsus
345 1786 573 1820 reprehenderim.
605 1787 709 1815 Revera
724 1788 796 1815 enim
814 1788 851 1815 ita
867 1788 957 1821 habet,
974 1794 1003 1817 ut

217 1835 294 1859 ortus
308 1832 452 1864 malorum,
465 1832 492 1859 in
504 1833 530 1859 id
542 1841 639 1860 sensus
657 1834 758 1860 multos
779 1834 927 1869 impulerit.
942 1835 1004 1862 Ete-

217 1877 273 1903 nim
297 1881 360 1905 ante
389 1878 495 1910 ambos,
513 1879 563 1905 viri
591 1879 681 1913 plures
707 1880 848 1907 sullicienti
867 1881 1001 1914 doctrina,

216 1924 364 1951 maximam
383 1932 414 1951 ea
441 1925 473 1952 de
498 1933 528 1952 re
543 1926 720 1960 quaestionem
740 1931 891 1955 moverunt.
910 1922 1003 1963 'Atque

217 1971 263 1996 alii
276 1971 385 2005 quidem
397 1991 404 2002 ,
420 1971 468 1998 tibi
485 1971 586 1998 similia
598 1972 840 2006 existimaverunt;
871 1973 916 2000 alii
938 1981 1002 2001 vero

218 2015 312 2045 Deum.
327 2024 422 2043 eorum
437 2021 575 2043 auctorem
594 2017 815 2051 pronuntiarunt,
834 2025 951 2044 coaavam
977 2018 1003 2045 ei

217 2062 398 2089 substantiam
423 2063 564 2098 assignare
593 2063 695 2091 veriti:
721 2063 759 2090 illi
788 2068 899 2094 contra,
929 2064 1001 2099 quod

217 2107 301 2134 Deum
316 2107 449 2134 malorum
464 2112 602 2134 auctorem
620 2108 709 2135 dicere
722 2114 889 2140 vererentur,
904 2117 1004 2136 concc-

217 2154 332 2181 dcndam
350 2159 479 2188 putarunt
491 2155 631 2181 materiam
645 2163 772 2182 coaevam.
794 2155 912 2190 Contigit
925 2163 1000 2187 vero,

217 2206 246 2227 ut
258 2201 347 2228 neutri
365 2201 514 2228 secundum
530 2201 587 2228 veri
607 2202 747 2229 scientiam
763 2201 846 2229 Dcum
864 2202 1000 2234 timentes.

217 2247 286 2274 bene
305 2246 434 2274 dixerint.
462 2247 514 2273 Alii
539 2251 646 2279 autem,
676 2248 810 2284 principio
843 2248 942 2280 etiam,
969 2248 1003 2275 de

1058 1648 1079 1676 ὦ
1098 1651 1168 1685 φίλε,
1186 1650 1232 1676 καὶ
1243 1649 1290 1676 σοῦ
1305 1650 1369 1685 περὶ
1379 1650 1425 1675 τὸν
1439 1649 1517 1683 λόγον
1534 1648 1648 1683 σπουδὴν
1661 1648 1775 1674 ἐπαινῶ·
1790 1648 1806 1674 ὃ
1816 1648 1848 1675 δὲ

1057 1698 1121 1732 περὶ
1134 1696 1187 1723 τῶν
1199 1697 1282 1723 ὅντων
1297 1695 1368 1722 οὕτω
1384 1695 1514 1730 διετέθης,
1530 1694 1568 1726 ὡς
1579 1695 1631 1730 ἄρα
1649 1694 1679 1726 ἐξ
1694 1695 1849 1729 ὑποκειμέν

1057 1750 1105 1776 νης
1126 1741 1197 1772 τινὸς
1218 1741 1310 1771 οὐσίας
1328 1740 1414 1766 ταῦτα
1438 1739 1652 1774 ἐδημιούργησεν
1675 1739 1689 1764 ὁ
1712 1738 1790 1770 Θεὸς,
1811 1739 1846 1764 οὐ

1057 1788 1126 1814 πάνυ
1145 1795 1171 1813 τι
1193 1786 1346 1821 μέμφομαι.
1376 1785 1418 1816 Ὠς
1434 1784 1541 1820 ἀληθῶς
1563 1784 1617 1820 γὰρ
1672 1784 1726 1810 τῶν
1749 1785 1847 1811 κακῶν

1057 1831 1162 1865 γένεσις
1175 1832 1237 1863 τοὺς
1251 1831 1363 1868 πολλοὺς
1374 1830 1527 1864 διατεθῆναι
1546 1831 1626 1856 ποιεῖ.
1644 1830 1699 1857 Καὶ
1716 1830 1770 1864 γὰρ
1789 1830 1846 1866 πρὸ

1058 1878 1103 1904 σοῦ
1117 1886 1146 1903 τε
1162 1878 1207 1904 καὶ
1222 1877 1288 1913 ἐμοῦ
1306 1877 1397 1904 πολλοί
1410 1885 1481 1906 τινες
1492 1876 1585 1911 ἄνδρες
1600 1876 1686 1903 ἱκανοὶ
1703 1877 1766 1912 περὶ
1781 1876 1847 1903 τοὺ-

1055 1933 1101 1951 του
1123 1925 1172 1960 τὴν
1191 1924 1321 1959 μεγίστην
1344 1924 1454 1959 ζήτησιν
1478 1923 1647 1958 ἐποιήσαντο.
1669 1923 1723 1949 Καὶ
1745 1924 1769 1950 οἱ
1792 1923 1846 1958 μὲν

1056 1971 1155 2006 ὁμοίως
1168 1970 1324 2005 διετέθησάν
1340 1978 1398 1996 σοι·
1413 1971 1436 1995 οἱ
1458 1969 1480 1995 δ’
1494 1967 1527 1996 αὖ
1543 1969 1623 1995 πάλιν
1636 1969 1681 1996 τὸν
1695 1969 1761 1995 Θεὸν
1781 1969 1846 1995 τοὺ-

1055 2024 1109 2041 των
1128 2015 1292 2051 δημιουργὸν
1313 2015 1495 2050 ἀπεφήναντο,
1515 2013 1660 2049 σύγχρονον
1683 2014 1757 2049 αὐτῷ
1774 2015 1845 2041 ὑπό-

1057 2069 1149 2088 στασιν
1171 2060 1260 2087 δοῦναι
1281 2060 1480 2095 πεφοϐημένοι·
1496 2060 1626 2091 κάκεῖναι,
1647 2059 1678 2086 ἐκ
1693 2060 1741 2085 τοῦ
1758 2060 1847 2095 φοϐη-

1057 2107 1134 2142 θῆναι
1150 2107 1203 2134 τῶν
1224 2107 1316 2133 κακῶν
1336 2106 1450 2141 ποιητὴν
1468 2107 1554 2132 εἰπεῖν
1572 2106 1616 2132 τον
1631 2106 1707 2137 Θεὸν,
1725 2106 1846 2142 σύγχρο-

1056 2161 1100 2179 νον
1114 2152 1187 2187 αὐτῷ
1201 2152 1291 2179 δοῦναι
1307 2151 1356 2187 τὴν
1374 2151 1440 2187 ὕλην
1451 2151 1551 2183 ἔδοξαν.
1565 2152 1619 2178 Καὶ
1638 2152 1735 2187 συνὲὄη
1751 2153 1844 2186 dtu-{,0—

1056 2198 1153 2234 τέροις,
1179 2199 1211 2224 ὲκ
1238 2197 1285 2224 τοῦ
1315 2197 1352 2233 μὴ
1381 2198 1440 2224 κατ’
1469 2198 1622 2233 ἐπιστήμην
1651 2197 1697 2223 τοῦ
1725 2197 1845 2233 ἁληοοῦς

1057 2243 1207 2279 φοϐηθῆναι
1222 2243 1266 2270 τὸν
1280 2243 1355 2274 Θεὸν,
1371 2243 1400 2269 τὸ
1416 2243 1453 2278 μὴ
1469 2243 1558 2274 καλῶς
1574 2244 1671 2269 εἰπεῖν.
1690 2243 1797 2278 ’Έτεροι
1815 2244 1845 2270 δε

217 2301 248 2320 ea
273 2301 302 2320 re
324 2293 499 2328 qurestionem
526 2293 664 2320 vitandam
694 2294 846 2325 duxerunt,
870 2294 943 2321 velut
970 2302 1002 2321 ea

1057 2289 1102 2324 τὴν
1113 2289 1198 2323 ἀρχὴν
1209 2289 1255 2315 καὶ
1272 2289 1333 2323 περὶ
1344 2288 1390 2315 τοῦ
1401 2288 1520 2315 τοιούτου
1533 2289 1623 2323 ζητεῖν
1637 2291 1844 2324 παρῃτήσαντο,

216 2346 270 2366 non
289 2336 400 2365 haberet
418 2339 508 2366 tinem.
529 2339 661 2366 Caeterum
681 2347 735 2366 non
755 2340 820 2366 sinit
849 2340 1001 2366 communis

216 2384 344 2411 amicitia:
363 2385 502 2416 debitum,
520 2388 550 2411 ut
575 2385 633 2420 ipse
659 2386 782 2415 amoliar.
813 2385 856 2411 ubi
884 2385 1001 2412 maxime

216 2430 281 2464 quid
303 2430 351 2456 tibi
371 2430 407 2457 sit
426 2430 509 2457 animi
538 2434 566 2457 tu
596 2431 654 2466 ipse
673 2432 819 2458 annuntias
838 2440 844 2457 :
861 2431 933 2465 quod
961 2431 1001 2458 ni-

215 2477 315 2503 mirum
351 2477 462 2504 minime
494 2480 586 2504 teneat
616 2477 790 2512 praesumptio
824 2477 1001 2512 (quanquam

252 2552 307 2585 (l0)
323 2552 480 2587 Quanquam
493 2553 609 2580 maxime
624 2548 813 2579 concedendam
829 2553 874 2585 sit,
890 2557 942 2580 etc.
955 2553 1001 2580 Vi—

216 2587 295 2613 detur
315 2588 405 2615 littera
428 2589 519 2615 minus
536 2596 622 2615 sana:
642 2587 695 2614 nisi
711 2588 746 2615 sit
766 2588 836 2615 ratio
853 2589 998 2622 peculiaris

216 2623 308 2649 clausa
321 2622 486 2656 parenthesi.
502 2631 517 2649 a
529 2630 582 2658 qua
596 2623 687 2649 statim
705 2623 797 2649 redeat
811 2624 843 2650 ad
858 2623 997 2657 probatio-

217 2665 277 2684 nem
291 2659 436 2691 prrcmissze
451 2659 533 2691 illius,
547 2658 618 2691 quod
632 2658 701 2684 mala
713 2665 768 2684 non
785 2658 899 2685 debeant
913 2658 997 2685 tribui

218 2693 272 2718 Deo
287 2697 315 2718 ut
332 2693 450 2725 auctori;
462 2693 508 2728 qui
525 2694 583 2727 ipse
597 2698 691 2719 auctor
704 2693 848 2728 exsistens,
866 2701 918 2720 non
935 2702 997 2728 age-

217 2731 258 2753 ret
280 2728 312 2754 ad
338 2727 478 2754 malorum,
495 2728 718 2755 destructionem.
738 2727 859 2755 Voluerit
875 2727 1000 2763 ergo,7ad

218 2774 268 2789 μη..
285 2763 466 2794 incommoda,
484 2771 571 2798 neque
587 2763 746 2798 hocrvitari,
774 2769 804 2789 ut
825 2772 858 2790 ne
874 2764 1000 2791 dicantur

218 2802 288 2826 nulla
303 2805 334 2823 ex
358 2798 452 2828 nihilo,
474 2800 496 2824 si
515 2798 624 2831 quidem
642 2797 711 2825 Deus
728 2802 768 2825 est
783 2806 876 2825 eorum
894 2803 998 2825 auctor.

254 2832 308 2868 (li)
330 2831 453 2864 lnﬂucrc.
476 2834 622 2868 Ἐπιρῤεἱν.
640 2833 684 2859 Sic
701 2833 832 2860 Photius:
850 2841 899 2861 vox
915 2834 999 2868 aptis-

1054 2334 1092 2366 ὡς
1106 2335 1155 2360 οὐκ
1172 2334 1278 2368 ἔχοντος
1296 2334 1372 2365 τέλος
1386 2334 1433 2360 τοῦ
1446 2334 1566 2360 τοιούτου
1580 2334 1749 2369 ζητήματος.
1775 2335 1843 2370 Ἐμὲ

1055 2382 1084 2407 δὲ
1098 2381 1131 2407 τὰ
1146 2381 1222 2408 κοινά
1235 2381 1284 2415 τῆς
1300 2381 1367 2415 πρὸς
1386 2381 1415 2406 σε
1430 2380 1520 2415 φιλίας
1535 2380 1724 2415 παραιτεῖσθαι
1742 2381 1772 2407 τὸ
1794 2381 1845 2416 ζη-

1055 2427 1184 2462 τούμενον
1208 2427 1257 2452 οὐκ
1275 2427 1318 2461 ὲᾷ,
1345 2426 1392 2452 καὶ
1414 2426 1530 2460 μάλιστα
1549 2425 1592 2451 ὃτε
1614 2425 1663 2460 τὴν
1679 2425 1842 2460 προαίρεσιν

1055 2473 1235 2508 ἀπαγγέλλεις
1247 2473 1296 2508 τὴν
1312 2473 1376 2508 σήν·
1397 2473 1434 2504 ὡς
1458 2473 1487 2498 οὐ
1505 2472 1637 2507 προλήψει
1656 2471 1844 2507 κρατούμενος

1055 2552 1135 2584 sima,
1152 2551 1336 2587 signiﬁcandm
1349 2550 1386 2577 illi
1404 2551 1431 2578 in
1447 2559 1532 2586 genus
1548 2550 1695 2577 humanum
1710 2551 1785 2587 πίοιμι
1801 2551 1845 2576 ἰη-

1052 2588 1168 2614 vectioni
1180 2586 1328 2617 malorum.
1347 2594 1378 2613 ex
1393 2586 1553 2620 contagione
1570 2587 1696 2612 materire.
1710 2586 1747 2611 Τὸ
1764 2587 1844 2612 ἐπαί-

1052 2631 1120 2658 ρειν,
1135 2622 1241 2649 videtur
1255 2622 1433 2649 mendosum:
1446 2621 1499 2648 nisi
1514 2621 1560 2653 sit,
1577 2621 1652 2653 oriri,
1667 2621 1768 2652 enasci,
1784 2629 1844 2647 sur-

1050 2666 1118 2692 gere.

1087 2692 1143 2727 (i2)
1162 2692 1267 2726 Διόπερ
1283 2691 1326 2719 ἕὸ.
1350 2691 1412 2718 Hazc
1431 2691 1514 2718 habes
1538 2690 1609 2725 apud
1631 2689 1759 2717 Photium
1774 2690 1839 2717 cod.

1053 2735 1177 2758 ccxxxvi,
1194 2728 1244 2755 sub
1261 2727 1319 2754 init.
1335 2726 1419 2754 GAEL.

1090 2763 1146 2797 (15)
1164 2763 1201 2789 Τὰ
1220 2761 1307 2789 κακά.
1335 2762 1392 2788 Huc
1413 2768 1506 2797 rusque
1532 2761 1649 2797 primum
1671 2759 1840 2797 Photianmn

1054 2793 1222 2833 excerptum.
1244 2798 1289 2825 ubi
1306 2800 1399 2823 tamen
1412 2793 1572 2833 ita-eiicitur
1587 2796 1629 2822 bie
1643 2796 1720 2823 locus
1734 2804 1741 2823 :
1758 2796 1788 2829 ἐξ
1801 2793 1840 2822 ὧν

1053 2835 1124 2860 ὁοκεῖ
1137 2830 1182 2868 μοι
1200 2833 1246 2860 νῦν
1261 2832 1383 2867 ἐπιρρεῖν
1396 2831 1430 2857 τὰ
1444 2831 1525 2858 κακά.
1541 2830 1578 2857 In.
