1920 3070
93 105 150 134 130

696 102 760 130 LIB.
782 102 824 130 DE
843 101 966 130 LlBERO
986 99 1160 129 ARBiTIlIO.

1683 99 1736 126 2330

96 164 138 197 (si.
153 165 204 191 καὶ
220 164 253 191 τὰ
267 166 390 199 μάλιστα
408 168 480 195 οὕτω
500 177 557 200 πως
572 168 601 200 ἐξ
616 165 654 194 ὧν
667 168 828 202 unave-(131;,
843 165 896 192 ἕδο-

951 164 1083 195 maxime,
1115 171 1148 190 ex
1180 163 1214 190 iis
1242 169 1302 196 quae
1327 161 1527 192 considerasti,
1553 159 1590 187 ita
1616 166 1661 186 res
1689 159 1737 185 ha-

98 212 148 244 ξας
161 210 235 245 ἔχειν
252 211 287 237 τὰ
302 211 493 248 πράγματα),
511 212 566 239 ἀλλ’
584 213 613 238 ἐν
637 211 767 246 ἐπιθυμίᾳ
783 211 831 245 τῆς
851 209 897 236 τοῦ

99 257 222 292 ἀληθοῦς
241 257 374 291 γνώσεως
397 256 561 286 καθεστάναι
582 259 680 293 λέγεις.
697 257 776 284 Ὅθεν
799 256 898 292 προϐύ-

103 313 163 338 μως
180 303 260 337 κάγὼ
274 304 322 331 ἐπὶ
335 305 382 331 τὸν
399 305 449 340 τῆς
468 305 605 341 ζητήσεως
618 304 792 339 τραπήσομαι
808 303 896 336 λόγον.

101 350 243 384 Βούλομαι
258 350 288 376 δὲ
303 350 352 376 καὶ
368 352 474 378 τουτονὶ
492 351 537 378 τὸν
553 352 659 386 ἑταῖρον
673 349 809 385 ἀκροατὴν
823 348 899 383 γενέ-

103 397 168 422 σῢαι
185 396 238 423 τῶν
254 397 399 432 ἡμετέρων
415 397 510 431 λόγων.
528 398 582 423 Καὶ
597 396 652 432 γὰρ
666 396 738 422 δοκεῖ
753 403 812 426 πως
829 394 900 421 κατά

101 451 129 468 τι
146 442 214 477 περὶ
237 442 341 468 τούτων
357 443 458 477 ὁμοίως
478 451 518 469 σοι
533 441 654 474 δοξάζειν
677 441 723 468 καὶ
743 440 840 471 αὑτός·
858 439 899 466 διδ

103 488 197 514 κοινὸν
213 488 281 523 πρὸς
304 487 475 523 ἀμφοτέρους
495 487 539 514 τὸν
559 487 637 521 λόγον
658 485 792 513 ποιεῖσθαι
808 485 900 520 βούλο-

103 541 169 567 μαι.
185 534 220 559 'A
235 532 290 568 γὰρ
303 532 335 559 ἂν
348 533 451 567 εἴποιμι
464 533 531 568 πρὸς
546 533 575 558 σὲ
587 532 673 564 οὕτως
693 532 787 567 ἔχοντα
796 551 803 563 ,
813 530 899 557 ταῦτα

102 577 154 602 καὶ
172 577 243 612 πρὸς
258 577 352 603 τοῦτον
373 577 473 612 ὁμοίως
486 577 564 610 λέξω.
580 577 614 604 Εἴ
628 586 669 603 σοι
691 577 778 603 τοίνυν
792 577 899 612 ἀληθῶς

102 623 175 657 περὶ
187 622 235 648 τοῦ
251 623 405 658 κρείττονος
420 623 508 657 λέγειν
528 623 705 658 εὐγνωμόνως
727 622 808 655 δοκῶ,
830 622 898 658 πρὸς

101 668 224 695 Exue-.01;
241 669 388 704 ἀπόκριναι
403 665 440 695 ὧν
455 668 549 703 ἐρωτῶ
559 677 565 683 ⁵
583 670 614 695 ὲκ
626 668 680 705 γὰρ
696 668 798 695 τούτων
814 669 899 704 γενή-

103 722 186 740 σεται
206 716 255 741 καὶ
272 715 301 740 σὲ
317 715 366 750 μὲν
380 715 409 741 τὸ
425 715 526 750 ἀληθὲς.
541 714 696 750 μανθάνειν,
716 715 789 751 κάμὲ
813 715 842 742 δὲ
861 715 899 750 μὴ

106 761 200 796 μάτην
217 762 280 792 τοὺς
296 761 390 795 λόγους
409 761 542 788 ποιεῖσθαι
563 762 630 797 πρὸς
647 762 686 788 σέ.

141 808 249 835 ΟΥΑΛ.
271 808 363 841 Ταῦθ’,
376 809 446 844 ἆπερ
460 806 549 839 εἴπας,
563 809 691 844 πράττειν
705 808 820 844 ἑτοίμως
834 808 897 844 ἔχω.

103 853 164 880 Καὶ
179 853 225 879 διὰ
239 853 318 880 τοῦτο
333 853 401 888 μετὰ
415 853 504 888 πάσης
523 852 675 888 προθυμίας
688 853 780 879 ἐκεῖνα
799 852 900 879 πυνθά-

103 907 164 929 νου,
180 897 211 930 ἐξ
229 894 321 934 ὦνπερ
335 898 453 933 νομίζεις
469 897 597 924 δύνασθαί
623 906 655 933 με
680 897 729 932 τὴν
747 898 898 933 ἐπιστήμην

104 944 154 971 τοῦ
169 944 325 980 κρείττονος
341 945 445 980 μαθεῖν.
460 945 497 971 Οὐ
513 944 566 980 γάρ
583 953 627 979 μοι
650 944 681 970 τὸ
702 945 810 979 νικῆσαι
834 944 899 979 πρό-

105 999 196 1017 κειται
221 990 324 1022 κακῶς,
349 990 415 1017 ἀλλὰ
431 990 460 1016 τὺ
476 990 573 1025 ἀληθὲς
591 990 814 1026 ἐκμαθεῖν.“⁷Οθεν
837 990 897 1025 ἔχου

105 1036 136 1063 τὺ
149 1037 245 1063 λοιπὸν
259 1036 306 1063 τοῦ
327 1036 416 1070 λόγου.

143 1082 265 1109 ΟΡΘΟΔ.
289 1082 349 1108 Ὀτι
382 1082 431 1118 μὲν
459 1079 505 1109 οὖν
534 1081 588 1117 (14)
613 1082 746 1117 ὑπάρχειν
770 1082 901 1109 ἀδύνατον

106 1127 229 1161 ἀγένητα
242 1127 289 1153 δύο
302 1127 370 1162 ἅμα,
386 1127 447 1154 οὐδέ
461 1136 490 1154 σε
505 1128 612 1162 ἀγνοεῖν
624 1129 736 1163 νομίζω,
754 1129 778 1155 εί
801 1129 847 1155 καὶ
863 1128 897 1155 τὰ

110 1173 229 1207 μαλιστα
240 1173 328 1205 δοκεῖς
340 1173 484 1209 πῳλαὸὼν
497 1174 576 1200 τοῦτο
589 1174 791 1210 προτεθεικέναι
807 1175 845 1210 τῷ
855 1175 898 1201 λό-

107 1218 213 1254 γῷ.¹Ως
228 1220 336 1251 πάντως
357 1220 385 1252 ἐξ
400 1220 523 1255 ἀνάγκης
545 1220 575 1246 τὸ
595 1220 689 1256 ἕτερον
703 1221 743 1247 δεῖ
756 1221 855 1255 λέγειν,
879 1222 896 1257 ἢ

106 1266 147 1292 ὅτι
162 1265 330 1300 κεχώρισται
343 1266 394 1300 τῆς
408 1265 474 1300 ὕλης
487 1267 500 1292 ὁ
510 1266 585 1297 Θεὸς,
599 1265 615 1300 ἢ
627 1264 660 1292 αὖ
678 1266 768 1300 πάλιν,
777 1267 816 1293 ὅτι
830 1267 899 1301 ἀμέ-

110 1319 200 1346 pina;
227 1312 312 1346 αὐτῆς
334 1311 472 1346 τυγχάνει.
488 1312 519 1338 Et
539 1312 587 1347 μὲν
604 1310 648 1338 οὖν
663 1312 782 1347 ἡνῶσθαι
804 1321 845 1344 τις
860 1314 898 1339 εί-

108 1360 169 1384 πεῖν
180 1358 251 1384 αὐτὰ
264 1357 360 1389 ἐθέλοι,
374 1358 402 1384 ἓν
412 1358 443 1384 τὸ
457 1359 588 1393 ἀγένητον
603 1357 675 1390 λέξει
684 1367 691 1373 '
708 1358 830 1393 (ἕκαστον
843 1359 898 1394 γὰρ

107 1404 212 1431 τούτων
232 1404 313 1439 μέρος
329 1404 404 1430 ἔσται
421 1404 467 1430 τοῦ
484 1403 628 1440 πλησίον)
644 1403 765 1440 ἀλλήλων
781 1405 809 1431 δὲ
826 1405 896 1440 μέρη

109 1451 287 1485 τυγχάνοντα,
304 1451 353 1477 οὐκ
377 1449 452 1476 ἔσται
473 1450 592 1485 ἀγένητα
615 1450 670 1482 δύο,
685 1450 741 1476 ἀλλ’
756 1450 784 1477 ἓν
797 1451 829 1477 ὲκ
840 1451 897 1477 δια-

111 1496 200 1530 φόρων
217 1496 354 1527 συνεστός.
369 1495 435 1522 Οὐδὲ
448 1495 502 1531 γὰρ
518 1496 563 1522 τὸν
579 1495 718 1530 ἄνθρωπον
735 1496 828 1532 ἔχοντα
839 1497 896 1523 διά,-

111 1551 181 1577 φορα
197 1542 265 1578 μέλη
282 1543 552 1577 κατακερματίζομεν
566 1543 605 1574 εἰς
615 1542 700 1569 πολλά
711 1543 821 1577 γενητὰ.
831 1543 899 1568 Ἀλλ’
913 1536 935 1564 C-

111 1590 137 1624 ἢ,
153 1590 189 1621 ὡς
207 1592 222 1616 ὁ
235 1590 312 1624 λόγος
328 1591 447 1622 ἀπαιτεῖ,
463 1591 491 1616 ἓν
505 1599 530 1616 τι
545 1591 666 1625 γενητὸν,
681 1591 727 1617 τὸν
747 1591 898 1626 ἄνθρωπον,

112 1635 276 1670 πολυμερὲς,
300 1635 367 1670 πρὸς
383 1635 429 1661 τοῦ
451 1635 517 1662 Θεοῦ
538 1636 677 1670 γεγονέναι
691 1636 789 1671 φαμέν.
807 1635 899 1666 Οὕτως

111 1680 229 1715 ἀνάγκη,
244 1682 267 1706 εἰ
287 1681 336 1715 μὲν
357 1681 393 1715 μὴ
416 1681 580 1716 κεχώρισται
597 1681 646 1716 τῆς
663 1681 728 1717 ὕλης
746 1682 760 1707 ὁ
778 1681 852 1712 Θεὸς,
870 1680 899 1706 ἓν

112 1726 141 1752 τὸ
153 1726 287 1761 ἀγένητον
302 1723 371 1752 εἶναι
384 1726 471 1761 λέγειν
481 1734 488 1741 ·
502 1727 526 1753 εί
537 1726 564 1753 δὲ
577 1726 742 1762 κεχωρίσθαι
752 1727 832 1762 φήσει
845 1735 897 1758 τις,

114 1771 219 1806 ἀνάγκη
237 1770 307 1798 εἷναί
329 1780 354 1798 τι
381 1772 411 1798 τὸ
426 1772 560 1807 ἀναμέσον
575 1772 746 1807 ἀμφοτέρων,
764 1770 832 1807 ὅπερ
852 1772 899 1798 καὶ

113 1818 155 1844 τὸν
170 1818 310 1853 χωρισμὸν
326 1818 414 1844 αὐτῶν
430 1818 573 1845 δείκνυσιν.
583 1818 722 1844 ’Δδὺνατον
734 1817 788 1854 γὰρ
803 1819 832 1844 ὲν
842 1818 899 1844 δια-

113 1865 205 1891 στάσει
220 1864 362 1896 ὲξετάσθαι
373 1873 399 1891 τι
411 1863 464 1891 ἀπό
476 1873 557 1897 τινος,
572 1865 621 1891 οὐκ
635 1865 709 1896 ὄντος
722 1865 824 1900 ἐτέρου,
837 1865 897 1892 καθ’

113 1910 155 1945 δὴ
172 1910 313 1942 διάστασις
330 1911 457 1946 ἑκατέρου
477 1910 682 1947 γίνεται.’¹οπερ
695 1912 724 1938 οὺ
745 1913 824 1947 μέχρι
837 1912 898 1939 τούς

114 1963 158 1982 του
170 1956 278 1982 ἵσταται
292 1957 339 1982 καὶ
358 1956 449 1991 μόνον,
463 1957 530 1983 ἀλλὰ
545 1958 592 1983 καὶ
616 1957 748 1984 πλείστων
765 1959 842 1985 ὅσων.
850 1960 898 1985 Ὃν

115 2002 165 2037 γὰρ
181 2002 226 2027 ἐπὶ
241 2002 295 2028 τῶν
311 2002 357 2028 δύο
372 2003 509 2038 ἀγενήτων
529 2004 644 2039 εἴπαμεν
657 2004 744 2038 λόγον,
761 2005 853 2032 τοῦτον
869 2004 899 2037 ἐξ

115 2047 234 2082 ἀνάγκης
259 2048 359 2082 ὁμοίως
385 2050 545 2084 προχωρεῖν,
563 2050 586 2075 εἰ
603 2050 639 2076 τὰ
666 2051 784 2086 ἀγένητα
796 2051 896 2087 ’δοθείη

115 2093 183 2130 τρία.
203 2094 259 2120 Καὶ
272 2094 325 2130 γὰρ
340 2094 404 2130 περὶ
419 2095 520 2121 τούτων
532 2097 645 2133 ἐροίμεν
668 2096 711 2129 ἂν,
736 2098 760 2122 εἰ
784 2096 898 2132 κεχώρι-

116 2148 174 2166 σται
199 2141 245 2166 ἀπ’
260 2140 422 2176 ἀλλήλων,ἣ
444 2139 476 2168 αὖ
502 2141 582 2168 πάλιν
597 2143 711 2168 ἕκαστον
734 2142 835 2177 ἥνωται
860 2142 897 2177 τῷ

117 2185 234 2220 πλησίον.
251 2186 282 2212 Εἰ
311 2187 359 2221 μὲν
384 2186 436 2222 γὰρ
462 2187 581 2221 ὴνῶσθαί
597 2197 638 2219 τις
653 2189 738 2214 εἰπεῖν
756 2188 837 2221 Θέλοι,
851 2189 896 2215 τὸν

116 2232 191 2258 αὐτὸν
206 2231 362 2267 ἀκούσειτῷ
377 2233 477 2268 πρώτῳ
493 2233 585 2267 λόγον·
600 2235 624 2260 εἰ
639 2234 662 2260 δ’
678 2235 710 2260 αὑ
724 2234 803 2260 πάλιν
815 2243 897 2270 κεχω-

118 2277 212 2312 ρίσθαι,
232 2278 262 2303 οὐ
281 2278 406 2312 φεύξεται
423 2279 472 2314 τὴν
489 2279 518 2311 ἐξ
535 2280 656 2315 ἀνάγκης
674 2280 720 2308 τοῦ
736 2279 897 2316 χωρίζοντος

117 2324 324 2350 ἀπόστασιν.Ἂν
336 2325 359 2351 δ’
375 2325 429 2360 ἄρα
440 2334 481 2357 τις
497 2326 543 2352 καὶ
552 2326 642 2362 τρίτον
653 2324 721 2352 εἶναι
735 2326 806 2358 λέξοι
819 2326 896 2360 λόγον

117 2369 265 2404 ἁρμόζοντα
282 2371 345 2405 περὶ
365 2371 418 2397 τῶν
435 2372 572 2407 ἁγενὴτων
586 2372 719 2407 λελέχθαι,
733 2372 854 2398 τουτέστι
866 2372 896 2398 τὸ

119 2414 182 2450 μήτε
203 2416 367 2451 κεχωρίσθαι
391 2416 435 2443 τὸν
455 2417 521 2444 θεὸν
535 2418 585 2453 τῆς
599 2417 673 2453 ὕλης,
694 2417 799 2454 μήτάὖ
817 2419 896 2446 πάλιν

150 2483 202 2518 (Η)
224 2483 284 2509 ’Ὁτι
303 2484 362 2518 μὲν
384 2481 449 2511 οὖν.
471 2483 533 2511 Haec
561 2484 625 2511 item
652 2489 800 2511 occurrunt
824 2485 894 2519 apud

117 2517 236 2545 Photium
260 2519 279 2545 Ι.
296 2517 333 2550 6.,
350 2519 383 2546 iis
408 2520 498 2546 statim
515 2519 649 2554 subjecta,
673 2528 788 2554 quorum
816 2517 895 2548 modo

118 2553 294 2581 meminimus.
313 2553 397 2580 GALL.

148 2588 200 2626 (l5)
211 2587 291 2626 ‘Sane
307 2590 396 2626 igitur.
408 2588 484 2626 quod
498 2589 570 2626 nullo
589 2590 747 2626 modoaetc.
769 2591 828 2616 ’Ὁτι
846 2591 894 2626 μὲν

118 2620 158 2659 οὖν
171 2620 429 2659 ἀδύνατον.’1ηρὶρῑὶ
453 2624 498 2651 hic
523 2625 650 2652 Methodii
676 2625 820 2657 doctrina,
846 2620 893 2652 ubi

120 2657 199 2685 Photii
227 2659 268 2686 vel
296 2657 429 2693 interpres
454 2660 496 2686 vel
521 2660 673 2688 librarius:
693 2660 770 2693 Quod
795 2661 818 2687 si
835 2662 894 2694 ﬁeri

120 2694 182 2720 nullo
204 2694 280 2720 modo
300 2695 394 2728 possit,
411 2698 475 2727 etc.,
494 2695 670 2722 conditionali
690 2696 793 2730 adjecta
807 2699 893 2723 totum

120 2736 220 2769 sensum
227 2730 397 2769 _perilneil_te.

149 2763 200 2799 (l6)
222 2763 280 2800 Erit
297 2764 424 2800 siquidem
436 2764 634 2800 unumquodque
649 2765 740 2792 horum
755 2767 894 2800 propinqui

119 2806 178 2834 pars:
201 2799 292 2834 Μέρος
308 2798 354 2825 τοῦ
368 2799 487 2834 πλησίον.
510 2798 572 2826 Sola
588 2798 660 2828 enim
675 2801 707 2827 ad
724 2802 773 2827 hoc
788 2798 893 2828 videtur

121 2832 232 2862 sulli'cere
245 2832 346 2864 ἷνωσις
371 2839 397 2861 et
415 2832 597 2864 Vcontinuitas.
623 2835 758 2872 interpres
778 2836 865 2863 Photii
884 2847 890 2864 :

951 210 1014 236 bere
1031 209 1118 236 visum
1136 208 1208 242 sit),
1227 207 1274 235 sed
1290 207 1410 234 scientiae
1429 207 1485 234 veri
1504 206 1670 234 desiderium
1689 205 1737 232 ha-

951 256 1022 283 beat.
1039 255 1128 288 Quare
1141 255 1222 281 etiam
1249 261 1298 288 ego
1325 253 1412 280 libens
1436 253 1588 288 alacrisque
1615 252 1648 279 ad
1664 259 1734 287 qua:—

951 301 1066 328 stionem
1083 299 1222 327 accedam.
1237 298 1329 325 Placet
1356 305 1431 331 vero,
1458 301 1488 325 ut
1516 303 1543 325 et
1563 298 1606 325 hic
1631 298 1737 325 amicus

952 350 1084 381 suscepta:
1100 344 1296 379 disputationis
1311 343 1420 371 auditor
1450 344 1507 370 liat.
1528 343 1593 370 Nam
1616 348 1643 372 et
1667 344 1736 378 ipse,

951 393 1045 419 eadem
1070 391 1268 426 quadamtenus
1282 389 1330 416 tibi
1346 389 1454 416 videtur
1477 390 1603 424 opinione
1625 399 1631 416 :
1653 397 1739 424 quare

951 439 1012 466 volo
1044 437 1181 465 communi
1216 443 1277 463 cum
1306 438 1421 470 utroque
1451 435 1572 463 oratione
1603 436 1736 462 conferre.

952 483 1017 516 Quae
1044 483 1116 510 enim
1147 482 1195 509 tibi
1225 482 1266 509 sic
1300 481 1396 508 allecto
1425 481 1560 512 dixerim,
1590 481 1682 508 eadem
1711 485 1738 507 et
1760 512 1766 516 η

952 529 990 556 illi
1009 528 1134 556 similiter
1153 528 1258 555 dixero.
1279 527 1308 555 Si
1328 528 1411 563 igitur
1439 535 1503 555 vere
1526 527 1574 554 tibi
1595 527 1688 553 videor
1707 534 1739 553 ac

952 575 1058 602 sincere
1077 574 1149 609 quod
1168 579 1210 601 est
1228 574 1325 601 melius
1345 574 1450 607 dicere,
1477 573 1610 608 responde
1629 572 1662 598 ad
1682 573 1740 599 sin-

952 620 1014 655 gula
1040 628 1101 655 quae
1114 624 1260 655 percontor
1277 627 1283 645 ε
1307 620 1347 647 sic
1361 619 1433 647 enim
1457 619 1501 646 ﬁet
1511 638 1518 650 ,
1533 623 1563 645 ut
1574 622 1601 645 et
1617 618 1676 652 ipse
1691 618 1740 644 ad-

952 663 1043 691 discas
1057 671 1162 695 verum,
1192 671 1243 691 nec
1259 671 1308 698 ego
1323 663 1426 691 frustra
1449 663 1587 691 disserens
1605 662 1739 690 insumam

952 717 1104 738 sermones.

988 802 1065 830 VAL.
1082 801 1240 837 Promptum
1258 802 1323 829 mihi
1344 805 1404 834 est,
1418 806 1448 829 ut
1461 810 1522 838 quae
1536 802 1606 830 dicis
1624 802 1734 829 faciam.

914 855 936 882 Β
950 849 1040 883 Quare
1068 850 1142 876 omni
1169 850 1310 877 alacritate
1337 857 1368 876 ea
1393 855 1572 884 percontare.
1589 858 1621 877 ex
1639 850 1738 884 quibus

952 896 1095 923 arbitraris
1109 903 1190 931 posse
1202 903 1245 923 me
1257 895 1363 923 discere
1378 896 1451 930 quod
1468 900 1509 924 est
1525 897 1631 924 melius.
1646 896 1739 931 Neque

951 942 1023 969 enim
1044 941 1212 976 propositum
1240 942 1328 968 habeo
1350 945 1379 968 ut
1409 942 1480 969 male
1501 942 1620 972 vineam,
1644 942 1691 969 sed
1710 946 1739 969 ut

951 996 1045 1015 verum
1063 988 1189 1016 edoceat.
1205 987 1265 1014 Jam
1282 988 1373 1023 itaque
1388 995 1541 1015 sermonem
1559 995 1735 1023 prosequere.

986 1089 1091 1117 ORTH.
1108 1089 1179 1117 Sane
1194 1090 1286 1124 igitur,
1303 1090 1375 1124 quod
1399 1090 1475 1117 nullo
1499 1090 1579 1117 modo
1600 1091 1656 1127 (l5)
1680 1091 1737 1119 ﬁeri

951 1136 1049 1171 possit,
1066 1140 1095 1162 ut
1112 1136 1166 1162 sint
1192 1135 1247 1162 duo
1276 1135 1357 1162 simul
1379 1136 1508 1168 increata,
1524 1144 1573 1164 nec
1587 1140 1613 1163 te
1628 1136 1737 1171 quidem

952 1181 1076 1216 ignorare
1090 1185 1166 1216 puto,
1186 1188 1343 1215 quanquam
1364 1180 1390 1208 id
1417 1181 1534 1208 maxime
1548 1181 1666 1209 videaris
1681 1190 1737 1209 ser-

950 1235 1031 1254 mone
1048 1227 1103 1261 jam
1119 1227 1210 1254 habito
1218 1228 1363 1255 statuisse.
1377 1226 1460 1254 Plane
1472 1226 1605 1262 siquidem
1622 1228 1737 1255 duorum

951 1273 1063 1299 alterum
1084 1279 1227 1299 necessum
1241 1272 1323 1300 fuerit
1336 1271 1442 1305 dicere;
1460 1272 1501 1299 vel
1514 1272 1585 1307 quod
1602 1271 1674 1300 Deus
1691 1280 1736 1300 se-

950 1322 1062 1353 paratus
1072 1318 1105 1346 sit
1121 1326 1136 1345 a
1151 1319 1275 1349 materia,
1291 1319 1333 1345 vel
1350 1321 1445 1345 contra
1460 1318 1533 1352 quod
1547 1318 1680 1346 indivisus
1695 1318 1734 1345 illi

950 1364 1095 1391 cohaereat.
1124 1363 1152 1390 Si
1173 1363 1234 1398 quis
1262 1364 1345 1398 igitur
1358 1364 1431 1391 unita
1448 1364 1513 1391 velit
1537 1364 1636 1396 dicere,
1653 1371 1737 1391 unum

952 1409 1101 1436 increatum
1127 1409 1236 1436 dixerit.
1266 1408 1335 1444 (Erit
1365 1410 1498 1444 siquidem
1524 1410 1737 1444 unumquodque

949 1454 1046 1482 horum
1061 1454 1205 1490 propinqui
1221 1455 1371 1491 pars(16).)
1380 1455 1464 1482 Porro
1477 1463 1537 1490 qua:
1549 1455 1737 1483 suntinvicem

951 1505 1052 1535 partes,
1069 1509 1123 1528 non
1139 1501 1193 1528 duo
1211 1501 1343 1532 increata,
1360 1501 1407 1529 sed
1423 1510 1505 1528 unum
1518 1502 1633 1529 diversis
1647 1501 1737 1529 consi-

952 1550 1037 1578 stens,
1051 1547 1202 1574 increatum
1215 1551 1305 1574 erunt.
1322 1546 1390 1573 Nam
1405 1554 1492 1581 neque
1508 1547 1655 1578 hominem,
1670 1546 1737 1573 mul-

951 1591 985 1618 tis
996 1595 1165 1619 constantem
1183 1592 1323 1624 membris,
1334 1591 1481 1618 dividimus
1497 1592 1524 1618 in
1535 1592 1618 1618 multa
1634 1595 1735 1619 creata.

950 1635 1031 1668 Quin,
1051 1637 1087 1663 ita
1104 1637 1228 1672 exigente
1249 1637 1373 1668 ratione,
1397 1636 1544 1674 hominem,
1568 1643 1651 1662 unum
1671 1636 1736 1670 quid

950 1685 1069 1708 creatum
1098 1682 1226 1713 dicimus,
1246 1682 1392 1709 multarum
1424 1683 1552 1717 partium,
1571 1689 1586 1709 a
1615 1681 1670 1709 Deo
1697 1681 1736 1708 fa-

949 1731 1033 1753 ctum.
1052 1727 1142 1762 Atque
1157 1727 1224 1754 adeo
1235 1735 1347 1754 necesse
1363 1731 1414 1758 est,
1427 1731 1456 1754 ut
1476 1727 1529 1754 nisi
1541 1726 1614 1754 Deus
1625 1734 1737 1761 separa-

949 1778 993 1801 tus
1007 1774 1042 1801 sit
1069 1782 1083 1800 a
1106 1774 1232 1807 materia,
1251 1782 1335 1801 unum
1362 1775 1513 1801 increatum
1529 1782 1590 1801 esse
1617 1773 1734 1802 dicatur.

951 1817 999 1845 Sin
1017 1826 1082 1845 vero
1099 1819 1185 1846 divisa
1201 1822 1228 1846 et
1241 1824 1366 1854 separata
1379 1819 1479 1854 aliquis
1494 1819 1604 1851 dixerit,
1621 1827 1735 1847 necesse

948 1867 991 1891 est
1004 1864 1172 1891 intercedere
1196 1865 1306 1900 aliquod
1321 1865 1450 1896 medium,
1464 1865 1535 1899 quod
1553 1869 1677 1899 separata
1689 1874 1736 1893 ex-

949 1909 1051 1936 hibeat.
1069 1909 1248 1945 Nequitenim
1266 1911 1322 1938 ﬁeri
1347 1915 1377 1937 ut
1400 1911 1501 1946 aliquid
1529 1911 1564 1938 ab
1588 1912 1680 1946 aliquo
1694 1912 1736 1938 di-

949 1957 1024 1980 stans
1039 1954 1237 1985 cuusideretur,
1260 1955 1311 1982 nisi
1338 1955 1486 1982 exsistente
1502 1955 1554 1982 alio
1584 1957 1734 1984 secumlum

949 2000 1021 2034 quod
1038 2000 1083 2026 ﬁat
1104 2000 1284 2028 discretorum
1301 2001 1444 2029 distantia.
1463 2001 1556 2034 Neque
1582 2002 1607 2029 id
1636 2003 1664 2030 in
1682 2012 1735 2030 uno

949 2045 1001 2072 hoc
1017 2046 1129 2080 soloque
1139 2047 1278 2078 sistit,sed
1293 2047 1448 2074 extenditur
1463 2048 1495 2074 ad
1505 2048 1646 2076 innumera
1661 2050 1735 2083 ejus-

948 2091 1032 2118 modi.
1050 2090 1137 2123 Quam
1160 2092 1231 2119 enim
1257 2093 1284 2119 in
1314 2092 1422 2120 duobus
1449 2093 1578 2121 increatis
1602 2095 1733 2122 rationem

948 2136 1078 2168 diximus,
1098 2138 1223 2164 similiter
1241 2143 1347 2173 oportet
1367 2139 1523 2173 procedere,
1536 2140 1558 2166 si
1571 2148 1734 2168 concessum

912 2204 934 2231 Β
950 2180 1028 2208 fuerit
1047 2181 1090 2208 illa
1105 2190 1165 2210 esse
1177 2184 1238 2210 tria.
1249 2183 1315 2210 Nam
1331 2185 1402 2211 etde
1419 2184 1472 2212 illis
1483 2185 1646 2219 quaesierim,
1664 2187 1734 2213 sint-

948 2234 982 2254 ne
992 2227 1026 2253 ab
1041 2227 1155 2255 invicem
1174 2233 1310 2263 separata,
1324 2230 1367 2257 vel
1388 2231 1600 2265 unumquodque
1622 2232 1734 2266 propin-

947 2280 1001 2307 quo
1016 2273 1122 2300 unitum
1138 2274 1192 2301 sit?
1207 2274 1236 2301 Si
1250 2275 1358 2310 quidem
1374 2283 1438 2303 vero
1454 2277 1517 2303 velit
1529 2276 1627 2310 aliquis
1642 2277 1734 2304 dicere

947 2318 1033 2351 unita,
1047 2319 1073 2346 id
1091 2320 1179 2354 ipsum
1204 2328 1235 2347 ac
1252 2322 1328 2356 prius
1346 2322 1490 2350 auditurus
1507 2326 1558 2349 est.
1575 2322 1622 2348 Sin
1637 2327 1733 2350 contra

946 2364 1045 2391 dixerit
1062 2371 1198 2400 separata.
1217 2374 1272 2393 non
1290 2367 1409 2402 eﬂ‘ugiet,
1423 2372 1452 2394 ut
1466 2376 1500 2395 ne
1516 2369 1671 2395 necessario
1685 2369 1734 2396 de-

947 2409 982 2436 sit
1003 2410 1074 2445 quod
1096 2417 1202 2446 separet
1226 2412 1292 2448 (l7).
1308 2412 1386 2446 Quod
1401 2414 1423 2440 si
1437 2414 1499 2448 quis
1524 2415 1605 2441 etiam
1621 2415 1729 2441 tertiam

948 2485 1114 2522 Unaquasque
1129 2488 1196 2514 enim
1208 2495 1270 2521 pars
1286 2487 1379 2514 Iterum
1398 2489 1446 2514 erit
1464 2489 1542 2515 alteri
1557 2489 1661 2520 similis,
1677 2492 1730 2516 etc.

946 2521 1050 2554 Quibus
1072 2521 1125 2549 nec
1150 2522 1314 2549 ll‘lethodium
1340 2522 1449 2553 reddit,
1474 2531 1523 2550 nec
1546 2524 1605 2558 ejus
1632 2524 1732 2550 rationi

945 2557 1025 2583 aliam
1051 2558 1109 2591 ipse
1132 2558 1297 2592 probabilem
1313 2558 1452 2584 substituit
1469 2568 1475 2585 :
1490 2557 1641 2592 aliquorum
1658 2559 1731 2586 cnim

945 2592 1093 2627 similitudo
1106 2600 1159 2619 non
1175 2593 1273 2625 arguit,
1286 2600 1346 2619 esse
1357 2593 1471 2618 alterum
1488 2597 1589 2627 partem
1606 2594 1730 2621 alterius.

945 2626 1023 2663 Quod
1045 2627 1080 2653 ibi
1101 2627 1234 2661 sequitur,
1260 2628 1297 2663 ita
1324 2626 1508 2663 puuctaudmu
1521 2637 1539 2663 κεν
1561 2628 1681 2663 ἀλλήλων
1702 2628 1730 2654 δὲ

946 2661 1015 2696 μέρη
1043 2663 1225 2696 τυγχάνοντα,
1254 2662 1399 2697 ἀγένητονσ
1427 2662 1493 2688 ἀλλ’.
1521 2662 1569 2689 Ubi
1598 2661 1731 2697 interpres

944 2701 1031 2730 partes
1049 2696 1116 2722 inter
1132 2705 1158 2722 se
1173 2705 1260 2729 pares,
1278 2696 1342 2727 clci,
1359 2697 1430 2731 quod
1448 2703 1537 2724 tamen
1557 2697 1637 2724 fuerit
1653 2696 1731 2725 nien-

945 2731 1184 2767 dumrtypugraphi
1202 2739 1260 2766 pro,
1277 2737 1364 2765 partes
1383 2733 1450 2759 inter
1464 2740 1491 2758 se
1507 2737 1605 2767 partes,
1621 2738 1674 2761 etc.

981 2766 1036 2798 (HJ
1060 2766 1119 2792 Non
1135 2767 1250 2801 e/fugiet.
1264 2772 1291 2792 ut
1307 2776 1337 2794 ne
1354 2766 1585 2794 necessaria'desit
1604 2768 1672 2802 quod
1688 2776 1729 2794 ae-

944 2808 1027 2836 paret.
1108 2801 1232 2835 φεύξεται
1255 2801 1302 2837 τὴν
1327 2802 1372 2828 τοῦ
1390 2802 1548 2838 χωρίζοντος
1570 2801 1728 2835 ἁπόστασιν,

945 2837 1007 2872 quia
1028 2837 1156 2864 nimirum
1184 2837 1271 2874 ipsum
1289 2837 1571 2874 separangoportcat
1589 2846 1649 2869 esse
1666 2838 1727 2866 uui-
