1920 3070
181 113 232 141 251

672 113 700 141 S.
723 113 888 143 METHODH
906 113 1060 142 EPISCOPI
1078 113 1121 140 ET
1144 111 1322 140 MARTYRlS

1755 106 1815 134 23?.

183 173 357 205 sententiam,
373 179 434 207 qute
456 173 485 199 in
505 172 626 200 increata
647 177 790 208 congruat,
804 173 903 200 dictam
918 182 963 201 vo-

1024 174 1053 205 ὸς
1080 173 1149 208 μέρη
1177 172 1308 208 ἡνῶσθαι·
1323 169 1393 197 εἶναι
1409 170 1447 202 δὲ,
1465 169 1590 204 καθάπερ
1613 169 1642 195 ὲν
1660 168 1749 203 τόπῳ,
1773 168 1814 202 τῇ

185 219 283 251 luerit;
304 226 411 253 nempe,
438 225 527 254 neque
550 218 634 246 Deum
652 227 667 246 a
684 219 798 246 materia
812 225 966 254 separatum

183 273 255 297 esse,
273 272 305 292 ac
316 271 404 299 neque
418 271 530 292 rursum
547 265 626 292 ambo
644 270 674 292 ut
689 270 781 300 partes
801 266 873 292 uniri
890 265 945 301 (18)
959 275 965 292 :

184 311 231 338 sed
247 318 308 338 esse
322 309 406 338 Deum
418 310 445 337 in
460 311 575 338 materia
589 314 618 337 ut
630 311 657 337 in
672 311 749 338 loco:
760 311 966 345 materiamque.

184 355 284 383 habere
301 355 328 382 in
349 354 404 382 Deo
430 356 564 383 rationem
586 356 771 383 continentis:
789 355 895 383 noverit
912 355 966 387 ille,

184 401 252 433 fore,
268 405 297 428 ut
308 402 330 429 si
345 401 486 429 materiam
498 401 545 430 Dei
563 403 653 430 locum
669 401 827 435 dixerimus,
841 409 968 429 necessa-

183 447 225 475 rio
238 448 320 475 etiam
346 447 479 475 dicendus
502 448 538 475 sit
560 447 825 482 comprehensibilis,
843 451 871 475 et
887 447 934 482 qui
951 455 968 475 a

142 527 146 529 _
183 494 299 521 materia
313 493 566 521 circumscribatur.
582 494 653 526 Quin
668 497 695 521 et
708 493 801 525 simili,
816 497 898 528 atque
911 501 969 520 ma-

184 539 262 571 teria,
279 540 394 572 ratione,
405 539 616 567 eircumferatur
626 543 744 574 oportet.
759 538 814 566 Nec
828 545 893 566 vero
902 546 969 565 con—

184 586 281 614 sistere
311 588 411 620 potest,
430 589 476 612 aut
491 585 519 611 in
550 592 580 612 se
603 584 663 619 ipso
679 591 798 616 manere,
820 591 852 610 eo
868 587 968 610 temere

184 636 268 663 moto,
288 631 316 658 in
331 639 386 666 quo
408 635 460 659 est.
489 630 621 658 Praeterea
648 629 787 657 fatendum
813 629 968 657 necessario

184 682 235 709 est.
251 677 336 705 fuisse
351 677 436 704 Deum
458 677 488 704 in
508 676 699 704 deterioribus.
728 674 795 702 Nam
810 674 832 702 si
855 675 969 702 materia

185 722 348 757 quandoque
370 725 466 748 ornatu
493 720 602 754 caruit;
628 719 698 748 Deus
721 727 799 752 vero,
817 719 911 747 volens
934 720 969 747 ad

186 771 286 795 statum
302 766 442 794 meliorem
455 765 606 799 reducere,
623 770 748 793 ornatum
762 766 878 793 contulit
895 775 901 792 :
918 765 969 792 fuit

185 811 342 847 aliquando,
355 820 418 839 cum
436 812 507 839 Deus
526 812 554 839 in
571 811 705 839 inornatis
720 810 886 846 incultisque
900 812 970 839 exsi-

1019 219 1068 255 ὕλῃ
1083 219 1129 245 τὸν
1151 219 1226 251 Θεὸν,
1238 219 1286 247 καὶ
1299 218 1348 254 τὴν
1364 217 1428 252 ὕλην
1443 217 1472 243 ὲν
1487 216 1525 250 τῷ
1541 215 1600 250 Θεῷ
1620 215 1650 241 τὸ
1672 215 1790 250 συνέχον
1804 221 1815 230 υ

1018 265 1151 297 ἀκουέτω,
1167 266 1218 298 ὅτι,
1231 264 1279 291 ἐὰν
1292 265 1373 291 τόπον
1386 263 1433 290 τοῦ
1447 262 1512 289 Θεοῦ
1525 261 1573 298 τὴν
1587 261 1652 297 ὕλην
1668 261 1815 296 λέγωμεν.

1018 311 1048 344 ἐξ
1064 311 1185 347 ἀνάγκης
1204 310 1346 338 αὑτὸνκαὶ
1365 308 1487 345 χωρητὸν
1502 308 1589 343 λέγειν
1603 307 1653 339 δεῖ,
1671 308 1717 334 καὶ
1737 306 1815 342 πρὸς

1018 357 1067 392 τῆς
1084 357 1148 392 ὕλης
1166 357 1410 393 περιγραφόμενον.
1420 354 1500 381 Ἀλλὰ
1514 354 1566 390 μὴν
1580 355 1625 380 καὶ
1639 354 1739 389 ὁμοίως
1755 353 1815 379 αὐ-

1018 402 1063 428 τὸν
1077 404 1109 438 τῇ
1127 402 1176 438 ὕλῃ
1201 403 1324 434 ἀτάκτως
1347 401 1475 437 φέρεσθαι
1489 401 1537 427 δεῖ.
1562 401 1606 436 Μὴ
1622 400 1746 433 ἵστασθαι
1765 399 1813 430 δὲ,

1021 448 1086 484 μηδὲ
1102 448 1191 483 μένειν
1203 448 1282 474 αὑτὸν
1294 449 1336 482 ἐφ’
1349 447 1456 478 ἑαυτοῦ,
1469 447 1584 482 ἀνάγκη,
1600 446 1645 473 τοῦ
1657 447 1685 473 ὲν
1697 443 1718 480 ᾧ
1729 447 1816 472 ἐστιν

1019 493 1112 521 ἄλλοτε
1126 494 1212 526 ἄλλως
1230 494 1389 529 φερομένου.
1404 493 1475 529 Πρὸς
1490 493 1517 519 δὲ
1531 492 1634 524 τούτοις
1651 493 1696 521 καὶ
1707 493 1736 518 ὲν
1748 501 1780 527 χε
1786 491 1815 517 ί-

1021 548 1079 575 ροσι
1095 539 1235 573 γεγονέναι
1251 540 1295 566 τὸν
1310 539 1375 566 Θεὸν
1388 541 1475 566 εἰπεῖν
1488 539 1605 573 ἀνάγκη.
1621 539 1652 567 Et
1666 538 1720 574 γάρ
1737 546 1814 564 ποτε

1019 585 1137 620 ἄκοσμος
1152 583 1186 621 ἧν
1197 587 1213 620 ἡ
1229 585 1289 621 ὕλη,
1304 585 1440 621 ἐκόσμησε
1456 585 1484 611 δὲ
1504 585 1599 620 αὐτὴν,
1612 585 1651 616 εἰς
1667 584 1696 610 τὸ
1712 585 1814 619 κρεῖτ-

1019 640 1064 657 τον
1077 631 1175 666 τρέψαι
1191 631 1413 667 προαιρούμενος,
1426 629 1459 666 ἦν
1474 639 1538 657 ποτε
1547 631 1586 657 ὅτ’
1596 631 1625 656 ὲν
1638 630 1815 665 ἀχοσμήτοις

1018 674 1052 711 ἦν
1065 677 1079 703 ὁ
1098 676 1172 708 Θεός.
1188 677 1304 708 Δικαιως
1315 677 1337 703 δ’
1351 676 1383 703 ἂν
1399 677 1446 703 καὶ
1462 676 1539 702 τοῦτο
1553 676 1676 712 ἐροίμην,
1691 675 1816 710 πότερον

1019 721 1138 758 ἐπλήρου
1160 722 1210 758 τὴν
1233 721 1298 757 ὕλην
1313 723 1327 748 ὁ
1342 721 1418 755 Θεὸς,
1433 722 1450 758 ἦ
1465 723 1494 748 ὲν
1510 721 1587 757 μέρει
1604 722 1656 748 τινὶ
1675 720 1723 756 τῆς
1739 720 1816 755 ὕλης

1020 768 1142 803 ὑπῆρχεν
1159 768 1253 804 αὐτῆς.
1266 769 1297 795 Ei
1320 769 1369 803 μὲν
1385 768 1438 803 γὰρ
1462 769 1490 795 ὲν
1513 767 1590 803 μέρει
1605 768 1657 794 τινί
1677 767 1724 802 τῆς
1738 766 1815 802 ὕλης

1020 815 1105 841 εἰπεῖν
1119 823 1161 845 τις
1175 813 1247 840 Θέλοι
1264 814 1308 840 τὸν
1329 814 1405 846 Θεὸν,
1427 814 1550 840 πλεῖστον
1570 814 1631 840 ὅσον
1646 814 1816 849 μικρότερον

187 862 281 886 steret.
294 857 347 885 Sed
356 862 382 886 et
390 858 454 885 illud
467 858 529 893 jure
542 857 694 893 quaesierim
711 866 718 884 ε
733 856 867 884 Totamnc
883 861 968 884 mate-

1024 860 1100 887 αὐτὸν
1122 860 1172 896 τῆς
1198 860 1264 895 ὕλης
1283 860 1374 894 λέγει·
1390 859 1417 886 εἴ
1427 869 1458 894 γε
1475 860 1506 896 δὴ
1535 860 1616 896 μέρος
1642 860 1725 895 αὐτῆς
1745 859 1816 886 ὅλον

186 904 255 931 riam
270 904 340 932 Deus
355 908 511 940 occuparet,
529 911 563 931 an
579 904 667 932 solum
687 904 714 930 in
731 907 809 939 parte
821 904 911 938 aliqua
927 911 971 930 ex-

185 950 389 978 sisteret?Sane
400 951 520 986 quidem,
531 951 554 978 si
566 951 628 986 quis
643 950 727 978 Deum
735 951 761 977 in
774 954 850 985 parte
865 953 970 976 tantum

186 996 308 1024 materia:
319 996 453 1024 allirmare
473 997 553 1029 velit,
567 1004 698 1032 perquam
715 996 902 1031 angustiorem
917 996 970 1022 mi~

185 1050 335 1078 moremque
354 1043 467 1070 materia
489 1042 569 1074 dicit;
584 1041 693 1078 quando
714 1049 777 1077 pars
796 1041 856 1076 ejus
883 1046 970 1069 totum

186 1095 283 1123 capere
309 1089 406 1123 potuit.
424 1088 472 1117 Sin
495 1089 594 1116 dixerit
608 1096 669 1116 esse
697 1088 724 1115 in
742 1092 809 1119 tota,
832 1092 971 1122 totamque

185 1135 340 1170 pervasisse
353 1135 506 1166 materiam,
523 1133 661 1170 quomodo
669 1141 729 1162 eam
738 1133 970 1168 elaboravit(l9)?

186 1179 304 1208 Net-esse
319 1184 362 1209 est
381 1181 453 1208 enim
470 1185 500 1208 ut
516 1181 650 1213 dicamus,
672 1180 757 1207 fuisse
780 1179 863 1206 Deum
879 1179 971 1213 aliquo

184 1228 267 1256 modo
278 1229 306 1255 in
324 1235 353 1255 se
369 1231 518 1255 retractum
532 1232 572 1260 ut,
585 1226 773 1261 contractione
798 1226 880 1257 facta,
896 1226 970 1253 illam

185 1279 290 1311 partem
306 1278 490 1309 componeret.
505 1281 519 1300 a
532 1281 586 1309 qua
603 1281 633 1301 se
647 1273 823 1305 retraxisset;
838 1273 879 1301 vel
888 1273 970 1301 etiam

185 1329 240 1348 una
258 1328 319 1348 cum
334 1320 447 1347 materia
464 1319 611 1352 eﬂinxisse,
627 1326 682 1346 non
708 1319 851 1346 habentem
881 1319 970 1345 locum

185 1375 240 1402 quo
251 1375 280 1394 se
291 1367 399 1395 interim
412 1366 555 1400 reciperet.
567 1364 594 1391 Si
608 1372 671 1392 vero
688 1365 750 1400 quis
764 1369 870 1392 asserat
887 1368 971 1392 mate-

185 1413 255 1440 riam
271 1411 298 1438 in
314 1410 369 1438 Deo
385 1410 489 1442 fuisse,
506 1410 632 1437 similiter
648 1409 846 1444 exquirendum
860 1412 944 1437 restat
961 1419 967 1436 :

186 1462 278 1485 utrum
295 1457 409 1488 scilicet,
427 1456 502 1484 velut
519 1456 577 1490 ipso
600 1455 688 1483 diviso
709 1463 723 1482 a
739 1463 767 1482 se
783 1455 841 1490 ipso
859 1455 926 1491 (ΞΟ),
938 1463 970 1483 ac

186 1503 259 1531 sicut
279 1502 438 1529 animalium
460 1509 558 1537 genera
579 1501 605 1527 in
628 1508 691 1528 aere
712 1502 864 1534 exsistunt;
882 1501 970 1528 diviso

1022 906 1144 942 ἐχώρησε
1158 907 1203 933 τὸν
1218 907 1293 934 Θεόν.
1312 907 1343 933 Et
1355 907 1383 933 δὲ
1397 908 1425 933 ὲν
1438 907 1512 943 πάσῃ
1528 905 1597 934 εἶναι
1615 907 1697 941 λέγοι,
1713 907 1760 933 καὶ
1774 907 1815 932 δι’

1020 953 1084 988 ὅλης
1098 953 1285 989 κεχωρηκέναι
1310 954 1360 988 τῆς
1380 953 1455 989 ὕλης,
1473 954 1529 985 πῶς
1549 949 1650 990 ταύτην
1664 953 1816 989 ἐδημιούρ-

1021 1007 1088 1034 γησε
1104 999 1370 1035 φρασάτω.⁴Ανάγκη
1388 999 1441 1035 γὰρ
1459 999 1588 1035 συστολήν
1603 1008 1662 1026 τινα
1676 999 1722 1026 τοῦ
1738 998 1814 1026 Θεοῦ

1021 1044 1120 1079 λέγειν,
1139 1042 1173 1081 ἧς
1185 1045 1333 1081 γενομένης
1347 1045 1522 1081 ἐδημιούργει
1539 1046 1625 1077 ἐκεῖνο
1638 1046 1683 1080 ἀφ’
1697 1043 1727 1072 οὕ
1742 1045 1815 1071 ὕπε-

1021 1091 1154 1127 χώρησεν,
1169 1091 1186 1128 ἢ
1203 1092 1250 1119 καὶ
1265 1092 1344 1119 αὐτὸν
1371 1093 1405 1127 τῇ
1428 1091 1479 1127 ὕλῃ
1501 1091 1742 1127 συνδημιουργεῖνι
1758 1091 1815 1117 οὐκ

1022 1137 1116 1172 ἔχοντα
1131 1139 1331 1174 ὑποχωρήσεως
1345 1138 1437 1165 τόπον.
1455 1138 1486 1163 El
1502 1137 1531 1164 δὲ
1551 1138 1600 1173 τὴν
1626 1137 1691 1173 ὕλην
1715 1138 1743 1164 ἐν
1769 1137 1814 1172 τῷ

1021 1183 1079 1219 Θεῷ
1097 1181 1165 1210 εἶναί
1188 1192 1228 1215 τις
1249 1183 1330 1215 λέξοι,
1342 1183 1442 1218 ὁμοίως
1455 1182 1591 1215 ἐξετάζειν
1613 1183 1668 1209 δεῐο
1695 1183 1814 1218 πότερον

1020 1229 1058 1260 ὡς
1072 1229 1242 1264 διισταμένου
1256 1229 1337 1255 αὑτοῦ
1354 1229 1400 1261 ἀφ’
1411 1228 1519 1261 ἑαυτοῦ,
1534 1229 1579 1256 καὶ
1595 1228 1686 1264 ὥσπερ
1703 1230 1730 1255 ὲν
1747 1229 1814 1264 ἀέρι

1022 1275 1139 1310 ὑπάρχει
1162 1275 1239 1310 γένη,
1260 1274 1447 1310 διαιρουμένου
1462 1275 1509 1301 καὶ
1533 1275 1709 1311 μεριζομένου
1726 1275 1813 1301 αὐτοῦ

1021 1322 1061 1353 εἰς
1076 1321 1207 1356 ὑποδοχὴν
1221 1320 1274 1347 τῶν
1286 1321 1434 1355 γινομένων
1456 1321 1485 1347 ὲν
1510 1321 1620 1356 αὑτῷ,ἢ
1635 1321 1673 1353 ὡς
1688 1322 1814 1357 ὲντόπῳ,

1019 1367 1169 1398 τουτέστιν,
1183 1366 1277 1402 ὥσπερ
1292 1367 1321 1393 ὲν
1335 1368 1369 1402 γῇ
1390 1366 1462 1401 ὕδωρ
1474 1375 1481 1381 ·
1498 1368 1522 1393 εἰ
1540 1367 1589 1402 μὲν
1603 1366 1657 1402 γὰρ
1673 1367 1812 1401 εἴποιμεν,

1021 1413 1059 1444 ὡς
1076 1413 1105 1439 ἐν
1120 1414 1191 1448 ἀέρι,
1211 1413 1339 1448 μεριστὸν
1361 1413 1467 1448 ἀνάγκη
1488 1413 1533 1439 τὸν
1554 1413 1619 1440 Θεὸν
1633 1414 1718 1439 εἰπεῖν
1728 1422 1734 1427 ·
1749 1414 1774 1439 εἰ
1788 1413 1813 1439 δ’

1021 1458 1116 1495 ὥσπερ
1129 1460 1157 1485 ἐν
1172 1460 1207 1494 γῇ
1223 1459 1294 1494 ὕδωρ
1304 1467 1310 1474 ⁸
1323 1456 1357 1494 ἧν
1368 1459 1395 1485 δὲ
1406 1459 1522 1490 ἄτακτος
1537 1459 1554 1494 ἡ
1565 1458 1614 1494 ὕλη
1630 1459 1676 1485 καὶ
1686 1458 1816 1494 ἀκόσμη-

1022 1512 1079 1535 τος,
1102 1504 1168 1539 πρὸς
1184 1504 1212 1530 δὲ
1227 1503 1331 1536 τούτοις
1345 1503 1443 1539 ἔχουσα
1458 1504 1505 1530 καὶ
1519 1504 1592 1532 κακά
1603 1512 1610 1519 ’
1626 1504 1672 1531 τὸν
1687 1504 1753 1533 Θεὸν
1767 1505 1815 1531 λέ-

186 1550 247 1585 ipso
262 1553 392 1584 sectoque
412 1547 446 1574 ad
468 1555 499 1574 ea
522 1547 697 1582 suscipienda
712 1554 773 1582 quae
795 1547 822 1574 in
837 1555 869 1574 eo
882 1552 946 1574 sunt
961 1557 967 1574 :

1024 1558 1078 1584 γειν
1089 1550 1194 1585 ἀνάγκη
1224 1550 1306 1576 τόπον
1322 1548 1390 1577 εἶναι
1404 1550 1566 1585 ἀκοσμήτων
1580 1551 1627 1577 καὶ
1639 1550 1692 1576 τῶν
1705 1551 1813 1578 κακῶν.

185 1597 229 1623 vel
245 1596 317 1623 sicut
340 1595 368 1622 in
393 1594 453 1621 loco
477 1593 529 1620 hoc
553 1598 605 1625 est,
627 1601 659 1620 eo
675 1592 755 1620 modo
771 1601 825 1628 quo
848 1601 918 1629 aqua
942 1594 970 1624 in

186 1643 259 1667 terra
279 1644 331 1667 est.
350 1639 378 1666 Si
393 1639 503 1674 quidem
517 1646 550 1665 eo
565 1638 645 1665 modo
673 1638 824 1666 dixerimus
846 1647 900 1674 quo
926 1647 971 1667 res

186 1691 252 1714 sunt
266 1686 293 1712 in
306 1693 386 1718 aere;
400 1691 510 1712 necesse
521 1688 574 1715 est,
585 1687 614 1710 ut
627 1683 711 1711 Deum
728 1683 890 1710 divisibilem
901 1684 973 1711 dica-

188 1740 260 1759 mus.
278 1731 326 1758 Sin
342 1735 432 1758 autem
456 1738 489 1758 eo
513 1730 593 1758 modo
608 1738 662 1766 quo
677 1738 747 1765 aqua
762 1734 804 1758 est
823 1730 850 1757 in
870 1734 943 1758 terra
963 1740 970 1758 :

188 1786 250 1805 cum
264 1776 379 1804 materia
392 1775 525 1811 indigesta
535 1779 608 1803 esset
620 1779 647 1802 et
663 1775 858 1811 incomposita;
868 1776 902 1802 ad
917 1776 973 1803 haec

188 1825 282 1856 etiam,
301 1823 372 1850 mala
387 1822 558 1855 contineret;
574 1822 739 1849 necessitate
769 1821 925 1856 coniicitur,
944 1827 973 1850 ut

190 1896 247 1919 tum
268 1891 408 1922 extremis,
423 1899 510 1926 eoque
533 1890 586 1918 illis
604 1890 685 1921 idem,
705 1890 845 1917 identitate
870 1890 974 1917 scilicet

189 1927 307 1963 partium
333 1927 359 1963 in
386 1931 452 1954 toto.
467 1925 567 1963 'Paulor
580 1926 658 1963 aliter
677 1926 810 1963 formatur
824 1925 880 1952 hinc
905 1927 974 1953 ratio

190 1961 396 1997 apudeotium
416 1973 422 1989 :
441 1966 501 1996 post
513 1962 593 1988 verba
609 1961 680 1988 enim
691 1968 745 1997 non
757 1961 835 1997 longe
849 1962 974 1996 superius

188 1995 287 2032 posita.
307 1998 375 2033 ὅπερ
389 1995 497 2024 καὶτὸν
518 1996 655 2033 χωριομτὸν
676 1995 764 2033 αὕτῶν
779 1995 897 2033 δελίκνυάι
913 2006 919 2024 :
938 1997 973 2033 ita

190 2030 289 2066 arguit.
300 2030 378 2059 τοῦτο
392 2033 430 2064 δὲ,
442 2033 500 2068 ἦτοι
517 2030 670 2068 caught/ou,
687 2031 787 2068 ἥνωται
802 2031 909 2068 θατέρῳ
921 2031 975 2068 τῷν

188 2068 250 2094 δύο·
270 2068 316 2094 καὶ
333 2068 438 2103 ἀνάγκη
454 2066 544 2094 πάλιν
559 2067 575 2102 ἢ
599 2066 727 2103 ξνωσιννῆ
744 2066 883 2103 χωριᾳμὸν
908 2066 975 2101 πρὸς

189 2104 220 2130 τὸ
236 2103 329 2138 ἕτερον
346 2101 638 2138 ζητεῖνῙΕνωσινγάρ
661 2101 790 2138 ἀδύνατον
806 2101 879 2138 [δεῖν]
897 2102 975 2138 εἰπερ

190 2136 295 2173 Οατέρῲ
306 2136 401 2164 ταυτὸν
412 2136 480 2164 εἶναι
496 2139 541 2164 καὶ
553 2137 672 2173 ὴνῴσθαι
685 2137 801 2173 δέδοτςμ·
815 2136 910 2173 ήνοῦτο
922 2137 975 2173 γὰρ

189 2170 324 2205 οὕτωςνᾶν
339 2173 385 2199 καὶ
400 2174 430 2199 τὸ
446 2173 475 2205 ἐξ
488 2170 583 2208 ἀρχῆς,
599 2170 620 2206 ᾦ
634 2172 731 2208 ταυτὸν
745 2170 812 2208 εἶναι
825 2170 908 2198 τοῦτο
920 2170 976 2198 £56-

1023 1595 1111 1631 Ὅπερ
1132 1596 1183 1622 οὐκ
1207 1595 1328 1630 εὕφημον
1349 1593 1421 1622 εἶναι
1447 1603 1492 1630 μοι
1515 1595 1596 1626 δοκεῖ,
1613 1596 1761 1630 ἐπισφαλὲς
1783 1597 1815 1622 δὲ

1024 1641 1225 1677 μᾶλλον.”Υλην
1250 1641 1304 1677 γὰρ
1321 1639 1389 1669 εἶναι
1404 1641 1500 1673 θέλεις,
1523 1641 1566 1668 ἵνα
1590 1641 1626 1677 μὴ
1640 1642 1694 1669 τῶν
1717 1642 1815 1668 κακῶν

1023 1688 1137 1722 ποιητὴν
1153 1688 1234 1724 εἴπῃς
1249 1688 1295 1714 τὸν
1312 1687 1377 1714 Θεὸν
1387 1696 1394 1702 ·
1408 1689 1454 1714 κα).
1467 1687 1545 1714 τοῦτο
1558 1689 1652 1722 φυγεῖν
1668 1689 1817 1724 προαιροὺ-

1025 1742 1114 1768 μενος,
1131 1733 1232 1768 δοχεῖον
1249 1733 1328 1760 αὑτὸν
1345 1733 1397 1759 τῶν
1411 1733 1503 1759 κακῶν
1520 1731 1588 1760 εἶναι
1601 1733 1699 1767 λέγεις.
1716 1734 1748 1760 El
1761 1734 1815 1769 μὲν

1023 1778 1079 1811 οὖν,
1092 1780 1141 1816 τὴν
1156 1779 1221 1814 ὕλην
1237 1780 1268 1806 ὲκ
1281 1779 1334 1805 τῶν
1351 1779 1407 1815 (Ἡ)
1425 1779 1598 1807 ὑποστάντων
1613 1778 1732 1814 γενητῶν
1748 1780 1817 1805 ὐπο-

1024 1827 1101 1859 νοῶν,
1118 1826 1249 1861 ἀγένητον
1266 1825 1399 1860 ὑπάρχειν
1413 1825 1514 1859 ἔλεγες,
1527 1824 1610 1851 πολὺν
1624 1824 1657 1851 ἂν
1670 1825 1733 1861 περὶ
1747 1825 1816 1851 ταύ-

1025 1894 1084 1930 [ὡς]
1098 1896 1126 1921 ὲν
1138 1894 1215 1930 μέρει
1229 1893 1356 1930 ἡνῶσθαι,
1375 1900 1471 1930 nempe
1492 1891 1576 1930 Deum
1590 1892 1661 1930 uniri
1678 1892 1720 1919 vel
1734 1896 1767 1930 ut_
1782 1892 1814 1920 in

1025 1928 1101 1964 parte
1117 1939 1124 1956 :
1139 1928 1195 1961 vel,
1214 1928 1244 1956 ut
1262 1937 1326 1963 pars
1341 1928 1435 1964 unitur
1450 1928 1531 1962 parti.
1547 1928 1594 1964 Est
1611 1928 1694 1954 altera
1710 1928 1814 1961 proba-

1025 1963 1063 1991 iio
1080 1965 1114 1992 ab
1128 1965 1213 1992 altero
1228 1963 1308 1991 modo
1324 1963 1444 1994 unionis,
1464 1971 1512 1998 per
1534 1963 1643 1991 modum
1664 1963 1784 1997 contigui
1803 1973 1811 1990 :

1025 2000 1160 2062 Locatique
1172 2003 1199 2027 et
1215 1999 1266 2027 loci
1284 2008 1289 2026 :
1310 2007 1371 2034 quae
1385 2004 1411 2026 et
1431 1999 1490 2033 ipsa
1505 1998 1539 2026 ad
1553 1998 1691 2027 hominem
1713 2005 1814 2032 proce-

1046 2044 1052 2061 1
1069 2056 1076 2062 ς

1046 2035 1076 2062 it.

1062 2070 1117 2104 (l9)
1138 2069 1275 2102 Quomodo
1291 2078 1348 2096 eam
1370 2068 1534 2096 elaboravit?
1547 2067 1609 2100 Πῶς
1628 2066 1729 2102 ταύτην
1749 2067 1811 2103 ἐδη-

1028 2106 1187 2140 μιούργησε,
1197 2105 1375 2132 similitudine
1389 2103 1534 2140 artiﬁcum,
1548 2111 1616 2138 quos
1628 2106 1734 2137 oportet
1749 2111 1814 2130 esse

1027 2139 1151 2167 nonnihil
1166 2141 1226 2167 loco
1242 2140 1375 2167 discretos
1391 2147 1404 2165 a
1421 2139 1534 2166 materia
1549 2146 1629 2173 quam
1642 2143 1815 2172 componunt

1026 2180 1054 2203 et
1077 2175 1235 2210 perﬁciunt;
1259 2176 1298 2202 sic
1320 2174 1508 2210 Archimedes
1533 2173 1692 2210 nonnullum
1717 2173 1811 2210 locum

189 2209 233 2244 οη.
246 2209 276 2234 Εἰ
293 2208 320 2234 δὲ
335 2207 624 2244 κεχωρίσθαιςάπαιτεῖ
636 2207 650 2232 ό
662 2207 843 2244 λέγοςκπάλιν
856 2207 886 2232 τὸ
895 2207 971 2244 χωρίη

1027 2207 1103 2238 extra
1117 2210 1274 2237 universum
1289 2209 1437 2244 quaerebat,
1463 2209 1510 2235 toti
1534 2209 1572 2235 illi
1595 2208 1691 2235 cienth
1706 2212 1732 2235 et
1746 2208 1814 2244 sede

190 2242 235 2276 ζον
247 2242 421 2279 ἀπαιτητέονζ
432 2244 483 2275 ἕως
493 2242 526 2272 ἂν
539 2243 736 2279 ἀπείρων-ἡμῖν
746 2243 883 2277 ἀγενήτων
893 2242 975 2277 ἑσμὸς

189 2280 325 2315 ἀναφανῇ.
344 2277 398 2314 Ego
414 2279 453 2306 sic
469 2277 610 2315 redderem
624 2287 630 2305 :
645 2277 701 2315 [Ioc
715 2283 802 2305 autem
817 2280 922 2315 (nempe
933 2285 976 2315 se-

190 2312 386 2350 paratis)"vclut
405 2313 474 2349 quod
488 2314 521 2340 sit
538 2313 606 2340 idem
624 2313 701 2350 alteri
717 2315 843 2344 duorum,
864 2312 904 2338 illi
920 2313 977 2350 imi-

190 2348 245 2376 tum
257 2348 316 2376 est:
337 2348 493 2384 rursumque
505 2357 606 2376 necesse
615 2349 663 2375 erit
675 2356 790 2384 querere
806 2353 851 2374 aut
866 2348 976 2380 conjun-

189 2386 300 2413 cIionem
325 2390 371 2411 aut
395 2383 585 2418 “perationem
603 2384 635 2410 ub
652 2383 744 2410 altero.
762 2383 888 2410 Unionem
905 2383 975 2409 enim

190 2421 286 2451 cidere.
302 2420 569 2454 impossibile/uarii,
582 2420 604 2446 si
626 2419 730 2454 quidem
755 2426 905 2446 concessum
926 2423 974 2450 est,

189 2465 244 2484 esse
264 2456 331 2482 idem
352 2465 410 2482 cum
433 2456 526 2487 altera,
543 2461 566 2482 et
585 2455 627 2481 illi
643 2455 756 2480 unitum.
769 2454 814 2480 Sic
831 2456 899 2480 enim
915 2454 976 2479 uni-

191 2497 263 2518 retur
287 2491 366 2518 etiam
386 2491 501 2525 primunt
523 2491 601 2521 illud,
614 2498 671 2516 cum
685 2498 735 2524 quo
752 2489 822 2515 istud
840 2489 908 2516 idem
920 2496 975 2515 esse

191 2535 341 2554 concessum
351 2526 412 2561 fuit.
432 2525 507 2559 Quod
521 2527 544 2553 si
560 2527 628 2552 ratio
645 2525 719 2551 docet
727 2529 901 2561 separatum:
913 2531 973 2553 rur-

190 2570 236 2589 sus
250 2559 419 2597 quaerendum
434 2567 472 2588 est
489 2570 539 2596 quo
551 2559 795 2597 separetur,_giouec
810 2559 976 2597 inﬁnitarum

190 2594 364 2632 ingenuorum
378 2597 450 2624 nobis
466 2594 541 2630 copia
556 2594 688 2632 occurrat.
702 2594 749 2632 Est
767 2595 822 2632 haec
839 2595 919 2632 ratio_
929 2602 973 2621 sa-

190 2629 229 2659 tis
242 2633 327 2660 facilis
341 2636 367 2658 ct
381 2629 552 2666 consequens
567 2641 574 2659 ι
593 2629 646 2658 nisi
662 2630 734 2664 quod
759 2630 858 2664 ubique
885 2629 975 2661 Ininus

192 2668 368 2702 probabiliter
381 2668 488 2694 videtur
501 2674 665 2702 supponere,
677 2666 807 2702 distingui
823 2665 912 2702 aliqua
929 2673 976 2702 ne-

191 2700 321 2733 cessario.
337 2710 391 2729 non
410 2711 439 2730 se
453 2700 595 2737 ipsis,‘sed
611 2709 659 2736 per
675 2701 737 2728 alia.
754 2700 829 2728 Valet
843 2700 977 2737 nihilomi-

192 2745 244 2764 nus
260 2737 304 2763 illa
320 2738 354 2764 ad
371 2738 517 2769 hominem.
533 2741 560 2765 et
575 2737 715 2771 supposita
735 2744 827 2763 crassa
842 2736 888 2762 illa
903 2736 976 2768 testi-

193 2772 311 2800 matione
327 2773 361 2799 de
376 2772 440 2804 Deo,
459 2772 486 2798 in
503 2780 555 2806 qua
569 2770 647 2799 erant
662 2770 856 2799 Valentiniani.

228 2807 283 2838 (18)
309 2807 345 2833 Ac
361 2815 440 2841 neque
453 2815 558 2833 rursum
573 2807 649 2833 ambo
665 2811 692 2832 ut
706 2811 793 2840 partes
809 2807 888 2841 uniri.
905 2806 974 2839 Μήτ’

194 2840 227 2871 αὖ
243 2842 331 2876 πάλιν,
347 2843 383 2874 ὡς
397 2842 465 2878 μέρη
478 2841 594 2876 ἡνῶσθαι
620 2842 698 2869 Photi
709 2850 762 2875 tua,
777 2842 836 2879 μηδ’
847 2840 879 2870 αὖ
897 2841 975 2869 πάλιν

1027 2245 1170 2272 movendo.
1186 2243 1322 2279 Interprés
1346 2245 1448 2279 passim
1475 2245 1509 2270 τὸ
1530 2243 1703 2279 δημιουργεῖν
1721 2243 1814 2279 reddit

1026 2289 1125 2312 creare,
1141 2280 1214 2315 quod
1231 2278 1282 2307 hoc
1297 2278 1357 2307 loco
1371 2287 1423 2315 non
1441 2278 1576 2314 congruit,
1592 2278 1638 2315 ubi
1663 2279 1751 2313 agitur
1775 2278 1814 2305 de

1027 2313 1188 2342 formatione
1203 2315 1332 2348 materiae,
1348 2314 1478 2341 adversus
1492 2321 1540 2341 eos
1552 2313 1699 2348 qui'ipsam
1715 2321 1729 2339 a
1742 2320 1771 2340 sc
1783 2318 1814 2340 et

1027 2351 1173 2386 ingenitam
1191 2350 1326 2377 dicebant.
1342 2349 1376 2386 lit
1389 2357 1454 2383 ergo
1470 2357 1523 2386 non
1536 2349 1648 2375 tulerint
1666 2356 1756 2386 aures,
1782 2353 1814 2374 ut

1028 2383 1105 2413 faber
1123 2385 1232 2413 dicatur
1244 2393 1336 2413 creare
1351 2384 1464 2414 ferrum,
1482 2385 1518 2411 ita
1535 2392 1622 2419 neque
1637 2388 1666 2411 ut
1680 2383 1762 2416 Deus,
1777 2391 1814 2410 eo

1027 2429 1120 2452 sensu,
1134 2421 1241 2448 dicatur
1256 2427 1349 2447 creare
1364 2419 1516 2446 materiam.

1062 2456 1117 2491 (20)
1140 2456 1213 2483 Velut
1228 2456 1283 2489 ipso
1294 2455 1377 2482 diviso
1392 2463 1408 2481 α
1421 2463 1448 2481 se
1458 2455 1523 2491 ipso.
1533 2453 1611 2482 Velut
1623 2454 1649 2481 in
1662 2453 1815 2491 locoﬂcomg

1027 2489 1143 2518 muniet
1158 2491 1277 2526 proprio,
1295 2491 1435 2526 utiquovis
1457 2490 1537 2516 modo
1553 2494 1685 2524 sequatur
1706 2489 1812 2526 aliquid

1027 2524 1164 2553 absonum
1171 2524 1318 2552 veldivisio
1327 2525 1390 2558 Dei;
1404 2525 1444 2552 vel
1456 2525 1559 2560 indigni
1571 2530 1597 2552 et
1609 2525 1707 2559 turpis.
1719 2532 1768 2551 ceu
1782 2524 1812 2551 in

1026 2569 1090 2588 vase
1103 2565 1129 2588 et
1141 2561 1200 2587 loco
1213 2560 1332 2595 proprio,
1345 2561 1524 2592 continentia,
1534 2568 1595 2587 cum
1611 2560 1710 2594 probro
1725 2560 1813 2586 conti-

1026 2596 1117 2624 nentis
1135 2606 1141 2623 :
1162 2595 1232 2622 unde
1246 2596 1318 2630 quod
1337 2596 1460 2630 sequitur
1475 2595 1492 2630 ἢ
1510 2595 1547 2627 ὡς
1559 2596 1587 2622 ὲν
1602 2595 1686 2630 τόπῳ,
1703 2595 1812 2621 videtur

1027 2631 1206 2666 supplendum
1219 2631 1310 2658 addito
1326 2630 1392 2665 ἰδίῳ,
1417 2631 1469 2657 nisi
1483 2630 1625 2664 legendum
1639 2634 1680 2657 est
1696 2630 1813 2665 ἀγγείῳ,

1027 2668 1106 2701 cujus
1119 2666 1292 2694 continentiae
1313 2666 1466 2700 exemplum
1480 2666 1570 2692 statim
1585 2666 1612 2692 in
1630 2670 1701 2692 terra
1716 2669 1812 2699 ponat,

1027 2700 1078 2732 hoc
1089 2706 1141 2733 est,
1154 2709 1217 2728 vase
1228 2705 1317 2728 terreo
1331 2706 1358 2728 et
1369 2701 1443 2728 ﬁctili
1460 2700 1616 2727 continente
1624 2708 1722 2735 aquam
1738 2709 1744 2726 :
1758 2709 1813 2734 qua

1027 2737 1204 2767 continentia,
1214 2744 1262 2764 vas
1276 2736 1387 2769 dicitur,
1396 2736 1439 2763 vel
1450 2736 1478 2763 in
1493 2736 1633 2768 honorem,
1649 2735 1690 2763 vel
1706 2735 1731 2762 in
1744 2744 1814 2762 con-

1027 2772 1176 2802 tumeliam.
1193 2772 1203 2798 Ι
1220 2771 1291 2799 Tim.
1306 2779 1335 2799 ll.

1063 2808 1118 2843 (21)
1146 2808 1191 2834 Ἐκ
1203 2806 1270 2834 τῶν.
1292 2806 1372 2834 Forte
1383 2805 1434 2838 ἔξω
1449 2805 1513 2833 τῶν.
