1920 3070
66 89 119 116 Σῖιδ

659 92 724 120 LIB.
745 92 788 119 DE
805 92 930 120 LIBERO
949 92 1123 121 ARBITRIO.

1645 97 1698 125 εει

64 157 114 183 της
127 147 306 183 ἐποιησάμην
319 149 402 183 λόγον
416 151 457 182 εἰς
470 151 605 184 ἀπόδειξιν
622 152 668 178 τοῦ
681 154 721 180 ὅτι
736 153 862 181 ἀδύνατον

919 154 1010 187 Deum,
1028 155 1117 181 locum
1132 153 1255 182 dicamus
1270 153 1326 190 (2t)
1343 155 1587 191 incompositorum
1602 159 1630 184 et
1641 161 1700 184 tur-

65 194 199 230 ὑπάρχειν
223 194 312 230 αὐτὴν
339 196 474 232 ἀγένητον
485 207 491 212 ·
508 199 569 224 ἐπεὶ
583 198 612 225 δὲ
624 199 673 234 τὴν
693 199 746 226 τῶν
770 200 862 227 κακῶν

66 241 173 274 γένεσιν
188 240 280 266 αξτίαν
298 242 353 277 φῂς
374 240 444 269 εἶναι
460 243 510 278 τῆς
529 243 653 280 τοιαύτης
667 245 801 277 ὑπονοίας,
818 245 862 272 διὰ

65 286 142 312 τοῦτο
159 286 206 312 ἐπὶ
223 286 273 322 τὴν
300 287 426 319 ἐξέτασιν
448 288 549 316 τούτων
570 289 695 326 ἔρχεσθαί
719 300 763 326 μοι
779 292 861 319 δοκεῖ.

65 332 186 367 Φανεροῦ
211 332 269 368 γὰρ
297 335 443 369 γινομένου
458 335 504 361 τοῦ
521 335 610 370 λόγου,
632 337 693 364 καθ’
707 337 736 363 ὃν
764 338 863 373 τρόπον

67 378 124 404 ἐπὶ
146 379 184 405 τὰ
205 379 292 411 κακὰ,
307 381 356 407 καὶ
375 381 416 408 ὅτι
429 381 476 416 οὐχ
490 378 544 409 οἶόν
557 391 586 408 τε
607 383 681 409 ἐστὶν
701 383 786 410 αἴτιον
809 383 863 411 τῶν

67 424 161 451 κακῶν
179 426 269 452 εἰπεῖν
284 426 330 452 τὸν
348 427 424 459 Θεὸν,
436 427 467 454 ἐκ
486 427 532 454 τοῦ
557 427 621 463 ὖλην
650 427 723 464 αὑτῷ
736 427 863 455 ὑποτιθέ-

67 478 110 496 ναι
124 470 178 504 τὴν
196 471 330 506 τοιαύτην
350 472 485 505 ὑπόνοιαν,
509 473 677 508 ἀναιρεῖσθαί
702 482 747 509 μοι
771 473 861 500 δοκεῖ·

66 516 118 546 ὅτι,
134 517 160 542 εἰ
187 517 238 548 τὰς
263 518 410 554 ποιότητας
440 519 476 555 μὴ
500 519 583 552 οὔσας
608 520 822 556 ἐδημιούργησεν
848 522 862 548 ὁ

66 560 144 593 Θεὸς.
158 563 207 588 καὶ
221 562 273 595 τὰς
289 564 383 596 οὐσίας
398 565 507 599 ὁμοίως.
522 566 576 601 Φῄς
586 566 674 592 τοίνυν
687 566 780 592 ἄποιον
797 566 862 601 ὕλην

68 608 256 644 συνυπάρχειν
278 609 317 645 τῷ
331 610 402 648 Θεῷ,
415 611 444 644 ἐξ
461 609 496 647 ἦς
510 611 559 646 τὴν
573 611 620 638 τοῦ
635 611 737 647 κόσμου
757 611 863 646 γένεσιν

68 652 306 690 ὲδημιούργησενς

915 201 1000 236 pium,
1018 205 1106 235 atque,
1119 200 1251 227 malorum
1269 210 1276 228 :
1292 201 1363 236 quod
1387 202 1478 230 minus
1505 202 1604 230 decens
1632 203 1699 230 tntilli

916 247 1033 278 videtur,
1044 247 1109 281 quin
1126 246 1208 273 etiam
1217 247 1410 281 periculosum.
1425 247 1493 274 Nam
1508 248 1571 275 ideo
1583 248 1624 276 vis
1637 256 1699 276 esse

916 291 1070 324 materiam,
1093 295 1122 318 ut
1136 299 1169 318 ne
1188 290 1272 318 Deum
1289 292 1421 318 malorum
1432 297 1570 320 auctorem
1582 292 1700 319 afﬁrma-

915 337 1009 364 veris:
1027 344 1144 372 cumque
1164 336 1216 363 hoc
1241 337 1309 364 velis
1339 343 1445 369 cavere,
1471 341 1604 364 malorum
1632 346 1700 365 con-

915 383 1097 418 ceptaculum,
1113 390 1175 409 eum
1194 382 1272 410 dicis.
1297 382 1377 415 Quod
1407 382 1430 410 si
1456 384 1595 410 materiam
1621 388 1700 411 extra

915 429 1092 456 subsistentia
1117 433 1209 456 creata
1232 428 1404 460 existimans,
1419 428 1566 456 increatam
1582 429 1699 456 dixisses

915 474 1170 509 exsistere,imultis
1179 474 1212 501 de
1222 481 1252 501 ea
1266 475 1374 502 locutus
1381 482 1481 507 essem,
1493 475 1632 509 probando
1645 483 1699 502 non

915 528 997 556 posse
1013 520 1082 552 ﬁeri,
1098 524 1128 547 ut
1140 527 1172 548 ea
1190 521 1309 548 increata
1330 521 1374 548 sit.
1390 520 1459 554 Quia
1476 528 1540 548 vero
1566 521 1699 548 malorum

915 569 1016 598 ortum,
1046 566 1213 600 ejuscemodi
1236 567 1372 601 opinionis
1393 566 1462 594 dicis
1483 574 1609 599 causam,
1637 574 1701 601 pro-

915 615 1008 646 pterea
1019 611 1107 638 visum
1121 616 1174 644 est,
1188 617 1216 638 ut
1233 611 1266 638 ad
1282 613 1395 639 istorum
1406 619 1518 639 examen
1531 612 1699 646 progrediar.

916 657 1060 685 Declarato
1070 657 1153 689 enim,
1164 657 1301 692 quomodo
1318 658 1384 684 tiant
1397 658 1478 689 mala,
1490 658 1616 692 quodque
1629 657 1702 684 Deus

68 701 206 728 malorum
228 707 326 730 auctor
341 703 394 731 diei
420 709 548 740 nequeat,
580 709 741 740 suggerente
771 705 885 733 materia
911 705 1046 739 ejusmodi
1074 705 1240 740 opinionem,
1259 705 1325 732 mihi
1351 705 1448 733 confici
1475 705 1592 738 videtur,
1621 710 1650 732 ut
1676 706 1700 733 si

69 745 141 773 Deus
157 747 307 781 qualitates
324 757 384 784 quae
399 758 453 777 non
463 754 550 783 erant,
559 751 673 784 ereavit,
687 751 770 778 simili
780 751 863 779 etiam
875 751 983 778 ratione
1000 751 1171 778 substantias
1193 751 1303 780 crearit.
1321 751 1381 778 Ain‘
1397 758 1462 786 ergo
1491 753 1632 779 materiam
1652 759 1702 779 nu-

69 794 135 821 dam
148 796 285 829 qualitate
300 802 327 825 et
337 798 492 832 informem,
503 799 558 827 Deo
569 800 747 833 coexsistere,
757 808 789 828 ex
804 807 859 835 qua
875 799 1004 826 mundum
1019 799 1174 826 creaverit?

104 840 210 868 οΥΑΛ.
233 843 311 870 Οὕτω
327 853 372 879 μοι
387 845 470 872 δοκεῖ.

103 887 225 914 ΟΡΘΟΔ.
249 889 353 916 Οὐκοῦν
382 891 406 917 εἰ
428 891 521 923 ἄποιος
538 891 684 927 ἐτύγχανεν
697 892 714 928 ἡ
728 891 790 928 ὕλη,
816 892 862 926 γέ-

70 939 130 964 γονε
148 932 177 959 δὲ
201 933 306 969 κόσμος
323 936 390 971 πρὸς
410 937 456 963 τοῦ
478 937 556 971 Θεοῦ,
572 938 602 964 ἐν
625 938 653 964 δὲ
673 938 713 973 τῷ
728 938 822 973 κόσμῳ
836 939 864 965 αἱ

71 979 231 1014 ποιότητες·
244 981 299 1009 τῶν
311 985 461 1020 ποιοτήτων
477 984 571 1019 γέγονε
586 985 700 1021 ποιητὴς
715 986 729 1012 ὁ
738 985 814 1017 Θεός.

106 1075 210 1102 υΥΑΛ.
234 1075 328 1107 Οὕτως
339 1075 407 1110 ἔχει.

105 1122 226 1151 ΟΡΘΟΔ.
255 1122 330 1151 Ἐπεὶ
349 1121 377 1148 δέ
394 1130 440 1148 σου
462 1122 508 1149 καὶ
523 1122 647 1156 λέγοντος
661 1122 777 1158 πρόσθεν
788 1123 865 1158 ηκου-

73 1177 110 1198 ον,
122 1168 306 1200 ὡς,ἀδύνατον
322 1168 352 1201 ὲξ
365 1169 414 1194 οὐκ
430 1167 513 1195 ὄντων
525 1168 648 1202 γίνεσθαί
661 1177 696 1200 τι,
715 1168 782 1205 πρὸς
795 1168 864 1204 ἐ.ρὼ-

73 1223 149 1249 τηςιν
165 1215 314 1251 ἀπόκριναι
328 1214 379 1250 τὴν
394 1215 477 1250 ἐμήν·
493 1214 566 1242 δοκεῖ
583 1223 623 1241 σοι
640 1214 689 1246 τὰς
702 1214 748 1241 τοῦ
762 1215 864 1250 κόσμου

76 1261 218 1296 cotem-ra;
234 1261 273 1296 μὴ
289 1261 318 1293 ἐξ
337 1260 523 1295 ὑποκειμένων
539 1261 687 1297 ποιοτήτων
708 1261 863 1296 γεγονέναι;

105 1306 209 1332 οΪἈΛ.
224 1307 313 1332 Δοκεῖ.

107 1351 226 1378 ΟΡΘΟΔ.
249 1352 362 1388 Ἕτερον
376 1352 405 1378 δέ
421 1360 449 1378 τι
465 1352 540 1388 παρὰ
559 1352 608 1386 τὰς
626 1353 719 1385 οὐσίας
732 1353 866 1392 ὑπάρχειν

76 1404 154 1427 αὐτας
164 1405 172 1428 ;

108 1443 211 1469 ΟΥΑΛ.
230 1443 324 1475 Οὕτως
341 1443 410 1478 ἔχει.

107 1489 227 1515 ΟΡΘΟΔ.
254 1489 359 1516 Οὐκοῦν
379 1490 403 1515 εἰ
424 1489 492 1525 μήτε
507 1489 537 1522 ἐξ
558 1489 744 1525 ὑποκειμένων
758 1491 866 1526 ποιοτή-

75 1543 123 1561 των
139 1535 193 1566 τὰς
214 1535 360 1570 ποιότητας
377 1523 591 1572 ἐδημιούργησεν
613 1537 627 1562 ὁ
645 1523 727 1569 Θεὸς,
748 1537 816 1572 μήτε
832 1523 864 1564 ἐκ
878 1523 898 1553 C

73 1580 124 1607 τῶν
138 1581 241 1607 οὐσιῶν
261 1581 424 1617 ὑπάρχουσι,
438 1581 476 1617 τῷ
495 1581 562 1617 μηδὲ
574 1581 666 1614 οὐσίας
682 1583 765 1614 αὑτὰς
779 1582 864 1610 εἶναι’

74 1627 104 1653 ἐκ
129 1627 168 1662 μὴ
196 1628 282 1654 ὅντων
313 1628 398 1659 αὐτὰς
421 1628 473 1654 ὑπὸ
503 1629 571 1656 Θεοῦ
594 1629 732 1663 γεγονέναι
760 1630 865 1665 ἀνάγκη

75 1673 168 1699 εἰπεῖν.
189 1673 272 1700 Ὅθεν
294 1673 429 1710 περιττῶς
443 1674 544 1707 ἐδόκεις
560 1684 604 1710 μοι
620 1675 721 1709 λέγειν,
737 1675 865 1703 ἀδύνατον

74 1718 194 1750 δοξάζειν
214 1719 245 1752 ἐξ
260 1719 310 1745 οὐκ
320 1719 404 1745 ὄντων
419 1720 559 1753 γεγονεναι
578 1729 604 1746 τι
622 1721 690 1756 πρὸς
710 1720 757 1747 τοῦ
784 1720 863 1747 Θεοῦ.

80 1766 146 1792 Ἀλλ’
171 1766 186 1791 ὁ
205 1765 256 1800 μὲν
272 1765 336 1801 περὶ
351 1765 446 1792 τούτου
462 1766 539 1800 λόγος
554 1763 604 1793 ὦδε
621 1767 716 1802 ἐχέτω.
735 1767 789 1793 Καὶ
809 1767 863 1804 γὰρ

74 1813 136 1847 παρ’
147 1813 215 1848 ἡμῖν
227 1812 336 1847 ὁρῶμεν
351 1812 509 1848 ἀνθρώπους
523 1812 551 1845 ἐξ
566 1813 616 1840 οὐκ
628 1813 711 1840 ὄντων
722 1813 865 1845 ποιοῦντάς

73 1866 140 1889 τινα,
158 1858 184 1884 εί
209 1858 258 1884 καὶ
285 1858 319 1884 τὰ
337 1857 453 1893 μάλιστα
478 1858 601 1886 δοκοῦσιν
626 1855 698 1886 οὗτοι
724 1861 810 1887 ποιεῖν
834 1861 864 1888 ἐν

75 1912 134 1931 τινι.
156 1902 220 1931 Οἴον
235 1904 282 1930 ἐπὶ
300 1904 353 1930 τῶν
370 1905 568 1940 ἀρχιτεκτόνων
583 1898 613 1932 τὸ
629 1907 802 1942 παράδειγμα
819 1907 865 1933 λά-

77 1950 164 1986 δωμεν
176 1959 183 1966 ·
201 1951 250 1977 καὶ
266 1951 321 1986 γὰρ
331 1947 403 1978 οὗτοι
418 1951 523 1978 ποιοῦσι
536 1952 628 1983 πόλεις
645 1953 695 1980 οὐκ
707 1953 739 1979 ἐκ
751 1953 863 1985 πόλεων,

78 1997 121 2028 καὶ
135 1998 219 2029 ναοὺς
233 1997 333 2032 ὁμοίως
345 1998 395 2028 οὐκ
411 1999 443 2024 ὲκ
456 1997 527 2024 ναῶν
540 1997 606 2029 (22).
631 1998 758 2032 Ἀτελής.

251 2056 366 2083 ΛΟΙΠΑ
392 2057 444 2083 ΕΚ
463 2057 532 2084 ΤΩΝ
548 2057 688 2084 ΦΩΤΙΟΥ.

880 849 902 876 Β
950 845 1028 873 VAL.
1048 846 1086 872 lta
1101 845 1166 872 mihi
1186 846 1302 873 videtur.

949 891 1054 919 ORTH.
1070 891 1141 926 Ergo
1159 892 1181 918 si
1198 892 1310 919 materia
1333 892 1392 920 sine
1408 892 1538 927 qualitate
1563 896 1590 920 et
1612 892 1700 919 infera

914 938 966 966 mis
981 938 1032 965 fuit
1043 960 1050 972 ,
1067 938 1186 966 mundus
1201 946 1265 966 vero
1280 939 1369 966 factus
1382 943 1424 966 est
1438 946 1453 966 a
1469 939 1539 972 Deo;
1557 939 1584 966 in
1597 940 1700 967 mundo

914 987 1004 1011 autem
1019 988 1083 1012 sunt
1098 985 1257 1021 qualitates;
1276 985 1368 1020 utique
1388 985 1548 1020 qualitatum
1573 985 1700 1013 conditor

914 1029 966 1057 fuit
977 1030 1059 1058 Deus.

951 1075 1029 1102 VAL.
1042 1076 1081 1103 Ita
1096 1080 1148 1104 est.

951 1120 1055 1149 ORTH.
1081 1121 1150 1157 Quia
1181 1129 1263 1157 porro
1291 1122 1320 1148 in
1349 1121 1536 1157 superioribus
1563 1121 1699 1149 dicentem

915 1168 1018 1200 audivi,
1031 1175 1085 1196 non
1100 1175 1180 1203 posse
1200 1168 1302 1202 aliquid
1318 1176 1350 1196 ex
1376 1168 1462 1195 nihilo
1477 1167 1546 1200 ﬁeri,
1565 1167 1700 1203 responde

915 1214 949 1241 ad
965 1221 1052 1242 meam
1077 1214 1255 1249 quazstionem
1273 1224 1279 1241 :
1294 1213 1461 1242 Videnturne
1485 1215 1534 1242 tibi
1555 1215 1700 1249 qualitates

915 1260 1020 1292 mundi,
1034 1268 1067 1288 ex
1084 1268 1139 1287 non
1155 1260 1286 1295 subjectis
1303 1260 1481 1295 qualitatibus
1496 1259 1594 1287 factae?

950 1305 1027 1333 VAL.
1050 1305 1194 1333 Videntur.

949 1350 1055 1379 ORTH.
1080 1351 1113 1378 Et
1135 1352 1185 1379 has
1208 1359 1269 1379 esse
1288 1351 1392 1388 aliquid
1409 1351 1483 1379 aliud
1504 1359 1519 1378 a
1547 1351 1700 1379 substantia

915 1397 1080 1425 existimas?

951 1444 1029 1471 VAL.
1051 1445 1101 1476 Ita,
1117 1444 1202 1472 aliud.

950 1489 1057 1517 ORTII.
1080 1490 1148 1517 Cum
1166 1496 1231 1526 ergo
1249 1489 1320 1517 Deus
1331 1489 1477 1524 qualitates
1489 1497 1523 1516 ex
1537 1497 1592 1516 non
1607 1488 1700 1523 subje-

915 1536 967 1564 ctis
983 1536 1160 1571 qualitatibus
1179 1536 1351 1570 condiderit,
1368 1544 1418 1563 nee
1436 1535 1488 1562 illa:
1512 1535 1566 1562 sint
1577 1534 1655 1561 facta:
1664 1541 1699 1561 ex

915 1582 1087 1615 substantiis,
1097 1590 1159 1610 cum
1175 1591 1229 1610 non
1247 1582 1301 1609 sint
1313 1582 1474 1609 substantiae
1490 1591 1497 1608 :
1513 1588 1624 1608 necesse
1647 1581 1701 1608 erit

914 1627 1015 1660 dicere,
1036 1628 1096 1656 illas
1109 1636 1142 1655 ex
1165 1628 1250 1654 nihilo
1277 1627 1366 1662 ομ)οο
1388 1631 1494 1654 creatas
1512 1633 1582 1655 esse.
1610 1625 1700 1658 Quare

914 1675 1050 1703 videbaris
1076 1675 1211 1710 superﬂue
1241 1675 1332 1702 dicere
1349 1681 1409 1701 esse
1433 1673 1610 1708 inopinabile,
1629 1672 1702 1707 quod

915 1722 986 1749 Deus
1002 1722 1104 1756 aliquid
1130 1729 1163 1749 ex
1189 1721 1274 1748 nihilo
1298 1721 1441 1748 creaverit.
1457 1720 1603 1747 Enimvero
1618 1727 1648 1747 ea
1665 1719 1702 1746 sit

916 1768 976 1802 ejus
988 1767 1027 1795 rei
1046 1766 1158 1794 deeisio.
1173 1766 1240 1794 Nam
1255 1767 1336 1794 etiam
1353 1766 1422 1801 apud
1441 1774 1500 1799 nos,
1518 1765 1640 1801 quaedam
1658 1765 1701 1792 vi-

916 1814 1012 1842 demus
1035 1813 1175 1840 hominum
1196 1820 1279 1848 opera
1302 1812 1361 1839 Iieri
1384 1820 1417 1839 ex
1435 1812 1530 1844 nihilo,
1546 1818 1700 1846 quanquam

917 1859 970 1895 ipsi
1002 1859 1118 1886 maxime
1145 1858 1288 1886 videantur
1314 1858 1403 1886 facere
1430 1858 1458 1885 in
1488 1857 1589 1892 aliquo.
1616 1856 1650 1884 Ut
1678 1856 1703 1884 si

917 1906 1071 1941 exemplum
1096 1906 1130 1932 ab
1157 1905 1314 1932 architectis
1333 1905 1475 1939 capiamus
1497 1913 1503 1930 ι
1522 1912 1585 1931 nam
1608 1907 1636 1931 et
1662 1903 1703 1930 illi

917 1951 998 1978 urbes
1013 1950 1134 1977 condunt
1161 1958 1194 1977 ex
1213 1958 1268 1977 non
1293 1950 1418 1983 urbibus,
1435 1954 1460 1977 et
1482 1949 1582 1984 templa
1598 1957 1632 1976 ex
1647 1955 1705 1977 non

917 1997 1037 2033 templis.
1052 1996 1235 2032 Imperfectus.

1098 2053 1258 2086 RELIQUA
1279 2052 1330 2080 EX
1349 2052 1503 2081 PHOTIO.

708 2115 846 2152 (Bibliotlt.
871 2113 933 2142 cod.
950 2111 1087 2148 ccxxxvl.)

112 2172 143 2199 El
156 2172 189 2204 δ’,
206 2172 247 2200 ὃτι
265 2172 370 2204 τούτοις
383 2172 470 2199 οὐσίαι
489 2171 655 2205 ὑπόκεινται,
676 2173 725 2200 οἴει
749 2172 778 2205 ἐξ
794 2170 862 2207 (οὐκ)

955 2169 1034 2202 Quod
1050 2168 1084 2199 si,
1097 2167 1161 2203 quia
1177 2167 1221 2195 his
1248 2167 1408 2195 substantiae
1422 2167 1551 2202 subjectae
1564 2166 1628 2199 sint,
1644 2166 1703 2194 exi-

81 2218 160 2245 δντων
173 2217 231 2254 (25)
247 2218 332 2250 αὐτὰς
355 2219 442 2245 ταῦτα
466 2219 569 2250 ποιεῖν,
595 2219 634 2254 τῷ
655 2218 726 2254 λόγῳ
751 2217 863 2253 σφάλλῃ.

82 2265 145 2292 οὐδὲ
158 2265 213 2300 γὰρ
230 2266 248 2300 ὴ
262 2265 338 2292 οὐσία
355 2266 428 2292 ἐστὶν
443 2267 459 2301 ἡ
481 2265 593 2293 ποιοῦσα.
605 2265 655 2301 τὴν
673 2264 758 2296 πόλιν,
772 2264 789 2300 ἢ
802 2265 864 2296 τοὺς

82 2312 168 2343 ναοὺς,
182 2311 239 2338 ἀλλ’
252 2312 276 2347 ἡΔ
289 2311 353 2347 περὶ
369 2312 418 2347 τὴν
433 2312 526 2339 οὐσίαν
543 2312 635 2347 τέχνη,
651 2311 668 2346 ἢ
683 2311 732 2338 οὐκ
753 2311 782 2344 ἐξ
797 2311 863 2338 ὑπο-

84 2357 208 2393 κειμένης
221 2357 294 2387 τινύς
309 2357 406 2393 τέχνης
423 2358 450 2384 ὲν
469 2359 530 2389 ταῖς
546 2357 650 2389 οὐσίαις
668 2357 771 2391 γίνεται
783 2366 789 2372 ·
805 2356 865 2383 ἀλλ’

84 2403 112 2436 ἐξ
125 2404 173 2430 οὐκ
190 2403 274 2439 οὔσης
288 2405 317 2430 ὲν
333 2404 428 2435 αὑταῖς
445 2404 558 2438 γίνεται.
578 2403 757 2439 Ἀπαντήσειν
776 2403 803 2429 δέ
822 2411 868 2438 μοι

85 2450 166 2482 δοκεῖς
181 2449 252 2476 οὕτω
266 2450 305 2485 τῷ
325 2450 412 2486 λόγῳ·
458 2450 499 2476 ὅτι
511 2449 635 2486 τεχνίτης
648 2451 681 2485 τῇ
697 2442 733 2476 ἐν’
743 2450 774 2485 τῇ
790 2449 869 2484 οὐσίᾳ

118 2538 169 2573 (22)
185 2539 233 2565 Ἐκ
248 2538 339 2565 ναῶν.
360 2537 419 2565 Huc
437 2545 525 2572 usque
550 2536 659 2573 Meursii
683 2535 776 2573 editio.
794 2534 865 2562 Pho-

86 2571 136 2602 tius
148 2575 237 2602 vero].
248 2582 273 2601 c.
288 2577 351 2609 post
364 2573 446 2611 v_erb_a
463 2571 512 2611 οὐκ
529 2573 561 2599 ἐκ
571 2572 653 2611 ναῷν,
664 2571 758 2611 subdit
771 2574 864 2611 statim

105 2617 141 2636 me
166 2605 320 2645 sequuntur
343 2618 349 2645 ς
374 2609 406 2635 Et
421 2608 442 2634 δ’
463 2609 515 2640 ὅτι,
534 2616 561 2634 κ.
577 2607 642 2645 τ.>λ.
660 2607 726 2645 Qum.
753 2605 863 2645 quidem

105 2618 141 2636 1ιὲ
166 2618 320 2645 sequuntur
343 2618 349 2636 :
375 2618 406 2635 nt
421 2618 435 2634 ο
463 2618 515 2640 οτι,
534 2618 561 2634 κ.
577 2618 602 2634 τ.
618 2618 642 2634 Λ.
660 2618 726 2640 uua:
753 2618 863 2640 qutucm

87 2618 255 2672 doctissimus
269 2644 395 2674 Lamius,
412 2651 465 2670 una
480 2651 541 2670 cum
559 2643 639 2670 tertio
654 2642 744 2676 operis
759 2641 864 2668 Metho-

89 2679 151 2707 diani
163 2685 292 2715 excerpto
306 2687 341 2706 ex
353 2679 447 2706 codice
461 2677 597 2715 Sirmondj
611 2677 760 2715 descripto,
771 2676 863 2715 hausit

88 2721 116 2741 ex
127 2716 196 2743 edito
210 2710 429 2744 Co'mbetisiano,
444 2717 470 2740 et
484 2714 511 2740 in
528 2712 682 2748 praefatione
696 2710 728 2739 ad
740 2712 797 2748 vol.
807 2710 865 2737 Vlll

132 2759 186 2779 rum
210 2750 327 2778 Meursii
348 2749 487 2780 exhibuit,
506 2756 568 2783 pag.
586 2756 650 2779 v-x,
666 2755 720 2782 quo
734 2747 863 2783 nimirum

89 2757 102 2775 0
132 2759 186 2779 rum
210 2757 327 2778 Meursu
348 2757 487 2780 extimuit,
506 2757 568 2783 pag.
586 2757 650 2779 v-x,
666 2757 720 2782 quo
734 2757 861 2774 nimirum

87 2758 218 2847 grandem
238 2785 362 2814 Meursio
382 2784 550 2812 Mctltodiana
565 2784 690 2819 evulgata
704 2782 861 2818 compleret.

110 2829 156 2847 ιιι..

110 2829 156 2850 ιιι..

919 2215 1016 2244 stimas
1035 2214 1105 2249 (eos)
1120 2221 1174 2241 non
1201 2213 1258 2240 haec
1276 2213 1419 2241 facere'ex
1435 2213 1531 2242 nihilo.
1550 2213 1632 2240 verbo
1651 2211 1703 2239 fal-

917 2261 993 2289 leris.
1006 2260 1099 2295 Neque
1114 2260 1186 2287 enim
1211 2259 1362 2287 substantia
1387 2259 1480 2286 condit
1505 2258 1640 2285 civitatem
1655 2261 1703 2284 aut

917 2307 1027 2342 templa,
1047 2306 1095 2334 sed
1122 2313 1167 2333 ars
1187 2313 1247 2340 qua:
1259 2309 1384 2332 versatur
1401 2305 1473 2332 circa
1497 2304 1677 2331 substantiam
1693 2313 1700 2331 :

913 2360 1010 2387 eaque,
1028 2359 1082 2379 non
1098 2359 1131 2378 ex
1143 2351 1264 2386 subjecta
1288 2351 1378 2385 aliqua
1394 2353 1452 2376 arte
1470 2356 1531 2384 quae
1542 2348 1577 2376 sit
1593 2348 1622 2375 in
1633 2348 1702 2375 sub—

915 2399 1042 2431 stantiis,
1060 2398 1107 2426 sed
1118 2406 1150 2425 ex
1168 2406 1222 2425 non
1238 2402 1295 2425 arte
1306 2397 1333 2424 in
1355 2397 1420 2429 illis,
1436 2400 1602 2431 procreatur.
1621 2394 1702 2422 Vide-

916 2446 956 2473 ris
973 2449 1061 2472 tamen
1076 2444 1113 2471 ita
1132 2444 1230 2470 rationi
1254 2451 1335 2478 posse
1358 2449 1501 2470 occurrere
1514 2451 1520 2468 :
1531 2446 1559 2469 ut
1572 2441 1702 2468 nimirum

954 2532 1010 2568 (‘23)
1028 2530 1167 2568 Ἐξίοὺκ)
1181 2530 1285 2568 ὄντων.
1302 2530 1383 2568 Deest
1401 2531 1455 2568 μή,
1475 2533 1522 2568 aut
1537 2536 1702 2568 supervaca-

917 2563 1043 2596 neum'rb
1057 2563 1115 2593 οὐκ.
1140 2563 1235 2592 Statim
1255 2573 1319 2593 vero
1340 2563 1410 2593 forte
1431 2563 1577 2600 legendum
1586 2563 1699 2597 αὐτούς,

917 2608 947 2631 ut
963 2602 1096 2630 referatur
1118 2602 1151 2628 ad
1178 2601 1352 2633 architectos,
1377 2601 1412 2628 de
1434 2602 1533 2635 quibus
1550 2601 1630 2635 paulo
1650 2607 1699 2627 su-

937 2645 1019 2666 Cl‘lllS-

917 2648 1019 2708 pagi?
1027 2671 1125 2699 Locum
1135 2672 1265 2708 dicamus.
1283 2670 1370 2697 Τόπον
1381 2669 1610 2708 εἶναιηΡίιοιίγειιο.
1622 2678 1700 2697 men-

917 2705 1105 2740 ιίοέοζαῐτιον,
1128 2711 1183 2734 tota
1196 2706 1268 2734 enim
1286 2706 1485 2740 argumentatio
1501 2705 1528 2732 in
1544 2707 1603 2732 loco
1617 2709 1668 2737 est,
1683 2712 1698 2731 a

918 2752 971 2780 quo
980 2746 1068 2778 arguit
1080 2742 1110 2780 ad
1120 2749 1229 2780 causam
1238 2750 1245 2774 ;
1254 2745 1405 2780 utquorum
1415 2740 1485 2768 Deus
1495 2740 1628 2780 nequierit
1639 2748 1700 2780 esse

918 2774 1079 2807 (talisafuec
1092 2777 1188 2805 debeat
1199 2785 1260 2803 esse
1276 2774 1352 2804 locus
1363 2780 1389 2803 et
1405 2775 1638 2812 conceptaculum,
1657 2774 1699 2803 δο-

918 2823 996 2850 πςτιον,
1015 2817 1044 2841 ut
1056 2814 1146 2840 statim
1158 2812 1294 2840 subditur.
