1920 3070
227 103 285 131 €55

725 101 754 128 S.
771 100 938 129 METliODIl
958 98 1112 129 EPlSCOPl
1132 98 1176 125 ET
1197 97 1374 125 MARTYRIS

1817 93 1877 120 256

228 160 363 189 artiﬁcem
390 164 449 188 arte
476 167 559 196 quam
592 160 620 187 in
643 161 796 189 substantia
814 161 923 191 habeat,
939 160 1014 187 dicas

1075 158 1147 194 τέχνῃ
1161 159 1243 184 ποιεῖ.
1264 157 1337 193 Φημὶ
1365 156 1392 182 δὲ
1417 155 1483 192 πρὸς
1510 154 1605 187 τοῦτο,
1622 155 1664 182 ὅτι
1682 154 1747 181 οὐδὲ
1772 154 1807 180 ἐν
1836 152 1878 187 τῷ

227 206 340 242 operari
355 205 422 241 (25).
440 205 482 232 Ad
495 205 546 233 hoc
562 206 712 240 respondeo
726 206 835 241 :Nequc
849 206 951 233 homini
969 205 1016 232 ad-

228 252 308 280 nasci
323 257 410 279 artem
423 259 457 279 ex
482 251 606 286 subjecta
631 258 704 287 arte;
723 261 785 279 nam
801 260 889 288 neque
905 252 1017 280 concedi

228 302 330 334 potest,
347 298 434 332 ipsam
447 298 474 324 in
491 306 520 326 se
545 299 738 329 substantiam.
763 303 849 326 artem
869 307 940 326 esse.
965 299 1017 326 Ars

224 344 303 372 enim
317 344 506 371 accidentibus
520 344 693 376 adcensetur,
716 345 813 379 iisque.
828 352 942 380 quorum
953 349 1018 373 tunc

228 390 266 418 sit
281 397 353 420 esse,
373 397 437 416 cum
465 389 493 417 in
519 390 672 417 substantia
688 390 778 425 aliqua
804 395 947 425 procreata
960 391 1018 418 fue-

227 437 297 464 rint.
313 435 400 463 Homo
427 436 547 471 quidem.
565 437 624 464 sine
647 436 728 464 etiam
744 437 892 464 'tectonica
907 437 989 464 fuerit
1007 445 1016 463 :

225 486 258 509 at
275 482 331 515 illa,
347 482 400 509 nisi
421 482 498 517 prius
526 483 676 510 exsistcnte
703 482 823 514 homine,
853 483 928 510 nulla
953 483 1016 511 erit.

227 528 322 562 Quare
335 528 482 556 dicendum
498 529 666 560 necessario.
696 528 798 556 habere
818 532 891 556 artes
906 532 1015 562 natura,

228 578 262 602 ut
276 583 308 602 ex
323 575 408 602 nihilo
420 574 485 602 fiant
497 575 525 601 in
541 575 709 602 hominibus.
737 574 807 610 Ergo
827 575 849 603 si
867 575 903 602 ita
918 575 1018 602 habere

226 621 404 649 ostendimus
425 621 454 648 in
483 621 661 654 hominibus;
677 621 813 656 quomodo
839 629 894 648 non
909 629 1016 656 :equum

227 667 285 694 erit
298 666 400 697 dicere,
417 674 498 701 posse
512 674 527 693 a
539 666 604 698 Deo,
618 674 673 694 non
699 667 786 694 solum
799 667 954 702 qualitates,
969 669 1017 695 sed

227 716 259 738 et
271 711 450 743 substantias,
466 712 524 739 ﬁeri
542 720 574 740 ex
593 713 698 740 nihilo?
712 712 780 740 Dum
803 713 875 740 enim
887 713 1017 748 possibile

229 755 339 783 videtur
351 760 382 783 nt
395 757 503 791 aliquod
522 765 556 785 ex
567 757 653 785 nihilo
668 759 724 790 fiat,
752 765 832 793 posse
845 759 927 786 etiam
952 759 1018 788 sub-

229 803 349 830 stantias
365 811 397 830 ex
413 803 499 830 nihilo
515 804 572 831 fieri
588 805 750 832 ostenditur.

270 848 369 876 lterum
386 857 449 877 vero
465 849 588 877 instituta
605 850 638 878 de
666 850 746 878 matis
773 850 921 886 disputatio
937 859 1016 879 resu-

233 897 334 921 matur.
352 893 432 926 Mala,
457 898 548 923 utrum
565 895 728 923 substantiae
752 896 882 924 videntur
894 897 936 924 vel
951 905 1020 932 qua-

230 939 321 968 litatcs
336 941 571 968 substantiarum?

268 983 345 1012 VAL.
362 985 522 1018 Qualitatcs.

266 1030 371 1059 ORTil.
389 1031 501 1060 Materia
516 1041 589 1066 vero,
610 1039 704 1062 eratne
728 1034 788 1062 sine
803 1035 981 1070 qualitatibus
992 1040 1020 1065 et

229 1077 375 1105 informis?

268 1122 346 1150 VAL.
365 1123 489 1152 Maxime.

265 1168 446 1197 ORTHJiaec
471 1178 536 1204 ergo
562 1170 673 1198 nomina
690 1171 853 1199 substantia:
866 1171 1020 1208 junguntur

231 1222 265 1242 cx
283 1214 316 1242 iis
333 1223 394 1249 quae
410 1215 462 1250 ipsi
477 1215 616 1244 accidunt.
632 1215 725 1251 Neque
751 1217 824 1243 enim
842 1217 1018 1246 homicidium

230 1264 275 1288 est
288 1261 452 1293 substantia,
470 1269 557 1296 neque
571 1261 719 1297 quidquam
736 1262 850 1289 aliorum
869 1264 1016 1298 malorum;

231 1307 279 1334 sed
298 1308 490 1342 agnominatnr
507 1308 540 1335 ab
551 1308 766 1343 operationibus.
784 1307 852 1335 Nam
867 1318 955 1347 neque
970 1311 1020 1338 ho-

232 1353 373 1381 micidium
389 1358 431 1381 est
443 1353 543 1387 homo;
560 1354 608 1382 scd
628 1353 669 1384 is,
693 1354 728 1381 ob
744 1355 810 1382 illud
834 1360 1019 1391 perpetratum

231 1399 351 1433 quadam
368 1400 440 1426 velut
463 1400 582 1428 nominis
598 1399 759 1433 deﬂexione,
786 1401 922 1428 homicida
935 1409 1019 1438 agno-

232 1444 367 1478 minalur;
383 1453 445 1472 cum
460 1445 518 1480 ipse
532 1446 741 1482 haudquaquam
765 1446 801 1473 sit
821 1446 1017 1484 homicidium]:

232 1494 325 1525 atque,
355 1494 383 1517 ut
412 1491 574 1526 compendio
589 1492 698 1524 dicam,
726 1492 794 1518 nihil
810 1492 960 1527 quidquam
985 1501 1018 1521 ex

232 1535 293 1564 aliis
321 1537 399 1565 malis
416 1541 458 1565 est
476 1538 629 1565 substantia
647 1548 653 1566 :
671 1538 719 1566 sed
744 1543 834 1573 potest
861 1538 915 1566 dici
933 1539 1014 1572 mala,
1030 1538 1051 1568 ϐ

230 1582 305 1618 quod
332 1583 465 1610 malorum
491 1584 630 1619 quidpiam
646 1585 741 1620 egerit.
765 1583 855 1611 Simili
878 1585 957 1613 modo
973 1593 1017 1613 ra-

233 1629 377 1662 tiocinarc,
398 1630 499 1665 siquid
521 1631 594 1658 aliud
617 1631 689 1666 quod
705 1632 740 1659 sit
763 1639 846 1660 causa
870 1634 1015 1665 malorum,

231 1680 321 1704 mente
332 1677 497 1705 confinxeris
514 1685 521 1704 :
535 1685 632 1713 nempe
648 1678 729 1705 etiam
751 1679 818 1706 illud
833 1679 933 1706 malum
943 1687 1015 1712 esse,

232 1723 304 1757 quod
333 1723 490 1752 hominibus
515 1728 687 1760 cooperetur,
706 1730 733 1752 et
753 1730 880 1761 suggerat
904 1730 934 1753 ut
946 1726 1017 1754 mala

232 1768 344 1795 faciant.
371 1769 419 1797 Est
434 1771 505 1797 enim
520 1775 548 1798 et
562 1771 620 1806 ipse
637 1771 735 1804 malus,
751 1772 787 1799 ob
803 1779 834 1799 ea
851 1780 911 1807 qua:
941 1772 1016 1800 facit.

232 1813 379 1849 Propterea
391 1815 462 1842 enim
474 1816 574 1843 dicitur
593 1825 655 1845 esse
670 1818 768 1851 malus,
785 1819 857 1854 quod
873 1820 909 1847 sit
923 1823 1019 1847 auctor

232 1860 378 1888 malorum.
393 1860 489 1893 Porro,
504 1862 576 1897 quod
593 1863 654 1898 quis
679 1863 756 1896 facit,
777 1873 832 1892 non
850 1865 907 1900 ipse
919 1867 1019 1901 estqui

233 1905 309 1938 facit,
325 1906 371 1934 sed
383 1907 442 1942 ejus
459 1909 581 1943 operatio
592 1929 599 1941 ,
617 1910 688 1938 unde
699 1911 752 1938 sibi
778 1919 929 1947 cognomen
954 1913 1019 1940 mali

233 1952 353 1982 asciscit.
369 1953 436 1981 Nam
464 1956 487 1982 si
518 1955 545 1982 id
571 1955 660 1990 ipsum
687 1957 838 1986 dixerimus
868 1967 930 1986 esse
946 1958 1019 1994 quod

233 1997 315 2032 facit;
330 2006 391 2026 cum
409 2000 490 2027 faciat
501 2001 588 2028 caedes
602 2005 629 2029 et
644 2002 779 2031 adulteria
803 2007 831 2032 et
855 2004 907 2032 hoc
933 2012 1019 2039 genus

233 2044 348 2078 similia,
363 2046 420 2080 ipse
437 2047 483 2074 illa
502 2047 564 2075 erit.
578 2048 655 2081 Quod
671 2049 694 2076 si
711 2050 779 2084 ipse,
804 2050 850 2077 illa
864 2055 921 2082 est;
938 2050 1020 2078 habet

234 2097 314 2118 suum
331 2100 402 2125 esse,
416 2100 477 2121 cum
493 2093 537 2121 illa
553 2098 617 2122 sunt
635 2102 642 2120 :
661 2095 707 2122 ubi
723 2099 813 2123 autem
837 2104 891 2123 non
907 2095 1018 2130 fuerint,

233 2137 315 2165 etiam
330 2138 387 2173 ipse
398 2139 498 2167 desinit
509 2147 578 2168 esse.
600 2140 681 2168 Fiunt
696 2147 787 2169 autem
802 2142 859 2169 haec
879 2142 912 2169 ab
932 2142 1021 2169 homi-

233 2183 314 2212 nibus
329 2192 335 2210 :
350 2189 431 2212 erunt
449 2193 513 2221 ergo
528 2186 653 2215 homines
669 2188 766 2215 horum
782 2193 926 2222 auctores;
948 2192 975 2215 ct
990 2191 1020 2215 ut

233 2229 289 2256 sint
303 2230 345 2257 vel
358 2238 412 2258 non
421 2231 485 2266 sint,
501 2239 601 2260 causae.
614 2233 696 2269 Atqui
709 2234 731 2262 si
744 2234 780 2262 ob
789 2242 820 2261 ea
830 2242 890 2269 quae
902 2234 1018 2269 quisque

234 2273 310 2308 facit,
326 2276 414 2304 malus
425 2280 485 2310 est,
508 2285 569 2313 quae
582 2283 673 2306 autem
696 2278 771 2311 facit,
785 2279 950 2314 principium
966 2279 1017 2305 ha-

234 2321 316 2356 bent;
334 2329 506 2358 consequens
521 2325 559 2357 fil,
576 2329 605 2352 ut
619 2330 646 2352 et
656 2325 701 2353 ille
715 2325 829 2360 cmperit
842 2333 903 2353 esse
918 2326 1017 2357 malus,

233 2369 422 2404 cmperintque
437 2370 517 2397 etiam
535 2371 588 2398 ista
614 2371 694 2398 mala.
711 2371 789 2404 Quod
811 2371 835 2398 si
851 2379 943 2398 verum
965 2376 1016 2402 est,

235 2422 315 2442 nemo
336 2415 420 2450 igitur
451 2419 514 2444 ante
538 2425 619 2445 omne
642 2418 806 2452 principium
833 2421 1020 2452 aeternumque

235 2460 324 2488 malus
338 2465 391 2493 est,
408 2469 440 2488 ac
456 2469 543 2497 neque
557 2463 627 2489 mala
642 2467 706 2490 sunt
720 2463 850 2489 increata.

271 2539 327 2601 ΕΞ)
342 2539 376 2566 Ut
389 2540 514 2567 nimirum
537 2540 666 2574 artiﬁcem
678 2543 735 2565 arte
745 2547 823 2573 quam
835 2538 862 2565 in
872 2537 1021 2565 substantia

302 2579 347 2601 at.
374 2575 448 2601 dicas
472 2576 585 2601 onerari.
607 2576 638 2601 τῆ
657 2575 686 2601 ὲν
704 2576 736 2601 τῆ
751 2574 830 2600 οὐσία
843 2573 925 2601 τέῚνη
939 2575 1019 2600 ποιεῖ.

236 2573 329 2614 habeat
340 2595 347 2604 .
374 2575 448 2614 dicas
472 2575 686 2614 operariL'cﬁnév
704 2576 736 2609 τῇ
751 2574 830 2608 οὐσίᾳ
843 2573 925 2614 τέχνῃ
939 2575 1019 2614 ποιεῖ.

237 2608 295 2636 Νοιι
322 2609 389 2637 bene
412 2608 546 2645 interpres
572 2608 679 2641 Photii,
705 2608 749 2643 per
771 2614 854 2635 artem
878 2608 977 2644 aliquid
994 2609 1020 2635 in

238 2644 388 2671 substantia
408 2644 542 2679 [ierifQui
557 2646 629 2673 enim
649 2645 700 2671 hoc
716 2645 748 2670 ad
763 2644 951 2678 propositum;
967 2651 1020 2678 quo

238 2680 369 2714 quaeritur
381 2699 389 2711 ,
409 2689 474 2708 num
492 2689 537 2708 ars
549 2689 581 2708 ex
599 2681 760 2714 prmjacente
777 2684 835 2706 arte
850 2680 912 2710 fiat,
929 2679 956 2705 in
971 2680 1020 2705 ha-

239 2714 334 2750 bente.
352 2716 391 2742 vel
414 2720 444 2742 ut
463 2723 495 2743 ex
517 2719 575 2742 arte
595 2723 675 2750 quam
692 2714 1021 2750 artifexrsubstantialiter

240 2748 348 2780 habeat,
367 2755 396 2776 ut
412 2751 463 2777 ista
477 2751 576 2778 solutio
590 2748 747 2782 contendit;
761 2749 802 2776 vel
817 2758 850 2776 ex
870 2750 953 2776 nihilo
965 2748 1018 2780 sui,

241 2788 371 2818 tanquam
383 2792 476 2811 verum
492 2785 631 2816 accidens,
645 2785 716 2818 quod
733 2789 838 2811 tantum
855 2785 900 2815 sit,
914 2791 975 2810 cum
991 2784 1019 2810 in

243 2819 396 2846 Substanlia
420 2820 510 2854 aliqua
534 2820 613 2847 fuerit
638 2820 754 2854 factum;
773 2820 843 2855 quod
867 2819 1018 2847 Methodius

1068 203 1202 239 ἀνθρώπῳ
1216 204 1248 230 ἔκ
1262 212 1332 235 τινος
1349 202 1531 237 ὑποκειμένης
1547 202 1643 236 τέχνης
1661 200 1860 236 προσγίνεται
1871 207 1877 213 ·

1067 250 1127 276 οὐδὲ
1143 250 1196 284 γὰρ
1222 250 1308 276 ἔνεστι
1330 249 1379 283 τὴν
1393 248 1435 282 ἐφ’
1452 247 1551 282 ἑαυτῆς
1580 247 1673 274 οὐσίαν
1689 247 1791 274 δοῦναι
1822 246 1879 278 τὴν

1067 296 1173 331 τέχνην.
1191 295 1251 322 Τῶν
1263 295 1316 330 γὰρ
1339 294 1547 329 συμϐεὗηκότων
1567 294 1635 324 ἐστὶ,
1656 293 1702 320 καὶ
1721 292 1783 320 τῶν
1805 291 1878 317 τότε

1067 341 1097 367 τὸ
1108 338 1178 368 εἶναι
1194 341 1308 376 ἐχόντων
1319 360 1326 371 ,
1345 341 1445 366 ὁπόταν
1472 340 1501 365 ὲν
1517 339 1594 375 οὐσίᾳ
1609 339 1661 365 τινὶ
1678 338 1814 373 γένηται..
1848 334 1879 362 ’0

1069 387 1118 422 μὲν
1134 386 1188 422 γὰρ
1203 386 1344 422 ἄνθρωπος
1360 386 1406 413 καὶ
1424 386 1507 421 χωρὶς
1523 385 1571 420 τῆς
1590 384 1751 419 τεκτονικῆς
1770 384 1877 413 ἔσται,

1068 432 1123 467 ἡδὲ
1136 432 1186 458 οὐκ
1203 431 1289 463 ἔσται,
1305 430 1352 458 ἐὰν
1368 431 1405 467 μὴ
1419 431 1549 467 πρότερον
1566 430 1706 465 ἄνθρωπος
1765 428 1877 459 ”Οθεν,

1067 477 1116 508 τὰς
1132 477 1228 512 τέχνας
1250 477 1279 510 ὲξ
1295 477 1345 503 οὐκ
1358 477 1441 505 ὄντων
1460 477 1500 508 εἰς
1520 475 1679 511 ἀνθρώπους
1701 474 1878 509 πεφυκέναι

1067 523 1199 558 γίνεσθαι,
1217 524 1305 559 λέγειν
1325 525 1480 558 ἀναγκαῖον.
1506 524 1537 550 Εἰ
1559 523 1647 549 τοίνυν
1666 523 1746 549 τοῦτο
1770 522 1877 553 οὕτως

1067 570 1139 606 ἔχειν
1158 570 1201 597 ἐπ’
1224 570 1375 606 ἀνθρώπων
1394 570 1543 605 ἐδείξαμεν,
1567 569 1625 601 πῶς
1651 569 1711 604 οὐχὶ
1729 567 1877 604 προσῆκε

1067 616 1112 642 τὸν
1134 616 1198 642 Θεὸν
1215 617 1252 652 μὴ
1277 616 1355 651 μόνον
1376 615 1529 650 ποιότητας,
1555 616 1583 648 ἐξ
1598 616 1648 641 οὐκ
1669 615 1753 641 ὄντων
1774 614 1877 648 φάναι

1067 661 1196 688 δύνασθαι
1218 663 1317 694 ποιεῖν,
1334 662 1401 689 ἀλλὰ
1420 661 1467 688 καὶ
1487 661 1595 693 οὐσίας
1616 661 1652 688 Τὸ
1671 661 1726 696 γὰρ
1743 660 1877 687 δυνατὸν

1069 707 1185 742 φανῆναι
1202 708 1232 735 τὸ
1245 708 1366 743 γίνεσθαι
1379 717 1403 735 τι
1418 707 1448 740 ἐξ
1461 708 1509 735 οὐκ
1520 708 1614 740 ὄντων,
1631 707 1677 734 καὶ
1697 707 1746 738 τὰς
1763 706 1877 737 οὐσία-ς

1068 754 1153 786 οὕτως
1166 754 1238 789 ἔχειν
1253 755 1401 782 δείκνυται,

1031 848 1052 876 Β
1101 831 1185 858 Πάλιν
1207 832 1236 858 δὲ
1256 831 1416 867 διαληπτέον
1440 831 1494 858 τῶν
1509 830 1602 858 κακῶν
1619 831 1692 866 πέρι.
1719 830 1763 857 Τὰ
1789 830 1878 857 κακὰ.

1070 878 1182 914 πότερον
1195 878 1284 905 οὐσίαι
1308 887 1348 906 σοι
1369 878 1491 905 δοκοῦσιν
1510 876 1578 905 εἶναι
1590 896 1598 910 ,
1615 877 1632 913 ἢ
1649 877 1794 912 ποιότητες
1822 877 1879 903 οὐ·

1071 923 1135 951 σιῶν
1145 932 1153 956 ;

1105 970 1207 997 ΟΥΑΛ.
1225 971 1380 1006 Ποιότητες.

1105 1016 1221 1043 οΡΘυΔ.
1252 1016 1284 1044 'H
1309 1017 1338 1043 δὲ
1363 1016 1412 1051 ὖλη
1441 1015 1536 1048 ἄποιος
1565 1014 1599 1052 ἧν
1629 1016 1676 1043 καὶ
1703 1015 1878 1051 ἀσχημάτι-

1071 1070 1131 1093 στος
1143 1071 1150 1094 ;

1105 1108 1204 1136 ΟΥΑΛ.
1227 1107 1314 1135 οὕτω.

1105 1154 1222 1181 ΟΡΘΟΔ.
1244 1154 1397 1181 Πέπλεκται
1422 1155 1476 1190 ἄρα
1496 1154 1530 1182 τὰ
1550 1154 1670 1190 ὀνόματα
1702 1153 1795 1180 ταῦτα
1831 1154 1872 1188 τῇ

1069 1198 1148 1234 οὐσίᾳ
1165 1200 1197 1226 ὲκ
1210 1199 1264 1226 τῶν
1284 1199 1494 1235 συμϐεϐηκότων
1506 1200 1584 1235 αὐτῇ.
1602 1199 1670 1226 Οὔτε
1684 1199 1740 1234 γάρ
1759 1200 1841 1225 ἐστιν
1857 1200 1874 1224 ὀ

1070 1245 1149 1279 φόνος
1171 1246 1188 1280 ἡ
1210 1246 1298 1277 οὐσία,
1320 1245 1380 1272 οὕτε
1397 1246 1492 1272 τιτῶν
1511 1246 1595 1273 ἄλλων
1615 1245 1724 1273 κακῶν·
1747 1245 1808 1272 ἀλλ’
1835 1247 1873 1272 ὲκ

1069 1292 1123 1317 τῶν
1150 1292 1293 1327 ἐνεργειῶν
1318 1292 1547 1328 παρονομάζεται.
1567 1292 1635 1319 Οῦτε
1661 1293 1715 1328 γὰρ
1744 1293 1831 1326 φόνος
1856 1293 1873 1319 ὁ

1070 1337 1225 1374 ἄνθρωπος·
1240 1338 1306 1365 ἀλλὰ
1318 1339 1356 1374 τῷ
1369 1339 1547 1374 ὲνεργηκέναι
1560 1339 1663 1370 τοῦτον,
1685 1338 1873 1373 παρωνύμως

1069 1384 1166 1418 φονεὺς
1188 1385 1404 1421 παρονομάζεται
1417 1406 1424 1417 ,
1443 1385 1479 1421 μὴ
1501 1385 1538 1412 ὢν
1554 1385 1633 1421 φόνος
1661 1386 1760 1417 αὑτός·
1787 1385 1872 1418 οὔτε,

1071 1431 1219 1466 συλλήϐδην
1247 1433 1350 1463 εἰπεῖν,
1379 1431 1405 1458 τὶ
1429 1432 1482 1458 τῶν
1508 1432 1595 1459 ἄλλων
1620 1431 1713 1459 κακῶν
1741 1433 1821 1458 ἐστιν
1851 1433 1871 1468 ἡ

1069 1477 1161 1502 οὐσία⁸
1183 1477 1251 1504 ἀλλὰ
1269 1477 1308 1513 τῷ
1331 1477 1432 1513 πρᾶξαί
1451 1486 1477 1504 τι
1499 1477 1552 1504 τῶν
1576 1478 1667 1505 κακῶν
1687 1479 1758 1514 κακὴ
1783 1478 1874 1512 λέγε-

1069 1521 1262 1550 σθαιδύναται.
1283 1523 1397 1559 Ὁμοίως
1417 1523 1574 1559 ἐπινόησον,
1591 1524 1618 1550 εἴ
1636 1533 1662 1550 τι
1682 1524 1776 1560 ἕτερον
1795 1524 1873 1550 ἀνα·

1069 1570 1193 1602 πλάττεις
1215 1572 1244 1597 ἐν
1264 1570 1303 1605 τῷ
1325 1570 1378 1605 νῷ,
1397 1570 1489 1597 κακῶν
1505 1572 1560 1602 τοῖς
1579 1570 1732 1606 ἀνθρώποις
1754 1571 1870 1603 αἴτιον,

1067 1616 1105 1648 ὡς
1120 1617 1230 1643 κάκεῖνο
1246 1616 1328 1643 κακὸν
1341 1616 1408 1651 (26),
1427 1617 1456 1642 ὲν
1473 1616 1512 1652 τῷ
1528 1616 1632 1648 τούτοις
1653 1617 1792 1652 ἐνεργεῖν,
1813 1618 1872 1644 καὶ

1069 1662 1228 1689 ὑποϐάλλειν
1251 1664 1337 1689 ποιεῖν
1364 1662 1398 1688 τὰ
1423 1661 1505 1689 κακά.
1524 1663 1600 1688 Ἔστι
1620 1662 1674 1698 γὰρ
1704 1663 1751 1688 καὶ
1779 1663 1871 1695 αὐτὸς

1069 1708 1163 1740 κακὸς,
1181 1707 1210 1741 ἐξ
1226 1705 1262 1735 ὧν
1278 1710 1357 1735 ποιεῖ.
1373 1709 1422 1735 Διὰ
1434 1709 1488 1745 γὰρ
1503 1709 1580 1736 τοῦτο
1598 1708 1681 1740 κακὸς
1698 1707 1767 1735 εἶναι
1781 1709 1869 1742 λέγε-

1068 1762 1123 1786 ται,
1136 1754 1176 1781 ὅτι
1192 1754 1278 1790 (τῶν)
1300 1754 1392 1781 κακῶν
1414 1755 1471 1781 ὲστι
1487 1755 1616 1791 ποιητής·
1638 1754 1655 1781 ἃ.
1671 1754 1699 1780 δέ
1716 1763 1759 1786 τις
1777 1757 1866 1785 ποιεῖ,

1068 1800 1118 1826 οὐκ
1135 1799 1207 1827 ἔστιν
1235 1800 1326 1832 αὐτὸς,
1348 1801 1404 1827 ἀλλ’
1426 1800 1550 1835 ἐνέργεια
1570 1800 1668 1830 αὐτοῦ,
1691 1800 1738 1834 ἀφ’
1758 1797 1797 1826 ὧν
1813 1800 1866 1834 τὴν

1070 1847 1254 1882 προσηγορίαν
1274 1846 1320 1873 τοῦ
1337 1846 1420 1878 κακὸς
1437 1847 1491 1882 (‘27)
1513 1846 1639 1881 λέγεσθαι
1656 1846 1801 1881 λαμϐάνει.
1830 1847 1865 1872 Εἰ

1069 1892 1123 1929 γὰρ
1135 1893 1216 1919 αὐτὸν
1235 1893 1358 1928 εἴποιμεν
1377 1891 1446 1920 εἶναι
1463 1893 1480 1920 ἆ
1496 1894 1580 1919 ποιεῖ·
1605 1894 1676 1918 ποιεῖ
1697 1892 1725 1918 δὲ
1742 1893 1844 1926 ςόνονς
1856 1913 1864 1922 .

1070 1937 1116 1964 καὶ
1133 1937 1264 1973 μοιχείας,
1282 1938 1329 1964 καὶ
1345 1938 1394 1964 ὅσα
1410 1938 1505 1972 ὃμοια·
1521 1937 1601 1968 αὐτὸς
1621 1937 1696 1963 ἐσται
1714 1937 1812 1964 ταῦτα.
1828 1937 1864 1963 ΕΞ

1069 1983 1098 2009 δὲ
1113 1983 1192 2014 αὐτός
1207 1984 1264 2009 ἐστι
1281 1982 1380 2009 ταῦτα·
1396 1983 1440 2009 ὅτε
1454 1983 1567 2017 γίνεται,
1579 1982 1627 2018 τὴν
1642 1982 1772 2009 σύστασιν
1785 1982 1862 2017 ἒχει-

1069 2029 1099 2055 οὺ
1119 2029 1247 2064 γινόμενα
1266 2028 1305 2060 δὲ,
1323 2029 1369 2055 καὶ
1393 2028 1440 2055 τοῦ
1459 2026 1526 2055 εἶναι
1549 2028 1673 2055 παύεται.
1699 2029 1807 2055 Γίνεται
1831 2029 1864 2056 δὲ

1070 2075 1156 2102 ταῦτα
1178 2075 1245 2110 πρὸς
1262 2075 1426 2111 ἀνθρώπων·
1449 2075 1553 2102 ἔσονται
1567 2075 1620 2111 ἄρα
1643 2075 1745 2102 τούτων
1765 2076 1790 2102 οἱ
1814 2076 1864 2102 ἄν-

1071 2121 1174 2157 θρωποι
1199 2121 1325 2156 ποιηταὶ,
1352 2121 1398 2147 καὶ
1422 2119 1468 2146 τοῦ
1493 2118 1560 2146 εἶναι
1580 2120 1628 2146 καὶ
1654 2119 1701 2146 τοῦ
1725 2120 1762 2155 μὴ
1787 2118 1863 2147 εἶναι

1071 2167 1161 2193 αἴτιοι.
1182 2166 1250 2192 Ἀλλ’
1262 2167 1284 2192 εἰ
1301 2165 1330 2198 ἐξ
1350 2162 1386 2192 ὧν
1400 2165 1506 2201 ἐνεργεῖ
1521 2165 1644 2197 ἕκαστος,
1667 2165 1785 2201 ὑπάρχει
1809 2174 1864 2192 κα-

1036 2212 1056 2239 D
1071 2212 1132 2243 κός·
1148 2211 1165 2238 ἃ.
1179 2212 1208 2238 δὲ
1223 2212 1336 2247 ἐνεργεῖ,
1349 2210 1435 2246 ἀρχὴν
1450 2210 1496 2236 τοῦ
1512 2209 1580 2237 εἶναι
1594 2210 1725 2246 λαμϐάνει
1736 2219 1742 2225 ’
1755 2211 1864 2246 ἤρξατο

1072 2257 1195 2288 κάκεῖνος
1210 2254 1277 2283 εἶναι
1291 2256 1374 2287 κακός
1384 2264 1390 2270 ·
1409 2256 1510 2291 ἤρξατο
1522 2256 1550 2282 δὲ
1563 2257 1610 2282 καὶ
1623 2256 1708 2283 ταῦτα
1724 2257 1759 2282 τὰ
1772 2257 1862 2284 κακά.

1071 2302 1103 2328 Et
1119 2302 1140 2328 δ’
1156 2301 1240 2334 οὕτως
1257 2302 1323 2337 ἔχει,
1342 2302 1392 2329 οὐκ
1409 2301 1482 2328 ἐστιν
1497 2301 1621 2336 ἀνάρχως
1634 2310 1675 2333 τις
1688 2302 1783 2333 κακὸς,
1797 2302 1864 2329 οὐδὲ

1072 2347 1207 2384 ἀγέννητα
1222 2347 1257 2374 τὰ
1266 2347 1347 2374 κακά.

1073 2539 1200 2570 intendit,
1216 2543 1244 2566 ut
1257 2546 1290 2566 eo
1305 2539 1421 2575 evincat,
1436 2545 1516 2575 posse
1531 2537 1615 2575 Deum
1629 2539 1731 2574 aliquid
1748 2540 1842 2575 majus
1854 2561 1862 2571 .

1075 2582 1171 2609 nempe
1192 2582 1224 2601 ex
1248 2574 1333 2600 nihilo
1350 2575 1431 2601 etiam
1448 2573 1562 2607 subjecti
1585 2578 1611 2600 ct
1637 2573 1776 2607 absolute;
1793 2573 1863 2603 'nec

1075 2611 1162 2645 solum
1175 2609 1323 2645 accidentia
1335 2628 1344 2641 ,
1361 2610 1406 2637 sed
1424 2613 1450 2636 et
1465 2610 1756 2645 substantiascreare.
1769 2618 1863 2645 eoque

1074 2652 1129 2671 non
1144 2644 1271 2672 habuisse
1287 2652 1355 2678 opus
1369 2645 1483 2671 materia
1494 2643 1645 2677 adjutrice?
1657 2644 1772 2679 Reliqua
1788 2643 1863 2672 nihil

1075 2680 1132 2706 fere
1149 2680 1254 2706 felicius
1271 2679 1376 2706 reddita
1388 2700 1395 2712 ,
1413 2679 1504 2706 conati
1524 2687 1619 2706 smnus
1639 2681 1788 2707 restituere
1806 2690 1812 2707 :
1833 2684 1864 2707 et

1074 2714 1190 2749 quisque
1202 2715 1365 2746 adverterit,
1381 2714 1478 2742 collata
1489 2717 1603 2747 utraque
1614 2715 1751 2747 versione,
1765 2719 1794 2742 et
1805 2715 1862 2743 sibi

1074 2749 1143 2784 ipsa,
1157 2754 1184 2776 et
1199 2750 1295 2776 textui.

1109 2784 1164 2819 (26)
1180 2784 1303 2811 Κάκεῖιό
1315 2784 1417 2811 κακόν.
1436 2783 1480 2812 AI.
1497 2785 1622 2816 κάκεῖνος
1636 2786 1731 2816 κακός.

1109 2820 1164 2854 (ὶῖ)
1176 2821 1282 2853 Καλός.
1295 2818 1336 2846 Al.
1359 2818 1455 2846 κακοῦ.
