1920 3070
52 111 103 129 tot?

55 122 100 139 Ζυι

647 111 712 139 LIB.
733 111 778 138 DE
797 109 921 137 ΗΒΕΠο
939 108 1114 137 ARBITRIO.

1633 112 1649 138 εὶ
1654 112 1689 139 38

87 170 193 196 ΟΥΛΔ.
215 168 300 195 Ἀλλὰ
317 169 364 195 τδν
381 170 431 204 μὲν
447 169 513 205 πρὸς
530 168 576 196 τὸν
590 169 682 204 ἕτερον
695 168 772 203 λόγον
794 170 849 195 ἱκα-

939 166 1016 194 VAL.
1029 167 1084 202 (28)
1101 166 1254 199 Enimvero,
1271 168 1369 201 amice,
1396 172 1556 203 praesentem
1573 169 1686 203 quidem

57 226 117 248 νως,
141 214 165 242 ὧ
182 216 244 251 φίλε
257 236 265 248 ,
296 215 480 250 πεποιηκέναι
497 221 541 250 μοι
563 215 659 246 δοκεῖς.
676 215 719 248 Ἐξ
736 212 773 241 ὧν
797 215 851 250 γὰρ

58 261 201 296 προλαϐὼν
213 261 301 288 ἔδωκε
314 261 355 296 τῷ
369 261 452 296 λόγῳ,
465 261 496 286 ὲκ
505 260 606 286 τούτων
622 260 746 294 συνάγειν
759 260 851 293 ἔδοξας

59 309 158 340 καλῶς.
181 309 225 339 Ὠς
239 309 352 344 ἀληθῶς
366 308 432 344 γὰρ,
449 309 473 334 εἰ
489 308 580 339 ἄποιος
593 307 736 342 ἐτύγχανεν
753 308 768 342 ἡ
790 306 849 341 ὕλη,

59 357 111 383 τῶν
126 356 155 382 δὲ
179 355 335 390 ποιοτήτων
356 354 519 390 δημιουργὸς
534 353 548 378 ὁ
567 353 647 384 656;-
668 353 807 388 ποιότητες
823 353 851 380 δὲ

61 403 93 429 τὰ
106 402 183 428 κακά
194 411 200 416 ·
227 401 284 428 τῶν
307 401 400 428 κακῶν
414 401 488 428 ἔσται
515 400 628 436 ποιητὴς
643 401 658 426 ὸ
671 400 747 432 Θεός.
775 400 850 435 Ἐμοὶ

59 448 86 474 ῖὲ
99 447 199 481 ψεῦδος
213 446 300 479 δοκεῖ,
318 446 367 481 τὴν
384 445 449 481 ὕλην
468 445 560 472 ἄποιον
586 444 689 478 λέγειν·
717 444 777 470 οὐδὲ
796 444 850 479 γὰρ

61 495 164 520 ἑνεπιν
192 494 282 519 εἰπεῖν
311 493 375 528 περὶ
403 492 452 526 τῆς
472 490 544 523 τινος
573 490 685 523 οὐσίας,
715 490 752 521 ὡς
778 489 850 516 ἐστιν

60 542 166 572 ἄποιος.
190 539 273 566 Ἀλλὰ
286 540 350 575 μὴν,
367 539 414 566 καὶ
427 539 456 565 ἐν
467 535 489 572 ᾧ
503 539 597 565 ἄποιον
615 536 684 563 εἶναι
702 536 786 571 λέγει,
801 537 851 572 τὴν

60 587 193 622 ποιότητα
217 586 305 619 αὐτῆς
320 583 389 612 εἶναι
416 584 542 620 μηνύεις,
568 583 646 610 ὁποία
669 582 742 609 ἐστὶν
766 581 849 618 ἡῦλη

60 632 281 668 διαγραφόμενος
291 640 297 646 '
312 632 379 666 ὅπερ
395 630 452 656 ἐστὶ
472 629 612 664 ποιότητος
626 626 704 660 εἶδος.
721 628 811 659 Ὅθεν,
825 627 852 653 ετ

62 687 101 706 σοι
116 679 196 713 φίλον
208 678 296 711 ἐστὶν,
308 677 410 705 ἄνωθεν
430 677 512 712 ἄρχου
530 675 576 702 τοῦ
594 675 690 710 λόγου·
714 675 775 710 ἐμοὶ
795 674 850 709 γὰρ

60 726 77 760 ἡ
92 725 142 759 ὕλη
159 724 310 758 ποιότητας
325 723 450 758 ἀνάρχως
465 722 535 757 ἔχειν
545 722 627 748 δοκεῖ.
644 720 721 747 Οὕτω
735 719 789 755 γὰρ
803 719 850 746 καὶ

60 770 93 797 τὰ
116 770 193 796 κακὰ
217 770 252 796 ὲκ
279 769 330 803 τῆς
344 767 492 803 ἀπορροίας
515 767 599 802 αὐτῆς
626 763 695 793 εἷναι
719 764 801 799 λέγω,
826 761 850 792 ὧ

62 817 133 852 φίλε.

94 953 216 980 ΟΡΘΟΔ.
243 953 276 979 Et
300 952 412 987 ἑμποιος
437 950 470 987 ἦν
491 951 616 986 ἀνάρχως
637 952 654 987 ἠ
681 950 748 986 ὕλη,
777 949 850 982 τίνος

63 1000 135 1035 (ἀρα)
148 999 228 1026 ἔσται
245 999 360 1034 ποιητὴς
376 999 390 1024 ὁ
410 997 492 1030 Θεός;
516 997 578 1024 Εἴτε
591 997 645 1033 γὰρ
661 997 754 1027 οὐσίας
770 996 848 1031 ἐροῦ-

65 1055 122 1081 μεν,
135 1047 262 1081 προεῖναι
277 1052 381 1080 φαμεψ
399 1045 453 1071 εἴτε
470 1042 503 1071 αὖ
520 1049 674 1080 ποιότητας,
687 1043 735 1070 καὶ
750 1042 851 1074 ταύτας

62 1092 196 1127 ὑπάρχειν
231 1091 356 1126 λέγομεν,
380 1090 484 1117 Οὐκοῦν
506 1090 600 1122 οὐσίας
625 1099 654 1116 τε
680 1089 780 1125 οὔσης,
804 1089 850 1116 καὶ

63 1138 231 1172 ποιοτήτων,
259 1136 386 1172 περιττὸν
411 1134 479 1163 εἷναί
505 1145 550 1172 μοι
574 1136 660 1168 δοκεῖ,
685 1135 850 1171 δημιουργὸν

63 1183 150 1217 λέγειν
168 1184 216 1211 τὸν
230 1183 306 1209 Θεόν.
327 1183 407 1210 Ἀλλὰ
422 1183 570 1217 ἀπόκριναι
591 1181 780 1217 ἐρωτώμενοςο
797 1182 849 1208 τίνι

63 1230 136 1265 τόπῳ
157 1229 324 1265 δημιουργὸν
339 1227 409 1255 εἶναι
426 1230 479 1265 φῂς
493 1229 539 1255 τὸν
554 1228 634 1261 Θεόν;
659 1229 786 1264 πότερον,
810 1229 850 1255 ὅτι

63 1276 109 1307 τὰς
125 1276 222 1308 οὐσίας
237 1276 350 1311 ἔτρεψεν
365 1275 470 1307 ὲκείνας
483 1277 523 1307 εἰς
541 1275 572 1301 τὸ
592 1274 690 1310 μηκέτι
708 1275 849 1310 ὑπάρχειν,

64 1323 141 1357 αἵπερ
152 1320 224 1357 ἦσάν
240 1331 304 1348 ποτε
314 1330 322 1337 ο
337 1322 354 1358 ἢ
373 1322 413 1348 ὅτι
428 1321 477 1353 τὰς
494 1322 544 1357 μὲν
559 1321 652 1353 οὐσίας
662 1320 787 1356 ἐφύλαξε,
801 1321 850 1353 τὰς

64 1368 89 1395 δὲ
101 1369 249 1404 ποιότητας
262 1369 366 1395 τούτων
382 1368 477 1404 ἔτρεψε
488 1376 495 1401 ;

96 1461 199 1487 ΟΥΔΛ.
213 1460 280 1487 Οὐτι
300 1469 346 1495 μοι
361 1461 434 1487 δοκεῖ
452 1460 570 1496 ἀλλαγὴν
583 1460 681 1488 οὐσιῶν
696 1461 847 1495 γεγονέναι,

64 1505 126 1531 ἀλλὰ
138 1506 219 1541 μόνον
235 1507 402 1541 ποιοτήτων-
420 1506 480 1533 καθ’
492 1507 525 1538 ἃς
539 1507 702 1543 δημιουργὸν
719 1505 788 1534 εἶναι
805 1507 849 1534 λέ-

64 1560 142 1587 γομεν
157 1552 205 1578 τὸν
221 1552 299 1580 Θεόν.
314 1553 370 1579 Καὶ
385 1552 479 1588 ὥσπερ
492 1554 515 1580 sl
530 1553 604 1588 τύχοι
617 1553 705 1588 λέγειν
724 1555 756 1581 ὲκ
767 1554 849 1581 λίθων

63 1598 144 1624 οἰκίαν
171 1599 325 1632 γεγονέναι,
356 1599 399 1633 ἐφ’
421 1596 458 1626 ὧν
476 1599 526 1626 οὐκ
553 1599 655 1627 ἔνεστιν
678 1601 780 1633 εἰπεῖν,
811 1601 849 1633 ὼς

62 1642 148 1669 οὐκέτι
173 1642 246 1669 λίθοι
270 1643 379 1678 μένουσι
400 1644 432 1678 τῇ
454 1644 549 1679 οὐσίᾳ,
571 1645 643 1671 οίκία
662 1644 800 1680 λεγόμενοι
824 1646 847 1672 οἱ

63 1686 142 1714 λίθοι’
162 1689 197 1723 τῇ
224 1688 280 1723 γὰρ
300 1688 421 1723 ποιότητι
440 1688 490 1723 τῆς
518 1689 668 1722 συνθέσεως
688 1690 738 1726 τὴν
761 1691 849 1718 οὶκίαν

62 1733 200 1767 γεγονέναι
216 1733 307 1768 φημί·
329 1733 401 1760 οὕτω
418 1742 462 1769 μοι
480 1735 554 1761 δοκεί
572 1736 675 1763 καὶτὸν
689 1737 765 1770 Θεὸν,
782 1739 849 1765 ὑπο-

64 1779 196 1814 μενούσης
216 1780 268 1814 τῆς
291 1779 400 1812 οὐσίας,
415 1781 520 1816 τροπήν
539 1790 600 1809 τινα
623 1782 677 1809 τῶν
700 1785 849 1820 ποιοτήτων

64 1825 143 1858 αὐτῆς
159 1824 358 1859 πεποιηκέναι,
379 1825 439 1852 καθ’
460 1826 493 1861 ἣν
513 1827 562 1861 τὴν
584 1827 659 1854 τοῦδε
679 1828 727 1855 τοῦ
746 1829 848 1865 κόσμου

64 1870 166 1903 γένεσιν
180 1871 252 1907 πρὸς
264 1872 310 1898 τοῦ
328 1871 395 1898 Θεοῦ
409 1872 548 1906 γεγονέναι
564 1873 644 1909 φημί.

97 1917 218 1943 ΟΡΘΟΔ.
245 1917 362 1953 Πότερον
375 1918 421 1944 χαὶ
436 1917 477 1944 σοὶ
488 1918 562 1944 δοκεῖ
573 1918 606 1945 τὰ
622 1918 694 1946 κακὰ
707 1919 848 1955 ποιότητες

64 1961 156 1988 οὐσιῶν
171 1959 242 1988 εἶναι
252 1971 260 1995 ;

96 2009 198 2035 ΟΥΑΛ.
213 2009 303 2035 Δοκεῖ.

97 2054 216 2080 ΟΡΘΟΔ.
239 2055 359 2082 Ἀνωθεν
376 2055 405 2082 δὲ
424 2054 493 2092 ἦσαν
514 2058 541 2084 αι
563 2057 702 2093 ποιότητες
719 2056 797 2086 αὗται
820 2059 848 2086 ὲν

66 2100 96 2134 τῇ
112 2099 172 2136 ὕλῃ,
186 2100 203 2136 ἦ
220 2100 306 2136 ἀρχὴν
320 2101 399 2137 ἔσχον
410 2101 458 2128 τοῦ
471 2100 556 2136 εἷναις

98 2145 199 2173 ΟΥΔΛ.
215 2145 339 2173 Συνεῖναι
352 2146 423 2182 φημὶ
440 2147 577 2184 ἀγενήτως
587 2149 619 2184 τῇ
637 2148 686 2185 ὕλῃ
703 2149 803 2180 ταύτας
816 2149 848 2185 δὴ

68 2191 112 2223 τὰς
127 2193 285 2228 ποιότητας.

99 2239 217 2266 ΟΡΘΟΔ.
238 2240 305 2274 Οὐχὶ
324 2239 351 2266 δὲ
370 2240 415 2267 τὶν
434 2239 500 2268 Θεὸν
523 2241 576 2277 φῂς
594 2242 698 2277 τροπήν
720 2249 780 2268 τινα
794 2241 849 2268 τῶν

69 2285 213 2319 ποιοτήτων
234 2284 413 2320 πεποιηκέναι
421 2293 428 2318 ;

101 2331 201 2357 ΟΥΑΛ.
221 2330 306 2356 Τοῦτό
322 2339 358 2366 φη
363 2339 402 2366 μι.

101 2377 219 2403 ΟΡΘΟΔ.
235 2377 282 2408 Et;
296 2377 326 2403 τὸ
340 2378 464 2412 κρεῖττον
477 2385 485 2410 ;

102 2423 202 2449 ΟΥΑΛ.
225 2422 302 2456 Ἐμοὶ
317 2422 400 2450 δοκεῖ.

102 2470 218 2496 ΟΡΘΟΔ.
245 2470 349 2496 Οὐκοῦν
367 2470 392 2496 εἰ
409 2470 548 2506 ποιότητες
564 2469 630 2505 ὕλης
645 2471 679 2497 τὰ
698 2470 781 2502 κακὰ,
801 2470 850 2502 τὰς

73 2514 97 2541 δὲ
110 2516 255 2551 ποιότητας
269 2517 354 2551 αὐτῆς
374 2517 414 2548 εἰς
428 2517 459 2543 τὺ
474 2517 596 2552 κρεῖττον
610 2516 721 2553 ἔτρεψεν
735 2518 749 2544 ὁ
766 2517 832 2549 θεός
841 2526 850 2532 ·

74 2561 146 2588 πόθεν
155 2562 190 2588 τὰ
202 2561 275 2589 κακὰ
294 2561 385 2597 ζητεῖν
398 2562 514 2598 ἀνάγκη.
528 2563 564 2588 Ἦ
578 2562 632 2598 γὰρ
653 2563 749 2594 πᾶσαι,
767 2563 851 2589 κακαῒ⁴

103 2640 154 2677 (93)
169 2640 238 2670 VAL.
270 2640 383 2677 Videtur
406 2640 451 2667 hic
475 2648 536 2667 esse
557 2640 655 2677 tertius
682 2641 850 2677 collocutor,

75 2677 144 2710 cujus
160 2677 261 2704 mentio
277 2677 357 2704 initio
372 2676 412 2708 fit,
427 2679 457 2702 ut
474 2677 568 2703 eadem
580 2676 675 2704 haeresi
688 2676 850 2708 laborantis,

75 2716 145 2745 atque
155 2711 366 2739 Valentinianus
379 2711 425 2746 qui
442 2712 551 2738 modum
570 2712 651 2738 alium
667 2711 761 2739 tuendi
775 2719 852 2738 erro-

77 2754 139 2782 rent.
166 2748 242 2775 socio
270 2755 340 2782 pene
362 2747 481 2778 revicto,
500 2750 635 2782 suggerat.
665 2746 734 2779 Quia
759 2750 849 2773 tamen

76 2780 175 2810 Photius
188 2780 325 2817 ejusmodi
340 2788 474 2817 personas
497 2780 562 2808 non‘
579 2781 677 2814 refert,
705 2782 851 2817 maluimus

77 2818 178 2850 primum
196 2816 263 2846 illud
280 2816 382 2845 nomen
399 2817 514 2852 retinere
527 2825 607 2852 quant
627 2825 658 2844 ex
675 2817 755 2844 nobis
778 2816 851 2843 aliud

76 2852 138 2880 dare.
154 2853 269 2882 Multum
290 2853 363 2881 lucis
379 2851 456 2881 affert
472 2853 611 2888 expressio
631 2859 809 2888 personarum
823 2852 851 2880 in

904 213 1128 248 disputationem,
1150 213 1215 240 mihi
1232 217 1329 240 contra
1354 214 1437 241 alium
1453 216 1632 250 opportunius
1647 206 1694 243 νίς-Ἴ

903 260 977 288 deris
1002 260 1163 287 instituisse.
1196 259 1274 287 Unde
1300 261 1373 288 enim
1401 261 1446 289 ille
1462 263 1537 297 prius
1558 263 1633 291 visus
1644 267 1689 292 est

903 306 1022 335 orationi
1047 306 1208 339 concedere,
1221 306 1284 334 inde
1305 310 1334 333 tu
1361 307 1429 335 bene
1448 309 1522 336 visus
1534 317 1564 337 es
1575 311 1688 337 com-lu-

904 353 977 380 dere.
994 352 1060 380 Nam
1073 361 1167 380 verum
1189 352 1286 386 habet,
1306 354 1388 381 semel
1400 361 1542 386 concesso,
1555 363 1615 383 esse
1628 364 1689 383 ma-

904 399 999 426 teriam
1017 399 1075 427 sine
1088 399 1218 434 qualitate
1237 403 1265 426 et
1292 399 1436 427 informem
1449 422 1456 433 ,
1477 400 1614 436 Deumque
1625 411 1689 431 esse

903 445 1066 478 qualitatum
1095 448 1254 479 auctorem,
1286 453 1318 472 ac
1343 446 1487 481 qualitates
1507 455 1568 474 esse
1593 449 1686 482 mala;

903 489 962 517 fore
971 489 1056 517 Deum
1070 491 1203 518 malorum
1227 495 1376 519 auctorem.
1393 491 1428 518 At
1452 493 1519 519 mihi
1534 493 1630 521 falsum
1647 496 1687 521 vi-

905 535 986 563 detur
1007 545 1068 564 esse
1091 537 1232 564 materiam
1257 537 1317 566 sine
1331 538 1462 573 qualitate.
1489 545 1516 566 et
1531 539 1685 568 informem.

903 581 941 609 De
963 583 1037 610 nulla
1063 583 1136 610 enim
1166 584 1319 611 substantia
1344 584 1433 619 possis
1463 584 1598 613 aﬂirmare
1626 594 1689 614 esse

902 630 1042 665 qualitatis
1056 632 1204 664 expertem.
1221 629 1291 663 Quin
1307 629 1358 657 hoc
1373 630 1433 665 ipso
1449 630 1521 666 quod
1546 631 1605 658 sine
1620 639 1687 666 qua-

902 676 977 703 litate
996 675 1076 707 dicis,
1101 675 1258 710 qualitatem
1274 676 1333 711 ejus
1355 676 1478 704 declaras
1492 696 1499 710 ,
1527 677 1688 706 describens

901 722 992 756 qualis
1009 721 1044 749 sit
1052 721 1164 748 materia
1180 731 1186 748 :
1207 721 1278 756 quod
1293 726 1335 749 est
1347 721 1469 757 quaedam
1486 723 1591 757 species
1616 731 1685 759 qua-

901 767 998 794 litatis.
1015 767 1116 799 Quare.
1131 766 1155 794 si
1169 766 1217 794 tibi
1240 767 1338 802 placet,
1363 767 1445 795 altius
1458 768 1550 796 Ordire
1566 769 1689 804 disputa-

902 812 1014 839 tionem.
1032 811 1097 838 Mihi
1122 811 1195 839 enim
1222 812 1336 839 materia
1363 812 1508 847 qualitates
1530 814 1564 841 ab
1584 819 1687 842 aeterno

862 859 884 887 Β
898 858 999 885 habere
1026 857 1142 885 videtur.
1163 856 1202 884 Ita
1219 858 1329 892 quippe,
1351 865 1368 885 ο
1384 859 1482 892 amice,
1507 863 1535 887 et
1550 860 1632 892 mala,
1652 861 1687 888 ab

900 904 960 938 ejus
973 911 1035 930 esse
1050 902 1170 935 deﬂuxu,
1187 903 1346 938 pronuntio.

936 949 1087 978 ()RTIIOD.
1102 949 1130 977 Si
1140 950 1254 978 materia
1268 950 1326 978 suis
1341 949 1436 978 affecta
1452 951 1630 986 qualitatibus
1652 952 1689 980 al)

900 999 1003 1023 aeterno
1027 995 1089 1027 fuit,
1114 995 1194 1030 cujus
1223 995 1276 1022 erit
1300 999 1407 1022 creator
1422 995 1512 1023 Deus?
1540 995 1602 1023 Sive
1612 997 1686 1023 enim

901 1041 1070 1069 substantias
1082 1041 1243 1074 dixerimus,
1256 1041 1312 1076 jam
1329 1045 1393 1068 ante
1408 1040 1491 1069 fuisse
1500 1041 1688 1076 allirmamus;

901 1088 958 1115 sive
969 1095 1066 1115 rursus
1076 1088 1232 1122 qualitates,
1248 1091 1274 1115 et
1290 1087 1351 1115 illas
1363 1088 1503 1115 exstitisse
1525 1089 1684 1117 asserimus.

900 1132 968 1160 Cum
986 1141 1050 1169 ergo
1059 1134 1114 1161 sint
1130 1133 1189 1160 sine
1200 1133 1254 1160 Deo
1269 1137 1294 1160 et
1314 1133 1473 1161 substantia
1487 1139 1513 1161 et
1530 1135 1687 1170 qualitates,
1728 1160 1732 1163 .

901 1186 1132 1213 supervacaneum
1151 1179 1268 1211 videtur,
1300 1185 1329 1206 ut
1346 1179 1417 1207 Deus
1434 1180 1542 1207 dicatur
1567 1187 1684 1209 creator.

900 1222 1034 1250 Caeterum
1050 1223 1221 1258 percontanti
1246 1224 1399 1258 responde:
1413 1224 1471 1258 Qua
1493 1226 1597 1254 ratione
1616 1227 1689 1255 dicis

901 1266 986 1295 Deum
1001 1276 1063 1295 esse
1080 1268 1260 1296 Creatorem?
1281 1269 1322 1296 An
1335 1269 1408 1304 quod
1435 1271 1602 1299 substantias
1626 1280 1687 1307 qua:

901 1313 1047 1348 aliquando
1062 1313 1181 1346 fuerunt,
1205 1313 1233 1340 in
1252 1314 1368 1341 nihilum
1393 1315 1544 1350 redegerit;
1562 1324 1595 1342 an
1613 1317 1687 1351 quod

901 1358 1067 1386 substantias
1095 1359 1204 1392 quidem
1239 1360 1436 1394 conservarit,
1470 1361 1517 1388 sed
1541 1362 1687 1396 qualiiates

901 1412 996 1432 carum
1008 1405 1140 1432 mutarit?

936 1460 1014 1488 VAL.
1027 1461 1107 1488 Nulla
1138 1463 1205 1489 mihi
1232 1463 1340 1490 videtur
1371 1464 1588 1493 substantiarum
1615 1466 1687 1494 facta

901 1507 1028 1539 mutatio,
1058 1508 1106 1535 sed
1127 1512 1233 1535 tantum
1262 1510 1436 1544 qualitatum,
1459 1519 1575 1546 quarum
1603 1521 1689 1541 causa

902 1552 986 1580 Deum
1004 1561 1065 1581 esse
1084 1558 1235 1582 creatorem
1261 1555 1387 1584 dicimus.
1413 1556 1446 1583 Et
1460 1558 1686 1592 quemadmodum

902 1599 925 1626 si
943 1600 1005 1635 quis
1024 1601 1107 1632 dicat,
1137 1600 1235 1628 factam
1258 1609 1292 1628 ex
1318 1602 1454 1637 lapidibus
1483 1603 1613 1637 domum;
1632 1613 1691 1640 quo

902 1651 993 1674 tamen
1006 1647 1117 1674 minime
1126 1646 1208 1673 fuerit
1221 1648 1373 1682 negandum
1390 1648 1458 1684 (29),
1475 1657 1585 1677 manere
1598 1651 1691 1679 adhuc

902 1691 1006 1726 lapides
1014 1693 1164 1720 secundum
1176 1694 1369 1725 substantiam.
1380 1695 1425 1730 qui
1435 1695 1562 1723 dicuntur
1572 1697 1686 1726 domus:

901 1736 1012 1764 domum
1028 1738 1099 1765 enim
1120 1740 1328 1774 compositionis
1342 1741 1473 1775 qualitate
1490 1743 1550 1770 dico
1565 1742 1662 1770 factam
1677 1754 1685 1772 :

901 1781 939 1807 ita
953 1789 1062 1814 censeo,
1076 1782 1171 1817 Deum,
1185 1789 1312 1812 manente
1326 1786 1490 1819 substantia,
1509 1789 1688 1817 mutationem

902 1828 1046 1861 quamdam
1069 1829 1230 1864 qualitatum
1247 1830 1355 1864 fecisse,
1371 1832 1478 1860 ratione
1500 1833 1580 1868 cujus
1606 1843 1688 1862 mun-

901 1873 966 1900 dum
983 1881 998 1900 a
1018 1873 1073 1901 Deo
1084 1880 1205 1902 creatum
1223 1875 1336 1904 allirmo.

937 1917 1088 1946 ORTHOD.
1106 1919 1256 1948 Videturne
1278 1921 1358 1948 etiam
1374 1921 1423 1948 tibi
1436 1920 1508 1948 mala
1520 1921 1689 1949 substantia-

901 1968 964 1989 rum
980 1967 1041 1988 esse
1057 1962 1221 1996 qualitates?

938 2008 1016 2036 VAL.
1034 2009 1154 2037 Videtur.

937 2055 1258 2083 0RTllOD.Fueruntne
1281 2056 1324 2084 ha:
1351 2057 1498 2091 qualitates
1525 2058 1558 2085 ab
1582 2063 1686 2086 aaterno

902 2101 929 2128 in
945 2101 1069 2133 materia,
1085 2108 1118 2128 an
1141 2101 1304 2136 principium
1319 2101 1426 2129 essendi
1442 2102 1615 2129 habuerunt?

942 2147 1018 2174 VAL.
1037 2146 1133 2174 Fuisse
1160 2146 1210 2174 has
1224 2147 1369 2182 qualitates
1386 2148 1420 2175 ab
1430 2152 1531 2176 aeterno
1546 2157 1608 2175 cum
1624 2156 1682 2176 ma-

902 2193 969 2221 teria
986 2193 1123 2220 existimo.

935 2237 1041 2266 URTII.
1073 2237 1132 2265 Non
1159 2238 1301 2267 arbitraris
1328 2239 1507 2268 mutationem
1537 2240 1683 2275 quamdam

898 2285 1060 2320 qualitatum
1076 2292 1137 2312 esse
1151 2292 1166 2311 a
1184 2284 1238 2312 Deo
1253 2284 1377 2312 factam?

934 2331 977 2358 VA
983 2331 1012 2358 L.
1024 2331 1148 2359 Arbitror
1159 2331 1270 2359 factam.

935 2377 1040 2404 ORTH.
1058 2378 1086 2404 In
1104 2377 1221 2405 melius?

937 2423 1014 2451 VAL.
1028 2423 1092 2451 Mihi
1105 2424 1224 2452 videtur.

935 2469 1040 2498 ORTH.
1057 2470 1086 2497 Si
1100 2478 1164 2505 ergo
1186 2469 1306 2497 materia:
1321 2469 1467 2505 qualitates
1497 2469 1568 2495 mala
1599 2473 1680 2501 sunt,

900 2516 972 2544 Deus
999 2520 1088 2544 autem
1114 2524 1160 2544 eas
1187 2515 1214 2542 in
1234 2515 1330 2543 melius
1358 2514 1502 2548 convertit,
1528 2514 1683 2542 necessario

900 2563 1075 2598 quaareudum
1091 2566 1143 2594 est,
1159 2561 1231 2588 unde
1253 2561 1324 2588 mala
1341 2560 1405 2588 sint.
1425 2561 1478 2587 Aut
1493 2560 1564 2587 enim
1588 2566 1684 2587 omnes

901 2641 1003 2668 talibus
1018 2639 1143 2674 dialogis.

937 2676 993 2713 (29)
1011 2675 1068 2713 Quo
1096 2673 1182 2713 tanien
1205 2674 1312 2713 minime
1334 2673 1413 2713 fuerit
1435 2675 1610 2713 negandum,‘
1627 2675 1681 2699 etc.

902 2708 1053 2744 Qu'od'sola
1067 2710 1181 2737 mutatio
1202 2709 1378 2736 occidentalis
1395 2709 1559 2744 accesserit,
1578 2708 1686 2744 aliaque

901 2743 1006 2773 tantum
1016 2750 1042 2773 et
1057 2745 1108 2772 alia
1119 2744 1291 2778 compositio,
1302 2745 1376 2771 salva
1389 2744 1540 2772 substantia
1552 2743 1684 2778 lapidum,

902 2783 1040 2816 lnterpres
1063 2780 1152 2807 Photii
1176 2777 1263 2806 totum
1287 2780 1443 2816 oppositum
1466 2777 1609 2814 exprimit,
1636 2777 1685 2806 scil

903 2817 979 2845 nullo
996 2825 1079 2845 sensu
1090 2821 1156 2845 satis
1169 2823 1299 2851 congruo.
