1920 3070
246 127 299 157 259

734 129 764 157 S.
785 125 950 157 METHODII
967 126 1122 159 EPISCOPI
1142 130 1185 158 ΕΤ
1201 131 1378 159 MARTYRIS

1827 133 1884 162 260

247 196 310 216 eum
327 189 405 216 bona:
431 189 536 222 essent,
552 189 578 215 in
596 188 695 216 melius
720 192 785 216 sunt
808 197 947 218 conversae
962 198 969 216 ξ
985 197 1018 216 au

1082 188 1171 223 οὖσαι,
1189 191 1234 218 ἐπὶ
1255 191 1284 218 τὸ
1307 193 1429 228 κρεῖττον
1447 190 1621 227 ἐτράπησαν·
1636 193 1652 228 ἥ
1679 193 1706 220 αἱ
1723 194 1776 229 μὲν
1797 192 1883 220 οὖσαι

247 242 309 262 cum
328 234 387 261 aliae
413 234 522 269 quidem
540 235 620 262 home
647 239 750 266 essent,
769 235 828 261 aliae
848 235 941 268 malm;
956 235 1033 262 malae

246 280 354 315 quidem
369 286 426 307 non
443 283 506 308 sunt
520 284 629 308 mutatae
646 281 673 307 in
698 280 794 307 melius
807 289 814 313 ;
828 280 940 315 reliquae
955 288 1030 314 vero,

244 333 412 361 quaecunque
427 330 504 353 erant
531 325 691 359 commodae,
710 329 824 354 ornatus
847 333 930 353 causa
950 325 1031 354 aDeo

243 375 353 398 mutatae
371 375 445 398 sunt.

278 417 357 445 VAL.
371 418 417 445 Sic
432 426 482 453 ego
494 418 551 453 jam
570 418 634 445 olim
649 418 809 445 sentiebam.

276 465 381 492 ORTH.
407 464 549 498 Quomodo
573 473 637 500 ergo
665 465 751 492 malas
778 464 938 499 qualitates,
970 470 1029 492 uta

241 512 376 548 principio
392 511 511 544 fuerunt,
528 511 638 538 relictas
665 511 753 538 dicis?
776 510 822 538 Vel
849 511 896 544 ita,
920 515 950 538 ιιι
966 519 1029 546 pos-

242 562 284 586 set
302 559 371 586 Deus
386 566 432 585 eas
461 558 576 591 tollere;
596 557 639 584 vel
657 562 686 584 ut
706 557 823 585 voluerit
845 557 965 592 quidem,
980 558 1027 585 sed

241 612 296 632 non
312 603 447 639 potuerit?
463 603 492 632 Si
507 603 630 638 potuisse
646 603 697 636 ais,
723 607 749 630 et
764 602 896 635 noluisse,
915 610 1028 630 necesse

241 656 283 679 est
299 654 329 677 ut
346 654 441 677 auctor
456 650 553 677 horum
566 649 674 676 dicatur
692 657 699 675 ι
715 649 787 684 quod
804 649 922 684 potuerit
938 648 1027 676 eilice«

241 705 272 724 re
283 702 312 724 ut
322 699 480 724 non'essent
490 696 577 729 mala;
591 699 618 722 et
637 699 727 722 tamen
742 695 797 728 illa,
813 699 842 722 ut
861 698 949 727 erant,
965 702 1027 723 esse

240 743 396 780 permiserit
413 751 419 769 :
439 742 520 778 idque
536 741 662 774 maxime,
675 745 818 776 postquam
832 742 960 776 coepisset
969 749 1027 768 ma—

240 790 338 817 teriam
366 789 493 817 formare.
513 787 541 814 Si
565 788 636 816 enim
663 788 765 814 nullam
786 796 899 823 prorsus
911 788 970 822 ejus
985 796 1026 815 ra-

239 836 343 863 tionem
369 834 521 867 habuisset,
535 834 621 862 videri
643 834 777 869 potuisset
803 841 857 860 non
869 839 963 861 auctor
977 842 1025 861 eo-

1082 237 1220 267 κακαὶ,⁸αἱ
1233 237 1261 263 δὲ
1281 238 1317 272 μή
1329 246 1335 252 ·
1355 239 1381 264 αἱ
1400 237 1449 272 μὲν
1467 238 1550 264 κακαὶ
1571 239 1621 265 οὐκ
1643 240 1807 276 ἐτράπησαν
1833 241 1883 267 ὲπὶ

1081 281 1111 307 τὸ
1128 284 1265 317 κρεῖττον·
1284 284 1311 309 αι
1325 283 1353 309 δὲ
1367 282 1472 316 λοιπαὶ,
1491 284 1552 310 ὅσαι
1569 284 1690 320 διάφοροι
1711 286 1881 321 ἐτύγχανον,

1079 328 1130 363 τῆς
1143 328 1348 364 διακοσμήσεως
1364 329 1445 356 ἕνεκα
1457 330 1525 366 πρὸς
1537 330 1604 357 Θεοῦ
1617 331 1789 368 ἐτράπησαν.

1115 417 1216 445 ΟΥΑΛ.
1231 418 1324 450 Οὕτως
1337 419 1439 447 ἄνωθεν
1451 419 1521 456 εἶχον
1535 421 1600 455 ἐγώ.

1114 462 1232 489 ΟΡΘΟΔ.
1258 463 1321 495 Πῶς
1342 465 1430 491 τοίνυν
1445 465 1495 497 τὰς
1511 466 1565 494 τῶν
1582 467 1689 501 φαύλων
1709 470 1877 505 ποιότηταςι

1079 507 1116 540 ὡς
1131 506 1215 544 εἶχον,
1234 509 1454 538 καταλελοιπέναι
1475 511 1583 546 λέγεις;
1604 514 1729 550 Πότερον,
1747 516 1879 551 δυνάμε-

1078 561 1122 580 νον
1135 554 1184 589 μὲν
1195 554 1301 586 ὲκείνας
1319 555 1422 582 ἀνελεῖν
1435 565 1441 571 ·
1455 557 1470 592 ἦ
1485 556 1647 593 βουληθέντα
1661 559 1719 594 μὲν,
1735 562 1772 596 μὴ
1790 561 1881 588 δυνά-

1079 608 1159 634 μενον
1180 600 1226 633 δέ;
1244 601 1275 627 El
1289 601 1404 637 μὲνγὰρ
1424 602 1571 638 δυνάμενον
1590 603 1689 639 λέγεις,
1708 607 1744 642 μὴ
1768 607 1878 642 βουλη-

1078 645 1157 672 θέντα
1178 646 1206 672 δὲ
1227 646 1307 673 αὑτὸν
1329 647 1414 674 αἴτιον
1437 649 1538 676 τούτων
1554 650 1626 685 (51)·
1654 652 1694 678 ὅτι
1717 653 1879 688 δυνάμενος

1077 693 1187 728 ποιῆσαι
1203 692 1240 729 μὴ
1253 692 1323 721 εἶναι
1336 695 1418 727 κακὰ,
1433 695 1620 732 συνεχώρησεν
1636 699 1704 725 αὐτὰ
1721 700 1816 735 μένειν
1834 701 1878 732 ὡς

1075 734 1123 771 ἦν·
1147 738 1193 764 καὶ
1210 738 1325 774 μάλιστα
1343 740 1388 766 ὅτε
1409 740 1581 777 δημιουργεῖν
1601 742 1651 778 τὴν
1669 743 1733 780 ὕλην
1751 745 1876 781 ἤρξατο.

1075 782 1107 808 Εἰ
1129 782 1183 818 γὰρ
1207 784 1274 819 μηδὲ
1291 785 1358 817 ὅλως
1383 785 1478 821 ἔμελεν
1496 787 1570 822 αὐτῷ
1591 788 1641 823 τῆς
1666 789 1740 826 ὕλης,
1762 792 1816 818 οὐκ
1837 793 1877 819 ἂν

1075 827 1161 860 αἴτιος
1183 826 1233 864 ἦν,
1252 826 1289 856 ὧν
1313 831 1484 867 συνεχώρησε
1512 833 1611 868 μένειν.
1633 836 1708 862 Ἐπεὶ
1729 836 1757 864 δὲ
1781 838 1876 874 μέρος

240 888 301 908 rum
316 888 376 916 qua“.
393 879 516 915 permisit
524 884 649 907 manere.
675 879 822 914 Postquam
844 883 944 912 autem,
962 888 1018 915 par-

1078 873 1127 908 μέν
1139 883 1164 900 τι
1178 874 1264 910 αὐτῆς
1279 865 1451 912 δημιουργεῖξ
1463 865 1545 914 μέρος
1560 879 1588 905 δέ
1599 888 1625 906 τι
1639 881 1706 916 αὐτῇ
1723 882 1763 918 ἑᾷ,
1781 865 1875 910 duini:

239 931 293 955 tem
315 926 424 962 quidem
448 925 568 953 materize
597 924 696 952 format
722 929 749 952 et
774 925 889 960 perficit,
918 931 1023 960 partem

238 973 364 1008 negligit;
387 980 448 1000 cum
463 976 490 999 et
515 972 588 999 illam
610 975 702 1006 posset
733 971 763 998 in
785 972 882 999 melius
904 975 1021 1007 mutare,

237 1018 305 1046 mihi
320 1017 428 1045 videtur
450 1018 584 1045 malorum
610 1025 703 1050 causa,
718 1018 764 1052 qui
780 1021 882 1052 partem
903 1018 1023 1045 materiae

236 1065 335 1093 malam
361 1065 512 1100 reliquerit.
539 1065 659 1092 Alteram
681 1072 747 1099 ergo
776 1068 878 1098 partem
901 1063 928 1090 in
941 1063 1022 1098 hujus

236 1112 349 1140 exitium
363 1111 491 1138 formavit
506 1120 513 1138 :
531 1111 596 1143 imo,
622 1115 649 1138 et
665 1110 692 1137 in
705 1110 758 1136 hoc
780 1111 906 1141 maxime,
917 1114 1021 1142 partem

194 1165 200 1172 '
235 1157 308 1185 hanc
332 1158 454 1185 materiae
469 1165 551 1192 quam
567 1156 711 1191 disposuit,
729 1163 842 1190 quazque
857 1155 913 1190 jam
933 1155 1022 1189 perci-

235 1205 292 1240 piat
306 1205 439 1232 malorum
455 1203 638 1234 incommoda,
664 1202 766 1236 injuria
787 1201 918 1228 affecerit.
937 1201 1021 1229 Ante-

236 1258 317 1285 quam
332 1250 403 1277 enim
419 1252 544 1276 ornatum
561 1248 693 1282 reciperet
706 1246 772 1281 (50),
785 1245 876 1272 nullus
886 1245 910 1272 ei
928 1243 1021 1272 aderat

235 1298 370 1324 malorum
383 1303 482 1323 sensus
497 1303 505 1322 :
523 1300 596 1321 nunc
607 1301 681 1325 vero,
700 1292 785 1319 ambae
811 1295 902 1326 partes
918 1291 1020 1318 malum

235 1342 367 1370 sentiunt.
389 1340 430 1368 Sit
441 1341 489 1367 tibi
504 1339 538 1367 ab
554 1339 665 1366 homine
677 1338 841 1372 exemplum.
856 1336 1019 1372 Priusquam

235 1388 307 1416 enim
325 1387 400 1414 fieret
426 1386 537 1418 animal,
564 1385 637 1413 omni
652 1391 766 1420 prorsus
788 1383 922 1410 malorum
936 1390 1019 1410 sensu

234 1434 359 1460 vacabat.
372 1432 412 1459 Ex
427 1441 481 1467 quo
506 1435 597 1459 autem
613 1430 717 1459 effictus
740 1430 821 1457 homo
833 1429 1019 1464 formatusque

234 1479 351 1515 imagine
365 1478 478 1506 eﬂicitur
491 1485 506 1504 a
517 1477 582 1510 Deo,
599 1477 680 1504 etiam
696 1476 879 1503 incumbentis
895 1475 958 1502 mali
973 1482 1019 1501 ac-

233 1526 301 1560 cipit
314 1532 436 1553 sensum.
453 1524 541 1558 Atque
562 1523 639 1554 adco,
657 1522 730 1557 quod
747 1521 867 1549 materiae
893 1521 920 1548 in
937 1521 1019 1548 bene-

233 1572 287 1600 ﬁcii
301 1575 404 1607 partem
417 1579 432 1597 a
448 1570 505 1597 Deo
519 1569 646 1597 collatum
659 1569 739 1600 dicis.
757 1568 847 1603 potitus
860 1567 893 1594 ad
906 1567 1018 1595 exitium

233 1618 383 1646 accessisse
404 1615 627 1651 deprehenditur.
656 1613 685 1642 Si
699 1622 764 1642 vero
781 1614 869 1646 dicas,
893 1621 948 1641 non
971 1621 1020 1648 po-

231 1664 319 1691 tuisse
334 1670 348 1689 a
364 1661 419 1690 Deo
434 1660 536 1689 aboleri
548 1660 619 1687 mala
636 1669 644 1687 :
664 1667 727 1687 cum
759 1658 895 1694 ejusmodi
918 1659 1020 1693 impos-

232 1710 361 1741 sibilitas,
374 1714 421 1735 aut
433 1711 531 1734 natura
547 1706 713 1734 imbecillum
733 1711 841 1741 arguat,
860 1709 906 1732 aut
921 1705 1018 1733 timore

232 1755 358 1783 vincente
381 1753 486 1781 fortiori
511 1752 593 1780 alicui
615 1753 809 1787 mancipatum,
840 1751 902 1779 vide
926 1756 1017 1778 utrum

230 1802 327 1829 horum
342 1799 520 1835 omnipotenti
535 1803 561 1826 et
574 1799 646 1826 bono
653 1798 707 1826 Deo
715 1799 783 1827 velis
795 1799 941 1826 ascribere.
949 1797 1017 1824 Por-

230 1854 262 1874 ro
276 1847 374 1873 iterum
402 1845 548 1880 propositae
563 1844 637 1870 circa
659 1842 801 1870 materiam
813 1841 957 1877 quaestioni
973 1848 1017 1868 re-

231 1892 344 1927 sponde.
359 1891 442 1919 Estne
452 1890 564 1919 materia
581 1889 706 1924 simplex.
723 1897 759 1916 an
771 1888 935 1923 composita?
949 1887 1016 1915 Nam

231 1939 255 1966 si
267 1938 380 1966 materia
393 1937 507 1972 simplex
520 1935 571 1963 fuit
599 1939 626 1963 et
642 1932 797 1966 uniformis,
819 1942 881 1961 cum
898 1934 1016 1961 mundus

230 1984 400 2020 compositus
417 1983 452 2010 sit
467 1987 493 2010 et
508 1990 542 2009 ex
558 1981 675 2009 diversis
697 1980 861 2008 substantiis
887 1983 1013 2012 constet,

230 2038 286 2057 non
299 2033 389 2064 potest
400 2029 455 2056 dici
470 2028 559 2055 factus
581 2035 615 2055 ex
630 2027 758 2059 materia;
775 2026 847 2061 quod
879 2034 933 2053 non
950 2033 1014 2060 pos-

229 2077 284 2104 sint
319 2084 378 2111 quze
409 2079 473 2102 sunt
503 2074 675 2109 composita,
701 2079 756 2099 uno
786 2072 877 2107 aliquo
903 2070 1014 2099 informi

228 2123 368 2151 constitui.
395 2121 581 2156 Compositum
608 2119 691 2151 enim,
716 2118 879 2154 simplicium
906 2118 1013 2152 aliquo-

228 2177 289 2196 rum
321 2167 476 2195 mistionem
506 2166 617 2193 indicat.
648 2163 726 2197 Quod
754 2164 777 2192 si
805 2164 902 2191 iterum
929 2166 1014 2190 mate-

1077 926 1158 965 μενος
1187 919 1297 947 κάκεῖνο
1312 921 1422 957 τρέπειν
1437 923 1477 955 εἰς
1501 923 1532 950 τὸ
1558 926 1680 960 κρεῖττον
1691 935 1698 942 ’
1715 928 1802 961 αῐτιὸς
1819 939 1874 965 μοι

1075 964 1129 990 τῶν
1144 966 1235 993 κακῶν
1252 966 1357 1001 (δοκεῖ),
1373 969 1529 997 καταλιπὼν
1542 971 1624 1007 μέρος
1645 971 1710 1008 ὕλης
1731 964 1871 1011 πονηρόν.

1082 1011 1140 1037 Ἐπ’
1153 1012 1254 1048 ὀλέθρῳ
1268 1011 1314 1040 οὖν
1325 1014 1522 1052 ἐδημιούργησε
1536 1017 1635 1053 μέρους
1645 1027 1651 1034 ·
1663 1019 1730 1047 ἀλλὰ
1745 1021 1800 1056 μὴν
1816 1023 1872 1048 καὶ

1075 1057 1108 1085 τὰ
1124 1059 1254 1093 μέγιστα,
1277 1061 1347 1088 κατὰ
1363 1062 1458 1094 τοῦτο,
1475 1063 1553 1090 τοῦτο
1566 1065 1597 1091 τὺ
1615 1065 1696 1101 μέρος
1715 1067 1872 1103 ἠδικῆσθαι

1076 1112 1120 1138 μοι
1134 1104 1216 1137 δοκεῖ,
1231 1106 1299 1142 ὅπερ
1320 1109 1504 1136 κατεσκεύασε
1520 1110 1570 1145 τῆς
1591 1110 1656 1147 ὕλης
1677 1113 1768 1148 μέρος,
1787 1115 1872 1142 ἀντι-

1074 1149 1277 1197 λαμϐανόμενον
1298 1153 1332 1179 τὰ
1361 1155 1393 1180 ὲκ
1416 1154 1469 1181 τῶν
1489 1156 1590 1183 κακῶν.
1611 1158 1679 1194 Πρὶν
1700 1160 1753 1196 γὰρ
1776 1161 1871 1197 αὐτὴν

1073 1195 1308 1234 διακοσμηθῆναι,
1332 1199 1362 1226 τὸ
1387 1201 1454 1236 μηδὲ
1480 1203 1654 1231 αἰσθάνεσθαι
1682 1195 1742 1232 τῶν
1766 1195 1870 1236 κακιῖλν

1074 1244 1163 1279 παρῆν
1187 1245 1272 1280 αὐτῇ·
1294 1245 1340 1273 νῦν
1367 1246 1396 1273 δὲ
1429 1247 1543 1275 ἕκαστον
1565 1249 1619 1276 τῶν
1653 1251 1744 1286 μερῶν
1776 1253 1870 1289 αὐτῆς

1073 1289 1197 1325 αἴσθησιν
1214 1291 1345 1327 λαμϐάνει
1360 1293 1415 1320 ’τῶν
1430 1294 1534 1322 κακῶν.
1550 1295 1605 1322 Καὶ
1626 1305 1670 1331 μοι
1689 1298 1731 1324 ἐπ’
1752 1299 1867 1335 ἀνθρώ-

1072 1344 1123 1361 που
1135 1336 1200 1363 λάϐε
1212 1337 1242 1363 τὸ
1261 1338 1444 1374 παράδειγμα.
1468 1340 1536 1375 Πρὶν
1555 1341 1630 1377 (γὰρ)
1649 1341 1717 1373 ζῶον
1736 1343 1866 1379 γένηται,

1072 1380 1232 1417 ἀναίσθητον
1247 1379 1281 1418 ἦν
1306 1382 1360 1409 τῶν
1385 1383 1487 1411 κακῶν.
1518 1384 1575 1419 Ἀφ’
1600 1382 1630 1412 οὕ
1653 1386 1681 1412 δὲ
1710 1387 1868 1416 εἰκονισθὲδ

1072 1425 1214 1462 ἄνθρωπος
1227 1428 1294 1463 πρὸς
1311 1427 1379 1454 Θεοῦ
1395 1427 1499 1462 γίνεται
1509 1449 1515 1460 ,
1531 1429 1591 1456 τότε
1607 1431 1654 1457 καὶ
1673 1431 1722 1467 τὴν
1734 1433 1867 1468 αἴσθησιν

1071 1472 1118 1499 τοῦ
1140 1474 1356 1509 προπελάζοντος
1373 1474 1458 1501 κακοῦ
1481 1476 1692 1512 προσλαμϐάνει.
1710 1479 1765 1506 Καὶ
1781 1479 1866 1507 τοῦτο

1071 1519 1139 1554 ὅπερ
1153 1519 1213 1545 ὲπεὶ
1231 1520 1376 1556 εὐεργεσίᾳ
1395 1520 1444 1555 τῆς
1458 1520 1524 1557 ’ύλης
1540 1523 1607 1558 πρὸς
1631 1523 1697 1550 Θεοῦ
1718 1525 1866 1559 γεγονένα.

1071 1563 1168 1598 λέγεις,
1184 1565 1339 1600 εὑρίσκεται
1358 1566 1458 1601 μᾶλλον
1471 1568 1517 1594 ὲπὶ
1533 1567 1572 1603 τῷ
1592 1569 1693 1604 χείρονι
1710 1571 1866 1605 προσγενό-

1071 1618 1150 1645 μενον
1167 1611 1246 1646 αὺτῇ.
1262 1611 1293 1637 Et
1309 1611 1338 1638 δὲ
1356 1612 1393 1648 μὴ
1409 1612 1538 1640 δύνασθαι
1560 1613 1662 1641 παῦσαι
1675 1615 1708 1642 τὰ
1725 1617 1799 1643 κακὰ
1814 1617 1865 1644 τὸν

1069 1655 1134 1682 Θεὸν
1160 1656 1229 1692 φῄς·
1256 1657 1287 1683 τὸ
1309 1657 1337 1684 δὲ
1361 1658 1489 1685 ἀδύνατον
1510 1660 1568 1694 ἦτοι
1590 1661 1623 1696 τῇ
1647 1661 1725 1695 φύσει
1756 1662 1863 1699 ἀσθενῆ

1070 1701 1200 1737 ὑπάρχειν
1222 1702 1305 1734 ἐστὶν,
1322 1703 1339 1738 ἦ
1362 1703 1400 1739 τῷ
1423 1704 1548 1731 νικᾶσθαι
1569 1705 1607 1741 τῷ
1630 1706 1703 1741 φόϐῳ
1725 1707 1862 1734 δεδουλω-

1070 1746 1149 1781 μένον
1173 1746 1241 1782 πρός
1265 1755 1337 1778 τινος
1364 1749 1536 1784 κρείττονοςς
1562 1751 1611 1785 ὅρα
1636 1751 1726 1777 ὁποῖον
1755 1752 1862 1779 τούτων

1069 1792 1235 1827 προσάπτειν
1250 1792 1352 1825 ἐθέλοις
1363 1793 1401 1829 τῷ
1414 1796 1612 1832 παντοκράτορι
1625 1796 1671 1822 καὶ
1683 1796 1779 1832 ἀγαθῷ
1787 1797 1859 1832 Θεῷ.

1075 1839 1153 1866 Ἀλλὰ
1179 1839 1260 1866 πάλιν
1283 1841 1348 1876 περὶ
1377 1841 1427 1877 τῆς
1457 1842 1522 1877 ὕλης
1548 1843 1703 1878 ἀπόκριναι.
1738 1844 1860 1880 Πότερον

1066 1884 1138 1920 ἁπλῆ
1154 1886 1197 1917 τίς
1217 1886 1291 1913 ἐστιν
1305 1887 1321 1922 ἡ
1336 1886 1396 1923 ὕλη,
1415 1887 1431 1922 ἢ
1449 1887 1592 1922 σύνθετοςς
1609 1889 1641 1916 El
1656 1890 1708 1926 γὰρ
1725 1890 1797 1926 ἀπλῆ
1814 1900 1860 1922 τις

1066 1931 1212 1967 ἐτύγχανεν
1225 1933 1274 1969 ὕλη
1290 1933 1337 1960 καὶ
1354 1934 1501 1970 μονοειδὴς,
1518 1935 1642 1967 σύνθετος
1654 1936 1681 1962 δὲ
1707 1938 1720 1963 ὁ
1741 1937 1857 1972 κόσμος,

1066 1980 1112 2006 καὶ
1133 1980 1165 2006 ἐκ
1181 1979 1317 2015 διαφόρων
1340 1981 1438 2008 οὐσιῶν
1455 1982 1589 2014 συνεστώς
1612 1984 1700 2009 ἐστιν·
1723 1984 1860 2014 ἀδύνατον

1065 2027 1156 2054 τοῦτον
1170 2026 1199 2059 ἐξ
1214 2027 1280 2062 ὕλης
1297 2028 1438 2062 γεγονέναι
1451 2028 1539 2063 λέγειν
1552 2038 1559 2044 ·
1573 2029 1612 2064 τῷ
1634 2029 1668 2056 τὰ
1685 2030 1799 2057 σύνθετα
1816 2032 1857 2068 μὴ

1064 2070 1119 2100 οἷόν
1140 2082 1170 2099 τε
1191 2073 1220 2106 ἐξ
1246 2074 1304 2105 ἑνὸς
1319 2073 1414 2101 ἀποίου
1430 2074 1479 2110 τὴν
1496 2075 1624 2102 σύστασιν
1641 2076 1721 2111 ἔχειν.
1738 2077 1774 2104 Τὸ
1798 2077 1857 2114 γὰρ

1065 2119 1191 2145 σύνθετον
1207 2119 1300 2146 ἁπλῶν
1317 2128 1396 2147 τινων
1415 2120 1486 2155 μίξιν
1503 2122 1608 2157 μηνύει.
1632 2122 1662 2148 Εἰ
1677 2122 1698 2148 δ’
1714 2120 1746 2149 αὖ
1771 2124 1858 2152 πάλιν

1065 2165 1189 2192 σύνθετον
1211 2166 1300 2200 λέγεις
1323 2165 1372 2201 τὴν
1386 2165 1468 2201 ὓλην,
1490 2167 1598 2198 πάντως
1620 2167 1650 2199 ἑξ
1673 2167 1767 2194 ἁπλῶν
1791 2178 1857 2195 συν-

227 2218 296 2243 riam
323 2214 399 2241 dicas
415 2212 479 2248 quid
506 2211 702 2247 compositum,
725 2210 836 2238 omnino
861 2209 954 2237 debuit
978 2217 1012 2236 ex

1069 2211 1151 2246 ετέθη¹
1164 2212 1210 2238 καὶ
1221 2210 1254 2248 ἦν
1266 2221 1332 2239 ποτε
1345 2212 1404 2238 καθ’
1417 2212 1500 2239 ἑαυτὰ
1515 2213 1597 2240 ἁπλᾱ’
1609 2210 1645 2240 ὧν
1660 2213 1853 2249 συντεθέντων,

228 2260 399 2295 simplicibus
411 2257 555 2292 componi;
571 2261 703 2291 erantque
726 2256 790 2283 olim
805 2258 929 2290 separata
946 2255 1012 2282 sim-

225 2307 318 2343 plicia,
344 2313 460 2341 quorum
487 2304 685 2339 compositione
712 2303 783 2330 facta
809 2306 851 2329 est
879 2302 1010 2336 materia;

225 2353 377 2388 composita
405 2355 496 2379 autem
515 2351 686 2386 simplicibus
711 2349 935 2377 constituuntur:
953 2353 1012 2375 erat

225 2399 304 2434 plane
320 2405 382 2425 cum
400 2398 515 2425 materia
532 2404 586 2424 non
597 2401 667 2428 erat,
690 2396 766 2430 prius
787 2395 916 2422 nimirum
929 2401 1011 2429 quam

224 2444 358 2479 simplicia
372 2443 488 2471 coirent.
506 2441 584 2475 Quod
613 2442 636 2469 si
662 2444 721 2468 erat
740 2440 915 2475 quandoque,
948 2447 1010 2466 cum

225 2490 339 2517 materia
354 2498 407 2516 non
420 2492 495 2522 erat;
511 2495 650 2523 nunquam
663 2495 727 2514 vero
745 2486 807 2518 fuit,
825 2492 885 2513 cum
911 2486 1011 2520 ingeni-

226 2539 282 2562 tum
295 2543 349 2562 non
362 2538 435 2562 esset
452 2543 458 2560 :
474 2540 527 2561 non
544 2540 609 2567 ει·ςο
618 2531 730 2559 materia
745 2530 866 2566 ingenita
875 2533 928 2557 est.
944 2530 1010 2557 Por-

225 2587 257 2608 ro
284 2581 417 2616 sequitur,
449 2583 480 2607 ut
511 2577 680 2606 admittenda
709 2577 765 2605 sint
787 2577 865 2612 plura
878 2577 1007 2612 ingenita.

261 2679 317 2714 (30)
335 2678 480 2713 Antequam
491 2677 560 2704 enim
575 2681 697 2714 ornatum
716 2676 849 2714 reciperet.
867 2676 936 2714 Πρὶν
950 2676 1008 2702 δια-

226 2712 411 2748 κοσμηοῆναιζ
422 2714 512 2740 Altera
527 2713 607 2740 lectio
619 2712 807 2747 διακριθῆναι,
823 2719 904 2748 quam
924 2712 1009 2738 inter-

225 2747 289 2810 ’ἂι-οὲ
306 2747 393 2788 Ριιοιὶἰ
416 2749 502 2782 magis
519 2749 632 2783 probat:
652 2748 753 2788 ubique
779 2751 870 2773 tamen
888 2747 1009 2787 loquitur

253 2784 378 2810 ethodius
393 2783 426 2809 de
445 2787 542 2809 ornatu
555 2803 562 2810 .
585 2783 746 2810 formatione
769 2787 796 2809 et
820 2781 986 2810 Dcrfcctione
999 2801 1006 2810 .

253 2784 378 2810 ethodius
393 2783 426 2809 dc
445 2781 542 2809 ornatu
555 2803 562 2814 ,
585 2783 746 2810 formatione
769 2787 796 2809 et
820 2781 986 2816 perfectione
999 2801 1006 2813 .

225 2826 306 2852 quam
332 2817 465 2852 inatcria.
487 2818 565 2851 juxta
589 2819 669 2844 etiam
692 2817 853 2847 haereticos,
875 2817 1006 2852 δημιουρ-

227 2853 286 2887 γίᾳ,
301 2860 316 2879 a
332 2851 386 2879 Deo
399 2851 512 2886 accipiat
526 2861 533 2879 :
551 2851 585 2879 ad
599 2860 680 2887 quam
702 2853 794 2885 etiam,
807 2857 883 2886 parte
900 2851 1006 2887 tantum

1062 2257 1172 2291 γέγονεν
1187 2259 1203 2294 ἡ
1216 2258 1265 2294 ὕλη
1276 2267 1283 2274 ·
1301 2259 1336 2286 τὰ
1345 2259 1373 2286 δὲ
1386 2259 1500 2285 σύνθετα
1513 2259 1542 2291 ἐξ
1555 2258 1647 2286 ἁπλῶν
1662 2259 1710 2294 τὴν
1723 2259 1854 2286 σύστασιν

1062 2303 1128 2339 ἔχει.
1140 2302 1193 2330 Ἦν
1207 2314 1271 2331 ποτε
1286 2305 1390 2341 καιρὸς,
1401 2305 1444 2332 ὅτε
1457 2305 1506 2340 ὕλη
1520 2305 1569 2332 οὐκ
1583 2303 1629 2340 ἦν·
1644 2306 1764 2332 τουτέστι
1780 2307 1854 2342 πλὴν

1061 2349 1095 2375 τὰ
1109 2350 1181 2376 ἁπλᾶ
1193 2351 1339 2378 συνελθεῖν.
1355 2352 1386 2378 Εἰ
1403 2351 1431 2377 δὲ
1447 2348 1481 2386 ἧν
1498 2359 1563 2377 ποτε
1579 2351 1684 2386 καιρὸς,
1699 2352 1743 2377 ὅτε
1763 2352 1778 2387 ή
1798 2351 1852 2388 ὕλη

1060 2395 1110 2422 οὐκ
1124 2393 1172 2431 ἦν·
1187 2397 1236 2422 οὐκ
1258 2395 1292 2432 ἦν
1310 2397 1339 2423 δέ
1362 2405 1426 2424 ποτε
1441 2397 1554 2432 καιρὸς,
1578 2397 1622 2423 ὅτε
1639 2397 1768 2432 ἀγένητον
1792 2398 1852 2434 (52)

1061 2443 1111 2468 οὐκ
1123 2440 1171 2478 ἦν·
1187 2443 1237 2469 οὐκ
1252 2444 1315 2479 (ἄρα
1326 2443 1411 2477 ἔσται)
1426 2444 1556 2479 ἀγένητος
1569 2445 1585 2479 ὴ
1601 2443 1660 2478 ὕλη.
1673 2444 1709 2470 Τὸ
1721 2444 1743 2470 δ’
1756 2444 1853 2470 ἐντεῦ-

1061 2487 1106 2514 θεν
1121 2488 1189 2523 (ἄρα
1204 2489 1295 2522 ἔσται)
1313 2490 1396 2516 πολλὰ
1418 2490 1452 2517 τὰ
1471 2490 1600 2526 ἀγένητα.
1618 2491 1649 2517 Εἰ
1664 2490 1718 2526 γὰρ
1733 2488 1767 2526 ἦν
1781 2492 1852 2525 ἀγέ-

1061 2541 1140 2568 νητος
1161 2534 1175 2559 ὁ
1192 2533 1267 2567 Θεὸς,
1282 2533 1315 2570 ἦν
1338 2535 1366 2561 δὲ
1389 2535 1507 2570 ἀγένητα
1524 2536 1571 2562 καὶ
1587 2535 1621 2562 τὰ
1634 2536 1717 2568 ἁπλᾶ,
1734 2536 1764 2568 ἐξ
1778 2533 1817 2563 ὦν
1829 2538 1850 2572 ἡ

1061 2578 1110 2614 ὕλη
1136 2580 1278 2615 συνετέθη·
1303 2581 1353 2607 οὒκ
1381 2581 1434 2616 ἄρα
1462 2581 1572 2615 (ἔσται)
1588 2582 1634 2608 δύο
1650 2582 1697 2609 καὶ
1720 2583 1788 2618 μόνα
1813 2582 1850 2609 τὰ

1060 2682 1224 2712 perornala,
1250 2679 1373 2713 sequitur
1408 2678 1541 2712 ejusmodi
1568 2677 1717 2709 discretio,
1747 2680 1848 2704 contra

1059 2721 1140 2747 quam
1157 2719 1252 2741 auctor
1265 2715 1366 2749 arguit.

1096 2749 1150 2783 (51)
1168 2750 1264 2776 Αὑτὸν
1290 2747 1385 2776 ditior
1415 2749 1536 2775 τούτων.
1563 2748 1603 2776 Al.
1634 2748 1714 2776 αὑτὸν
1741 2747 1849 2774 τούτων

1059 2784 1171 2819 ποιητὴν
1187 2786 1272 2811 εἰπεῖν
1285 2785 1402 2819 ἀνάγκη.

1094 2819 1149 2854 (52)
1172 2820 1334 2854 Ἁγὲνητωκ
1355 2819 1506 2855 ’Λγένητος.
