1920 3070
70 112 118 140 201
658 113 722 142 LIB.
743 113 786 141 DE
805 111 929 140 LIBERO
948 111 1125 139 ARBITRIO.
1651 115 1705 143 352

73 170 207 205 ἀγένητα·
233 169 279 196 ῐνα
299 171 418 206 παρήσω
433 170 487 206 (55)
511 171 541 197 τὸ
558 170 740 206 ἐπιζητῆσαι,
762 171 788 197 τί
802 171 857 197 ὄντα

916 169 983 196 Nam
998 169 1021 197 si
1050 169 1121 196 Deus
1146 174 1205 197 eral.
1234 169 1389 204 ingenitus.
1413 173 1546 205 erantque
1570 171 1706 207 simplicia

74 217 144 242 ἐστὶν
174 216 265 243 ἁπλᾶ·
283 215 353 251 ὕλη,
372 217 389 252 ἢ
416 215 501 249 εἷδος;
528 217 615 244 Πολλὰ
639 217 693 252 γὰρ
715 217 762 243 καὶ
781 216 857 244 οὕτως

919 217 964 244 illa
980 217 1080 252 quibus
1096 215 1208 243 materia
1223 217 1373 252 composita
1385 215 1446 249 fuit,
1461 216 1581 252 ingenita
1599 227 1604 244 :
1624 218 1704 253 plane

74 264 159 289 ἄτοπα
171 263 395 298 ἀκολουθήσειαν.
410 265 488 290 Δοκεῖ
502 264 530 290 δέ
545 273 585 290 σοι
607 263 687 299 μηδὲν
709 263 762 290 τῶν
781 263 857 289 δντωη

918 272 973 291 non
987 267 1066 291 erunt
1090 263 1206 298 amplius
1230 262 1294 294 duo,
1307 267 1334 290 et
1349 264 1406 290 sola
1420 264 1537 299 ingenita
1553 274 1559 292 :
1589 269 1618 291 ut
1635 273 1702 300 pra?-

75 309 138 336 a’nb
151 309 241 344 ἑαυτῷ
255 310 427 336 ἀντικεῖσθαι
437 319 443 342 ;

918 310 1065 337 tcrmittam
1091 317 1231 344 quaerere,
1260 309 1327 344 quid
1348 309 1450 336 fuerim
1479 310 1524 337 illa
1550 311 1702 347 simplicia;

78 364 137 382 num
152 356 279 387 materia,
295 363 332 382 an
359 356 466 383 forma?
483 355 549 382 Nam
566 355 629 383 hine
641 355 722 382 etiam
736 359 885 390 sequentur
901 356 987 382 multa
1004 355 1132 383 absurda.
1162 354 1215 383 Sed
1238 359 1265 382 et
1282 355 1333 383 hoc
1357 363 1450 391 quaero
1469 365 1476 383 ι
1490 355 1560 384 Num
1593 356 1702 385 videtur

77 403 141 429 nihil
153 403 180 430 in
192 403 276 431 rebus
303 403 356 430 sibi
375 405 462 438 ipsum
474 410 535 430 esse
550 403 740 430 contrarium?

109 450 213 476 ΟΥΑΛ.
233 451 322 476 Δοκεῖ.

107 492 229 519 ΟΡΘΟΔ.
250 493 414 519 ’Δντίκειται
434 493 461 518 δὲ
476 492 514 527 τῷ
533 493 599 528 πυρὶ
617 492 646 519 τὸ
659 492 730 528 ὕδωρ
742 501 748 508 '
765 493 812 519 καὶ
827 493 866 528 τῷ

956 443 1034 472 VAL.
1051 443 1172 472 Videtur.

953 490 1056 519 ORTll.
1069 491 1150 526 Atqui
1169 491 1224 526 igni
1239 491 1376 518 contraria
1392 496 1434 519 est
1448 500 1533 528 aqua;
1559 497 1586 521 et
1597 494 1649 523 luci
1663 501 1701 525 te-

74 538 142 572 ᾳωτὶ
159 538 190 564 τὸ
215 537 328 569 σκότος·
347 537 395 564 καὶ
410 537 448 572 τῷ
468 537 563 573 ψυχρῷ
579 537 608 564 τὸ
631 537 745 573 θερμόν·
762 538 807 564 καὶ
826 538 857 573 τᾷ

916 537 1021 570 ιιθὺτω;
1039 541 1064 565 et
1076 537 1174 572 frigido
1189 536 1324 571 calidum;
1336 541 1364 565 et
1379 537 1456 566 arido
1471 536 1624 568 humidum.

72 583 148 619 ξηρῷ
161 584 192 610 τὸ
208 583 303 619 ὑγρόν.

63 638 67 643 ·
105 630 213 657 ΟΥΑΔ.
230 629 324 662 οὕτως
339 629 411 665 ἔχειν
425 629 461 665 μὴ
475 629 528 664 (5-4)
542 630 623 656 δοκεῖ.

103 675 227 702 οΡΘοΔ.
251 675 356 702 Οὐκοῦν
382 677 406 702 εὶ
424 675 506 711 μηδὲν
520 676 572 702 τῶν
592 675 675 702 ὄντων
693 675 758 702 αὐτὸ
775 675 862 712 ἑαυτῷ

71 723 232 755 ἀντίκειται,
250 722 376 757 ἀλλήλοις
392 723 420 749 δὲ
439 723 523 749 ταῦτα
539 723 688 750 ἀντίκειται
699 733 705 739 ·
722 724 771 750 οὑκ
786 725 862 751 ἔσον-

950 627 1028 654 VAL.
1042 627 1107 655 Mihi
1119 627 1156 655 ita
1168 627 1283 656 videtur.

950 674 1054 702 03TH.
1069 672 1140 709 Ergo
1154 674 1175 701 si
1189 675 1262 702 nulla
1277 682 1321 702 res
1340 674 1392 703 sibi
1414 676 1471 711 ipsa
1489 677 1626 705 contraria
1641 683 1699 712 est;

916 719 973 747 haec
987 724 1079 748 autem
1107 719 1158 748 sibi
1180 725 1353 757 repugnant:
1387 730 1442 750 non
1463 730 1527 758 ergo
1539 729 1620 752 erunt
1642 726 1700 752 sola

71 777 113 795 ται
132 769 183 804 ὖλη
209 768 270 804 μία,
287 769 346 796 τιὐῶ
365 769 418 805 μὴν
433 769 462 801 ἐξ
477 769 543 805 ὕλης
567 771 642 805 μιᾶς.
661 770 745 798 Πάλιν
764 771 791 797 δὲ
813 779 857 797 πυ-

915 766 1049 799 materia;
1067 766 1122 794 imo
1134 774 1222 802 neque
1236 775 1270 795 ex
1287 768 1401 795 materia
1417 769 1485 796 sola.
1503 769 1621 798 Rursum
1637 779 1701 798 vero

71 815 164 842 θέσθαι
184 815 332 851 βούλομαι·
349 817 427 842 Δοκεῖ
444 824 485 842 σοι
506 816 539 843 τὰ
559 816 630 852 μέρη
648 817 685 852 μὴ
703 817 857 853 ἀναιρετικὰ

915 811 994 838 velim
1009 811 1103 839 audire
1120 821 1125 838 z
1143 810 1213 838 Num
1231 817 1310 847 putas
1325 816 1417 848 partes
1434 821 1488 840 non
1509 822 1539 842 se
1561 815 1635 850 ipsas
1658 815 1701 844 in-

70 861 193 897 ἀλλήλων
208 860 280 888 εἶναι
292 871 299 895 ;

104 907 211 933 ΟΥΑΛ.
230 908 316 935 Δοκεῖ.

103 952 225 980 ΟΡΘΟΔ.
251 951 329 979 Εἶναι
348 953 375 980 δὲ
392 954 439 990 τῆς
459 953 524 990 ὕλης
538 955 634 990 μέρος·
652 955 682 982 τό
697 964 726 982 τε
745 956 799 992 πῦρ
815 957 861 984 καὶ

70 997 99 1023 τῇ
116 997 201 1033 ὕδωρ,
213 998 345 1031 ὡσαύτως
359 999 387 1025 δὲ
400 1000 446 1026 καὶ
458 1000 492 1026 τὰ
506 999 587 1027 λοιπά
597 1021 604 1033 ,

105 1043 210 1070 ΟΤΑΛ.
229 1043 324 1076 Οὕτως
342 1044 406 1079 ἔχω,

103 1089 223 1116 ΟΡΘΟΔ.
243 1090 276 1116 Τι
292 1091 320 1117 δέ
331 1099 338 1123 ;
351 1092 381 1117 οὺ
397 1091 470 1118 δοκεῖ
487 1100 526 1118 σοι
539 1091 708 1128 ἀναιρετικὸν
725 1093 774 1128 μὲν
793 1093 860 1122 εἶναι

71 1134 114 1161 τοῦ
128 1135 215 1170 πυρὸς
228 1135 259 1162 τὸ
271 1135 353 1171 ὕδωρ,
364 1136 410 1162 τοῦ
425 1136 451 1162 δὲ
464 1137 574 1168 σκότους
587 1138 617 1164 τὸ
637 1138 704 1172 φῶς,
720 1139 765 1165 καὶ
778 1139 860 1166 τᾶλλα

71 1181 117 1207 ὅσα
132 1182 240 1214 τούτοις
257 1182 435 1218 παραπλήσια
446 1191 453 1214 ;

104 1227 197 1254 ΟΥΑΛ
203 1248 209 1254 .
224 1228 314 1254 Δοκεῖ.

104 1274 225 1301 ΟΡΘΟΔ.
257 1273 371 1305 οὐκοῦν,
394 1274 418 1299 εξ
440 1273 473 1300 τὰ
490 1273 559 1310 μέρη
577 1274 626 1300 οὐκ
651 1273 722 1301 ἔστιν
739 1275 859 1310 ἀλλήλων

72 1319 240 1356 ἀναιρετικὰ,
259 1319 345 1347 ταῦτα
356 1320 384 1346 δὲ
401 1320 560 1355 ἀναιρετικὰ
574 1321 630 1355 (55)
649 1321 791 1356 τυγχάνει·
810 1322 860 1348 οὐκ

71 1366 140 1401 (ἄρα)
157 1366 236 1392 ἔσται
250 1366 372 1401 ἀλλήλων
392 1366 472 1402 μέρη.
489 1367 519 1393 Et
536 1366 564 1392 δὲ
581 1366 630 1392 οὐκ
646 1366 722 1393 ἔσται
737 1367 859 1402 ἀλλήλων

72 1413 147 1448 μέρη,
168 1413 221 1439 οὐκ
245 1412 352 1440 ἔσονται
378 1412 443 1447 ὕλης
470 1414 543 1448 μιᾶς.
573 1413 652 1440 Ἀλλὰ
678 1413 730 1449 μὴν
753 1414 807 1440 οὐδ’
827 1414 860 1441 ἂν

69 1459 170 1484 ἔσονται
193 1457 257 1493 ὕλη,
274 1457 313 1492 τῷ
335 1458 418 1493 μηδὲν
437 1459 468 1493 τῇ
492 1458 546 1485 τῶν
572 1458 656 1485 ὄντων
678 1459 744 1485 αὐτὸ
763 1459 858 1486 ἑαυτοῦ

68 1504 240 1539 ἀναιρετικὸν
254 1501 334 1531 εἶναι.
349 1503 442 1535 Οὕτως
453 1502 500 1530 οὖν
513 1504 567 1531 τῶν
581 1505 775 1540 ἀντικειμένων
787 1506 859 1541 ἐχόν-

67 1558 126 1581 των.
144 1551 175 1577 τὺ
194 1550 232 1586 μὴ
250 1549 318 1577 εἶναι
339 1550 388 1586 τὴν
404 1550 469 1586 ὕλην
490 1550 634 1578 δείκνυται.
657 1551 724 1586 Περὶ
742 1552 790 1586 μὲν
806 1553 857 1587 τῆς

67 1597 128 1632 ὕλης
145 1598 296 1633 αὐτάρκως
310 1596 378 1632 ἔχει.

103 1644 166 1670 Ἐπὶ
184 1643 213 1670 δὲ
225 1643 275 1678 τὴν
291 1642 345 1669 τῶν
361 1643 455 1670 κακῶν
468 1643 589 1677 ἐξέτασιν
599 1643 726 1680 ἔρχεσθαι
743 1644 792 1675 δεῖ,
809 1645 856 1671 καὶ

65 1689 224 1723 ἀναγκαίως
243 1689 388 1724 ἀναζητεῖν
411 1689 445 1715 τὰ
463 1689 527 1725 παρ’
543 1688 706 1725 ἀνθρώποις.
721 1690 761 1716 Τὰ
783 1690 856 1725 παρὰ

65 1734 220 1770 ἀνθρώποις
246 1734 337 1765 κακὰ,
356 1735 470 1770 πότερον
498 1735 555 1770 εἴδη
578 1735 706 1769 τυγχάνει
728 1734 813 1761 κακοῦ
839 1735 855 1770 ἢ

65 1781 148 1818 μέρης
168 1781 200 1807 Εἰ
227 1781 283 1816 γὰρ
304 1780 379 1816 εἴδη·
397 1780 447 1807 οὐκ
464 1780 552 1817 (ἄρα)
567 1781 642 1808 ἔσται
667 1781 759 1816 ἕτερον
781 1782 857 1816 παρὰ

63 1826 146 1853 ταῦτα
168 1819 226 1863 τὸ]
241 1826 326 1853 κακὸν
341 1826 401 1854 καθ’
424 1827 517 1853 ἑαυτό·
541 1827 580 1862 τῷ
603 1827 636 1854 τὰ
659 1828 724 1863 γένη
753 1828 781 1853 ὲν
797 1829 857 1859 ταῖς

64 1874 158 1900 εἴδεσιν
173 1873 351 1906 ἐξετάζεσθαι
364 1894 371 1905 ,
401 1873 449 1900 καὶ
474 1874 629 1907 ὑφεστάναι.
658 1875 689 1900 El
710 1874 738 1900 δὲ
760 1873 856 1906 τοῦτο,

65 1919 178 1955 γενητὸν
195 1919 273 1954 (ἄρα)
290 1919 364 1946 ἔσται
385 1919 415 1946 τὸ
437 1919 532 1947 κακόν.
551 1919 592 1946 Τὰ
610 1919 664 1955 γὰρ
683 1919 740 1954 εἴδη
757 1919 857 1954 γενητὰ

64 1966 124 1992 Evt:
150 1965 293 1992 δείκνυται
307 1974 314 1981 ·
332 1963 389 1991 οἷον
405 1965 502 1999 φόνος,
533 1965 579 1992 καὶ
608 1966 729 2001 μοιχεία,
752 1965 799 1992 καὶ
824 1965 857 1991 τὰ

64 2012 168 2043 τούτοις
182 2011 374 2047 παραπλήσια.
395 2011 427 2037 Et
441 2011 468 2037 δὲ
489 2010 559 2047 μέρη
578 2011 649 2042 τινὸς
671 2011 756 2038 κακοῦ
771 2010 857 2037 ταῦτα

65 2060 130 2087 εἶναι
143 2060 259 2092 ἐθέλοις,
278 2060 336 2086 ἐστὶ
350 2059 378 2085 δὲ
395 2058 480 2085 ταῦτα
491 2059 607 2094 γενητά·
625 2059 730 2094 ἀνάγκη
748 2059 857 2085 κάκεῖνο

64 2107 175 2143 γενητὸν
189 2107 335 2142 ὑπάρχειν.
353 2103 402 2133 Ὧν
419 2105 473 2141 γὰρ
488 2105 522 2132 τὰ
547 2106 616 2142 μέρη
639 2105 753 2140 γενητὰ,
771 2105 856 2131 ταῦτα

64 2154 163 2188 ὁμοίως
185 2153 218 2185 ἐξ
244 2153 367 2188 ἀνάγκης
384 2153 442 2179 ἐστὶ
470 2153 579 2188 γενητὰ.
605 2152 641 2178 Τὸ
666 2151 720 2187 γὰρ
745 2151 804 2178 ὅλον
825 2152 857 2177 ἐκ

876 857 898 884 Β
911 858 1055 885 terimere?

948 903 1026 931 VAL.
1042 903 1121 932 Puto.

947 949 1051 977 OR'l‘H.
1067 949 1137 977 Num
1152 957 1216 978 vero
1232 950 1384 978 existimas
1397 951 1485 986 ignem
1500 956 1527 979 et
1542 960 1651 988 aquam,
1667 961 1699 981 ac

912 997 1040 1025 similiter
1055 997 1170 1032 reliqua,
1186 1005 1247 1024 esse
1262 1001 1354 1032 partes
1369 997 1508 1025 materiae?

946 1042 1023 1070 VAL.
1040 1040 1079 1069 lta
1091 1042 1227 1070 existimo.

946 1088 1050 1116 OliTll.
1069 1088 1139 1121 Quid
1156 1089 1240 1116 vero?
1252 1088 1312 1116 Non
1329 1088 1436 1116 videtur
1461 1089 1511 1116 tibi
1527 1097 1596 1125 aqua
1611 1090 1698 1117 letha-

911 1133 945 1161 lis
968 1134 1040 1169 igni;
1057 1133 1159 1168 luxque
1186 1133 1322 1168 tenebris;
1348 1138 1376 1161 et
1390 1134 1453 1167 alia,
1472 1137 1559 1170 siqua
1574 1139 1637 1163 sunt
1654 1136 1698 1164 his

911 1179 1030 1206 similia?

949 1224 1024 1252 VAL.
1046 1225 1165 1253 Videtur.

945 1271 1050 1299 ORTH.
1069 1271 1097 1299 Si
1111 1280 1176 1307 ergo
1201 1276 1293 1308 partes
1309 1272 1421 1300 minime
1437 1273 1488 1302 sibi
1515 1274 1630 1302 invicem
1643 1275 1698 1302 exi-

910 1318 948 1345 tio
963 1323 1040 1351 sunt;
1056 1318 1113 1345 haec
1125 1323 1215 1346 autem
1229 1327 1257 1347 se
1273 1323 1367 1347 mutuo
1394 1321 1546 1355 perimunt;
1562 1322 1696 1356 sequitur.

910 1368 940 1390 It
954 1372 1009 1391 non
1027 1365 1082 1391 sint
1097 1365 1214 1392 invicem
1229 1369 1329 1400 partes.
1350 1365 1378 1393 Si
1396 1371 1485 1394 autem
1507 1375 1561 1395 non
1573 1374 1637 1395 sunt
1652 1369 1696 1395 in-

909 1411 998 1438 vicem
1015 1415 1123 1446 partes;
1139 1420 1227 1447 neque
1243 1412 1325 1440 unius
1340 1414 1460 1440 materiae
1475 1419 1565 1449 partes
1583 1414 1696 1442 iuerint.

910 1455 966 1484 lmo
986 1465 1075 1492 neque
1085 1463 1166 1485 erunt
1178 1459 1301 1491 materia,
1320 1459 1392 1494 quod
1409 1460 1477 1487 nihil
1501 1461 1554 1488 sibi
1573 1461 1624 1496 ipsi
1637 1462 1697 1488 exi-

909 1504 948 1530 tio
959 1504 995 1531 sit
1006 1508 1033 1531 et
1042 1505 1221 1533 contrarium.
1249 1505 1317 1532 Cum
1331 1513 1396 1541 ergo
1413 1506 1450 1533 ita
1469 1515 1499 1534 se
1517 1507 1634 1535 habeant
1645 1517 1697 1544 np-

909 1551 1008 1585 posita,
1022 1556 1095 1586 patet
1105 1552 1168 1579 inde
1180 1559 1212 1579 ea
1230 1559 1284 1579 non
1299 1560 1361 1580 esse
1385 1553 1537 1580 materiam.
1561 1554 1649 1589 Atque
1662 1555 1697 1582 de

907 1597 1020 1624 materia
1037 1598 1104 1625 satis
1119 1598 1221 1625 dictum
1237 1599 1282 1625 sit.

943 1643 1111 1671 Veniendum
1129 1648 1219 1672 autem
1236 1649 1277 1673 est
1303 1645 1336 1672 ad
1362 1646 1498 1673 malorum
1523 1646 1696 1682 disquisitio-

908 1697 980 1722 nem,
990 1690 1200 1725 necessarioque
1212 1691 1374 1718 excutienda
1385 1695 1449 1719 sunt
1461 1692 1530 1718 mala
1543 1692 1694 1720 hominum.

908 1735 1006 1769 Quaero
1020 1736 1102 1772 igitur
1116 1746 1122 1764 :
1140 1736 1209 1763 Mala
1219 1738 1371 1770 hominum,
1385 1742 1485 1765 suntne
1499 1739 1605 1773 species
1617 1739 1693 1771 mali,
1715 1736 1721 1742 ’

908 1788 942 1808 an
959 1782 1069 1817 partes?
1084 1781 1114 1809 Si
1133 1783 1256 1817 species;
1274 1790 1328 1810 non
1352 1783 1405 1810 erit
1420 1791 1486 1818 ergo
1501 1785 1574 1810 aliud
1596 1789 1695 1819 praeter

907 1826 965 1854 base
999 1827 1151 1856 subsistens
1179 1829 1291 1861 malum,
1309 1835 1343 1856 eo
1359 1829 1432 1864 quod
1455 1838 1553 1865 genera
1582 1831 1609 1857 in
1632 1838 1694 1866 spe-

907 1873 1002 1901 ciebus
1016 1873 1192 1902 inveniantur
1205 1880 1232 1902 et
1246 1875 1407 1903 subsistant.
1421 1875 1498 1909 Quod
1515 1877 1539 1904 si
1551 1877 1587 1904 ita
1600 1877 1693 1910 habet,

907 1920 958 1946 erit
984 1927 1050 1948 sane
1074 1921 1174 1948 malum
1218 1922 1321 1956 aliquid
1347 1927 1531 1958 procreatum.
1555 1924 1599 1952 Sic
1620 1925 1694 1952 enim

908 1966 1012 1999 species
1031 1974 1091 2002 qua:
1106 1967 1170 1999 sint,
1186 1967 1288 1995 factum
1303 1969 1414 2004 aliquod
1428 1970 1578 1997 ostendunt
1593 1980 1599 1997 ε
1616 1975 1693 2006 puta,

907 2011 1094 2045 homicidium,
1120 2013 1283 2041 adulterium
1296 2018 1323 2042 et
1353 2015 1397 2042 his
1412 2015 1523 2042 similia.
1543 2016 1590 2043 Sin
1602 2021 1694 2045 autem

907 2058 1036 2085 malueris
1053 2066 1113 2086 esse
1130 2063 1221 2093 partes
1244 2060 1361 2095 alicujus
1377 2061 1440 2088 mali
1470 2071 1476 2089 :
1494 2069 1557 2088 eum
1575 2062 1627 2090 illae
1638 2063 1693 2090 sint

907 2104 972 2139 quid
992 2103 1110 2137 factum;
1133 2105 1214 2139 plane
1235 2105 1265 2132 iit
1292 2114 1447 2138 necessum,
1467 2112 1497 2134 ut
1522 2111 1549 2134 et
1576 2108 1642 2135 illud
1656 2109 1694 2136 sit

907 2149 973 2185 quid
989 2149 1230 2182 lactum.QuoruIn
1246 2151 1317 2178 enim
1325 2155 1415 2186 partes
1428 2156 1493 2179 sunt
1505 2153 1569 2187 quid
1579 2153 1690 2187 factum,

67 2200 156 2235 μερῶν
172 2200 334 2234 συνέστηκε.
363 2200 417 2226 Καὶ
437 2199 467 2226 τὸ
485 2199 534 2235 μὲν
553 2198 612 2225 ὅλον
641 2198 690 2224 οὐκ
712 2197 798 2228 ἔσται,
817 2197 854 2232 μὴ

915 2196 989 2222 etiam
1005 2195 1063 2230 ipsa
1078 2195 1203 2223 similiter
1218 2197 1374 2224 necessario
1387 2197 1522 2232 ejusmodi
1534 2202 1607 2225 sunt.
1623 2198 1691 2226 Nam

65 2245 146 2271 ιντων
166 2245 259 2280 μερῶν
271 2254 277 2260 ·
294 2245 369 2271 ἔσται
381 2244 408 2270 δέ
424 2244 478 2279 (56)
496 2253 555 2270 τινα
570 2243 623 2270 τῶν
637 2242 738 2278 μερῶν,
755 2242 805 2268 κᾶν
818 2241 855 2277 μὴ

65 2292 93 2318 τὸ
107 2292 168 2318 ὅλον
184 2293 272 2327 παρῇ.
290 2291 404 2322 Οὐδενὸς
418 2291 446 2317 δὲ
461 2291 515 2317 τῶν
527 2290 611 2316 ὄντων
627 2288 707 2325 μέρος
733 2289 782 2324 μέν
799 2290 856 2314 ἐστι

66 2338 188 2372 γενητὴν,
207 2338 288 2372 μέρος
301 2337 330 2364 δὲ
341 2336 483 2372 ἀγένητον.
501 2336 532 2362 Εἰ
550 2337 578 2362 δὲ
593 2335 730 2373 καὶτοῦτο
750 2344 855 2370 συγχω-

67 2384 182 2418 ρήσαιμι
197 2382 237 2417 τῷ
249 2382 331 2417 λόγῳ,
348 2380 382 2417 ἦν
400 2390 464 2408 ποτε
478 2381 509 2408 τὺ
532 2381 627 2413 κακον,
651 2381 694 2406 ὅτε
711 2380 856 2415 ὁλόκληρον

66 2429 113 2456 οὐκ
131 2427 185 2464 ἦν·
207 2429 328 2455 τουτέστι
350 2428 414 2464 πρὶν
429 2427 628 2463 δημιουργῆσαι
649 2427 698 2461 τὴν
721 2425 786 2462 ὕλην
811 2425 856 2452 τὸν

68 2475 141 2502 Θεόν.
167 2476 235 2502 Τότε
262 2475 289 2502 δὲ
315 2475 462 2511 ὁλόκληρον
484 2474 604 2509 γίνεται,
631 2474 675 2500 ὅτε
698 2473 765 2509 πρὸς
788 2472 855 2499 Θεοῦ

68 2523 176 2556 γέγονεν
197 2522 354 2557 ἄνθρωπος’
367 2521 422 2548 τῶν
446 2521 500 2556 γὰρ
516 2520 606 2556 μερῶν
628 2519 675 2546 τοῦ
696 2519 782 2546 κακοῦ
807 2519 855 2546 ἇν-

70 2567 174 2603 θρωπος
188 2569 304 2604 ὑπάρχει
317 2568 440 2603 ποιητής.
453 2566 507 2593 Καὶ
520 2566 551 2592 τὸ
570 2565 693 2592 ἐντεῦθεν
710 2565 855 2601 ὀλόκληρον

69 2614 134 2642 εἶναι
161 2616 193 2642 τὸ
219 2615 304 2642 κακὸν
321 2615 407 2646 αἴτιος
427 2614 501 2640 ἔσται
520 2614 724 2650 δημιουργήσας
747 2614 761 2640 ὁ
774 2613 852 2645 Θεός·

69 2662 133 2698 ὅπερ
146 2662 254 2694 ἀσεϐὲς,
278 2663 309 2688 Εἰ
328 2662 350 2688 δ’
365 2661 419 2688 οὐδ’
444 2659 573 2695 ὁπότερον
593 2659 694 2686 τούτων
712 2660 801 2694 λέγεις
824 2659 855 2686 τὸ

70 2709 159 2740 κακὸν,
175 2707 274 2743 πρᾶξιν
289 2707 318 2734 δέ
335 2715 407 2738 τινος
423 2705 508 2732 κακοῦ
526 2705 582 2738 (57)
602 2703 670 2732 εἶναι
685 2705 774 2739 λέγεις
784 2714 790 2721 ·
808 2713 854 2739 γε-

63 2765 68 2775 }
178 2773 380 2817 [ζᾳρτζσωλΑι.
397 2775 548 2817 τιαρὴσατο.
600 2814 601 2817 Ἰ

103 2811 156 2844 (54)
173 2811 232 2844 Μή.
252 2810 345 2837 Scrib.
364 2809 419 2844 μοί.

66 2844 70 2849 ’
104 2847 156 2882 (55)
180 2844 374 2881 Ἀναιρετικά.
393 2845 436 2872 Al.
453 2844 623 2872 συνανετικὰ.

906 2247 994 2271 totum
1011 2248 1118 2272 constat
1131 2244 1265 2280 partibus.
1282 2245 1321 2271 Ac
1337 2248 1424 2272 totum
1438 2245 1547 2280 quidem
1563 2252 1618 2272 non
1628 2245 1690 2276 erit,

906 2291 1029 2326 partibus
1056 2299 1111 2318 non
1139 2291 1356 2319 exsistentibus:
1383 2295 1473 2326 partes
1502 2299 1566 2319 vero
1594 2291 1693 2326 aliqua!

906 2341 997 2369 erunt,
1013 2345 1166 2372 quanquam
1183 2342 1268 2364 totum
1279 2337 1459 2364 desideretur.
1479 2336 1586 2365 Nullius
1600 2342 1690 2364 autem

905 2385 945 2411 rei
962 2392 1026 2419 pars
1039 2384 1124 2411 altera
1139 2384 1230 2420 genita
1250 2387 1302 2416 est,
1316 2384 1401 2410 altera
1417 2383 1548 2418 ingenita.
1562 2383 1610 2410 Sin
1626 2391 1690 2411 vero

907 2429 957 2456 hoc
972 2429 1053 2456 etiam
1068 2429 1186 2456 orationi
1204 2428 1322 2461 dedero;
1339 2427 1412 2455 haud
1427 2432 1518 2455 tamen
1533 2429 1626 2463 negari
1640 2436 1689 2463 po-

905 2477 969 2506 test,
1002 2473 1086 2502 fuisse
1113 2474 1222 2509 quando
1248 2473 1349 2500 malum
1365 2480 1418 2500 non
1435 2473 1570 2508 integrum
1588 2477 1662 2500 esset
1681 2483 1687 2500 :

907 2520 958 2547 hoc
979 2524 1030 2551 est.
1045 2525 1189 2555 antequam
1208 2519 1279 2547 Deus
1300 2519 1442 2546 materiam
1457 2517 1597 2545 formaret.
1610 2518 1690 2546 Post—

906 2574 987 2601 quam
1004 2566 1075 2594 Deus
1090 2566 1227 2593 hominem
1251 2565 1364 2596 creavit.
1380 2564 1435 2599 jam
1452 2564 1632 2599 integritatem
1647 2573 1689 2592 re-

906 2613 981 2647 cipit.
993 2611 1060 2638 Nam
1078 2611 1168 2642 homo,
1180 2610 1298 2645 partium
1314 2609 1377 2636 mali
1392 2613 1486 2637 auctor
1499 2613 1542 2637 est
1558 2619 1564 2636 :
1590 2617 1687 2644 eoque,

906 2659 977 2687 Deus
989 2658 1035 2693 qui
1046 2657 1178 2688 condidit,
1202 2662 1296 2683 auctor
1313 2655 1393 2683 fuerit
1415 2656 1580 2692 integritatis
1604 2656 1686 2687 mali;

905 2704 978 2740 quod
992 2703 1104 2738 impium
1119 2703 1193 2730 dictu
1205 2702 1250 2729 sit.
1267 2701 1295 2728 Si
1306 2709 1370 2730 vero
1380 2706 1504 2730 neutrum
1521 2702 1616 2730 horum
1632 2709 1688 2729 ma-

941 2772 997 2806 (56)
1020 2772 1120 2797 Ἔσται
1135 2770 1177 2807 δέΓ
1199 2770 1241 2796 Al.
1263 2771 1316 2806 ἄρα
1330 2771 1368 2798 δέ.
1391 2770 1436 2798 Sic
1456 2775 1484 2799 et
1508 2771 1590 2807 paulo
1614 2773 1687 2806 post,

906 2809 990 2838 αἴτιος
1006 2807 1058 2841 ἄρα
1074 2807 1148 2832 ἔσται
1165 2806 1228 2841 δημ.

942 2843 997 2879 ᾤ’ῖ)
1017 2841 1124 2871 Καχοίι.
1142 2841 1183 2868 Al.
1203 2841 1298 2870 κακόν.
