1920 3070
217 117 270 145 265

216 174 273 201 lum
299 171 400 202 dixeris
415 180 486 206 esse,
518 173 565 201 sed
594 173 709 209 alicujus
721 176 819 202 malam
846 176 1001 203 actionem:
1018 179 1039 208 Α

217 224 273 247 tum
293 219 412 255 genitum
431 227 463 246 ac
477 220 543 254 quid
575 219 688 252 factum,
706 220 794 255 ipsum
815 220 908 248 duces.
926 220 1003 253 Quod

217 267 289 293 enim
307 265 424 300 alicujus
439 267 510 293 actio
529 269 581 298 est,
612 267 720 294 initium
736 267 846 294 essendi
861 271 1003 302 acceptum

216 312 308 339 habet.
325 311 365 338 Ad
382 312 450 344 hasc,
467 312 572 340 nullum
585 317 713 348 prteterea
731 313 805 340 aliud
817 314 916 340 malum
933 313 1003 340 assi-

217 365 299 393 gnare
310 362 397 392 potes.
414 357 500 390 Quam
515 359 588 385 enirn
603 359 685 386 aliam
699 359 845 391 actionem,
870 364 965 394 praeter
977 359 1003 386 id

216 403 288 438 quod
312 404 488 432 committunt
515 405 660 437 homines,
689 406 831 441 assignare
858 406 1004 433 habueris?

215 448 283 476 Nam
296 449 369 484 quod
382 450 405 478 is
420 450 466 485 qui
485 455 623 485 operatur,
642 459 696 478 non
714 452 749 478 sit
764 451 822 486 ipse
838 451 939 478 malum
961 459 1004 478 se-

215 497 335 525 cundum
353 499 485 526 rationem
495 499 663 531 substantia},
682 500 729 526 sed
744 498 895 526 secundum
917 499 1003 533 ipsam

215 544 278 571 mali
296 545 490 579 operationem,
516 545 573 579 jam
600 548 739 573 ostensum
761 544 825 572 fuit.
851 544 918 572 Nam
934 545 1003 572 nihil

215 595 258 617 est
275 591 377 617 malum
406 595 514 624 natura,
540 591 588 618 sed
615 599 667 618 ttsu
681 591 749 618 ﬁunt
775 591 845 618 mala
859 599 918 626 quae
934 591 1004 618 mala

217 641 292 665 sunt.
310 637 414 673 Quippe
427 638 502 669 dico,
516 638 603 672 inquit
615 637 800 673 (Methodius),
816 642 937 664 creatum
955 637 1004 664 lto-

217 683 318 710 minem
334 683 413 710 liberi
438 683 556 715 arbitrii,
577 692 631 710 non
656 683 730 710 velut
745 683 816 710 ntalo
844 683 936 718 aliquo
948 683 1004 717 jam

217 729 378 762 exsistente,
395 729 473 764 cujus
487 730 613 765 eligendi,
636 730 659 757 si
674 730 763 761 vellet,
779 733 939 764 potestatem
955 728 1004 755 ha-

221 775 323 803 beret:
349 775 396 803 sed
425 782 535 811 propter
560 783 718 803 concessam
746 775 900 802 facultatem
924 773 1004 802 obse-

217 821 318 857 quendi
334 821 389 849 Deo
400 823 442 850 vel
454 830 508 849 non
524 822 701 858 obsequendi.
719 821 775 848 lloc
787 821 859 849 enim
875 821 926 848 sibi
939 822 1003 847 tuttc

216 867 334 899 volebat,
354 875 386 894 ac
399 871 469 900 erat,
486 868 600 895 liberum
614 867 768 894 arbitrium.
787 866 872 894 Porro
894 870 1003 893 creatus

215 913 298 939 homo
315 916 478 947 praeceptum
491 920 506 938 a
524 912 579 939 Deo
597 912 696 947 accipit
714 921 720 939 :
742 915 853 946 tumque
869 910 934 937 hinc
946 917 1004 936 ma-

217 958 272 984 lum
289 958 390 992 incipit.
409 957 468 986 Non
487 959 558 985 enim
583 962 660 992 paret
676 957 768 984 divino
794 956 922 983 mandato
942 954 1005 982 :id-

218 1011 271 1037 que
295 1007 322 1030 et
336 1002 424 1030 solun]
452 1003 554 1030 malum
570 1006 639 1035 erat,
669 1002 853 1030 inobedicntia
868 1009 927 1038 quae
942 1008 1004 1028 esse

217 1049 310 1084 coepit.

278 1104 469 1134 METIIODII
498 1105 549 1132 EX
580 1105 690 1132 LIBRO
723 1105 771 1132 DE
803 1104 939 1131 LIBERO

516 1140 703 1168 ARBITRIO.

780 1204 950 1241 (Excerptum
961 1203 993 1230 Β.
1007 1203 1040 1230 Ρ.

253 1266 339 1295 Homo
352 1266 423 1294 enim
436 1269 597 1301 potestatem
615 1266 720 1301 accepit
730 1285 738 1298 ,
755 1269 785 1292 ut
801 1274 829 1293 se
844 1265 902 1301 ipse
919 1264 1005 1292 servi-

215 1313 267 1340 tuti
286 1308 439 1344 addiceret,
454 1319 509 1338 non
537 1311 663 1339 vincente
692 1312 856 1339 necessitate
879 1315 1002 1343 naturae;

217 1366 305 1393 neque
317 1358 446 1385 facultate
458 1356 606 1389 auferente,
624 1358 695 1392 quod
710 1361 768 1385 erat
783 1358 900 1391 melius;
924 1357 1004 1391 cujus

217 1404 298 1430 etiam
317 1403 414 1437 gratia,
426 1402 488 1430 dico
511 1402 595 1430 fuisse
610 1411 770 1431 concessam
789 1412 794 1430 :
821 1407 850 1430 ut
872 1403 1002 1430 nimirum

219 1449 340 1476 accessio
355 1449 445 1483 aliqua
471 1448 550 1476 bonis
566 1449 703 1484 prioribus
720 1449 810 1482 ﬁeret;
828 1450 899 1484 quod
922 1450 947 1476 ei
970 1457 1002 1476 ex

218 1494 372 1522 obedientia
388 1502 402 1521 a
416 1494 521 1521 meliori
531 1494 638 1521 accedit
648 1515 656 1527 ,
671 1498 735 1522 etut
749 1495 870 1522 debitum
888 1494 1005 1529 exigitur
1019 1513 1040 1541 c

218 1541 254 1567 ab
268 1544 389 1568 auctore.
405 1540 464 1567 Non
480 1540 551 1567 enim
564 1541 624 1568 dico
640 1541 724 1569 fuisse
738 1546 858 1568 creatum
869 1541 1004 1568 hominem

217 1584 247 1611 in
267 1585 415 1618 interitum,
440 1585 487 1612 sed
500 1589 610 1620 propter
623 1586 745 1613 meliora.
774 1585 841 1613 Nam
866 1586 888 1613 si
916 1585 1004 1613 factus

217 1633 290 1658 esset
303 1630 375 1657 velut
398 1629 507 1665 aliquod
531 1630 564 1657 de
580 1630 720 1658 elementis
735 1631 793 1658 sive
821 1629 883 1658 aliis
908 1630 947 1658 sic
962 1630 1005 1657 in-

219 1681 327 1704 sensate
344 1675 526 1703 servientibus
552 1675 616 1708 Deo,
633 1685 688 1704 non
713 1676 769 1712 jam
796 1677 935 1712 proposito
959 1675 1003 1703 di-

218 1729 299 1756 gnam
313 1721 463 1749 mercedem
478 1722 625 1757 reciperet;
649 1724 696 1750 sed
712 1727 784 1751 esset
800 1723 870 1750 velut
885 1719 1004 1750 auctoris

219 1768 441 1799 instrumentum,
457 1768 545 1795 aliene
561 1776 575 1794 a
596 1769 710 1801 ratione,
725 1769 760 1797 ob
773 1769 843 1796 male
859 1773 934 1804 gesta
960 1776 1004 1796 re-

219 1814 393 1849 prehensioni
416 1814 561 1842 obnoxius.
580 1814 670 1851 Causa
693 1815 766 1842 enim
795 1815 894 1843 horum
931 1820 1004 1843 esset

219 1863 310 1887 utens.
324 1860 382 1886 lmo
394 1867 481 1895 neque
496 1860 568 1895 quod
585 1865 627 1888 est
641 1861 738 1889 melius
755 1861 836 1889 homo
857 1869 1004 1897 cognosce-

219 1911 272 1939 ret,
284 1906 336 1934 nisi
353 1906 425 1934 illius
439 1908 610 1942 cognovisset
625 1912 763 1936 auctorem
774 1930 781 1941 ,
796 1909 842 1936 scd
858 1909 923 1936 illud
943 1914 1004 1936 tan-

221 1956 277 1979 tum
294 1951 328 1978 ad
339 1951 412 1986 quod
427 1960 488 1980 esse
501 1958 582 1980 nalus
599 1957 650 1981 est.
667 1953 756 1986 Quare
772 1955 843 1986 dico,
859 1962 921 1982 cum
932 1955 1004 1982 Deus

221 1996 357 2024 hominem
372 1998 506 2026 honorare
521 2003 549 2027 et
560 2000 630 2027 scire
645 2007 706 2027 eum
721 2001 833 2028 meliora
847 2001 926 2028 vellet
936 2021 944 2033 ,
957 2001 1005 2029 de—

220 2043 260 2071 dit
280 2043 304 2070 ei
320 2048 497 2078 potestatem,
521 2051 684 2083 qua'posset
709 2047 797 2075 facere
820 2056 880 2082 qua:
905 2049 1002 2081 vellet;

219 2090 335 2124 ejusque
351 2094 510 2125 potestatem
529 2092 563 2118 ad
580 2092 692 2120 meliora
707 2092 841 2126 hortatur,
858 2102 911 2121 non
932 2094 1004 2129 quod

221 2144 318 2163 rursus
333 2135 440 2163 auferat
459 2140 618 2171 potestatem
636 2138 748 2165 liberam
760 2147 841 2174 quam
858 2140 945 2173 dedit,
957 2139 1004 2167 sed

221 2186 351 2216 tanquam
371 2183 442 2217 quod
453 2183 550 2210 melius
562 2187 614 2215 est,
630 2184 768 2212 declarare
778 2185 850 2212 velit.
867 2185 953 2212 Habet
967 2185 1005 2212 si-
1021 2193 1043 2220 ι)

221 2228 329 2263 quidem
354 2232 532 2263 potestatem,
554 2233 581 2256 et
603 2230 760 2257 mandatum
782 2231 879 2266 accipit
903 2240 910 2258 :
935 2231 1006 2259 Deus

221 2277 312 2301 autem
328 2273 465 2307 admouet,
482 2279 512 2301 ut
527 2274 618 2307 homo,
634 2276 810 2308 voluntatem,
828 2284 880 2311 qua
906 2281 1004 2312 potest,

223 2319 250 2346 in
270 2319 371 2346 bonum
395 2318 538 2346 inﬂcxcrit.
558 2319 593 2346 lit
609 2320 692 2351 enim,
708 2328 770 2347 cum
786 2324 862 2355 pater
881 2329 1004 2356 puerum,

222 2365 323 2399 alioqui
348 2365 491 2392 habentem
519 2365 674 2394 facultatem
695 2366 728 2393 ad
751 2365 944 2401 perdiscendas
964 2367 1006 2393 di-

223 2410 363 2445 sciplinas,
381 2414 408 2438 et
428 2411 514 2446 magis
535 2418 629 2438 earum
653 2412 743 2439 studio
768 2411 1005 2439 adhzerescendum

222 2455 357 2488 hortatur,
371 2456 515 2484 declarans
538 2464 599 2484 esse
618 2457 643 2484 ei
668 2457 694 2484 id
709 2457 823 2489 melius,
849 2465 903 2484 non
918 2458 1006 2492 privat

222 2509 334 2536 puerum
360 2505 494 2537 potestate
506 2510 587 2537 quam
603 2503 684 2530 habet
694 2510 873 2538 pquanquam
888 2503 911 2530 is
938 2504 1005 2530 nolit

223 2547 310 2575 libens
323 2548 413 2576 dicere
427 2558 434 2575 :
446 2549 484 2575 ita
496 2553 523 2576 et
537 2548 633 2581 Deum,
649 2557 710 2576 cum
732 2549 868 2576 hominem
882 2549 1006 2577 hortatur

224 2599 254 2620 ut
265 2594 399 2622 mandatis
418 2599 522 2630 pareat.
539 2595 750 2630 haudquaquam
776 2596 894 2623 arbitror
906 2596 1005 2624 volun-

224 2639 289 2666 tatis
318 2644 477 2674 potestatem
491 2640 608 2674 auferre,
623 2649 676 2676 qua
693 2642 717 2669 is
731 2642 818 2677 possit
843 2643 924 2670 etiam
951 2651 1006 2670 non

259 2724 315 2763 (ἒξ)
334 2725 417 2763 ῌᾳρὰ
431 2725 476 2763 τό.
489 2726 531 2753 Al.
548 2727 623 2763 παρὰ
638 2727 695 2754 τοῦ.

259 2759 315 2792 (39)
336 2760 394 2794 Τὴν
416 2761 469 2787 τοῦ
491 2763 542 2788 ὑπ.
570 2759 790 2790 P'rsemittendum
816 2762 931 2789 fortasse
951 2761 1003 2788 διά.

226 2792 287 2820 Μοιί
309 2792 484 2823 scrtbendum
506 2797 594 2823 αἰτίαν
621 2797 722 2833 μόνην,
748 2799 788 2826 vel
820 2798 904 2824 αἴτιον
925 2797 1004 2824 δύνα-

226 2835 282 2865 μιν.

692 117 722 144 S.
743 115 910 145 ΜΕΤΠΟΒΧΙ
931 116 1084 146 EPISCOPI
1103 115 1146 144 ET
1169 114 1348 144 MARTYRIS

1019 851 1041 878 B

1792 115 1855 142 εει

1055 176 1134 211 νητὸν
1163 176 1244 203 αὑτὸν
1265 175 1396 210 ὑπάρχειν
1417 174 1537 210 μηνύεις.
1567 175 1598 200 Ἠ
1622 174 1675 210 γὰρ
1699 174 1746 202 τοῦ
1773 183 1858 205 τινος·

1054 221 1152 257 πρᾶξις
1172 223 1258 257 ἀρχὴν
1282 222 1328 248 τοῦ
1348 218 1417 247 εἶναι
1439 220 1580 255 λαμϐάνει.
1602 221 1673 256 Πρὸς
1693 221 1720 247 δὲ
1737 221 1858 252 τούτοις

1054 266 1130 292 οὐδὲν
1148 266 1240 302 ἕτερον
1256 265 1330 301 παρὰ
1351 265 1438 292 ταῦτα
1454 265 1536 292 κακὸν
1554 266 1640 291 εἰπεῖν
1659 265 1741 300 ἔχεις.
1759 265 1856 292 Ποίαν

1054 311 1107 347 γὰρ
1123 312 1220 348 πρᾶξιν
1235 312 1332 347 ἑτέραν
1354 311 1428 347 παρὰ
1442 311 1472 337 τὸ
1489 311 1541 346 (58)
1563 312 1591 337 ὲν
1615 311 1769 347 ἀνθρώποις
1789 311 1856 338 δει-

1054 358 1144 384 κνύειν
1167 358 1256 393 ἔχεις;
1273 359 1334 384 ’Ότι
1356 357 1410 392 γὰρ
1431 357 1563 393 ἐνεργῶν,
1584 357 1614 383 οὒ
1631 357 1702 384 κατὰ
1724 357 1770 384 τὸν
1795 358 1856 391 τῆς

1053 403 1147 436 οὐσίας
1176 404 1253 438 λόγον
1283 404 1398 438 ὑπάρχει
1421 403 1520 434 κακία,
1549 403 1616 429 ἀλλὰ
1638 403 1697 429 κατ’
1719 403 1787 429 αὐτὸ
1816 402 1856 428 τὸ

1053 450 1173 485 ἐνεργεῖν
1187 448 1216 475 τὸ
1232 449 1315 476 κακὸν
1326 448 1375 484 ἤδη
1388 449 1530 475 δέδεικται,
1547 449 1606 474 Ὅτι
1617 450 1650 484 τῇ
1666 448 1743 483 φύσει
1757 448 1855 474 κακὸν

1053 495 1128 522 οὐδέν
1145 496 1229 527 ἐστιν,
1246 495 1313 521 ἀλλὰ
1332 496 1364 530 τῇ
1381 495 1477 531 χρήσει
1493 495 1596 529 γίνεται
1623 494 1694 520 κακὰ
1708 494 1742 519 τὰ
1757 494 1851 520 κακά.

1055 542 1115 568 Ὅτι
1129 540 1309 573 αὐτεξούσιον,
1333 541 1409 575 φησὶ,
1431 541 1570 576 γεγονέναι
1587 540 1657 575 φημὶ
1678 540 1722 566 τὸν
1738 540 1856 575 tit/09w-

1054 597 1114 620 πον,
1132 589 1180 623 οὐχ
1193 589 1231 619 ὡς
1243 588 1475 625 προῦποκειμένου
1492 587 1563 619 τινὸς
1572 588 1620 622 ἤδη
1637 587 1732 618 κακοῦ,
1749 583 1780 613 οὗ
1795 586 1855 621 τὴν

1054 634 1194 666 ἐξουσίαν,
1213 636 1237 661 εἰ
1251 634 1379 669 βούλοιτο,
1402 633 1448 660 τοῦ
1470 633 1575 660 ἑλέσθαι
1599 633 1740 668 ἄνθρωπος
1756 634 1853 668 ἐλάμ-

1054 681 1144 712 ϐανεν,
1155 681 1221 707 ἀλλὰ
1238 681 1287 717 τὴν
1303 680 1349 707 τοῦ
1363 679 1509 706 ὑπακούειν
1520 679 1574 714 (59)
1587 678 1637 715 [τῷ
1651 678 1720 713 Θεῷ,
1738 679 1788 705 καὶ
1807 679 1852 713 μὴ

1055 726 1212 762 ὑπακούειν]
1224 727 1308 753 αἴτιον
1327 727 1405 762 μόνον
1416 724 1459 761 ἦν.
1469 724 1553 751 Τοῦτο
1566 725 1619 760 γὰρ
1631 725 1660 752 τὸ
1670 725 1854 758 αὐτεξούσιον

1055 772 1178 799 ἐϐούλετο
1201 773 1271 799 τότε.
1305 772 1359 799 Καὶ
1391 773 1537 807 γενόμενος
1568 771 1709 806 ἄνθρωπος
1732 770 1854 805 ἐντολὴν

1055 817 1185 852 λαμϐάνει
1202 818 1276 854 παρὰ
1292 817 1338 844 τοῦ
1355 818 1431 844 Θεοῦ.
1453 818 1509 845 Καὶ
1525 818 1648 844 ἐντεῦθεν
1670 817 1719 852 ἤδη
1735 816 1766 843 τὸ
1791 825 1852 843 κα-

1055 864 1102 890 κὸν
1114 864 1236 900 ἄρχεται.
1248 865 1284 890 Οὐ
1301 863 1354 899 γὰρ
1368 864 1491 890 πείθεται
1506 863 1545 898 τῷ
1555 863 1618 898 θείῳ
1634 863 1831 898 προστάγματι
1841 870 1850 876 ·

1056 911 1102 937 καὶ
1117 910 1195 936 τοῦτο
1215 911 1262 936 καὶ
1279 910 1357 945 μόνον
1373 908 1406 944 ἦν
1423 910 1452 936 τὸ
1470 909 1564 940 κακὸν,
1587 910 1603 944 ἡ
1619 908 1762 944 παρακοὴ,
1780 908 1850 942 ἣτις

1053 953 1098 980 τοῦ
1112 954 1166 989 (40)
1182 951 1251 981 εἶναι
1263 953 1372 989 ἤρξατο.

1058 1099 1238 1127 ΜΕΘΟΔΙΟΥ
1265 1099 1315 1126 ΕΚ
1343 1098 1529 1160 ΤοΥὲΙόΊξΡΙ
1561 1099 1632 1124 ΤΟΥ
1657 1098 1848 1125 ΑΥΤΕΞΟΥ-

1054 1202 1190 1230 Sirmondi
1206 1201 1233 1228 S.
1247 1201 1288 1237 Ι.)
1337 1238 1341 1242 _

1091 1260 1249 1294 Ἀνθρωπος
1265 1259 1318 1295 γὰρ
1335 1259 1501 1295 προσέλαϐεν
1520 1258 1654 1292 ἐξουσίαν,
1671 1259 1765 1286 ἑαυτὸν
1783 1260 1848 1287 δου-

1054 1306 1195 1341 λαγωγῶν,
1209 1306 1258 1332 οὐκ
1273 1305 1378 1342 ἀνάγκῃ
1391 1306 1440 1341 τῆς
1453 1305 1560 1340 φύσεως
1573 1306 1766 1341 κρατούμενος,
1781 1307 1849 1334 οὐδὲ

1054 1353 1102 1388 τῆς
1118 1352 1256 1387 δυνάμεως
1271 1352 1467 1388 ἀφαιρούμενος
1484 1351 1550 1388 (At),
1567 1353 1634 1388 ὅπερ
1652 1353 1727 1388 αὐτῷ
1751 1355 1850 1389 κρεῖτ-

1054 1408 1115 1426 τον⁶
1142 1398 1172 1426 οὗ
1195 1399 1275 1425 ἕνεκα
1297 1398 1458 1434 κεχαρίσθαι
1484 1398 1569 1433 φημί·
1592 1399 1635 1424 ἵνα
1655 1407 1680 1425 τι
1701 1399 1782 1426 πλέον
1805 1396 1849 1427 ὧν

1055 1445 1111 1481 ἔχει
1128 1445 1278 1481 προσλάϐῃ,
1298 1445 1366 1480 ὅπερ
1390 1444 1465 1479 αὑτῷ
1487 1444 1562 1479 παρὰ
1575 1443 1621 1470 τοῦ
1643 1445 1798 1480 κρείττονος
1810 1447 1848 1472 ὲκ

1057 1493 1105 1528 τῆς
1120 1492 1241 1527 ὑπακοῆς
1254 1491 1438 1528 προσγίνεται,
1452 1491 1499 1517 καὶ
1513 1490 1550 1522 ὡς
1564 1490 1672 1526 ὀφειλὴν
1686 1491 1848 1519 ἀπαιτείται

1057 1538 1131 1574 παρὰ
1152 1537 1198 1564 τοῦ
1223 1537 1413 1572 πεποιηκότος.
1432 1537 1468 1563 Οὐ
1490 1536 1543 1572 γὰρ
1561 1537 1606 1562 ἐπὶ
1624 1535 1708 1572 βλάϐῃ
1731 1537 1776 1563 τὸν
1793 1538 1846 1565 ἇν-

1057 1584 1163 1619 θρωπον
1185 1584 1325 1618 γεγονέναι
1345 1583 1428 1618 φημί*
1449 1583 1528 1609 ἕνεκα
1546 1583 1574 1609 δὲ
1595 1583 1649 1610 τῶν
1667 1584 1847 1618 κρειττόνων.

1057 1630 1087 1656 Et
1098 1630 1151 1665 γὰρ
1165 1629 1202 1661 ὡς
1218 1629 1247 1655 ἓν
1260 1639 1285 1656 τι
1298 1629 1393 1664 γέγονε
1409 1629 1462 1656 τῶν
1480 1629 1630 1664 στοιχείων,
1645 1629 1661 1664 ἢ
1677 1629 1730 1655 τῶν
1741 1629 1848 1664 ὁμοίως

1056 1675 1233 1702 δουλευόντων
1247 1675 1316 1710 Θεῷ,
1332 1675 1382 1702 οὑκ
1398 1675 1438 1702 ἔτι
1454 1675 1548 1710 μισθὸν
1564 1675 1637 1708 ἄξιον
1651 1675 1701 1710 τῆς
1717 1676 1851 1712 προαιρέ·

1057 1731 1125 1754 σεως
1147 1722 1294 1757 λαμϐάνει·
1321 1721 1378 1748 ἀλλ’
1397 1721 1490 1757 ὥσπερ
1507 1722 1621 1757 ὄργανον
1640 1722 1672 1748 ἂν
1686 1720 1719 1758 ἦν
1733 1722 1778 1748 τοῦ
1797 1723 1850 1758 δη-

1058 1769 1199 1805 μιουργοῦ,
1219 1769 1268 1805 τὴν
1293 1768 1334 1803 ἐφ’
1360 1765 1400 1800 οἷς
1420 1768 1450 1794 οὔ
1474 1768 1564 1799 καλῶς
1587 1768 1713 1804 ἔπραξεν,
1737 1769 1848 1803 ἀλόγως

1058 1816 1161 1852 μέμψιν
1176 1816 1329 1850 ὑπομένωνδ
1345 1814 1445 1841 τούτων
1463 1813 1516 1849 γὰρ
1530 1815 1615 1845 αἴτιος
1628 1814 1682 1849 (Η)
1693 1812 1725 1850 ἦν
1739 1816 1752 1841 ό
1768 1815 1849 1850 χρώ-

1058 1871 1147 1898 μενος.
1173 1861 1241 1888 Ἀλλ’
1257 1861 1318 1887 οὐδὲ
1337 1860 1367 1887 τὸ
1390 1861 1512 1894 κρεῖττον
1537 1860 1677 1896 ἄνθρωπος
1698 1859 1846 1895 ἠπίστατο,

1058 1910 1095 1945 μὴ
1113 1909 1158 1936 τὸν
1179 1908 1263 1935 αἴτιον
1289 1906 1376 1939 εἰδὼς,
1398 1905 1455 1933 ἀλλ’
1479 1907 1566 1933 ἐκεῖνο
1593 1907 1673 1941 μόνον
1695 1907 1736 1938 εἰς
1759 1906 1773 1932 ὅ
1796 1907 1849 1933 πέ-

1057 1963 1141 1989 φυκεν
1158 1952 1236 1980 εἶναι.
1253 1953 1325 1988 Φημὶ
1341 1952 1485 1988 τοιγαροῦν
1501 1952 1547 1978 τὸν
1564 1951 1628 1978 Θεὸν
1644 1951 1714 1978 οὕτω
1735 1951 1780 1978 τὸν
1797 1953 1848 1979 ἇν-

1057 2000 1164 2035 θρωπον
1178 1999 1289 2034 τιμῆσαι
1305 1998 1529 2034 προαιρούμενον,
1549 1998 1595 2024 καὶ
1612 1997 1663 2024 τῶν
1680 1998 1847 2034 κρειττόνων

1056 2047 1224 2082 ἐπιστήμονα
1240 2045 1370 2079 γίνεσοαι,
1392 2045 1442 2080 τὴν
1462 2044 1584 2076 ἐξουσίαν
1604 2043 1678 2078 αὐτῷ
1692 2043 1738 2070 τοῦ
1762 2044 1846 2070 δύνα-

1058 2093 1118 2119 σθαι
1135 2094 1219 2119 ποιεῖν
1233 2092 1251 2119 ἃ.
1267 2091 1400 2127 βούλεται,
1415 2090 1574 2117 δεδωκέναι·
1591 2090 1637 2116 καὶ
1653 2089 1701 2125 τὴν
1717 2089 1846 2121 ἐξουσίαν

1057 2139 1138 2167 αὑτοῦ
1154 2140 1192 2170 εἰς
1210 2140 1332 2174 κρεῖττον
1347 2139 1499 2173 παραινεῖν,
1517 2137 1565 2163 οὐκ
1578 2136 1777 2172 ἀφαιρούμενον
1795 2137 1849 2163 πά-

1057 2184 1097 2211 λιν
1112 2186 1157 2212 τὸν
1174 2184 1353 2216 αὐτεξούσιον,
1370 2183 1436 2210 ἀλλὰ
1456 2183 1502 2209 τὸν
1519 2184 1640 2218 κρεῖττον
1660 2182 1772 2217 μηνύειν
1796 2182 1846 2208 ῡέ-

1059 2231 1145 2257 λοντα.
1159 2231 1195 2257 Τὸ
1210 2230 1258 2266 μὲν
1269 2230 1323 2265 γὰρ
1337 2229 1465 2256 δύνασθαι
1482 2228 1612 2264 πάρεστιν
1625 2227 1699 2263 αὐτῷ
1709 2236 1715 2242 ·
1730 2228 1777 2254 καὶ
1792 2228 1846 2264 τὴν

1047 2267 1167 2311 ’ἐντολὴν
1186 2276 1333 2311 λαμϐάνει·
1358 2275 1405 2310 τὴν
1422 2275 1450 2301 δὲ
1469 2275 1515 2302 τοῦ
1538 2274 1667 2301 δύνασθαι
1682 2273 1846 2309 προαίρεσιν

1059 2324 1098 2354 εἰς
1112 2323 1141 2350 τὸ
1152 2323 1273 2357 κρεῖττον
1289 2322 1398 2356 τρέπειν
1411 2322 1425 2346 ὁ
1441 2320 1505 2352 Θεὸς
1519 2322 1654 2355 παραινεῖ.
1669 2320 1773 2355 Ὥσπερ
1789 2322 1846 2355 γὰρ

1059 2367 1150 2402 πατὴρ
1169 2367 1242 2393 παιδὶ
1257 2368 1399 2401 παραινεῖ,
1416 2366 1540 2397 ἐξουσίαν
1556 2365 1644 2400 ἔχοντι
1662 2365 1847 2400 ἐκμανθάνειν

1057 2413 1091 2439 τὰ
1106 2412 1265 2448 μαθήματα,
1281 2412 1327 2438 καὶ
1351 2412 1448 2446 μᾶλλον
1463 2411 1571 2446 ἔχεσθαι
1585 2410 1640 2437 τῶν
1658 2410 1847 2445 μαθημάτων,

1057 2457 1108 2488 ὃτι,
1125 2459 1246 2493 κρεῖττον
1259 2456 1336 2483 τοῦτο
1349 2457 1468 2492 μηνύων,
1483 2457 1513 2482 οὑ
1526 2455 1574 2491 τὴν
1586 2455 1632 2482 τοῦ
1648 2455 1776 2482 δύνασθαι
1794 2455 1846 2481 τοῦ

1059 2503 1151 2534 παιδὸς
1172 2503 1295 2535 ἐξουσίαν
1318 2503 1438 2538 ἀφαιρεῖ,
1463 2502 1514 2529 κᾶν
1544 2502 1580 2538 μὴ
1599 2501 1668 2528 ἑκὼν
1697 2501 1848 2537 μανθάνειν

1059 2548 1199 2583 βούληται·
1216 2547 1285 2574 οὕτω
1309 2556 1353 2582 μοι
1367 2547 1414 2573 καὶ
1433 2547 1476 2573 τὸν
1496 2546 1561 2573 Θεὸν
1578 2547 1608 2573 οὐ
1631 2546 1714 2578 δοκεῖ,
1729 2545 1848 2581 προτρέ-

1058 2602 1142 2620 ποντα
1158 2593 1203 2620 τὸν
1222 2592 1363 2628 ἄνθρωπον
1386 2592 1526 2619 πείθεσθαι
1545 2594 1601 2624 τοῖς
1622 2592 1846 2627 προστάγμασιν,

1057 2640 1182 2675 ἀφαιρεῖν
1206 2639 1286 2666 αὑτὸν
1308 2638 1356 2674 τὴν
1375 2638 1497 2671 ἐξουσίαν
1516 2639 1564 2674 τῆς
1587 2637 1770 2674 προαιρέσεως
1795 2637 1845 2664 τοῦ

1094 2728 1150 2764 (40)
1172 2729 1236 2755 Τοῦ.
1255 2728 1296 2755 Al.
1312 2728 1393 2754 αὑτοῦ

1094 2762 1150 2800 (4t)
1173 2763 1407 2800 Ἄξαιρούμενος,
1427 2762 1516 2800 scrib.
1535 2764 1749 2800 ἀφαιρουμένης.

1095 2798 1150 2833 (ΔΞ)
1174 2799 1288 2824 Τούτων
1304 2798 1358 2832 γὰρ
1372 2798 1429 2824 ait.
1446 2798 1535 2826 Locus
1549 2798 1679 2826 citatur'a
1701 2798 1746 2828 Fr.
1766 2798 1842 2828 Tur-

1060 2833 1138 2861 riano
1154 2834 1199 2860 lib.
1215 2841 1241 2860 tv
1254 2841 1301 2868 pro
1318 2833 1402 2868 Epist.
1419 2833 1510 2867 Pont.,
1521 2841 1579 2869 cap.
1593 2834 1620 2861 2.
