  <div class='ocr_page' id='page_1' title='image "/cluster/home/n/w/nwhite01/storage/ocr_20150623/18/njp.32101077772455/174.png"; bbox 0 0 1920 3070; ppageno 0'>
   <div class='ocr_carea' id='block_1_1' title="bbox 54 113 100 144">
    <p class='ocr_par' dir='ltr' id='par_1_1' title="bbox 54 113 100 144">
     <span class='ocr_line' id='line_1_1' title="bbox 54 113 100 144; baseline -0.043 0"><span class='ocrx_word' id='word_1_1' title='bbox 54 113 100 144; x_wconf 74' lang='lat'><strong>263</strong></span> 
     </span>
    </p>
   </div>
   <div class='ocr_carea' id='block_1_2' title="bbox 590 112 1138 141">
    <p class='ocr_par' dir='ltr' id='par_1_2' title="bbox 590 112 1138 141">
     <span class='ocr_line' id='line_1_2' title="bbox 590 112 1138 141; baseline 0.002 -1"><span class='ocrx_word' id='word_1_2' title='bbox 590 113 636 140; x_wconf 74' lang='lat' dir='ltr'><strong>EX</strong></span> <span class='ocrx_word' id='word_1_3' title='bbox 656 112 759 141; x_wconf 83' lang='lat' dir='ltr'><strong>LIBRO</strong></span> <span class='ocrx_word' id='word_1_4' title='bbox 776 113 821 140; x_wconf 83' lang='lat' dir='ltr'><strong>DE</strong></span> <span class='ocrx_word' id='word_1_5' title='bbox 839 113 1138 141; x_wconf 71' lang='lat' dir='ltr'><strong>RESURHECTIONE.</strong></span> 
     </span>
    </p>
   </div>
   <div class='ocr_carea' id='block_1_3' title="bbox 1625 115 1677 142">
    <p class='ocr_par' dir='ltr' id='par_1_3' title="bbox 1625 115 1677 142">
     <span class='ocr_line' id='line_1_3' title="bbox 1625 115 1677 142; baseline 0.019 -1"><span class='ocrx_word' id='word_1_6' title='bbox 1625 115 1677 142; x_wconf 72' lang='grc'><strong>266</strong></span> 
     </span>
    </p>
   </div>
   <div class='ocr_carea' id='block_1_4' title="bbox 55 170 842 208">
    <p class='ocr_par' dir='ltr' id='par_1_4' title="bbox 55 170 839 208">
     <span class='ocr_line' id='line_1_4' title="bbox 55 170 839 208; baseline 0.005 -12"><span class='ocrx_word' id='word_1_7' title='bbox 55 170 193 202; x_wconf 76' lang='grc' dir='ltr'>δύνασθαι,</span> <span class='ocrx_word' id='word_1_8' title='bbox 219 170 268 198; x_wconf 78' lang='grc' dir='ltr'>καὶ</span> <span class='ocrx_word' id='word_1_9' title='bbox 296 171 334 207; x_wconf 84' lang='grc' dir='ltr'>μὴ</span> <span class='ocrx_word' id='word_1_10' title='bbox 364 171 515 199; x_wconf 79' lang='grc' dir='ltr'>ὑπακούειν</span> <span class='ocrx_word' id='word_1_11' title='bbox 529 173 585 204; x_wconf 82' lang='grc' dir='ltr'>τοῖς</span> <span class='ocrx_word' id='word_1_12' title='bbox 607 172 750 208; x_wconf 80' lang='grc' dir='ltr'><strong>πράγμασι</strong></span> <span class='ocrx_word' id='word_1_13' title='bbox 774 172 839 208; x_wconf 68' lang='grc'><strong>(45).</strong></span> 
     </span>
    </p>
   </div>
   <div class='ocr_carea' id='block_1_5' title="bbox 896 170 1678 208">
    <p class='ocr_par' dir='ltr' id='par_1_5' title="bbox 896 171 1678 205">
     <span class='ocr_line' id='line_1_5' title="bbox 896 171 1678 205; baseline 0.001 -6"><span class='ocrx_word' id='word_1_14' title='bbox 896 171 1003 200; x_wconf 84' lang='lat' dir='ltr'><strong>obedire</strong></span> <span class='ocrx_word' id='word_1_15' title='bbox 1024 172 1171 200; x_wconf 79' lang='lat' dir='ltr'><strong>mandatis.</strong></span> <span class='ocrx_word' id='word_1_16' title='bbox 1187 171 1254 199; x_wconf 77' lang='lat' dir='ltr'><strong>Nam</strong></span> <span class='ocrx_word' id='word_1_17' title='bbox 1273 176 1300 200; x_wconf 82' lang='lat' dir='ltr'><strong>et</strong></span> <span class='ocrx_word' id='word_1_18' title='bbox 1315 172 1345 200; x_wconf 82' lang='lat' dir='ltr'><strong>id</strong></span> <span class='ocrx_word' id='word_1_19' title='bbox 1361 180 1452 201; x_wconf 66' lang='lat' dir='ltr'><strong>causa:</strong></span> <span class='ocrx_word' id='word_1_20' title='bbox 1466 172 1601 205; x_wconf 81' lang='lat' dir='ltr'><strong>ostendit,</strong></span> <span class='ocrx_word' id='word_1_21' title='bbox 1627 181 1678 200; x_wconf 84' lang='lat' dir='ltr'><strong>cur</strong></span> 
     </span>
    </p>
   </div>
   <div class='ocr_carea' id='block_1_6' title="bbox 56 217 842 254">
    <p class='ocr_par' dir='ltr' id='par_1_6' title="bbox 56 217 842 254">
     <span class='ocr_line' id='line_1_6' title="bbox 56 217 842 254; baseline 0.004 -12"><span class='ocrx_word' id='word_1_22' title='bbox 56 217 105 243; x_wconf 75' lang='grc' dir='ltr'><strong>Καὶ</strong></span> <span class='ocrx_word' id='word_1_23' title='bbox 123 217 177 252; x_wconf 80' lang='grc' dir='ltr'><strong>γὰρ</strong></span> <span class='ocrx_word' id='word_1_24' title='bbox 201 218 253 252; x_wconf 82' lang='grc' dir='ltr'>τὴν</span> <span class='ocrx_word' id='word_1_25' title='bbox 271 217 360 253; x_wconf 80' lang='grc' dir='ltr'>ἀρχὴν</span> <span class='ocrx_word' id='word_1_26' title='bbox 383 218 431 245; x_wconf 85' lang='grc' dir='ltr'>τοῦ</span> <span class='ocrx_word' id='word_1_27' title='bbox 455 217 540 250; x_wconf 79' lang='grc' dir='ltr'>οὕτως</span> <span class='ocrx_word' id='word_1_28' title='bbox 564 220 717 254; x_wconf 81' lang='grc' dir='ltr'><strong>παραινεῖν,</strong></span> <span class='ocrx_word' id='word_1_29' title='bbox 739 218 781 245; x_wconf 76' lang='grc' dir='ltr'>ὅτι</span> <span class='ocrx_word' id='word_1_30' title='bbox 805 218 842 254; x_wconf 76' lang='grc' dir='ltr'>μὴ</span> 
     </span>
    </p>
   </div>
   <div class='ocr_carea' id='block_1_7' title="bbox 56 259 844 298">
    <p class='ocr_par' dir='ltr' id='par_1_7' title="bbox 56 259 844 298">
     <span class='ocr_line' id='line_1_7' title="bbox 56 259 844 298; baseline 0.005 -13"><span class='ocrx_word' id='word_1_31' title='bbox 56 259 143 294; x_wconf 64' lang='grc' dir='ltr'>ἁφεῦιε</span> <span class='ocrx_word' id='word_1_32' title='bbox 154 260 204 295; x_wconf 80' lang='grc' dir='ltr'>τὴν</span> <span class='ocrx_word' id='word_1_33' title='bbox 216 260 341 292; x_wconf 77' lang='grc' dir='ltr'><strong>ἐξουσίαν</strong></span> <span class='ocrx_word' id='word_1_34' title='bbox 350 281 357 293; x_wconf 87' lang='grc'><em>,</em></span> <span class='ocrx_word' id='word_1_35' title='bbox 372 262 480 297; x_wconf 83' lang='grc' dir='ltr'><strong>μηνύει.</strong></span> <span class='ocrx_word' id='word_1_36' title='bbox 501 262 666 298; x_wconf 72' lang='grc' dir='ltr'>Προσταττει</span> <span class='ocrx_word' id='word_1_37' title='bbox 679 263 718 295; x_wconf 82' lang='grc' dir='ltr'><strong>δὲ,</strong></span> <span class='ocrx_word' id='word_1_38' title='bbox 735 263 778 289; x_wconf 85' lang='grc' dir='ltr'>ἵνα</span> <span class='ocrx_word' id='word_1_39' title='bbox 789 263 844 289; x_wconf 85' lang='grc' dir='ltr'>τῶν</span> 
     </span>
    </p>
   </div>
   <div class='ocr_carea' id='block_1_8' title="bbox 58 305 843 344">
    <p class='ocr_par' dir='ltr' id='par_1_8' title="bbox 58 305 843 344">
     <span class='ocr_line' id='line_1_8' title="bbox 58 305 843 344; baseline 0.004 -12"><span class='ocrx_word' id='word_1_40' title='bbox 58 305 214 341; x_wconf 69' lang='grc' dir='ltr'>κρειττόνων</span> <span class='ocrx_word' id='word_1_41' title='bbox 226 305 373 342; x_wconf 75' lang='grc' dir='ltr'>ἅνθρωπος</span> <span class='ocrx_word' id='word_1_42' title='bbox 388 307 535 335; x_wconf 77' lang='grc' dir='ltr'>ἀπολαύειν</span> <span class='ocrx_word' id='word_1_43' title='bbox 554 308 665 344; x_wconf 78' lang='grc' dir='ltr'><strong>δυνηθῇ.</strong></span> <span class='ocrx_word' id='word_1_44' title='bbox 688 308 773 335; x_wconf 85' lang='grc' dir='ltr'>Τοῦτο</span> <span class='ocrx_word' id='word_1_45' title='bbox 789 309 843 344; x_wconf 80' lang='grc' dir='ltr'><strong>γὰρ</strong></span> 
     </span>
    </p>
   </div>
   <div class='ocr_carea' id='block_1_9' title="bbox 58 351 841 390">
    <p class='ocr_par' dir='ltr' id='par_1_9' title="bbox 58 351 841 390">
     <span class='ocr_line' id='line_1_9' title="bbox 58 351 841 390; baseline 0.006 -14"><span class='ocrx_word' id='word_1_46' title='bbox 58 351 146 377; x_wconf 75' lang='grc' dir='ltr'>ἕπεται</span> <span class='ocrx_word' id='word_1_47' title='bbox 176 351 218 386; x_wconf 81' lang='grc' dir='ltr'>τῷ</span> <span class='ocrx_word' id='word_1_48' title='bbox 246 352 392 388; x_wconf 81' lang='grc' dir='ltr'>πεισθῆναι</span> <span class='ocrx_word' id='word_1_49' title='bbox 418 353 456 389; x_wconf 85' lang='grc' dir='ltr'>τῷ</span> <span class='ocrx_word' id='word_1_50' title='bbox 473 353 519 381; x_wconf 71' lang='grc' dir='ltr'><strong>τοῦ</strong></span> <span class='ocrx_word' id='word_1_51' title='bbox 550 354 617 380; x_wconf 84' lang='grc' dir='ltr'>Θεοῦ</span> <span class='ocrx_word' id='word_1_52' title='bbox 641 354 841 390; x_wconf 78' lang='grc' dir='ltr'><strong>προστάγματι.</strong></span> 
     </span>
    </p>
   </div>
   <div class='ocr_carea' id='block_1_10' title="bbox 60 397 842 436">
    <p class='ocr_par' dir='ltr' id='par_1_10' title="bbox 60 397 842 436">
     <span class='ocr_line' id='line_1_10' title="bbox 60 397 842 436; baseline 0.004 -13"><span class='ocrx_word' id='word_1_53' title='bbox 60 397 134 423; x_wconf 80' lang='grc' dir='ltr'>Ὥστε</span> <span class='ocrx_word' id='word_1_54' title='bbox 160 398 211 432; x_wconf 75' lang='grc' dir='ltr'><strong>οὐχ</strong></span> <span class='ocrx_word' id='word_1_55' title='bbox 239 398 283 424; x_wconf 86' lang='grc' dir='ltr'>ἵνα</span> <span class='ocrx_word' id='word_1_56' title='bbox 308 398 357 434; x_wconf 84' lang='grc' dir='ltr'>τὴν</span> <span class='ocrx_word' id='word_1_57' title='bbox 386 399 509 432; x_wconf 78' lang='grc' dir='ltr'>ἐξουσίαν</span> <span class='ocrx_word' id='word_1_58' title='bbox 537 400 571 434; x_wconf 81' lang='grc' dir='ltr'>ἦν</span> <span class='ocrx_word' id='word_1_59' title='bbox 599 399 714 426; x_wconf 79' lang='grc' dir='ltr'>δέδωκεν</span> <span class='ocrx_word' id='word_1_60' title='bbox 743 400 842 436; x_wconf 74' lang='grc' dir='ltr'><strong>ἀφέλῃ,</strong></span> 
     </span>
    </p>
   </div>
   <div class='ocr_carea' id='block_1_11' title="bbox 59 442 841 481">
    <p class='ocr_par' dir='ltr' id='par_1_11' title="bbox 59 442 841 481">
     <span class='ocr_line' id='line_1_11' title="bbox 59 442 841 481; baseline 0.003 -13"><span class='ocrx_word' id='word_1_61' title='bbox 59 442 234 477; x_wconf 71' lang='grc' dir='ltr'><strong>προστάττειν</strong></span> <span class='ocrx_word' id='word_1_62' title='bbox 248 444 387 479; x_wconf 77' lang='grc' dir='ltr'>βούλεται”</span> <span class='ocrx_word' id='word_1_63' title='bbox 404 445 460 471; x_wconf 80' lang='grc' dir='ltr'><strong>ἀλλ’</strong></span> <span class='ocrx_word' id='word_1_64' title='bbox 482 445 525 471; x_wconf 81' lang='grc' dir='ltr'>ἵνα</span> <span class='ocrx_word' id='word_1_65' title='bbox 540 446 661 480; x_wconf 84' lang='grc' dir='ltr'>κρεῖττον</span> <span class='ocrx_word' id='word_1_66' title='bbox 677 445 841 481; x_wconf 82' lang='grc' dir='ltr'>δωρήσηται,</span> 
     </span>
    </p>
   </div>
   <div class='ocr_carea' id='block_1_12' title="bbox 59 487 844 526">
    <p class='ocr_par' dir='ltr' id='par_1_12' title="bbox 59 487 844 526">
     <span class='ocr_line' id='line_1_12' title="bbox 59 487 844 526; baseline 0.001 -12"><span class='ocrx_word' id='word_1_67' title='bbox 59 488 92 520; x_wconf 80' lang='grc' dir='ltr'><strong>ὡς</strong></span> <span class='ocrx_word' id='word_1_68' title='bbox 119 488 189 524; x_wconf 75' lang='grc' dir='ltr'>ἀξίῳ</span> <span class='ocrx_word' id='word_1_69' title='bbox 218 489 349 524; x_wconf 78' lang='grc' dir='ltr'>μειζόνων</span> <span class='ocrx_word' id='word_1_70' title='bbox 373 491 474 525; x_wconf 80' lang='grc' dir='ltr'>τυχεῖν,</span> <span class='ocrx_word' id='word_1_71' title='bbox 499 490 557 517; x_wconf 80' lang='grc' dir='ltr'>ἀνθ’</span> <span class='ocrx_word' id='word_1_72' title='bbox 582 487 620 517; x_wconf 82' lang='grc' dir='ltr'>ὧν</span> <span class='ocrx_word' id='word_1_73' title='bbox 647 491 783 526; x_wconf 76' lang='grc' dir='ltr'>ὑπήκουσε</span> <span class='ocrx_word' id='word_1_74' title='bbox 805 489 844 525; x_wconf 79' lang='grc' dir='ltr'>τῷ</span> 
     </span>
    </p>
   </div>
   <div class='ocr_carea' id='block_1_13' title="bbox 58 534 843 572">
    <p class='ocr_par' dir='ltr' id='par_1_13' title="bbox 58 534 843 572">
     <span class='ocr_line' id='line_1_13' title="bbox 58 534 843 572; baseline 0.004 -13"><span class='ocrx_word' id='word_1_75' title='bbox 58 534 122 568; x_wconf 75' lang='grc' dir='ltr'><strong>Θεῷ,</strong></span> <span class='ocrx_word' id='word_1_76' title='bbox 141 534 187 560; x_wconf 77' lang='grc' dir='ltr'>καὶ</span> <span class='ocrx_word' id='word_1_77' title='bbox 201 534 251 570; x_wconf 79' lang='grc' dir='ltr'>τὴν</span> <span class='ocrx_word' id='word_1_78' title='bbox 265 535 312 561; x_wconf 79' lang='grc' dir='ltr'><strong>τοῦ</strong></span> <span class='ocrx_word' id='word_1_79' title='bbox 329 535 366 571; x_wconf 86' lang='grc' dir='ltr'>μὴ</span> <span class='ocrx_word' id='word_1_80' title='bbox 384 535 530 563; x_wconf 72' lang='grc' dir='ltr'>ὑπακούειν</span> <span class='ocrx_word' id='word_1_81' title='bbox 544 536 667 569; x_wconf 75' lang='grc' dir='ltr'>ἐξουσίαν</span> <span class='ocrx_word' id='word_1_82' title='bbox 679 536 756 572; x_wconf 76' lang='grc' dir='ltr'>ἔχων.</span> <span class='ocrx_word' id='word_1_83' title='bbox 770 536 843 571; x_wconf 72' lang='grc' dir='ltr'>Φημὶ</span> 
     </span>
    </p>
   </div>
   <div class='ocr_carea' id='block_1_14' title="bbox 58 581 844 618">
    <p class='ocr_par' dir='ltr' id='par_1_14' title="bbox 58 581 844 618">
     <span class='ocr_line' id='line_1_14' title="bbox 58 581 844 618; baseline 0.001 -11"><span class='ocrx_word' id='word_1_84' title='bbox 58 581 199 616; x_wconf 68' lang='grc' dir='ltr'>ἇνθςκοπον</span> <span class='ocrx_word' id='word_1_85' title='bbox 220 582 360 616; x_wconf 81' lang='grc' dir='ltr'>γεγονέναι</span> <span class='ocrx_word' id='word_1_86' title='bbox 372 581 381 617; x_wconf 87' lang='grc'>[</span> <span class='ocrx_word' id='word_1_87' title='bbox 393 582 594 618; x_wconf 70' lang='grc' dir='ltr'>αὑτεξούσιον],</span> <span class='ocrx_word' id='word_1_88' title='bbox 611 583 658 618; x_wconf 79' lang='grc' dir='ltr'><strong>οὐχ</strong></span> <span class='ocrx_word' id='word_1_89' title='bbox 673 583 710 614; x_wconf 81' lang='grc' dir='ltr'><strong>ὼς</strong></span> <span class='ocrx_word' id='word_1_90' title='bbox 724 584 844 618; x_wconf 80' lang='grc' dir='ltr'>προϋπο-</span> 
     </span>
    </p>
   </div>
   <div class='ocr_carea' id='block_1_15' title="bbox 59 625 841 663">
    <p class='ocr_par' dir='ltr' id='par_1_15' title="bbox 59 625 841 663">
     <span class='ocr_line' id='line_1_15' title="bbox 59 625 841 663; baseline 0.005 -13"><span class='ocrx_word' id='word_1_91' title='bbox 59 626 181 660; x_wconf 82' lang='grc' dir='ltr'>κειμένου</span> <span class='ocrx_word' id='word_1_92' title='bbox 195 626 270 658; x_wconf 73' lang='grc' dir='ltr'>τινὸς</span> <span class='ocrx_word' id='word_1_93' title='bbox 284 627 333 663; x_wconf 65' lang='grc' dir='ltr'><strong>ᾔδη</strong></span> <span class='ocrx_word' id='word_1_94' title='bbox 351 628 447 658; x_wconf 83' lang='grc' dir='ltr'>κακοῦ,</span> <span class='ocrx_word' id='word_1_95' title='bbox 463 625 493 655; x_wconf 76' lang='grc' dir='ltr'><strong>οὗ</strong></span> <span class='ocrx_word' id='word_1_96' title='bbox 507 628 557 663; x_wconf 80' lang='grc' dir='ltr'>τὴν</span> <span class='ocrx_word' id='word_1_97' title='bbox 576 628 698 660; x_wconf 77' lang='grc' dir='ltr'><strong>ἐξουσίαν</strong></span> <span class='ocrx_word' id='word_1_98' title='bbox 717 627 764 655; x_wconf 79' lang='grc' dir='ltr'><strong>τοῦ</strong></span> <span class='ocrx_word' id='word_1_99' title='bbox 783 628 841 654; x_wconf 80' lang='grc' dir='ltr'><strong>ὲλέ-</strong></span> 
     </span>
    </p>
   </div>
   <div class='ocr_carea' id='block_1_16' title="bbox 60 670 840 707">
    <p class='ocr_par' dir='ltr' id='par_1_16' title="bbox 60 670 840 707">
     <span class='ocr_line' id='line_1_16' title="bbox 60 670 840 707; baseline 0.004 -12"><span class='ocrx_word' id='word_1_100' title='bbox 60 670 127 701; x_wconf 76' lang='grc' dir='ltr'>σθαι,</span> <span class='ocrx_word' id='word_1_101' title='bbox 154 671 179 696; x_wconf 84' lang='grc' dir='ltr'><strong>εί</strong></span> <span class='ocrx_word' id='word_1_102' title='bbox 201 671 342 705; x_wconf 66' lang='grc' dir='ltr'>βούλοιτον</span> <span class='ocrx_word' id='word_1_103' title='bbox 358 673 372 698; x_wconf 98' lang='lat'><strong>6</strong></span> <span class='ocrx_word' id='word_1_104' title='bbox 393 672 535 707; x_wconf 80' lang='grc' dir='ltr'>ἄνθρωπος</span> <span class='ocrx_word' id='word_1_105' title='bbox 559 671 637 698; x_wconf 76' lang='grc' dir='ltr'>ἔλαϐε</span> <span class='ocrx_word' id='word_1_106' title='bbox 659 691 668 698; x_wconf 89' lang='grc'><strong>.</strong></span> <span class='ocrx_word' id='word_1_107' title='bbox 690 691 697 698; x_wconf 94' lang='grc'><strong>.</strong></span> <span class='ocrx_word' id='word_1_108' title='bbox 720 691 726 698; x_wconf 95' lang='grc'><strong>.</strong></span> <span class='ocrx_word' id='word_1_109' title='bbox 747 692 754 698; x_wconf 90' lang='grc'><strong>.</strong></span> <span class='ocrx_word' id='word_1_110' title='bbox 776 691 783 698; x_wconf 93' lang='grc'><strong>.</strong></span> <span class='ocrx_word' id='word_1_111' title='bbox 805 691 812 698; x_wconf 92' lang='grc'><strong>.</strong></span> <span class='ocrx_word' id='word_1_112' title='bbox 834 692 840 698; x_wconf 94' lang='grc'><strong>.</strong></span> 
     </span>
    </p>
   </div>
   <div class='ocr_carea' id='block_1_17' title="bbox 59 715 842 754">
    <p class='ocr_par' dir='ltr' id='par_1_17' title="bbox 59 715 842 754">
     <span class='ocr_line' id='line_1_17' title="bbox 59 715 842 754; baseline 0.003 -13"><span class='ocrx_word' id='word_1_113' title='bbox 59 715 121 741; x_wconf 73' lang='grc' dir='ltr'>ἀλλὰ</span> <span class='ocrx_word' id='word_1_114' title='bbox 140 715 190 751; x_wconf 77' lang='grc' dir='ltr'>τὴν</span> <span class='ocrx_word' id='word_1_115' title='bbox 210 716 258 743; x_wconf 72' lang='grc' dir='ltr'>τοῦ</span> <span class='ocrx_word' id='word_1_116' title='bbox 275 717 422 743; x_wconf 80' lang='grc' dir='ltr'>ὑπακούειν</span> <span class='ocrx_word' id='word_1_117' title='bbox 441 717 479 752; x_wconf 84' lang='grc' dir='ltr'>τῷ</span> <span class='ocrx_word' id='word_1_118' title='bbox 496 717 555 753; x_wconf 84' lang='grc' dir='ltr'><strong>Θεῷ</strong></span> <span class='ocrx_word' id='word_1_119' title='bbox 571 718 617 744; x_wconf 71' lang='grc' dir='ltr'>καὶ</span> <span class='ocrx_word' id='word_1_120' title='bbox 639 718 676 754; x_wconf 83' lang='grc' dir='ltr'>μὴ</span> <span class='ocrx_word' id='word_1_121' title='bbox 697 717 842 745; x_wconf 75' lang='grc' dir='ltr'>ὑπακούειν</span> 
     </span>
    </p>
   </div>
   <div class='ocr_carea' id='block_1_18' title="bbox 59 760 841 798">
    <p class='ocr_par' dir='ltr' id='par_1_18' title="bbox 59 760 841 798">
     <span class='ocr_line' id='line_1_18' title="bbox 59 760 841 798; baseline 0.004 -13"><span class='ocrx_word' id='word_1_122' title='bbox 59 760 144 786; x_wconf 65' lang='grc' dir='ltr'>αἰτίαν</span> <span class='ocrx_word' id='word_1_123' title='bbox 167 761 264 797; x_wconf 78' lang='grc' dir='ltr'>μόνην.</span> <span class='ocrx_word' id='word_1_124' title='bbox 284 761 369 788; x_wconf 79' lang='grc' dir='ltr'>Τοῦτο</span> <span class='ocrx_word' id='word_1_125' title='bbox 389 762 443 798; x_wconf 81' lang='grc' dir='ltr'>γὰρ</span> <span class='ocrx_word' id='word_1_126' title='bbox 461 762 492 788; x_wconf 81' lang='grc' dir='ltr'>τὸ</span> <span class='ocrx_word' id='word_1_127' title='bbox 516 762 687 795; x_wconf 76' lang='grc' dir='ltr'>αὐτεξούσιον</span> <span class='ocrx_word' id='word_1_128' title='bbox 704 762 841 797; x_wconf 68' lang='grc' dir='ltr'>ἠϐούλετο.</span> 
     </span>
    </p>
   </div>
   <div class='ocr_carea' id='block_1_19' title="bbox 58 806 842 842">
    <p class='ocr_par' dir='ltr' id='par_1_19' title="bbox 58 806 842 842">
     <span class='ocr_line' id='line_1_19' title="bbox 58 806 842 842; baseline 0.004 -12"><span class='ocrx_word' id='word_1_129' title='bbox 58 806 109 831; x_wconf 73' lang='grc' dir='ltr'><strong>Καὶ</strong></span> <span class='ocrx_word' id='word_1_130' title='bbox 120 806 270 841; x_wconf 78' lang='grc' dir='ltr'>γενόμενος</span> <span class='ocrx_word' id='word_1_131' title='bbox 288 807 302 833; x_wconf 90' lang='lat'><strong>6</strong></span> <span class='ocrx_word' id='word_1_132' title='bbox 323 806 474 842; x_wconf 77' lang='grc' dir='ltr'>ἄνθρωπος,</span> <span class='ocrx_word' id='word_1_133' title='bbox 491 807 599 842; x_wconf 76' lang='grc' dir='ltr'>ἐντολὴν</span> <span class='ocrx_word' id='word_1_134' title='bbox 615 807 747 842; x_wconf 76' lang='grc' dir='ltr'>λαμϐάνει</span> <span class='ocrx_word' id='word_1_135' title='bbox 767 807 842 842; x_wconf 80' lang='grc' dir='ltr'>παρὰ</span> 
     </span>
    </p>
   </div>
   <div class='ocr_carea' id='block_1_20' title="bbox 57 851 842 891">
    <p class='ocr_par' dir='ltr' id='par_1_20' title="bbox 57 851 841 890">
     <span class='ocr_line' id='line_1_20' title="bbox 57 851 841 890; baseline 0.004 -13"><span class='ocrx_word' id='word_1_136' title='bbox 57 851 100 877; x_wconf 75' lang='grc' dir='ltr'>τοῦ</span> <span class='ocrx_word' id='word_1_137' title='bbox 123 852 191 878; x_wconf 74' lang='grc' dir='ltr'>Θεοῦ</span> <span class='ocrx_word' id='word_1_138' title='bbox 204 861 211 867; x_wconf 91' lang='grc'><strong>·</strong></span> <span class='ocrx_word' id='word_1_139' title='bbox 229 853 278 879; x_wconf 80' lang='grc' dir='ltr'>καὶ</span> <span class='ocrx_word' id='word_1_140' title='bbox 299 853 423 879; x_wconf 78' lang='grc' dir='ltr'>ἐντεῦθεν</span> <span class='ocrx_word' id='word_1_141' title='bbox 447 854 496 889; x_wconf 70' lang='grc' dir='ltr'><strong>ἤδη</strong></span> <span class='ocrx_word' id='word_1_142' title='bbox 520 854 551 880; x_wconf 83' lang='grc' dir='ltr'>τὸ</span> <span class='ocrx_word' id='word_1_143' title='bbox 568 854 650 881; x_wconf 82' lang='grc' dir='ltr'>κακὸν</span> <span class='ocrx_word' id='word_1_144' title='bbox 668 855 795 890; x_wconf 77' lang='grc' dir='ltr'>ἄρχεται·</span> <span class='ocrx_word' id='word_1_145' title='bbox 811 855 841 880; x_wconf 76' lang='grc' dir='ltr'><strong>ού</strong></span> 
     </span>
    </p>
   </div>
   <div class='ocr_carea' id='block_1_21' title="bbox 896 851 1374 891">
    <p class='ocr_par' dir='ltr' id='par_1_21' title="bbox 896 855 1374 891">
     <span class='ocr_line' id='line_1_21' title="bbox 896 855 1374 891; baseline 0.004 -9"><span class='ocrx_word' id='word_1_146' title='bbox 896 864 955 883; x_wconf 89' lang='lat' dir='ltr'><strong>nam</strong></span> <span class='ocrx_word' id='word_1_147' title='bbox 972 864 1026 882; x_wconf 91' lang='lat' dir='ltr'><strong>non</strong></span> <span class='ocrx_word' id='word_1_148' title='bbox 1042 860 1118 891; x_wconf 86' lang='lat' dir='ltr'><strong>paret</strong></span> <span class='ocrx_word' id='word_1_149' title='bbox 1134 855 1227 883; x_wconf 90' lang='lat' dir='ltr'><strong>divino</strong></span> <span class='ocrx_word' id='word_1_150' title='bbox 1241 860 1374 891; x_wconf 59' lang='lat' dir='ltr'><strong>pracepto</strong></span> 
     </span>
    </p>
   </div>
   <div class='ocr_carea' id='block_1_22' title="bbox 57 897 842 935">
    <p class='ocr_par' dir='ltr' id='par_1_22' title="bbox 57 897 842 935">
     <span class='ocr_line' id='line_1_22' title="bbox 57 897 842 935; baseline 0.004 -12"><span class='ocrx_word' id='word_1_151' title='bbox 57 897 107 934; x_wconf 71' lang='grc' dir='ltr'>γὰρ</span> <span class='ocrx_word' id='word_1_152' title='bbox 124 898 250 925; x_wconf 81' lang='grc' dir='ltr'>πείθεται</span> <span class='ocrx_word' id='word_1_153' title='bbox 272 899 310 934; x_wconf 83' lang='grc' dir='ltr'><strong>τῷ</strong></span> <span class='ocrx_word' id='word_1_154' title='bbox 326 899 388 934; x_wconf 77' lang='grc' dir='ltr'>θείῳ</span> <span class='ocrx_word' id='word_1_155' title='bbox 408 899 611 935; x_wconf 70' lang='grc' dir='ltr'>προστάγματι·</span> <span class='ocrx_word' id='word_1_156' title='bbox 631 901 677 927; x_wconf 71' lang='grc' dir='ltr'>καὶ</span> <span class='ocrx_word' id='word_1_157' title='bbox 699 899 777 927; x_wconf 77' lang='grc' dir='ltr'>τοῦτο</span> <span class='ocrx_word' id='word_1_158' title='bbox 795 901 842 928; x_wconf 72' lang='grc' dir='ltr'>καὶ</span> 
     </span>
    </p>
   </div>
   <div class='ocr_carea' id='block_1_23' title="bbox 59 942 841 982">
    <p class='ocr_par' dir='ltr' id='par_1_23' title="bbox 59 942 841 982">
     <span class='ocr_line' id='line_1_23' title="bbox 59 942 841 982; baseline 0.005 -14"><span class='ocrx_word' id='word_1_159' title='bbox 59 942 134 977; x_wconf 75' lang='grc' dir='ltr'>μόνον</span> <span class='ocrx_word' id='word_1_160' title='bbox 148 943 179 969; x_wconf 83' lang='grc' dir='ltr'>τὸ</span> <span class='ocrx_word' id='word_1_161' title='bbox 196 943 292 975; x_wconf 73' lang='grc' dir='ltr'>κακὸν,</span> <span class='ocrx_word' id='word_1_162' title='bbox 312 945 328 980; x_wconf 83' lang='grc' dir='ltr'>ὴ</span> <span class='ocrx_word' id='word_1_163' title='bbox 351 945 489 981; x_wconf 78' lang='grc' dir='ltr'>παρακοὴ,</span> <span class='ocrx_word' id='word_1_164' title='bbox 509 945 571 981; x_wconf 78' lang='grc' dir='ltr'>ἣτις</span> <span class='ocrx_word' id='word_1_165' title='bbox 584 946 629 972; x_wconf 83' lang='grc' dir='ltr'>τοῦ</span> <span class='ocrx_word' id='word_1_166' title='bbox 649 943 716 972; x_wconf 78' lang='grc' dir='ltr'>εἶναι</span> <span class='ocrx_word' id='word_1_167' title='bbox 730 946 841 982; x_wconf 78' lang='grc' dir='ltr'>ἤρξατο.</span> 
     </span>
    </p>
   </div>
   <div class='ocr_carea' id='block_1_24' title="bbox 58 988 842 1026">
    <p class='ocr_par' dir='ltr' id='par_1_24' title="bbox 58 988 842 1026">
     <span class='ocr_line' id='line_1_24' title="bbox 58 988 842 1026; baseline 0.005 -12"><span class='ocrx_word' id='word_1_168' title='bbox 58 988 121 1014; x_wconf 66' lang='grc' dir='ltr'><strong>οὑδὲ</strong></span> <span class='ocrx_word' id='word_1_169' title='bbox 145 989 202 1024; x_wconf 78' lang='grc' dir='ltr'>γὰρ</span> <span class='ocrx_word' id='word_1_170' title='bbox 227 989 357 1025; x_wconf 78' lang='grc' dir='ltr'>ἀγένητον</span> <span class='ocrx_word' id='word_1_171' title='bbox 385 990 486 1025; x_wconf 84' lang='grc' dir='ltr'>ταύτην</span> <span class='ocrx_word' id='word_1_172' title='bbox 517 1000 558 1023; x_wconf 86' lang='grc' dir='ltr'>τις</span> <span class='ocrx_word' id='word_1_173' title='bbox 582 992 670 1017; x_wconf 82' lang='grc' dir='ltr'>εἰπεῖν</span> <span class='ocrx_word' id='word_1_174' title='bbox 698 991 763 1026; x_wconf 78' lang='grc' dir='ltr'>ἔχει,</span> <span class='ocrx_word' id='word_1_175' title='bbox 796 992 842 1018; x_wconf 80' lang='grc' dir='ltr'>τοῦ</span> 
     </span>
    </p>
   </div>
   <div class='ocr_carea' id='block_1_25' title="bbox 58 1034 843 1071">
    <p class='ocr_par' dir='ltr' id='par_1_25' title="bbox 58 1034 843 1071">
     <span class='ocr_line' id='line_1_25' title="bbox 58 1034 843 1071; baseline 0.008 -13"><span class='ocrx_word' id='word_1_176' title='bbox 58 1034 217 1069; x_wconf 73' lang='grc' dir='ltr'>ποιήσαντος</span> <span class='ocrx_word' id='word_1_177' title='bbox 236 1035 321 1070; x_wconf 74' lang='grc' dir='ltr'>αὐτὴν</span> <span class='ocrx_word' id='word_1_178' title='bbox 338 1035 414 1067; x_wconf 76' lang='grc' dir='ltr'>ὄντος</span> <span class='ocrx_word' id='word_1_179' title='bbox 429 1036 551 1071; x_wconf 83' lang='grc' dir='ltr'>γενητοῦ.</span> <span class='ocrx_word' id='word_1_180' title='bbox 577 1037 689 1068; x_wconf 73' lang='grc' dir='ltr'><strong>Πάντως</strong></span> <span class='ocrx_word' id='word_1_181' title='bbox 703 1038 740 1070; x_wconf 80' lang='grc' dir='ltr'><strong>δὲ,</strong></span> <span class='ocrx_word' id='word_1_182' title='bbox 762 1038 843 1064; x_wconf 75' lang='grc' dir='ltr'>πόθεν</span> 
     </span>
    </p>
   </div>
   <div class='ocr_carea' id='block_1_26' title="bbox 58 1078 843 1118">
    <p class='ocr_par' dir='ltr' id='par_1_26' title="bbox 58 1078 843 1118">
     <span class='ocr_line' id='line_1_26' title="bbox 58 1078 843 1118; baseline 0.008 -15"><span class='ocrx_word' id='word_1_183' title='bbox 58 1078 131 1104; x_wconf 69' lang='grc' dir='ltr'>τοῦτο</span> <span class='ocrx_word' id='word_1_184' title='bbox 140 1079 170 1105; x_wconf 82' lang='grc' dir='ltr'><strong>τὺ</strong></span> <span class='ocrx_word' id='word_1_185' title='bbox 183 1080 369 1114; x_wconf 78' lang='grc' dir='ltr'>παρακοῦσαι,</span> <span class='ocrx_word' id='word_1_186' title='bbox 380 1083 537 1117; x_wconf 76' lang='grc' dir='ltr'>ἐρωτήσεις.</span> <span class='ocrx_word' id='word_1_187' title='bbox 556 1082 635 1108; x_wconf 83' lang='grc' dir='ltr'>Ἀλλὰ</span> <span class='ocrx_word' id='word_1_188' title='bbox 650 1084 737 1109; x_wconf 81' lang='grc' dir='ltr'>κεῖται</span> <span class='ocrx_word' id='word_1_189' title='bbox 752 1084 843 1118; x_wconf 63' lang='grc' dir='ltr'>σαφῶς</span> 
     </span>
    </p>
   </div>
   <div class='ocr_carea' id='block_1_27' title="bbox 60 1122 843 1165">
    <p class='ocr_par' dir='ltr' id='par_1_27' title="bbox 60 1122 843 1165">
     <span class='ocr_line' id='line_1_27' title="bbox 60 1122 843 1165; baseline 0.009 -17"><span class='ocrx_word' id='word_1_190' title='bbox 60 1122 85 1148; x_wconf 81' lang='grc' dir='ltr'>ἐν</span> <span class='ocrx_word' id='word_1_191' title='bbox 98 1124 128 1157; x_wconf 80' lang='grc' dir='ltr'><strong>τῇ</strong></span> <span class='ocrx_word' id='word_1_192' title='bbox 143 1123 207 1159; x_wconf 80' lang='grc' dir='ltr'>θείᾳ</span> <span class='ocrx_word' id='word_1_193' title='bbox 219 1125 326 1161; x_wconf 65' lang='grc' dir='ltr'>Γραφῇ.</span> <span class='ocrx_word' id='word_1_194' title='bbox 346 1126 426 1154; x_wconf 85' lang='grc' dir='ltr'>Ὅθεν</span> <span class='ocrx_word' id='word_1_195' title='bbox 437 1127 497 1153; x_wconf 78' lang='grc' dir='ltr'>οὐδὲ</span> <span class='ocrx_word' id='word_1_196' title='bbox 508 1128 627 1154; x_wconf 82' lang='grc' dir='ltr'>τοιοῦτον</span> <span class='ocrx_word' id='word_1_197' title='bbox 640 1128 686 1155; x_wconf 82' lang='grc' dir='ltr'>τὸν</span> <span class='ocrx_word' id='word_1_198' title='bbox 702 1128 843 1165; x_wconf 78' lang='grc' dir='ltr'>ἄνθρωπον</span> 
     </span>
    </p>
   </div>
   <div class='ocr_carea' id='block_1_28' title="bbox 60 1169 842 1210">
    <p class='ocr_par' dir='ltr' id='par_1_28' title="bbox 60 1169 842 1210">
     <span class='ocr_line' id='line_1_28' title="bbox 60 1169 842 1210; baseline 0.01 -16"><span class='ocrx_word' id='word_1_199' title='bbox 60 1169 121 1204; x_wconf 76' lang='grc' dir='ltr'>πρὸς</span> <span class='ocrx_word' id='word_1_200' title='bbox 137 1170 184 1196; x_wconf 73' lang='grc' dir='ltr'><strong>τοῦ</strong></span> <span class='ocrx_word' id='word_1_201' title='bbox 203 1169 271 1197; x_wconf 79' lang='grc' dir='ltr'>Θεοῦ</span> <span class='ocrx_word' id='word_1_202' title='bbox 287 1171 427 1206; x_wconf 77' lang='grc' dir='ltr'>γεγονέναι</span> <span class='ocrx_word' id='word_1_203' title='bbox 441 1173 525 1208; x_wconf 86' lang='grc' dir='ltr'>φημί·</span> <span class='ocrx_word' id='word_1_204' title='bbox 543 1174 612 1200; x_wconf 84' lang='grc' dir='ltr'>κατὰ</span> <span class='ocrx_word' id='word_1_205' title='bbox 625 1174 653 1200; x_wconf 80' lang='grc' dir='ltr'>δὲ</span> <span class='ocrx_word' id='word_1_206' title='bbox 667 1175 716 1210; x_wconf 82' lang='grc' dir='ltr'>τήν</span> <span class='ocrx_word' id='word_1_207' title='bbox 729 1183 790 1202; x_wconf 86' lang='grc' dir='ltr'>τινα</span> <span class='ocrx_word' id='word_1_208' title='bbox 804 1175 842 1202; x_wconf 90' lang='grc' dir='ltr'>δι-</span> 
     </span>
    </p>
   </div>
   <div class='ocr_carea' id='block_1_29' title="bbox 60 1213 843 1256">
    <p class='ocr_par' dir='ltr' id='par_1_29' title="bbox 60 1213 843 1256">
     <span class='ocr_line' id='line_1_29' title="bbox 60 1213 843 1256; baseline 0.01 -17"><span class='ocrx_word' id='word_1_209' title='bbox 60 1213 202 1241; x_wconf 62' lang='grc' dir='ltr'>δασκαλίαν</span> <span class='ocrx_word' id='word_1_210' title='bbox 222 1216 303 1242; x_wconf 78' lang='grc' dir='ltr'>τοῦτο</span> <span class='ocrx_word' id='word_1_211' title='bbox 324 1217 487 1245; x_wconf 83' lang='grc' dir='ltr'>πεπονθέναι</span> <span class='ocrx_word' id='word_1_212' title='bbox 503 1218 582 1253; x_wconf 82' lang='grc' dir='ltr'><strong>λέγω.</strong></span> <span class='ocrx_word' id='word_1_213' title='bbox 603 1220 671 1246; x_wconf 80' lang='grc' dir='ltr'><strong>Οὐδὲ</strong></span> <span class='ocrx_word' id='word_1_214' title='bbox 685 1220 738 1256; x_wconf 81' lang='grc' dir='ltr'>γὰρ</span> <span class='ocrx_word' id='word_1_215' title='bbox 754 1220 843 1247; x_wconf 83' lang='grc' dir='ltr'>τοιαύ-</span> 
     </span>
    </p>
   </div>
   <div class='ocr_carea' id='block_1_30' title="bbox 60 1260 843 1300">
    <p class='ocr_par' dir='ltr' id='par_1_30' title="bbox 60 1260 843 1300">
     <span class='ocr_line' id='line_1_30' title="bbox 60 1260 843 1300; baseline 0.005 -14"><span class='ocrx_word' id='word_1_216' title='bbox 60 1268 103 1294; x_wconf 71' lang='grc' dir='ltr'>την</span> <span class='ocrx_word' id='word_1_217' title='bbox 117 1260 200 1295; x_wconf 74' lang='grc' dir='ltr'>φύσιν</span> <span class='ocrx_word' id='word_1_218' title='bbox 219 1261 341 1297; x_wconf 74' lang='grc' dir='ltr'><strong>εἰληφὼς</strong></span> <span class='ocrx_word' id='word_1_219' title='bbox 361 1263 375 1288; x_wconf 85' lang='lat'><strong>6</strong></span> <span class='ocrx_word' id='word_1_220' title='bbox 398 1263 550 1300; x_wconf 82' lang='grc' dir='ltr'>ἄνθρωπος.</span> <span class='ocrx_word' id='word_1_221' title='bbox 573 1265 605 1290; x_wconf 69' lang='lat' dir='ltr'><strong>Et</strong></span> <span class='ocrx_word' id='word_1_222' title='bbox 622 1264 675 1299; x_wconf 82' lang='grc' dir='ltr'>γὰρ</span> <span class='ocrx_word' id='word_1_223' title='bbox 697 1264 783 1296; x_wconf 73' lang='grc' dir='ltr'>οὕτως</span> <span class='ocrx_word' id='word_1_224' title='bbox 806 1262 843 1290; x_wconf 80' lang='grc' dir='ltr'><strong>εἵ-</strong></span> 
     </span>
    </p>
   </div>
   <div class='ocr_carea' id='block_1_31' title="bbox 61 1306 844 1346">
    <p class='ocr_par' dir='ltr' id='par_1_31' title="bbox 61 1306 844 1346">
     <span class='ocr_line' id='line_1_31' title="bbox 61 1306 844 1346; baseline 0.006 -15"><span class='ocrx_word' id='word_1_225' title='bbox 61 1313 110 1339; x_wconf 78' lang='grc' dir='ltr'>χεν,</span> <span class='ocrx_word' id='word_1_226' title='bbox 140 1306 195 1333; x_wconf 77' lang='grc' dir='ltr'>οὐκ</span> <span class='ocrx_word' id='word_1_227' title='bbox 220 1306 255 1333; x_wconf 84' lang='grc' dir='ltr'>ἂν</span> <span class='ocrx_word' id='word_1_228' title='bbox 278 1307 351 1342; x_wconf 75' lang='grc' dir='ltr'>αὐτῷ</span> <span class='ocrx_word' id='word_1_229' title='bbox 375 1309 446 1335; x_wconf 78' lang='grc' dir='ltr'>κατὰ</span> <span class='ocrx_word' id='word_1_230' title='bbox 468 1309 639 1337; x_wconf 75' lang='grc' dir='ltr'>διδασκαλίαν</span> <span class='ocrx_word' id='word_1_231' title='bbox 661 1308 739 1336; x_wconf 80' lang='grc' dir='ltr'>τοῦτο</span> <span class='ocrx_word' id='word_1_232' title='bbox 760 1318 844 1346; x_wconf 80' lang='grc' dir='ltr'>προσ-</span> 
     </span>
    </p>
   </div>
   <div class='ocr_carea' id='block_1_32' title="bbox 59 1351 843 1391">
    <p class='ocr_par' dir='ltr' id='par_1_32' title="bbox 59 1351 843 1391">
     <span class='ocr_line' id='line_1_32' title="bbox 59 1351 843 1391; baseline 0.006 -14"><span class='ocrx_word' id='word_1_233' title='bbox 59 1351 166 1384; x_wconf 70' lang='grc' dir='ltr'>εγένετο,</span> <span class='ocrx_word' id='word_1_234' title='bbox 179 1352 232 1386; x_wconf 82' lang='grc' dir='ltr'><strong>τῆς</strong></span> <span class='ocrx_word' id='word_1_235' title='bbox 249 1353 357 1387; x_wconf 76' lang='grc' dir='ltr'>φύσεως</span> <span class='ocrx_word' id='word_1_236' title='bbox 376 1354 461 1389; x_wconf 75' lang='grc' dir='ltr'>αὐτῆς</span> <span class='ocrx_word' id='word_1_237' title='bbox 474 1354 558 1386; x_wconf 72' lang='grc' dir='ltr'>οὕτως</span> <span class='ocrx_word' id='word_1_238' title='bbox 577 1355 702 1391; x_wconf 73' lang='grc' dir='ltr'>ἐχούσης.</span> <span class='ocrx_word' id='word_1_239' title='bbox 719 1355 799 1390; x_wconf 78' lang='grc' dir='ltr'>Λέγει</span> <span class='ocrx_word' id='word_1_240' title='bbox 814 1356 843 1382; x_wconf 80' lang='grc' dir='ltr'>δὲ</span> 
     </span>
    </p>
   </div>
   <div class='ocr_carea' id='block_1_33' title="bbox 58 1397 841 1438">
    <p class='ocr_par' dir='ltr' id='par_1_33' title="bbox 58 1397 841 1438">
     <span class='ocr_line' id='line_1_33' title="bbox 58 1397 841 1438; baseline 0.006 -15"><span class='ocrx_word' id='word_1_241' title='bbox 58 1405 94 1428; x_wconf 77' lang='grc' dir='ltr'>τις</span> <span class='ocrx_word' id='word_1_242' title='bbox 104 1397 165 1434; x_wconf 68' lang='grc' dir='ltr'>θείᾳ</span> <span class='ocrx_word' id='word_1_243' title='bbox 184 1400 280 1434; x_wconf 81' lang='grc' dir='ltr'>φωνῇ,</span> <span class='ocrx_word' id='word_1_244' title='bbox 297 1400 496 1434; x_wconf 81' lang='grc' dir='ltr'>μεμαθηκέναι</span> <span class='ocrx_word' id='word_1_245' title='bbox 512 1401 566 1437; x_wconf 70' lang='grc'>(44)</span> <span class='ocrx_word' id='word_1_246' title='bbox 584 1401 629 1428; x_wconf 79' lang='grc' dir='ltr'>τὸν</span> <span class='ocrx_word' id='word_1_247' title='bbox 654 1401 841 1438; x_wconf 80' lang='grc' dir='ltr'>ἄνθρωπον....</span> 
     </span>
    </p>
   </div>
   <div class='ocr_carea' id='block_1_34' title="bbox 58 1441 843 1482">
    <p class='ocr_par' dir='ltr' id='par_1_34' title="bbox 58 1441 843 1482">
     <span class='ocr_line' id='line_1_34' title="bbox 58 1441 843 1482; baseline 0.006 -14"><span class='ocrx_word' id='word_1_248' title='bbox 58 1442 233 1470; x_wconf 72' lang='grc' dir='ltr'>Διδάςχεσθαι</span> <span class='ocrx_word' id='word_1_249' title='bbox 256 1441 303 1470; x_wconf 82' lang='grc' dir='ltr'><strong>οὖν</strong></span> <span class='ocrx_word' id='word_1_250' title='bbox 325 1453 395 1479; x_wconf 74' lang='grc' dir='ltr'>φημι</span> <span class='ocrx_word' id='word_1_251' title='bbox 415 1444 445 1471; x_wconf 84' lang='grc' dir='ltr'><strong>το</strong></span> <span class='ocrx_word' id='word_1_252' title='bbox 463 1446 629 1482; x_wconf 81' lang='grc' dir='ltr'>παρακούειν</span> <span class='ocrx_word' id='word_1_253' title='bbox 652 1446 730 1472; x_wconf 85' lang='grc' dir='ltr'>Θεοῦ.</span> <span class='ocrx_word' id='word_1_254' title='bbox 759 1446 843 1473; x_wconf 83' lang='grc' dir='ltr'>Τοῦτο</span> 
     </span>
    </p>
   </div>
   <div class='ocr_carea' id='block_1_35' title="bbox 57 1488 842 1528">
    <p class='ocr_par' dir='ltr' id='par_1_35' title="bbox 57 1488 842 1528">
     <span class='ocr_line' id='line_1_35' title="bbox 57 1488 842 1528; baseline 0.005 -13"><span class='ocrx_word' id='word_1_255' title='bbox 57 1488 105 1524; x_wconf 67' lang='grc' dir='ltr'>γὰρ</span> <span class='ocrx_word' id='word_1_256' title='bbox 121 1490 167 1516; x_wconf 76' lang='grc' dir='ltr'>καὶ</span> <span class='ocrx_word' id='word_1_257' title='bbox 187 1490 270 1525; x_wconf 71' lang='grc' dir='ltr'>μόνον</span> <span class='ocrx_word' id='word_1_258' title='bbox 288 1491 346 1518; x_wconf 71' lang='grc' dir='ltr'>ἐστὶ</span> <span class='ocrx_word' id='word_1_259' title='bbox 365 1491 395 1517; x_wconf 83' lang='grc' dir='ltr'>τὸ</span> <span class='ocrx_word' id='word_1_260' title='bbox 411 1491 505 1523; x_wconf 77' lang='grc' dir='ltr'>κακὸν,</span> <span class='ocrx_word' id='word_1_261' title='bbox 522 1492 536 1518; x_wconf 85' lang='lat'><strong>6</strong></span> <span class='ocrx_word' id='word_1_262' title='bbox 558 1492 633 1528; x_wconf 79' lang='grc' dir='ltr'>παρὰ</span> <span class='ocrx_word' id='word_1_263' title='bbox 648 1493 696 1528; x_wconf 86' lang='grc' dir='ltr'>τὴν</span> <span class='ocrx_word' id='word_1_264' title='bbox 708 1492 755 1520; x_wconf 79' lang='grc' dir='ltr'>τοῦ</span> <span class='ocrx_word' id='word_1_265' title='bbox 775 1493 842 1519; x_wconf 81' lang='grc' dir='ltr'>Θεοῦ</span> 
     </span>
    </p>
   </div>
   <div class='ocr_carea' id='block_1_36' title="bbox 56 1536 843 1574">
    <p class='ocr_par' dir='ltr' id='par_1_36' title="bbox 56 1536 843 1574">
     <span class='ocr_line' id='line_1_36' title="bbox 56 1536 843 1574; baseline 0.005 -13"><span class='ocrx_word' id='word_1_266' title='bbox 56 1536 212 1572; x_wconf 69' lang='grc' dir='ltr'>προαίρεσιν</span> <span class='ocrx_word' id='word_1_267' title='bbox 230 1536 353 1571; x_wconf 82' lang='grc' dir='ltr'>γίνεται·</span> <span class='ocrx_word' id='word_1_268' title='bbox 375 1539 405 1564; x_wconf 85' lang='grc' dir='ltr'>οὐ</span> <span class='ocrx_word' id='word_1_269' title='bbox 422 1539 475 1574; x_wconf 83' lang='grc' dir='ltr'><strong>γὰρ</strong></span> <span class='ocrx_word' id='word_1_270' title='bbox 491 1538 523 1565; x_wconf 86' lang='grc' dir='ltr'>ἂν</span> <span class='ocrx_word' id='word_1_271' title='bbox 541 1538 601 1565; x_wconf 81' lang='grc' dir='ltr'>καθ’</span> <span class='ocrx_word' id='word_1_272' title='bbox 619 1539 698 1565; x_wconf 73' lang='grc' dir='ltr'>ἑαυτὸ</span> <span class='ocrx_word' id='word_1_273' title='bbox 713 1539 743 1565; x_wconf 82' lang='grc' dir='ltr'>τὸ</span> <span class='ocrx_word' id='word_1_274' title='bbox 761 1547 843 1574; x_wconf 83' lang='grc' dir='ltr'>πονη-</span> 
     </span>
    </p>
   </div>
   <div class='ocr_carea' id='block_1_37' title="bbox 56 1581 843 1617">
    <p class='ocr_par' dir='ltr' id='par_1_37' title="bbox 56 1581 843 1617">
     <span class='ocr_line' id='line_1_37' title="bbox 56 1581 843 1617; baseline 0.005 -10"><span class='ocrx_word' id='word_1_275' title='bbox 56 1581 96 1616; x_wconf 63' lang='grc' dir='ltr'><strong>ρὶν</strong></span> <span class='ocrx_word' id='word_1_276' title='bbox 115 1583 129 1608; x_wconf 85' lang='grc' dir='ltr'>ὁ</span> <span class='ocrx_word' id='word_1_277' title='bbox 150 1582 301 1617; x_wconf 80' lang='grc' dir='ltr'>ἄνθρωπος</span> <span class='ocrx_word' id='word_1_278' title='bbox 318 1583 483 1610; x_wconf 79' lang='grc' dir='ltr'>διδάσκεται.</span> <span class='ocrx_word' id='word_1_279' title='bbox 506 1584 534 1611; x_wconf 91' lang='lat'><strong>&#39;0</strong></span> <span class='ocrx_word' id='word_1_280' title='bbox 550 1584 682 1611; x_wconf 81' lang='grc' dir='ltr'>διδάσκων</span> <span class='ocrx_word' id='word_1_281' title='bbox 702 1584 791 1612; x_wconf 81' lang='grc' dir='ltr'>τοίνυν</span> <span class='ocrx_word' id='word_1_282' title='bbox 812 1584 843 1611; x_wconf 83' lang='grc' dir='ltr'><strong>τὺ</strong></span> 
     </span>
    </p>
   </div>
   <div class='ocr_carea' id='block_1_38' title="bbox 55 1627 701 1666">
    <p class='ocr_par' dir='ltr' id='par_1_38' title="bbox 55 1627 701 1666">
     <span class='ocr_line' id='line_1_38' title="bbox 55 1627 701 1666; baseline 0.006 -13"><span class='ocrx_word' id='word_1_283' title='bbox 55 1627 130 1654; x_wconf 77' lang='grc' dir='ltr'>κακόν</span> <span class='ocrx_word' id='word_1_284' title='bbox 145 1629 225 1655; x_wconf 76' lang='grc' dir='ltr'>ἐστιν</span> <span class='ocrx_word' id='word_1_285' title='bbox 242 1630 256 1655; x_wconf 92' lang='lat'><strong>6</strong></span> <span class='ocrx_word' id='word_1_286' title='bbox 271 1629 390 1664; x_wconf 83' lang='grc' dir='ltr'>δράκων,</span> <span class='ocrx_word' id='word_1_287' title='bbox 403 1630 449 1656; x_wconf 73' lang='grc' dir='ltr'>καὶ</span> <span class='ocrx_word' id='word_1_288' title='bbox 462 1630 496 1656; x_wconf 78' lang='grc' dir='ltr'><strong>τὰ</strong></span> <span class='ocrx_word' id='word_1_289' title='bbox 510 1630 582 1666; x_wconf 77' lang='grc' dir='ltr'>ἑξῆς.</span> <span class='ocrx_word' id='word_1_290' title='bbox 598 1630 701 1657; x_wconf 85' lang='grc' dir='ltr'>Λείπει.</span> 
     </span>
    </p>
   </div>
   <div class='ocr_carea' id='block_1_39' title="bbox 281 1675 621 1703">
    <p class='ocr_par' dir='ltr' id='par_1_39' title="bbox 281 1675 621 1703">
     <span class='ocr_line' id='line_1_39' title="bbox 281 1675 621 1703; baseline 0.003 -1"><span class='ocrx_word' id='word_1_291' title='bbox 281 1675 336 1702; x_wconf 85' lang='grc' dir='ltr'><strong>Τοῦ</strong></span> <span class='ocrx_word' id='word_1_292' title='bbox 353 1676 446 1702; x_wconf 80' lang='grc' dir='ltr'>αὑτοῦ</span> <span class='ocrx_word' id='word_1_293' title='bbox 464 1676 621 1703; x_wconf 81' lang='grc' dir='ltr'>Μεθοδίου.</span> 
     </span>
    </p>
   </div>
   <div class='ocr_carea' id='block_1_40' title="bbox 892 218 1678 254">
    <p class='ocr_par' dir='ltr' id='par_1_40' title="bbox 892 218 1678 254">
     <span class='ocr_line' id='line_1_40' title="bbox 892 218 1678 254; baseline 0.004 -10"><span class='ocrx_word' id='word_1_294' title='bbox 892 218 929 244; x_wconf 86' lang='lat' dir='ltr'><strong>ita</strong></span> <span class='ocrx_word' id='word_1_295' title='bbox 945 218 1080 251; x_wconf 78' lang='lat' dir='ltr'><strong>hortetur,</strong></span> <span class='ocrx_word' id='word_1_296' title='bbox 1097 218 1169 253; x_wconf 88' lang='lat' dir='ltr'><strong>quod</strong></span> <span class='ocrx_word' id='word_1_297' title='bbox 1183 222 1344 254; x_wconf 88' lang='lat' dir='ltr'><strong>potestatem</strong></span> <span class='ocrx_word' id='word_1_298' title='bbox 1361 227 1417 246; x_wconf 85' lang='lat' dir='ltr'><strong>non</strong></span> <span class='ocrx_word' id='word_1_299' title='bbox 1437 219 1589 247; x_wconf 77' lang='lat' dir='ltr'><strong>abstulerit.</strong></span> <span class='ocrx_word' id='word_1_300' title='bbox 1606 220 1678 248; x_wconf 67' lang='lat' dir='ltr'><strong>Pim—</strong></span> 
     </span>
    </p>
   </div>
   <div class='ocr_carea' id='block_1_41' title="bbox 892 264 1677 300">
    <p class='ocr_par' dir='ltr' id='par_1_41' title="bbox 892 264 1677 300">
     <span class='ocr_line' id='line_1_41' title="bbox 892 264 1677 300; baseline 0.004 -9"><span class='ocrx_word' id='word_1_301' title='bbox 892 264 959 299; x_wconf 79' lang='lat' dir='ltr'><strong>cipit</strong></span> <span class='ocrx_word' id='word_1_302' title='bbox 970 268 1070 297; x_wconf 87' lang='lat' dir='ltr'><strong>autem,</strong></span> <span class='ocrx_word' id='word_1_303' title='bbox 1086 269 1116 292; x_wconf 90' lang='lat' dir='ltr'><strong>ut</strong></span> <span class='ocrx_word' id='word_1_304' title='bbox 1131 265 1214 292; x_wconf 90' lang='lat' dir='ltr'><strong>homo</strong></span> <span class='ocrx_word' id='word_1_305' title='bbox 1228 265 1334 300; x_wconf 84' lang='lat' dir='ltr'><strong>potiora</strong></span> <span class='ocrx_word' id='word_1_306' title='bbox 1348 266 1478 300; x_wconf 84' lang='lat' dir='ltr'><strong>consequi</strong></span> <span class='ocrx_word' id='word_1_307' title='bbox 1491 266 1677 300; x_wconf 84' lang='lat' dir='ltr'><strong>possit.Quod</strong></span> 
     </span>
    </p>
   </div>
   <div class='ocr_carea' id='block_1_42' title="bbox 893 310 1676 346">
    <p class='ocr_par' dir='ltr' id='par_1_42' title="bbox 893 310 1676 346">
     <span class='ocr_line' id='line_1_42' title="bbox 893 310 1676 346; baseline 0.003 -9"><span class='ocrx_word' id='word_1_308' title='bbox 893 311 955 345; x_wconf 88' lang='lat' dir='ltr'><strong>quis</strong></span> <span class='ocrx_word' id='word_1_309' title='bbox 979 310 1051 338; x_wconf 86' lang='lat' dir='ltr'><strong>enim</strong></span> <span class='ocrx_word' id='word_1_310' title='bbox 1082 311 1173 338; x_wconf 89' lang='lat' dir='ltr'><strong>divino</strong></span> <span class='ocrx_word' id='word_1_311' title='bbox 1196 314 1330 346; x_wconf 64' lang='lat' dir='ltr'><strong>praecepto</strong></span> <span class='ocrx_word' id='word_1_312' title='bbox 1349 311 1525 346; x_wconf 78' lang='lat' dir='ltr'><strong>obsequatur,</strong></span> <span class='ocrx_word' id='word_1_313' title='bbox 1541 312 1676 346; x_wconf 80' lang='lat' dir='ltr'><strong>ejusmodi</strong></span> 
     </span>
    </p>
   </div>
   <div class='ocr_carea' id='block_1_43' title="bbox 892 354 1678 392">
    <p class='ocr_par' dir='ltr' id='par_1_43' title="bbox 892 354 1678 392">
     <span class='ocr_line' id='line_1_43' title="bbox 892 354 1678 392; baseline 0.001 -10"><span class='ocrx_word' id='word_1_314' title='bbox 892 354 1033 390; x_wconf 57' lang='lat' dir='ltr'><strong>praemium</strong></span> <span class='ocrx_word' id='word_1_315' title='bbox 1047 355 1157 390; x_wconf 83' lang='lat' dir='ltr'><strong>excipit.</strong></span> <span class='ocrx_word' id='word_1_316' title='bbox 1173 355 1354 388; x_wconf 82' lang='lat' dir='ltr'><strong>Quamobrem</strong></span> <span class='ocrx_word' id='word_1_317' title='bbox 1375 364 1430 382; x_wconf 89' lang='lat' dir='ltr'><strong>non</strong></span> <span class='ocrx_word' id='word_1_318' title='bbox 1447 356 1504 383; x_wconf 91' lang='lat' dir='ltr'><strong>vult</strong></span> <span class='ocrx_word' id='word_1_319' title='bbox 1529 356 1594 384; x_wconf 86' lang='lat' dir='ltr'><strong>dare</strong></span> <span class='ocrx_word' id='word_1_320' title='bbox 1609 365 1678 392; x_wconf 65' lang='lat' dir='ltr'><strong>prae-</strong></span> 
     </span>
    </p>
   </div>
   <div class='ocr_carea' id='block_1_44' title="bbox 893 401 1677 436">
    <p class='ocr_par' dir='ltr' id='par_1_44' title="bbox 893 401 1677 436">
     <span class='ocr_line' id='line_1_44' title="bbox 893 401 1677 436; baseline 0.001 -8"><span class='ocrx_word' id='word_1_321' title='bbox 893 405 1012 435; x_wconf 87' lang='lat' dir='ltr'><strong>ceptum,</strong></span> <span class='ocrx_word' id='word_1_322' title='bbox 1026 405 1054 428; x_wconf 85' lang='lat' dir='ltr'><strong>ut</strong></span> <span class='ocrx_word' id='word_1_323' title='bbox 1068 401 1173 429; x_wconf 83' lang='lat' dir='ltr'><strong>auferat</strong></span> <span class='ocrx_word' id='word_1_324' title='bbox 1189 405 1349 436; x_wconf 85' lang='lat' dir='ltr'><strong>potestatem</strong></span> <span class='ocrx_word' id='word_1_325' title='bbox 1363 409 1443 436; x_wconf 88' lang='lat' dir='ltr'><strong>quam</strong></span> <span class='ocrx_word' id='word_1_326' title='bbox 1458 401 1549 435; x_wconf 86' lang='lat' dir='ltr'><strong>dedit;</strong></span> <span class='ocrx_word' id='word_1_327' title='bbox 1574 403 1621 429; x_wconf 81' lang='lat' dir='ltr'><strong>sed</strong></span> <span class='ocrx_word' id='word_1_328' title='bbox 1647 406 1677 429; x_wconf 90' lang='lat' dir='ltr'><strong>ut</strong></span> 
     </span>
    </p>
   </div>
   <div class='ocr_carea' id='block_1_45' title="bbox 894 447 1677 482">
    <p class='ocr_par' dir='ltr' id='par_1_45' title="bbox 894 447 1677 482">
     <span class='ocr_line' id='line_1_45' title="bbox 894 447 1677 482; baseline 0.001 -8"><span class='ocrx_word' id='word_1_329' title='bbox 894 447 990 474; x_wconf 86' lang='lat' dir='ltr'><strong>melius</strong></span> <span class='ocrx_word' id='word_1_330' title='bbox 1006 447 1107 482; x_wconf 89' lang='lat' dir='ltr'><strong>aliquid</strong></span> <span class='ocrx_word' id='word_1_331' title='bbox 1136 447 1228 479; x_wconf 82' lang='lat' dir='ltr'><strong>donet,</strong></span> <span class='ocrx_word' id='word_1_332' title='bbox 1250 451 1377 482; x_wconf 79' lang='lat' dir='ltr'><strong>tanquam</strong></span> <span class='ocrx_word' id='word_1_333' title='bbox 1402 447 1483 482; x_wconf 74' lang='lat' dir='ltr'><strong>digno</strong></span> <span class='ocrx_word' id='word_1_334' title='bbox 1502 448 1548 482; x_wconf 89' lang='lat' dir='ltr'><strong>qui</strong></span> <span class='ocrx_word' id='word_1_335' title='bbox 1566 448 1677 475; x_wconf 84' lang='lat' dir='ltr'><strong>meliora</strong></span> 
     </span>
    </p>
   </div>
   <div class='ocr_carea' id='block_1_46' title="bbox 893 492 1678 527">
    <p class='ocr_par' dir='ltr' id='par_1_46' title="bbox 893 492 1678 527">
     <span class='ocr_line' id='line_1_46' title="bbox 893 492 1678 527; baseline 0.003 -9"><span class='ocrx_word' id='word_1_336' title='bbox 893 492 1070 527; x_wconf 83' lang='lat' dir='ltr'><strong>adipiscatur,</strong></span> <span class='ocrx_word' id='word_1_337' title='bbox 1083 492 1146 527; x_wconf 87' lang='lat' dir='ltr'><strong>quia</strong></span> <span class='ocrx_word' id='word_1_338' title='bbox 1170 493 1261 527; x_wconf 85' lang='lat' dir='ltr'><strong>paruit</strong></span> <span class='ocrx_word' id='word_1_339' title='bbox 1279 492 1344 525; x_wconf 86' lang='lat' dir='ltr'><strong>Deo,</strong></span> <span class='ocrx_word' id='word_1_340' title='bbox 1359 500 1419 520; x_wconf 92' lang='lat' dir='ltr'><strong>cum</strong></span> <span class='ocrx_word' id='word_1_341' title='bbox 1436 493 1535 527; x_wconf 86' lang='lat' dir='ltr'><strong>alioqui</strong></span> <span class='ocrx_word' id='word_1_342' title='bbox 1559 497 1678 527; x_wconf 74' lang='lat' dir='ltr'><strong>potesta-</strong></span> 
     </span>
    </p>
   </div>
   <div class='ocr_carea' id='block_1_47' title="bbox 894 538 1679 571">
    <p class='ocr_par' dir='ltr' id='par_1_47' title="bbox 894 538 1679 571">
     <span class='ocr_line' id='line_1_47' title="bbox 894 538 1679 571; baseline 0.003 -7"><span class='ocrx_word' id='word_1_343' title='bbox 894 542 947 565; x_wconf 84' lang='lat' dir='ltr'><strong>tem</strong></span> <span class='ocrx_word' id='word_1_344' title='bbox 963 546 1016 565; x_wconf 88' lang='lat' dir='ltr'><strong>non</strong></span> <span class='ocrx_word' id='word_1_345' title='bbox 1035 538 1146 571; x_wconf 88' lang='lat' dir='ltr'><strong>parendi</strong></span> <span class='ocrx_word' id='word_1_346' title='bbox 1158 538 1279 565; x_wconf 82' lang='lat' dir='ltr'><strong>haberet.</strong></span> <span class='ocrx_word' id='word_1_347' title='bbox 1296 538 1361 565; x_wconf 89' lang='lat' dir='ltr'><strong>Dico</strong></span> <span class='ocrx_word' id='word_1_348' title='bbox 1375 542 1466 566; x_wconf 88' lang='lat' dir='ltr'><strong>autem</strong></span> <span class='ocrx_word' id='word_1_349' title='bbox 1478 538 1579 565; x_wconf 82' lang='lat' dir='ltr'><strong>factum</strong></span> <span class='ocrx_word' id='word_1_350' title='bbox 1590 538 1679 566; x_wconf 82' lang='lat' dir='ltr'><strong>homi-</strong></span> 
     </span>
    </p>
   </div>
   <div class='ocr_carea' id='block_1_48' title="bbox 895 584 1677 619">
    <p class='ocr_par' dir='ltr' id='par_1_48' title="bbox 895 584 1677 619">
     <span class='ocr_line' id='line_1_48' title="bbox 895 584 1677 619; baseline 0 -8"><span class='ocrx_word' id='word_1_351' title='bbox 895 591 957 611; x_wconf 85' lang='lat' dir='ltr'><strong>nem</strong></span> <span class='ocrx_word' id='word_1_352' title='bbox 975 584 1102 616; x_wconf 83' lang='lat' dir='ltr'><strong>liberum,</strong></span> <span class='ocrx_word' id='word_1_353' title='bbox 1118 592 1171 612; x_wconf 88' lang='lat' dir='ltr'><strong>non</strong></span> <span class='ocrx_word' id='word_1_354' title='bbox 1186 585 1261 611; x_wconf 89' lang='lat' dir='ltr'><strong>velut</strong></span> <span class='ocrx_word' id='word_1_355' title='bbox 1271 585 1342 611; x_wconf 86' lang='lat' dir='ltr'><strong>malo</strong></span> <span class='ocrx_word' id='word_1_356' title='bbox 1352 584 1508 619; x_wconf 85' lang='lat' dir='ltr'><strong>aliquojam</strong></span> <span class='ocrx_word' id='word_1_357' title='bbox 1519 584 1677 617; x_wconf 78' lang='lat' dir='ltr'><strong>exsistente,</strong></span> 
     </span>
    </p>
   </div>
   <div class='ocr_carea' id='block_1_49' title="bbox 893 630 1678 666">
    <p class='ocr_par' dir='ltr' id='par_1_49' title="bbox 893 630 1678 666">
     <span class='ocr_line' id='line_1_49' title="bbox 893 630 1678 666; baseline 0.001 -10"><span class='ocrx_word' id='word_1_358' title='bbox 893 630 971 664; x_wconf 85' lang='lat' dir='ltr'><strong>cujus</strong></span> <span class='ocrx_word' id='word_1_359' title='bbox 984 630 1111 665; x_wconf 74' lang='lat' dir='ltr'><strong>eligendi,</strong></span> <span class='ocrx_word' id='word_1_360' title='bbox 1126 630 1149 657; x_wconf 92' lang='lat' dir='ltr'><strong>si</strong></span> <span class='ocrx_word' id='word_1_361' title='bbox 1163 630 1259 662; x_wconf 83' lang='lat' dir='ltr'><strong>vellet,</strong></span> <span class='ocrx_word' id='word_1_362' title='bbox 1277 634 1437 666; x_wconf 70' lang='lat' dir='ltr'><strong>potestatem</strong></span> <span class='ocrx_word' id='word_1_363' title='bbox 1455 630 1591 665; x_wconf 88' lang='lat' dir='ltr'><strong>acceperit</strong></span> <span class='ocrx_word' id='word_1_364' title='bbox 1607 639 1614 657; x_wconf 84' lang='lat'><strong>:</strong></span> <span class='ocrx_word' id='word_1_365' title='bbox 1631 631 1678 658; x_wconf 86' lang='lat' dir='ltr'><strong>sed</strong></span> 
     </span>
    </p>
   </div>
   <div class='ocr_carea' id='block_1_50' title="bbox 893 675 1679 711">
    <p class='ocr_par' dir='ltr' id='par_1_50' title="bbox 893 675 1679 711">
     <span class='ocr_line' id='line_1_50' title="bbox 893 675 1679 711; baseline 0.003 -10"><span class='ocrx_word' id='word_1_366' title='bbox 893 679 1003 710; x_wconf 86' lang='lat' dir='ltr'><strong>propter</strong></span> <span class='ocrx_word' id='word_1_367' title='bbox 1019 683 1178 702; x_wconf 84' lang='lat' dir='ltr'><strong>concessam</strong></span> <span class='ocrx_word' id='word_1_368' title='bbox 1193 675 1360 708; x_wconf 79' lang='lat' dir='ltr'><strong>facultatem,</strong></span> <span class='ocrx_word' id='word_1_369' title='bbox 1378 683 1431 710; x_wconf 91' lang='lat' dir='ltr'><strong>qua</strong></span> <span class='ocrx_word' id='word_1_370' title='bbox 1446 680 1553 711; x_wconf 88' lang='lat' dir='ltr'><strong>pareret</strong></span> <span class='ocrx_word' id='word_1_371' title='bbox 1568 676 1610 702; x_wconf 86' lang='lat' dir='ltr'><strong>vel</strong></span> <span class='ocrx_word' id='word_1_372' title='bbox 1624 684 1679 704; x_wconf 92' lang='lat' dir='ltr'><strong>non</strong></span> 
     </span>
    </p>
   </div>
   <div class='ocr_carea' id='block_1_51' title="bbox 894 720 1680 757">
    <p class='ocr_par' dir='ltr' id='par_1_51' title="bbox 894 720 1680 757">
     <span class='ocr_line' id='line_1_51' title="bbox 894 720 1680 757; baseline 0.004 -11"><span class='ocrx_word' id='word_1_373' title='bbox 894 727 998 755; x_wconf 84' lang='lat' dir='ltr'><strong>pareret</strong></span> <span class='ocrx_word' id='word_1_374' title='bbox 1012 721 1177 756; x_wconf 73' lang='lat' dir='ltr'><strong>praecipienti</strong></span> <span class='ocrx_word' id='word_1_375' title='bbox 1193 720 1257 748; x_wconf 88' lang='lat' dir='ltr'><strong>Deo.</strong></span> <span class='ocrx_word' id='word_1_376' title='bbox 1270 721 1316 749; x_wconf 88' lang='lat' dir='ltr'><strong>Est</strong></span> <span class='ocrx_word' id='word_1_377' title='bbox 1341 722 1393 749; x_wconf 91' lang='lat' dir='ltr'><strong>hoc</strong></span> <span class='ocrx_word' id='word_1_378' title='bbox 1404 722 1488 753; x_wconf 84' lang='lat' dir='ltr'><strong>enim,</strong></span> <span class='ocrx_word' id='word_1_379' title='bbox 1507 722 1534 748; x_wconf 92' lang='lat' dir='ltr'><strong>in</strong></span> <span class='ocrx_word' id='word_1_380' title='bbox 1551 729 1606 757; x_wconf 91' lang='lat' dir='ltr'><strong>quo</strong></span> <span class='ocrx_word' id='word_1_381' title='bbox 1622 727 1680 749; x_wconf 81' lang='lat' dir='ltr'><strong>erat</strong></span> 
     </span>
    </p>
   </div>
   <div class='ocr_carea' id='block_1_52' title="bbox 893 766 1681 802">
    <p class='ocr_par' dir='ltr' id='par_1_52' title="bbox 893 766 1681 802">
     <span class='ocr_line' id='line_1_52' title="bbox 893 766 1681 802; baseline 0.001 -9"><span class='ocrx_word' id='word_1_382' title='bbox 893 767 981 801; x_wconf 86' lang='lat' dir='ltr'><strong>posita</strong></span> <span class='ocrx_word' id='word_1_383' title='bbox 997 766 1111 793; x_wconf 78' lang='lat' dir='ltr'><strong>facultas</strong></span> <span class='ocrx_word' id='word_1_384' title='bbox 1132 767 1246 793; x_wconf 87' lang='lat' dir='ltr'><strong>arbitrii.</strong></span> <span class='ocrx_word' id='word_1_385' title='bbox 1260 767 1373 794; x_wconf 85' lang='lat' dir='ltr'><strong>Creatus</strong></span> <span class='ocrx_word' id='word_1_386' title='bbox 1392 771 1483 794; x_wconf 87' lang='lat' dir='ltr'><strong>autem</strong></span> <span class='ocrx_word' id='word_1_387' title='bbox 1500 769 1592 798; x_wconf 89' lang='lat' dir='ltr'><strong>homo,</strong></span> <span class='ocrx_word' id='word_1_388' title='bbox 1611 775 1681 802; x_wconf 76' lang='lat' dir='ltr'><strong>pra:—</strong></span> 
     </span>
    </p>
   </div>
   <div class='ocr_carea' id='block_1_53' title="bbox 894 811 1678 847">
    <p class='ocr_par' dir='ltr' id='par_1_53' title="bbox 894 811 1678 847">
     <span class='ocr_line' id='line_1_53' title="bbox 894 811 1678 847; baseline 0.001 -9"><span class='ocrx_word' id='word_1_389' title='bbox 894 816 999 846; x_wconf 87' lang='lat' dir='ltr'><strong>ceplum</strong></span> <span class='ocrx_word' id='word_1_390' title='bbox 1011 820 1026 839; x_wconf 88' lang='lat' dir='ltr'><strong>a</strong></span> <span class='ocrx_word' id='word_1_391' title='bbox 1041 811 1095 839; x_wconf 90' lang='lat' dir='ltr'><strong>Deo</strong></span> <span class='ocrx_word' id='word_1_392' title='bbox 1108 812 1223 846; x_wconf 84' lang='lat' dir='ltr'><strong>accipit:</strong></span> <span class='ocrx_word' id='word_1_393' title='bbox 1235 812 1346 847; x_wconf 89' lang='lat' dir='ltr'><strong>jamque</strong></span> <span class='ocrx_word' id='word_1_394' title='bbox 1359 813 1421 840; x_wconf 90' lang='lat' dir='ltr'><strong>inde</strong></span> <span class='ocrx_word' id='word_1_395' title='bbox 1432 813 1543 839; x_wconf 86' lang='lat' dir='ltr'><strong>inchoat</strong></span> <span class='ocrx_word' id='word_1_396' title='bbox 1559 814 1678 846; x_wconf 83' lang='lat' dir='ltr'><strong>malum,</strong></span> 
     </span>
    </p>
   </div>
   <div class='ocr_carea' id='block_1_54' title="bbox 1396 857 1679 891">
    <p class='ocr_par' dir='ltr' id='par_1_54' title="bbox 1396 857 1679 891">
     <span class='ocr_line' id='line_1_54' title="bbox 1396 857 1679 891; baseline 0.007 -9"><span class='ocrx_word' id='word_1_397' title='bbox 1396 866 1402 883; x_wconf 92' lang='lat'><strong>:</strong></span> <span class='ocrx_word' id='word_1_398' title='bbox 1430 857 1538 891; x_wconf 86' lang='lat' dir='ltr'><strong>hocque</strong></span> <span class='ocrx_word' id='word_1_399' title='bbox 1552 861 1578 884; x_wconf 88' lang='lat' dir='ltr'><strong>et</strong></span> <span class='ocrx_word' id='word_1_400' title='bbox 1595 865 1679 885; x_wconf 90' lang='lat' dir='ltr'><strong>unum</strong></span> 
     </span>
    </p>
   </div>
   <div class='ocr_carea' id='block_1_55' title="bbox 893 902 1680 938">
    <p class='ocr_par' dir='ltr' id='par_1_55' title="bbox 893 902 1680 938">
     <span class='ocr_line' id='line_1_55' title="bbox 893 902 1680 938; baseline 0.003 -10"><span class='ocrx_word' id='word_1_401' title='bbox 893 903 994 929; x_wconf 86' lang='lat' dir='ltr'><strong>malum</strong></span> <span class='ocrx_word' id='word_1_402' title='bbox 1005 906 1073 935; x_wconf 85' lang='lat' dir='ltr'><strong>erat,</strong></span> <span class='ocrx_word' id='word_1_403' title='bbox 1090 902 1272 929; x_wconf 88' lang='lat' dir='ltr'><strong>inobedientia</strong></span> <span class='ocrx_word' id='word_1_404' title='bbox 1286 910 1346 937; x_wconf 71' lang='lat' dir='ltr'><strong>qua:</strong></span> <span class='ocrx_word' id='word_1_405' title='bbox 1361 906 1426 929; x_wconf 85' lang='lat' dir='ltr'><strong>tunc</strong></span> <span class='ocrx_word' id='word_1_406' title='bbox 1443 903 1553 938; x_wconf 88' lang='lat' dir='ltr'><strong>incepit.</strong></span> <span class='ocrx_word' id='word_1_407' title='bbox 1564 902 1603 930; x_wconf 87' lang='lat' dir='ltr'><strong>Ne</strong></span> <span class='ocrx_word' id='word_1_408' title='bbox 1618 904 1680 938; x_wconf 83' lang='lat' dir='ltr'><strong>quis</strong></span> 
     </span>
    </p>
   </div>
   <div class='ocr_carea' id='block_1_56' title="bbox 893 948 1680 983">
    <p class='ocr_par' dir='ltr' id='par_1_56' title="bbox 893 948 1680 983">
     <span class='ocr_line' id='line_1_56' title="bbox 893 948 1680 983; baseline 0.001 -9"><span class='ocrx_word' id='word_1_409' title='bbox 893 948 965 975; x_wconf 88' lang='lat' dir='ltr'><strong>enim</strong></span> <span class='ocrx_word' id='word_1_410' title='bbox 981 956 1039 974; x_wconf 85' lang='lat' dir='ltr'><strong>eam</strong></span> <span class='ocrx_word' id='word_1_411' title='bbox 1066 948 1163 978; x_wconf 72' lang='lat' dir='ltr'><strong>dixerit</strong></span> <span class='ocrx_word' id='word_1_412' title='bbox 1190 948 1349 982; x_wconf 77' lang='lat' dir='ltr'><strong>ingenitam,</strong></span> <span class='ocrx_word' id='word_1_413' title='bbox 1370 948 1460 983; x_wconf 79' lang='lat' dir='ltr'><strong>genito</strong></span> <span class='ocrx_word' id='word_1_414' title='bbox 1484 952 1511 975; x_wconf 88' lang='lat' dir='ltr'><strong>et</strong></span> <span class='ocrx_word' id='word_1_415' title='bbox 1535 953 1627 976; x_wconf 83' lang='lat' dir='ltr'><strong>creato</strong></span> <span class='ocrx_word' id='word_1_416' title='bbox 1649 957 1680 975; x_wconf 87' lang='lat' dir='ltr'><strong>eo</strong></span> 
     </span>
    </p>
   </div>
   <div class='ocr_carea' id='block_1_57' title="bbox 893 992 1680 1028">
    <p class='ocr_par' dir='ltr' id='par_1_57' title="bbox 893 992 1680 1028">
     <span class='ocr_line' id='line_1_57' title="bbox 893 992 1680 1028; baseline 0 -8"><span class='ocrx_word' id='word_1_417' title='bbox 893 994 940 1028; x_wconf 88' lang='lat' dir='ltr'><strong>qui</strong></span> <span class='ocrx_word' id='word_1_418' title='bbox 958 993 1031 1020; x_wconf 80' lang='lat' dir='ltr'><strong>fecit.</strong></span> <span class='ocrx_word' id='word_1_419' title='bbox 1048 992 1165 1020; x_wconf 89' lang='lat' dir='ltr'><strong>Prorsus</strong></span> <span class='ocrx_word' id='word_1_420' title='bbox 1189 1001 1254 1020; x_wconf 87' lang='lat' dir='ltr'><strong>vero</strong></span> <span class='ocrx_word' id='word_1_421' title='bbox 1278 1001 1395 1028; x_wconf 67' lang='lat' dir='ltr'><strong>qureres.</strong></span> <span class='ocrx_word' id='word_1_422' title='bbox 1424 993 1495 1020; x_wconf 87' lang='lat' dir='ltr'><strong>unde</strong></span> <span class='ocrx_word' id='word_1_423' title='bbox 1513 993 1571 1020; x_wconf 71' lang='lat' dir='ltr'><strong>haec</strong></span> <span class='ocrx_word' id='word_1_424' title='bbox 1587 994 1680 1021; x_wconf 88' lang='lat' dir='ltr'><strong>iuobe-</strong></span> 
     </span>
    </p>
   </div>
   <div class='ocr_carea' id='block_1_58' title="bbox 893 1038 1681 1074">
    <p class='ocr_par' dir='ltr' id='par_1_58' title="bbox 893 1038 1681 1074">
     <span class='ocr_line' id='line_1_58' title="bbox 893 1038 1681 1074; baseline -0.003 -7"><span class='ocrx_word' id='word_1_425' title='bbox 893 1039 1005 1067; x_wconf 86' lang='lat' dir='ltr'><strong>dieutia.</strong></span> <span class='ocrx_word' id='word_1_426' title='bbox 1030 1039 1174 1066; x_wconf 84' lang='lat' dir='ltr'><strong>Enimvero</strong></span> <span class='ocrx_word' id='word_1_427' title='bbox 1200 1039 1342 1074; x_wconf 86' lang='lat' dir='ltr'><strong>perspicue</strong></span> <span class='ocrx_word' id='word_1_428' title='bbox 1372 1039 1399 1066; x_wconf 91' lang='lat' dir='ltr'><strong>in</strong></span> <span class='ocrx_word' id='word_1_429' title='bbox 1422 1039 1512 1066; x_wconf 79' lang='lat' dir='ltr'><strong>divina</strong></span> <span class='ocrx_word' id='word_1_430' title='bbox 1540 1038 1681 1073; x_wconf 80' lang='lat' dir='ltr'><strong>Scriptura</strong></span> 
     </span>
    </p>
   </div>
   <div class='ocr_carea' id='block_1_59' title="bbox 893 1084 1681 1121">
    <p class='ocr_par' dir='ltr' id='par_1_59' title="bbox 893 1084 1681 1121">
     <span class='ocr_line' id='line_1_59' title="bbox 893 1084 1681 1121; baseline -0.001 -9"><span class='ocrx_word' id='word_1_431' title='bbox 893 1085 1011 1121; x_wconf 89' lang='lat' dir='ltr'><strong>positum</strong></span> <span class='ocrx_word' id='word_1_432' title='bbox 1025 1089 1077 1112; x_wconf 89' lang='lat' dir='ltr'><strong>est.</strong></span> <span class='ocrx_word' id='word_1_433' title='bbox 1102 1084 1191 1117; x_wconf 86' lang='lat' dir='ltr'><strong>Quare</strong></span> <span class='ocrx_word' id='word_1_434' title='bbox 1206 1085 1288 1112; x_wconf 82' lang='lat' dir='ltr'><strong>etiam</strong></span> <span class='ocrx_word' id='word_1_435' title='bbox 1304 1093 1372 1119; x_wconf 77' lang='lat' dir='ltr'><strong>nego</strong></span> <span class='ocrx_word' id='word_1_436' title='bbox 1397 1085 1478 1112; x_wconf 85' lang='lat' dir='ltr'><strong>talem</strong></span> <span class='ocrx_word' id='word_1_437' title='bbox 1494 1092 1509 1110; x_wconf 90' lang='lat' dir='ltr'><strong>a</strong></span> <span class='ocrx_word' id='word_1_438' title='bbox 1526 1084 1579 1111; x_wconf 89' lang='lat' dir='ltr'><strong>Deo</strong></span> <span class='ocrx_word' id='word_1_439' title='bbox 1596 1084 1681 1111; x_wconf 80' lang='lat' dir='ltr'><strong>fuisse</strong></span> 
     </span>
    </p>
   </div>
   <div class='ocr_carea' id='block_1_60' title="bbox 893 1130 1680 1165">
    <p class='ocr_par' dir='ltr' id='par_1_60' title="bbox 893 1130 1680 1165">
     <span class='ocr_line' id='line_1_60' title="bbox 893 1130 1680 1165; baseline -0.003 -6"><span class='ocrx_word' id='word_1_440' title='bbox 893 1136 1014 1159; x_wconf 88' lang='lat' dir='ltr'><strong>creatum</strong></span> <span class='ocrx_word' id='word_1_441' title='bbox 1043 1131 1180 1158; x_wconf 87' lang='lat' dir='ltr'><strong>hominem</strong></span> <span class='ocrx_word' id='word_1_442' title='bbox 1207 1140 1213 1158; x_wconf 93' lang='lat'>:</span> <span class='ocrx_word' id='word_1_443' title='bbox 1241 1130 1303 1158; x_wconf 89' lang='lat' dir='ltr'><strong>dico</strong></span> <span class='ocrx_word' id='word_1_444' title='bbox 1327 1138 1410 1164; x_wconf 84' lang='lat' dir='ltr'><strong>vero,</strong></span> <span class='ocrx_word' id='word_1_445' title='bbox 1430 1131 1458 1157; x_wconf 89' lang='lat' dir='ltr'><strong>id</strong></span> <span class='ocrx_word' id='word_1_446' title='bbox 1482 1130 1533 1165; x_wconf 89' lang='lat' dir='ltr'><strong>ipsi</strong></span> <span class='ocrx_word' id='word_1_447' title='bbox 1554 1130 1680 1157; x_wconf 81' lang='lat' dir='ltr'><strong>doctrina</strong></span> 
     </span>
    </p>
   </div>
   <div class='ocr_carea' id='block_1_61' title="bbox 893 1176 1681 1213">
    <p class='ocr_par' dir='ltr' id='par_1_61' title="bbox 893 1176 1681 1213">
     <span class='ocr_line' id='line_1_61' title="bbox 893 1176 1681 1213; baseline -0.004 -8"><span class='ocrx_word' id='word_1_448' title='bbox 893 1178 1010 1213; x_wconf 86' lang='lat' dir='ltr'><strong>quadam</strong></span> <span class='ocrx_word' id='word_1_449' title='bbox 1037 1177 1182 1205; x_wconf 76' lang='lat' dir='ltr'><strong>aceidisse.</strong></span> <span class='ocrx_word' id='word_1_450' title='bbox 1197 1176 1256 1203; x_wconf 89' lang='lat' dir='ltr'><strong>Non</strong></span> <span class='ocrx_word' id='word_1_451' title='bbox 1279 1177 1350 1204; x_wconf 88' lang='lat' dir='ltr'><strong>enim</strong></span> <span class='ocrx_word' id='word_1_452' title='bbox 1372 1176 1454 1204; x_wconf 89' lang='lat' dir='ltr'><strong>homo</strong></span> <span class='ocrx_word' id='word_1_453' title='bbox 1481 1181 1623 1211; x_wconf 75' lang='lat' dir='ltr'><strong>acceperat</strong></span> <span class='ocrx_word' id='word_1_454' title='bbox 1640 1181 1681 1203; x_wconf 82' lang='lat' dir='ltr'><strong>ta—</strong></span> 
     </span>
    </p>
   </div>
   <div class='ocr_carea' id='block_1_62' title="bbox 894 1220 1681 1257">
    <p class='ocr_par' dir='ltr' id='par_1_62' title="bbox 894 1220 1681 1257">
     <span class='ocr_line' id='line_1_62' title="bbox 894 1220 1681 1257; baseline 0 -9"><span class='ocrx_word' id='word_1_455' title='bbox 894 1222 944 1250; x_wconf 85' lang='lat' dir='ltr'><strong>lem</strong></span> <span class='ocrx_word' id='word_1_456' title='bbox 971 1226 1107 1249; x_wconf 84' lang='lat' dir='ltr'><strong>naturam.</strong></span> <span class='ocrx_word' id='word_1_457' title='bbox 1136 1220 1204 1248; x_wconf 88' lang='lat' dir='ltr'><strong>Nam</strong></span> <span class='ocrx_word' id='word_1_458' title='bbox 1230 1221 1283 1249; x_wconf 87' lang='lat' dir='ltr'><strong>hoc</strong></span> <span class='ocrx_word' id='word_1_459' title='bbox 1310 1221 1409 1257; x_wconf 90' lang='lat' dir='ltr'><strong>posito,</strong></span> <span class='ocrx_word' id='word_1_460' title='bbox 1435 1221 1494 1256; x_wconf 83' lang='lat' dir='ltr'><strong>ipsa</strong></span> <span class='ocrx_word' id='word_1_461' title='bbox 1517 1224 1613 1247; x_wconf 82' lang='lat' dir='ltr'><strong>natura</strong></span> <span class='ocrx_word' id='word_1_462' title='bbox 1640 1221 1681 1248; x_wconf 88' lang='lat' dir='ltr'><strong>sic</strong></span> 
     </span>
    </p>
   </div>
   <div class='ocr_carea' id='block_1_63' title="bbox 894 1266 1681 1302">
    <p class='ocr_par' dir='ltr' id='par_1_63' title="bbox 894 1266 1681 1302">
     <span class='ocr_line' id='line_1_63' title="bbox 894 1266 1681 1302; baseline -0.001 -8"><span class='ocrx_word' id='word_1_463' title='bbox 894 1272 1075 1302; x_wconf 83' lang='lat' dir='ltr'><strong>comparata,</strong></span> <span class='ocrx_word' id='word_1_464' title='bbox 1107 1267 1317 1302; x_wconf 84' lang='lat' dir='ltr'><strong>haudquaquam</strong></span> <span class='ocrx_word' id='word_1_465' title='bbox 1349 1267 1516 1302; x_wconf 84' lang='lat' dir='ltr'><strong>oportuisset</strong></span> <span class='ocrx_word' id='word_1_466' title='bbox 1541 1266 1607 1294; x_wconf 91' lang='lat' dir='ltr'><strong>illud</strong></span> <span class='ocrx_word' id='word_1_467' title='bbox 1632 1274 1681 1301; x_wconf 80' lang='lat' dir='ltr'><strong>per</strong></span> 
     </span>
    </p>
   </div>
   <div class='ocr_carea' id='block_1_64' title="bbox 894 1312 1679 1348">
    <p class='ocr_par' dir='ltr' id='par_1_64' title="bbox 894 1312 1679 1348">
     <span class='ocr_line' id='line_1_64' title="bbox 894 1312 1679 1348; baseline -0.003 -8"><span class='ocrx_word' id='word_1_468' title='bbox 894 1313 1045 1340; x_wconf 86' lang='lat' dir='ltr'><strong>doctrinam</strong></span> <span class='ocrx_word' id='word_1_469' title='bbox 1073 1313 1210 1341; x_wconf 81' lang='lat' dir='ltr'><strong>accedere.</strong></span> <span class='ocrx_word' id='word_1_470' title='bbox 1232 1312 1318 1340; x_wconf 85' lang='lat' dir='ltr'><strong>Porro</strong></span> <span class='ocrx_word' id='word_1_471' title='bbox 1343 1317 1384 1340; x_wconf 90' lang='lat' dir='ltr'><strong>est</strong></span> <span class='ocrx_word' id='word_1_472' title='bbox 1413 1313 1459 1348; x_wconf 88' lang='lat' dir='ltr'><strong>qui</strong></span> <span class='ocrx_word' id='word_1_473' title='bbox 1479 1320 1545 1340; x_wconf 90' lang='lat' dir='ltr'><strong>voce</strong></span> <span class='ocrx_word' id='word_1_474' title='bbox 1571 1312 1679 1342; x_wconf 84' lang='lat' dir='ltr'><strong>divina.</strong></span> 
     </span>
    </p>
   </div>
   <div class='ocr_carea' id='block_1_65' title="bbox 893 1359 1681 1391">
    <p class='ocr_par' dir='ltr' id='par_1_65' title="bbox 893 1359 1681 1391">
     <span class='ocr_line' id='line_1_65' title="bbox 893 1359 1681 1391; baseline 0 -6"><span class='ocrx_word' id='word_1_475' title='bbox 893 1366 926 1386; x_wconf 86' lang='lat' dir='ltr'><strong>ac</strong></span> <span class='ocrx_word' id='word_1_476' title='bbox 942 1366 991 1385; x_wconf 88' lang='lat' dir='ltr'><strong>ceu</strong></span> <span class='ocrx_word' id='word_1_477' title='bbox 1007 1366 1039 1385; x_wconf 80' lang='lat' dir='ltr'><strong>ex</strong></span> <span class='ocrx_word' id='word_1_478' title='bbox 1059 1359 1185 1391; x_wconf 86' lang='lat' dir='ltr'><strong>oraculo,</strong></span> <span class='ocrx_word' id='word_1_479' title='bbox 1212 1359 1348 1386; x_wconf 88' lang='lat' dir='ltr'><strong>hominem</strong></span> <span class='ocrx_word' id='word_1_480' title='bbox 1373 1359 1445 1386; x_wconf 82' lang='lat' dir='ltr'><strong>mala</strong></span> <span class='ocrx_word' id='word_1_481' title='bbox 1467 1359 1591 1386; x_wconf 64' lang='lat' dir='ltr'><strong>didicisxe</strong></span> <span class='ocrx_word' id='word_1_482' title='bbox 1612 1359 1622 1372; x_wconf 67' lang='grc' dir='ltr'>θ’</span> <span class='ocrx_word' id='word_1_483' title='bbox 1639 1359 1681 1385; x_wconf 91' lang='lat' dir='ltr'><strong>di-</strong></span> 
     </span>
    </p>
   </div>
   <div class='ocr_carea' id='block_1_66' title="bbox 894 1400 1681 1438">
    <p class='ocr_par' dir='ltr' id='par_1_66' title="bbox 894 1400 1681 1438">
     <span class='ocr_line' id='line_1_66' title="bbox 894 1400 1681 1438; baseline -0.004 -8"><span class='ocrx_word' id='word_1_484' title='bbox 894 1407 947 1430; x_wconf 90' lang='lat' dir='ltr'><strong>cat.</strong></span> <span class='ocrx_word' id='word_1_485' title='bbox 973 1402 1039 1429; x_wconf 87' lang='lat' dir='ltr'><strong>Dico</strong></span> <span class='ocrx_word' id='word_1_486' title='bbox 1065 1411 1129 1438; x_wconf 84' lang='lat' dir='ltr'><strong>ergo</strong></span> <span class='ocrx_word' id='word_1_487' title='bbox 1155 1403 1284 1430; x_wconf 86' lang='lat' dir='ltr'><strong>didicisse</strong></span> <span class='ocrx_word' id='word_1_488' title='bbox 1311 1411 1366 1430; x_wconf 90' lang='lat' dir='ltr'><strong>non</strong></span> <span class='ocrx_word' id='word_1_489' title='bbox 1394 1402 1505 1430; x_wconf 88' lang='lat' dir='ltr'><strong>obedire</strong></span> <span class='ocrx_word' id='word_1_490' title='bbox 1533 1402 1598 1429; x_wconf 87' lang='lat' dir='ltr'><strong>Deo.</strong></span> <span class='ocrx_word' id='word_1_491' title='bbox 1624 1400 1681 1428; x_wconf 86' lang='lat' dir='ltr'><strong>lioc</strong></span> 
     </span>
    </p>
   </div>
   <div class='ocr_carea' id='block_1_67' title="bbox 893 1445 1683 1482">
    <p class='ocr_par' dir='ltr' id='par_1_67' title="bbox 893 1445 1683 1482">
     <span class='ocr_line' id='line_1_67' title="bbox 893 1445 1683 1482; baseline -0.005 -6"><span class='ocrx_word' id='word_1_492' title='bbox 893 1450 966 1476; x_wconf 84' lang='lat' dir='ltr'><strong>enim</strong></span> <span class='ocrx_word' id='word_1_493' title='bbox 993 1452 1020 1475; x_wconf 87' lang='lat' dir='ltr'><strong>et</strong></span> <span class='ocrx_word' id='word_1_494' title='bbox 1039 1448 1126 1475; x_wconf 87' lang='lat' dir='ltr'><strong>solum</strong></span> <span class='ocrx_word' id='word_1_495' title='bbox 1138 1452 1180 1475; x_wconf 89' lang='lat' dir='ltr'><strong>est</strong></span> <span class='ocrx_word' id='word_1_496' title='bbox 1190 1448 1289 1474; x_wconf 88' lang='lat' dir='ltr'><strong>malum</strong></span> <span class='ocrx_word' id='word_1_497' title='bbox 1299 1447 1382 1480; x_wconf 89' lang='lat' dir='ltr'><strong>illud,</strong></span> <span class='ocrx_word' id='word_1_498' title='bbox 1397 1447 1468 1482; x_wconf 92' lang='lat' dir='ltr'><strong>quod</strong></span> <span class='ocrx_word' id='word_1_499' title='bbox 1479 1447 1506 1474; x_wconf 86' lang='lat' dir='ltr'><strong>[it</strong></span> <span class='ocrx_word' id='word_1_500' title='bbox 1517 1451 1615 1482; x_wconf 74' lang='lat' dir='ltr'><strong>prrcter</strong></span> <span class='ocrx_word' id='word_1_501' title='bbox 1640 1445 1683 1472; x_wconf 82' lang='lat' dir='ltr'><strong>di-</strong></span> 
     </span>
    </p>
   </div>
   <div class='ocr_carea' id='block_1_68' title="bbox 894 1492 1682 1524">
    <p class='ocr_par' dir='ltr' id='par_1_68' title="bbox 894 1492 1682 1524">
     <span class='ocr_line' id='line_1_68' title="bbox 894 1492 1682 1524; baseline -0.006 -1"><span class='ocrx_word' id='word_1_502' title='bbox 894 1495 986 1523; x_wconf 81' lang='lat' dir='ltr'><strong>vinam</strong></span> <span class='ocrx_word' id='word_1_503' title='bbox 1010 1494 1176 1521; x_wconf 85' lang='lat' dir='ltr'><strong>voluntatem</strong></span> <span class='ocrx_word' id='word_1_504' title='bbox 1195 1502 1201 1519; x_wconf 91' lang='lat'>:</span> <span class='ocrx_word' id='word_1_505' title='bbox 1228 1501 1281 1521; x_wconf 94' lang='lat' dir='ltr'><strong>non</strong></span> <span class='ocrx_word' id='word_1_506' title='bbox 1299 1494 1371 1521; x_wconf 91' lang='lat' dir='ltr'><strong>enim</strong></span> <span class='ocrx_word' id='word_1_507' title='bbox 1391 1493 1491 1524; x_wconf 82' lang='lat' dir='ltr'><strong>homo,</strong></span> <span class='ocrx_word' id='word_1_508' title='bbox 1512 1493 1613 1519; x_wconf 86' lang='lat' dir='ltr'><strong>malum</strong></span> <span class='ocrx_word' id='word_1_509' title='bbox 1634 1492 1682 1518; x_wconf 89' lang='lat' dir='ltr'><strong>ad-</strong></span> 
     </span>
    </p>
   </div>
   <div class='ocr_carea' id='block_1_69' title="bbox 895 1537 1681 1574">
    <p class='ocr_par' dir='ltr' id='par_1_69' title="bbox 895 1537 1681 1574">
     <span class='ocr_line' id='line_1_69' title="bbox 895 1537 1681 1574; baseline -0.006 -6"><span class='ocrx_word' id='word_1_510' title='bbox 895 1541 976 1568; x_wconf 90' lang='lat' dir='ltr'><strong>discit</strong></span> <span class='ocrx_word' id='word_1_511' title='bbox 995 1539 1144 1567; x_wconf 86' lang='lat' dir='ltr'><strong>secundum</strong></span> <span class='ocrx_word' id='word_1_512' title='bbox 1164 1546 1202 1566; x_wconf 88' lang='lat' dir='ltr'><strong>se.</strong></span> <span class='ocrx_word' id='word_1_513' title='bbox 1223 1538 1274 1572; x_wconf 86' lang='lat' dir='ltr'><strong>Qui</strong></span> <span class='ocrx_word' id='word_1_514' title='bbox 1289 1546 1355 1574; x_wconf 83' lang='lat' dir='ltr'><strong>ergo</strong></span> <span class='ocrx_word' id='word_1_515' title='bbox 1371 1538 1472 1565; x_wconf 85' lang='lat' dir='ltr'><strong>malum</strong></span> <span class='ocrx_word' id='word_1_516' title='bbox 1491 1538 1580 1569; x_wconf 84' lang='lat' dir='ltr'><strong>docet,</strong></span> <span class='ocrx_word' id='word_1_517' title='bbox 1597 1537 1681 1564; x_wconf 79' lang='lat' dir='ltr'><strong>drato</strong></span> 
     </span>
    </p>
   </div>
   <div class='ocr_carea' id='block_1_70' title="bbox 896 1589 1016 1619">
    <p class='ocr_par' dir='ltr' id='par_1_70' title="bbox 896 1589 1016 1619">
     <span class='ocr_line' id='line_1_70' title="bbox 896 1589 1016 1619; baseline -0.008 -5"><span class='ocrx_word' id='word_1_518' title='bbox 896 1590 949 1619; x_wconf 88' lang='lat' dir='ltr'><strong>est,</strong></span> <span class='ocrx_word' id='word_1_519' title='bbox 962 1589 1016 1614; x_wconf 88' lang='lat' dir='ltr'><strong>etc.</strong></span> 
     </span>
    </p>
   </div>
   <div class='ocr_carea' id='block_1_71' title="bbox 1148 1670 1434 1706">
    <p class='ocr_par' dir='ltr' id='par_1_71' title="bbox 1148 1670 1434 1706">
     <span class='ocr_line' id='line_1_71' title="bbox 1148 1670 1434 1706; baseline 0 -8"><span class='ocrx_word' id='word_1_520' title='bbox 1148 1671 1271 1706; x_wconf 80' lang='lat' dir='ltr'><strong>Ejusdem</strong></span> <span class='ocrx_word' id='word_1_521' title='bbox 1296 1670 1434 1698; x_wconf 65' lang='lat' dir='ltr'><strong>Met/rodit“.</strong></span> 
     </span>
    </p>
   </div>
   <div class='ocr_carea' id='block_1_72' title="bbox 552 1717 1172 1758">
    <p class='ocr_par' dir='ltr' id='par_1_72' title="bbox 552 1717 1172 1758">
     <span class='ocr_line' id='line_1_72' title="bbox 552 1717 1172 1758; baseline -0.008 -9"><span class='ocrx_word' id='word_1_522' title='bbox 552 1723 605 1758; x_wconf 73' lang='lat' dir='ltr'><strong>(Ea:</strong></span> <span class='ocrx_word' id='word_1_523' title='bbox 620 1722 704 1750; x_wconf 86' lang='lat' dir='ltr'><strong>Elem.</strong></span> <span class='ocrx_word' id='word_1_524' title='bbox 719 1722 844 1750; x_wconf 78' lang='lat' dir='ltr'><strong>Damasc.</strong></span> <span class='ocrx_word' id='word_1_525' title='bbox 855 1723 934 1750; x_wconf 80' lang='lat' dir='ltr'><strong>entin.</strong></span> <span class='ocrx_word' id='word_1_526' title='bbox 949 1718 1023 1748; x_wconf 74' lang='grc' dir='ltr'>εἶπά.</span> <span class='ocrx_word' id='word_1_527' title='bbox 1038 1717 1172 1755; x_wconf 77' lang='lat' dir='ltr'><strong>Rupifuc.)</strong></span> 
     </span>
    </p>
   </div>
   <div class='ocr_carea' id='block_1_73' title="bbox 83 1766 841 1804">
    <p class='ocr_par' dir='ltr' id='par_1_73' title="bbox 83 1766 841 1804">
     <span class='ocr_line' id='line_1_73' title="bbox 83 1766 841 1804; baseline 0.001 -10"><span class='ocrx_word' id='word_1_528' title='bbox 83 1769 138 1804; x_wconf 77' lang='grc' dir='ltr'><strong>Τὴν</strong></span> <span class='ocrx_word' id='word_1_529' title='bbox 155 1768 208 1804; x_wconf 84' lang='grc' dir='ltr'>μὲν</span> <span class='ocrx_word' id='word_1_530' title='bbox 232 1766 282 1795; x_wconf 75' lang='grc' dir='ltr'><strong>οὖν</strong></span> <span class='ocrx_word' id='word_1_531' title='bbox 302 1768 389 1804; x_wconf 78' lang='grc' dir='ltr'>ἀρχὴν</span> <span class='ocrx_word' id='word_1_532' title='bbox 408 1768 453 1795; x_wconf 74' lang='grc' dir='ltr'>τοῦ</span> <span class='ocrx_word' id='word_1_533' title='bbox 472 1769 558 1796; x_wconf 82' lang='grc' dir='ltr'>κακοῦ</span> <span class='ocrx_word' id='word_1_534' title='bbox 579 1769 625 1796; x_wconf 81' lang='grc' dir='ltr'>τὸν</span> <span class='ocrx_word' id='word_1_535' title='bbox 648 1769 743 1804; x_wconf 78' lang='grc' dir='ltr'>φθόνον</span> <span class='ocrx_word' id='word_1_536' title='bbox 765 1766 841 1795; x_wconf 78' lang='grc' dir='ltr'>εἶπον</span> 
     </span>
    </p>
   </div>
   <div class='ocr_carea' id='block_1_74' title="bbox 53 1813 843 1850">
    <p class='ocr_par' dir='ltr' id='par_1_74' title="bbox 53 1813 843 1850">
     <span class='ocr_line' id='line_1_74' title="bbox 53 1813 843 1850; baseline 0 -10"><span class='ocrx_word' id='word_1_537' title='bbox 53 1813 150 1848; x_wconf 66' lang='grc' dir='ltr'><strong>ἔγωγε·</strong></span> <span class='ocrx_word' id='word_1_538' title='bbox 168 1814 219 1840; x_wconf 82' lang='grc' dir='ltr'>τὸν</span> <span class='ocrx_word' id='word_1_539' title='bbox 239 1813 269 1840; x_wconf 78' lang='grc' dir='ltr'>δὲ</span> <span class='ocrx_word' id='word_1_540' title='bbox 287 1813 384 1847; x_wconf 83' lang='grc' dir='ltr'>φθόνον</span> <span class='ocrx_word' id='word_1_541' title='bbox 410 1814 442 1839; x_wconf 83' lang='grc' dir='ltr'>ὲκ</span> <span class='ocrx_word' id='word_1_542' title='bbox 463 1814 510 1840; x_wconf 75' lang='grc' dir='ltr'><strong>τοῦ</strong></span> <span class='ocrx_word' id='word_1_543' title='bbox 527 1815 660 1850; x_wconf 83' lang='grc' dir='ltr'>κρείττονι</span> <span class='ocrx_word' id='word_1_544' title='bbox 683 1816 749 1850; x_wconf 87' lang='grc' dir='ltr'>τιμῇ</span> <span class='ocrx_word' id='word_1_545' title='bbox 779 1823 843 1841; x_wconf 84' lang='grc' dir='ltr'>κατ-</span> 
     </span>
    </p>
   </div>
   <div class='ocr_carea' id='block_1_75' title="bbox 53 1858 844 1896">
    <p class='ocr_par' dir='ltr' id='par_1_75' title="bbox 53 1858 844 1896">
     <span class='ocr_line' id='line_1_75' title="bbox 53 1858 844 1896; baseline 0 -10"><span class='ocrx_word' id='word_1_546' title='bbox 53 1859 180 1895; x_wconf 74' lang='grc' dir='ltr'>ηξιῶσθαι</span> <span class='ocrx_word' id='word_1_547' title='bbox 186 1860 236 1887; x_wconf 80' lang='grc' dir='ltr'>τὸν</span> <span class='ocrx_word' id='word_1_548' title='bbox 251 1858 396 1893; x_wconf 83' lang='grc' dir='ltr'>ἄνθρωπον</span> <span class='ocrx_word' id='word_1_549' title='bbox 411 1860 478 1895; x_wconf 80' lang='grc' dir='ltr'>πρὸς</span> <span class='ocrx_word' id='word_1_550' title='bbox 485 1860 532 1887; x_wconf 83' lang='grc' dir='ltr'>τοῦ</span> <span class='ocrx_word' id='word_1_551' title='bbox 538 1860 620 1887; x_wconf 84' lang='grc' dir='ltr'>Θεοῦ·</span> <span class='ocrx_word' id='word_1_552' title='bbox 633 1861 664 1887; x_wconf 80' lang='grc' dir='ltr'>τὸ</span> <span class='ocrx_word' id='word_1_553' title='bbox 677 1861 705 1888; x_wconf 78' lang='grc' dir='ltr'>δὲ</span> <span class='ocrx_word' id='word_1_554' title='bbox 717 1860 810 1893; x_wconf 81' lang='grc' dir='ltr'>κακὸν,</span> <span class='ocrx_word' id='word_1_555' title='bbox 827 1861 844 1896; x_wconf 85' lang='grc' dir='ltr'>ἡ</span> 
     </span>
    </p>
   </div>
   <div class='ocr_carea' id='block_1_76' title="bbox 55 1904 526 1942">
    <p class='ocr_par' dir='ltr' id='par_1_76' title="bbox 55 1904 526 1942">
     <span class='ocr_line' id='line_1_76' title="bbox 55 1904 526 1942; baseline 0.002 -11"><span class='ocrx_word' id='word_1_556' title='bbox 55 1906 175 1941; x_wconf 78' lang='grc' dir='ltr'>παρακοὴ</span> <span class='ocrx_word' id='word_1_557' title='bbox 191 1906 246 1941; x_wconf 83' lang='grc' dir='ltr'><strong>τῆς</strong></span> <span class='ocrx_word' id='word_1_558' title='bbox 261 1905 309 1931; x_wconf 82' lang='grc' dir='ltr'>τοῦ</span> <span class='ocrx_word' id='word_1_559' title='bbox 325 1904 394 1931; x_wconf 82' lang='grc' dir='ltr'>Θεοῦ</span> <span class='ocrx_word' id='word_1_560' title='bbox 408 1906 526 1942; x_wconf 74' lang='grc' dir='ltr'>ἐντολῆς.</span> 
     </span>
    </p>
   </div>
   <div class='ocr_carea' id='block_1_77' title="bbox 88 1954 359 1996">
    <p class='ocr_par' dir='ltr' id='par_1_77' title="bbox 88 1954 359 1996">
     <span class='ocr_line' id='line_1_77' title="bbox 88 1954 359 1996; baseline -0.007 -5"><span class='ocrx_word' id='word_1_561' title='bbox 88 1964 99 1980; x_wconf 85' lang='grc'><strong>⁸</strong></span> <span class='ocrx_word' id='word_1_562' title='bbox 110 1954 213 1991; x_wconf 56' lang='lat' dir='ltr'><strong>darem.</strong></span> <span class='ocrx_word' id='word_1_563' title='bbox 231 1969 297 1996; x_wconf 84' lang='lat' dir='ltr'><strong>mi,</strong></span> <span class='ocrx_word' id='word_1_564' title='bbox 309 1961 359 1989; x_wconf 69' lang='grc'><strong>25.</strong></span> 
     </span>
    </p>
   </div>
   <div class='ocr_carea' id='block_1_78' title="bbox 61 2022 1105 2040">
    <p class='ocr_par' dir='ltr' id='par_1_78' title="bbox 61 2022 1105 2040">
     <span class='ocr_line' id='line_1_78' title="bbox 61 2022 1105 2040; baseline 0 0"><span class='ocrx_word' id='word_1_565' title='bbox 61 2022 1105 2040; x_wconf 70' lang='lat' dir='ltr'><strong>u—v—-—-—-———-&#39;—_—“—_——-</strong></span> 
     </span>
    </p>
   </div>
   <div class='ocr_carea' id='block_1_79' title="bbox 932 1760 1681 1798">
    <p class='ocr_par' dir='ltr' id='par_1_79' title="bbox 932 1760 1681 1798">
     <span class='ocr_line' id='line_1_79' title="bbox 932 1760 1681 1798; baseline -0.011 -3"><span class='ocrx_word' id='word_1_566' title='bbox 932 1767 1001 1794; x_wconf 87' lang='lat' dir='ltr'><strong>Sane</strong></span> <span class='ocrx_word' id='word_1_567' title='bbox 1029 1774 1110 1798; x_wconf 85' lang='lat' dir='ltr'><strong>vero,</strong></span> <span class='ocrx_word' id='word_1_568' title='bbox 1135 1763 1197 1791; x_wconf 88' lang='lat' dir='ltr'><strong>mali</strong></span> <span class='ocrx_word' id='word_1_569' title='bbox 1215 1761 1388 1798; x_wconf 89' lang='lat' dir='ltr'><strong>principium,</strong></span> <span class='ocrx_word' id='word_1_570' title='bbox 1406 1761 1521 1789; x_wconf 84' lang='lat' dir='ltr'><strong>dixerim</strong></span> <span class='ocrx_word' id='word_1_571' title='bbox 1537 1768 1587 1795; x_wconf 73' lang='lat' dir='ltr'><strong>ego</strong></span> <span class='ocrx_word' id='word_1_572' title='bbox 1611 1760 1681 1788; x_wconf 86' lang='lat' dir='ltr'><strong>invi-</strong></span> 
     </span>
    </p>
   </div>
   <div class='ocr_carea' id='block_1_80' title="bbox 896 1807 1683 1843">
    <p class='ocr_par' dir='ltr' id='par_1_80' title="bbox 896 1807 1683 1843">
     <span class='ocr_line' id='line_1_80' title="bbox 896 1807 1683 1843; baseline -0.01 -2"><span class='ocrx_word' id='word_1_573' title='bbox 896 1814 969 1841; x_wconf 84' lang='lat' dir='ltr'><strong>diam</strong></span> <span class='ocrx_word' id='word_1_574' title='bbox 988 1822 994 1840; x_wconf 93' lang='lat'>:</span> <span class='ocrx_word' id='word_1_575' title='bbox 1013 1812 1074 1839; x_wconf 89' lang='lat' dir='ltr'><strong>inde</strong></span> <span class='ocrx_word' id='word_1_576' title='bbox 1091 1817 1154 1837; x_wconf 89' lang='lat' dir='ltr'><strong>vero</strong></span> <span class='ocrx_word' id='word_1_577' title='bbox 1168 1812 1256 1835; x_wconf 86' lang='lat' dir='ltr'><strong>ortam</strong></span> <span class='ocrx_word' id='word_1_578' title='bbox 1281 1808 1365 1840; x_wconf 86' lang='lat' dir='ltr'><strong>illam,</strong></span> <span class='ocrx_word' id='word_1_579' title='bbox 1383 1807 1455 1843; x_wconf 89' lang='lat' dir='ltr'><strong>quod</strong></span> <span class='ocrx_word' id='word_1_580' title='bbox 1470 1807 1552 1834; x_wconf 89' lang='lat' dir='ltr'><strong>homo</strong></span> <span class='ocrx_word' id='word_1_581' title='bbox 1568 1807 1683 1841; x_wconf 89' lang='lat' dir='ltr'><strong>potiori-</strong></span> 
     </span>
    </p>
   </div>
   <div class='ocr_carea' id='block_1_81' title="bbox 897 1851 1680 1886">
    <p class='ocr_par' dir='ltr' id='par_1_81' title="bbox 897 1851 1680 1886">
     <span class='ocr_line' id='line_1_81' title="bbox 897 1851 1680 1886; baseline -0.01 0"><span class='ocrx_word' id='word_1_582' title='bbox 897 1860 949 1886; x_wconf 90' lang='lat' dir='ltr'><strong>bus</strong></span> <span class='ocrx_word' id='word_1_583' title='bbox 967 1857 1114 1884; x_wconf 89' lang='lat' dir='ltr'><strong>honoribus</strong></span> <span class='ocrx_word' id='word_1_584' title='bbox 1129 1862 1144 1881; x_wconf 89' lang='lat' dir='ltr'><strong>a</strong></span> <span class='ocrx_word' id='word_1_585' title='bbox 1161 1853 1216 1882; x_wconf 83' lang='lat' dir='ltr'><strong>Deo</strong></span> <span class='ocrx_word' id='word_1_586' title='bbox 1239 1853 1335 1881; x_wconf 80' lang='lat' dir='ltr'><strong>fuisset</strong></span> <span class='ocrx_word' id='word_1_587' title='bbox 1349 1857 1456 1881; x_wconf 83' lang='lat' dir='ltr'><strong>auctus.</strong></span> <span class='ocrx_word' id='word_1_588' title='bbox 1470 1851 1556 1879; x_wconf 89' lang='lat' dir='ltr'><strong>Porro</strong></span> <span class='ocrx_word' id='word_1_589' title='bbox 1567 1852 1680 1884; x_wconf 87' lang='lat' dir='ltr'><strong>malum,</strong></span> 
     </span>
    </p>
   </div>
   <div class='ocr_carea' id='block_1_82' title="bbox 898 1899 1374 1932">
    <p class='ocr_par' dir='ltr' id='par_1_82' title="bbox 898 1899 1374 1932">
     <span class='ocr_line' id='line_1_82' title="bbox 898 1899 1374 1932; baseline -0.008 0"><span class='ocrx_word' id='word_1_590' title='bbox 898 1904 1080 1932; x_wconf 87' lang='lat' dir='ltr'><strong>inobedicntia</strong></span> <span class='ocrx_word' id='word_1_591' title='bbox 1095 1906 1137 1929; x_wconf 87' lang='lat' dir='ltr'><strong>est</strong></span> <span class='ocrx_word' id='word_1_592' title='bbox 1149 1900 1233 1928; x_wconf 82' lang='lat' dir='ltr'><strong>divini</strong></span> <span class='ocrx_word' id='word_1_593' title='bbox 1243 1899 1374 1928; x_wconf 85' lang='lat' dir='ltr'><strong>mandati.</strong></span> 
     </span>
    </p>
   </div>
   <div class='ocr_carea' id='block_1_83' title="bbox 258 2075 1469 2134">
    <p class='ocr_par' dir='ltr' id='par_1_83' title="bbox 258 2075 1469 2134">
     <span class='ocr_line' id='line_1_83' title="bbox 258 2075 1469 2134; baseline -0.009 -1"><span class='ocrx_word' id='word_1_594' title='bbox 258 2085 561 2134; x_wconf 83' lang='grc' dir='ltr'><strong>ΜΕΘΟΔΙΟΥ</strong></span> <span class='ocrx_word' id='word_1_595' title='bbox 596 2085 672 2128; x_wconf 86' lang='grc' dir='ltr'>ΕΚ</span> <span class='ocrx_word' id='word_1_596' title='bbox 701 2081 815 2126; x_wconf 90' lang='grc' dir='ltr'><strong>ΤΟΥ</strong></span> <span class='ocrx_word' id='word_1_597' title='bbox 845 2082 974 2125; x_wconf 92' lang='grc' dir='ltr'><strong>ΠΕΡΙ</strong></span> <span class='ocrx_word' id='word_1_598' title='bbox 1013 2079 1364 2122; x_wconf 87' lang='grc' dir='ltr'><strong>ΑΝΑΣΤΑΣΕΩΣ</strong></span> <span class='ocrx_word' id='word_1_599' title='bbox 1385 2075 1469 2122; x_wconf 54' lang='grc'><strong>(⁸⁵).</strong></span> 
     </span>
    </p>
   </div>
   <div class='ocr_carea' id='block_1_84' title="bbox 689 2208 1050 2268">
    <p class='ocr_par' dir='ltr' id='par_1_84' title="bbox 689 2208 1050 2268">
     <span class='ocr_line' id='line_1_84' title="bbox 689 2208 1050 2268; baseline -0.011 0"><span class='ocrx_word' id='word_1_600' title='bbox 689 2208 1050 2268; x_wconf 87' lang='lat' dir='ltr'><strong>METHODII</strong></span> 
     </span>
    </p>
   </div>
   <div class='ocr_carea' id='block_1_85' title="bbox 383 2316 1360 2372">
    <p class='ocr_par' dir='ltr' id='par_1_85' title="bbox 383 2316 1360 2372">
     <span class='ocr_line' id='line_1_85' title="bbox 383 2316 1360 2372; baseline -0.009 -1"><span class='ocrx_word' id='word_1_601' title='bbox 383 2328 465 2372; x_wconf 83' lang='lat' dir='ltr'><strong>EX</strong></span> <span class='ocrx_word' id='word_1_602' title='bbox 499 2323 684 2370; x_wconf 85' lang='lat' dir='ltr'>LIBRO</span> <span class='ocrx_word' id='word_1_603' title='bbox 721 2323 796 2368; x_wconf 87' lang='lat' dir='ltr'><strong>DE</strong></span> <span class='ocrx_word' id='word_1_604' title='bbox 836 2316 1360 2366; x_wconf 82' lang='lat' dir='ltr'><strong>RESURRECTIONE.</strong></span> 
     </span>
    </p>
   </div>
   <div class='ocr_carea' id='block_1_86' title="bbox 93 2447 842 2498">
    <p class='ocr_par' dir='ltr' id='par_1_86' title="bbox 93 2457 842 2498">
     <span class='ocr_line' id='line_1_86' title="bbox 93 2457 842 2498; baseline -0.013 -5"><span class='ocrx_word' id='word_1_605' title='bbox 93 2467 130 2493; x_wconf 62' lang='grc' dir='ltr'><strong>Μ.</strong></span> <span class='ocrx_word' id='word_1_606' title='bbox 151 2465 210 2493; x_wconf 72' lang='grc' dir='ltr'>Οὐκ</span> <span class='ocrx_word' id='word_1_607' title='bbox 225 2463 344 2498; x_wconf 69' lang='grc' dir='ltr'>ἐποίησε</span> <span class='ocrx_word' id='word_1_608' title='bbox 360 2459 414 2497; x_wconf 72' lang='grc'><strong>(46)</strong></span> <span class='ocrx_word' id='word_1_609' title='bbox 432 2459 516 2486; x_wconf 81' lang='grc' dir='ltr'>κακὸν</span> <span class='ocrx_word' id='word_1_610' title='bbox 532 2459 546 2485; x_wconf 89' lang='lat'><strong>6</strong></span> <span class='ocrx_word' id='word_1_611' title='bbox 566 2459 632 2490; x_wconf 85' lang='grc' dir='ltr'>Θεός</span> <span class='ocrx_word' id='word_1_612' title='bbox 643 2466 650 2474; x_wconf 70' lang='grc'><strong>⁸</strong></span> <span class='ocrx_word' id='word_1_613' title='bbox 666 2458 726 2485; x_wconf 79' lang='grc' dir='ltr'>οὐδέ</span> <span class='ocrx_word' id='word_1_614' title='bbox 741 2459 798 2484; x_wconf 80' lang='grc' dir='ltr'>ἐστι</span> <span class='ocrx_word' id='word_1_615' title='bbox 817 2457 842 2484; x_wconf 71' lang='grc' dir='ltr'><strong>τί</strong></span> 
     </span>
    </p>
   </div>
   <div class='ocr_carea' id='block_1_87' title="bbox 896 2447 1684 2498">
    <p class='ocr_par' dir='ltr' id='par_1_87' title="bbox 935 2447 1684 2484">
     <span class='ocr_line' id='line_1_87' title="bbox 935 2447 1684 2484; baseline -0.012 -4"><span class='ocrx_word' id='word_1_616' title='bbox 935 2453 957 2481; x_wconf 84' lang='grc'>1.</span> <span class='ocrx_word' id='word_1_617' title='bbox 969 2453 1069 2481; x_wconf 85' lang='lat' dir='ltr'><strong>Malum</strong></span> <span class='ocrx_word' id='word_1_618' title='bbox 1091 2451 1164 2479; x_wconf 86' lang='lat' dir='ltr'><strong>Deus</strong></span> <span class='ocrx_word' id='word_1_619' title='bbox 1179 2459 1233 2479; x_wconf 86' lang='lat' dir='ltr'><strong>non</strong></span> <span class='ocrx_word' id='word_1_620' title='bbox 1248 2450 1322 2484; x_wconf 73' lang='lat' dir='ltr'><strong>fecit,</strong></span> <span class='ocrx_word' id='word_1_621' title='bbox 1338 2457 1388 2478; x_wconf 85' lang='lat' dir='ltr'><strong>nec</strong></span> <span class='ocrx_word' id='word_1_622' title='bbox 1404 2449 1459 2477; x_wconf 87' lang='lat' dir='ltr'><strong>ullo</strong></span> <span class='ocrx_word' id='word_1_623' title='bbox 1484 2447 1565 2476; x_wconf 87' lang='lat' dir='ltr'><strong>modo</strong></span> <span class='ocrx_word' id='word_1_624' title='bbox 1588 2448 1684 2473; x_wconf 80' lang='lat' dir='ltr'><strong>auctor</strong></span> 
     </span>
    </p>
   </div>
   <div class='ocr_carea' id='block_1_88' title="bbox 65 2502 844 2542">
    <p class='ocr_par' dir='ltr' id='par_1_88' title="bbox 65 2502 844 2542">
     <span class='ocr_line' id='line_1_88' title="bbox 65 2502 844 2542; baseline -0.013 -3"><span class='ocrx_word' id='word_1_625' title='bbox 65 2511 167 2538; x_wconf 78' lang='grc' dir='ltr'>σύνολον</span> <span class='ocrx_word' id='word_1_626' title='bbox 180 2510 249 2542; x_wconf 60' lang='lat' dir='ltr'><strong>Qui;</strong></span> <span class='ocrx_word' id='word_1_627' title='bbox 267 2509 302 2535; x_wconf 80' lang='grc' dir='ltr'>ὲκ</span> <span class='ocrx_word' id='word_1_628' title='bbox 324 2507 424 2539; x_wconf 81' lang='grc' dir='ltr'>παντὸς</span> <span class='ocrx_word' id='word_1_629' title='bbox 444 2505 476 2532; x_wconf 87' lang='grc' dir='ltr'><strong>τὺ</strong></span> <span class='ocrx_word' id='word_1_630' title='bbox 490 2504 619 2540; x_wconf 81' lang='grc' dir='ltr'>παράπαν</span> <span class='ocrx_word' id='word_1_631' title='bbox 640 2504 725 2535; x_wconf 78' lang='grc' dir='ltr'>αἴτιος</span> <span class='ocrx_word' id='word_1_632' title='bbox 748 2502 844 2530; x_wconf 85' lang='grc' dir='ltr'>κακοῦ.</span> 
     </span>
    </p>
   </div>
   <div class='ocr_carea' id='block_1_89' title="bbox 71 2549 846 2589">
    <p class='ocr_par' dir='ltr' id='par_1_89' title="bbox 71 2549 846 2589">
     <span class='ocr_line' id='line_1_89' title="bbox 71 2549 846 2589; baseline -0.013 -4"><span class='ocrx_word' id='word_1_633' title='bbox 71 2557 148 2584; x_wconf 74' lang='grc' dir='ltr'><strong>Ἀλλὰ</strong></span> <span class='ocrx_word' id='word_1_634' title='bbox 161 2557 214 2584; x_wconf 77' lang='grc' dir='ltr'><strong>πᾶν</strong></span> <span class='ocrx_word' id='word_1_635' title='bbox 228 2557 299 2589; x_wconf 78' lang='grc' dir='ltr'>ὅπερ</span> <span class='ocrx_word' id='word_1_636' title='bbox 315 2553 348 2580; x_wconf 81' lang='grc' dir='ltr'>ἂν</span> <span class='ocrx_word' id='word_1_637' title='bbox 364 2551 533 2585; x_wconf 80' lang='grc' dir='ltr'>αὐτεξούσιον</span> <span class='ocrx_word' id='word_1_638' title='bbox 545 2549 630 2582; x_wconf 76' lang='grc' dir='ltr'>οὕτως</span> <span class='ocrx_word' id='word_1_639' title='bbox 644 2549 690 2576; x_wconf 76' lang='grc' dir='ltr'><strong>ὑπ’</strong></span> <span class='ocrx_word' id='word_1_640' title='bbox 703 2549 786 2576; x_wconf 77' lang='grc' dir='ltr'>αὐτοῦ</span> <span class='ocrx_word' id='word_1_641' title='bbox 801 2558 846 2584; x_wconf 89' lang='grc' dir='ltr'><strong>γε-</strong></span> 
     </span>
    </p>
   </div>
   <div class='ocr_carea' id='block_1_90' title="bbox 66 2594 846 2636">
    <p class='ocr_par' dir='ltr' id='par_1_90' title="bbox 66 2594 846 2636">
     <span class='ocr_line' id='line_1_90' title="bbox 66 2594 846 2636; baseline -0.009 -7"><span class='ocrx_word' id='word_1_642' title='bbox 66 2602 153 2636; x_wconf 79' lang='grc' dir='ltr'>γονός”</span> <span class='ocrx_word' id='word_1_643' title='bbox 171 2602 195 2628; x_wconf 84' lang='grc' dir='ltr'>εἰ</span> <span class='ocrx_word' id='word_1_644' title='bbox 218 2600 273 2636; x_wconf 75' lang='grc'><strong>(47)</strong></span> <span class='ocrx_word' id='word_1_645' title='bbox 287 2598 358 2633; x_wconf 77' lang='grc' dir='ltr'>πρὸς</span> <span class='ocrx_word' id='word_1_646' title='bbox 377 2597 408 2624; x_wconf 85' lang='grc' dir='ltr'>τὸ</span> <span class='ocrx_word' id='word_1_647' title='bbox 421 2595 586 2631; x_wconf 75' lang='grc' dir='ltr'>φυλάξασθαι</span> <span class='ocrx_word' id='word_1_648' title='bbox 605 2594 654 2622; x_wconf 75' lang='grc' dir='ltr'><strong>καὶ</strong></span> <span class='ocrx_word' id='word_1_649' title='bbox 669 2594 786 2630; x_wconf 81' lang='grc' dir='ltr'>τηρῆσαι</span> <span class='ocrx_word' id='word_1_650' title='bbox 801 2595 846 2622; x_wconf 81' lang='grc' dir='ltr'><strong>νό-</strong></span> 
     </span>
    </p>
   </div>
   <div class='ocr_carea' id='block_1_91' title="bbox 68 2640 846 2684">
    <p class='ocr_par' dir='ltr' id='par_1_91' title="bbox 68 2640 846 2684">
     <span class='ocr_line' id='line_1_91' title="bbox 68 2640 846 2684; baseline -0.012 -9"><span class='ocrx_word' id='word_1_651' title='bbox 68 2657 124 2684; x_wconf 83' lang='grc' dir='ltr'>μον,</span> <span class='ocrx_word' id='word_1_652' title='bbox 141 2648 170 2674; x_wconf 76' lang='grc' dir='ltr'>ὃν</span> <span class='ocrx_word' id='word_1_653' title='bbox 183 2646 263 2677; x_wconf 79' lang='grc' dir='ltr'>αὐτὸς</span> <span class='ocrx_word' id='word_1_654' title='bbox 275 2644 389 2674; x_wconf 77' lang='grc' dir='ltr'>δικαίως</span> <span class='ocrx_word' id='word_1_655' title='bbox 402 2642 574 2674; x_wconf 80' lang='grc' dir='ltr'>διεστείλατο,</span> <span class='ocrx_word' id='word_1_656' title='bbox 591 2641 628 2677; x_wconf 79' lang='grc' dir='ltr'>μὴ</span> <span class='ocrx_word' id='word_1_657' title='bbox 650 2641 785 2676; x_wconf 81' lang='grc' dir='ltr'>τηρῆσαν,</span> <span class='ocrx_word' id='word_1_658' title='bbox 800 2640 846 2667; x_wconf 82' lang='grc' dir='ltr'><strong>λέ-</strong></span> 
     </span>
    </p>
   </div>
   <div class='ocr_carea' id='block_1_92' title="bbox 100 2718 851 2760">
    <p class='ocr_par' dir='ltr' id='par_1_92' title="bbox 100 2718 851 2760">
     <span class='ocr_line' id='line_1_92' title="bbox 100 2718 851 2760; baseline -0.012 -6"><span class='ocrx_word' id='word_1_659' title='bbox 100 2727 154 2760; x_wconf 71' lang='lat'><strong>(63)</strong></span> <span class='ocrx_word' id='word_1_660' title='bbox 171 2724 340 2760; x_wconf 72' lang='grc' dir='ltr'>Πράτμιισι.</span> <span class='ocrx_word' id='word_1_661' title='bbox 356 2722 449 2754; x_wconf 66' lang='lat' dir='ltr'><strong>Turn,</strong></span> <span class='ocrx_word' id='word_1_662' title='bbox 463 2721 612 2756; x_wconf 83' lang='grc' dir='ltr'>προστάσι,</span> <span class='ocrx_word' id='word_1_663' title='bbox 628 2720 697 2747; x_wconf 80' lang='lat' dir='ltr'><strong>forte</strong></span> <span class='ocrx_word' id='word_1_664' title='bbox 732 2718 851 2752; x_wconf 80' lang='grc' dir='ltr'>προστά-</span> 
     </span>
    </p>
   </div>
   <div class='ocr_carea' id='block_1_93' title="bbox 66 2770 819 2854">
    <p class='ocr_par' dir='ltr' id='par_1_93' title="bbox 66 2770 819 2854">
     <span class='ocr_line' id='line_1_93' title="bbox 66 2770 819 2854; baseline -0.013 -29"><span class='ocrx_word' id='word_1_665' title='bbox 173 2795 274 2824; x_wconf 77' lang='lat' dir='ltr'><strong>Jerem.</strong></span> <span class='ocrx_word' id='word_1_666' title='bbox 290 2801 355 2824; x_wconf 75' lang='lat' dir='ltr'><strong>xm,</strong></span> <span class='ocrx_word' id='word_1_667' title='bbox 371 2791 416 2824; x_wconf 76' lang='lat'><strong>25,</strong></span> <span class='ocrx_word' id='word_1_668' title='bbox 430 2791 619 2854; x_wconf 58' lang='grc' dir='ltr'>μεμθᾶκότες</span> <span class='ocrx_word' id='word_1_669' title='bbox 634 2790 668 2818; x_wconf 78' lang='grc' dir='ltr'><strong>τὰ</strong></span> <span class='ocrx_word' id='word_1_670' title='bbox 681 2790 763 2818; x_wconf 83' lang='grc' dir='ltr'>κακά.</span> <span class='ocrx_word' id='word_1_671' title='bbox 813 2824 819 2831; x_wconf 44' lang='lat'><em>.</em></span> 
     </span>
     <span class='ocr_line' id='line_1_94' title="bbox 101 2827 819 2854; baseline -0.003 0"><span class='ocrx_word' id='word_1_672' title='bbox 101 2832 154 2854; x_wconf 54' lang='lat' dir='ltr'><strong>(Lai</strong></span> <span class='ocrx_word' id='word_1_673' title='bbox 175 2832 221 2854; x_wconf 72' lang='grc' dir='ltr'><em>Ἕκ</em></span> <span class='ocrx_word' id='word_1_674' title='bbox 237 2829 292 2854; x_wconf 79' lang='grc' dir='ltr'><strong>τοῦ</strong></span> <span class='ocrx_word' id='word_1_675' title='bbox 307 2827 377 2854; x_wconf 77' lang='grc' dir='ltr'>περὶ</span> <span class='ocrx_word' id='word_1_676' title='bbox 393 2828 500 2854; x_wconf 77' lang='grc' dir='ltr'>ἀναστ.</span> <span class='ocrx_word' id='word_1_677' title='bbox 540 2835 579 2853; x_wconf 64' lang='lat' dir='ltr'><strong>aee</strong></span> <span class='ocrx_word' id='word_1_678' title='bbox 600 2831 727 2854; x_wconf 74' lang='lat' dir='ltr'><strong>excerpta</strong></span> <span class='ocrx_word' id='word_1_679' title='bbox 751 2829 819 2854; x_wconf 82' lang='lat' dir='ltr'><strong>parti</strong></span> 
     </span>
    </p>
   </div>
   <div class='ocr_carea' id='block_1_94' title="bbox 101 2827 849 2867">
    <p class='ocr_par' dir='ltr' id='par_1_94' title="bbox 101 2827 849 2867">
     <span class='ocr_line' id='line_1_95' title="bbox 101 2827 849 2867; baseline -0.011 -7"><span class='ocrx_word' id='word_1_680' title='bbox 101 2827 154 2867; x_wconf 74' lang='grc' dir='ltr'>(ιδ)</span> <span class='ocrx_word' id='word_1_681' title='bbox 175 2832 221 2858; x_wconf 82' lang='grc' dir='ltr'>Ἐκ</span> <span class='ocrx_word' id='word_1_682' title='bbox 237 2829 292 2857; x_wconf 88' lang='grc' dir='ltr'>τοῦ</span> <span class='ocrx_word' id='word_1_683' title='bbox 307 2827 377 2862; x_wconf 77' lang='grc' dir='ltr'>περὶ</span> <span class='ocrx_word' id='word_1_684' title='bbox 393 2828 500 2854; x_wconf 78' lang='grc' dir='ltr'>ἀναστ.</span> <span class='ocrx_word' id='word_1_685' title='bbox 517 2827 579 2854; x_wconf 64' lang='lat' dir='ltr'><strong>Haec</strong></span> <span class='ocrx_word' id='word_1_686' title='bbox 600 2831 727 2864; x_wconf 82' lang='lat' dir='ltr'><strong>excerpta</strong></span> <span class='ocrx_word' id='word_1_687' title='bbox 751 2827 849 2861; x_wconf 86' lang='lat' dir='ltr'><strong>partim</strong></span> 
     </span>
    </p>
   </div>
   <div class='ocr_carea' id='block_1_95' title="bbox 197 2873 555 2907">
    <p class='ocr_par' dir='ltr' id='par_1_95' title="bbox 197 2873 555 2907">
     <span class='ocr_line' id='line_1_96' title="bbox 197 2873 555 2907; baseline -0.008 0"><span class='ocrx_word' id='word_1_688' title='bbox 197 2878 339 2907; x_wconf 73' lang='grc' dir='ltr'>ΡΑτιιοι..</span> <span class='ocrx_word' id='word_1_689' title='bbox 357 2873 416 2903; x_wconf 78' lang='lat' dir='ltr'><strong>GR.</strong></span> <span class='ocrx_word' id='word_1_690' title='bbox 442 2873 555 2904; x_wconf 71' lang='lat' dir='ltr'><strong>XVIII.</strong></span> 
     </span>
    </p>
   </div>
   <div class='ocr_carea' id='block_1_96' title="bbox 899 2495 1684 2533">
    <p class='ocr_par' dir='ltr' id='par_1_96' title="bbox 899 2495 1684 2533">
     <span class='ocr_line' id='line_1_97' title="bbox 899 2495 1684 2533; baseline -0.014 -5"><span class='ocrx_word' id='word_1_691' title='bbox 899 2501 973 2529; x_wconf 88' lang='lat' dir='ltr'><strong>illius</strong></span> <span class='ocrx_word' id='word_1_692' title='bbox 987 2503 1039 2527; x_wconf 85' lang='lat' dir='ltr'><strong>est.</strong></span> <span class='ocrx_word' id='word_1_693' title='bbox 1052 2498 1105 2526; x_wconf 82' lang='lat' dir='ltr'><strong>Sed</strong></span> <span class='ocrx_word' id='word_1_694' title='bbox 1119 2497 1251 2533; x_wconf 83' lang='lat' dir='ltr'><strong>quidquid</strong></span> <span class='ocrx_word' id='word_1_695' title='bbox 1266 2496 1370 2524; x_wconf 89' lang='lat' dir='ltr'><strong>arbitrii</strong></span> <span class='ocrx_word' id='word_1_696' title='bbox 1393 2495 1435 2523; x_wconf 84' lang='lat' dir='ltr'><strong>sui</strong></span> <span class='ocrx_word' id='word_1_697' title='bbox 1460 2496 1594 2530; x_wconf 88' lang='lat' dir='ltr'><strong>potestate</strong></span> <span class='ocrx_word' id='word_1_698' title='bbox 1616 2498 1684 2526; x_wconf 63' lang='lat' dir='ltr'><strong>pra:-</strong></span> 
     </span>
    </p>
   </div>
   <div class='ocr_carea' id='block_1_97' title="bbox 901 2538 1684 2578">
    <p class='ocr_par' dir='ltr' id='par_1_97' title="bbox 901 2538 1684 2578">
     <span class='ocr_line' id='line_1_98' title="bbox 901 2538 1684 2578; baseline -0.015 -3"><span class='ocrx_word' id='word_1_699' title='bbox 901 2548 986 2575; x_wconf 89' lang='lat' dir='ltr'><strong>ditum</strong></span> <span class='ocrx_word' id='word_1_700' title='bbox 995 2547 1029 2573; x_wconf 89' lang='lat' dir='ltr'><strong>ab</strong></span> <span class='ocrx_word' id='word_1_701' title='bbox 1042 2554 1073 2573; x_wconf 90' lang='lat' dir='ltr'><strong>eo</strong></span> <span class='ocrx_word' id='word_1_702' title='bbox 1084 2544 1184 2572; x_wconf 79' lang='lat' dir='ltr'><strong>factum</strong></span> <span class='ocrx_word' id='word_1_703' title='bbox 1199 2547 1251 2575; x_wconf 88' lang='lat' dir='ltr'><strong>est,</strong></span> <span class='ocrx_word' id='word_1_704' title='bbox 1264 2547 1294 2570; x_wconf 91' lang='lat' dir='ltr'><strong>ut</strong></span> <span class='ocrx_word' id='word_1_705' title='bbox 1310 2550 1390 2578; x_wconf 83' lang='lat' dir='ltr'><strong>quam</strong></span> <span class='ocrx_word' id='word_1_706' title='bbox 1402 2542 1426 2569; x_wconf 89' lang='lat' dir='ltr'><strong>is</strong></span> <span class='ocrx_word' id='word_1_707' title='bbox 1434 2542 1520 2576; x_wconf 74' lang='lat' dir='ltr'><strong>legem</strong></span> <span class='ocrx_word' id='word_1_708' title='bbox 1532 2538 1684 2575; x_wconf 75' lang='lat' dir='ltr'><strong>justissima</strong></span> 
     </span>
    </p>
   </div>
   <div class='ocr_carea' id='block_1_98' title="bbox 900 2583 1684 2628">
    <p class='ocr_par' dir='ltr' id='par_1_98' title="bbox 900 2583 1684 2628">
     <span class='ocr_line' id='line_1_99' title="bbox 900 2583 1684 2628; baseline -0.014 -8"><span class='ocrx_word' id='word_1_709' title='bbox 900 2592 1075 2628; x_wconf 60' lang='lat' dir='ltr'><strong>pra-scripsit,</strong></span> <span class='ocrx_word' id='word_1_710' title='bbox 1091 2590 1249 2622; x_wconf 77' lang='lat' dir='ltr'><strong>servaverit,</strong></span> <span class='ocrx_word' id='word_1_711' title='bbox 1271 2596 1302 2616; x_wconf 88' lang='lat' dir='ltr'><strong>ea</strong></span> <span class='ocrx_word' id='word_1_712' title='bbox 1318 2597 1371 2616; x_wconf 92' lang='lat' dir='ltr'><strong>non</strong></span> <span class='ocrx_word' id='word_1_713' title='bbox 1393 2591 1511 2618; x_wconf 81' lang='lat' dir='ltr'><strong>servata,</strong></span> <span class='ocrx_word' id='word_1_714' title='bbox 1535 2583 1684 2620; x_wconf 82' lang='lat' dir='ltr'><strong>appellatur</strong></span> 
     </span>
    </p>
   </div>
   <div class='ocr_carea' id='block_1_99' title="bbox 899 2629 1684 2671">
    <p class='ocr_par' dir='ltr' id='par_1_99' title="bbox 899 2629 1684 2671">
     <span class='ocr_line' id='line_1_100' title="bbox 899 2629 1684 2671; baseline -0.015 -4"><span class='ocrx_word' id='word_1_715' title='bbox 899 2641 1012 2667; x_wconf 84' lang='lat' dir='ltr'><strong>malum.</strong></span> <span class='ocrx_word' id='word_1_716' title='bbox 1038 2637 1086 2665; x_wconf 85' lang='lat' dir='ltr'><strong>Est</strong></span> <span class='ocrx_word' id='word_1_717' title='bbox 1103 2641 1192 2664; x_wconf 87' lang='lat' dir='ltr'><strong>autem</strong></span> <span class='ocrx_word' id='word_1_718' title='bbox 1222 2635 1413 2671; x_wconf 82' lang='lat' dir='ltr'><strong>gravissimum</strong></span> <span class='ocrx_word' id='word_1_719' title='bbox 1436 2634 1489 2661; x_wconf 90' lang='lat' dir='ltr'><strong>hoc</strong></span> <span class='ocrx_word' id='word_1_720' title='bbox 1512 2632 1639 2660; x_wconf 82' lang='lat' dir='ltr'><strong>damnum</strong></span> <span class='ocrx_word' id='word_1_721' title='bbox 1657 2629 1684 2656; x_wconf 89' lang='lat' dir='ltr'><strong>in</strong></span> 
     </span>
    </p>
   </div>
   <div class='ocr_carea' id='block_1_100' title="bbox 903 2714 1550 2753">
    <p class='ocr_par' dir='ltr' id='par_1_100' title="bbox 903 2714 1550 2753">
     <span class='ocr_line' id='line_1_101' title="bbox 903 2714 1550 2753; baseline -0.011 -7"><span class='ocrx_word' id='word_1_722' title='bbox 903 2727 935 2747; x_wconf 85' lang='lat' dir='ltr'><strong>ex</strong></span> <span class='ocrx_word' id='word_1_723' title='bbox 951 2717 1111 2753; x_wconf 86' lang='lat' dir='ltr'><strong>Epiphanio.</strong></span> <span class='ocrx_word' id='word_1_724' title='bbox 1126 2714 1457 2753; x_wconf 70' lang='lat' dir='ltr'><strong>sed_emendata._partim</strong></span> <span class='ocrx_word' id='word_1_725' title='bbox 1470 2720 1550 2740; x_wconf 80' lang='lat' dir='ltr'><strong>nova.</strong></span> 
     </span>
    </p>
   </div>
   <div class='ocr_carea' id='block_1_101' title="bbox 939 2726 1684 2789">
    <p class='ocr_par' dir='ltr' id='par_1_101' title="bbox 939 2726 1684 2789">
     <span class='ocr_line' id='line_1_102' title="bbox 952 2726 1550 2781; baseline -0.01 -36"><span class='ocrx_word' id='word_1_726' title='bbox 952 2726 1111 2781; x_wconf 54' lang='lat' dir='ltr'><strong>bglpnamo.</strong></span> <span class='ocrx_word' id='word_1_727' title='bbox 1126 2726 1172 2744; x_wconf 83' lang='lat' dir='ltr'><strong>seu</strong></span> <span class='ocrx_word' id='word_1_728' title='bbox 1187 2726 1457 2757; x_wconf 30' lang='lat' dir='ltr'><strong>emgnttasauparum</strong></span> <span class='ocrx_word' id='word_1_729' title='bbox 1471 2726 1550 2740; x_wconf 71' lang='lat' dir='ltr'><strong>num.</strong></span> 
     </span>
     <span class='ocr_line' id='line_1_103' title="bbox 939 2743 1684 2789; baseline -0.011 -8"><span class='ocrx_word' id='word_1_730' title='bbox 939 2754 995 2789; x_wconf 66' lang='lat'><strong>(4&#39;)</strong></span> <span class='ocrx_word' id='word_1_731' title='bbox 1012 2752 1142 2789; x_wconf 42' lang='lat' dir='ltr'><strong>Obx‘en.</strong></span> <span class='ocrx_word' id='word_1_732' title='bbox 1164 2751 1202 2778; x_wconf 80' lang='lat' dir='ltr'><strong>Ex</strong></span> <span class='ocrx_word' id='word_1_733' title='bbox 1225 2751 1564 2789; x_wconf 60' lang='lat' dir='ltr'><strong>Lpiphgnio__haer_._i.xrv,</strong></span> <span class='ocrx_word' id='word_1_734' title='bbox 1587 2755 1615 2774; x_wconf 83' lang='grc' dir='ltr'><strong>ιι.</strong></span> <span class='ocrx_word' id='word_1_735' title='bbox 1636 2743 1684 2778; x_wconf 68' lang='lat'><strong>23,</strong></span> 
     </span>
    </p>
   </div>
   <div class='ocr_carea' id='block_1_102' title="bbox 904 2784 1485 2821">
    <p class='ocr_par' dir='ltr' id='par_1_102' title="bbox 904 2784 1485 2821">
     <span class='ocr_line' id='line_1_104' title="bbox 904 2784 1485 2821; baseline -0.009 -4"><span class='ocrx_word' id='word_1_736' title='bbox 904 2784 1009 2817; x_wconf 77' lang='lat' dir='ltr'><strong>emend.</strong></span> <span class='ocrx_word' id='word_1_737' title='bbox 1027 2796 1060 2816; x_wconf 79' lang='lat' dir='ltr'><strong>ex</strong></span> <span class='ocrx_word' id='word_1_738' title='bbox 1074 2786 1200 2814; x_wconf 83' lang='lat' dir='ltr'><strong>Elemem.</strong></span> <span class='ocrx_word' id='word_1_739' title='bbox 1219 2784 1294 2813; x_wconf 72' lang='lat' dir='ltr'><strong>card.</strong></span> <span class='ocrx_word' id='word_1_740' title='bbox 1312 2784 1485 2821; x_wconf 66' lang='lat' dir='ltr'><strong>Bupifueald.</strong></span> 
     </span>
    </p>
   </div>
   <div class='ocr_carea' id='block_1_103' title="bbox 939 2819 1340 2860">
    <p class='ocr_par' dir='ltr' id='par_1_103' title="bbox 939 2819 1340 2860">
     <span class='ocr_line' id='line_1_105' title="bbox 939 2819 1340 2860; baseline -0.005 -9"><span class='ocrx_word' id='word_1_741' title='bbox 939 2824 995 2860; x_wconf 69' lang='grc'><strong>(47)</strong></span> <span class='ocrx_word' id='word_1_742' title='bbox 1011 2824 1056 2852; x_wconf 81' lang='lat' dir='ltr'><strong>Et.</strong></span> <span class='ocrx_word' id='word_1_743' title='bbox 1072 2823 1166 2858; x_wconf 90' lang='lat' dir='ltr'><strong>lmpr.,</strong></span> <span class='ocrx_word' id='word_1_744' title='bbox 1185 2823 1212 2858; x_wconf 73' lang='grc' dir='ltr'><strong>ἡ,</strong></span> <span class='ocrx_word' id='word_1_745' title='bbox 1228 2822 1298 2855; x_wconf 75' lang='lat' dir='ltr'><strong>forte</strong></span> <span class='ocrx_word' id='word_1_746' title='bbox 1311 2819 1340 2858; x_wconf 84' lang='grc' dir='ltr'>ᾗ.</span> 
     </span>
    </p>
   </div>
  </div>
