1920 3070
222 120 274 148 267

222 181 328 214 primis,
357 179 404 207 Dei
434 183 561 208 mandata
588 181 735 216 negligere,
761 189 793 209 ac
819 181 931 216 iustitia
951 187 1049 217 qumA

222 226 350 261 adjuncta
365 226 486 253 libertati
500 231 552 258 est,
564 226 663 254 limites
673 227 821 261 praterire.

256 313 286 342 ll.
302 314 371 342 illud
381 322 446 342 vero
458 315 515 349 jam
533 319 610 342 antea
625 315 794 350 disputatum
808 320 860 348 est,
872 321 1009 345 monstra-

219 365 343 396 tumque,
370 362 494 396 pelliceas
512 362 614 389 tunicas
629 363 650 395 ’,
665 362 739 389 aliud
754 370 816 391 esse
831 367 929 398 praeter
945 372 1008 391 cor-

219 415 296 443 pora.
327 407 380 435 Sed
411 408 589 436 nihilominus
619 409 692 436 idem
717 417 827 436 rursum
851 410 1006 445 (dicendum

218 456 289 482 enim
305 455 404 490 saepius
419 454 470 491 est)
485 455 535 482 hoc
547 455 606 483 loco
621 459 785 490 repetamus.
801 455 909 484 Primus
925 457 1007 492 igitur

217 501 277 535 ipse
301 509 411 536 parens,
443 505 589 536 antequam
613 509 652 529 ea:
674 501 774 529 tunicae
797 509 1005 537 consuerentur,

217 554 280 574 ossa
291 554 320 574 se
332 551 359 574 et
371 554 481 574 carnem
495 547 595 574 habere
609 547 754 575 confitetur
765 557 772 581 ;
784 556 846 575 cum
864 550 1004 582 nimirum,

216 592 376 627 perductam
403 592 437 619 ad
465 600 526 620 sese
548 593 687 620 mulierem
719 595 929 629 contemplatus,
947 595 1006 623 Hoc

215 646 285 665 nunc
301 647 341 670 os,
357 638 455 673 inquit,
474 646 507 665 ea:
518 639 620 666 ossibus
633 640 709 670 meis.
734 644 759 666 et
784 648 846 667 cura
871 641 904 668 de
928 650 1006 669 came

216 691 283 710 mea.
302 682 334 710 Et
360 691 471 711 rursum
488 693 495 711 :
513 683 577 711 Ilwc
599 685 735 711 vocabitur
753 686 857 719 mulier,
880 687 1005 722 quoniam

215 728 248 756 de
261 729 315 756 viro
330 734 435 764 sumpta
457 735 506 758 est.
522 730 635 765 Propter
650 731 699 758 hoc
714 731 840 766 relinquet
859 731 935 759 homo
950 740 1006 767 pa—

215 780 280 802 trem
306 784 383 802 suum
405 781 430 803 et
451 781 572 809 matrem,
589 782 613 803 et
629 776 772 804 adhaerebit
791 778 869 805 uxori
883 787 938 805 sum
955 784 1005 806 εει

215 827 289 848 erunt
306 822 358 849 duo
375 823 403 849 in
419 831 524 850 carnem
534 831 614 850 unam
628 823 648 849 ⁸.
666 823 758 859 Neque
768 824 839 851 enim
851 829 941 852 certos
956 825 1005 851 ho-

215 869 301 896 mines
325 868 396 896 t‘erre
423 876 554 903 possum,
582 869 629 904 qui
653 869 779 897 consulto
806 873 944 905 nugantur
974 878 1006 898 ac
1022 871 1044 901 Β

215 913 371 949 Scripturas
396 914 634 950 impudentissime
657 915 832 951 detorquent,
845 924 899 951 quo
924 923 1005 944 suum

214 961 267 989 illis
279 961 312 988 de
334 962 535 990 resurrectione
557 962 616 989 sine
638 970 721 991 carne
737 964 836 998 dogma
850 963 980 998 procedat
994 972 1002 990 :

214 1007 260 1036 aui
282 1007 352 1040 ideo,
370 1011 397 1034 et
424 1015 487 1035 ossa
513 1009 636 1043 quaedam
653 1009 841 1044 intelligibilia.
858 1013 885 1037 et.
907 1017 1004 1038 carnes

214 1052 338 1080 similiter
353 1052 538 1088 intelligibiles
563 1054 711 1081 commenti
727 1058 801 1086 sunt,
821 1061 852 1081 ac
867 1054 925 1082 suis
936 1054 999 1082 alle-

214 1099 294 1133 goriis
313 1099 380 1126 alias
401 1098 479 1126 aliter
505 1107 615 1127 sursum
641 1101 824 1135 deorsumque
849 1109 910 1129 sese
938 1108 1004 1129 con-

213 1149 331 1173 vertunt.
352 1145 434 1181 Atqui
452 1145 509 1173 lure
529 1146 642 1181 perinde
665 1154 697 1173 ac
726 1147 828 1181 scripta
854 1152 934 1180 sunt,
957 1154 1005 1174 ac-

213 1191 337 1226 cipienda
362 1199 440 1225 esse,
468 1192 571 1219 Christi
597 1193 740 1220 conﬁrmat
762 1193 931 1227 auctoritas;
956 1193 1003 1220 ubi

212 1238 444 1273 tnterrogantibus
465 1237 612 1266 Pharisaeis
637 1238 670 1265 de
687 1239 781 1266 uxoris
803 1238 931 1271 divortio,
960 1246 1004 1267 re-

213 1285 355 1321 spondet:
385 1284 448 1312 Non
476 1285 585 1321 legistis,
616 1286 679 1321 quia
707 1286 752 1320 qui
782 1285 844 1319 fecit
872 1285 1003 1312 hominem

213 1332 243 1359 ab
269 1333 356 1364 initio,
380 1332 528 1359 musculum
547 1337 571 1359 et
589 1332 714 1367 feminam
735 1331 796 1366 fecit
820 1333 889 1360 eos!
909 1333 944 1358 Et
960 1332 1003 1358 di-

213 1379 274 1404 xit:
294 1378 406 1412 Propter
430 1379 477 1406 hoc
503 1379 630 1414 relinquet
659 1377 736 1405 hante
761 1382 864 1413 patrem
893 1382 918 1405 et
945 1386 1003 1404 mtt-

213 1429 277 1452 trem
289 1426 310 1456 ‘,
327 1429 380 1452 etc.

246 1470 290 1499 lli.
308 1471 362 1499 Sed
377 1475 404 1499 et
422 1471 488 1499 illud
506 1471 648 1507 perspicue
674 1470 821 1498 absurdum
850 1474 910 1502 est,
928 1470 1002 1498 arbi-

214 1517 277 1544 trari
290 1525 390 1555 corpus
407 1517 435 1544 in
448 1523 551 1544 aeterna
567 1517 612 1543 illa
627 1515 683 1544 vita
705 1517 816 1544 minime
832 1524 894 1544 cum
910 1516 1000 1543 anima

214 1563 344 1597 futurum,
359 1564 431 1599 quod
456 1563 523 1590 illud
543 1567 671 1598 tanquam
690 1563 829 1590 vinculum
846 1570 878 1589 ac
905 1561 999 1597 pedica

214 1610 261 1643 sit;
279 1614 308 1636 ut
323 1617 366 1641 ne,
377 1609 455 1644 juxta
471 1609 545 1644 quod
562 1609 719 1644 opinantur,
739 1608 913 1643 sempiternis
935 1607 998 1635 vin-

214 1656 280 1683 culis
297 1655 480 1690 corruptionis
493 1654 594 1682 addicti
606 1655 756 1686 videamur,
768 1654 814 1689 qui
832 1654 860 1681 in
871 1654 941 1682 lucis
953 1654 999 1682 illo

214 1709 294 1737 regno
308 1702 395 1729 simus
408 1701 568 1728 habitaturi.
579 1700 647 1728 Cum
662 1701 735 1728 enim
746 1700 853 1727 abunde
865 1700 1000 1728 dissoluta

214 1755 241 1773 1c
256 1746 372 1774 refutata
399 1746 434 1775 sit
457 1747 503 1773 illa
518 1747 662 1778 sententia,
681 1754 735 1782 qua
749 1746 846 1773 animae
860 1746 999 1773 vinculum

213 1801 321 1821 carnem
337 1800 397 1820 esse
411 1792 591 1825 deﬁniebant;
607 1793 688 1819 etiam
713 1792 780 1819 illud
801 1793 919 1820 solutum
940 1796 997 1825 est,

213 1847 267 1867 tore
283 1843 312 1866 ut
329 1839 390 1867 ideo
407 1847 472 1866 caro
487 1847 542 1866 non
553 1843 689 1874 resurgat,
706 1847 740 1867 ne
757 1839 781 1867 si
807 1847 868 1867 eam
893 1847 999 1867 resum-

213 1886 357 1920 pserimus,
372 1885 455 1912 vincti
471 1889 583 1920 propter
595 1892 655 1912 eam
669 1885 697 1912 in
711 1893 795 1920 regno
810 1886 857 1913 illo
872 1886 942 1913 lucis
955 1885 997 1912 fu-

213 1932 263 1959 .uri
278 1931 376 1959 simus.

242 1976 287 2004 IV.
308 1977 392 2013 Igitur
408 1985 442 2004 ne
458 1977 612 2005 immortale
635 1978 772 2013 quoddam
796 1986 829 2006 ac
854 1979 999 2015 sempiter-

211 2031 273 2050 .tum
287 2023 389 2050 malum
408 2027 480 2050 esset
494 2023 586 2057 homo,
611 2027 640 2051 ut
658 2024 715 2059 jam
743 2024 862 2052 diximus
875 2045 881 2057 ,
898 2025 925 2052 in
943 2032 998 2060 quo

212 2073 351 2103 peccatum
378 2069 530 2104 potioribus
554 2073 684 2102 auctum,
711 2070 862 2097 dominium
891 2071 999 2098 obtine-

212 2120 249 2142 ret
266 2115 338 2151 (48);
352 2116 425 2143 velut
436 2116 509 2151 quod
524 2116 671 2143 immortali
686 2117 712 2143 in
729 2125 844 2152 corpore
865 2117 999 2152 pullulas-

212 2165 257 2192 sct.
273 2165 300 2189 et
315 2162 460 2189 immortali
475 2162 588 2198 perinde
610 2162 738 2190 alimento
765 2163 892 2198 glisceret
907 2172 913 2190 :
931 2171 996 2198 pro-

211 2211 299 2242 literca
313 2208 455 2236 mortalem
478 2208 553 2236 illum
571 2208 640 2236 Deus
652 2215 713 2236 esse
732 2208 837 2240 voluit,
865 2216 896 2235 ac
911 2212 998 2236 morte
1014 2223 1036 2251 ι)

211 2254 354 2282 lamnavit.
373 2254 430 2282 Hoc
442 2255 514 2282 enim
530 2258 643 2283 scortea:
670 2255 721 2282 illa:
744 2256 842 2282 tunica:
857 2255 995 2290 signiﬁca-

211 2304 282 2332 uant,
301 2303 331 2327 ut
346 2300 476 2328 nimirum
500 2308 614 2336 corpore
628 2301 762 2333 resoluto,
778 2309 858 2329 omne
883 2309 916 2328 ex
940 2301 995 2329 imo

243 2384 253 2399 ⁷
269 2383 333 2411 Gen.
348 2391 390 2416 HI,
405 2383 450 2410 2L
489 2383 500 2399 ⁸
513 2382 576 2410 Gen.
596 2391 625 2415 ιι,
641 2383 686 2414 2'5,
698 2382 743 2408 24.

243 2462 298 2498 (48)
316 2462 475 2499 Potioribusr
489 2466 607 2499 auctum,
628 2461 773 2499 dominium
791 2457 994 2499 obtine'retanic

209 2493 295 2525 visunt
309 2502 351 2525 est
363 2497 543 2534 cireumIOqui
554 2496 594 2534 το,
608 2495 846 2534 κρατιστεύουσαν·
859 2493 995 2534 signiiicat

209 2534 280 2560 enim
297 2541 394 2559 novam
414 2533 487 2559 illam
507 2529 694 2560 excellentiam
709 2530 813 2562 peccati
830 2529 856 2555 in
875 2529 994 2562 homine,

209 2577 240 2596 cx
258 2568 373 2602 subjecti
394 2568 611 2600 immortalitate,
635 2566 688 2593 nisi
704 2565 775 2592 Deus
793 2565 881 2599 ipsum
900 2572 915 2590 a
930 2571 994 2598 pec-

208 2608 280 2635 cato,
297 2607 383 2629 morte
397 2604 562 2630 damnasset.

244 2634 299 2673 (49)
321 2640 432 2671 Ιιροηπ.
454 2638 549 2673 Epiph.
565 2637 631 2665 haer.
645 2644 673 2663 ιι.
696 2635 731 2662 ‘23
742 2655 749 2667 ,
766 2634 874 2663 cmend.
891 2642 923 2662 ex
945 2642 994 2661 au-

209 2677 279 2700 toer.
297 2673 329 2700 R.
347 2674 376 2699 Ρ.
396 2673 478 2700 Sum.

239 2683 497 2747 Etiillil‘i'gl'p
520 2708 621 2735 αὑτοῦ.
644 2708 700 2740 AL,
717 2707 784 2742 πρὸς
808 2705 858 2740 τῆν
878 2706 994 2740 γυναῖκα

209 2752 300 2770 αυτευ.

247 2784 252 2810 t
258 2779 301 2813 51)
312 2779 383 2812 Δι’χα
394 2779 507 2812 σαρκὸς
517 2777 592 2813 εἶναι
601 2777 791 2812 προχωρήσῃ.
802 2775 874 2803 Edil.
883 2775 993 2811 Epipli.,

209 2811 337 2848 meimei}
354 2811 451 2848 σαρκδς
468 2814 503 2848 μὴ
515 2811 583 2840 εἶναι
598 2812 779 2848 προχώρησις,

247 2849 303 2884 (£52)
324 2845 422 2877 ima,
447 2845 484 2875 li'x
498 2845 599 2883 ἸζρὶρΙι.
618 2845 697 2880 ibid,
720 2845 746 2874 ιι.
764 2847 808 2880 ικ,
831 2845 938 2874 enzeud.
961 2853 994 2874 ex

710 121 738 150 S.
757 120 924 150 METHODII
943 122 1099 151 EPISCOPI
1118 122 1161 151 ΕΤ
1178 123 1358 152 MARTYBIS

1805 125 1866 153 268

1062 191 1140 218 γεται
1169 184 1263 211 κακόν.
1290 184 1432 219 Βαρυτάτη
1458 183 1486 210 δὲ
1512 183 1597 220 βλάϐη
1623 184 1654 211 τὺ
1679 184 1863 221 παρακοῦσαι

1062 229 1140 263 Θεοῦ,
1155 231 1217 262 τοὺς
1228 231 1307 267 ὄρους
1317 231 1366 266 τῆς
1381 231 1451 257 κατά
1463 230 1494 257 τὸ
1508 230 1679 264 αὐτεξούσιον
1694 231 1863 268 ὑπερϐάντα

1061 274 1246 312 δικαιοσύνης.

1097 321 1135 348 B’.
1155 321 1346 358 Προηπόρηται
1362 321 1417 358 (49)
1425 322 1454 349 δὲ
1471 322 1533 358 ἤδη,
1547 323 1594 350 καὶ
1607 322 1765 358 ἀπεδείχθη,
1782 323 1863 355 τοὺς

1061 366 1256 401 δερματίνους
1267 367 1395 402 χιτῶνας
1413 368 1450 406 μὴ
1467 366 1536 396 εἶναι
1555 369 1589 395 τὰ
1609 368 1733 404 σώματα.
1755 369 1862 404 Ὅμως

1060 413 1089 439 δὲ
1104 413 1156 447 ,καὶ
1183 413 1264 440 πάλιν
1291 413 1336 449 (οὐ
1362 414 1417 450 γὰρ
1447 414 1520 448 ἆπαξ
1545 415 1658 451 ῥητέον)
1688 415 1859 452 φράσωμεν.

1059 459 1146 490 Αὐτὸς
1168 460 1221 496 πρὸ
1237 460 1286 496 τῆς
1303 461 1475 496 κατασκευῆς
1498 461 1587 488 αὐτῶν
1601 463 1615 488 ό
1638 461 1862 497 πρωτόπλαστος

1059 504 1184 540 ὁμολογεί
1205 506 1252 532 καὶ
1269 507 1336 532 ὀστᾶ
1349 506 1420 542 ἔχειν
1443 507 1490 533 καὶ
1513 507 1627 543 σάρκας,
1654 508 1734 534 ὁπότε
1749 507 1783 543 δὴ
1802 507 1861 542 τὴν

1059 553 1176 584 γυναῖκα
1196 551 1270 587 αὐτῷ
1283 554 1483 589 προσαχθεῖσαν
1495 553 1673 588 θεασάμενος,
1691 553 1783 581 Τοῦτο
1793 553 1861 580 νῦν

1059 597 1181 630 ὀστοῦν,
1201 597 1351 634 ἐφώνησεν,
1374 599 1408 625 ἐκ
1420 598 1479 625 τῶν
1497 598 1596 626 ὀστῶν
1609 608 1679 633 μου,
1706 599 1755 625 καὶ
1771 598 1860 633 σὰρξ

1057 643 1092 669 ἑθι
1111 643 1166 677 τῆς
1184 645 1297 678 σαρκός
1318 653 1393 679 μουι
1413 645 1460 671 καὶ
1481 645 1578 671 πάλιν·
1598 645 1678 678 Αὕτη
1695 645 1859 679 κληθήσε-

1058 697 1105 716 ται
1117 689 1205 724 γυνὴ,
1221 690 1264 717 ὅτι
1276 691 1310 717 ἐκ
1322 691 1375 717 τοῦ
1389 691 1500 725 ἀνδρὸς
1512 691 1606 725 αὐτῆς
1617 691 1744 727 ἐλήφθη.
1763 693 1858 720 ’Ἐνε-

1058 743 1112 762 κεν
1135 737 1242 763 τούτου
1270 737 1446 771 καταλείψει
1470 736 1624 772 ἅνθρωπος
1653 738 1707 765 τὸν
1734 739 1859 773 πατέρα

1057 781 1161 814 αὑτοῦ,
1180 783 1229 809 καί
1253 782 1310 817 τὴν
1327 783 1456 818 μητέρα,
1475 783 1525 810 καὶ
1545 784 1858 819 προσκολληθήσεται

1056 827 1095 862 τῇ
1115 829 1232 863 γυναικὶ
1255 830 1348 857 αὐτοῦ
1366 829 1436 865 (50)·
1464 829 1515 856 καὶ
1533 830 1655 857 ἔσονται
1677 832 1704 857 ot
1729 831 1785 858 δύο
1805 833 1857 864 εἰς

1057 873 1156 908 σάρκα
1166 876 1250 910 μίαν.
1265 875 1301 902 Οὺ
1318 875 1372 912 γὰρ
1386 876 1418 911 δὴ
1433 876 1563 912 ἀνέξομαι
1581 875 1791 912 φληναφούντων
1808 886 1857 903 τι-

1057 922 1119 953 νῶν,
1133 923 1179 949 καὶ
1194 921 1360 958 βιαζομένων
1376 923 1643 959 ἀπηρυθριασμένως
1659 923 1707 960 τὴν
1722 924 1854 960 Γραφὴν,

1056 968 1099 995 ἵνα
1121 969 1212 1001 αὺτοῖς
1231 969 1291 1004 δίχα
1305 969 1404 1005 σαρκὸς
1417 968 1484 996 εἶναι
1500 971 1666 1007 προχωρήσῃ
1681 970 1736 1006 (51)
1751 971 1766 1006 ή
1782 971 1856 997 ἀνά-

1056 1022 1160 1046 στασις,
1172 1014 1238 1041 ὀστᾶ
1249 1014 1342 1049 νοητὰ,
1354 1015 1401 1041 καὶ
1414 1015 1516 1050 σάρκας
1525 1016 1622 1051 νοητὰς
1632 1015 1852 1050 ὑποτιθεμένων,

1055 1059 1102 1086 καὶ
1129 1060 1224 1086 ἄλλοτε
1247 1060 1334 1092 ἄλλως
1357 1060 1413 1087 ἄνω
1436 1060 1484 1087 καὶ
1504 1060 1580 1087 κάτω
1602 1060 1854 1096 μεταὸαλλομένων

1055 1105 1239 1141 ἀλληγορίαις.
1256 1106 1311 1132 Καὶ
1322 1105 1406 1132 ταῦτα
1420 1105 1516 1137 οὕτως,
1529 1106 1566 1137 ὡς
1577 1105 1741 1141 γέγραπται,
1758 1115 1855 1142 παρα-

1053 1151 1249 1188 λαμϐάνεσθαι,
1263 1152 1441 1187 κρατύνοντος
1461 1151 1507 1178 τοῦ
1522 1151 1640 1187 Χριστοῦ
1659 1152 1708 1187 τὴν
1722 1152 1851 1188 Γραφὴν,

1054 1199 1118 1226 ἔνθα
1143 1198 1355 1234 πυνθανομένοις
1373 1200 1431 1230 τοῖς
1448 1198 1606 1235 Φαρισαίοις
1621 1198 1685 1234 περὶ
1701 1198 1852 1234 χωρισμοῦ

1053 1245 1182 1278 γυναικὸς
1198 1245 1390 1281 ἀποκρίνεται·
1412 1246 1473 1272 Οὐκ
1492 1244 1651 1280 ἀνέγνωτε,
1669 1244 1713 1271 ὅτι
1725 1245 1777 1271 ἀπ’
1792 1244 1851 1279 ἁρ-

1054 1288 1112 1325 χῆς
1123 1291 1140 1317 ό
1153 1290 1260 1323 κτίσας
1279 1290 1374 1324 ἄρσεν
1389 1291 1439 1317 καὶ
1453 1291 1532 1325 θῆλυ
1556 1290 1700 1324 ἐποίησεν
1714 1291 1829 1324 αὐτούς
1837 1298 1852 1323 ;

1053 1336 1109 1362 Καὶ
1130 1336 1233 1363 εἶπεν·
1256 1337 1378 1364 Ἕνεκεν
1399 1337 1506 1364 τούτου
1532 1337 1707 1372 καταλείψει
1733 1336 1851 1371 ἀνθρω-

1053 1391 1110 1415 πος
1123 1381 1176 1410 τὸν
1188 1381 1310 1417 πατέρα,
1323 1383 1370 1410 καὶ
1384 1383 1418 1410 τὰ
1431 1382 1504 1419 ἑξῆς.

1089 1471 1126 1497 Γ’.
1148 1471 1264 1498 Ἀτοπον
1280 1471 1335 1507 (52)
1349 1471 1379 1498 δὲ
1393 1472 1504 1499 κάκεῖνο
1519 1473 1676 1508 προφανῶς,
1692 1472 1722 1499 τδ
1739 1472 1850 1501 οἴεσθαι

1052 1516 1082 1543 τὺ
1094 1516 1174 1552 σῶμα
1186 1517 1216 1544 ὲν
1225 1518 1258 1553 τῇ
1270 1517 1310 1549 εἰς
1319 1517 1420 1549 αἰῶνας
1429 1517 1550 1553 διαγωγῇ
1563 1517 1600 1553 μὴ
1613 1518 1775 1545 συνέσεσθαι
1787 1519 1849 1553 (55)

1050 1565 1084 1599 τῇ
1107 1563 1190 1598 ψυχῇ,
1213 1563 1256 1590 διὰ
1270 1563 1300 1590 τὸ
1322 1563 1420 1598 δεσμὸν
1439 1563 1505 1589 αὐτὸ
1530 1564 1577 1590 καὶ
1597 1563 1679 1595 πέδας
1693 1561 1781 1591 εἶναι·
1799 1565 1849 1591 ἵνα.

1052 1609 1090 1645 μὴ
1104 1608 1207 1636 αἰώνιοι
1220 1607 1364 1644 γενώμεθα
1381 1609 1541 1645 κατάκριτοι
1555 1609 1702 1645 δεσμῶται,
1720 1611 1782 1637 κατ’
1796 1611 1850 1637 αὐ-

1050 1655 1123 1687 τοὺς,
1140 1654 1243 1691 φθορᾶς
1257 1654 1313 1690 (54)
1327 1656 1355 1681 ὲν
1365 1656 1398 1690 τῇ
1414 1654 1537 1691 βασιλείᾳ
1548 1656 1594 1682 τοῦ
1607 1657 1695 1690 φωτὸς
1704 1657 1847 1692 ἐσόμενοι.

1050 1701 1204 1737 Λελυμὲνου
1221 1701 1275 1737 γὰρ
1294 1701 1403 1732 ἱκανῶς,
1417 1701 1463 1727 καὶ
1475 1700 1677 1737 ἐξελεγχθέντος
1688 1703 1736 1729 τοῦ
1749 1703 1846 1738 λόγου,

1050 1748 1080 1773 ὲν
1098 1744 1121 1781 ᾧ
1139 1747 1237 1783 δεσμὸν
1252 1746 1301 1782 τῆς
1319 1746 1409 1782 ψυχῆς
1434 1746 1563 1782 ὡρίζοντο
1582 1745 1651 1774 εἶναι
1667 1748 1716 1784 τὴν
1740 1748 1846 1783 σάρκα,

1050 1793 1159 1820 λέλυται
1177 1793 1223 1820 καὶ
1237 1793 1277 1825 τὸ,
1295 1793 1338 1820 ἵνα
1354 1793 1391 1828 μὴ
1408 1793 1545 1829 δεσμῶται
1561 1794 1589 1820 ὲν
1605 1795 1637 1829 τῇ
1655 1793 1781 1829 βασιλείᾳ
1795 1794 1848 1821 τοῦ

1052 1839 1150 1875 φωτὸς,
1162 1840 1186 1865 εἰ
1198 1839 1378 1875 ἀπολάϐωμεν
1392 1839 1448 1875 (55)
1461 1839 1556 1876 αὐτὴν,
1567 1839 1695 1876 ἐσόμεθα,
1706 1840 1751 1867 διὰ
1763 1839 1847 1867 τοῦτο

1050 1886 1101 1913 οὐκ
1113 1885 1307 1921 ἀναστήσεται.

1084 1977 1120 2003 Δ’.
1134 1977 1193 2004 ’Ὶνα
1205 1977 1293 2003 τοίνυν
1303 1976 1359 2013 (56)
1376 1976 1412 2012 μὴ
1463 1975 1547 2003 κακὸν
1564 1975 1694 2003 ἀθάνατον
1705 1976 1719 2002 ὁ
1733 1975 1846 2011 ἄνθρω-

1049 2031 1120 2056 πος,
1153 2022 1170 2059 ἢ
1201 2023 1334 2055 ἀείζωον,
1360 2023 1429 2058 ἔχων
1455 2024 1484 2049 ὲν
1507 2021 1596 2057 ἑαυτῷ
1623 2022 1672 2058 τὴν
1701 2022 1845 2058 ἁμαρτίαν

1050 2068 1289 2104 κρατιστεύουσαν,
1306 2068 1356 2095 ἇτε
1377 2069 1405 2095 ἐν
1426 2067 1552 2104 ἀθανάτῳ
1575 2067 1764 2103 βλαστήσασαν
1785 2066 1844 2094 σώ-

1051 2123 1127 2151 ματι,
1148 2115 1195 2142 καὶ
1213 2115 1345 2142 ἀθάνατον
1363 2114 1476 2150 ἔχουσαν
1492 2115 1605 2150 τροφὴν,
1627 2115 1642 2141 ὁ
1662 2114 1728 2145 Θεδς
1755 2114 1844 2140 αὑτὸν

1048 2162 1092 2189 διὰ
1111 2161 1189 2188 τοῦτο
1208 2161 1303 2197 Θνητδν
1326 2161 1485 2196 ἀπεφήνατο
1507 2161 1648 2196 νεκρότητι
1673 2154 1842 2196 περιϐαλών.

1050 2207 1135 2235 Τοῦτο
1152 2208 1206 2244 γὰρ
1222 2208 1246 2234 οἱ
1261 2207 1418 2243 δερμάτινοι
1440 2207 1552 2242 χιτῶνες
1570 2206 1725 2238 ἐϐούλοντο,
1746 2206 1791 2233 ῐνα
1807 2206 1844 2241 δὴ

1049 2255 1094 2282 διὰ
1109 2255 1159 2290 τῆς
1174 2254 1328 2286 ἀναλύσεως
1339 2253 1395 2289 (57)
1411 2252 1457 2280 τοῦ
1476 2253 1601 2289 σώματος
1619 2254 1634 2288 ἡ
1650 2253 1774 2289 ἁμαρτία
1788 2252 1844 2280 κά·-

1049 2299 1135 2328 τωθεν
1158 2299 1347 2336 αὐτόπρεμνος
1367 2300 1441 2326 πᾶσα
1464 2299 1617 2335 διαφθαρῇ,
1635 2298 1672 2330 ὡς
1695 2298 1763 2333 μηδὲ
1788 2298 1846 2326 κᾶν

784 2383 794 2398 ’
807 2381 905 2408 Matth.
923 2388 981 2412 χιχ,
992 2380 1020 2414 4,
1039 2380 1064 2407 5.

1048 2457 1128 2485 codd.
1146 2456 1239 2491 Rupit”.
1259 2459 1285 2483 et
1301 2455 1384 2482 Sirm.

1085 2492 1141 2528 (53)
1159 2488 1356 2528 Σρνέσεσθαι.
1381 2489 1426 2518 Sic
1443 2490 1566 2528 editaAt
1587 2489 1679 2525 llupif.
1698 2493 1726 2517 et
1742 2488 1842 2523 Sirm.,

1051 2525 1234 2557 συνενοῦσθαι,
1251 2527 1346 2553 anima:
1361 2535 1413 2553 non
1426 2525 1578 2553 uniendum.

1086 2563 1141 2598 (54)
1157 2562 1226 2590 Κατ’
1237 2561 1358 2598 αὐτοὺς,
1377 2561 1496 2596 φθορᾶς.
1517 2563 1597 2598 lmpr.
1613 2560 1683 2587 κατά
1693 2559 1759 2592 τοὺς
1775 2560 1844 2596 φθο-

1051 2599 1125 2634 ρέας,
1139 2597 1376 2634 eorrupte.Sit‘m.,
1390 2598 1438 2634 καὶ
1453 2597 1557 2623 ταυτοί.

1083 2633 1139 2669 (55)
1154 2634 1189 2660 Et
1205 2630 1408 2666 ἀπολάϐωμεν.
1422 2632 1503 2667 lmpr.
1517 2636 1543 2659 et
1560 2630 1654 2664 Sirm.,
1670 2631 1704 2666 ἣν
1718 2630 1845 2666 ἀπολαμ-

1047 2668 1172 2696 εἶά-λομεν.

1085 2694 1141 2739 (fili)
1161 2705 1222 2739 Ἵνα
1237 2703 1310 2730 mir.
1330 2703 1368 2729 Ex
1385 2702 1481 2737 Epipli.
1500 2702 1517 2728 l.
1537 2710 1561 2728 c.
1578 2709 1654 2728 num.
1667 2700 1713 2733 Ἡ,
1728 2700 1840 2728 emend.

1049 2747 1081 2767 ex
1091 2738 1158 2766 cod.
1175 2738 1280 2772 Rupit.
1298 2739 1325 2764 in
1337 2745 1391 2772 quo
1404 2741 1430 2764 et
1444 2745 1504 2771 qua:
1519 2740 1680 2772 sequuntur,

1085 2775 1139 2810 (57)
1156 2770 1406 2810 Τῆς-’ᾀναλύσεως
1429 2770 1481 2799 τοῦ
1502 2770 1647 2807 σώματος.
1671 2771 1768 2806 lmpr.,
1790 2770 1842 2806 τῆς

1048 2810 1150 2842 λύσεως
1166 2810 1212 2837 καὶ
1227 2809 1391 2844 διαιρέσεως.
