1920 3070
71 129 121 158 269

612 127 657 156 EX
678 127 781 156 ΜΒΒο
799 127 843 155 DE
863 124 1164 155 RESURRECTIONE.
1181 124 1186 129 ’

1648 124 1701 152 270

74 190 237 228 βραχύτατον
251 190 335 226 ῥίζης
347 191 462 226 ὲαθῆναι
477 191 568 227 μέρος,
582 190 629 225 ἀφ’
639 186 670 217 οὗ
681 190 741 217 νέαι
753 189 864 225 βλάσται

918 191 1057 223 peccatum
1074 187 1201 221 stirpitus
1215 189 1375 214 enecaretur
1387 205 1394 217 ,
1422 192 1453 212 ac
1476 191 1510 212 ne
1536 183 1702 211 tenuissima

76 238 150 266 πάλιν
163 238 379 274 ἁμαρτημάτων
397 237 609 269 ἀναϐλύζωνται.

107 328 144 354 Ε’.
162 325 301 361 Καθάπερ
315 325 385 361 (57‘)
399 325 452 362 γὰρ
468 325 497 352 ὲν
513 325 709 360 οίκοδομήμασι
725 324 797 351 ναῶν
815 333 864 351 κα-

77 373 130 404 λοῖς
145 372 201 407 (58)
218 372 292 407 συκῆ
308 371 480 410 γεννηθείσα,
495 371 543 398 καὶ
557 372 596 402 είς
613 370 740 398 ἔκστασιν
754 371 801 398 καὶ
817 371 865 406 μέ-

76 419 150 453 γεθος
170 419 384 453 εὖτραφήσασα,
405 418 450 445 καὶ
475 418 521 444 ἐπὶ
545 417 636 449 πάσας
663 417 712 449 τὰς
733 417 864 452 ἁρμονίας

77 464 294 499 πολυκλημάτοις
307 464 397 499 ῥίζαις
408 463 462 491 τῶν
471 463 551 490 λίθων
562 463 708 499 κεχυμένη,
724 463 754 490 οὗ
766 463 864 499 πρότε-

77 519 121 545 ρον
131 509 177 536 τοῦ
189 509 269 543 φύειν
282 509 430 542 στέλλεται,
442 510 494 541 ἕως
503 511 578 536 πᾶσα
587 509 761 544 ἀποσπασθῇ,
773 508 866 536 λυθέν-

75 563 127 581 των
140 555 194 581 τῶν
211 555 274 581 καθ’
296 554 344 587 οὒς
360 554 507 590 ἐϐλάστησε
524 555 622 587 τόπους
635 554 690 582 τῶν
705 555 801 582 λίθωνσ
821 555 865 581 δυ-

75 601 152 627 νατὸν
166 601 223 635 γὰρ
233 602 275 632 είς
289 601 352 633 τοὺς
364 601 467 628 ἑαυτῶν
480 601 680 637 ὲναρμοσθῆναι
691 602 790 634 τόπους
803 602 865 633 τοὺς

75 647 173 679 λίθους,
187 647 237 682 τῆς
254 647 341 682 συκῆς
356 646 545 683 ἀφῃρημένης,
558 648 631 678 ὅπως
643 648 657 673 ὁ
672 647 720 682 μὲν
735 647 797 679 ναὸς
814 647 866 674 ad)-

76 695 164 729 ζηται,
175 693 262 729 μηδὲν
275 693 327 719 τῶν
341 692 525 728 ἀφανιζόντων
541 693 621 720 αὐτὸν
635 693 727 720 κακῶν
738 694 766 720 ὲν
779 693 866 728 ἑαυτῷ

78 741 174 775 μηκέτι
190 740 282 774 φέρων
293 759 300 771 ,
311 740 327 775 ή
344 739 372 765 δὲ
386 739 454 774 συκῆ
467 739 650 775 πρώέλυμνος
662 739 866 766 ἁπόσπασθεῖσα

77 787 215 822 ἀποθάνῃ·
234 786 304 813 κατὰ
321 785 406 813 ταῦτα
420 786 467 813 καὶ
479 787 493 812 ὁ
505 786 570 816 Θεὸς
580 786 594 812 ὁ
608 786 731 821 τεχνίτης
745 786 790 812 τὸν
804 787 866 812 ἑαυ-

76 833 120 859 τοῦ
138 832 204 863 νεὼ.
227 832 274 858 τὸν
299 831 452 867 ἄνθρωπον,
474 831 551 867 δίκην
576 832 675 867 ἀγρίας
699 831 794 866 συκῆς,
816 831 866 866 τὴν

76 877 214 913 ἁμαρτίαν
230 877 428 911 βλαστήσαντα,
443 875 588 902 διεκώλυσε
602 876 717 903 θανάτου
734 876 865 911 προσκαί-
881 873 901 899 Β

79 932 132 958 ροις
147 922 315 958 προσϐολαῖς
325 930 332 937 ·
345 922 524 955 ἀποκτείνων,
537 922 606 949 κατὰ
619 922 649 948 τὸ
663 922 863 958 γεγραμμένον,

78 971 122 996 καὶ
135 968 278 1002 ζωοποιῶν
288 977 295 984 ·
311 969 355 995 ἵνα
368 968 448 996 πάλιν
466 968 521 995 τῶν
535 968 625 995 αὐτῶν
645 969 660 1004 ἡ
679 967 746 1004 σὰρξ
764 968 864 1004 μερῶν,

80 1015 145 1050 μετὰ
159 1016 191 1042 τὸ
205 1015 372 1051 ξηρανθῆναι
386 1015 432 1042 καὶ
446 1015 591 1042 ἀποθανεῖν
606 1015 635 1041 τὸ
651 1015 811 1050 ἁμάρτημα,
827 1014 866 1040 δί-

79 1069 127 1095 κην
140 1059 433 1095 ὰνακαινοποιηθέντος
447 1059 522 1092 ναοῦ,
539 1059 673 1090 ἀθάνατος
686 1060 734 1085 καὶ
748 1059 866 1094 ἀπήμων

79 1107 186 1142 ἐγερθῇ,
211 1106 312 1138 τελέως
335 1107 367 1132 ὲκ
385 1106 491 1142 βάθρων
515 1105 685 1141 ἀπολομένης
706 1105 754 1140 τῆς
775 1106 865 1141 ἁμαρ-

78 1153 143 1185 τίας.
161 1153 272 1184 Ζῶντος
289 1153 343 1188 γὰρ
362 1152 402 1179 ἔτι
421 1151 468 1179 τοῦ
485 1152 620 1188 σώματος,
637 1151 690 1188 πρὸ
709 1151 756 1178 τοῦ
771 1151 866 1187 τεθνή-

78 1200 182 1234 ξασθαι,
202 1199 288 1235 συζῇν
305 1199 411 1235 ἀνάγκη
427 1199 475 1226 καὶ
490 1198 538 1234 τὴν
560 1198 708 1234 ἁμαρτίαν,
722 1198 795 1224 ἔνδον
818 1198 866 1230 τὰς

78 1245 152 1281 ῥίζας
165 1246 254 1280 αὐτῆς
271 1246 300 1271 ἐν
317 1246 384 1280 ἡμῖν
404 1244 648 1280 ἀποκρύπτουσαν,
669 1244 693 1269 εί
709 1243 756 1269 καὶ
768 1241 876 1275 ἔξωθεν

77 1294 170 1328 τομαῖς
180 1293 244 1324 ταῖς
257 1291 312 1318 ἀπὺ
322 1291 376 1318 τῶν
388 1290 584 1327 σωφρονισμῶν
599 1289 666 1325 (59),
681 1289 727 1315 καὶ
738 1288 792 1315 τῶν
807 1296 867 1315 νου-

77 1338 210 1374 θετήσεων
225 1337 410 1365 άνεστέλλετο.
434 1336 509 1363 Ἐπεὶ
525 1335 571 1363 οὖν
583 1337 632 1363 οὐκ
643 1335 675 1362 ἂν
689 1334 758 1370 μετὰ.
768 1335 797 1361 τὺ
814 1343 867 1369 φω-

76 1384 199 1419 τισθῆναι
224 1383 382 1410 συνέϐαινεν
401 1383 514 1415 ἀδικεῖν,
535 1382 583 1410 ἆτε
603 1383 774 1410 παντάπασιν
799 1382 865 1408 εἰλι-

76 1430 174 1466 κρινῶς
185 1430 368 1466 ἀφῃρημένης
383 1429 429 1463 ἀφ’
447 1428 524 1464 ἡμῶν
540 1429 591 1463 τῆς
606 1428 751 1464 ἁμαρτίας.
768 1427 825 1455 Νῦν
838 1427 866 1454 δὲ

73 1478 120 1505 καὶ
139 1476 210 1513 μετὰ
225 1476 256 1503 τὺ
275 1475 434 1508 πιστεῦσαι,
452 1476 499 1502 καὶ
514 1476 560 1502 ἐπὶ
575 1476 606 1502 τὸ
625 1475 697 1511 ὕδωρ
717 1475 804 1502 ἐλθεῖν
819 1473 866 1501 τοῦ

75 1522 224 1559 ἁγιασμοῦ,
243 1522 372 1554 πολλάκις
383 1523 411 1548 ὲν
424 1521 570 1557 ἁμαρτίαις
583 1521 658 1553 ὅντες
670 1521 865 1557 εὑρισκόμεθα.

75 1569 168 1600 Οὐδεὶς
187 1569 244 1604 γὰρ
257 1568 344 1600 οὕτως
356 1568 494 1604 ἁμαρτίας
511 1567 589 1599 ὲκτὺς
603 1566 672 1594 εἶναι
687 1567 864 1603 καυχήσεται,

75 1615 112 1646 ὡς
124 1614 192 1650 μηδὲ
204 1614 257 1641 κᾶν
267 1614 451 1649 ἐνθυμηθῆναι
460 1614 489 1640 τὸ
498 1613 604 1640 σύνολον
612 1613 679 1645 ὅλως
689 1613 737 1648 τὴν
748 1613 864 1639 ἀδικίαν.

75 1660 155 1685 Ὥστε
175 1659 336 1694 συμϐέϐηκε
351 1659 406 1695 (60)
425 1658 615 1685 συστέλλεσθαι
631 1659 690 1692 μὲν,
711 1659 758 1685 καὶ
770 1666 866 1685 κατευ-

75 1705 203 1737 νᾱζεσθαι
218 1707 252 1740 τῇ
268 1705 358 1732 πίστει
370 1705 417 1732 νῦν
431 1705 481 1740 τὴν
493 1705 641 1741 ἁμαρτίαν,
659 1706 699 1737 είς
715 1704 746 1731 τὺ
763 1705 799 1741 μὴ
816 1704 866 1739 φύ-

76 1759 118 1778 οιι
136 1750 193 1785 (61)
211 1751 338 1786 καρποὺς
359 1750 544 1785 βλαϐοποιοὺς,
562 1750 593 1777 οὺ
617 1750 668 1786 μὴν
692 1750 867 1785 ἀνασπασθῆ-

75 1807 118 1825 ναι
142 1798 191 1824 καὶ
214 1797 271 1823 τῶν
291 1795 374 1832 ῥιζῶν
403 1797 492 1833 ἄχρις.
515 1796 572 1824 Νῦν
596 1797 644 1832 μὲν
675 1796 791 1823 ἐνταῦθα
817 1797 867 1829 τὰς

77 1844 193 1879 βλάστας
212 1843 311 1877 αὐτῆς,
334 1840 390 1870 οἷον
410 1843 461 1874 τὰς
483 1842 646 1878 ἐνθυμήσεις
673 1843 722 1874 τὰς
734 1844 864 1879 πονηρὰς,

78 1889 270 1924 συστέλλομεν,
293 1889 329 1924 μή
351 1897 393 1920 τις
411 1889 474 1924 ῥίζα
487 1889 599 1925 πικρίας
616 1889 672 1916 ἄνω
701 1889 804 1924 φύουσα
824 1891 866 1916 ὲν-

76 1935 190 1972 οχλήσῃ,
215 1935 253 1971 μὴ
269 1935 368 1965 ἐῶντες
381 1935 522 1970 ἁναμύειν,
534 1935 581 1961 καὶ
597 1935 760 1970 διοίγνυσθαι
773 1935 808 1962 τὰ
820 1944 879 1972 με-¹

79 1982 183 2017 μυκότα
197 1981 298 2016 στόμια
314 1981 382 2016 πρὸς
402 1981 451 2013 τὰς
467 1982 595 2016 ἐκφύσεις
605 1990 611 1997 ·
634 1982 682 2008 τοῦ
696 1982 773 2017 λόγου
790 1982 867 2017 δίκην

78 2028 171 2063 ἁξίνης
195 2027 266 2060 πρὸς
288 2027 337 2058 τὰς
361 2026 438 2061 ῥίζας
458 2027 544 2062 αὐτῆς
565 2027 614 2059 τὰς
631 2028 706 2055 κάτω
731 2028 868 2063 φυομένας

879 1547 901 1576 C

913 233 1025 269 quidem
1040 233 1114 260 ﬁbra:
1133 236 1316 263 remanerem,
1332 231 1404 258 unde
1419 238 1489 258 nova
1508 230 1625 258 subinde
1639 238 1700 265 ger-

913 280 988 307 mina
1006 283 1180 314 peccatorum
1201 283 1384 312 erumperem.

950 325 983 352 V.
1008 325 1042 352 Ut
1057 325 1129 352 enim
1147 324 1299 360 magniﬁcis
1316 324 1478 359 templorum
1498 324 1644 352 structuris
1656 332 1703 352 ca-

915 370 1027 405 priﬁcus
1043 377 1180 402 crescens,
1199 374 1281 404 atque
1295 369 1322 396 in
1338 369 1483 396 maximam
1495 370 1701 404 amplitudinem

916 416 1086 450 adolescens,
1104 419 1131 444 et
1145 415 1342 450 multiplicibus
1367 415 1488 442 radicum
1515 416 1635 444 brachiis
1654 425 1701 452 per

915 471 1010 491 omnes
1023 463 1143 498 lapidum
1159 461 1256 490 diffusa
1270 469 1425 497 compages,
1441 470 1495 489 non
1511 463 1588 497 prius
1609 471 1703 491 excre-

915 517 992 537 scere
1010 517 1042 537 ac
1068 509 1201 544 pullulare
1230 508 1340 540 desinit,
1357 516 1440 544 quam
1465 508 1587 543 disjectis
1615 518 1647 536 ex
1671 517 1704 537 eo

917 556 988 584 unde
1003 560 1083 584 enata
1103 562 1145 585 est
1173 556 1233 583 loco
1255 556 1401 591 lapidibus,
1418 560 1474 582 tota
1488 555 1597 591 penitus
1611 557 1704 584 evulsa

917 603 1044 630 concldat
1060 612 1066 630 :
1086 607 1143 630 tum
1158 603 1243 636 enim,
1259 603 1366 630 sublata
1374 603 1514 637 capriﬁce,
1528 603 1633 637 lapides
1647 603 1705 630 suis

906 648 985 676 locis
999 651 1114 684 possunt
1125 648 1243 680 restitui,
1264 652 1294 674 ut
1310 652 1336 676 et
1348 648 1478 683 templum
1491 649 1580 683 ipsum
1597 649 1704 675 incolu-

917 702 960 722 me
973 699 1107 728 servetur,
1131 703 1193 722 cum
1210 695 1314 722 nullum
1342 695 1458 730 amplius
1486 703 1519 722 ex
1544 695 1578 722 iis
1606 695 1706 730 quibus

917 741 1099 774 evertebatur,
1116 741 1296 768 incommodis
1309 741 1422 774 habeat;
1438 741 1582 776 capriﬁcus
1592 750 1656 769 vero
1672 743 1706 770 ab

919 788 980 816 imis
1000 788 1140 816 radicibus
1155 788 1249 816 evulsa
1265 789 1419 816 moriatur:
1437 788 1470 815 ad
1487 788 1611 815 eumdem
1627 789 1706 824 plane

918 834 1028 861 modum
1043 833 1138 861 artifex
1155 834 1201 861 ille
1213 833 1297 866 Deus,
1309 835 1441 869 templum
1453 842 1543 866 suum,
1556 835 1705 868 hominem,

917 879 962 914 qui
977 883 1130 915 peccatum,
1143 879 1264 914 capriﬁci
1294 880 1436 914 cujusdam
1460 880 1556 911 instar,
1570 880 1708 914 produxe-

917 931 968 958 rat,
993 926 1088 953 mortis
1118 925 1152 952 ad
1179 930 1284 960 tempus
1313 926 1510 960 impressione,
1530 926 1707 954 l'ruticatione

917 972 1033 999 inhibuit
1056 971 1111 1006 (65)
1126 981 1132 997 :
1150 972 1285 1006 quljuxta
1299 972 1371 1007 quod
1383 973 1513 1006 scriptum
1530 977 1572 1000 est
1584 974 1616 1004 ",
1632 974 1706 1000 occi-

916 1017 962 1044 dat
979 1021 1006 1044 et
1019 1016 1110 1044 vivere
1122 1016 1221 1044 faciat:
1236 1022 1266 1044 ut
1283 1017 1380 1044 iisdem
1397 1017 1519 1052 partibus
1528 1025 1603 1049 caro,
1616 1020 1707 1045 exsic-

916 1065 978 1088 eato
1001 1061 1236 1096 intermortuoque
1249 1066 1371 1096 peccato,
1390 1061 1462 1088 velut
1476 1062 1603 1096 templum
1619 1063 1707 1097 quod-

916 1108 978 1135 dam
992 1107 1184 1139 instauratum,
1202 1108 1365 1136 immortalis
1382 1108 1538 1143 illaasaque,
1566 1109 1674 1136 sublato
1690 1117 1704 1136 a

916 1152 1101 1181 fundamentis
1133 1153 1331 1189 proﬁigatoque
1369 1158 1500 1189 peccato,
1541 1160 1706 1190 resurgeret.

916 1199 1022 1228 Etenim
1037 1200 1158 1235 quandiu
1173 1208 1273 1235 corpus
1295 1200 1371 1233 vivit,
1389 1207 1440 1227 nec
1463 1200 1551 1228 adhuc
1567 1207 1705 1229 mortuum

916 1251 973 1279 est,
989 1254 1052 1274 cum
1066 1254 1099 1274 eo
1111 1247 1202 1274 vivere
1217 1251 1360 1281 peccatum
1386 1254 1498 1274 necesse
1526 1250 1568 1274 est
1578 1266 1585 1279 ν
1612 1252 1639 1274 et
1657 1255 1706 1274 OC-

917 1292 1005 1319 cultas
1022 1292 1050 1318 in
1066 1292 1146 1319 nobis
1163 1291 1270 1319 radices
1287 1299 1384 1327 agere,
1401 1292 1577 1326 quantumvis
1591 1292 1703 1327 quibus-

917 1337 979 1365 dam
993 1338 1068 1365 velut
1082 1337 1291 1372 castigationum
1317 1337 1612 1372 reprehensionumque
1626 1342 1706 1373 puta-

916 1382 1036 1410 tionibus
1054 1385 1224 1409 coerceatur.
1253 1382 1380 1417 Alioquin
1393 1387 1453 1416 post
1467 1382 1628 1417 baptismum
1644 1383 1706 1409 nul-

917 1429 973 1456 lum
989 1429 1044 1463 jam
1059 1428 1150 1456 scelus
1173 1432 1379 1464 perpetramus,
1405 1432 1580 1465 posteaquam
1610 1437 1708 1464 pecca-

917 1479 974 1502 tum
990 1481 1006 1501 ιι
1019 1474 1100 1502 nobis
1120 1474 1244 1502 funditus
1265 1478 1338 1501 esset
1354 1474 1500 1511 sublatum.
1525 1474 1606 1509 Atqui
1624 1475 1706 1502 etiam

916 1525 978 1556 post
988 1525 1142 1556 susceptam
1158 1520 1249 1552 ﬁdem,
1261 1528 1293 1548 ac
1313 1524 1455 1556 postquam
1472 1521 1505 1548 ad
1522 1528 1619 1555 aquam
1633 1521 1707 1547 illam

918 1567 1134 1595 sanctiﬁcantem
1150 1567 1334 1600 accessimus,
1362 1569 1432 1602 saepe
1458 1567 1577 1602 peccatis
1596 1567 1706 1594 obnoxii

918 1614 1084 1641 invenimur.
1102 1613 1195 1648 Neque
1211 1614 1284 1641 enim
1298 1613 1365 1641 adeo
1378 1621 1408 1641 se
1424 1614 1572 1640 immunem
1583 1613 1617 1640 ab
1631 1613 1706 1640 omni

918 1663 1031 1694 peccato
1047 1659 1158 1694 gloriari
1172 1659 1307 1694 quispiam
1327 1662 1426 1693 potest,
1446 1663 1474 1685 ut
1488 1666 1522 1685 ne
1540 1659 1707 1693 cogitatione

920 1705 1028 1740 quidem
1056 1705 1146 1733 scelus
1171 1705 1255 1732 ullum
1273 1704 1406 1731 admittat.
1423 1704 1513 1737 Quare
1541 1704 1657 1736 accidit,
1677 1708 1707 1731 ut

919 1751 1001 1778 modo
1013 1751 1123 1786 quidem
1146 1746 1289 1785 peccatum
1316 1751 1369 1778 ﬁde
1388 1751 1551 1786 reprimatur
1567 1754 1593 1777 et
1607 1758 1707 1778 conso-

918 1797 1019 1832 piatur,
1036 1801 1066 1823 ut
1078 1804 1112 1824 ne
1124 1797 1293 1832 perniciosos
1315 1796 1421 1824 fructus
1442 1797 1568 1829 emittat;
1589 1804 1643 1823 non
1666 1800 1707 1823 ta-

920 1851 981 1870 men
990 1847 1019 1869 ut
1030 1843 1142 1870 omnino
1158 1851 1190 1870 ac
1204 1843 1337 1871 radicitus
1349 1842 1703 1878 exstinguatur.Quocirca,

919 1896 993 1916 nunc
1006 1889 1115 1924 quidem
1131 1889 1204 1917 illius
1221 1889 1352 1925 germina.
1369 1897 1468 1924 pravas
1491 1889 1619 1916 nimirum
1634 1889 1708 1923 cogi-

918 1935 1045 1967 tationes,
1063 1935 1233 1968 inhibemus;
1250 1944 1341 1971 nequa
1356 1934 1435 1962 radix
1448 1934 1636 1961 amaritudinis
1650 1942 1707 1961 sur-

918 1989 977 2008 sum
993 1981 1141 2015 germinans
1155 1982 1187 2014 “,
1203 1981 1355 2008 molestiam
1380 1980 1459 2007 nobis
1480 1980 1574 2007 afferat
1587 1987 1594 2005 :
1609 1987 1642 2007 ac
1656 1987 1708 2007 nec

919 2031 1027 2063 apertas
1043 2027 1075 2054 ad
1097 2027 1285 2062 pullulandum
1309 2027 1367 2054 vias
1390 2035 1421 2054 ac
1440 2027 1605 2062 spiramenta
1624 2025 1703 2053 debi-

78 2074 235 2108 τέμνοντος.
253 2073 320 2100 Τάτε
342 2073 390 2100 καὶ
411 2073 441 2100 τὸ
461 2074 529 2106 ὅλως
552 2073 787 2109 ὲνθυμηθήσεσθαι
804 2074 865 2109 περὶ

918 2081 997 2101 acere
1009 2081 1041 2101 ac
1054 2073 1176 2108 pateﬁeri
1201 2073 1317 2101 sinimus
1327 2092 1335 2105 ,
1356 2073 1448 2100 divino
1464 2073 1553 2100 Verbo
1566 2092 1574 2106 ,
1603 2073 1708 2101 securis

79 2120 176 2151 κακίας
191 2119 418 2155 ἀφανισθήσεται.

919 2120 1018 2150 instar,
1034 2119 1196 2147 fruticantes
1218 2119 1365 2146 identidem
1391 2119 1426 2146 ab
1440 2118 1532 2146 radice
1545 2119 1646 2153 stirpes
1657 2126 1706 2146 ex-

80 2166 196 2194 cidente.
213 2167 248 2192 At
270 2166 297 2193 in
313 2165 406 2192 futuro
419 2165 466 2192 illo
480 2168 564 2198 statu.
580 2165 645 2192 mali
657 2165 747 2193 omnis
760 2165 803 2193 vel
817 2165 909 2192 futura
924 2164 1057 2200 cogitatio
1075 2165 1198 2192 tolletur.

114 2212 160 2245 ς’.
180 2211 249 2247 Φέρε
266 2211 321 2247 (62)
339 2211 402 2246 γὰρ,
421 2211 530 2238 ἐπειδὰν
548 2211 652 2237 πολλῶν
667 2211 707 2237 δεῖ
722 2211 776 2238 τῶν
802 2211 865 2246 περὶ

953 2211 999 2238 Vl.
1019 2212 1075 2246 Age
1088 2211 1173 2244 enim,
1187 2211 1316 2246 quoniam
1326 2211 1420 2239 multis
1431 2218 1522 2238 rerum
1537 2210 1707 2245 ejuscemodi

80 2258 114 2285 τέι
133 2258 247 2285 τοιαῦτα
268 2257 505 2294 παραδειγμάτων,
520 2257 644 2284 ἐντεῦθεν
661 2257 731 2284 αὐτὰ
751 2256 867 2293 μάλιστα

83 2304 276 2339 σκεπτὼμεθα,
299 2303 335 2339 μὴ
361 2303 539 2339 ἀφιστάμενοι
561 2304 624 2339 πρὶν
642 2303 675 2330 ἂν
698 2304 738 2335 εἰς
761 2303 869 2339 εὐδηλο-

80 2350 164 2385 τέραν
185 2350 333 2386 ἑρμηνείαν
361 2350 569 2385 ἀποτελευτῆσει
583 2350 628 2376 καὶ
643 2349 778 2382 ἀπόδειξιν
795 2351 808 2376 ὁ
824 2350 868 2375 λό-

80 2403 136 2430 γος.
151 2396 276 2422 Φαίνεται
291 2396 380 2423 τοίνυν
390 2396 485 2432 ὥσπερ
499 2395 526 2422 εί
541 2404 582 2427 τις
596 2395 761 2432 δημιουργὸς
774 2395 867 2431 ἄκρος,

117 2496 140 2511 ¹⁶
151 2495 229 2523 Deut.
244 2502 331 2528 xu".
350 2495 393 2523 39.
426 2496 446 2512 “
466 2495 532 2523 "ab.
547 2503 597 2528 ιη,
614 2495 641 2523 5.

117 2586 186 2622 (5T)
202 2586 315 2614 Καθάπ.
329 2586 374 2622 Ex
384 2585 558 2622 Epipli.‘bzer.
571 2593 600 2612 n.
611 2585 655 2612 9.5.

116 2620 306 2657 (58)’Καλοῐς.
323 2620 523 2657 Εύὶι.,“κὶιλῶνἐ
536 2620 650 2657 Εινιηοι.
666 2620 866 2657 εὑτροξρήσασα.

131 2656 176 2692 59)
191 2657 420 2692 Σωφρονισμῶνξ.
439 2656 488 2684 Ms.
507 2655 612 2692 Rupit,
628 2655 784 2692 συμφορῶν.

129 2691 173 2725 ϐυ)
189 2692 370 2726 Συμϐἐεηκε.
396 2691 479 2724 Edit.,
493 2691 651 2726 συνέστηκε.
665 2691 726 2718 Mox
737 2697 787 2726 pro
801 2699 868 2716 κατ-

83 2726 252 2759 ευνάζεσθαι,
263 2728 326 2762 cod.
346 2727 434 2762 Βιιρ.ἱ
443 2726 625 2758 κατευνάζειν.

86 2763 93 2771 ⁵
118 2762 172 2796 (61)
190 2763 296 2789 Φύσαι.
311 2760 395 2793 Ειιίι.,
410 2760 490 2788 οῖσαι.

118 2797 171 2833 (62)
188 2798 271 2832 Φέρε,
290 2806 357 2833 κητ.
375 2797 399 2824 λ.
415 2797 451 2823 Ε(
469 2796 565 2831 Epiph.
584 2796 671 2833 πλε-ι.

119 2831 172 2867 (63)
188 2831 372 2860 Ffuticatione
408 2832 527 2859 inhibuit.
541 2832 703 2864 Διεκώλυσε,
713 2839 811 2867 nempe
821 2831 868 2858 τοῦ

87 2867 249 2902 βλαστάνειν.
266 2868 329 2895 Alia
347 2867 427 2896 lectio
441 2867 572 2903 Epiphan.
590 2867 693 2895 διέλυσε
705 2868 787 2895 etiam
802 2875 867 2894 con-

920 2257 1051 2292 exemplis
1064 2265 1134 2293 opus
1151 2261 1193 2285 est
1209 2257 1266 2294 (64)
1277 2278 1284 2290 ,
1309 2258 1373 2285 hinc
1387 2257 1558 2293 potissimum
1574 2257 1626 2284 ista
1642 2264 1709 2284 con-

907 2304 1090 2337 sideremus;
1106 2312 1194 2339 neque
1219 2305 1294 2339 prius
1309 2304 1343 2332 ab
1358 2312 1390 2332 eo
1405 2308 1565 2339 argumento
1584 2303 1709 2331 disceda-

922 2358 984 2378 mus
996 2370 1003 2383 ,
1023 2357 1104 2386 quam
1121 2351 1149 2378 in
1164 2351 1306 2378 clariorem
1321 2350 1530 2385 explicationem
1548 2357 1579 2376 ac
1608 2349 1708 2384 proba—

921 2396 1022 2424 tionem
1046 2400 1141 2425 nostra
1164 2396 1275 2424 desierit
1294 2396 1392 2424 oratio.
1409 2395 1524 2423 Perinde
1546 2397 1628 2432 igitur
1640 2404 1708 2424 con-

954 2584 1004 2611 uit.

921 2592 1004 2620 gruit.

958 2619 1014 2655 (64)
1032 2618 1276 2655 Ωιιοῃίαπινηιιιίιίι
1288 2627 1385 2655 ferum
1411 2618 1569 2655 ejuscemodi
1584 2619 1709 2653 exemplis

923 2663 986 2690 opus
1004 2653 1051 2681 est.
1076 2654 1204 2690 Ἐπειδὰν
1215 2653 1320 2690 πολλῶν
1334 2655 1374 2680 δεῖ
1391 2654 1445 2680 τῶν
1462 2655 1526 2690 περὶ
1544 2654 1578 2690 τὰ
1599 2655 1710 2681 τοιαῦτα

923 2688 1162 2725 παραδειγμάτων.
1184 2688 1321 2725 Transitio
1338 2693 1380 2716 est
1398 2690 1443 2725 ab_
1451 2688 1574 2724 exemplo
1587 2690 1708 2724 capriﬁci

922 2730 949 2753 et
964 2721 1108 2760 templi-ad
1123 2724 1274 2760 exemplum
1292 2725 1392 2757 simile,
1408 2721 1467 2751 viiii
1480 2721 1658 2759 labi’squefet
1671 2726 1709 2752 si-

922 2759 1054 2793 mulacri;
1076 2759 1104 2786 in
1119 2759 1218 2794 quibus
1233 2760 1367 2787 ambobus
1383 2760 1488 2787 destrui
1507 2763 1630 2794 oporteat
1643 2761 1708 2788 sub

923 2795 1022 2830 iectum
1035 2796 1131 2823 iterum
1146 2795 1364 2827 instaurandum,
1376 2800 1405 2822 ut
1415 2799 1508 2830 pereat
1522 2795 1594 2829 quod
1609 2796 1708 2821 malum

922 2831 1049 2858 accessit.
1063 2831 1119 2858 Non
1132 2830 1199 2858 satis
1213 2831 1319 2858 videtur
1334 2831 1485 2864 exprimere
1500 2831 1634 2864 inlcrpres
1649 2830 1710 2864 Epis

921 2866 1013 2901 pbanii
1028 2876 1035 2894 ;
1051 2866 1181 2899 Quoniam
1197 2866 1285 2895 multis
1301 2866 1334 2894 ad
1350 2866 1378 2893 id
1393 2866 1516 2901 exemplis
1531 2875 1592 2900 opus
1602 2870 1656 2895 .cst.
