1920 3070
215 115 265 143 5‘7!

694 114 724 143 S.
745 114 911 143 METHODII
930 113 1085 142 EPlSCOPl
1103 114 1147 142 ET
1167 114 1346 144 MARTYRIS

1783 119 1839 147 272

216 174 312 210 tigisse
326 173 391 200 mihi
411 173 537 206 videtur,
564 180 596 201 ac
623 173 645 201 si
670 173 851 209 peritissimus
866 173 997 209 quispiam

1051 172 1160 208 ἄγαλμα
1177 173 1257 200 καλὸν
1271 174 1325 201 ἀπὸ
1342 173 1443 210 χρυσοῦ
1465 174 1520 210 (66)
1544 177 1798 212 κατεσκευασμένον
1819 178 1838 213 ἦ

215 221 311 248 artifex
325 220 461 255 egregiam
480 228 512 247 ex
525 227 593 247 auro
607 220 648 248 vel
664 221 716 247 alia
741 221 855 248 materia
879 225 998 248 statuam

215 276 230 295 a
242 276 271 296 se
284 267 454 299 fabricatam,
470 274 502 294 ac
513 267 642 294 membris
655 267 781 295 omnibus
795 267 928 295 concinne
944 266 992 294 ele-

212 319 360 350 ganterque
374 314 544 348 perpolitam,
561 314 674 341 alteram
689 313 803 347 conﬂet;
821 313 866 341 ubi
882 312 998 340 subinde

213 368 229 387 a
259 359 427 395 nequissimo
452 359 543 394 aliquo
571 359 700 387 foedatam
728 359 932 391 animadvertit,
950 357 998 393 qui

213 401 284 433 hanc
312 409 408 432 statua:
425 405 656 440 pulchritudinem
683 414 738 441 prae
761 405 863 433 invidia
880 412 935 432 non
958 403 998 431 fc-

211 460 285 484 rens,
300 451 388 479 labem
403 451 533 486 aliquam,
545 451 654 479 inanem
669 459 702 479 ett
716 451 818 478 invidia
831 451 997 486 voluptatem

211 504 399 534 percepturus,
422 498 554 527 intulerit.
571 498 763 526 Animadverte
786 497 869 529 enim,
889 496 998 532 sapien-

211 545 317 573 tissime
331 544 508 580 Aglaophon:
534 543 563 571 Si
584 545 658 571 nullo
676 551 790 580 prorsus
808 543 888 570 modo
904 542 998 570 volue-

210 591 247 618 rit
264 590 361 618 artifex
373 591 473 618 habere
487 590 657 625 deturpatam
677 594 795 618 statuam
820 597 901 625 quam
920 592 997 615 tanto

212 637 303 665 studio
320 637 507 672 elegantiaque
519 637 680 669 elaboravit,
698 643 806 664 rursum
827 635 906 670 plane
917 633 997 661 indu-

210 687 254 710 cct
268 683 295 710 in
312 683 444 714 animum,
460 687 489 710 ut
512 683 655 710 conflatam
684 682 757 709 illam
771 703 778 713 ,
803 681 892 716 qualis
916 683 996 707 antea

210 733 279 761 erat,
292 728 405 755 reﬁciat.
424 727 502 760 Quod
527 728 549 755 si
563 727 676 755 fundere
689 728 789 758 denuo,
805 731 886 761 atque
901 725 935 752 ab
953 724 997 752 in-

211 779 288 809 tegro
304 774 447 802 restituere
462 777 489 801 et
501 773 653 802 instaurare
667 782 722 801 non
735 774 838 809 placeat
854 782 860 799 :
879 771 926 800 sed
941 778 997 798 me-

211 822 306 850 dicans
315 825 422 848 tantum
437 826 463 848 et
473 822 622 856 corrigens,
639 822 675 848 ita
686 822 725 849 uti
739 829 768 849 se
790 821 891 848 habet.
914 819 996 847 relin-

1053 219 1117 254 ὅλης
1136 219 1231 255 ἐτέρας
1252 219 1335 255 αὐτῷ,
1353 220 1400 246 καὶ
1421 221 1508 247 πάντα
1524 221 1558 248 τά
1579 222 1645 257 μέλη
1671 223 1839 258 συμμέτρως

1051 266 1090 297 εἰς
1104 266 1199 298 κάλλος
1214 266 1472 302 διακεκοσμημένον,
1487 268 1566 294 πάλιν
1578 268 1702 303 χωνεύοι,
1715 269 1838 306 λελωϐη-

1052 311 1130 347 μένον
1145 312 1221 346 ἄφνω
1237 313 1402 348 θεασάμενος
1415 313 1467 340 ὑπό
1477 322 1548 345 τινος
1559 314 1702 350 ἀνθρώπου
1715 323 1838 351 ,πονηρο-

1050 357 1142 389 τᾶτου,
1158 358 1188 390 ὃς
1205 359 1255 386 οὐκ
1274 358 1392 394 ἐνεγκὼν
1406 359 1458 386 ὑπὸ
1475 359 1622 394 βασκανίας
1637 360 1775 396 εὐπρεπὲς
1794 359 1837 388 εῖ-

1050 413 1094 431 ναι
1120 404 1150 430 τὸ
1168 404 1288 440 ἄγαλμα,
1315 406 1431 438 ὲσίνατο,
1459 406 1574 441 ματαίαν
1594 406 1689 442 ἡδονὴν
1711 407 1839 442 καρπού-

1052 459 1131 485 μενος
1147 450 1202 487 (67)
1222 452 1268 478 τοῦ
1290 451 1395 486 φθόνου.
1419 452 1540 488 Πρόσχες
1558 452 1621 488 γὰρ,
1645 450 1667 480 ὦ
1694 453 1836 487 σοφώτατε

1057 494 1218 530 Ἀγλαοφῶν,
1244 495 1296 528 ὃτι,
1317 496 1342 522 ει
1370 496 1489 531 βούλοιτο
1509 497 1545 532 μὴ
1565 495 1634 525 εἶναι
1654 499 1837 534 σεσινωμὲνον

1049 539 1116 572 ὅλως
1138 542 1152 567 ὁ
1174 542 1337 578 δημιουργὸς
1362 544 1408 571 καὶ
1431 543 1529 578 ψεκτὸν
1557 545 1588 572 τὸ
1611 544 1679 579 μετὰ
1698 546 1835 582 τοσαύτης,

1048 587 1122 622 αὑτῷ
1141 588 1258 623 σπουδῆς
1278 597 1308 614 τε
1330 589 1377 615 καὶ
1401 590 1536 624 φροντίδος
1561 591 1746 627 πεπονημένον
1763 591 1836 627 (68),

1049 632 1129 659 πάλιν
1155 635 1378 670 προτραπήσεται
1406 637 1595 671 συγχωνεύσας
1625 638 1700 670 αὐτὸ,
1727 638 1839 665 τοι,οὲτο

1049 679 1146 710 ποιεῖν,
1161 676 1215 706 οἷον
1233 681 1278 706 καὶ
1291 680 1407 715 πρόσθεν
1424 679 1468 717 ἦν.
1489 682 1519 708 Εἰ
1543 681 1570 708 δὲ
1595 683 1632 718 μὴ
1655 683 1834 718 ἀναχωνεύοι,

1050 724 1116 759 μηδὲ
1133 725 1309 757 ἀναοαιιευάζω
1330 726 1394 761 (69),
1407 728 1449 762 (ἐᾷ
1472 727 1500 753 δὲ
1515 727 1600 760 οὕτως
1624 728 1725 764 μένειν)
1751 728 1838 765 θεραο

1050 769 1138 797 πεὺων
1167 771 1233 797 αὐτὸ
1257 772 1304 798 καὶ
1325 772 1566 808 ἐπανορθούμενος,
1592 774 1696 810 ἀνάγκη
1719 774 1762 811 δὴ,
1781 785 1838 802 πυ-

1050 816 1230 852 ρακτούμενον
1246 817 1292 844 καὶ
1314 818 1511 854 χαλκευόμενον
1534 819 1564 845 τὸ
1586 820 1704 855 ἄγαλμα,
1731 821 1836 856 μηκέτι

211 871 291 902 quat;
308 873 421 894 necesse
435 870 487 897 est,
501 870 530 893 ut
543 866 599 901 igni
614 866 773 894 candefacta
796 870 876 900 atque
888 869 944 892 arte
958 863 997 890 fa-

1051 864 1175 890 Ξύνασοαι
1200 865 1397 900 διατηρηθῆναι
1421 865 1450 891 τὸ
1476 866 1556 898 αὐτὸ,
1583 866 1650 893 ἀλλὰ
1667 867 1837 903 διηλλαγμέ-

210 913 273 941 brili
286 917 434 940 retractata
447 913 561 948 efﬁgies,
579 921 634 939 non
658 913 714 947 jam
740 912 835 939 eadem
851 917 996 938 conserve-

210 963 264 990 tur,
275 958 321 986 sed
334 963 502 986 commutata
514 966 545 985 ac
558 958 744 986 subdistracta
755 961 895 992 appareat.
907 956 997 989 Quare

210 1006 232 1033 si
243 1006 401 1040 praeclarum
411 1006 534 1032 etomnis
543 1005 611 1032 labis
617 1012 714 1039 expers
725 1008 810 1030 totum
820 1003 996 1030 simulacrum

209 1053 284 1084 velit,
298 1051 415 1087 confingi
435 1051 602 1085 conﬂarique
619 1052 719 1078 iterum
738 1053 860 1084 oportet;
876 1053 904 1076 ut
917 1048 997 1084 quid-

209 1098 275 1133 quid
290 1098 484 1125 malevolorum
497 1097 593 1124 fraude
603 1102 684 1131 atque
700 1096 801 1123 invidia
818 1093 997 1130 turpitudinis

209 1151 242 1171 ac
255 1144 314 1171 vitii
333 1150 375 1172 est
391 1145 503 1171 allatum
517 1163 524 1176 ,
549 1143 748 1170 instauratione
777 1149 809 1168 ac
833 1140 997 1168 conﬂatione

209 1191 322 1217 tollatur
333 1211 342 1224 ,
359 1190 451 1225 ipsum
463 1197 528 1217 vero
540 1190 728 1221 simulacrum,
745 1188 773 1214 in
791 1187 885 1214 eadem
902 1193 997 1213 rursus

209 1236 302 1272 specie
319 1236 455 1271 integrum
471 1240 499 1264 et
510 1235 636 1267 illaesum,
654 1234 706 1262 sibi
732 1241 813 1268 quam
828 1232 997 1260 simillimum

209 1283 348 1310 reddatur.
361 1283 400 1310 lta
416 1283 489 1310 enim
501 1282 643 1317 contingit,
661 1288 716 1308 non
735 1285 764 1307 ut
777 1283 878 1310 statua,
894 1279 928 1306 ab
947 1285 996 1306 eo-

209 1330 269 1357 dem
281 1330 341 1365 ipso
354 1330 458 1357 artifice
474 1333 577 1364 pereat,
591 1328 699 1355 tametsi
715 1327 774 1354 fusa
789 1334 886 1354 rursus
907 1326 997 1353 solva-

208 1381 254 1403 tur
266 1376 294 1402 in
311 1376 462 1409 materiam,
483 1374 530 1403 sed
549 1378 578 1402 ut
601 1374 629 1401 in
653 1374 788 1408 integrum
813 1372 974 1399 restituatur
987 1379 996 1397 :

208 1428 292 1458 utque
302 1422 376 1450 labes
384 1430 479 1449 omnes
487 1426 514 1449 et
527 1420 660 1449 foeditates
670 1423 793 1454 pereant;
805 1417 997 1453 siquidemillm

209 1468 410 1501 absumuntur;
427 1475 483 1495 non
502 1472 532 1493 ut
554 1467 742 1493 instaurentur
768 1469 795 1491 et
810 1463 927 1498 amplius
954 1469 997 1489 re-

209 1514 290 1541 deant
304 1523 310 1540 :
327 1517 469 1549 propterea
484 1512 556 1548 quod
568 1512 595 1539 in
607 1511 681 1538 omni
691 1514 747 1537 arte
755 1509 996 1545 praestantissimus

209 1559 300 1595 opifex
329 1567 384 1586 non
407 1566 440 1586 eo
457 1558 588 1593 respiciat
603 1562 632 1583 ut
647 1564 728 1583 suum
739 1563 807 1590 opus
821 1554 998 1589 turpitudinis

208 1606 311 1641 aliquid
329 1605 371 1632 vel
395 1603 554 1632 oiiensionis
580 1603 693 1633 habeat,
721 1602 768 1629 sed
799 1605 828 1628 ut
856 1600 997 1636 aptissime

207 1653 378 1679 modulatum
395 1650 551 1685 atTabreqne
563 1649 663 1676 factum
677 1651 766 1675 exeat.
782 1647 856 1675 Idem
872 1647 956 1680 igitur
968 1646 997 1673 in

208 1699 287 1725 nobis
304 1697 402 1725 fecisse
418 1696 484 1723 mihi
506 1695 578 1723 Deus
601 1699 628 1722 et
653 1694 859 1721 administrasse
878 1692 996 1720 videtur.

208 1744 277 1770 Cum
294 1743 365 1770 enim
381 1742 530 1774 hominem,
546 1740 778 1776 elegantissimum
802 1746 870 1774 opus
896 1746 975 1765 suum
987 1757 996 1771 ,

209 1788 392 1817 fraudulentis
405 1788 510 1815 artibus
530 1791 612 1822 atque
627 1786 729 1812 invidia
746 1784 913 1820 perspiceret
927 1783 997 1811 male

209 1836 342 1867 habitum,
354 1834 435 1861 talem
454 1841 503 1869 pro
518 1840 568 1860 sua
591 1832 757 1866 benignitate
779 1831 934 1866 relinquere
948 1837 997 1857 no-

211 1883 272 1916 luit,
290 1889 325 1909 ne
340 1882 368 1908 in
385 1887 494 1908 omnem
511 1879 689 1907 aeternitatem
714 1877 842 1905 infectum
868 1877 974 1903 macula
987 1895 995 1908 ,

208 1927 363 1956 immortale
378 1926 444 1954 illud
457 1933 550 1953 secum
575 1924 721 1952 adveheret
735 1923 898 1959 vituperium
909 1943 916 1956 ,
948 1922 996 1951 sed

207 1975 237 2002 in
252 1974 393 2001 materiam
408 1972 497 2000 denuo
508 1971 632 2003 resolvit,
649 1973 679 1996 ut
692 1969 825 2005 quidquid
854 1969 879 1996 in
905 1976 938 1997 eo
955 1968 998 1996 vi-

208 2021 310 2048 tiosum
325 2024 400 2052 erat,
415 2018 611 2046 reformatione
627 2019 686 2052 ipsa
702 2017 776 2044 velut
787 2017 936 2052 eliquatum
952 2019 996 2043 at-

209 2073 263 2101 que
278 2065 443 2093 exstinctum
461 2063 572 2099 periret.
588 2062 665 2095 Quod
678 2063 749 2090 enim
766 2062 821 2089 illic
844 2066 887 2090 est
901 2066 997 2090 statuae

208 2111 334 2140 conﬂatio
344 2130 351 2143 ,
367 2111 438 2138 idem
452 2110 497 2138 hic
514 2117 588 2137 mors
601 2113 662 2142 est,
686 2108 884 2144 dissolutioque
898 2116 994 2144 corpo-

209 2159 247 2187 ris
260 2168 267 2186 :
287 2165 318 2185 ac
331 2158 404 2193 quod
420 2157 476 2184 illic
486 2162 538 2189 est,
552 2157 650 2184 iterum
669 2155 834 2183 conformari
855 2155 996 2183 materiam

209 2209 290 2240 atque
302 2205 329 2231 in
343 2204 488 2239 pristinum
512 2203 628 2230 nitorem
646 2202 770 2233 restitui,
794 2201 865 2228 idem
882 2201 926 2228 hic
942 2204 994 2232 est.

208 2256 270 2286 post
289 2243 404 2278 mortem
419 2257 581 2284 resurgere:
600 2248 830 2283 quemadmodum
853 2246 935 2274 etiam
956 2245 998 2273 Je-

208 2299 310 2326 remias
323 2297 455 2332 propheta
477 2296 527 2333 [ait
540 2295 664 2331 Judazis].
681 2295 729 2322 Sic
742 2295 814 2322 enim
829 2298 856 2321 et
872 2294 917 2321 ille
940 2293 1008 2328 jam'

208 2350 266 2372 tum
281 2344 321 2372 eis
334 2344 477 2372 denuntiat
500 2343 669 2378 spondetque
689 2342 784 2369 dicens
800 2351 806 2368 :
825 2340 860 2367 Et
876 2339 997 2366 descendi

208 2393 238 2419 in
248 2394 354 2419 domum
370 2391 461 2426 ﬁguli;
483 2395 507 2418 et
522 2398 579 2417 ecce
595 2389 639 2416 ille
654 2388 766 2422 faciebat
788 2394 850 2421 opus
863 2393 939 2419 super
957 2385 999 2412 la-

209 2439 313 2473 pidibus
330 2447 340 2466 :
363 2443 388 2465 et
403 2437 537 2464 intercidit
554 2445 599 2463 vas
617 2435 674 2470 (65)
691 2433 759 2469 quod
773 2434 827 2467 ipse
844 2431 956 2466 faciebat
972 2432 998 2458 in

248 2509 303 2546 (65)
327 2508 360 2546 Et
385 2507 518 2546 interr-itm
542 2515 598 2534 var.
624 2503 902 2546 artuum-quomodo
923 2506 998 2546 notat

210 2540 334 2572 Nobilius
351 2545 449 2572 habere
463 2545 570 2579 aliquos
586 2543 694 2579 codices
706 2551 717 2579 :_
726 2540 817 2567 minus
834 2544 925 2579 tame_n_
936 2541 998 2579 apte

211 2581 317 2607 videtur
341 2587 486 2613 exponere,
510 2573 627 2606 badcndo
651 2576 807 2613 dissipatum
827 2579 877 2601 est.
903 2573 998 2613 Melius

213 2615 269 2647 alii,
294 2608 427 2648 dilapsum
442 2608 491 2646 est,
514 2622 545 2640 ac
565 2614 638 2640 velut
661 2608 731 2638 inter
753 2610 853 2648 digitos
872 2608 997 2648 e_t__qn35i

211 2643 288 2682 casu,
304 2653 332 2676 ut
348 2643 374 2676 in
390 2643 525 2683 ejusmodi
536 2649 614 2679 solet,
629 2647 740 2675 defluxit
750 2643 937 2683 ac’intercidit.
949 2643 998 2683 Ife-

211 2679 302 2745 }miiu's
324 2679 414 2712 solani
435 2685 523 2712 reddit
544 2683 660 2719 simplex
684 2682 776 2714 ἔπεσε,
797 2680 871 2716 quod
892 2679 998 2707 Sixtina

222 2727 245 2745 ta
258 2724 323 2745 ient.

222 2721 323 2747 tnbzrnt.

247 2756 302 2789 (66)
326 2754 393 2781 Ἀπὸ
406 2764 453 2790 χρ.
473 2755 556 2788 Edit.,
571 2755 624 2781 ὑπὸ
638 2762 682 2790 χρξ

247 2786 304 2824 (67)
318 2786 473 2824 Καρποῖὶμε
479 2799 539 2822 νος.
550 2786 746 2823 Codefﬂup”
765 2786 978 2821 καρποζόμενος.

1012 1542 1033 1571 C

249 2826 430 2863 warm-xor.
449 2826 490 2863 Id._
500 2825 595 2863 codex,
605 2825 809 2859 πεπονημένος;
827 2829 914 2857 neque
929 2829 998 2856 prae-
1022 2858 1026 2863 ι

214 2860 266 2887 lert
278 2861 445 2895 subsequens
463 2859 538 2886 αὐτὸ.

1049 919 1093 937 νον
1113 910 1167 946 (70)
1185 910 1292 938 ἔσεσθαι
1316 912 1363 938 καὶ
1381 912 1599 947 ὐπεσπασμένον.
1621 913 1670 940 Διὰ
1694 922 1783 946 τουτο,
1807 915 1837 941 εἰ

1050 956 1168 991 βούλοιτο
1179 957 1259 984 καλὸν
1275 957 1322 984 καὶ
1337 957 1450 993 ἄμωμον
1467 958 1526 984 ὅλον
1543 958 1607 985 αὐτὸ
1622 957 1700 992 εἶναι,
1718 960 1839 988 ἁναθλᾶ·

1050 1003 1111 1029 σθαι
1139 1004 1220 1037 αὐτὸ,
1246 1005 1291 1030 καὶ
1315 1004 1530 1039 ἀναχωνεύεσθαι
1555 1005 1608 1031 δεῖ·
1635 1006 1709 1037 ὅπως
1728 1007 1762 1034 τὰ
1783 1007 1836 1042 μὲν

1049 1049 1130 1085 αἴσχη
1151 1050 1197 1076 καὶ
1220 1050 1254 1076 τὰ
1280 1050 1452 1086 ἀλλοιώματα
1472 1052 1559 1078 πάντα
1581 1051 1664 1085 ret:
1686 1053 1838 1088 ἐπιϐουλῆς

1048 1094 1121 1130 αὒτῴ
1139 1096 1185 1122 καὶ
1202 1096 1299 1130 φθόνου
1314 1096 1481 1133 ὑπάρξαντα,
1494 1098 1562 1124 αὐτὰ
1578 1098 1627 1133 μὲν
1642 1098 1686 1125 διὰ
1702 1099 1751 1134 τῆς
1767 1099 1838 1126 ἀναμ

1050 1141 1148 1176 σκευῆς
1168 1142 1215 1168 καὶ
1237 1143 1445 1178 ἀναχωνεύσεως
1469 1143 1619 1178 ἀπόληται·
1642 1144 1672 1170 τὸ
1692 1145 1719 1171 δὲ
1744 1146 1783 1177 εἰς
1803 1144 1839 1172 τὸ

1049 1187 1114 1213 αὐτὸ
1125 1186 1194 1219 εἶδος
1207 1188 1297 1218 ἀσινὲς
1310 1189 1356 1214 καὶ
1371 1189 1514 1225 ἀκίϐδηλον
1529 1187 1606 1222 αὖθις
1619 1189 1728 1226 ἄγαλμα
1743 1191 1838 1226 ὁμοιό-

1049 1241 1129 1260 τατον
1157 1232 1251 1260 ἑαυτοῦ
1277 1233 1431 1269 κατασταθῇ
1459 1235 1503 1270 Τῷ
1532 1236 1581 1271 μὲν
1611 1237 1665 1272 γὰρ
1697 1237 1838 1272 ἀγάλματι

1049 1278 1195 1305 ἀπολέσθαι
1222 1279 1272 1305 οὐκ
1296 1279 1368 1306 ἐστιν
1383 1280 1435 1306 ὑπὸ
1465 1280 1503 1316 τῷ
1530 1281 1604 1316 αὐτῷ
1627 1281 1682 1316 (7i)
1713 1282 1835 1319 τεχνίτῃ,

1049 1324 1099 1351 κᾶν
1112 1324 1190 1350 πάλιν
1206 1325 1246 1356 εἰς
1263 1324 1328 1359 ὕλην
1343 1325 1410 1361 χυθῇ
1420 1334 1426 1340 ”
1439 1326 1696 1362 ἀποκατασταθῆναι
1708 1327 1737 1353 δὲ
1756 1327 1834 1354 ἐστι’

1048 1374 1105 1403 τοῖς
1118 1371 1147 1397 δὲ
1168 1371 1273 1406 αἴσχεσι
1294 1372 1340 1398 καὶ
1355 1372 1498 1408 λωϐήμασι
1523 1373 1668 1400 ἀπολέσθαι
1696 1373 1746 1409 μὲν
1762 1373 1836 1407 ἔστι,

1049 1418 1175 1453 τήκονται
1190 1418 1243 1453 γάρ
1254 1426 1262 1433 ⁸
1274 1418 1529 1454 ἀποκατασταθῆναι
1542 1419 1570 1446 δὲ
1582 1420 1631 1446 οὐκ
1646 1419 1703 1446 ἐστι
1713 1428 1720 1435 ’
1737 1420 1782 1447 διὰ
1802 1421 1837 1447 τὸ

1049 1465 1077 1491 ὲν
1102 1464 1177 1499 πάσῃ
1192 1464 1273 1500 τέχνῃ
1294 1464 1339 1490 τὸν
1354 1465 1463 1500 ἄριστον
1479 1465 1642 1501 δημιουργὸν
1660 1466 1697 1501 μὴ
1714 1466 1781 1502 πρὸς
1803 1467 1837 1494 τὸ

1050 1511 1154 1546 αἴσχιον
1167 1511 1183 1545 ἢ
1198 1510 1458 1546 ὲπιτευχθησόμενον
1475 1511 1531 1546 (72)
1546 1512 1622 1547 ὁρᾷν,
1638 1511 1706 1538 ἀλλὰ
1720 1513 1788 1548 πρὸς
1803 1512 1838 1539 τὺ

1051 1556 1206 1592 σύμμετρον
1224 1556 1272 1583 καὶ
1285 1556 1363 1588 εὺθὲς
1382 1557 1428 1583 τοῦ
1448 1557 1706 1592 δημιουργουμένου.
1730 1558 1838 1585 Ταυτὺν

1050 1603 1103 1639 γὰρ
1123 1603 1247 1638 φαίνεται
1262 1602 1293 1638 δή
1312 1611 1355 1638 μοι
1371 1603 1418 1629 καὶ
1438 1604 1479 1638 ἐφ’
1498 1604 1575 1638 ἡμῶν
1589 1604 1603 1629 ὁ
1623 1603 1688 1635 Θεὸς
1706 1603 1836 1638 διῳκονο-

1051 1650 1176 1686 μηκὲναι.
1194 1648 1245 1676 Τὸν
1261 1649 1315 1685 γὰρ
1328 1649 1483 1685 ἄνθρωπον,
1497 1650 1527 1676 τὸ
1541 1649 1761 1685 εὐπρεπέστατον
1774 1651 1838 1677 ὲαυ-

1049 1697 1098 1723 τοῦ
1109 1696 1240 1732 τέχνημα,
1259 1696 1406 1731 βασκάνοις
1415 1696 1580 1728 νὲπιϐουλαῖς
1595 1696 1691 1731 φθόνου
1709 1705 1837 1724 κεκακω-

1052 1743 1129 1778 μένον
1147 1743 1217 1776 ἰδὼν,
1233 1744 1282 1770 οὐκ
1295 1743 1424 1778 ἠνέσχετο
1436 1742 1555 1769 τοιοῦτον
1572 1743 1730 1778 καταλεῐψαι
1746 1743 1839 1777 φιλάν-

1050 1789 1157 1825 θρωπος
1177 1790 1225 1822 ὢν,
1244 1790 1317 1822 ὅπως
1335 1789 1373 1825 μὴ
1387 1789 1419 1815 δι’
1441 1789 1538 1821 αἰῶνος
1560 1789 1603 1824 εἴη
1621 1789 1835 1825 μεμωμημένον,

1050 1835 1181 1863 ἀθάνατον
1203 1836 1273 1872 ἔχων
1292 1837 1320 1863 ὲν
1344 1835 1430 1871 ἑαυτῷ
1447 1836 1492 1863 τὸν
1514 1835 1612 1870 ψόγον
1631 1835 1698 1862 ἀλλὰ
1714 1835 1836 1862 διέλυσεν

1050 1883 1089 1913 εις
1106 1881 1170 1917 ὓλην
1191 1881 1283 1914 πάλιν,
1300 1882 1342 1909 ἵνα
1358 1881 1402 1908 διὰ
1421 1881 1471 1916 τῆς
1496 1881 1669 1912 ἀναπλάσεως
1685 1880 1836 1913 ὲκτακῶσι,

1050 1928 1096 1955 καὶ
1109 1928 1307 1962 ἐξαφανισθῶσι
1325 1927 1414 1954 πάντα
1428 1927 1461 1953 τὰ
1477 1928 1506 1954 ὲν
1521 1927 1598 1962 αὐτῷ
1614 1927 1781 1962 μωμήματα.
1797 1926 1841 1954 Τδ

1049 1973 1103 2009 γὰρ
1127 1974 1184 2000 ἐκεῖ
1204 1972 1422 2009 ἁναχωνευθῆναι
1448 1972 1492 1998 τὸν
1514 1972 1659 2008 ἀνδριάντα
1677 1972 1788 2005 τοῦτον,
1804 1971 1837 1998 τὸ

1050 2019 1166 2046 ἐνταῦθα
1182 2020 1327 2047 ἀποθανεῖν
1356 2020 1404 2047 καὶ
1427 2018 1584 2053 διαλυθῆναι
1602 2018 1631 2044 τὸ
1648 2018 1743 2057 σῶμα·
1759 2017 1790 2044 τὸ
1806 2018 1837 2044 δὲ

1049 2066 1107 2092 ἐκεῖ
1119 2065 1406 2102 ἁναμορφοποιηθῆναι
1420 2065 1475 2100 (75)
1484 2064 1533 2100 τὴν
1550 2064 1627 2100 ὕλην,
1640 2064 1657 2100 ἢ
1679 2064 1836 2098 ἀνακοσμο-

1050 2113 1204 2148 ποιηθῆναι,
1227 2112 1306 2139 τοῦτο
1330 2111 1445 2138 ἐνταῦθα
1467 2111 1546 2146 (μετά
1564 2110 1594 2137 τδ
1619 2109 1774 2145 ἀποθανεῖν)
1803 2109 1837 2136 τὺ

1049 2159 1212 2195 ἀναστῆναιο
1230 2158 1323 2194 ὥσπερ
1343 2158 1390 2184 καὶ
1409 2158 1422 2184 ὁ
1441 2158 1582 2193 προφήτης
1602 2156 1745 2192 Ἱερεμίας.
1766 2156 1838 2182 Τού-

1050 2215 1105 2237 τοις
1121 2206 1174 2241 γάρ
1196 2205 1244 2241 ἤδη
1266 2205 1313 2231 καὶ
1327 2204 1406 2235 αὐτὸς
1420 2200 1471 2230 ὦδε
1494 2203 1580 2230 ταῦτα
1600 2203 1759 2238 παρεγγυᾷ”
1777 2203 1835 2229 Καὶ

1049 2251 1187 2285 κατέϐην,
1201 2251 1298 2285 λέγων,
1313 2251 1356 2283 εὶς
1369 2249 1423 2276 τὸν
1436 2247 1520 2276 οἷκον
1530 2249 1583 2276 τοῦ
1601 2249 1748 2283 κεραμέως
1758 2256 1765 2263 ·
1783 2249 1834 2275 καὶ

1049 2298 1112 2325 ἰδοὺ
1130 2296 1218 2330 αὐτὸς
1235 2297 1327 2323 ἐποίει
1344 2296 1432 2331 ἔργον
1446 2295 1494 2322 ἐπὶ
1510 2295 1568 2321 τῶν
1585 2296 1692 2321 λίθων·
1712 2295 1760 2321 καὶ
1788 2293 1836 2321 δι-

1048 2345 1139 2371 έπεσε
1155 2344 1187 2371 τὸ
1205 2343 1338 2379 ἀγγεῖον,
1358 2343 1373 2369 ὃ
1390 2343 1481 2372 αὐτὸς
1500 2343 1592 2369 ἐποίει
1610 2341 1719 2374 ὲνταῑς
1729 2342 1837 2376 χερσὶν

1048 2391 1150 2418 αὑτοῦ·
1162 2391 1210 2417 καὶ
1223 2391 1314 2417 πάλιν
1328 2389 1470 2423 ἐποίησεν
1486 2389 1576 2422 αὐτὸς
1591 2388 1709 2424 ἀγγεῖον
1721 2389 1835 2422 ἕτερον,

1049 2436 1146 2469 καθὼς
1168 2436 1279 2470 ἤρεσεν
1293 2435 1420 2462 ἐνώπιον
1439 2434 1533 2462 αὑτοῦ
1552 2434 1604 2461 τοῦ
1625 2433 1748 2468 ποιῆσαι
1766 2433 1836 2469 (74).

1084 2503 1140 2538 (69)
1175 2501 1388 2532 Ἀνασκευὰζοι.
1415 2501 1496 2534 Editi,
1525 2501 1685 2536 ἀναγκάζοι,
1714 2504 1741 2527 et
1772 2508 1836 2528 mox

1049 2540 1177 2565 omittunt
1191 2537 1286 2570 οὕτως.

1085 2574 1140 2608 (70)
1155 2573 1385 2607 Διηλλαγμένον.
1402 2572 1452 2600 Ms.
1465 2571 1546 2607 Rup.,
1560 2571 1748 2608 διηγαλμένον.

1085 2606 1140 2645 (71)
1160 2608 1227 2645 Ὑπὸ
1245 2606 1289 2645 τῷ
1304 2609 1370 2635 αὐτ.
1396 2608 1491 2645 lmpr.,
1510 2606 1601 2640 inale,
1617 2607 1688 2633 κατὰ
1711 2606 1750 2641 τῷ
1772 2606 1823 2632 αὐτ

1050 2643 1109 2672 Mox
1130 2643 1193 2672 ibid.
1208 2643 1285 2679 λυθῇ,
1300 2651 1352 2679 pro
1360 2643 1436 2678 χυθῇ.

1086 2680 1140 2715 (72)
1162 2677 1324 2713 Ἐπιτεῦχθ.
1341 2677 1435 2715 Scribe
1450 2677 1594 2712 ἀποτευχθ.

1086 2686 1130 2715 (⁷72
1164 2686 1324 2713 Επιτευχσ.
1341 2686 1435 2705 bonne
1450 2686 1594 2712 αποτευχυ.

1085 2686 1140 2752 (75)
1157 2716 1352 2752 Ἄνομορέοπ.
1370 2714 1451 2748 Ιὶιῳη
1464 2711 1702 2748 ἀναμορφωθῆναι,
1712 2717 1738 2739 et
1753 2711 1836 2746 paulo

1008 2779 1011 2782 .
1049 2756 1119 2786 post,
1131 2749 1366 2786 ἀνακοινμηθῇναι.

1053 2782 1059 2830 ξ
1085 2787 1139 2830 (7-4)
1158 2786 1212 2814 Τοῦ
1229 2782 1363 2820 σιοὶῆοται.
1379 2783 1460 2818 Rnp.,
1478 2784 1572 2811 ποιεῖν,
1589 2782 1649 2810 Mox
1661 2789 1735 2815 vero,
1748 2783 1837 2809 ποιεῖν

1050 2832 1063 2848 υ
1068 2831 1122 2857 μιν.
