  <div class='ocr_page' id='page_1' title='image "/cluster/home/n/w/nwhite01/storage/ocr_20150623/18/njp.32101077772455/180.png"; bbox 0 0 1920 3070; ppageno 0'>
   <div class='ocr_carea' id='block_1_1' title="bbox 107 83 157 111">
    <p class='ocr_par' dir='ltr' id='par_1_1' title="bbox 107 83 157 111">
     <span class='ocr_line' id='line_1_1' title="bbox 107 83 157 111; baseline -0.02 0"><span class='ocrx_word' id='word_1_1' title='bbox 107 83 157 111; x_wconf 67' lang='grc' dir='ltr'>ΞΠ</span> 
     </span>
    </p>
   </div>
   <div class='ocr_carea' id='block_1_2' title="bbox 648 81 1197 113">
    <p class='ocr_par' dir='ltr' id='par_1_2' title="bbox 648 81 1197 113">
     <span class='ocr_line' id='line_1_2' title="bbox 648 81 1197 113; baseline -0.007 0"><span class='ocrx_word' id='word_1_2' title='bbox 648 84 694 113; x_wconf 80' lang='lat' dir='ltr'><strong>EX</strong></span> <span class='ocrx_word' id='word_1_3' title='bbox 713 83 815 113; x_wconf 78' lang='lat' dir='ltr'><strong>LI‘BRO</strong></span> <span class='ocrx_word' id='word_1_4' title='bbox 833 83 877 111; x_wconf 83' lang='lat' dir='ltr'><strong>DE</strong></span> <span class='ocrx_word' id='word_1_5' title='bbox 894 81 1197 111; x_wconf 77' lang='lat' dir='ltr'><strong>RESURRECTIONE.</strong></span> 
     </span>
    </p>
   </div>
   <div class='ocr_carea' id='block_1_3' title="bbox 1675 74 1726 102">
    <p class='ocr_par' dir='ltr' id='par_1_3' title="bbox 1675 74 1726 102">
     <span class='ocr_line' id='line_1_3' title="bbox 1675 74 1726 102; baseline -0.02 0"><span class='ocrx_word' id='word_1_6' title='bbox 1675 74 1726 102; x_wconf 65' lang='grc'><strong>278</strong></span> 
     </span>
    </p>
   </div>
   <div class='ocr_carea' id='block_1_4' title="bbox 111 133 890 181">
    <p class='ocr_par' dir='ltr' id='par_1_4' title="bbox 111 143 890 181">
     <span class='ocr_line' id='line_1_4' title="bbox 111 143 890 181; baseline 0.001 -11"><span class='ocrx_word' id='word_1_7' title='bbox 111 144 214 180; x_wconf 74' lang='grc' dir='ltr'>μένους,</span> <span class='ocrx_word' id='word_1_8' title='bbox 239 143 258 179; x_wconf 81' lang='grc' dir='ltr'><strong>ἢ</strong></span> <span class='ocrx_word' id='word_1_9' title='bbox 281 144 473 181; x_wconf 79' lang='grc' dir='ltr'><strong>γαμήσοντας,</strong></span> <span class='ocrx_word' id='word_1_10' title='bbox 494 144 512 181; x_wconf 71' lang='grc' dir='ltr'><strong>ἢ</strong></span> <span class='ocrx_word' id='word_1_11' title='bbox 534 146 761 181; x_wconf 79' lang='grc' dir='ltr'>γεννησομὲνους,</span> <span class='ocrx_word' id='word_1_12' title='bbox 786 145 843 172; x_wconf 81' lang='grc' dir='ltr'>ἀλλ’</span> <span class='ocrx_word' id='word_1_13' title='bbox 859 145 890 176; x_wconf 77' lang='grc' dir='ltr'><strong>ὡς</strong></span> 
     </span>
    </p>
   </div>
   <div class='ocr_carea' id='block_1_5' title="bbox 943 133 1727 181">
    <p class='ocr_par' dir='ltr' id='par_1_5' title="bbox 949 133 1727 173">
     <span class='ocr_line' id='line_1_5' title="bbox 949 133 1727 173; baseline -0.015 -2"><span class='ocrx_word' id='word_1_14' title='bbox 949 150 999 170; x_wconf 85' lang='lat' dir='ltr'><strong>nec</strong></span> <span class='ocrx_word' id='word_1_15' title='bbox 1013 141 1139 170; x_wconf 87' lang='lat' dir='ltr'><strong>morituri</strong></span> <span class='ocrx_word' id='word_1_16' title='bbox 1156 139 1211 167; x_wconf 91' lang='lat' dir='ltr'><strong>sint</strong></span> <span class='ocrx_word' id='word_1_17' title='bbox 1237 137 1365 173; x_wconf 88' lang='lat' dir='ltr'><strong>amplius,</strong></span> <span class='ocrx_word' id='word_1_18' title='bbox 1377 142 1428 164; x_wconf 86' lang='lat' dir='ltr'><strong>nec</strong></span> <span class='ocrx_word' id='word_1_19' title='bbox 1451 133 1596 170; x_wconf 87' lang='lat' dir='ltr'><strong>copulandi</strong></span> <span class='ocrx_word' id='word_1_20' title='bbox 1615 133 1727 168; x_wconf 86' lang='lat' dir='ltr'><strong>nuptiis,</strong></span> 
     </span>
    </p>
   </div>
   <div class='ocr_carea' id='block_1_6' title="bbox 109 189 895 226">
    <p class='ocr_par' dir='ltr' id='par_1_6' title="bbox 109 189 895 226">
     <span class='ocr_line' id='line_1_6' title="bbox 109 189 895 226; baseline 0.003 -11"><span class='ocrx_word' id='word_1_21' title='bbox 109 189 237 223; x_wconf 72' lang='grc' dir='ltr'><strong>ἀγγέλους</strong></span> <span class='ocrx_word' id='word_1_22' title='bbox 263 190 482 226; x_wconf 82' lang='grc' dir='ltr'>ἀμεταστρόφως</span> <span class='ocrx_word' id='word_1_23' title='bbox 504 191 534 217; x_wconf 79' lang='grc' dir='ltr'>ὲν</span> <span class='ocrx_word' id='word_1_24' title='bbox 560 190 698 226; x_wconf 73' lang='grc' dir='ltr'><strong>ἀφθαρσίᾳ</strong></span> <span class='ocrx_word' id='word_1_25' title='bbox 733 190 767 218; x_wconf 84' lang='grc' dir='ltr'><strong>τὰ</strong></span> <span class='ocrx_word' id='word_1_26' title='bbox 797 191 895 226; x_wconf 80' lang='grc' dir='ltr'>ἄριστα</span> 
     </span>
    </p>
   </div>
   <div class='ocr_carea' id='block_1_7' title="bbox 111 235 894 274">
    <p class='ocr_par' dir='ltr' id='par_1_7' title="bbox 111 235 894 274">
     <span class='ocr_line' id='line_1_7' title="bbox 111 235 894 274; baseline 0.003 -13"><span class='ocrx_word' id='word_1_27' title='bbox 111 235 270 271; x_wconf 78' lang='grc' dir='ltr'>πράξοντας.</span> <span class='ocrx_word' id='word_1_28' title='bbox 285 235 332 261; x_wconf 81' lang='grc' dir='ltr'><strong>Διὸ</strong></span> <span class='ocrx_word' id='word_1_29' title='bbox 350 235 472 272; x_wconf 82' lang='grc' dir='ltr'><strong>ληρῶδες</strong></span> <span class='ocrx_word' id='word_1_30' title='bbox 485 237 516 263; x_wconf 84' lang='grc' dir='ltr'>τὸ</span> <span class='ocrx_word' id='word_1_31' title='bbox 535 237 564 264; x_wconf 74' lang='grc' dir='ltr'>ὲν</span> <span class='ocrx_word' id='word_1_32' title='bbox 576 236 640 272; x_wconf 77' lang='grc' dir='ltr'>ποίᾳ</span> <span class='ocrx_word' id='word_1_33' title='bbox 653 237 772 272; x_wconf 79' lang='grc' dir='ltr'><strong>διαγωγῇ</strong></span> <span class='ocrx_word' id='word_1_34' title='bbox 787 237 848 263; x_wconf 87' lang='grc' dir='ltr'>τότε</span> <span class='ocrx_word' id='word_1_35' title='bbox 863 236 894 274; x_wconf 78' lang='grc' dir='ltr'>δὴ</span> 
     </span>
    </p>
   </div>
   <div class='ocr_carea' id='block_1_8' title="bbox 110 280 894 319">
    <p class='ocr_par' dir='ltr' id='par_1_8' title="bbox 110 280 894 319">
     <span class='ocr_line' id='line_1_8' title="bbox 110 280 894 319; baseline 0.005 -12"><span class='ocrx_word' id='word_1_36' title='bbox 110 281 142 307; x_wconf 78' lang='grc' dir='ltr'><strong>τὰ</strong></span> <span class='ocrx_word' id='word_1_37' title='bbox 156 280 271 316; x_wconf 75' lang='grc' dir='ltr'>σώματα</span> <span class='ocrx_word' id='word_1_38' title='bbox 286 281 395 308; x_wconf 73' lang='grc' dir='ltr'>ἔσονται</span> <span class='ocrx_word' id='word_1_39' title='bbox 411 282 544 316; x_wconf 83' lang='grc' dir='ltr'>λέγεσθαι,</span> <span class='ocrx_word' id='word_1_40' title='bbox 563 283 632 319; x_wconf 81' lang='grc' dir='ltr'>μήτε</span> <span class='ocrx_word' id='word_1_41' title='bbox 645 283 734 319; x_wconf 80' lang='grc' dir='ltr'><strong>ἀέρος,</strong></span> <span class='ocrx_word' id='word_1_42' title='bbox 751 283 818 318; x_wconf 84' lang='grc' dir='ltr'>μήτε</span> <span class='ocrx_word' id='word_1_43' title='bbox 832 283 894 318; x_wconf 82' lang='grc' dir='ltr'>γῆς,</span> 
     </span>
    </p>
   </div>
   <div class='ocr_carea' id='block_1_9' title="bbox 112 326 520 363">
    <p class='ocr_par' dir='ltr' id='par_1_9' title="bbox 112 326 520 363">
     <span class='ocr_line' id='line_1_9' title="bbox 112 326 520 363; baseline 0.005 -11"><span class='ocrx_word' id='word_1_44' title='bbox 112 328 178 362; x_wconf 82' lang='grc' dir='ltr'>μήτε</span> <span class='ocrx_word' id='word_1_45' title='bbox 195 326 249 354; x_wconf 82' lang='grc' dir='ltr'><strong>τῶν</strong></span> <span class='ocrx_word' id='word_1_46' title='bbox 265 327 354 354; x_wconf 77' lang='grc' dir='ltr'>ἄλλων</span> <span class='ocrx_word' id='word_1_47' title='bbox 373 328 520 363; x_wconf 78' lang='grc' dir='ltr'>ἐσομένων.</span> 
     </span>
    </p>
   </div>
   <div class='ocr_carea' id='block_1_10' title="bbox 144 457 895 494">
    <p class='ocr_par' dir='ltr' id='par_1_10' title="bbox 144 457 895 494">
     <span class='ocr_line' id='line_1_10' title="bbox 144 457 895 494; baseline 0.004 -11"><span class='ocrx_word' id='word_1_48' title='bbox 144 458 172 483; x_wconf 88' lang='lat' dir='ltr'><strong>l&#39;.</strong></span> <span class='ocrx_word' id='word_1_49' title='bbox 195 457 289 490; x_wconf 81' lang='grc' dir='ltr'>Ἀξιον</span> <span class='ocrx_word' id='word_1_50' title='bbox 314 457 342 484; x_wconf 81' lang='grc' dir='ltr'>δὲ</span> <span class='ocrx_word' id='word_1_51' title='bbox 362 457 416 493; x_wconf 84' lang='grc'>(88)</span> <span class='ocrx_word' id='word_1_52' title='bbox 441 458 551 485; x_wconf 81' lang='grc' dir='ltr'>κάκεῖνο</span> <span class='ocrx_word' id='word_1_53' title='bbox 573 458 640 494; x_wconf 82' lang='grc' dir='ltr'>πρὸς</span> <span class='ocrx_word' id='word_1_54' title='bbox 663 459 719 491; x_wconf 85' lang='grc' dir='ltr'>τοῖς</span> <span class='ocrx_word' id='word_1_55' title='bbox 741 459 895 494; x_wconf 81' lang='grc' dir='ltr'>εἰρημένοις</span> 
     </span>
    </p>
   </div>
   <div class='ocr_carea' id='block_1_11' title="bbox 109 502 896 539">
    <p class='ocr_par' dir='ltr' id='par_1_11' title="bbox 109 502 896 539">
     <span class='ocr_line' id='line_1_11' title="bbox 109 502 896 539; baseline 0.003 -12"><span class='ocrx_word' id='word_1_56' title='bbox 109 502 280 534; x_wconf 77' lang='grc' dir='ltr'>ἐπισκοπεῖν,</span> <span class='ocrx_word' id='word_1_57' title='bbox 293 502 330 533; x_wconf 87' lang='grc' dir='ltr'>ὠς</span> <span class='ocrx_word' id='word_1_58' title='bbox 345 502 402 537; x_wconf 82' lang='grc' dir='ltr'>ἔχει</span> <span class='ocrx_word' id='word_1_59' title='bbox 413 502 511 538; x_wconf 85' lang='grc' dir='ltr'>πολλὴν</span> <span class='ocrx_word' id='word_1_60' title='bbox 523 502 668 529; x_wconf 79' lang='grc' dir='ltr'><strong>διάπτωσιν</strong></span> <span class='ocrx_word' id='word_1_61' title='bbox 679 523 686 535; x_wconf 87' lang='grc'><strong>,</strong></span> <span class='ocrx_word' id='word_1_62' title='bbox 707 504 730 530; x_wconf 85' lang='grc' dir='ltr'><strong>εἰ</strong></span> <span class='ocrx_word' id='word_1_63' title='bbox 741 503 781 530; x_wconf 90' lang='grc' dir='ltr'><strong>δεῖ</strong></span> <span class='ocrx_word' id='word_1_64' title='bbox 790 505 896 539; x_wconf 79' lang='grc' dir='ltr'>παρρη-</span> 
     </span>
    </p>
   </div>
   <div class='ocr_carea' id='block_1_12' title="bbox 110 546 895 584">
    <p class='ocr_par' dir='ltr' id='par_1_12' title="bbox 110 546 895 584">
     <span class='ocr_line' id='line_1_12' title="bbox 110 546 895 584; baseline 0.005 -12"><span class='ocrx_word' id='word_1_65' title='bbox 110 546 170 573; x_wconf 78' lang='grc' dir='ltr'><strong>σίαν</strong></span> <span class='ocrx_word' id='word_1_66' title='bbox 187 547 266 581; x_wconf 76' lang='grc' dir='ltr'>ἄγειν</span> <span class='ocrx_word' id='word_1_67' title='bbox 284 547 348 582; x_wconf 82' lang='grc' dir='ltr'>περὶ</span> <span class='ocrx_word' id='word_1_68' title='bbox 366 547 541 583; x_wconf 83' lang='grc' dir='ltr'><strong>τηλικούτων,</strong></span> <span class='ocrx_word' id='word_1_69' title='bbox 567 548 732 582; x_wconf 79' lang='grc' dir='ltr'>Ἀγλαοφῶν.</span> <span class='ocrx_word' id='word_1_70' title='bbox 754 549 895 584; x_wconf 86' lang='grc' dir='ltr'>Ἔφρασας</span> 
     </span>
    </p>
   </div>
   <div class='ocr_carea' id='block_1_13' title="bbox 109 593 896 629">
    <p class='ocr_par' dir='ltr' id='par_1_13' title="bbox 109 593 896 629">
     <span class='ocr_line' id='line_1_13' title="bbox 109 593 896 629; baseline 0.004 -11"><span class='ocrx_word' id='word_1_71' title='bbox 109 593 162 628; x_wconf 68' lang='grc' dir='ltr'><strong>γὰρ</strong></span> <span class='ocrx_word' id='word_1_72' title='bbox 178 593 373 628; x_wconf 70' lang='grc' dir='ltr'><strong>ἀποφήνασθαι</strong></span> <span class='ocrx_word' id='word_1_73' title='bbox 386 593 432 620; x_wconf 79' lang='grc' dir='ltr'>τὸν</span> <span class='ocrx_word' id='word_1_74' title='bbox 449 593 560 629; x_wconf 83' lang='grc' dir='ltr'><strong>Κύριον,</strong></span> <span class='ocrx_word' id='word_1_75' title='bbox 572 593 609 626; x_wconf 86' lang='grc' dir='ltr'>ὡς</span> <span class='ocrx_word' id='word_1_76' title='bbox 625 595 649 620; x_wconf 85' lang='grc' dir='ltr'><strong>οἰ</strong></span> <span class='ocrx_word' id='word_1_77' title='bbox 659 594 708 629; x_wconf 79' lang='grc' dir='ltr'>τῆς</span> <span class='ocrx_word' id='word_1_78' title='bbox 723 595 896 626; x_wconf 82' lang='grc' dir='ltr'><strong>ἀναστάσεως</strong></span> 
     </span>
    </p>
   </div>
   <div class='ocr_carea' id='block_1_14' title="bbox 107 638 895 675">
    <p class='ocr_par' dir='ltr' id='par_1_14' title="bbox 107 638 895 675">
     <span class='ocr_line' id='line_1_14' title="bbox 107 638 895 675; baseline 0.005 -12"><span class='ocrx_word' id='word_1_79' title='bbox 107 638 267 673; x_wconf 72' lang='grc' dir='ltr'><strong>τευξόμενοι</strong></span> <span class='ocrx_word' id='word_1_80' title='bbox 290 639 413 665; x_wconf 76' lang='grc' dir='ltr'>ἔσονται</span> <span class='ocrx_word' id='word_1_81' title='bbox 429 639 488 665; x_wconf 83' lang='grc' dir='ltr'>τότε</span> <span class='ocrx_word' id='word_1_82' title='bbox 507 639 547 672; x_wconf 89' lang='grc' dir='ltr'>ὡς</span> <span class='ocrx_word' id='word_1_83' title='bbox 569 639 699 675; x_wconf 74' lang='grc' dir='ltr'>ἄγγελοι,</span> <span class='ocrx_word' id='word_1_84' title='bbox 722 640 784 667; x_wconf 78' lang='grc' dir='ltr'>ἔνθα</span> <span class='ocrx_word' id='word_1_85' title='bbox 799 640 895 675; x_wconf 82' lang='grc' dir='ltr'>πειρά-</span> 
     </span>
    </p>
   </div>
   <div class='ocr_carea' id='block_1_15' title="bbox 107 683 896 722">
    <p class='ocr_par' dir='ltr' id='par_1_15' title="bbox 107 683 896 722">
     <span class='ocr_line' id='line_1_15' title="bbox 107 683 896 722; baseline 0.004 -13"><span class='ocrx_word' id='word_1_86' title='bbox 107 683 200 714; x_wconf 74' lang='grc' dir='ltr'>ζουσιν</span> <span class='ocrx_word' id='word_1_87' title='bbox 220 684 303 710; x_wconf 72' lang='grc' dir='ltr'>αὐτὸν</span> <span class='ocrx_word' id='word_1_88' title='bbox 318 685 343 710; x_wconf 80' lang='grc' dir='ltr'><strong>οἰ</strong></span> <span class='ocrx_word' id='word_1_89' title='bbox 359 684 540 712; x_wconf 78' lang='grc' dir='ltr'><strong>Σαδδουκαῖοι.</strong></span> <span class='ocrx_word' id='word_1_90' title='bbox 568 685 715 722; x_wconf 78' lang='grc' dir='ltr'>Ἐπέφερες</span> <span class='ocrx_word' id='word_1_91' title='bbox 734 684 780 712; x_wconf 77' lang='grc' dir='ltr'>οὖν</span> <span class='ocrx_word' id='word_1_92' title='bbox 793 695 799 701; x_wconf 90' lang='grc'>·</span> <span class='ocrx_word' id='word_1_93' title='bbox 815 686 845 712; x_wconf 85' lang='grc' dir='ltr'><strong>Οἰ</strong></span> <span class='ocrx_word' id='word_1_94' title='bbox 868 686 896 712; x_wconf 83' lang='grc' dir='ltr'>δὲ</span> 
     </span>
    </p>
   </div>
   <div class='ocr_carea' id='block_1_16' title="bbox 107 728 896 768">
    <p class='ocr_par' dir='ltr' id='par_1_16' title="bbox 107 728 896 768">
     <span class='ocr_line' id='line_1_16' title="bbox 107 728 896 768; baseline 0.006 -15"><span class='ocrx_word' id='word_1_95' title='bbox 107 728 229 762; x_wconf 78' lang='grc' dir='ltr'>ἄγγελοι,</span> <span class='ocrx_word' id='word_1_96' title='bbox 244 729 323 760; x_wconf 73' lang='grc' dir='ltr'>ἐκτὸς</span> <span class='ocrx_word' id='word_1_97' title='bbox 335 729 410 762; x_wconf 69' lang='grc' dir='ltr'>ὄντες</span> <span class='ocrx_word' id='word_1_98' title='bbox 428 730 537 764; x_wconf 79' lang='grc' dir='ltr'>σαρκὸς,</span> <span class='ocrx_word' id='word_1_99' title='bbox 554 731 582 757; x_wconf 82' lang='grc' dir='ltr'>ὲν</span> <span class='ocrx_word' id='word_1_100' title='bbox 602 731 801 767; x_wconf 81' lang='grc' dir='ltr'><strong>μακαριότητος</strong></span> <span class='ocrx_word' id='word_1_101' title='bbox 814 732 896 768; x_wconf 81' lang='grc' dir='ltr'>ἀκρύ-</span> 
     </span>
    </p>
   </div>
   <div class='ocr_carea' id='block_1_17' title="bbox 107 774 894 813">
    <p class='ocr_par' dir='ltr' id='par_1_17' title="bbox 107 774 894 813">
     <span class='ocr_line' id='line_1_17' title="bbox 107 774 894 813; baseline 0.008 -14"><span class='ocrx_word' id='word_1_102' title='bbox 107 783 179 809; x_wconf 77' lang='grc' dir='ltr'>τητι,</span> <span class='ocrx_word' id='word_1_103' title='bbox 193 774 239 801; x_wconf 77' lang='grc' dir='ltr'><strong>διὰ</strong></span> <span class='ocrx_word' id='word_1_104' title='bbox 260 774 339 801; x_wconf 73' lang='grc' dir='ltr'>τοῦτο</span> <span class='ocrx_word' id='word_1_105' title='bbox 364 775 412 802; x_wconf 72' lang='grc' dir='ltr'>καὶ</span> <span class='ocrx_word' id='word_1_106' title='bbox 438 775 516 812; x_wconf 79' lang='grc' dir='ltr'>δόξης</span> <span class='ocrx_word' id='word_1_107' title='bbox 531 776 600 803; x_wconf 82' lang='grc' dir='ltr'>εἰσί·</span> <span class='ocrx_word' id='word_1_108' title='bbox 625 778 671 803; x_wconf 74' lang='grc' dir='ltr'>καὶ</span> <span class='ocrx_word' id='word_1_109' title='bbox 689 777 762 812; x_wconf 76' lang='grc' dir='ltr'>ἡμᾶς</span> <span class='ocrx_word' id='word_1_110' title='bbox 778 777 806 804; x_wconf 79' lang='grc' dir='ltr'>δὲ</span> <span class='ocrx_word' id='word_1_111' title='bbox 830 777 894 813; x_wconf 80' lang='grc' dir='ltr'>ἄρα,</span> 
     </span>
    </p>
   </div>
   <div class='ocr_carea' id='block_1_18' title="bbox 946 178 1729 222">
    <p class='ocr_par' dir='ltr' id='par_1_18' title="bbox 946 178 1729 222">
     <span class='ocr_line' id='line_1_18' title="bbox 946 178 1729 222; baseline -0.015 -6"><span class='ocrx_word' id='word_1_112' title='bbox 946 192 992 216; x_wconf 83' lang='lat' dir='ltr'><strong>aut</strong></span> <span class='ocrx_word' id='word_1_113' title='bbox 1006 185 1179 222; x_wconf 63' lang='lat' dir='ltr'><strong>procreanda:</strong></span> <span class='ocrx_word' id='word_1_114' title='bbox 1201 183 1287 212; x_wconf 78' lang='lat' dir='ltr'><strong>soboli</strong></span> <span class='ocrx_word' id='word_1_115' title='bbox 1298 189 1418 217; x_wconf 84' lang='lat' dir='ltr'><strong>_operam</strong></span> <span class='ocrx_word' id='word_1_116' title='bbox 1433 179 1534 212; x_wconf 89' lang='lat' dir='ltr'><strong>daturi,</strong></span> <span class='ocrx_word' id='word_1_117' title='bbox 1551 179 1598 207; x_wconf 90' lang='lat' dir='ltr'><strong>sed</strong></span> <span class='ocrx_word' id='word_1_118' title='bbox 1619 178 1729 213; x_wconf 64' lang='lat' dir='ltr'><strong>angelov</strong></span> 
     </span>
    </p>
   </div>
   <div class='ocr_carea' id='block_1_19' title="bbox 946 225 1727 266">
    <p class='ocr_par' dir='ltr' id='par_1_19' title="bbox 946 225 1727 266">
     <span class='ocr_line' id='line_1_19' title="bbox 946 225 1727 266; baseline -0.013 -5"><span class='ocrx_word' id='word_1_119' title='bbox 946 242 1007 261; x_wconf 90' lang='lat' dir='ltr'><strong>rum</strong></span> <span class='ocrx_word' id='word_1_120' title='bbox 1034 240 1119 266; x_wconf 84' lang='lat' dir='ltr'><strong>more,</strong></span> <span class='ocrx_word' id='word_1_121' title='bbox 1134 231 1194 259; x_wconf 85' lang='lat' dir='ltr'><strong>sine</strong></span> <span class='ocrx_word' id='word_1_122' title='bbox 1220 230 1275 257; x_wconf 82' lang='lat' dir='ltr'><strong>ulla</strong></span> <span class='ocrx_word' id='word_1_123' title='bbox 1302 228 1461 258; x_wconf 70' lang='lat' dir='ltr'><strong>mutatione,</strong></span> <span class='ocrx_word' id='word_1_124' title='bbox 1483 225 1630 253; x_wconf 85' lang='lat' dir='ltr'><strong>immortali</strong></span> <span class='ocrx_word' id='word_1_125' title='bbox 1655 228 1727 252; x_wconf 88' lang='lat' dir='ltr'><strong>statu</strong></span> 
     </span>
    </p>
   </div>
   <div class='ocr_carea' id='block_1_20' title="bbox 946 271 1726 309">
    <p class='ocr_par' dir='ltr' id='par_1_20' title="bbox 946 271 1726 309">
     <span class='ocr_line' id='line_1_20' title="bbox 946 271 1726 309; baseline -0.01 -3"><span class='ocrx_word' id='word_1_126' title='bbox 946 278 1102 306; x_wconf 80' lang='lat' dir='ltr'><strong>felicissime</strong></span> <span class='ocrx_word' id='word_1_127' title='bbox 1113 275 1210 303; x_wconf 84' lang='lat' dir='ltr'><strong>victuri</strong></span> <span class='ocrx_word' id='word_1_128' title='bbox 1225 274 1292 309; x_wconf 86' lang='lat'><strong>(90).</strong></span> <span class='ocrx_word' id='word_1_129' title='bbox 1304 271 1475 306; x_wconf 80' lang='lat' dir='ltr'><strong>Proindeque</strong></span> <span class='ocrx_word' id='word_1_130' title='bbox 1486 274 1529 298; x_wconf 84' lang='lat' dir='ltr'><strong>est</strong></span> <span class='ocrx_word' id='word_1_131' title='bbox 1535 271 1647 298; x_wconf 89' lang='lat' dir='ltr'><strong>stultum</strong></span> <span class='ocrx_word' id='word_1_132' title='bbox 1653 277 1726 304; x_wconf 59' lang='lat' dir='ltr'><strong>quin»</strong></span> 
     </span>
    </p>
   </div>
   <div class='ocr_carea' id='block_1_21' title="bbox 946 318 1726 360">
    <p class='ocr_par' dir='ltr' id='par_1_21' title="bbox 946 318 1726 360">
     <span class='ocr_line' id='line_1_21' title="bbox 946 318 1726 360; baseline -0.015 -6"><span class='ocrx_word' id='word_1_133' title='bbox 946 333 1018 358; x_wconf 89' lang='lat' dir='ltr'><strong>rere,</strong></span> <span class='ocrx_word' id='word_1_134' title='bbox 1031 331 1149 360; x_wconf 85' lang='lat' dir='ltr'><strong>quanam</strong></span> <span class='ocrx_word' id='word_1_135' title='bbox 1160 322 1222 349; x_wconf 65' lang='lat' dir='ltr'><strong>vitae</strong></span> <span class='ocrx_word' id='word_1_136' title='bbox 1234 320 1341 348; x_wconf 84' lang='lat' dir='ltr'><strong>ratione</strong></span> <span class='ocrx_word' id='word_1_137' title='bbox 1356 326 1440 346; x_wconf 89' lang='lat' dir='ltr'><strong>usura</strong></span> <span class='ocrx_word' id='word_1_138' title='bbox 1456 318 1510 345; x_wconf 89' lang='lat' dir='ltr'><strong>sint</strong></span> <span class='ocrx_word' id='word_1_139' title='bbox 1527 324 1653 352; x_wconf 79' lang='lat' dir='ltr'><strong>corpora.</strong></span> <span class='ocrx_word' id='word_1_140' title='bbox 1665 322 1726 343; x_wconf 88' lang='lat' dir='ltr'><strong>cum</strong></span> 
     </span>
    </p>
   </div>
   <div class='ocr_carea' id='block_1_22' title="bbox 946 363 1727 405">
    <p class='ocr_par' dir='ltr' id='par_1_22' title="bbox 946 363 1727 405">
     <span class='ocr_line' id='line_1_22' title="bbox 946 363 1727 405; baseline -0.015 -7"><span class='ocrx_word' id='word_1_141' title='bbox 946 378 1034 405; x_wconf 90' lang='lat' dir='ltr'><strong>neque</strong></span> <span class='ocrx_word' id='word_1_142' title='bbox 1050 377 1106 402; x_wconf 89' lang='lat' dir='ltr'><strong>aer,</strong></span> <span class='ocrx_word' id='word_1_143' title='bbox 1119 374 1207 402; x_wconf 89' lang='lat' dir='ltr'><strong>neque</strong></span> <span class='ocrx_word' id='word_1_144' title='bbox 1217 370 1302 398; x_wconf 88' lang='lat' dir='ltr'><strong>terra,</strong></span> <span class='ocrx_word' id='word_1_145' title='bbox 1312 371 1399 400; x_wconf 87' lang='lat' dir='ltr'><strong>neque</strong></span> <span class='ocrx_word' id='word_1_146' title='bbox 1410 363 1557 398; x_wconf 84' lang='lat' dir='ltr'><strong>quidquam</strong></span> <span class='ocrx_word' id='word_1_147' title='bbox 1567 366 1727 390; x_wconf 67' lang='lat' dir='ltr'><strong>cancrorum</strong></span> 
     </span>
    </p>
   </div>
   <div class='ocr_carea' id='block_1_23' title="bbox 947 413 1264 450">
    <p class='ocr_par' dir='ltr' id='par_1_23' title="bbox 947 413 1264 450">
     <span class='ocr_line' id='line_1_23' title="bbox 947 413 1264 450; baseline -0.022 -6"><span class='ocrx_word' id='word_1_148' title='bbox 947 417 982 444; x_wconf 87' lang='lat' dir='ltr'><strong>sit</strong></span> <span class='ocrx_word' id='word_1_149' title='bbox 995 415 1112 450; x_wconf 83' lang='lat' dir='ltr'><strong>amplius</strong></span> <span class='ocrx_word' id='word_1_150' title='bbox 1130 413 1264 440; x_wconf 88' lang='lat' dir='ltr'><strong>futurum.</strong></span> 
     </span>
    </p>
   </div>
   <div class='ocr_carea' id='block_1_24' title="bbox 982 453 1728 488">
    <p class='ocr_par' dir='ltr' id='par_1_24' title="bbox 982 453 1728 488">
     <span class='ocr_line' id='line_1_24' title="bbox 982 453 1728 488; baseline -0.015 1"><span class='ocrx_word' id='word_1_151' title='bbox 982 461 1015 488; x_wconf 80' lang='grc' dir='ltr'><strong>Χ.</strong></span> <span class='ocrx_word' id='word_1_152' title='bbox 1032 461 1071 488; x_wconf 82' lang='lat' dir='ltr'><strong>Ad</strong></span> <span class='ocrx_word' id='word_1_153' title='bbox 1086 461 1144 487; x_wconf 70' lang='lat' dir='ltr'><strong>haec</strong></span> <span class='ocrx_word' id='word_1_154' title='bbox 1158 465 1224 486; x_wconf 78' lang='lat' dir='ltr'><strong>vero</strong></span> <span class='ocrx_word' id='word_1_155' title='bbox 1251 460 1293 485; x_wconf 89' lang='lat' dir='ltr'><strong>est</strong></span> <span class='ocrx_word' id='word_1_156' title='bbox 1309 460 1335 483; x_wconf 87' lang='lat' dir='ltr'><strong>et</strong></span> <span class='ocrx_word' id='word_1_157' title='bbox 1362 455 1427 483; x_wconf 90' lang='lat' dir='ltr'><strong>illud</strong></span> <span class='ocrx_word' id='word_1_158' title='bbox 1441 454 1537 482; x_wconf 88' lang='lat' dir='ltr'><strong>merito</strong></span> <span class='ocrx_word' id='word_1_159' title='bbox 1553 453 1728 480; x_wconf 86' lang='lat' dir='ltr'><strong>considerau-</strong></span> 
     </span>
    </p>
   </div>
   <div class='ocr_carea' id='block_1_25' title="bbox 945 497 1728 538">
    <p class='ocr_par' dir='ltr' id='par_1_25' title="bbox 945 497 1728 538">
     <span class='ocr_line' id='line_1_25' title="bbox 945 497 1728 538; baseline -0.015 -4"><span class='ocrx_word' id='word_1_160' title='bbox 945 507 1010 535; x_wconf 89' lang='lat' dir='ltr'><strong>dum</strong></span> <span class='ocrx_word' id='word_1_161' title='bbox 1023 526 1030 538; x_wconf 88' lang='lat'><strong>,</strong></span> <span class='ocrx_word' id='word_1_162' title='bbox 1047 510 1076 532; x_wconf 90' lang='lat' dir='ltr'><strong>ut</strong></span> <span class='ocrx_word' id='word_1_163' title='bbox 1091 504 1219 532; x_wconf 87' lang='lat' dir='ltr'><strong>nimirum</strong></span> <span class='ocrx_word' id='word_1_164' title='bbox 1238 502 1336 529; x_wconf 86' lang='lat' dir='ltr'><strong>habeat</strong></span> <span class='ocrx_word' id='word_1_165' title='bbox 1353 501 1464 527; x_wconf 88' lang='lat' dir='ltr'><strong>multam</strong></span> <span class='ocrx_word' id='word_1_166' title='bbox 1485 499 1592 526; x_wconf 81' lang='lat' dir='ltr'><strong>ruinam</strong></span> <span class='ocrx_word' id='word_1_167' title='bbox 1605 497 1672 532; x_wconf 81' lang='lat'><strong>(9|),</strong></span> <span class='ocrx_word' id='word_1_168' title='bbox 1688 501 1728 523; x_wconf 89' lang='lat' dir='ltr'><strong>at-</strong></span> 
     </span>
    </p>
   </div>
   <div class='ocr_carea' id='block_1_26' title="bbox 946 543 1728 588">
    <p class='ocr_par' dir='ltr' id='par_1_26' title="bbox 946 543 1728 588">
     <span class='ocr_line' id='line_1_26' title="bbox 946 543 1728 588; baseline -0.015 -8"><span class='ocrx_word' id='word_1_169' title='bbox 946 561 999 588; x_wconf 79' lang='lat' dir='ltr'><strong>que</strong></span> <span class='ocrx_word' id='word_1_170' title='bbox 1010 560 1024 579; x_wconf 91' lang='lat' dir='ltr'><strong>a</strong></span> <span class='ocrx_word' id='word_1_171' title='bbox 1041 559 1106 580; x_wconf 75' lang='lat' dir='ltr'><strong>vero</strong></span> <span class='ocrx_word' id='word_1_172' title='bbox 1120 551 1258 577; x_wconf 84' lang='lat' dir='ltr'><strong>incautum</strong></span> <span class='ocrx_word' id='word_1_173' title='bbox 1274 547 1390 575; x_wconf 86' lang='lat' dir='ltr'><strong>abducat</strong></span> <span class='ocrx_word' id='word_1_174' title='bbox 1407 555 1414 574; x_wconf 92' lang='lat'>:</span> <span class='ocrx_word' id='word_1_175' title='bbox 1429 545 1562 580; x_wconf 89' lang='lat' dir='ltr'><strong>siquidem</strong></span> <span class='ocrx_word' id='word_1_176' title='bbox 1583 547 1625 571; x_wconf 88' lang='lat' dir='ltr'><strong>est</strong></span> <span class='ocrx_word' id='word_1_177' title='bbox 1646 543 1672 569; x_wconf 92' lang='lat' dir='ltr'><strong>in</strong></span> <span class='ocrx_word' id='word_1_178' title='bbox 1686 551 1728 569; x_wconf 89' lang='lat' dir='ltr'><strong>re-</strong></span> 
     </span>
    </p>
   </div>
   <div class='ocr_carea' id='block_1_27' title="bbox 945 588 1728 629">
    <p class='ocr_par' dir='ltr' id='par_1_27' title="bbox 945 588 1728 629">
     <span class='ocr_line' id='line_1_27' title="bbox 945 588 1728 629; baseline -0.015 -3"><span class='ocrx_word' id='word_1_179' title='bbox 945 599 997 626; x_wconf 82' lang='lat' dir='ltr'><strong>bus</strong></span> <span class='ocrx_word' id='word_1_180' title='bbox 1013 597 1097 625; x_wconf 87' lang='lat' dir='ltr'><strong>tantis</strong></span> <span class='ocrx_word' id='word_1_181' title='bbox 1111 596 1242 623; x_wconf 85' lang='lat' dir='ltr'><strong>audacter</strong></span> <span class='ocrx_word' id='word_1_182' title='bbox 1258 593 1434 629; x_wconf 84' lang='lat' dir='ltr'><strong>loquendum,</strong></span> <span class='ocrx_word' id='word_1_183' title='bbox 1451 601 1467 617; x_wconf 87' lang='grc' dir='ltr'><strong>υ</strong></span> <span class='ocrx_word' id='word_1_184' title='bbox 1482 590 1651 627; x_wconf 76' lang='lat' dir='ltr'><strong>Aglaophon.</strong></span> <span class='ocrx_word' id='word_1_185' title='bbox 1661 588 1728 615; x_wconf 87' lang='lat' dir='ltr'><strong>Nam</strong></span> 
     </span>
    </p>
   </div>
   <div class='ocr_carea' id='block_1_28' title="bbox 946 636 1728 678">
    <p class='ocr_par' dir='ltr' id='par_1_28' title="bbox 946 636 1728 678">
     <span class='ocr_line' id='line_1_28' title="bbox 946 636 1728 678; baseline -0.015 -6"><span class='ocrx_word' id='word_1_186' title='bbox 946 644 1038 672; x_wconf 83' lang='lat' dir='ltr'><strong>dixisti</strong></span> <span class='ocrx_word' id='word_1_187' title='bbox 1056 641 1230 678; x_wconf 81' lang='lat' dir='ltr'><strong>respondisse</strong></span> <span class='ocrx_word' id='word_1_188' title='bbox 1249 639 1392 667; x_wconf 88' lang='lat' dir='ltr'><strong>Dominum</strong></span> <span class='ocrx_word' id='word_1_189' title='bbox 1416 636 1575 664; x_wconf 63' lang='lat' dir='ltr'><strong>Sadducmis</strong></span> <span class='ocrx_word' id='word_1_190' title='bbox 1599 636 1728 662; x_wconf 78' lang='lat' dir='ltr'><strong>leutanti—</strong></span> 
     </span>
    </p>
   </div>
   <div class='ocr_carea' id='block_1_29' title="bbox 946 684 1728 722">
    <p class='ocr_par' dir='ltr' id='par_1_29' title="bbox 946 684 1728 722">
     <span class='ocr_line' id='line_1_29' title="bbox 946 684 1728 722; baseline -0.014 -5"><span class='ocrx_word' id='word_1_191' title='bbox 946 691 997 717; x_wconf 85' lang='lat' dir='ltr'><strong>bus</strong></span> <span class='ocrx_word' id='word_1_192' title='bbox 1009 710 1016 722; x_wconf 94' lang='lat'><strong>,</strong></span> <span class='ocrx_word' id='word_1_193' title='bbox 1034 689 1102 720; x_wconf 88' lang='lat' dir='ltr'><strong>fore,</strong></span> <span class='ocrx_word' id='word_1_194' title='bbox 1125 691 1154 715; x_wconf 80' lang='lat' dir='ltr'><strong>ut</strong></span> <span class='ocrx_word' id='word_1_195' title='bbox 1184 687 1231 722; x_wconf 88' lang='lat' dir='ltr'><strong>qui</strong></span> <span class='ocrx_word' id='word_1_196' title='bbox 1259 684 1466 713; x_wconf 84' lang='lat' dir='ltr'><strong>resurrectionis</strong></span> <span class='ocrx_word' id='word_1_197' title='bbox 1482 686 1622 717; x_wconf 84' lang='lat' dir='ltr'><strong>compotes</strong></span> <span class='ocrx_word' id='word_1_198' title='bbox 1637 685 1728 711; x_wconf 83' lang='lat' dir='ltr'><strong>erunt,</strong></span> 
     </span>
    </p>
   </div>
   <div class='ocr_carea' id='block_1_30' title="bbox 946 727 1728 768">
    <p class='ocr_par' dir='ltr' id='par_1_30' title="bbox 946 727 1728 768">
     <span class='ocr_line' id='line_1_30' title="bbox 946 727 1728 768; baseline -0.013 -6"><span class='ocrx_word' id='word_1_199' title='bbox 946 735 998 762; x_wconf 77' lang='lat' dir='ltr'><strong>sint</strong></span> <span class='ocrx_word' id='word_1_200' title='bbox 1026 735 1093 761; x_wconf 79' lang='lat' dir='ltr'><strong>sicut</strong></span> <span class='ocrx_word' id='word_1_201' title='bbox 1118 733 1244 768; x_wconf 80' lang='lat' dir='ltr'><strong>angeli“.</strong></span> <span class='ocrx_word' id='word_1_202' title='bbox 1267 730 1385 758; x_wconf 88' lang='lat' dir='ltr'><strong>lntulisti</strong></span> <span class='ocrx_word' id='word_1_203' title='bbox 1415 737 1502 765; x_wconf 82' lang='lat' dir='ltr'><strong>ergo:</strong></span> <span class='ocrx_word' id='word_1_204' title='bbox 1520 727 1601 762; x_wconf 81' lang='lat' dir='ltr'><strong>Atqui</strong></span> <span class='ocrx_word' id='word_1_205' title='bbox 1631 727 1728 760; x_wconf 71' lang='lat' dir='ltr'><strong>angeli,</strong></span> 
     </span>
    </p>
   </div>
   <div class='ocr_carea' id='block_1_31' title="bbox 947 773 1729 816">
    <p class='ocr_par' dir='ltr' id='par_1_31' title="bbox 947 773 1729 816">
     <span class='ocr_line' id='line_1_31' title="bbox 947 773 1729 816; baseline -0.013 -8"><span class='ocrx_word' id='word_1_206' title='bbox 947 781 1011 816; x_wconf 79' lang='lat' dir='ltr'><strong>quia</strong></span> <span class='ocrx_word' id='word_1_207' title='bbox 1026 779 1118 808; x_wconf 86' lang='lat' dir='ltr'><strong>carnis</strong></span> <span class='ocrx_word' id='word_1_208' title='bbox 1141 782 1277 813; x_wconf 74' lang='lat' dir='ltr'><strong>expertes,</strong></span> <span class='ocrx_word' id='word_1_209' title='bbox 1298 778 1324 804; x_wconf 90' lang='lat' dir='ltr'><strong>in</strong></span> <span class='ocrx_word' id='word_1_210' title='bbox 1349 783 1454 804; x_wconf 90' lang='lat' dir='ltr'><strong>summa</strong></span> <span class='ocrx_word' id='word_1_211' title='bbox 1479 776 1582 809; x_wconf 84' lang='lat' dir='ltr'><strong>degunt</strong></span> <span class='ocrx_word' id='word_1_212' title='bbox 1600 773 1729 801; x_wconf 79' lang='lat' dir='ltr'><strong>felicitate</strong></span> 
     </span>
    </p>
   </div>
   <div class='ocr_carea' id='block_1_32' title="bbox 105 819 890 860">
    <p class='ocr_par' dir='ltr' id='par_1_32' title="bbox 105 819 890 858">
     <span class='ocr_line' id='line_1_32' title="bbox 105 819 890 858; baseline 0.005 -13"><span class='ocrx_word' id='word_1_213' title='bbox 105 819 282 852; x_wconf 79' lang='grc' dir='ltr'>ὲξισάζεσθαι</span> <span class='ocrx_word' id='word_1_214' title='bbox 309 821 451 856; x_wconf 79' lang='grc' dir='ltr'>μέλλοντας</span> <span class='ocrx_word' id='word_1_215' title='bbox 464 823 600 856; x_wconf 79' lang='grc' dir='ltr'><strong>ἀγγέλοις,</strong></span> <span class='ocrx_word' id='word_1_216' title='bbox 615 823 720 858; x_wconf 85' lang='grc' dir='ltr'><strong>ἀνάγκη</strong></span> <span class='ocrx_word' id='word_1_217' title='bbox 733 822 773 858; x_wconf 86' lang='grc' dir='ltr'>δὴ,</span> <span class='ocrx_word' id='word_1_218' title='bbox 790 822 890 858; x_wconf 70' lang='grc' dir='ltr'>σαρκῶι</span> 
     </span>
    </p>
   </div>
   <div class='ocr_carea' id='block_1_33' title="bbox 943 819 1729 860">
    <p class='ocr_par' dir='ltr' id='par_1_33' title="bbox 948 820 1729 860">
     <span class='ocr_line' id='line_1_33' title="bbox 948 820 1729 860; baseline -0.01 -9"><span class='ocrx_word' id='word_1_219' title='bbox 948 828 975 853; x_wconf 88' lang='lat' dir='ltr'><strong>et</strong></span> <span class='ocrx_word' id='word_1_220' title='bbox 989 825 1073 860; x_wconf 78' lang='lat' dir='ltr'><strong>gloria</strong></span> <span class='ocrx_word' id='word_1_221' title='bbox 1092 832 1100 851; x_wconf 88' lang='lat'>:</span> <span class='ocrx_word' id='word_1_222' title='bbox 1118 830 1203 858; x_wconf 88' lang='lat' dir='ltr'><strong>quare</strong></span> <span class='ocrx_word' id='word_1_223' title='bbox 1219 827 1246 850; x_wconf 87' lang='lat' dir='ltr'><strong>et</strong></span> <span class='ocrx_word' id='word_1_224' title='bbox 1261 829 1311 850; x_wconf 86' lang='lat' dir='ltr'><strong>nos</strong></span> <span class='ocrx_word' id='word_1_225' title='bbox 1326 829 1395 857; x_wconf 89' lang='lat' dir='ltr'><strong>quos</strong></span> <span class='ocrx_word' id='word_1_226' title='bbox 1409 820 1511 854; x_wconf 68' lang='lat' dir='ltr'><strong>aequari</strong></span> <span class='ocrx_word' id='word_1_227' title='bbox 1527 822 1634 854; x_wconf 86' lang='lat' dir='ltr'><strong>oportet</strong></span> <span class='ocrx_word' id='word_1_228' title='bbox 1647 826 1729 851; x_wconf 79' lang='lat' dir='ltr'><strong>auge-</strong></span> 
     </span>
    </p>
   </div>
   <div class='ocr_carea' id='block_1_34' title="bbox 105 865 894 903">
    <p class='ocr_par' dir='ltr' id='par_1_34' title="bbox 105 865 894 903">
     <span class='ocr_line' id='line_1_34' title="bbox 105 865 894 903; baseline 0.004 -11"><span class='ocrx_word' id='word_1_229' title='bbox 105 865 239 898; x_wconf 81' lang='grc' dir='ltr'>ὡσαύτως</span> <span class='ocrx_word' id='word_1_230' title='bbox 259 867 375 898; x_wconf 80' lang='grc' dir='ltr'>ἐκείνοις</span> <span class='ocrx_word' id='word_1_231' title='bbox 396 868 524 903; x_wconf 76' lang='grc' dir='ltr'>γυμνοὺς,</span> <span class='ocrx_word' id='word_1_232' title='bbox 547 868 677 902; x_wconf 80' lang='grc' dir='ltr'><strong>ἀγγέλους</strong></span> <span class='ocrx_word' id='word_1_233' title='bbox 700 867 807 895; x_wconf 78' lang='grc' dir='ltr'>ἔσεσθαι</span> <span class='ocrx_word' id='word_1_234' title='bbox 828 869 894 895; x_wconf 84' lang='grc' dir='ltr'>δεῖν·</span> 
     </span>
    </p>
   </div>
   <div class='ocr_carea' id='block_1_35' title="bbox 106 909 895 949">
    <p class='ocr_par' dir='ltr' id='par_1_35' title="bbox 106 909 895 949">
     <span class='ocr_line' id='line_1_35' title="bbox 106 909 895 949; baseline 0.004 -12"><span class='ocrx_word' id='word_1_235' title='bbox 106 911 156 938; x_wconf 75' lang='grc' dir='ltr'>οὐκ</span> <span class='ocrx_word' id='word_1_236' title='bbox 178 912 341 947; x_wconf 70' lang='grc' dir='ltr'>ἐπιστήσας,</span> <span class='ocrx_word' id='word_1_237' title='bbox 370 909 392 940; x_wconf 81' lang='grc' dir='ltr'><strong>ὦ</strong></span> <span class='ocrx_word' id='word_1_238' title='bbox 422 913 535 949; x_wconf 82' lang='grc' dir='ltr'>ἄριστε,</span> <span class='ocrx_word' id='word_1_239' title='bbox 557 913 594 946; x_wconf 84' lang='grc' dir='ltr'><strong>ὡς</strong></span> <span class='ocrx_word' id='word_1_240' title='bbox 610 915 624 940; x_wconf 86' lang='grc' dir='ltr'><strong>ὀ</strong></span> <span class='ocrx_word' id='word_1_241' title='bbox 640 915 754 949; x_wconf 77' lang='grc' dir='ltr'>ποιήσας</span> <span class='ocrx_word' id='word_1_242' title='bbox 776 913 822 940; x_wconf 82' lang='grc' dir='ltr'>καὶ</span> <span class='ocrx_word' id='word_1_243' title='bbox 839 913 895 940; x_wconf 86' lang='grc' dir='ltr'>δια-</span> 
     </span>
    </p>
   </div>
   <div class='ocr_carea' id='block_1_36' title="bbox 106 957 894 995">
    <p class='ocr_par' dir='ltr' id='par_1_36' title="bbox 106 957 894 995">
     <span class='ocr_line' id='line_1_36' title="bbox 106 957 894 995; baseline 0.004 -12"><span class='ocrx_word' id='word_1_244' title='bbox 106 958 251 993; x_wconf 77' lang='grc' dir='ltr'>κοσμήσας</span> <span class='ocrx_word' id='word_1_245' title='bbox 269 957 298 991; x_wconf 82' lang='grc' dir='ltr'>ὲξ</span> <span class='ocrx_word' id='word_1_246' title='bbox 319 959 369 985; x_wconf 77' lang='grc' dir='ltr'>οὐκ</span> <span class='ocrx_word' id='word_1_247' title='bbox 387 958 469 985; x_wconf 69' lang='grc' dir='ltr'>ὅντων</span> <span class='ocrx_word' id='word_1_248' title='bbox 489 959 519 985; x_wconf 83' lang='grc' dir='ltr'>τὸ</span> <span class='ocrx_word' id='word_1_249' title='bbox 536 960 599 991; x_wconf 78' lang='grc' dir='ltr'>πᾶν,</span> <span class='ocrx_word' id='word_1_250' title='bbox 617 960 666 995; x_wconf 83' lang='grc' dir='ltr'>τὴν</span> <span class='ocrx_word' id='word_1_251' title='bbox 683 959 737 985; x_wconf 82' lang='grc' dir='ltr'>τῶν</span> <span class='ocrx_word' id='word_1_252' title='bbox 755 960 894 986; x_wconf 70' lang='grc' dir='ltr'>ἀθανάτων</span> 
     </span>
    </p>
   </div>
   <div class='ocr_carea' id='block_1_37' title="bbox 107 1004 895 1042">
    <p class='ocr_par' dir='ltr' id='par_1_37' title="bbox 107 1004 895 1042">
     <span class='ocr_line' id='line_1_37' title="bbox 107 1004 895 1042; baseline 0.004 -13"><span class='ocrx_word' id='word_1_253' title='bbox 107 1004 199 1037; x_wconf 66' lang='grc' dir='ltr'>φύσιν,</span> <span class='ocrx_word' id='word_1_254' title='bbox 219 1004 251 1030; x_wconf 83' lang='grc' dir='ltr'><strong>οὐ</strong></span> <span class='ocrx_word' id='word_1_255' title='bbox 266 1004 346 1039; x_wconf 83' lang='grc' dir='ltr'>μόνον</span> <span class='ocrx_word' id='word_1_256' title='bbox 372 1005 412 1036; x_wconf 86' lang='grc' dir='ltr'><strong>εἰς</strong></span> <span class='ocrx_word' id='word_1_257' title='bbox 433 1005 563 1039; x_wconf 82' lang='grc' dir='ltr'>ἀγγέλους</span> <span class='ocrx_word' id='word_1_258' title='bbox 586 1005 633 1032; x_wconf 72' lang='grc' dir='ltr'>κα).</span> <span class='ocrx_word' id='word_1_259' title='bbox 647 1005 818 1042; x_wconf 83' lang='grc' dir='ltr'>λειτουργοὺς</span> <span class='ocrx_word' id='word_1_260' title='bbox 838 1006 895 1032; x_wconf 91' lang='grc' dir='ltr'>δια-</span> 
     </span>
    </p>
   </div>
   <div class='ocr_carea' id='block_1_38' title="bbox 105 1049 895 1088">
    <p class='ocr_par' dir='ltr' id='par_1_38' title="bbox 105 1049 895 1088">
     <span class='ocr_line' id='line_1_38' title="bbox 105 1049 895 1088; baseline 0.005 -13"><span class='ocrx_word' id='word_1_261' title='bbox 105 1049 204 1084; x_wconf 79' lang='grc' dir='ltr'>νείμας</span> <span class='ocrx_word' id='word_1_262' title='bbox 223 1049 413 1085; x_wconf 80' lang='grc' dir='ltr'>διεκόσμησεν,</span> <span class='ocrx_word' id='word_1_263' title='bbox 439 1050 505 1078; x_wconf 79' lang='grc' dir='ltr'>ἀλλὰ</span> <span class='ocrx_word' id='word_1_264' title='bbox 526 1052 572 1078; x_wconf 79' lang='grc' dir='ltr'>καὶ</span> <span class='ocrx_word' id='word_1_265' title='bbox 598 1052 636 1083; x_wconf 79' lang='grc' dir='ltr'><strong>εἰς</strong></span> <span class='ocrx_word' id='word_1_266' title='bbox 659 1052 755 1088; x_wconf 79' lang='grc' dir='ltr'>ἀρχὰς,</span> <span class='ocrx_word' id='word_1_267' title='bbox 777 1052 822 1079; x_wconf 72' lang='grc' dir='ltr'><strong>καὶ</strong></span> <span class='ocrx_word' id='word_1_268' title='bbox 837 1053 895 1088; x_wconf 84' lang='grc' dir='ltr'>θρό-</span> 
     </span>
    </p>
   </div>
   <div class='ocr_carea' id='block_1_39' title="bbox 106 1096 894 1133">
    <p class='ocr_par' dir='ltr' id='par_1_39' title="bbox 106 1096 894 1133">
     <span class='ocr_line' id='line_1_39' title="bbox 106 1096 894 1133; baseline 0.004 -12"><span class='ocrx_word' id='word_1_269' title='bbox 106 1103 178 1127; x_wconf 74' lang='grc' dir='ltr'>νους,</span> <span class='ocrx_word' id='word_1_270' title='bbox 195 1096 244 1121; x_wconf 72' lang='grc' dir='ltr'>καὶ</span> <span class='ocrx_word' id='word_1_271' title='bbox 258 1096 392 1128; x_wconf 81' lang='grc' dir='ltr'>ἐξουσίας.</span> <span class='ocrx_word' id='word_1_272' title='bbox 408 1096 488 1123; x_wconf 80' lang='grc' dir='ltr'><strong>Ἀλλο</strong></span> <span class='ocrx_word' id='word_1_273' title='bbox 500 1096 553 1133; x_wconf 82' lang='grc' dir='ltr'><strong>γὰρ</strong></span> <span class='ocrx_word' id='word_1_274' title='bbox 565 1097 642 1131; x_wconf 87' lang='grc' dir='ltr'>γένος</span> <span class='ocrx_word' id='word_1_275' title='bbox 652 1098 682 1123; x_wconf 79' lang='grc' dir='ltr'>τὸ</span> <span class='ocrx_word' id='word_1_276' title='bbox 695 1097 747 1124; x_wconf 84' lang='grc' dir='ltr'>τῶν</span> <span class='ocrx_word' id='word_1_277' title='bbox 761 1098 894 1132; x_wconf 79' lang='grc' dir='ltr'>ἀγγέλων,</span> 
     </span>
    </p>
   </div>
   <div class='ocr_carea' id='block_1_40' title="bbox 106 1141 893 1179">
    <p class='ocr_par' dir='ltr' id='par_1_40' title="bbox 106 1141 893 1179">
     <span class='ocr_line' id='line_1_40' title="bbox 106 1141 893 1179; baseline 0.005 -12"><span class='ocrx_word' id='word_1_278' title='bbox 106 1141 152 1167; x_wconf 71' lang='grc' dir='ltr'>καὶ</span> <span class='ocrx_word' id='word_1_279' title='bbox 165 1141 231 1168; x_wconf 80' lang='grc' dir='ltr'>ἄλλο</span> <span class='ocrx_word' id='word_1_280' title='bbox 244 1142 274 1168; x_wconf 77' lang='grc' dir='ltr'>τὸ</span> <span class='ocrx_word' id='word_1_281' title='bbox 289 1141 343 1168; x_wconf 84' lang='grc' dir='ltr'>τῶν</span> <span class='ocrx_word' id='word_1_282' title='bbox 362 1142 453 1177; x_wconf 83' lang='grc' dir='ltr'>ἀρχῶν</span> <span class='ocrx_word' id='word_1_283' title='bbox 469 1142 516 1169; x_wconf 76' lang='grc' dir='ltr'><strong>καὶ</strong></span> <span class='ocrx_word' id='word_1_284' title='bbox 537 1142 678 1176; x_wconf 76' lang='grc' dir='ltr'>ἐξουσιῶν·</span> <span class='ocrx_word' id='word_1_285' title='bbox 694 1143 734 1170; x_wconf 83' lang='grc' dir='ltr'><strong>ὅτι</strong></span> <span class='ocrx_word' id='word_1_286' title='bbox 750 1143 786 1179; x_wconf 83' lang='grc' dir='ltr'>μὴ</span> <span class='ocrx_word' id='word_1_287' title='bbox 802 1144 893 1178; x_wconf 79' lang='grc' dir='ltr'>τάγμα</span> 
     </span>
    </p>
   </div>
   <div class='ocr_carea' id='block_1_41' title="bbox 105 1185 893 1224">
    <p class='ocr_par' dir='ltr' id='par_1_41' title="bbox 105 1185 893 1224">
     <span class='ocr_line' id='line_1_41' title="bbox 105 1185 893 1224; baseline 0.006 -13"><span class='ocrx_word' id='word_1_288' title='bbox 105 1185 145 1217; x_wconf 79' lang='grc' dir='ltr'>ἓν,</span> <span class='ocrx_word' id='word_1_289' title='bbox 159 1187 207 1212; x_wconf 76' lang='grc' dir='ltr'>καὶ</span> <span class='ocrx_word' id='word_1_290' title='bbox 222 1186 271 1222; x_wconf 85' lang='grc' dir='ltr'><strong>μία</strong></span> <span class='ocrx_word' id='word_1_291' title='bbox 284 1187 421 1219; x_wconf 75' lang='grc' dir='ltr'>σύστασις,</span> <span class='ocrx_word' id='word_1_292' title='bbox 438 1187 484 1214; x_wconf 71' lang='grc' dir='ltr'>καὶ</span> <span class='ocrx_word' id='word_1_293' title='bbox 496 1187 575 1223; x_wconf 85' lang='grc' dir='ltr'>φυλὴ,</span> <span class='ocrx_word' id='word_1_294' title='bbox 587 1188 633 1214; x_wconf 74' lang='grc' dir='ltr'><strong>καὶ</strong></span> <span class='ocrx_word' id='word_1_295' title='bbox 648 1188 749 1224; x_wconf 79' lang='grc' dir='ltr'>πατριὰ</span> <span class='ocrx_word' id='word_1_296' title='bbox 759 1189 813 1216; x_wconf 84' lang='grc' dir='ltr'><strong>τῶν</strong></span> <span class='ocrx_word' id='word_1_297' title='bbox 827 1189 893 1216; x_wconf 84' lang='grc' dir='ltr'><strong>ἀθα-</strong></span> 
     </span>
    </p>
   </div>
   <div class='ocr_carea' id='block_1_42' title="bbox 106 1232 892 1270">
    <p class='ocr_par' dir='ltr' id='par_1_42' title="bbox 106 1232 892 1270">
     <span class='ocr_line' id='line_1_42' title="bbox 106 1232 892 1270; baseline 0.004 -12"><span class='ocrx_word' id='word_1_298' title='bbox 106 1232 213 1258; x_wconf 75' lang='grc' dir='ltr'>νάτων-</span> <span class='ocrx_word' id='word_1_299' title='bbox 248 1232 316 1259; x_wconf 80' lang='grc' dir='ltr'>ἀλλὰ</span> <span class='ocrx_word' id='word_1_300' title='bbox 343 1233 420 1269; x_wconf 79' lang='grc' dir='ltr'>γένη,</span> <span class='ocrx_word' id='word_1_301' title='bbox 448 1233 495 1260; x_wconf 77' lang='grc' dir='ltr'>καὶ</span> <span class='ocrx_word' id='word_1_302' title='bbox 521 1234 612 1268; x_wconf 74' lang='grc' dir='ltr'>φυλαὶ,</span> <span class='ocrx_word' id='word_1_303' title='bbox 627 1234 673 1261; x_wconf 77' lang='grc' dir='ltr'>καὶ</span> <span class='ocrx_word' id='word_1_304' title='bbox 689 1235 829 1270; x_wconf 74' lang='grc' dir='ltr'>διαφοραί“</span> <span class='ocrx_word' id='word_1_305' title='bbox 845 1235 892 1262; x_wconf 78' lang='grc' dir='ltr'><strong>καὶ</strong></span> 
     </span>
    </p>
   </div>
   <div class='ocr_carea' id='block_1_43' title="bbox 105 1276 890 1314">
    <p class='ocr_par' dir='ltr' id='par_1_43' title="bbox 105 1276 890 1314">
     <span class='ocr_line' id='line_1_43' title="bbox 105 1276 890 1314; baseline 0.004 -11"><span class='ocrx_word' id='word_1_306' title='bbox 105 1276 167 1304; x_wconf 72' lang='grc' dir='ltr'>οὗτε</span> <span class='ocrx_word' id='word_1_307' title='bbox 179 1277 215 1304; x_wconf 81' lang='grc' dir='ltr'><strong>τὰ</strong></span> <span class='ocrx_word' id='word_1_308' title='bbox 231 1278 373 1313; x_wconf 79' lang='grc' dir='ltr'>χερουϐἰμ,</span> <span class='ocrx_word' id='word_1_309' title='bbox 388 1279 437 1314; x_wconf 86' lang='grc' dir='ltr'>τῆς</span> <span class='ocrx_word' id='word_1_310' title='bbox 453 1279 520 1311; x_wconf 83' lang='grc' dir='ltr'>ἰδίας</span> <span class='ocrx_word' id='word_1_311' title='bbox 538 1279 700 1314; x_wconf 80' lang='grc' dir='ltr'>ὲξιστάμενα</span> <span class='ocrx_word' id='word_1_312' title='bbox 717 1280 833 1314; x_wconf 79' lang='grc' dir='ltr'>φύσεως,</span> <span class='ocrx_word' id='word_1_313' title='bbox 851 1281 890 1312; x_wconf 84' lang='grc' dir='ltr'><strong>εἰς</strong></span> 
     </span>
    </p>
   </div>
   <div class='ocr_carea' id='block_1_44' title="bbox 104 1322 890 1361">
    <p class='ocr_par' dir='ltr' id='par_1_44' title="bbox 104 1322 890 1361">
     <span class='ocr_line' id='line_1_44' title="bbox 104 1322 890 1361; baseline 0.005 -12"><span class='ocrx_word' id='word_1_314' title='bbox 104 1322 154 1358; x_wconf 78' lang='grc' dir='ltr'>τὴν</span> <span class='ocrx_word' id='word_1_315' title='bbox 176 1323 231 1351; x_wconf 85' lang='grc' dir='ltr'>τῶν</span> <span class='ocrx_word' id='word_1_316' title='bbox 254 1324 376 1358; x_wconf 75' lang='grc' dir='ltr'>ἀγγέλων</span> <span class='ocrx_word' id='word_1_317' title='bbox 404 1325 475 1352; x_wconf 82' lang='grc' dir='ltr'>ἰδέαν</span> <span class='ocrx_word' id='word_1_318' title='bbox 500 1325 763 1361; x_wconf 73' lang='grc' dir='ltr'>μετασκευάζονται·</span> <span class='ocrx_word' id='word_1_319' title='bbox 786 1325 841 1353; x_wconf 74' lang='grc' dir='ltr'>οὔτ’</span> <span class='ocrx_word' id='word_1_320' title='bbox 856 1325 890 1353; x_wconf 82' lang='grc' dir='ltr'><strong>αὖ</strong></span> 
     </span>
    </p>
   </div>
   <div class='ocr_carea' id='block_1_45' title="bbox 105 1368 892 1408">
    <p class='ocr_par' dir='ltr' id='par_1_45' title="bbox 105 1368 892 1408">
     <span class='ocr_line' id='line_1_45' title="bbox 105 1368 892 1408; baseline 0.008 -15"><span class='ocrx_word' id='word_1_321' title='bbox 105 1368 188 1394; x_wconf 74' lang='grc' dir='ltr'>πάλιν</span> <span class='ocrx_word' id='word_1_322' title='bbox 211 1369 252 1401; x_wconf 87' lang='grc' dir='ltr'><strong>εἰς</strong></span> <span class='ocrx_word' id='word_1_323' title='bbox 275 1369 371 1405; x_wconf 79' lang='grc' dir='ltr'>ἑτέραν</span> <span class='ocrx_word' id='word_1_324' title='bbox 388 1370 444 1406; x_wconf 87' lang='grc'>(89)</span> <span class='ocrx_word' id='word_1_325' title='bbox 464 1371 492 1397; x_wconf 83' lang='grc' dir='ltr'>οἰ.</span> <span class='ocrx_word' id='word_1_326' title='bbox 511 1371 630 1406; x_wconf 80' lang='grc' dir='ltr'>ἄγγελοι.</span> <span class='ocrx_word' id='word_1_327' title='bbox 648 1369 724 1398; x_wconf 79' lang='grc' dir='ltr'>Εἶναι</span> <span class='ocrx_word' id='word_1_328' title='bbox 746 1371 800 1408; x_wconf 84' lang='grc' dir='ltr'><strong>γὰρ</strong></span> <span class='ocrx_word' id='word_1_329' title='bbox 823 1372 892 1400; x_wconf 74' lang='grc' dir='ltr'>αὐτὰ</span> 
     </span>
    </p>
   </div>
   <div class='ocr_carea' id='block_1_46' title="bbox 105 1414 893 1453">
    <p class='ocr_par' dir='ltr' id='par_1_46' title="bbox 105 1414 893 1453">
     <span class='ocr_line' id='line_1_46' title="bbox 105 1414 893 1453; baseline 0.005 -13"><span class='ocrx_word' id='word_1_330' title='bbox 105 1414 158 1449; x_wconf 82' lang='grc' dir='ltr'><strong>χρὴ</strong></span> <span class='ocrx_word' id='word_1_331' title='bbox 173 1415 221 1440; x_wconf 66' lang='grc' dir='ltr'>καὶ</span> <span class='ocrx_word' id='word_1_332' title='bbox 235 1415 248 1440; x_wconf 81' lang='grc' dir='ltr'><strong>ὃ</strong></span> <span class='ocrx_word' id='word_1_333' title='bbox 265 1416 326 1447; x_wconf 84' lang='grc' dir='ltr'>εἰσι,</span> <span class='ocrx_word' id='word_1_334' title='bbox 342 1416 390 1442; x_wconf 74' lang='grc' dir='ltr'>καὶ</span> <span class='ocrx_word' id='word_1_335' title='bbox 405 1415 420 1441; x_wconf 79' lang='grc' dir='ltr'><strong>ὃ</strong></span> <span class='ocrx_word' id='word_1_336' title='bbox 438 1416 589 1450; x_wconf 82' lang='grc' dir='ltr'>γεγόνασιν.</span> <span class='ocrx_word' id='word_1_337' title='bbox 611 1416 692 1451; x_wconf 80' lang='grc' dir='ltr'>’Λτὰρ</span> <span class='ocrx_word' id='word_1_338' title='bbox 705 1417 751 1443; x_wconf 74' lang='grc' dir='ltr'>καὶ</span> <span class='ocrx_word' id='word_1_339' title='bbox 764 1417 778 1442; x_wconf 82' lang='grc' dir='ltr'>ὁ</span> <span class='ocrx_word' id='word_1_340' title='bbox 790 1417 893 1453; x_wconf 80' lang='grc' dir='ltr'>ἄνθρω-</span> 
     </span>
    </p>
   </div>
   <div class='ocr_carea' id='block_1_47' title="bbox 106 1459 892 1497">
    <p class='ocr_par' dir='ltr' id='par_1_47' title="bbox 106 1459 892 1497">
     <span class='ocr_line' id='line_1_47' title="bbox 106 1459 892 1497; baseline 0.006 -13"><span class='ocrx_word' id='word_1_341' title='bbox 106 1468 156 1490; x_wconf 72' lang='grc' dir='ltr'><strong>πος</strong></span> <span class='ocrx_word' id='word_1_342' title='bbox 176 1459 224 1485; x_wconf 80' lang='grc' dir='ltr'>τὸν</span> <span class='ocrx_word' id='word_1_343' title='bbox 247 1460 347 1495; x_wconf 75' lang='grc' dir='ltr'>κόσμον</span> <span class='ocrx_word' id='word_1_344' title='bbox 371 1461 471 1494; x_wconf 82' lang='grc' dir='ltr'>οἰκεῖν,</span> <span class='ocrx_word' id='word_1_345' title='bbox 494 1462 540 1488; x_wconf 80' lang='grc' dir='ltr'>καὶ</span> <span class='ocrx_word' id='word_1_346' title='bbox 557 1461 610 1488; x_wconf 84' lang='grc' dir='ltr'><strong>τῶν</strong></span> <span class='ocrx_word' id='word_1_347' title='bbox 636 1462 664 1489; x_wconf 83' lang='grc' dir='ltr'>ὲν</span> <span class='ocrx_word' id='word_1_348' title='bbox 688 1461 762 1497; x_wconf 79' lang='grc' dir='ltr'>αὐτῷ</span> <span class='ocrx_word' id='word_1_349' title='bbox 784 1463 892 1489; x_wconf 85' lang='grc' dir='ltr'>πάντων</span> 
     </span>
    </p>
   </div>
   <div class='ocr_carea' id='block_1_48' title="bbox 105 1495 927 1543">
    <p class='ocr_par' dir='ltr' id='par_1_48' title="bbox 105 1495 927 1543">
     <span class='ocr_line' id='line_1_48' title="bbox 105 1495 927 1543; baseline 0.006 -14"><span class='ocrx_word' id='word_1_350' title='bbox 105 1504 283 1539; x_wconf 69' lang='grc' dir='ltr'>ἡγεμονεύειν</span> <span class='ocrx_word' id='word_1_351' title='bbox 302 1506 421 1541; x_wconf 80' lang='grc' dir='ltr'>ταχθεὶς,</span> <span class='ocrx_word' id='word_1_352' title='bbox 445 1507 494 1542; x_wconf 82' lang='grc' dir='ltr'>τῆς</span> <span class='ocrx_word' id='word_1_353' title='bbox 511 1507 541 1539; x_wconf 81' lang='grc' dir='ltr'>ἐξ</span> <span class='ocrx_word' id='word_1_354' title='bbox 567 1507 654 1543; x_wconf 82' lang='grc' dir='ltr'>ἀρχῆς</span> <span class='ocrx_word' id='word_1_355' title='bbox 675 1495 891 1542; x_wconf 73' lang='grc' dir='ltr'>διακοσμήσεως,</span> <span class='ocrx_word' id='word_1_356' title='bbox 907 1495 927 1523; x_wconf 74' lang='lat' dir='ltr'>c</span> 
     </span>
    </p>
   </div>
   <div class='ocr_carea' id='block_1_49' title="bbox 104 1549 892 1589">
    <p class='ocr_par' dir='ltr' id='par_1_49' title="bbox 104 1549 892 1589">
     <span class='ocr_line' id='line_1_49' title="bbox 104 1549 892 1589; baseline 0.006 -14"><span class='ocrx_word' id='word_1_357' title='bbox 104 1549 239 1581; x_wconf 72' lang='grc' dir='ltr'>ἀθάνατος</span> <span class='ocrx_word' id='word_1_358' title='bbox 256 1550 304 1582; x_wconf 83' lang='grc' dir='ltr'>ὢν,</span> <span class='ocrx_word' id='word_1_359' title='bbox 319 1551 366 1577; x_wconf 79' lang='grc' dir='ltr'><strong>τοῦ</strong></span> <span class='ocrx_word' id='word_1_360' title='bbox 378 1549 446 1578; x_wconf 74' lang='grc' dir='ltr'>εἶναι</span> <span class='ocrx_word' id='word_1_361' title='bbox 461 1552 601 1588; x_wconf 83' lang='grc' dir='ltr'>ἄνθρωπος</span> <span class='ocrx_word' id='word_1_362' title='bbox 615 1552 711 1579; x_wconf 78' lang='grc' dir='ltr'>οὔποτε</span> <span class='ocrx_word' id='word_1_363' title='bbox 728 1554 892 1589; x_wconf 78' lang='grc' dir='ltr'>μεταδληθή-</span> 
     </span>
    </p>
   </div>
   <div class='ocr_carea' id='block_1_50' title="bbox 105 1595 891 1635">
    <p class='ocr_par' dir='ltr' id='par_1_50' title="bbox 105 1595 891 1635">
     <span class='ocr_line' id='line_1_50' title="bbox 105 1595 891 1635; baseline 0.006 -14"><span class='ocrx_word' id='word_1_364' title='bbox 105 1604 181 1622; x_wconf 83' lang='grc' dir='ltr'>σεται</span> <span class='ocrx_word' id='word_1_365' title='bbox 201 1595 263 1622; x_wconf 78' lang='grc' dir='ltr'>οὔτε</span> <span class='ocrx_word' id='word_1_366' title='bbox 280 1597 320 1628; x_wconf 88' lang='grc' dir='ltr'><strong>εἰς</strong></span> <span class='ocrx_word' id='word_1_367' title='bbox 332 1597 380 1632; x_wconf 85' lang='grc' dir='ltr'>τὴν</span> <span class='ocrx_word' id='word_1_368' title='bbox 400 1597 453 1625; x_wconf 85' lang='grc' dir='ltr'><strong>τῶν</strong></span> <span class='ocrx_word' id='word_1_369' title='bbox 476 1598 597 1633; x_wconf 80' lang='grc' dir='ltr'>ἀγγέλων</span> <span class='ocrx_word' id='word_1_370' title='bbox 621 1598 682 1626; x_wconf 72' lang='grc' dir='ltr'>οὔτε</span> <span class='ocrx_word' id='word_1_371' title='bbox 709 1601 748 1631; x_wconf 82' lang='grc' dir='ltr'><strong>εἰς</strong></span> <span class='ocrx_word' id='word_1_372' title='bbox 772 1599 820 1635; x_wconf 83' lang='grc' dir='ltr'><strong>τὴν</strong></span> <span class='ocrx_word' id='word_1_373' title='bbox 835 1600 891 1626; x_wconf 83' lang='grc' dir='ltr'>τῶν</span> 
     </span>
    </p>
   </div>
   <div class='ocr_carea' id='block_1_51' title="bbox 105 1641 891 1681">
    <p class='ocr_par' dir='ltr' id='par_1_51' title="bbox 105 1641 891 1681">
     <span class='ocr_line' id='line_1_51' title="bbox 105 1641 891 1681; baseline 0.008 -14"><span class='ocrx_word' id='word_1_374' title='bbox 105 1641 206 1676; x_wconf 78' lang='grc' dir='ltr'>ἑτέρων</span> <span class='ocrx_word' id='word_1_375' title='bbox 224 1642 346 1678; x_wconf 70' lang='grc' dir='ltr'>μορφήν·</span> <span class='ocrx_word' id='word_1_376' title='bbox 362 1643 402 1669; x_wconf 80' lang='grc' dir='ltr'>ὃτι</span> <span class='ocrx_word' id='word_1_377' title='bbox 427 1643 492 1678; x_wconf 83' lang='grc' dir='ltr'>μηδὲ</span> <span class='ocrx_word' id='word_1_378' title='bbox 513 1645 538 1670; x_wconf 86' lang='grc' dir='ltr'><strong>οἰ</strong></span> <span class='ocrx_word' id='word_1_379' title='bbox 557 1644 666 1679; x_wconf 83' lang='grc' dir='ltr'>ἄγγελοι</span> <span class='ocrx_word' id='word_1_380' title='bbox 687 1646 726 1677; x_wconf 86' lang='grc' dir='ltr'><strong>εἰς</strong></span> <span class='ocrx_word' id='word_1_381' title='bbox 745 1645 794 1681; x_wconf 78' lang='grc' dir='ltr'><strong>τὴν</strong></span> <span class='ocrx_word' id='word_1_382' title='bbox 809 1645 891 1680; x_wconf 76' lang='grc' dir='ltr'>ἄλλην</span> 
     </span>
    </p>
   </div>
   <div class='ocr_carea' id='block_1_52' title="bbox 104 1687 888 1727">
    <p class='ocr_par' dir='ltr' id='par_1_52' title="bbox 104 1687 888 1727">
     <span class='ocr_line' id='line_1_52' title="bbox 104 1687 888 1727; baseline 0.008 -14"><span class='ocrx_word' id='word_1_383' title='bbox 104 1688 154 1723; x_wconf 73' lang='grc' dir='ltr'>τῆς</span> <span class='ocrx_word' id='word_1_384' title='bbox 164 1687 195 1720; x_wconf 76' lang='grc' dir='ltr'>ἐξ</span> <span class='ocrx_word' id='word_1_385' title='bbox 209 1688 297 1723; x_wconf 80' lang='grc' dir='ltr'>ἀρχῆς</span> <span class='ocrx_word' id='word_1_386' title='bbox 318 1688 388 1720; x_wconf 79' lang='grc' dir='ltr'>ἰδέας</span> <span class='ocrx_word' id='word_1_387' title='bbox 402 1691 649 1725; x_wconf 86' lang='grc' dir='ltr'>μετακοσμούμενοι</span> <span class='ocrx_word' id='word_1_388' title='bbox 669 1691 888 1727; x_wconf 76' lang='grc' dir='ltr'>μεταϐάλλονται.</span> 
     </span>
    </p>
   </div>
   <div class='ocr_carea' id='block_1_53' title="bbox 110 1733 889 1772">
    <p class='ocr_par' dir='ltr' id='par_1_53' title="bbox 110 1733 889 1772">
     <span class='ocr_line' id='line_1_53' title="bbox 110 1733 889 1772; baseline 0.005 -12"><span class='ocrx_word' id='word_1_389' title='bbox 110 1735 140 1760; x_wconf 80' lang='lat'><strong>&#39;0</strong></span> <span class='ocrx_word' id='word_1_390' title='bbox 152 1734 208 1770; x_wconf 75' lang='grc' dir='ltr'><strong>γὰρ</strong></span> <span class='ocrx_word' id='word_1_391' title='bbox 223 1734 340 1770; x_wconf 81' lang='grc' dir='ltr'>Χριστὸς</span> <span class='ocrx_word' id='word_1_392' title='bbox 355 1733 422 1770; x_wconf 83' lang='grc' dir='ltr'>ἦκεν</span> <span class='ocrx_word' id='word_1_393' title='bbox 436 1735 485 1762; x_wconf 85' lang='grc' dir='ltr'>οὐκ</span> <span class='ocrx_word' id='word_1_394' title='bbox 499 1737 539 1767; x_wconf 88' lang='grc' dir='ltr'><strong>εἰς</strong></span> <span class='ocrx_word' id='word_1_395' title='bbox 553 1736 647 1771; x_wconf 73' lang='grc' dir='ltr'>ἑτέραν</span> <span class='ocrx_word' id='word_1_396' title='bbox 668 1737 889 1772; x_wconf 79' lang='grc' dir='ltr'>μεταπλασοῆναι</span> 
     </span>
    </p>
   </div>
   <div class='ocr_carea' id='block_1_54' title="bbox 105 1780 890 1817">
    <p class='ocr_par' dir='ltr' id='par_1_54' title="bbox 105 1780 890 1817">
     <span class='ocr_line' id='line_1_54' title="bbox 105 1780 890 1817; baseline 0.006 -12"><span class='ocrx_word' id='word_1_397' title='bbox 105 1780 251 1815; x_wconf 75' lang='grc' dir='ltr'>κηρύσσων</span> <span class='ocrx_word' id='word_1_398' title='bbox 265 1780 282 1815; x_wconf 80' lang='grc' dir='ltr'>ἦ</span> <span class='ocrx_word' id='word_1_399' title='bbox 304 1780 555 1816; x_wconf 79' lang='grc' dir='ltr'>μετασκευασθῆναι</span> <span class='ocrx_word' id='word_1_400' title='bbox 577 1781 626 1817; x_wconf 82' lang='grc' dir='ltr'>τὴν</span> <span class='ocrx_word' id='word_1_401' title='bbox 652 1782 821 1817; x_wconf 77' lang='grc' dir='ltr'>ἀνθρωπείαν</span> <span class='ocrx_word' id='word_1_402' title='bbox 840 1783 890 1817; x_wconf 72' lang='grc' dir='ltr'>φύ-</span> 
     </span>
    </p>
   </div>
   <div class='ocr_carea' id='block_1_55' title="bbox 155 1856 446 1885">
    <p class='ocr_par' dir='ltr' id='par_1_55' title="bbox 155 1856 446 1885">
     <span class='ocr_line' id='line_1_55' title="bbox 155 1856 446 1885; baseline 0.01 -3"><span class='ocrx_word' id='word_1_403' title='bbox 155 1857 178 1872; x_wconf 84' lang='grc'>¹¹</span> <span class='ocrx_word' id='word_1_404' title='bbox 199 1856 299 1884; x_wconf 79' lang='lat' dir='ltr'><strong>Matth.</strong></span> <span class='ocrx_word' id='word_1_405' title='bbox 314 1865 385 1884; x_wconf 72' lang='lat' dir='ltr'><strong>xx&quot;.</strong></span> <span class='ocrx_word' id='word_1_406' title='bbox 403 1857 446 1885; x_wconf 78' lang='grc'><strong>50.</strong></span> 
     </span>
    </p>
   </div>
   <div class='ocr_carea' id='block_1_56' title="bbox 139 1914 716 1950">
    <p class='ocr_par' dir='ltr' id='par_1_56' title="bbox 139 1914 716 1950">
     <span class='ocr_line' id='line_1_56' title="bbox 139 1914 716 1950; baseline -0.002 -8"><span class='ocrx_word' id='word_1_407' title='bbox 139 1914 196 1947; x_wconf 86' lang='grc'>(88)</span> <span class='ocrx_word' id='word_1_408' title='bbox 213 1914 313 1946; x_wconf 75' lang='grc' dir='ltr'>Ἄξιον</span> <span class='ocrx_word' id='word_1_409' title='bbox 323 1915 366 1942; x_wconf 81' lang='grc' dir='ltr'><strong>δέ.</strong></span> <span class='ocrx_word' id='word_1_410' title='bbox 381 1916 419 1942; x_wconf 85' lang='lat' dir='ltr'><strong>Ex</strong></span> <span class='ocrx_word' id='word_1_411' title='bbox 430 1915 526 1950; x_wconf 87' lang='lat' dir='ltr'><strong>Epiph.</strong></span> <span class='ocrx_word' id='word_1_412' title='bbox 539 1916 616 1947; x_wconf 60' lang='lat' dir='ltr'><strong>haec,</strong></span> <span class='ocrx_word' id='word_1_413' title='bbox 631 1923 658 1941; x_wconf 96' lang='lat' dir='ltr'><strong>n.</strong></span> <span class='ocrx_word' id='word_1_414' title='bbox 672 1915 716 1942; x_wconf 83' lang='lat'><strong>&#39;55.</strong></span> 
     </span>
    </p>
   </div>
   <div class='ocr_carea' id='block_1_57' title="bbox 140 1949 892 1986">
    <p class='ocr_par' dir='ltr' id='par_1_57' title="bbox 140 1949 892 1986">
     <span class='ocr_line' id='line_1_57' title="bbox 140 1949 892 1986; baseline 0.003 -11"><span class='ocrx_word' id='word_1_415' title='bbox 140 1949 198 1983; x_wconf 80' lang='lat'><strong>(89)</strong></span> <span class='ocrx_word' id='word_1_416' title='bbox 218 1951 270 1986; x_wconf 75' lang='grc' dir='ltr'>Εἰς</span> <span class='ocrx_word' id='word_1_417' title='bbox 282 1950 396 1984; x_wconf 79' lang='grc' dir='ltr'>ἑτέραν.</span> <span class='ocrx_word' id='word_1_418' title='bbox 408 1949 489 1984; x_wconf 61' lang='grc' dir='ltr'>Ειίῖιί,</span> <span class='ocrx_word' id='word_1_419' title='bbox 506 1952 546 1982; x_wconf 87' lang='grc' dir='ltr'><strong>εἰς</strong></span> <span class='ocrx_word' id='word_1_420' title='bbox 562 1950 691 1985; x_wconf 76' lang='grc' dir='ltr'>(τὴντῶν)</span> <span class='ocrx_word' id='word_1_421' title='bbox 706 1949 815 1986; x_wconf 79' lang='grc' dir='ltr'>ἐτέρων.</span> <span class='ocrx_word' id='word_1_422' title='bbox 832 1949 892 1977; x_wconf 79' lang='lat' dir='ltr'><strong>Mox</strong></span> 
     </span>
    </p>
   </div>
   <div class='ocr_carea' id='block_1_58' title="bbox 105 1983 680 2020">
    <p class='ocr_par' dir='ltr' id='par_1_58' title="bbox 105 1983 680 2020">
     <span class='ocr_line' id='line_1_58' title="bbox 105 1983 680 2020; baseline 0.003 -10"><span class='ocrx_word' id='word_1_423' title='bbox 105 1983 198 2014; x_wconf 86' lang='lat' dir='ltr'><strong>iidem,</strong></span> <span class='ocrx_word' id='word_1_424' title='bbox 216 1983 365 2020; x_wconf 44' lang='lat' dir='ltr'><strong>vitiosas!</strong></span> <span class='ocrx_word' id='word_1_425' title='bbox 383 1985 436 2020; x_wconf 88' lang='grc' dir='ltr'>γάρ</span> <span class='ocrx_word' id='word_1_426' title='bbox 449 1989 511 2020; x_wconf 90' lang='lat' dir='ltr'><strong>post</strong></span> <span class='ocrx_word' id='word_1_427' title='bbox 526 1983 680 2020; x_wconf 79' lang='grc' dir='ltr'>γεγόνασιν.</span> 
     </span>
    </p>
   </div>
   <div class='ocr_carea' id='block_1_59' title="bbox 139 2019 888 2055">
    <p class='ocr_par' dir='ltr' id='par_1_59' title="bbox 139 2019 888 2055">
     <span class='ocr_line' id='line_1_59' title="bbox 139 2019 888 2055; baseline 0.004 -11"><span class='ocrx_word' id='word_1_428' title='bbox 139 2019 196 2054; x_wconf 81' lang='lat'><strong>(90)</strong></span> <span class='ocrx_word' id='word_1_429' title='bbox 220 2019 384 2047; x_wconf 80' lang='lat' dir='ltr'><strong>Felicissime</strong></span> <span class='ocrx_word' id='word_1_430' title='bbox 408 2019 509 2051; x_wconf 74' lang='lat' dir='ltr'><strong>victuri.</strong></span> <span class='ocrx_word' id='word_1_431' title='bbox 537 2021 570 2047; x_wconf 74' lang='grc' dir='ltr'>τὰ</span> <span class='ocrx_word' id='word_1_432' title='bbox 598 2020 695 2055; x_wconf 84' lang='grc' dir='ltr'>ἄριστα</span> <span class='ocrx_word' id='word_1_433' title='bbox 728 2020 888 2055; x_wconf 76' lang='grc' dir='ltr'>πράξοντας.</span> 
     </span>
    </p>
   </div>
   <div class='ocr_carea' id='block_1_60' title="bbox 105 2053 888 2090">
    <p class='ocr_par' dir='ltr' id='par_1_60' title="bbox 105 2053 888 2090">
     <span class='ocr_line' id='line_1_60' title="bbox 105 2053 888 2090; baseline 0.004 -11"><span class='ocrx_word' id='word_1_434' title='bbox 105 2053 217 2082; x_wconf 84' lang='lat' dir='ltr'><strong>Phrasis</strong></span> <span class='ocrx_word' id='word_1_435' title='bbox 233 2055 302 2081; x_wconf 89' lang='lat' dir='ltr'><strong>nihil</strong></span> <span class='ocrx_word' id='word_1_436' title='bbox 318 2063 397 2086; x_wconf 88' lang='lat' dir='ltr'><strong>nova,</strong></span> <span class='ocrx_word' id='word_1_437' title='bbox 413 2055 564 2090; x_wconf 89' lang='lat' dir='ltr'><strong>rudiusque</strong></span> <span class='ocrx_word' id='word_1_438' title='bbox 575 2053 703 2090; x_wconf 83' lang='lat' dir='ltr'><strong>expressa</strong></span> <span class='ocrx_word' id='word_1_439' title='bbox 719 2053 772 2083; x_wconf 82' lang='lat' dir='ltr'><strong>illis</strong></span> <span class='ocrx_word' id='word_1_440' title='bbox 787 2056 888 2088; x_wconf 85' lang='lat' dir='ltr'><strong>verbis,</strong></span> 
     </span>
    </p>
   </div>
   <div class='ocr_carea' id='block_1_61' title="bbox 104 2091 445 2124">
    <p class='ocr_par' dir='ltr' id='par_1_61' title="bbox 104 2091 445 2124">
     <span class='ocr_line' id='line_1_61' title="bbox 104 2091 445 2124; baseline 0.009 -10"><span class='ocrx_word' id='word_1_441' title='bbox 104 2091 203 2123; x_wconf 81' lang='lat' dir='ltr'><strong>optima</strong></span> <span class='ocrx_word' id='word_1_442' title='bbox 217 2098 324 2124; x_wconf 71' lang='lat' dir='ltr'><strong>qumque</strong></span> <span class='ocrx_word' id='word_1_443' title='bbox 339 2091 445 2124; x_wconf 79' lang='lat' dir='ltr'><strong>facturi.</strong></span> 
     </span>
    </p>
   </div>
   <div class='ocr_carea' id='block_1_62' title="bbox 137 2124 890 2158">
    <p class='ocr_par' dir='ltr' id='par_1_62' title="bbox 137 2124 890 2158">
     <span class='ocr_line' id='line_1_62' title="bbox 137 2124 890 2158; baseline 0.001 -8"><span class='ocrx_word' id='word_1_444' title='bbox 137 2125 194 2158; x_wconf 81' lang='lat'><strong>(9|)</strong></span> <span class='ocrx_word' id='word_1_445' title='bbox 214 2124 248 2151; x_wconf 88' lang='lat' dir='ltr'><strong>Ut</strong></span> <span class='ocrx_word' id='word_1_446' title='bbox 274 2126 399 2152; x_wconf 81' lang='lat' dir='ltr'><strong>nimirum</strong></span> <span class='ocrx_word' id='word_1_447' title='bbox 419 2125 511 2152; x_wconf 85' lang='lat' dir='ltr'><strong>habeat</strong></span> <span class='ocrx_word' id='word_1_448' title='bbox 526 2125 637 2151; x_wconf 84' lang='lat' dir='ltr'><strong>multam</strong></span> <span class='ocrx_word' id='word_1_449' title='bbox 647 2125 761 2156; x_wconf 76' lang='lat' dir='ltr'><strong>ruinam,</strong></span> <span class='ocrx_word' id='word_1_450' title='bbox 774 2128 828 2152; x_wconf 88' lang='lat' dir='ltr'><strong>etc.</strong></span> <span class='ocrx_word' id='word_1_451' title='bbox 840 2125 890 2151; x_wconf 85' lang='lat' dir='ltr'><strong>Co-</strong></span> 
     </span>
    </p>
   </div>
   <div class='ocr_carea' id='block_1_63' title="bbox 103 2158 887 2195">
    <p class='ocr_par' dir='ltr' id='par_1_63' title="bbox 103 2158 887 2195">
     <span class='ocr_line' id='line_1_63' title="bbox 103 2158 887 2195; baseline 0 -10"><span class='ocrx_word' id='word_1_452' title='bbox 103 2158 193 2192; x_wconf 72' lang='lat' dir='ltr'><strong>gimur</strong></span> <span class='ocrx_word' id='word_1_453' title='bbox 208 2160 288 2195; x_wconf 79' lang='lat' dir='ltr'><strong>longa</strong></span> <span class='ocrx_word' id='word_1_454' title='bbox 301 2160 351 2186; x_wconf 86' lang='lat' dir='ltr'><strong>hac</strong></span> <span class='ocrx_word' id='word_1_455' title='bbox 369 2161 527 2195; x_wconf 87' lang='lat' dir='ltr'><strong>paraphrasi</strong></span> <span class='ocrx_word' id='word_1_456' title='bbox 542 2167 626 2194; x_wconf 85' lang='lat' dir='ltr'><strong>pauca</strong></span> <span class='ocrx_word' id='word_1_457' title='bbox 643 2160 686 2186; x_wconf 88' lang='lat' dir='ltr'><strong>illa</strong></span> <span class='ocrx_word' id='word_1_458' title='bbox 702 2160 782 2186; x_wconf 87' lang='lat' dir='ltr'><strong>verba</strong></span> <span class='ocrx_word' id='word_1_459' title='bbox 796 2161 887 2194; x_wconf 82' lang='lat' dir='ltr'><strong>expri-</strong></span> 
     </span>
    </p>
   </div>
   <div class='ocr_carea' id='block_1_64' title="bbox 103 2194 889 2230">
    <p class='ocr_par' dir='ltr' id='par_1_64' title="bbox 103 2194 889 2230">
     <span class='ocr_line' id='line_1_64' title="bbox 103 2194 889 2230; baseline 0.001 -10"><span class='ocrx_word' id='word_1_460' title='bbox 103 2201 186 2230; x_wconf 83' lang='lat' dir='ltr'><strong>mere,</strong></span> <span class='ocrx_word' id='word_1_461' title='bbox 201 2194 240 2226; x_wconf 83' lang='grc' dir='ltr'>ὼς</span> <span class='ocrx_word' id='word_1_462' title='bbox 256 2196 312 2230; x_wconf 78' lang='grc' dir='ltr'>ἔχει</span> <span class='ocrx_word' id='word_1_463' title='bbox 327 2196 424 2230; x_wconf 83' lang='grc' dir='ltr'>πολλὴν</span> <span class='ocrx_word' id='word_1_464' title='bbox 436 2194 594 2226; x_wconf 78' lang='grc' dir='ltr'>διάπτωσιν,</span> <span class='ocrx_word' id='word_1_465' title='bbox 607 2195 652 2222; x_wconf 86' lang='lat' dir='ltr'><strong>ubi</strong></span> <span class='ocrx_word' id='word_1_466' title='bbox 666 2195 706 2226; x_wconf 79' lang='grc' dir='ltr'>τὸ,</span> <span class='ocrx_word' id='word_1_467' title='bbox 716 2194 770 2229; x_wconf 72' lang='grc' dir='ltr'>ἔχει</span> <span class='ocrx_word' id='word_1_468' title='bbox 785 2194 889 2229; x_wconf 88' lang='lat' dir='ltr'><strong>accipio</strong></span> 
     </span>
    </p>
   </div>
   <div class='ocr_carea' id='block_1_65' title="bbox 103 2229 886 2265">
    <p class='ocr_par' dir='ltr' id='par_1_65' title="bbox 103 2229 886 2265">
     <span class='ocr_line' id='line_1_65' title="bbox 103 2229 886 2265; baseline 0.004 -11"><span class='ocrx_word' id='word_1_469' title='bbox 103 2233 131 2265; x_wconf 65' lang='lat' dir='ltr'><strong>ut</strong></span> <span class='ocrx_word' id='word_1_470' title='bbox 143 2229 311 2265; x_wconf 80' lang='lat' dir='ltr'><strong>absolutum.</strong></span> <span class='ocrx_word' id='word_1_471' title='bbox 325 2229 461 2265; x_wconf 86' lang='lat' dir='ltr'><strong>quomodo</strong></span> <span class='ocrx_word' id='word_1_472' title='bbox 474 2234 515 2258; x_wconf 91' lang='lat' dir='ltr'><strong>est</strong></span> <span class='ocrx_word' id='word_1_473' title='bbox 530 2230 631 2257; x_wconf 67' lang='lat' dir='ltr'><strong>Graecis</strong></span> <span class='ocrx_word' id='word_1_474' title='bbox 646 2230 886 2264; x_wconf 77' lang='lat' dir='ltr'><strong>elegantissimum.</strong></span> 
     </span>
    </p>
   </div>
   <div class='ocr_carea' id='block_1_66' title="bbox 101 2262 888 2300">
    <p class='ocr_par' dir='ltr' id='par_1_66' title="bbox 101 2262 888 2300">
     <span class='ocr_line' id='line_1_66' title="bbox 101 2262 888 2300; baseline 0.003 -10"><span class='ocrx_word' id='word_1_475' title='bbox 101 2262 147 2290; x_wconf 84' lang='lat' dir='ltr'><strong>Est</strong></span> <span class='ocrx_word' id='word_1_476' title='bbox 161 2264 251 2291; x_wconf 83' lang='lat' dir='ltr'><strong>littera</strong></span> <span class='ocrx_word' id='word_1_477' title='bbox 263 2262 354 2292; x_wconf 65' lang='lat' dir='ltr'><strong>minus</strong></span> <span class='ocrx_word' id='word_1_478' title='bbox 365 2273 430 2292; x_wconf 85' lang='lat' dir='ltr'><strong>sana</strong></span> <span class='ocrx_word' id='word_1_479' title='bbox 443 2274 449 2292; x_wconf 89' lang='lat'><strong>:</strong></span> <span class='ocrx_word' id='word_1_480' title='bbox 461 2266 501 2298; x_wconf 83' lang='grc' dir='ltr'>τὸ,</span> <span class='ocrx_word' id='word_1_481' title='bbox 509 2262 700 2300; x_wconf 60' lang='grc' dir='ltr'>διαλεγόμενος</span> <span class='ocrx_word' id='word_1_482' title='bbox 707 2265 733 2292; x_wconf 92' lang='lat' dir='ltr'><strong>in</strong></span> <span class='ocrx_word' id='word_1_483' title='bbox 746 2265 888 2299; x_wconf 88' lang='lat' dir='ltr'><strong>impressis</strong></span> 
     </span>
    </p>
   </div>
   <div class='ocr_carea' id='block_1_67' title="bbox 102 2299 886 2334">
    <p class='ocr_par' dir='ltr' id='par_1_67' title="bbox 102 2299 886 2334">
     <span class='ocr_line' id='line_1_67' title="bbox 102 2299 886 2334; baseline 0.004 -10"><span class='ocrx_word' id='word_1_484' title='bbox 102 2299 243 2333; x_wconf 89' lang='lat' dir='ltr'><strong>propalam</strong></span> <span class='ocrx_word' id='word_1_485' title='bbox 270 2300 398 2327; x_wconf 78' lang='lat' dir='ltr'><strong>vitiosum</strong></span> <span class='ocrx_word' id='word_1_486' title='bbox 426 2304 468 2327; x_wconf 89' lang='lat' dir='ltr'><strong>est</strong></span> <span class='ocrx_word' id='word_1_487' title='bbox 496 2310 503 2328; x_wconf 86' lang='lat'>:</span> <span class='ocrx_word' id='word_1_488' title='bbox 531 2299 726 2334; x_wconf 87' lang='lat' dir='ltr'><strong>omisimusque</strong></span> <span class='ocrx_word' id='word_1_489' title='bbox 743 2307 815 2334; x_wconf 21' lang='lat' dir='ltr'><strong>rcunl</strong></span> <span class='ocrx_word' id='word_1_490' title='bbox 843 2308 886 2327; x_wconf 85' lang='lat' dir='ltr'><strong>sc—</strong></span> 
     </span>
    </p>
   </div>
   <div class='ocr_carea' id='block_1_68' title="bbox 101 2333 887 2370">
    <p class='ocr_par' dir='ltr' id='par_1_68' title="bbox 101 2333 887 2370">
     <span class='ocr_line' id='line_1_68' title="bbox 101 2333 887 2370; baseline 0.004 -11"><span class='ocrx_word' id='word_1_491' title='bbox 101 2334 195 2367; x_wconf 83' lang='lat' dir='ltr'><strong>quenti</strong></span> <span class='ocrx_word' id='word_1_492' title='bbox 216 2336 399 2370; x_wconf 81' lang='grc' dir='ltr'>πραγμάτων,</span> <span class='ocrx_word' id='word_1_493' title='bbox 411 2336 496 2363; x_wconf 87' lang='lat' dir='ltr'><strong>secuti</strong></span> <span class='ocrx_word' id='word_1_494' title='bbox 510 2335 591 2362; x_wconf 85' lang='lat' dir='ltr'><strong>alium</strong></span> <span class='ocrx_word' id='word_1_495' title='bbox 606 2333 726 2362; x_wconf 80' lang='lat' dir='ltr'><strong>codicem</strong></span> <span class='ocrx_word' id='word_1_496' title='bbox 741 2333 887 2370; x_wconf 78' lang='lat' dir='ltr'><strong>Rupif.,ex</strong></span> 
     </span>
    </p>
   </div>
   <div class='ocr_carea' id='block_1_69' title="bbox 102 2370 885 2404">
    <p class='ocr_par' dir='ltr' id='par_1_69' title="bbox 102 2370 885 2404">
     <span class='ocr_line' id='line_1_69' title="bbox 102 2370 885 2404; baseline 0.004 -9"><span class='ocrx_word' id='word_1_497' title='bbox 102 2376 155 2404; x_wconf 76' lang='lat' dir='ltr'><strong>quo</strong></span> <span class='ocrx_word' id='word_1_498' title='bbox 178 2373 206 2396; x_wconf 86' lang='lat' dir='ltr'><strong>et</strong></span> <span class='ocrx_word' id='word_1_499' title='bbox 228 2370 310 2397; x_wconf 89' lang='lat' dir='ltr'><strong>editis</strong></span> <span class='ocrx_word' id='word_1_500' title='bbox 336 2377 417 2397; x_wconf 89' lang='lat' dir='ltr'><strong>unam</strong></span> <span class='ocrx_word' id='word_1_501' title='bbox 439 2371 517 2398; x_wconf 88' lang='lat' dir='ltr'><strong>nobis</strong></span> <span class='ocrx_word' id='word_1_502' title='bbox 538 2370 654 2397; x_wconf 84' lang='lat' dir='ltr'><strong>litteram</strong></span> <span class='ocrx_word' id='word_1_503' title='bbox 671 2370 885 2404; x_wconf 84' lang='lat' dir='ltr'><strong>composuimus.</strong></span> 
     </span>
    </p>
   </div>
   <div class='ocr_carea' id='block_1_70' title="bbox 101 2403 886 2440">
    <p class='ocr_par' dir='ltr' id='par_1_70' title="bbox 101 2403 886 2440">
     <span class='ocr_line' id='line_1_70' title="bbox 101 2403 886 2440; baseline 0.004 -11"><span class='ocrx_word' id='word_1_504' title='bbox 101 2403 236 2437; x_wconf 88' lang='lat' dir='ltr'><strong>lmpressa</strong></span> <span class='ocrx_word' id='word_1_505' title='bbox 260 2406 335 2432; x_wconf 88' lang='lat' dir='ltr'><strong>velut</strong></span> <span class='ocrx_word' id='word_1_506' title='bbox 357 2404 481 2440; x_wconf 69' lang='lat' dir='ltr'><strong>Origenis</strong></span> <span class='ocrx_word' id='word_1_507' title='bbox 496 2408 523 2432; x_wconf 90' lang='lat' dir='ltr'><strong>et</strong></span> <span class='ocrx_word' id='word_1_508' title='bbox 539 2404 566 2431; x_wconf 90' lang='lat' dir='ltr'><strong>in</strong></span> <span class='ocrx_word' id='word_1_509' title='bbox 581 2405 659 2432; x_wconf 90' lang='lat' dir='ltr'><strong>tertia</strong></span> <span class='ocrx_word' id='word_1_510' title='bbox 673 2403 800 2439; x_wconf 84' lang='lat' dir='ltr'><strong>persona,</strong></span> <span class='ocrx_word' id='word_1_511' title='bbox 816 2405 886 2432; x_wconf 86' lang='lat' dir='ltr'><strong>refe-</strong></span> 
     </span>
    </p>
   </div>
   <div class='ocr_carea' id='block_1_71' title="bbox 102 2439 884 2474">
    <p class='ocr_par' dir='ltr' id='par_1_71' title="bbox 102 2439 884 2474">
     <span class='ocr_line' id='line_1_71' title="bbox 102 2439 884 2474; baseline 0.004 -10"><span class='ocrx_word' id='word_1_512' title='bbox 102 2442 180 2474; x_wconf 76' lang='lat' dir='ltr'><strong>runt;</strong></span> <span class='ocrx_word' id='word_1_513' title='bbox 193 2447 245 2466; x_wconf 87' lang='lat' dir='ltr'><strong>nos</strong></span> <span class='ocrx_word' id='word_1_514' title='bbox 258 2447 320 2466; x_wconf 87' lang='lat' dir='ltr'><strong>cum</strong></span> <span class='ocrx_word' id='word_1_515' title='bbox 340 2447 392 2467; x_wconf 88' lang='lat' dir='ltr'><strong>ms.</strong></span> <span class='ocrx_word' id='word_1_516' title='bbox 410 2444 438 2466; x_wconf 94' lang='lat' dir='ltr'><strong>ut</strong></span> <span class='ocrx_word' id='word_1_517' title='bbox 453 2439 658 2474; x_wconf 83' lang='lat' dir='ltr'><strong>Aglaophontis,</strong></span> <span class='ocrx_word' id='word_1_518' title='bbox 675 2443 702 2467; x_wconf 89' lang='lat' dir='ltr'><strong>et</strong></span> <span class='ocrx_word' id='word_1_519' title='bbox 715 2440 742 2465; x_wconf 92' lang='lat' dir='ltr'><strong>in</strong></span> <span class='ocrx_word' id='word_1_520' title='bbox 755 2439 884 2471; x_wconf 83' lang='lat' dir='ltr'><strong>secunda,</strong></span> 
     </span>
    </p>
   </div>
   <div class='ocr_carea' id='block_1_72' title="bbox 101 2473 885 2535">
    <p class='ocr_par' dir='ltr' id='par_1_72' title="bbox 101 2473 885 2535">
     <span class='ocr_line' id='line_1_72' title="bbox 101 2473 885 2535; baseline 0.004 -36"><span class='ocrx_word' id='word_1_521' title='bbox 101 2473 172 2535; x_wconf 49' lang='lat' dir='ltr'><strong>quod</strong></span> <span class='ocrx_word' id='word_1_522' title='bbox 194 2475 282 2509; x_wconf 76' lang='lat' dir='ltr'><strong>magis</strong></span> <span class='ocrx_word' id='word_1_523' title='bbox 302 2478 436 2502; x_wconf 84' lang='lat' dir='ltr'><strong>consonat</strong></span> <span class='ocrx_word' id='word_1_524' title='bbox 457 2473 578 2509; x_wconf 74' lang='lat' dir='ltr'><strong>reliquis.</strong></span> <span class='ocrx_word' id='word_1_525' title='bbox 601 2474 777 2510; x_wconf 79' lang='lat' dir='ltr'><strong>lmpugnatur</strong></span> <span class='ocrx_word' id='word_1_526' title='bbox 798 2483 885 2502; x_wconf 84' lang='lat' dir='ltr'><strong>novus</strong></span> 
     </span>
     <span class='ocr_line' id='line_1_73' title="bbox 125 2508 885 2535; baseline 0 0"><span class='ocrx_word' id='word_1_527' title='bbox 125 2508 326 2535; x_wconf 70' lang='lat' dir='ltr'><strong>riuenianornm</strong></span> <span class='ocrx_word' id='word_1_528' title='bbox 346 2517 433 2535; x_wconf 90' lang='lat' dir='ltr'><strong>error.</strong></span> <span class='ocrx_word' id='word_1_529' title='bbox 454 2518 486 2535; x_wconf 81' lang='lat' dir='ltr'><strong>ex</strong></span> <span class='ocrx_word' id='word_1_530' title='bbox 507 2510 596 2535; x_wconf 88' lang='lat' dir='ltr'><strong>nriore</strong></span> <span class='ocrx_word' id='word_1_531' title='bbox 612 2510 658 2535; x_wconf 91' lang='lat' dir='ltr'><strong>illo</strong></span> <span class='ocrx_word' id='word_1_532' title='bbox 677 2510 885 2535; x_wconf 82' lang='lat' dir='ltr'><strong>resurrectionis</strong></span> 
     </span>
    </p>
   </div>
   <div class='ocr_carea' id='block_1_73' title="bbox 125 2508 885 2544">
    <p class='ocr_par' dir='ltr' id='par_1_73' title="bbox 125 2508 885 2544">
     <span class='ocr_line' id='line_1_74' title="bbox 125 2508 885 2544; baseline 0.001 -9"><span class='ocrx_word' id='word_1_533' title='bbox 125 2508 326 2542; x_wconf 75' lang='lat' dir='ltr'><strong>rigenianorum</strong></span> <span class='ocrx_word' id='word_1_534' title='bbox 346 2517 433 2541; x_wconf 87' lang='lat' dir='ltr'><strong>error,</strong></span> <span class='ocrx_word' id='word_1_535' title='bbox 454 2518 486 2537; x_wconf 81' lang='lat' dir='ltr'><strong>ex</strong></span> <span class='ocrx_word' id='word_1_536' title='bbox 507 2508 596 2544; x_wconf 81' lang='lat' dir='ltr'><strong>priore</strong></span> <span class='ocrx_word' id='word_1_537' title='bbox 612 2508 658 2536; x_wconf 81' lang='lat' dir='ltr'><strong>illo</strong></span> <span class='ocrx_word' id='word_1_538' title='bbox 677 2508 885 2537; x_wconf 78' lang='lat' dir='ltr'><strong>resurrectionis</strong></span> 
     </span>
    </p>
   </div>
   <div class='ocr_carea' id='block_1_74' title="bbox 102 2543 885 2579">
    <p class='ocr_par' dir='ltr' id='par_1_74' title="bbox 102 2543 885 2579">
     <span class='ocr_line' id='line_1_75' title="bbox 102 2543 885 2579; baseline 0.003 -10"><span class='ocrx_word' id='word_1_539' title='bbox 102 2543 202 2578; x_wconf 85' lang='lat' dir='ltr'><strong>absque</strong></span> <span class='ocrx_word' id='word_1_540' title='bbox 215 2552 299 2572; x_wconf 86' lang='lat' dir='ltr'><strong>carne</strong></span> <span class='ocrx_word' id='word_1_541' title='bbox 313 2548 402 2576; x_wconf 81' lang='lat' dir='ltr'><strong>ortus,</strong></span> <span class='ocrx_word' id='word_1_542' title='bbox 417 2543 515 2579; x_wconf 75' lang='lat' dir='ltr'><strong>nempe</strong></span> <span class='ocrx_word' id='word_1_543' title='bbox 523 2545 680 2572; x_wconf 85' lang='lat' dir='ltr'><strong>mutationis</strong></span> <span class='ocrx_word' id='word_1_544' title='bbox 692 2545 843 2571; x_wconf 90' lang='lat' dir='ltr'><strong>animarum</strong></span> <span class='ocrx_word' id='word_1_545' title='bbox 857 2546 885 2572; x_wconf 92' lang='lat' dir='ltr'><strong>in</strong></span> 
     </span>
    </p>
   </div>
   <div class='ocr_carea' id='block_1_75' title="bbox 103 2580 883 2614">
    <p class='ocr_par' dir='ltr' id='par_1_75' title="bbox 103 2580 883 2614">
     <span class='ocr_line' id='line_1_76' title="bbox 103 2580 883 2614; baseline 0.003 -10"><span class='ocrx_word' id='word_1_546' title='bbox 103 2580 219 2612; x_wconf 77' lang='lat' dir='ltr'><strong>angelos,</strong></span> <span class='ocrx_word' id='word_1_547' title='bbox 236 2581 264 2607; x_wconf 92' lang='lat' dir='ltr'><strong>in</strong></span> <span class='ocrx_word' id='word_1_548' title='bbox 285 2587 342 2614; x_wconf 89' lang='lat' dir='ltr'><strong>quo</strong></span> <span class='ocrx_word' id='word_1_549' title='bbox 361 2584 403 2607; x_wconf 88' lang='lat' dir='ltr'><strong>est</strong></span> <span class='ocrx_word' id='word_1_550' title='bbox 419 2581 503 2606; x_wconf 87' lang='lat' dir='ltr'><strong>multa</strong></span> <span class='ocrx_word' id='word_1_551' title='bbox 524 2580 569 2607; x_wconf 84' lang='lat' dir='ltr'><strong>illa</strong></span> <span class='ocrx_word' id='word_1_552' title='bbox 584 2587 677 2606; x_wconf 89' lang='lat' dir='ltr'><strong>eorum</strong></span> <span class='ocrx_word' id='word_1_553' title='bbox 694 2580 883 2614; x_wconf 86' lang='grc' dir='ltr'>παράπτωσις,</span> 
     </span>
    </p>
   </div>
   <div class='ocr_carea' id='block_1_76' title="bbox 102 2614 884 2650">
    <p class='ocr_par' dir='ltr' id='par_1_76' title="bbox 102 2614 884 2650">
     <span class='ocr_line' id='line_1_77' title="bbox 102 2614 884 2650; baseline 0.004 -12"><span class='ocrx_word' id='word_1_554' title='bbox 102 2614 207 2650; x_wconf 69' lang='lat' dir='ltr'><strong>oﬂ&#39;ensio</strong></span> <span class='ocrx_word' id='word_1_555' title='bbox 223 2623 233 2641; x_wconf 89' lang='lat'><em>:</em></span> <span class='ocrx_word' id='word_1_556' title='bbox 251 2616 327 2643; x_wconf 85' lang='lat' dir='ltr'><strong>velut</strong></span> <span class='ocrx_word' id='word_1_557' title='bbox 341 2615 563 2650; x_wconf 83' lang='lat' dir='ltr'><strong>impingentibus,</strong></span> <span class='ocrx_word' id='word_1_558' title='bbox 577 2615 661 2643; x_wconf 87' lang='lat' dir='ltr'><strong>semel</strong></span> <span class='ocrx_word' id='word_1_559' title='bbox 674 2622 690 2641; x_wconf 89' lang='lat' dir='ltr'><strong>a</strong></span> <span class='ocrx_word' id='word_1_560' title='bbox 706 2615 821 2642; x_wconf 78' lang='lat' dir='ltr'><strong>veritate</strong></span> <span class='ocrx_word' id='word_1_561' title='bbox 836 2615 884 2642; x_wconf 89' lang='lat' dir='ltr'><strong>de-</strong></span> 
     </span>
    </p>
   </div>
   <div class='ocr_carea' id='block_1_77' title="bbox 102 2649 628 2678">
    <p class='ocr_par' dir='ltr' id='par_1_77' title="bbox 102 2649 628 2678">
     <span class='ocr_line' id='line_1_78' title="bbox 102 2649 628 2678; baseline 0.015 -4"><span class='ocrx_word' id='word_1_562' title='bbox 102 2649 149 2674; x_wconf 71' lang='lat' dir='ltr'><strong>vris</strong></span> <span class='ocrx_word' id='word_1_563' title='bbox 164 2649 331 2678; x_wconf 86' lang='lat' dir='ltr'><strong>hominibus.</strong></span> <span class='ocrx_word' id='word_1_564' title='bbox 433 2649 437 2650; x_wconf 24' lang='grc' dir='ltr'><em>ν</em></span> <span class='ocrx_word' id='word_1_565' title='bbox 625 2650 628 2654; x_wconf 71' lang='grc'><strong>’</strong></span> 
     </span>
    </p>
   </div>
   <div class='ocr_carea' id='block_1_78' title="bbox 130 2684 883 2745">
    <p class='ocr_par' dir='ltr' id='par_1_78' title="bbox 130 2684 883 2745">
     <span class='ocr_line' id='line_1_79' title="bbox 130 2684 883 2745; baseline 0.004 -35"><span class='ocrx_word' id='word_1_566' title='bbox 130 2684 186 2745; x_wconf 49' lang='lat'><strong>392)</strong></span> <span class='ocrx_word' id='word_1_567' title='bbox 202 2685 236 2711; x_wconf 81' lang='lat' dir='ltr'><strong>Et</strong></span> <span class='ocrx_word' id='word_1_568' title='bbox 251 2685 433 2716; x_wconf 76' lang='lat' dir='ltr'><strong>administris,</strong></span> <span class='ocrx_word' id='word_1_569' title='bbox 459 2685 506 2712; x_wconf 75' lang='grc' dir='ltr'>καὶ</span> <span class='ocrx_word' id='word_1_570' title='bbox 526 2684 708 2721; x_wconf 83' lang='grc' dir='ltr'>λειτουργούς.</span> <span class='ocrx_word' id='word_1_571' title='bbox 731 2686 837 2721; x_wconf 82' lang='lat' dir='ltr'><strong>Accipit</strong></span> <span class='ocrx_word' id='word_1_572' title='bbox 853 2689 883 2713; x_wconf 80' lang='lat' dir='ltr'><strong>ut</strong></span> 
     </span>
     <span class='ocr_line' id='line_1_80' title="bbox 149 2720 881 2745; baseline 0 0"><span class='ocrx_word' id='word_1_573' title='bbox 149 2727 215 2745; x_wconf 89' lang='lat' dir='ltr'><strong>mem</strong></span> <span class='ocrx_word' id='word_1_574' title='bbox 231 2720 360 2745; x_wconf 70' lang='lat' dir='ltr'><strong>angelico</strong></span> <span class='ocrx_word' id='word_1_575' title='bbox 377 2720 555 2745; x_wconf 76' lang='lat' dir='ltr'><strong>superiorem.</strong></span> <span class='ocrx_word' id='word_1_576' title='bbox 569 2725 600 2745; x_wconf 92' lang='lat' dir='ltr'><strong>ut</strong></span> <span class='ocrx_word' id='word_1_577' title='bbox 621 2728 652 2745; x_wconf 84' lang='lat' dir='ltr'><strong>ex</strong></span> <span class='ocrx_word' id='word_1_578' title='bbox 670 2721 791 2745; x_wconf 78' lang='lat' dir='ltr'><strong>sentienti</strong></span> <span class='ocrx_word' id='word_1_579' title='bbox 807 2722 881 2745; x_wconf 84' lang='lat' dir='ltr'><strong>loea-</strong></span> 
     </span>
    </p>
   </div>
   <div class='ocr_carea' id='block_1_79' title="bbox 102 2719 881 2756">
    <p class='ocr_par' dir='ltr' id='par_1_79' title="bbox 102 2719 881 2756">
     <span class='ocr_line' id='line_1_81' title="bbox 102 2719 881 2756; baseline 0.003 -11"><span class='ocrx_word' id='word_1_580' title='bbox 102 2719 215 2756; x_wconf 69' lang='lat' dir='ltr'><strong>ordinem</strong></span> <span class='ocrx_word' id='word_1_581' title='bbox 231 2720 360 2756; x_wconf 76' lang='lat' dir='ltr'><strong>angelico</strong></span> <span class='ocrx_word' id='word_1_582' title='bbox 377 2720 555 2754; x_wconf 84' lang='lat' dir='ltr'><strong>superiorem,</strong></span> <span class='ocrx_word' id='word_1_583' title='bbox 569 2725 600 2746; x_wconf 89' lang='lat' dir='ltr'><strong>ut</strong></span> <span class='ocrx_word' id='word_1_584' title='bbox 619 2719 881 2756; x_wconf 17' lang='lat' dir='ltr'><strong>exrsequentiiloca-</strong></span> 
     </span>
    </p>
   </div>
   <div class='ocr_carea' id='block_1_80' title="bbox 102 2754 881 2791">
    <p class='ocr_par' dir='ltr' id='par_1_80' title="bbox 102 2754 881 2791">
     <span class='ocr_line' id='line_1_82' title="bbox 102 2754 881 2791; baseline 0.004 -12"><span class='ocrx_word' id='word_1_585' title='bbox 102 2754 166 2781; x_wconf 62' lang='lat' dir='ltr'><strong>tione</strong></span> <span class='ocrx_word' id='word_1_586' title='bbox 176 2754 371 2782; x_wconf 78' lang='lat' dir='ltr'><strong>creaturarum</strong></span> <span class='ocrx_word' id='word_1_587' title='bbox 387 2762 435 2791; x_wconf 86' lang='lat' dir='ltr'><strong>pro</strong></span> <span class='ocrx_word' id='word_1_588' title='bbox 449 2756 581 2789; x_wconf 82' lang='lat' dir='ltr'><strong>cujusque</strong></span> <span class='ocrx_word' id='word_1_589' title='bbox 602 2755 687 2790; x_wconf 72' lang='lat' dir='ltr'><strong>gradu</strong></span> <span class='ocrx_word' id='word_1_590' title='bbox 709 2754 796 2790; x_wconf 80' lang='lat' dir='ltr'><strong>liquet</strong></span> <span class='ocrx_word' id='word_1_591' title='bbox 809 2765 816 2789; x_wconf 88' lang='lat'><strong>;</strong></span> <span class='ocrx_word' id='word_1_592' title='bbox 829 2764 881 2791; x_wconf 87' lang='lat' dir='ltr'><strong>qua</strong></span> 
     </span>
    </p>
   </div>
   <div class='ocr_carea' id='block_1_81' title="bbox 101 2790 880 2822">
    <p class='ocr_par' dir='ltr' id='par_1_81' title="bbox 101 2790 880 2822">
     <span class='ocr_line' id='line_1_83' title="bbox 101 2790 880 2822; baseline 0.001 -6"><span class='ocrx_word' id='word_1_593' title='bbox 101 2790 173 2818; x_wconf 68' lang='lat' dir='ltr'><strong>:telos</strong></span> <span class='ocrx_word' id='word_1_594' title='bbox 187 2792 314 2821; x_wconf 75' lang='lat' dir='ltr'><strong>assignat</strong></span> <span class='ocrx_word' id='word_1_595' title='bbox 330 2790 452 2820; x_wconf 67' lang='lat' dir='ltr'><strong>angelis;</strong></span> <span class='ocrx_word' id='word_1_596' title='bbox 468 2791 568 2817; x_wconf 87' lang='lat' dir='ltr'><strong>lumina</strong></span> <span class='ocrx_word' id='word_1_597' title='bbox 578 2798 651 2822; x_wconf 87' lang='lat' dir='ltr'><strong>vero,</strong></span> <span class='ocrx_word' id='word_1_598' title='bbox 664 2791 767 2822; x_wconf 85' lang='lat' dir='ltr'><strong>potiora</strong></span> <span class='ocrx_word' id='word_1_599' title='bbox 780 2791 805 2817; x_wconf 95' lang='lat' dir='ltr'><strong>in</strong></span> <span class='ocrx_word' id='word_1_600' title='bbox 823 2799 880 2818; x_wconf 72' lang='lat' dir='ltr'><strong>ue-</strong></span> 
     </span>
    </p>
   </div>
   <div class='ocr_carea' id='block_1_82' title="bbox 946 863 1728 902">
    <p class='ocr_par' dir='ltr' id='par_1_82' title="bbox 946 863 1728 902">
     <span class='ocr_line' id='line_1_84' title="bbox 946 863 1728 902; baseline -0.012 -5"><span class='ocrx_word' id='word_1_601' title='bbox 946 870 989 902; x_wconf 88' lang='lat' dir='ltr'><strong>lis,</strong></span> <span class='ocrx_word' id='word_1_602' title='bbox 1006 876 1119 897; x_wconf 88' lang='lat' dir='ltr'><strong>neccsse</strong></span> <span class='ocrx_word' id='word_1_603' title='bbox 1133 872 1176 896; x_wconf 88' lang='lat' dir='ltr'><strong>est</strong></span> <span class='ocrx_word' id='word_1_604' title='bbox 1193 868 1227 895; x_wconf 86' lang='lat' dir='ltr'><strong>ad</strong></span> <span class='ocrx_word' id='word_1_605' title='bbox 1240 867 1363 895; x_wconf 88' lang='lat' dir='ltr'><strong>eumdem</strong></span> <span class='ocrx_word' id='word_1_606' title='bbox 1380 865 1488 892; x_wconf 93' lang='lat' dir='ltr'><strong>modum</strong></span> <span class='ocrx_word' id='word_1_607' title='bbox 1504 871 1585 891; x_wconf 87' lang='lat' dir='ltr'><strong>carne</strong></span> <span class='ocrx_word' id='word_1_608' title='bbox 1600 863 1728 894; x_wconf 80' lang='lat' dir='ltr'><strong>nudatos,</strong></span> 
     </span>
    </p>
   </div>
   <div class='ocr_carea' id='block_1_83' title="bbox 946 908 1728 951">
    <p class='ocr_par' dir='ltr' id='par_1_83' title="bbox 946 908 1728 951">
     <span class='ocr_line' id='line_1_85' title="bbox 946 908 1728 951; baseline -0.013 -7"><span class='ocrx_word' id='word_1_609' title='bbox 946 916 1056 951; x_wconf 66' lang='lat' dir='ltr'><strong>angel05</strong></span> <span class='ocrx_word' id='word_1_610' title='bbox 1072 915 1140 942; x_wconf 85' lang='lat' dir='ltr'><strong>ﬁeri.</strong></span> <span class='ocrx_word' id='word_1_611' title='bbox 1158 913 1214 941; x_wconf 83' lang='lat' dir='ltr'><strong>Nec</strong></span> <span class='ocrx_word' id='word_1_612' title='bbox 1235 913 1312 945; x_wconf 79' lang='lat' dir='ltr'><strong>illud,</strong></span> <span class='ocrx_word' id='word_1_613' title='bbox 1338 912 1439 947; x_wconf 88' lang='lat' dir='ltr'><strong>optime</strong></span> <span class='ocrx_word' id='word_1_614' title='bbox 1454 909 1587 941; x_wconf 89' lang='lat' dir='ltr'><strong>virorum,</strong></span> <span class='ocrx_word' id='word_1_615' title='bbox 1605 908 1728 935; x_wconf 86' lang='lat' dir='ltr'><strong>animad-</strong></span> 
     </span>
    </p>
   </div>
   <div class='ocr_carea' id='block_1_84' title="bbox 945 954 1728 994">
    <p class='ocr_par' dir='ltr' id='par_1_84' title="bbox 945 954 1728 994">
     <span class='ocr_line' id='line_1_86' title="bbox 945 954 1728 994; baseline -0.01 -6"><span class='ocrx_word' id='word_1_616' title='bbox 945 961 1049 988; x_wconf 89' lang='lat' dir='ltr'><strong>vertisti</strong></span> <span class='ocrx_word' id='word_1_617' title='bbox 1063 969 1071 994; x_wconf 88' lang='lat'><strong>;</strong></span> <span class='ocrx_word' id='word_1_618' title='bbox 1085 967 1157 992; x_wconf 87' lang='lat' dir='ltr'><strong>eum,</strong></span> <span class='ocrx_word' id='word_1_619' title='bbox 1173 959 1220 994; x_wconf 89' lang='lat' dir='ltr'><strong>qui</strong></span> <span class='ocrx_word' id='word_1_620' title='bbox 1239 966 1273 985; x_wconf 77' lang='lat' dir='ltr'><strong>ex</strong></span> <span class='ocrx_word' id='word_1_621' title='bbox 1291 957 1375 984; x_wconf 88' lang='lat' dir='ltr'><strong>nihilo</strong></span> <span class='ocrx_word' id='word_1_622' title='bbox 1390 955 1522 983; x_wconf 91' lang='lat' dir='ltr'><strong>mundum</strong></span> <span class='ocrx_word' id='word_1_623' title='bbox 1538 954 1681 982; x_wconf 83' lang='lat' dir='ltr'><strong>fabricavit</strong></span> <span class='ocrx_word' id='word_1_624' title='bbox 1697 962 1728 980; x_wconf 81' lang='lat' dir='ltr'><strong>ac</strong></span> 
     </span>
    </p>
   </div>
   <div class='ocr_carea' id='block_1_85' title="bbox 944 999 1727 1039">
    <p class='ocr_par' dir='ltr' id='par_1_85' title="bbox 944 999 1727 1039">
     <span class='ocr_line' id='line_1_87' title="bbox 944 999 1727 1039; baseline -0.011 -5"><span class='ocrx_word' id='word_1_625' title='bbox 944 1007 1097 1038; x_wconf 85' lang='lat' dir='ltr'><strong>constituit,</strong></span> <span class='ocrx_word' id='word_1_626' title='bbox 1112 1012 1166 1033; x_wconf 88' lang='lat' dir='ltr'><strong>non</strong></span> <span class='ocrx_word' id='word_1_627' title='bbox 1185 1004 1288 1039; x_wconf 76' lang='lat' dir='ltr'><strong>angelis</strong></span> <span class='ocrx_word' id='word_1_628' title='bbox 1310 1002 1391 1030; x_wconf 91' lang='lat' dir='ltr'><strong>modo</strong></span> <span class='ocrx_word' id='word_1_629' title='bbox 1416 1006 1443 1029; x_wconf 90' lang='lat' dir='ltr'><strong>et</strong></span> <span class='ocrx_word' id='word_1_630' title='bbox 1462 999 1631 1028; x_wconf 81' lang='lat' dir='ltr'><strong>administris</strong></span> <span class='ocrx_word' id='word_1_631' title='bbox 1649 999 1703 1035; x_wconf 69' lang='lat'><strong>(92)</strong></span> <span class='ocrx_word' id='word_1_632' title='bbox 1719 1007 1727 1031; x_wconf 90' lang='lat'><strong>;</strong></span> 
     </span>
    </p>
   </div>
   <div class='ocr_carea' id='block_1_86' title="bbox 944 1047 1716 1087">
    <p class='ocr_par' dir='ltr' id='par_1_86' title="bbox 944 1047 1716 1087">
     <span class='ocr_line' id='line_1_88' title="bbox 944 1047 1716 1087; baseline -0.01 -7"><span class='ocrx_word' id='word_1_633' title='bbox 944 1052 992 1080; x_wconf 83' lang='lat' dir='ltr'><strong>sed</strong></span> <span class='ocrx_word' id='word_1_634' title='bbox 1008 1056 1034 1080; x_wconf 90' lang='lat' dir='ltr'><strong>et</strong></span> <span class='ocrx_word' id='word_1_635' title='bbox 1046 1051 1244 1087; x_wconf 87' lang='lat' dir='ltr'><strong>principatibus</strong></span> <span class='ocrx_word' id='word_1_636' title='bbox 1258 1053 1285 1077; x_wconf 87' lang='lat' dir='ltr'><strong>et</strong></span> <span class='ocrx_word' id='word_1_637' title='bbox 1299 1048 1406 1076; x_wconf 89' lang='lat' dir='ltr'><strong>thronis</strong></span> <span class='ocrx_word' id='word_1_638' title='bbox 1419 1051 1446 1075; x_wconf 86' lang='lat' dir='ltr'><strong>et</strong></span> <span class='ocrx_word' id='word_1_639' title='bbox 1456 1047 1638 1083; x_wconf 83' lang='lat' dir='ltr'><strong>potestatibus</strong></span> <span class='ocrx_word' id='word_1_640' title='bbox 1657 1053 1716 1072; x_wconf 89' lang='lat' dir='ltr'><strong>cam</strong></span> 
     </span>
    </p>
   </div>
   <div class='ocr_carea' id='block_1_87' title="bbox 944 1092 1726 1128">
    <p class='ocr_par' dir='ltr' id='par_1_87' title="bbox 944 1092 1726 1128">
     <span class='ocr_line' id='line_1_89' title="bbox 944 1092 1726 1128; baseline -0.009 -3"><span class='ocrx_word' id='word_1_641' title='bbox 944 1098 1005 1126; x_wconf 91' lang='lat' dir='ltr'><strong>dem</strong></span> <span class='ocrx_word' id='word_1_642' title='bbox 1019 1096 1231 1124; x_wconf 88' lang='lat' dir='ltr'><strong>immortalitatis</strong></span> <span class='ocrx_word' id='word_1_643' title='bbox 1246 1100 1373 1123; x_wconf 87' lang='lat' dir='ltr'><strong>naturam</strong></span> <span class='ocrx_word' id='word_1_644' title='bbox 1388 1094 1550 1128; x_wconf 88' lang='lat' dir='ltr'><strong>impertisse.</strong></span> <span class='ocrx_word' id='word_1_645' title='bbox 1564 1092 1644 1119; x_wconf 81' lang='lat' dir='ltr'><strong>Aliud</strong></span> <span class='ocrx_word' id='word_1_646' title='bbox 1655 1092 1726 1119; x_wconf 88' lang='lat' dir='ltr'><strong>enim</strong></span> 
     </span>
    </p>
   </div>
   <div class='ocr_carea' id='block_1_88' title="bbox 944 1136 1725 1178">
    <p class='ocr_par' dir='ltr' id='par_1_88' title="bbox 944 1136 1725 1178">
     <span class='ocr_line' id='line_1_90' title="bbox 944 1136 1725 1178; baseline -0.009 -8"><span class='ocrx_word' id='word_1_647' title='bbox 944 1143 1101 1178; x_wconf 79' lang='lat' dir='ltr'><strong>angelorum</strong></span> <span class='ocrx_word' id='word_1_648' title='bbox 1120 1149 1217 1177; x_wconf 79' lang='lat' dir='ltr'><strong>genus,</strong></span> <span class='ocrx_word' id='word_1_649' title='bbox 1234 1140 1360 1174; x_wconf 86' lang='lat' dir='ltr'><strong>aliudque</strong></span> <span class='ocrx_word' id='word_1_650' title='bbox 1382 1138 1583 1174; x_wconf 89' lang='lat' dir='ltr'><strong>principatuum</strong></span> <span class='ocrx_word' id='word_1_651' title='bbox 1605 1142 1631 1164; x_wconf 93' lang='lat' dir='ltr'><strong>et</strong></span> <span class='ocrx_word' id='word_1_652' title='bbox 1651 1136 1725 1163; x_wconf 89' lang='lat' dir='ltr'><strong>aliud</strong></span> 
     </span>
    </p>
   </div>
   <div class='ocr_carea' id='block_1_89' title="bbox 943 1184 1724 1224">
    <p class='ocr_par' dir='ltr' id='par_1_89' title="bbox 943 1184 1724 1224">
     <span class='ocr_line' id='line_1_91' title="bbox 943 1184 1724 1224; baseline -0.01 -8"><span class='ocrx_word' id='word_1_653' title='bbox 943 1192 1129 1224; x_wconf 86' lang='lat' dir='ltr'><strong>potestatum;</strong></span> <span class='ocrx_word' id='word_1_654' title='bbox 1149 1195 1181 1215; x_wconf 92' lang='lat' dir='ltr'><strong>eo</strong></span> <span class='ocrx_word' id='word_1_655' title='bbox 1195 1187 1266 1222; x_wconf 86' lang='lat' dir='ltr'><strong>quod</strong></span> <span class='ocrx_word' id='word_1_656' title='bbox 1283 1194 1336 1213; x_wconf 91' lang='lat' dir='ltr'><strong>non</strong></span> <span class='ocrx_word' id='word_1_657' title='bbox 1353 1192 1424 1212; x_wconf 91' lang='lat' dir='ltr'><strong>unus</strong></span> <span class='ocrx_word' id='word_1_658' title='bbox 1440 1184 1517 1216; x_wconf 87' lang='lat' dir='ltr'><strong>ordo,</strong></span> <span class='ocrx_word' id='word_1_659' title='bbox 1535 1191 1638 1210; x_wconf 92' lang='lat' dir='ltr'><strong>uuusve</strong></span> <span class='ocrx_word' id='word_1_660' title='bbox 1667 1190 1724 1209; x_wconf 71' lang='lat' dir='ltr'><strong>cte-</strong></span> 
     </span>
    </p>
   </div>
   <div class='ocr_carea' id='block_1_90' title="bbox 944 1229 1724 1267">
    <p class='ocr_par' dir='ltr' id='par_1_90' title="bbox 944 1229 1724 1267">
     <span class='ocr_line' id='line_1_92' title="bbox 944 1229 1724 1267; baseline -0.008 -6"><span class='ocrx_word' id='word_1_661' title='bbox 944 1238 989 1262; x_wconf 87' lang='lat' dir='ltr'><strong>tus</strong></span> <span class='ocrx_word' id='word_1_662' title='bbox 1006 1241 1037 1261; x_wconf 87' lang='lat' dir='ltr'><strong>ac</strong></span> <span class='ocrx_word' id='word_1_663' title='bbox 1049 1234 1136 1261; x_wconf 91' lang='lat' dir='ltr'><strong>tribus</strong></span> <span class='ocrx_word' id='word_1_664' title='bbox 1152 1233 1309 1267; x_wconf 84' lang='lat' dir='ltr'><strong>familiaque</strong></span> <span class='ocrx_word' id='word_1_665' title='bbox 1329 1231 1364 1259; x_wconf 87' lang='lat' dir='ltr'><strong>sit</strong></span> <span class='ocrx_word' id='word_1_666' title='bbox 1383 1230 1576 1258; x_wconf 88' lang='lat' dir='ltr'><strong>immortalium</strong></span> <span class='ocrx_word' id='word_1_667' title='bbox 1594 1239 1600 1256; x_wconf 89' lang='lat'>:</span> <span class='ocrx_word' id='word_1_668' title='bbox 1617 1229 1663 1256; x_wconf 89' lang='lat' dir='ltr'><strong>sed</strong></span> <span class='ocrx_word' id='word_1_669' title='bbox 1680 1237 1724 1263; x_wconf 52' lang='lat' dir='ltr'><strong>ge‘</strong></span> 
     </span>
    </p>
   </div>
   <div class='ocr_carea' id='block_1_91' title="bbox 943 1274 1724 1311">
    <p class='ocr_par' dir='ltr' id='par_1_91' title="bbox 943 1274 1724 1311">
     <span class='ocr_line' id='line_1_93' title="bbox 943 1274 1724 1311; baseline -0.009 -5"><span class='ocrx_word' id='word_1_670' title='bbox 943 1286 1050 1311; x_wconf 87' lang='lat' dir='ltr'><strong>nerum,</strong></span> <span class='ocrx_word' id='word_1_671' title='bbox 1066 1285 1098 1305; x_wconf 91' lang='lat' dir='ltr'><strong>ac</strong></span> <span class='ocrx_word' id='word_1_672' title='bbox 1114 1278 1187 1305; x_wconf 88' lang='lat' dir='ltr'><strong>velut</strong></span> <span class='ocrx_word' id='word_1_673' title='bbox 1201 1277 1320 1304; x_wconf 91' lang='lat' dir='ltr'><strong>tribuum</strong></span> <span class='ocrx_word' id='word_1_674' title='bbox 1336 1280 1363 1304; x_wconf 89' lang='lat' dir='ltr'><strong>et</strong></span> <span class='ocrx_word' id='word_1_675' title='bbox 1387 1275 1528 1302; x_wconf 85' lang='lat' dir='ltr'><strong>nationum</strong></span> <span class='ocrx_word' id='word_1_676' title='bbox 1543 1274 1668 1302; x_wconf 84' lang='lat' dir='ltr'><strong>divortia.</strong></span> <span class='ocrx_word' id='word_1_677' title='bbox 1687 1274 1724 1300; x_wconf 86' lang='lat' dir='ltr'><strong>Ac</strong></span> 
     </span>
    </p>
   </div>
   <div class='ocr_carea' id='block_1_92' title="bbox 944 1320 1724 1360">
    <p class='ocr_par' dir='ltr' id='par_1_92' title="bbox 944 1320 1724 1360">
     <span class='ocr_line' id='line_1_94' title="bbox 944 1320 1724 1360; baseline -0.008 -8"><span class='ocrx_word' id='word_1_678' title='bbox 944 1332 1032 1360; x_wconf 85' lang='lat' dir='ltr'><strong>neque</strong></span> <span class='ocrx_word' id='word_1_679' title='bbox 1049 1323 1199 1356; x_wconf 82' lang='lat' dir='ltr'><strong>cherubim,</strong></span> <span class='ocrx_word' id='word_1_680' title='bbox 1214 1322 1393 1350; x_wconf 85' lang='lat' dir='ltr'><strong>desciscentia</strong></span> <span class='ocrx_word' id='word_1_681' title='bbox 1410 1329 1424 1347; x_wconf 91' lang='lat' dir='ltr'><strong>a</strong></span> <span class='ocrx_word' id='word_1_682' title='bbox 1441 1324 1539 1348; x_wconf 87' lang='lat' dir='ltr'><strong>natura</strong></span> <span class='ocrx_word' id='word_1_683' title='bbox 1554 1327 1614 1352; x_wconf 89' lang='lat' dir='ltr'><strong>sua,</strong></span> <span class='ocrx_word' id='word_1_684' title='bbox 1632 1320 1660 1346; x_wconf 92' lang='lat' dir='ltr'><strong>in</strong></span> <span class='ocrx_word' id='word_1_685' title='bbox 1677 1327 1724 1346; x_wconf 87' lang='lat' dir='ltr'><strong>an-</strong></span> 
     </span>
    </p>
   </div>
   <div class='ocr_carea' id='block_1_93' title="bbox 944 1365 1723 1406">
    <p class='ocr_par' dir='ltr' id='par_1_93' title="bbox 944 1365 1723 1406">
     <span class='ocr_line' id='line_1_95' title="bbox 944 1365 1723 1406; baseline -0.009 -8"><span class='ocrx_word' id='word_1_686' title='bbox 944 1372 1064 1406; x_wconf 73' lang='lat' dir='ltr'><strong>gelorum</strong></span> <span class='ocrx_word' id='word_1_687' title='bbox 1081 1370 1198 1405; x_wconf 87' lang='lat' dir='ltr'><strong>speciem</strong></span> <span class='ocrx_word' id='word_1_688' title='bbox 1215 1372 1377 1400; x_wconf 89' lang='lat' dir='ltr'><strong>transeunt;</strong></span> <span class='ocrx_word' id='word_1_689' title='bbox 1392 1374 1480 1402; x_wconf 90' lang='lat' dir='ltr'><strong>neque</strong></span> <span class='ocrx_word' id='word_1_690' title='bbox 1495 1370 1590 1393; x_wconf 87' lang='lat' dir='ltr'><strong>contra</strong></span> <span class='ocrx_word' id='word_1_691' title='bbox 1605 1365 1631 1392; x_wconf 92' lang='lat' dir='ltr'><strong>in</strong></span> <span class='ocrx_word' id='word_1_692' title='bbox 1647 1369 1723 1392; x_wconf 86' lang='lat' dir='ltr'><strong>natu-</strong></span> 
     </span>
    </p>
   </div>
   <div class='ocr_carea' id='block_1_94' title="bbox 943 1411 1724 1451">
    <p class='ocr_par' dir='ltr' id='par_1_94' title="bbox 943 1411 1724 1451">
     <span class='ocr_line' id='line_1_96' title="bbox 943 1411 1724 1451; baseline -0.006 -7"><span class='ocrx_word' id='word_1_693' title='bbox 943 1425 1002 1444; x_wconf 90' lang='lat' dir='ltr'><strong>ram</strong></span> <span class='ocrx_word' id='word_1_694' title='bbox 1021 1417 1102 1443; x_wconf 84' lang='lat' dir='ltr'><strong>aliam</strong></span> <span class='ocrx_word' id='word_1_695' title='bbox 1127 1416 1215 1451; x_wconf 80' lang='lat' dir='ltr'><strong>angeli</strong></span> <span class='ocrx_word' id='word_1_696' title='bbox 1241 1417 1453 1442; x_wconf 89' lang='lat' dir='ltr'><strong>commutantur.</strong></span> <span class='ocrx_word' id='word_1_697' title='bbox 1479 1412 1594 1447; x_wconf 87' lang='lat' dir='ltr'><strong>Quippe,</strong></span> <span class='ocrx_word' id='word_1_698' title='bbox 1606 1419 1667 1439; x_wconf 87' lang='lat' dir='ltr'><strong>esse</strong></span> <span class='ocrx_word' id='word_1_699' title='bbox 1681 1411 1724 1439; x_wconf 84' lang='lat' dir='ltr'><strong>illa</strong></span> 
     </span>
    </p>
   </div>
   <div class='ocr_carea' id='block_1_95' title="bbox 943 1460 1723 1498">
    <p class='ocr_par' dir='ltr' id='par_1_95' title="bbox 943 1460 1723 1498">
     <span class='ocr_line' id='line_1_97' title="bbox 943 1460 1723 1498; baseline -0.008 -8"><span class='ocrx_word' id='word_1_700' title='bbox 943 1463 1015 1498; x_wconf 88' lang='lat' dir='ltr'><strong>quod</strong></span> <span class='ocrx_word' id='word_1_701' title='bbox 1038 1466 1111 1494; x_wconf 90' lang='lat' dir='ltr'><strong>sunt,</strong></span> <span class='ocrx_word' id='word_1_702' title='bbox 1129 1466 1162 1489; x_wconf 89' lang='lat' dir='ltr'><strong>ct.</strong></span> <span class='ocrx_word' id='word_1_703' title='bbox 1182 1461 1334 1496; x_wconf 84' lang='lat' dir='ltr'><strong>cujusmodi</strong></span> <span class='ocrx_word' id='word_1_704' title='bbox 1363 1460 1495 1494; x_wconf 89' lang='lat' dir='ltr'><strong>producta</strong></span> <span class='ocrx_word' id='word_1_705' title='bbox 1526 1462 1599 1490; x_wconf 90' lang='lat' dir='ltr'><strong>sunt,</strong></span> <span class='ocrx_word' id='word_1_706' title='bbox 1614 1466 1723 1485; x_wconf 75' lang='lat' dir='ltr'><strong>necesse</strong></span> 
     </span>
    </p>
   </div>
   <div class='ocr_carea' id='block_1_96' title="bbox 944 1504 1723 1541">
    <p class='ocr_par' dir='ltr' id='par_1_96' title="bbox 944 1504 1723 1541">
     <span class='ocr_line' id='line_1_98' title="bbox 944 1504 1723 1541; baseline -0.005 -5"><span class='ocrx_word' id='word_1_707' title='bbox 944 1513 995 1537; x_wconf 78' lang='lat' dir='ltr'><strong>est.</strong></span> <span class='ocrx_word' id='word_1_708' title='bbox 1017 1508 1197 1541; x_wconf 85' lang='lat' dir='ltr'><strong>Quamobrem</strong></span> <span class='ocrx_word' id='word_1_709' title='bbox 1214 1507 1294 1534; x_wconf 88' lang='lat' dir='ltr'><strong>etiam</strong></span> <span class='ocrx_word' id='word_1_710' title='bbox 1306 1506 1387 1532; x_wconf 83' lang='lat' dir='ltr'><strong>immo</strong></span> <span class='ocrx_word' id='word_1_711' title='bbox 1404 1505 1470 1539; x_wconf 79' lang='lat'><strong>(95),</strong></span> <span class='ocrx_word' id='word_1_712' title='bbox 1488 1505 1535 1540; x_wconf 89' lang='lat' dir='ltr'><strong>qui</strong></span> <span class='ocrx_word' id='word_1_713' title='bbox 1551 1508 1580 1532; x_wconf 92' lang='lat' dir='ltr'><strong>ut</strong></span> <span class='ocrx_word' id='word_1_714' title='bbox 1591 1504 1723 1532; x_wconf 81' lang='lat' dir='ltr'><strong>habitaret</strong></span> 
     </span>
    </p>
   </div>
   <div class='ocr_carea' id='block_1_97' title="bbox 945 1549 1723 1586">
    <p class='ocr_par' dir='ltr' id='par_1_97' title="bbox 945 1549 1723 1586">
     <span class='ocr_line' id='line_1_99' title="bbox 945 1549 1723 1586; baseline -0.008 -6"><span class='ocrx_word' id='word_1_715' title='bbox 945 1552 1076 1580; x_wconf 91' lang='lat' dir='ltr'><strong>mundum</strong></span> <span class='ocrx_word' id='word_1_716' title='bbox 1089 1552 1271 1586; x_wconf 86' lang='lat' dir='ltr'><strong>omnibusque</strong></span> <span class='ocrx_word' id='word_1_717' title='bbox 1285 1551 1312 1577; x_wconf 93' lang='lat' dir='ltr'><strong>in</strong></span> <span class='ocrx_word' id='word_1_718' title='bbox 1324 1557 1356 1577; x_wconf 91' lang='lat' dir='ltr'><strong>eo</strong></span> <span class='ocrx_word' id='word_1_719' title='bbox 1368 1549 1450 1576; x_wconf 81' lang='lat' dir='ltr'><strong>rebus</strong></span> <span class='ocrx_word' id='word_1_720' title='bbox 1466 1552 1605 1584; x_wconf 68' lang='lat' dir='ltr'><strong>praeesset,</strong></span> <span class='ocrx_word' id='word_1_721' title='bbox 1621 1556 1654 1575; x_wconf 78' lang='lat' dir='ltr'><strong>ex</strong></span> <span class='ocrx_word' id='word_1_722' title='bbox 1667 1549 1723 1583; x_wconf 84' lang='lat' dir='ltr'><strong>pri-</strong></span> 
     </span>
    </p>
   </div>
   <div class='ocr_carea' id='block_1_98' title="bbox 944 1594 1722 1633">
    <p class='ocr_par' dir='ltr' id='par_1_98' title="bbox 944 1594 1722 1633">
     <span class='ocr_line' id='line_1_100' title="bbox 944 1594 1722 1633; baseline -0.006 -7"><span class='ocrx_word' id='word_1_723' title='bbox 944 1606 987 1625; x_wconf 91' lang='lat' dir='ltr'><strong>ma</strong></span> <span class='ocrx_word' id='word_1_724' title='bbox 1003 1597 1180 1633; x_wconf 89' lang='lat' dir='ltr'><strong>dispositione</strong></span> <span class='ocrx_word' id='word_1_725' title='bbox 1195 1596 1359 1624; x_wconf 90' lang='lat' dir='ltr'><strong>constitutus</strong></span> <span class='ocrx_word' id='word_1_726' title='bbox 1375 1600 1416 1622; x_wconf 90' lang='lat' dir='ltr'><strong>est</strong></span> <span class='ocrx_word' id='word_1_727' title='bbox 1429 1615 1436 1626; x_wconf 86' lang='lat'><strong>,</strong></span> <span class='ocrx_word' id='word_1_728' title='bbox 1455 1595 1529 1621; x_wconf 87' lang='lat' dir='ltr'><strong>velut</strong></span> <span class='ocrx_word' id='word_1_729' title='bbox 1548 1594 1722 1625; x_wconf 68' lang='lat' dir='ltr'><strong>immortaiis,</strong></span> 
     </span>
    </p>
   </div>
   <div class='ocr_carea' id='block_1_99' title="bbox 943 1639 1723 1680">
    <p class='ocr_par' dir='ltr' id='par_1_99' title="bbox 943 1639 1723 1680">
     <span class='ocr_line' id='line_1_101' title="bbox 943 1639 1723 1680; baseline -0.009 -9"><span class='ocrx_word' id='word_1_730' title='bbox 943 1651 1083 1680; x_wconf 87' lang='lat' dir='ltr'><strong>nunquam</strong></span> <span class='ocrx_word' id='word_1_731' title='bbox 1098 1643 1126 1670; x_wconf 91' lang='lat' dir='ltr'><strong>in</strong></span> <span class='ocrx_word' id='word_1_732' title='bbox 1141 1642 1297 1678; x_wconf 74' lang='lat' dir='ltr'><strong>angelorum</strong></span> <span class='ocrx_word' id='word_1_733' title='bbox 1314 1644 1366 1668; x_wconf 85' lang='lat' dir='ltr'><strong>aut.</strong></span> <span class='ocrx_word' id='word_1_734' title='bbox 1379 1640 1492 1667; x_wconf 79' lang='lat' dir='ltr'><strong>alterius</strong></span> <span class='ocrx_word' id='word_1_735' title='bbox 1507 1639 1654 1674; x_wconf 86' lang='lat' dir='ltr'><strong>cujuslibet</strong></span> <span class='ocrx_word' id='word_1_736' title='bbox 1669 1639 1723 1665; x_wconf 73' lang='lat' dir='ltr'><strong>for~</strong></span> 
     </span>
    </p>
   </div>
   <div class='ocr_carea' id='block_1_100' title="bbox 942 1685 1722 1721">
    <p class='ocr_par' dir='ltr' id='par_1_100' title="bbox 942 1685 1722 1721">
     <span class='ocr_line' id='line_1_102' title="bbox 942 1685 1722 1721; baseline -0.009 -3"><span class='ocrx_word' id='word_1_737' title='bbox 942 1698 1013 1717; x_wconf 89' lang='lat' dir='ltr'><strong>mam</strong></span> <span class='ocrx_word' id='word_1_738' title='bbox 1028 1698 1061 1718; x_wconf 80' lang='lat' dir='ltr'><strong>ex</strong></span> <span class='ocrx_word' id='word_1_739' title='bbox 1075 1689 1184 1717; x_wconf 89' lang='lat' dir='ltr'><strong>homine</strong></span> <span class='ocrx_word' id='word_1_740' title='bbox 1198 1687 1397 1715; x_wconf 87' lang='lat' dir='ltr'><strong>convertendus</strong></span> <span class='ocrx_word' id='word_1_741' title='bbox 1409 1690 1450 1714; x_wconf 87' lang='lat' dir='ltr'><strong>est</strong></span> <span class='ocrx_word' id='word_1_742' title='bbox 1463 1695 1470 1719; x_wconf 86' lang='lat'><strong>;</strong></span> <span class='ocrx_word' id='word_1_743' title='bbox 1486 1685 1595 1721; x_wconf 86' lang='lat' dir='ltr'><strong>quando</strong></span> <span class='ocrx_word' id='word_1_744' title='bbox 1611 1693 1660 1713; x_wconf 89' lang='lat' dir='ltr'><strong>nec</strong></span> <span class='ocrx_word' id='word_1_745' title='bbox 1675 1693 1722 1712; x_wconf 75' lang='lat' dir='ltr'><strong>an~</strong></span> 
     </span>
    </p>
   </div>
   <div class='ocr_carea' id='block_1_101' title="bbox 942 1732 1722 1770">
    <p class='ocr_par' dir='ltr' id='par_1_101' title="bbox 942 1732 1722 1770">
     <span class='ocr_line' id='line_1_103' title="bbox 942 1732 1722 1770; baseline -0.008 -6"><span class='ocrx_word' id='word_1_746' title='bbox 942 1736 994 1768; x_wconf 73' lang='lat' dir='ltr'><strong>geli</strong></span> <span class='ocrx_word' id='word_1_747' title='bbox 1016 1737 1050 1763; x_wconf 90' lang='lat' dir='ltr'><strong>ab</strong></span> <span class='ocrx_word' id='word_1_748' title='bbox 1063 1743 1094 1763; x_wconf 89' lang='lat' dir='ltr'><strong>ea</strong></span> <span class='ocrx_word' id='word_1_749' title='bbox 1108 1734 1279 1770; x_wconf 66' lang='lat' dir='ltr'><strong>quaminitio</strong></span> <span class='ocrx_word' id='word_1_750' title='bbox 1291 1733 1381 1761; x_wconf 87' lang='lat' dir='ltr'><strong>sortiti</strong></span> <span class='ocrx_word' id='word_1_751' title='bbox 1394 1736 1457 1760; x_wconf 93' lang='lat' dir='ltr'><strong>sunt</strong></span> <span class='ocrx_word' id='word_1_752' title='bbox 1468 1732 1557 1767; x_wconf 85' lang='lat' dir='ltr'><strong>specie</strong></span> <span class='ocrx_word' id='word_1_753' title='bbox 1572 1737 1597 1758; x_wconf 90' lang='lat' dir='ltr'><strong>et</strong></span> <span class='ocrx_word' id='word_1_754' title='bbox 1613 1735 1722 1762; x_wconf 76' lang='lat' dir='ltr'><strong>natura,</strong></span> 
     </span>
    </p>
   </div>
   <div class='ocr_carea' id='block_1_102' title="bbox 941 1778 1722 1816">
    <p class='ocr_par' dir='ltr' id='par_1_102' title="bbox 941 1778 1722 1816">
     <span class='ocr_line' id='line_1_104' title="bbox 941 1778 1722 1816; baseline -0.006 -6"><span class='ocrx_word' id='word_1_755' title='bbox 941 1782 1130 1811; x_wconf 79' lang='lat' dir='ltr'><strong>transformari</strong></span> <span class='ocrx_word' id='word_1_756' title='bbox 1151 1785 1178 1809; x_wconf 89' lang='lat' dir='ltr'><strong>et</strong></span> <span class='ocrx_word' id='word_1_757' title='bbox 1194 1781 1293 1808; x_wconf 90' lang='lat' dir='ltr'><strong>mutari</strong></span> <span class='ocrx_word' id='word_1_758' title='bbox 1312 1784 1436 1816; x_wconf 88' lang='lat' dir='ltr'><strong>possunt.</strong></span> <span class='ocrx_word' id='word_1_759' title='bbox 1452 1779 1484 1806; x_wconf 87' lang='lat' dir='ltr'><strong>Et</strong></span> <span class='ocrx_word' id='word_1_760' title='bbox 1500 1786 1564 1807; x_wconf 88' lang='lat' dir='ltr'><strong>vero</strong></span> <span class='ocrx_word' id='word_1_761' title='bbox 1585 1778 1722 1811; x_wconf 73' lang='lat' dir='ltr'><strong>Christus,</strong></span> 
     </span>
    </p>
   </div>
   <div class='ocr_carea' id='block_1_103' title="bbox 949 1915 1721 1953">
    <p class='ocr_par' dir='ltr' id='par_1_103' title="bbox 949 1915 1721 1953">
     <span class='ocr_line' id='line_1_105' title="bbox 949 1915 1721 1953; baseline 0.004 -12"><span class='ocrx_word' id='word_1_762' title='bbox 949 1915 992 1947; x_wconf 86' lang='lat' dir='ltr'><strong>lis,</strong></span> <span class='ocrx_word' id='word_1_763' title='bbox 1007 1919 1033 1953; x_wconf 77' lang='lat' dir='ltr'><strong>et</strong></span> <span class='ocrx_word' id='word_1_764' title='bbox 1047 1916 1236 1951; x_wconf 89' lang='lat' dir='ltr'><strong>respondentia</strong></span> <span class='ocrx_word' id='word_1_765' title='bbox 1253 1918 1409 1953; x_wconf 86' lang='lat' dir='ltr'><strong>purioribus</strong></span> <span class='ocrx_word' id='word_1_766' title='bbox 1421 1917 1474 1944; x_wconf 88' lang='lat' dir='ltr'><strong>illis</strong></span> <span class='ocrx_word' id='word_1_767' title='bbox 1489 1916 1643 1953; x_wconf 86' lang='lat' dir='ltr'><strong>luminibus</strong></span> <span class='ocrx_word' id='word_1_768' title='bbox 1652 1918 1721 1945; x_wconf 68' lang='lat' dir='ltr'><strong>assi~</strong></span> 
     </span>
    </p>
   </div>
   <div class='ocr_carea' id='block_1_104' title="bbox 948 1950 1722 1987">
    <p class='ocr_par' dir='ltr' id='par_1_104' title="bbox 948 1950 1722 1987">
     <span class='ocr_line' id='line_1_106' title="bbox 948 1950 1722 1987; baseline 0.004 -11"><span class='ocrx_word' id='word_1_769' title='bbox 948 1950 1189 1987; x_wconf 65' lang='lat' dir='ltr'><strong>gnatissupremis</strong></span> <span class='ocrx_word' id='word_1_770' title='bbox 1213 1950 1369 1987; x_wconf 79' lang='lat' dir='ltr'><strong>spiritibus,</strong></span> <span class='ocrx_word' id='word_1_771' title='bbox 1386 1960 1483 1987; x_wconf 87' lang='lat' dir='ltr'><strong>nempe</strong></span> <span class='ocrx_word' id='word_1_772' title='bbox 1509 1952 1676 1987; x_wconf 86' lang='lat' dir='ltr'><strong>seraphinis;</strong></span> <span class='ocrx_word' id='word_1_773' title='bbox 1693 1956 1722 1979; x_wconf 90' lang='lat' dir='ltr'><strong>ut</strong></span> 
     </span>
    </p>
   </div>
   <div class='ocr_carea' id='block_1_105' title="bbox 942 1985 1731 2022">
    <p class='ocr_par' dir='ltr' id='par_1_105' title="bbox 942 1985 1731 2022">
     <span class='ocr_line' id='line_1_107' title="bbox 942 1985 1731 2022; baseline 0.004 -11"><span class='ocrx_word' id='word_1_774' title='bbox 942 1985 1266 2022; x_wconf 14' lang='lat' dir='ltr'><strong>etsedihus‘thronisq’ue</strong></span> <span class='ocrx_word' id='word_1_775' title='bbox 1280 1985 1629 2022; x_wconf 36' lang='lat' dir='ltr'><strong>potestatumirespondent</strong></span> <span class='ocrx_word' id='word_1_776' title='bbox 1647 1987 1731 2014; x_wconf 57' lang='lat' dir='ltr'><strong>cmli..</strong></span> 
     </span>
    </p>
   </div>
   <div class='ocr_carea' id='block_1_106' title="bbox 942 2019 1720 2057">
    <p class='ocr_par' dir='ltr' id='par_1_106' title="bbox 942 2019 1720 2057">
     <span class='ocr_line' id='line_1_108' title="bbox 942 2019 1720 2057; baseline 0.004 -11"><span class='ocrx_word' id='word_1_777' title='bbox 942 2019 1074 2057; x_wconf 57' lang='lat' dir='ltr'><strong>Miliistris</strong></span> <span class='ocrx_word' id='word_1_778' title='bbox 1089 2020 1142 2048; x_wconf 88' lang='lat' dir='ltr'><strong>illis</strong></span> <span class='ocrx_word' id='word_1_779' title='bbox 1155 2019 1331 2057; x_wconf 17' lang='lat' dir='ltr'><strong>:Vrcs&#39;pici&#39;ens</strong></span> <span class='ocrx_word' id='word_1_780' title='bbox 1362 2022 1431 2049; x_wconf 83' lang='lat' dir='ltr'><strong>forte</strong></span> <span class='ocrx_word' id='word_1_781' title='bbox 1447 2019 1519 2048; x_wconf 73' lang='lat' dir='ltr'><strong>illud</strong></span> <span class='ocrx_word' id='word_1_782' title='bbox 1534 2021 1601 2056; x_wconf 85' lang='lat' dir='ltr'><strong>psal.</strong></span> <span class='ocrx_word' id='word_1_783' title='bbox 1614 2022 1698 2053; x_wconf 69' lang='lat' dir='ltr'><strong>cnt,4</strong></span> <span class='ocrx_word' id='word_1_784' title='bbox 1714 2032 1720 2049; x_wconf 93' lang='lat'><strong>:</strong></span> 
     </span>
    </p>
   </div>
   <div class='ocr_carea' id='block_1_107' title="bbox 942 2054 1721 2090">
    <p class='ocr_par' dir='ltr' id='par_1_107' title="bbox 942 2054 1721 2090">
     <span class='ocr_line' id='line_1_109' title="bbox 942 2054 1721 2090; baseline 0.005 -10"><span class='ocrx_word' id='word_1_785' title='bbox 942 2054 994 2086; x_wconf 79' lang='lat' dir='ltr'><strong>Qui</strong></span> <span class='ocrx_word' id='word_1_786' title='bbox 1016 2055 1080 2088; x_wconf 82' lang='lat' dir='ltr'><strong>facit</strong></span> <span class='ocrx_word' id='word_1_787' title='bbox 1099 2056 1202 2090; x_wconf 80' lang='lat' dir='ltr'><strong>angelos</strong></span> <span class='ocrx_word' id='word_1_788' title='bbox 1224 2054 1284 2084; x_wconf 63' lang='lat' dir='ltr'><strong>suos</strong></span> <span class='ocrx_word' id='word_1_789' title='bbox 1305 2057 1424 2089; x_wconf 82' lang='lat' dir='ltr'><strong>spiritus,</strong></span> <span class='ocrx_word' id='word_1_790' title='bbox 1450 2061 1474 2083; x_wconf 86' lang='lat' dir='ltr'><strong>et</strong></span> <span class='ocrx_word' id='word_1_791' title='bbox 1502 2054 1636 2083; x_wconf 71' lang='lat' dir='ltr'><strong>ministros</strong></span> <span class='ocrx_word' id='word_1_792' title='bbox 1659 2066 1721 2084; x_wconf 80' lang='lat' dir='ltr'><strong>suos</strong></span> 
     </span>
    </p>
   </div>
   <div class='ocr_carea' id='block_1_108' title="bbox 940 2090 1721 2126">
    <p class='ocr_par' dir='ltr' id='par_1_108' title="bbox 940 2090 1721 2126">
     <span class='ocr_line' id='line_1_110' title="bbox 940 2090 1721 2126; baseline 0.004 -11"><span class='ocrx_word' id='word_1_793' title='bbox 940 2090 1075 2126; x_wconf 52' lang='lat' dir='ltr'><strong>flammam</strong></span> <span class='ocrx_word' id='word_1_794' title='bbox 1087 2091 1153 2125; x_wconf 69' lang='lat' dir='ltr'><strong>ignis</strong></span> <span class='ocrx_word' id='word_1_795' title='bbox 1166 2098 1175 2116; x_wconf 93' lang='lat'><em>:</em></span> <span class='ocrx_word' id='word_1_796' title='bbox 1191 2099 1250 2126; x_wconf 61' lang='lat' dir='ltr'><strong>qua;</strong></span> <span class='ocrx_word' id='word_1_797' title='bbox 1262 2096 1303 2120; x_wconf 88' lang='lat' dir='ltr'><strong>est</strong></span> <span class='ocrx_word' id='word_1_798' title='bbox 1318 2093 1412 2126; x_wconf 88' lang='lat' dir='ltr'><strong>purior</strong></span> <span class='ocrx_word' id='word_1_799' title='bbox 1428 2092 1524 2126; x_wconf 87' lang='lat' dir='ltr'><strong>spiritu</strong></span> <span class='ocrx_word' id='word_1_800' title='bbox 1541 2099 1590 2118; x_wconf 86' lang='lat' dir='ltr'><strong>seu</strong></span> <span class='ocrx_word' id='word_1_801' title='bbox 1605 2096 1684 2119; x_wconf 86' lang='lat' dir='ltr'><strong>vento</strong></span> <span class='ocrx_word' id='word_1_802' title='bbox 1695 2097 1721 2119; x_wconf 83' lang='lat' dir='ltr'><strong>et</strong></span> 
     </span>
    </p>
   </div>
   <div class='ocr_carea' id='block_1_109' title="bbox 939 2124 1720 2162">
    <p class='ocr_par' dir='ltr' id='par_1_109' title="bbox 939 2124 1720 2162">
     <span class='ocr_line' id='line_1_111' title="bbox 939 2124 1720 2162; baseline 0.004 -12"><span class='ocrx_word' id='word_1_803' title='bbox 939 2124 1016 2162; x_wconf 23' lang='lat' dir='ltr'><strong>ﬂatu»</strong></span> <span class='ocrx_word' id='word_1_804' title='bbox 1031 2125 1087 2162; x_wconf 87' lang='lat' dir='ltr'><strong>illic</strong></span> <span class='ocrx_word' id='word_1_805' title='bbox 1100 2124 1266 2162; x_wconf 41' lang='lat' dir='ltr'><strong>&#39;signifiéato,</strong></span> <span class='ocrx_word' id='word_1_806' title='bbox 1282 2124 1452 2162; x_wconf 68' lang='lat' dir='ltr'><strong>propiusque</strong></span> <span class='ocrx_word' id='word_1_807' title='bbox 1460 2126 1566 2154; x_wconf 86' lang='lat' dir='ltr'><strong>accedit</strong></span> <span class='ocrx_word' id='word_1_808' title='bbox 1594 2126 1627 2152; x_wconf 89' lang='lat' dir='ltr'><strong>ad</strong></span> <span class='ocrx_word' id='word_1_809' title='bbox 1642 2132 1720 2153; x_wconf 87' lang='lat' dir='ltr'><strong>natu-</strong></span> 
     </span>
    </p>
   </div>
   <div class='ocr_carea' id='block_1_110' title="bbox 939 2160 1721 2196">
    <p class='ocr_par' dir='ltr' id='par_1_110' title="bbox 939 2160 1721 2196">
     <span class='ocr_line' id='line_1_112' title="bbox 939 2160 1721 2196; baseline 0.005 -11"><span class='ocrx_word' id='word_1_810' title='bbox 939 2167 997 2186; x_wconf 84' lang='lat' dir='ltr'><strong>ram</strong></span> <span class='ocrx_word' id='word_1_811' title='bbox 1009 2160 1141 2196; x_wconf 71' lang='lat' dir='ltr'><strong>luminum</strong></span> <span class='ocrx_word' id='word_1_812' title='bbox 1155 2161 1271 2196; x_wconf 84' lang='lat' dir='ltr'><strong>igneam,</strong></span> <span class='ocrx_word' id='word_1_813' title='bbox 1282 2160 1500 2193; x_wconf 40' lang='lat' dir='ltr'><strong>‘vel&#39;foruialiter,</strong></span> <span class='ocrx_word' id='word_1_814' title='bbox 1514 2162 1592 2195; x_wconf 76' lang='lat' dir='ltr'><strong>juxta</strong></span> <span class='ocrx_word' id='word_1_815' title='bbox 1617 2161 1721 2195; x_wconf 86' lang='lat' dir='ltr'><strong>pleros-</strong></span> 
     </span>
    </p>
   </div>
   <div class='ocr_carea' id='block_1_111' title="bbox 939 2194 1720 2234">
    <p class='ocr_par' dir='ltr' id='par_1_111' title="bbox 939 2194 1720 2234">
     <span class='ocr_line' id='line_1_113' title="bbox 939 2194 1720 2234; baseline 0.005 -14"><span class='ocrx_word' id='word_1_816' title='bbox 939 2202 993 2234; x_wconf 78' lang='lat' dir='ltr'><strong>que</strong></span> <span class='ocrx_word' id='word_1_817' title='bbox 1006 2194 1110 2234; x_wconf 76' lang='lat' dir='ltr'><strong>Patres,</strong></span> <span class='ocrx_word' id='word_1_818' title='bbox 1127 2194 1408 2234; x_wconf 27' lang='lat' dir='ltr'><strong>vclrsaltemvirtute,</strong></span> <span class='ocrx_word' id='word_1_819' title='bbox 1424 2197 1503 2234; x_wconf 51' lang='lat' dir='ltr'><strong>juxta</strong></span> <span class='ocrx_word' id='word_1_820' title='bbox 1516 2194 1720 2234; x_wconf 63' lang='lat' dir='ltr'><strong>Peripateticos</strong></span> 
     </span>
    </p>
   </div>
   <div class='ocr_carea' id='block_1_112' title="bbox 939 2230 1720 2266">
    <p class='ocr_par' dir='ltr' id='par_1_112' title="bbox 939 2230 1720 2266">
     <span class='ocr_line' id='line_1_114' title="bbox 939 2230 1720 2266; baseline 0.003 -10"><span class='ocrx_word' id='word_1_821' title='bbox 939 2234 966 2256; x_wconf 88' lang='lat' dir='ltr'><strong>et</strong></span> <span class='ocrx_word' id='word_1_822' title='bbox 980 2230 1137 2266; x_wconf 83' lang='lat' dir='ltr'><strong>invehentes</strong></span> <span class='ocrx_word' id='word_1_823' title='bbox 1150 2232 1272 2265; x_wconf 75' lang='lat' dir='ltr'><strong>quintam</strong></span> <span class='ocrx_word' id='word_1_824' title='bbox 1287 2232 1359 2258; x_wconf 84' lang='lat' dir='ltr'><strong>illam</strong></span> <span class='ocrx_word' id='word_1_825' title='bbox 1373 2230 1528 2260; x_wconf 79' lang='lat' dir='ltr'><strong>esséntiam.</strong></span> <span class='ocrx_word' id='word_1_826' title='bbox 1546 2230 1636 2258; x_wconf 72' lang='lat' dir='ltr'><strong>Victori</strong></span> <span class='ocrx_word' id='word_1_827' title='bbox 1656 2239 1720 2266; x_wconf 86' lang='lat' dir='ltr'><strong>pos-</strong></span> 
     </span>
    </p>
   </div>
   <div class='ocr_carea' id='block_1_113' title="bbox 939 2265 1719 2301">
    <p class='ocr_par' dir='ltr' id='par_1_113' title="bbox 939 2265 1719 2301">
     <span class='ocr_line' id='line_1_115' title="bbox 939 2265 1719 2301; baseline 0.001 -10"><span class='ocrx_word' id='word_1_828' title='bbox 939 2269 1004 2301; x_wconf 79' lang='lat' dir='ltr'><strong>sunt</strong></span> <span class='ocrx_word' id='word_1_829' title='bbox 1028 2265 1078 2301; x_wconf 71' lang='lat' dir='ltr'><strong>ista</strong></span> <span class='ocrx_word' id='word_1_830' title='bbox 1108 2266 1198 2293; x_wconf 91' lang='lat' dir='ltr'><strong>minus</strong></span> <span class='ocrx_word' id='word_1_831' title='bbox 1225 2267 1389 2301; x_wconf 80' lang='lat' dir='ltr'><strong>Dionysiana</strong></span> <span class='ocrx_word' id='word_1_832' title='bbox 1413 2278 1420 2294; x_wconf 85' lang='lat'><strong>:</strong></span> <span class='ocrx_word' id='word_1_833' title='bbox 1453 2268 1498 2294; x_wconf 89' lang='lat' dir='ltr'><strong>scd</strong></span> <span class='ocrx_word' id='word_1_834' title='bbox 1527 2267 1595 2293; x_wconf 87' lang='lat' dir='ltr'><strong>nihil</strong></span> <span class='ocrx_word' id='word_1_835' title='bbox 1622 2265 1719 2293; x_wconf 76' lang='lat' dir='ltr'><strong>mirum</strong></span> 
     </span>
    </p>
   </div>
   <div class='ocr_carea' id='block_1_114' title="bbox 938 2298 1719 2335">
    <p class='ocr_par' dir='ltr' id='par_1_114' title="bbox 938 2298 1719 2335">
     <span class='ocr_line' id='line_1_116' title="bbox 938 2298 1719 2335; baseline 0.003 -10"><span class='ocrx_word' id='word_1_836' title='bbox 938 2298 1030 2335; x_wconf 65' lang='lat' dir='ltr'><strong>ignoto</strong></span> <span class='ocrx_word' id='word_1_837' title='bbox 1052 2300 1180 2335; x_wconf 88' lang='lat' dir='ltr'><strong>Dionysio</strong></span> <span class='ocrx_word' id='word_1_838' title='bbox 1204 2309 1259 2329; x_wconf 90' lang='lat' dir='ltr'><strong>non</strong></span> <span class='ocrx_word' id='word_1_839' title='bbox 1287 2298 1374 2329; x_wconf 75' lang='lat' dir='ltr'><strong>solum</strong></span> <span class='ocrx_word' id='word_1_840' title='bbox 1403 2301 1548 2334; x_wconf 85' lang='lat' dir='ltr'><strong>Methodio,</strong></span> <span class='ocrx_word' id='word_1_841' title='bbox 1568 2301 1614 2329; x_wconf 88' lang='lat' dir='ltr'><strong>scd</strong></span> <span class='ocrx_word' id='word_1_842' title='bbox 1638 2302 1719 2328; x_wconf 85' lang='lat' dir='ltr'><strong>etiam</strong></span> 
     </span>
    </p>
   </div>
   <div class='ocr_carea' id='block_1_115' title="bbox 937 2334 1719 2371">
    <p class='ocr_par' dir='ltr' id='par_1_115' title="bbox 937 2334 1719 2371">
     <span class='ocr_line' id='line_1_117' title="bbox 937 2334 1719 2371; baseline 0.004 -11"><span class='ocrx_word' id='word_1_843' title='bbox 937 2334 1141 2370; x_wconf 84' lang='lat' dir='ltr'><strong>Chrysostomo,</strong></span> <span class='ocrx_word' id='word_1_844' title='bbox 1157 2337 1202 2370; x_wconf 90' lang='lat' dir='ltr'><strong>qui</strong></span> <span class='ocrx_word' id='word_1_845' title='bbox 1222 2341 1249 2363; x_wconf 84' lang='lat' dir='ltr'><strong>et</strong></span> <span class='ocrx_word' id='word_1_846' title='bbox 1275 2336 1333 2371; x_wconf 87' lang='lat' dir='ltr'><strong>ipse</strong></span> <span class='ocrx_word' id='word_1_847' title='bbox 1350 2336 1417 2362; x_wconf 92' lang='lat' dir='ltr'><strong>nihil</strong></span> <span class='ocrx_word' id='word_1_848' title='bbox 1433 2336 1597 2371; x_wconf 83' lang='lat' dir='ltr'><strong>Dionysiane</strong></span> <span class='ocrx_word' id='word_1_849' title='bbox 1614 2336 1647 2363; x_wconf 90' lang='lat' dir='ltr'><strong>de</strong></span> <span class='ocrx_word' id='word_1_850' title='bbox 1669 2345 1719 2363; x_wconf 88' lang='lat' dir='ltr'><strong>an-</strong></span> 
     </span>
    </p>
   </div>
   <div class='ocr_carea' id='block_1_116' title="bbox 937 2370 1719 2405">
    <p class='ocr_par' dir='ltr' id='par_1_116' title="bbox 937 2370 1719 2405">
     <span class='ocr_line' id='line_1_118' title="bbox 937 2370 1719 2405; baseline 0 -8"><span class='ocrx_word' id='word_1_851' title='bbox 937 2370 1003 2404; x_wconf 75' lang='lat' dir='ltr'><strong>gelis</strong></span> <span class='ocrx_word' id='word_1_852' title='bbox 1016 2371 1094 2397; x_wconf 85' lang='lat' dir='ltr'><strong>sentit</strong></span> <span class='ocrx_word' id='word_1_853' title='bbox 1110 2376 1136 2397; x_wconf 90' lang='lat' dir='ltr'><strong>et</strong></span> <span class='ocrx_word' id='word_1_854' title='bbox 1152 2371 1243 2404; x_wconf 84' lang='lat' dir='ltr'><strong>docet,</strong></span> <span class='ocrx_word' id='word_1_855' title='bbox 1256 2370 1317 2397; x_wconf 71' lang='lat' dir='ltr'><strong>cuiu</strong></span> <span class='ocrx_word' id='word_1_856' title='bbox 1332 2375 1427 2405; x_wconf 78' lang='lat' dir='ltr'><strong>praeter</strong></span> <span class='ocrx_word' id='word_1_857' title='bbox 1441 2375 1520 2398; x_wconf 89' lang='lat' dir='ltr'><strong>notos</strong></span> <span class='ocrx_word' id='word_1_858' title='bbox 1532 2372 1610 2398; x_wconf 91' lang='lat' dir='ltr'><strong>nobis</strong></span> <span class='ocrx_word' id='word_1_859' title='bbox 1625 2379 1719 2398; x_wconf 87' lang='lat' dir='ltr'><strong>corum</strong></span> 
     </span>
    </p>
   </div>
   <div class='ocr_carea' id='block_1_117' title="bbox 936 2405 1720 2442">
    <p class='ocr_par' dir='ltr' id='par_1_117' title="bbox 936 2405 1720 2442">
     <span class='ocr_line' id='line_1_119' title="bbox 936 2405 1720 2442; baseline 0.003 -11"><span class='ocrx_word' id='word_1_860' title='bbox 936 2405 1060 2442; x_wconf 81' lang='lat' dir='ltr'><strong>populos,</strong></span> <span class='ocrx_word' id='word_1_861' title='bbox 1075 2406 1174 2442; x_wconf 82' lang='grc' dir='ltr'>ἄπειρα</span> <span class='ocrx_word' id='word_1_862' title='bbox 1188 2406 1250 2442; x_wconf 78' lang='grc' dir='ltr'>ἔθνη</span> <span class='ocrx_word' id='word_1_863' title='bbox 1267 2406 1313 2432; x_wconf 74' lang='grc' dir='ltr'>καὶ</span> <span class='ocrx_word' id='word_1_864' title='bbox 1325 2405 1394 2442; x_wconf 75' lang='grc' dir='ltr'>φῦλα</span> <span class='ocrx_word' id='word_1_865' title='bbox 1411 2405 1546 2442; x_wconf 69' lang='grc' dir='ltr'>ἀμύθητα.</span> <span class='ocrx_word' id='word_1_866' title='bbox 1558 2414 1608 2442; x_wconf 71' lang='lat' dir='ltr'><strong>nec</strong></span> <span class='ocrx_word' id='word_1_867' title='bbox 1623 2414 1656 2432; x_wconf 81' lang='lat' dir='ltr'><strong>ex</strong></span> <span class='ocrx_word' id='word_1_868' title='bbox 1670 2414 1720 2442; x_wconf 76' lang='lat' dir='ltr'><strong>no-</strong></span> 
     </span>
    </p>
   </div>
   <div class='ocr_carea' id='block_1_118' title="bbox 936 2439 1720 2475">
    <p class='ocr_par' dir='ltr' id='par_1_118' title="bbox 936 2439 1720 2475">
     <span class='ocr_line' id='line_1_120' title="bbox 936 2439 1720 2475; baseline 0.003 -9"><span class='ocrx_word' id='word_1_869' title='bbox 936 2439 1010 2467; x_wconf 85' lang='lat' dir='ltr'><strong>mine</strong></span> <span class='ocrx_word' id='word_1_870' title='bbox 1027 2444 1092 2468; x_wconf 84' lang='lat' dir='ltr'><strong>nota</strong></span> <span class='ocrx_word' id='word_1_871' title='bbox 1120 2439 1270 2473; x_wconf 78' lang='lat' dir='ltr'><strong>contendit,</strong></span> <span class='ocrx_word' id='word_1_872' title='bbox 1285 2444 1312 2468; x_wconf 89' lang='lat' dir='ltr'><strong>et</strong></span> <span class='ocrx_word' id='word_1_873' title='bbox 1331 2439 1428 2475; x_wconf 85' lang='lat' dir='ltr'><strong>probat</strong></span> <span class='ocrx_word' id='word_1_874' title='bbox 1447 2448 1478 2467; x_wconf 85' lang='lat' dir='ltr'><strong>ex</strong></span> <span class='ocrx_word' id='word_1_875' title='bbox 1496 2439 1542 2467; x_wconf 87' lang='lat' dir='ltr'><strong>illo</strong></span> <span class='ocrx_word' id='word_1_876' title='bbox 1557 2440 1668 2475; x_wconf 85' lang='lat' dir='ltr'><strong>Ephes.,</strong></span> <span class='ocrx_word' id='word_1_877' title='bbox 1685 2441 1720 2468; x_wconf 88' lang='lat' dir='ltr'><strong>Et</strong></span> 
     </span>
    </p>
   </div>
   <div class='ocr_carea' id='block_1_119' title="bbox 936 2475 1742 2511">
    <p class='ocr_par' dir='ltr' id='par_1_119' title="bbox 936 2475 1742 2511">
     <span class='ocr_line' id='line_1_121' title="bbox 936 2475 1742 2511; baseline 0 -9"><span class='ocrx_word' id='word_1_878' title='bbox 936 2483 1011 2502; x_wconf 85' lang='lat' dir='ltr'><strong>omne</strong></span> <span class='ocrx_word' id='word_1_879' title='bbox 1029 2483 1121 2502; x_wconf 84' lang='lat' dir='ltr'><strong>nomen</strong></span> <span class='ocrx_word' id='word_1_880' title='bbox 1135 2477 1203 2511; x_wconf 81' lang='lat' dir='ltr'><strong>quod</strong></span> <span class='ocrx_word' id='word_1_881' title='bbox 1218 2476 1370 2511; x_wconf 60' lang='lat' dir='ltr'><strong>nominetur</strong></span> <span class='ocrx_word' id='word_1_882' title='bbox 1385 2484 1436 2501; x_wconf 85' lang='lat' dir='ltr'><strong>non</strong></span> <span class='ocrx_word' id='word_1_883' title='bbox 1457 2475 1585 2511; x_wconf 17' lang='lat' dir='ltr'><strong>solumrin</strong></span> <span class='ocrx_word' id='word_1_884' title='bbox 1603 2475 1651 2501; x_wconf 79' lang='lat' dir='ltr'><strong>hoc</strong></span> <span class='ocrx_word' id='word_1_885' title='bbox 1669 2485 1719 2502; x_wconf 76' lang='lat' dir='ltr'><strong>sw-</strong></span> <span class='ocrx_word' id='word_1_886' title='bbox 1737 2493 1742 2498; x_wconf 79' lang='lat'><strong><em>-</em></strong></span> 
     </span>
    </p>
   </div>
   <div class='ocr_carea' id='block_1_120' title="bbox 935 2510 1719 2544">
    <p class='ocr_par' dir='ltr' id='par_1_120' title="bbox 935 2510 1719 2544">
     <span class='ocr_line' id='line_1_122' title="bbox 935 2510 1719 2544; baseline 0.003 -8"><span class='ocrx_word' id='word_1_887' title='bbox 935 2510 1005 2541; x_wconf 86' lang='lat' dir='ltr'><strong>cuto,</strong></span> <span class='ocrx_word' id='word_1_888' title='bbox 1022 2511 1078 2542; x_wconf 81' lang='lat' dir='ltr'><strong>sed,</strong></span> <span class='ocrx_word' id='word_1_889' title='bbox 1095 2510 1160 2542; x_wconf 65' lang='lat' dir='ltr'><strong>ctcL,</strong></span> <span class='ocrx_word' id='word_1_890' title='bbox 1174 2511 1247 2538; x_wconf 91' lang='lat' dir='ltr'><strong>hom.</strong></span> <span class='ocrx_word' id='word_1_891' title='bbox 1265 2511 1292 2542; x_wconf 76' lang='grc' dir='ltr'><strong>ι,</strong></span> <span class='ocrx_word' id='word_1_892' title='bbox 1311 2510 1349 2537; x_wconf 86' lang='lat' dir='ltr'><strong>De</strong></span> <span class='ocrx_word' id='word_1_893' title='bbox 1364 2511 1489 2544; x_wconf 84' lang='lat' dir='ltr'><strong>incompr.</strong></span> <span class='ocrx_word' id='word_1_894' title='bbox 1505 2514 1533 2537; x_wconf 84' lang='lat' dir='ltr'><strong>et</strong></span> <span class='ocrx_word' id='word_1_895' title='bbox 1545 2510 1572 2541; x_wconf 81' lang='grc'>5,</span> <span class='ocrx_word' id='word_1_896' title='bbox 1586 2510 1719 2538; x_wconf 88' lang='lat' dir='ltr'><strong>cherubin</strong></span> 
     </span>
    </p>
   </div>
   <div class='ocr_carea' id='block_1_121' title="bbox 935 2545 1719 2606">
    <p class='ocr_par' dir='ltr' id='par_1_121' title="bbox 935 2545 1719 2606">
     <span class='ocr_line' id='line_1_123' title="bbox 935 2545 1719 2606; baseline 0 -34"><span class='ocrx_word' id='word_1_897' title='bbox 935 2546 1007 2572; x_wconf 81' lang='lat' dir='ltr'><strong>velut</strong></span> <span class='ocrx_word' id='word_1_898' title='bbox 1015 2546 1133 2606; x_wconf 50' lang='lat' dir='ltr'><strong>lthronos</strong></span> <span class='ocrx_word' id='word_1_899' title='bbox 1143 2545 1202 2578; x_wconf 84' lang='lat' dir='ltr'><strong>Dei,</strong></span> <span class='ocrx_word' id='word_1_900' title='bbox 1220 2552 1306 2580; x_wconf 88' lang='lat' dir='ltr'><strong>eoque</strong></span> <span class='ocrx_word' id='word_1_901' title='bbox 1323 2545 1362 2572; x_wconf 91' lang='lat' dir='ltr'><strong>illi</strong></span> <span class='ocrx_word' id='word_1_902' title='bbox 1376 2545 1590 2580; x_wconf 86' lang='lat' dir='ltr'><strong>conjunctiores,</strong></span> <span class='ocrx_word' id='word_1_903' title='bbox 1609 2545 1719 2580; x_wconf 65' lang='lat' dir='ltr'><strong>praefert</strong></span> 
     </span>
     <span class='ocr_line' id='line_1_124' title="bbox 935 2587 1072 2606; baseline 0 0"><span class='ocrx_word' id='word_1_904' title='bbox 935 2587 1012 2606; x_wconf 87' lang='lat' dir='ltr'><strong>seran</strong></span> <span class='ocrx_word' id='word_1_905' title='bbox 1034 2588 1072 2606; x_wconf 83' lang='lat' dir='ltr'><strong>in.</strong></span> 
     </span>
    </p>
   </div>
   <div class='ocr_carea' id='block_1_122' title="bbox 935 2587 1072 2607">
    <p class='ocr_par' dir='ltr' id='par_1_122' title="bbox 935 2587 1072 2607">
     <span class='ocr_line' id='line_1_125' title="bbox 935 2587 1072 2607; baseline -0.007 0"><span class='ocrx_word' id='word_1_906' title='bbox 935 2587 1060 2607; x_wconf 88' lang='lat' dir='ltr'><strong>seranmn</strong></span> <span class='ocrx_word' id='word_1_907' title='bbox 1066 2600 1072 2606; x_wconf 88' lang='lat'><strong>.</strong></span> 
     </span>
    </p>
   </div>
   <div class='ocr_carea' id='block_1_123' title="bbox 969 2587 1717 2676">
    <p class='ocr_par' dir='ltr' id='par_1_123' title="bbox 969 2587 1717 2676">
     <span class='ocr_line' id='line_1_126' title="bbox 969 2587 1717 2676; baseline 0.003 -36"><span class='ocrx_word' id='word_1_908' title='bbox 969 2587 1214 2676; x_wconf 57' lang='grc' dir='ltr'>(ἓὲῑὸίιαιηοὺνωη</span> <span class='ocrx_word' id='word_1_909' title='bbox 1240 2615 1319 2641; x_wconf 83' lang='lat' dir='ltr'><strong>etiam</strong></span> <span class='ocrx_word' id='word_1_910' title='bbox 1334 2615 1427 2655; x_wconf 43' lang='lat' dir='ltr'><strong>homo,.</strong></span> <span class='ocrx_word' id='word_1_911' title='bbox 1440 2614 1510 2650; x_wconf 79' lang='grc' dir='ltr'>ἀτὰρ</span> <span class='ocrx_word' id='word_1_912' title='bbox 1524 2614 1571 2641; x_wconf 78' lang='grc' dir='ltr'>καὶ</span> <span class='ocrx_word' id='word_1_913' title='bbox 1584 2615 1598 2641; x_wconf 84' lang='grc' dir='ltr'>ὁ</span> <span class='ocrx_word' id='word_1_914' title='bbox 1612 2614 1717 2650; x_wconf 80' lang='grc' dir='ltr'>ἄνθρω-</span> 
     </span>
     <span class='ocr_line' id='line_1_127' title="bbox 969 2649 1714 2676; baseline 0 0"><span class='ocrx_word' id='word_1_915' title='bbox 969 2659 992 2676; x_wconf 83' lang='lat' dir='ltr'><strong>c.</strong></span> <span class='ocrx_word' id='word_1_916' title='bbox 1021 2650 1057 2676; x_wconf 82' lang='lat' dir='ltr'><strong>‘ic</strong></span> <span class='ocrx_word' id='word_1_917' title='bbox 1073 2650 1146 2676; x_wconf 88' lang='lat' dir='ltr'><strong>clare</strong></span> <span class='ocrx_word' id='word_1_918' title='bbox 1171 2650 1291 2676; x_wconf 79' lang='lat' dir='ltr'><strong>procedit</strong></span> <span class='ocrx_word' id='word_1_919' title='bbox 1313 2649 1483 2676; x_wconf 82' lang='lat' dir='ltr'><strong>Methodiana</strong></span> <span class='ocrx_word' id='word_1_920' title='bbox 1505 2651 1714 2676; x_wconf 72' lang='lat' dir='ltr'><strong>aruumentatio.</strong></span> 
     </span>
    </p>
   </div>
   <div class='ocr_carea' id='block_1_124' title="bbox 933 2649 1714 2685">
    <p class='ocr_par' dir='ltr' id='par_1_124' title="bbox 933 2649 1714 2685">
     <span class='ocr_line' id='line_1_128' title="bbox 933 2649 1714 2685; baseline 0 -8"><span class='ocrx_word' id='word_1_921' title='bbox 933 2659 992 2682; x_wconf 83' lang='grc' dir='ltr'>πος.</span> <span class='ocrx_word' id='word_1_922' title='bbox 1011 2649 1057 2676; x_wconf 89' lang='lat' dir='ltr'><strong>Sic</strong></span> <span class='ocrx_word' id='word_1_923' title='bbox 1073 2650 1146 2677; x_wconf 88' lang='lat' dir='ltr'><strong>clare</strong></span> <span class='ocrx_word' id='word_1_924' title='bbox 1171 2650 1291 2684; x_wconf 89' lang='lat' dir='ltr'><strong>procedit</strong></span> <span class='ocrx_word' id='word_1_925' title='bbox 1313 2649 1714 2685; x_wconf 37' lang='lat' dir='ltr'><strong>Methodiana’argumentatio,</strong></span> 
     </span>
    </p>
   </div>
   <div class='ocr_carea' id='block_1_125' title="bbox 933 2685 1716 2720">
    <p class='ocr_par' dir='ltr' id='par_1_125' title="bbox 933 2685 1716 2720">
     <span class='ocr_line' id='line_1_129' title="bbox 933 2685 1716 2720; baseline 0.003 -9"><span class='ocrx_word' id='word_1_926' title='bbox 933 2693 1013 2720; x_wconf 93' lang='lat' dir='ltr'><strong>quam</strong></span> <span class='ocrx_word' id='word_1_927' title='bbox 1034 2685 1167 2720; x_wconf 71' lang='lat' dir='ltr'><strong>impressa</strong></span> <span class='ocrx_word' id='word_1_928' title='bbox 1186 2685 1305 2720; x_wconf 68' lang='lat' dir='ltr'><strong>omnino</strong></span> <span class='ocrx_word' id='word_1_929' title='bbox 1328 2686 1512 2719; x_wconf 76' lang='lat' dir='ltr'><strong>obscurabant</strong></span> <span class='ocrx_word' id='word_1_930' title='bbox 1540 2685 1716 2713; x_wconf 85' lang='lat' dir='ltr'><strong>condition‘ali</strong></span> 
     </span>
    </p>
   </div>
   <div class='ocr_carea' id='block_1_126' title="bbox 933 2719 1716 2755">
    <p class='ocr_par' dir='ltr' id='par_1_126' title="bbox 933 2719 1716 2755">
     <span class='ocr_line' id='line_1_130' title="bbox 933 2719 1716 2755; baseline 0.001 -8"><span class='ocrx_word' id='word_1_931' title='bbox 933 2719 978 2747; x_wconf 84' lang='lat' dir='ltr'><strong>illa</strong></span> <span class='ocrx_word' id='word_1_932' title='bbox 989 2720 1024 2747; x_wconf 88' lang='grc' dir='ltr'>εἰ.</span> <span class='ocrx_word' id='word_1_933' title='bbox 1036 2719 1163 2754; x_wconf 89' lang='lat' dir='ltr'><strong>lnterpr.,</strong></span> <span class='ocrx_word' id='word_1_934' title='bbox 1179 2719 1282 2755; x_wconf 77' lang='lat' dir='ltr'><strong>Etenim</strong></span> <span class='ocrx_word' id='word_1_935' title='bbox 1299 2724 1323 2746; x_wconf 85' lang='lat' dir='ltr'><strong>et</strong></span> <span class='ocrx_word' id='word_1_936' title='bbox 1345 2719 1432 2752; x_wconf 86' lang='lat' dir='ltr'><strong>homo,</strong></span> <span class='ocrx_word' id='word_1_937' title='bbox 1458 2725 1524 2752; x_wconf 83' lang='lat' dir='ltr'><strong>etc.,</strong></span> <span class='ocrx_word' id='word_1_938' title='bbox 1540 2728 1594 2755; x_wconf 89' lang='lat' dir='ltr'><strong>quo</strong></span> <span class='ocrx_word' id='word_1_939' title='bbox 1611 2720 1716 2755; x_wconf 80' lang='lat' dir='ltr'><strong>signiﬁ-</strong></span> 
     </span>
    </p>
   </div>
   <div class='ocr_carea' id='block_1_127' title="bbox 932 2754 1717 2790">
    <p class='ocr_par' dir='ltr' id='par_1_127' title="bbox 932 2754 1717 2790">
     <span class='ocr_line' id='line_1_131' title="bbox 932 2754 1717 2790; baseline 0.003 -9"><span class='ocrx_word' id='word_1_940' title='bbox 932 2759 1011 2782; x_wconf 85' lang='lat' dir='ltr'><strong>catur</strong></span> <span class='ocrx_word' id='word_1_941' title='bbox 1025 2759 1054 2781; x_wconf 89' lang='lat' dir='ltr'><strong>ut</strong></span> <span class='ocrx_word' id='word_1_942' title='bbox 1079 2754 1252 2788; x_wconf 85' lang='lat' dir='ltr'><strong>antecedens,</strong></span> <span class='ocrx_word' id='word_1_943' title='bbox 1281 2757 1354 2790; x_wconf 90' lang='lat' dir='ltr'><strong>quod</strong></span> <span class='ocrx_word' id='word_1_944' title='bbox 1383 2754 1671 2784; x_wconf 43' lang='lat' dir='ltr'><strong>Methodius&#39;assuuiit</strong></span> <span class='ocrx_word' id='word_1_945' title='bbox 1687 2759 1717 2783; x_wconf 92' lang='lat' dir='ltr'><strong>ut</strong></span> 
     </span>
    </p>
   </div>
   <div class='ocr_carea' id='block_1_128' title="bbox 932 2798 1110 2821">
    <p class='ocr_par' dir='ltr' id='par_1_128' title="bbox 932 2798 1110 2821">
     <span class='ocr_line' id='line_1_132' title="bbox 932 2798 1110 2821; baseline -0.006 -3"><span class='ocrx_word' id='word_1_946' title='bbox 932 2798 1110 2821; x_wconf 84' lang='lat' dir='ltr'><strong>consequens.</strong></span> 
     </span>
    </p>
   </div>
  </div>
