1920 3070
66 87 124 116 281

637 90 683 118 EX
701 90 803 118 LIBRO
822 90 866 117 DE
884 90 1196 120 RESURRECTIONE.‘

1669 98 1722 125 282

108 146 167 173 lB’.
181 144 233 171 Διὸ
243 144 400 182 ἐπίστησον
416 145 482 182 (99),
499 146 559 178 ὠςὸ
571 146 672 184 Κύριος
681 148 715 175 τὰ
729 148 874 175 admirati-tv

982 147 1040 176 ΧΠ.
1056 148 1095 176 Ac
1109 149 1180 181 vide.
1206 157 1308 184 quaeso.
1334 151 1560 185 quemadmodum
1580 153 1722 188 Dominus,

71 193 222 220 διίἀτκειν
235 191 337 223 θέλων,
348 192 387 227 μὴ
402 192 582 219 πιστευόντων
592 193 774 221 Σαδδουκαίων
790 196 830 226 εἰς
841 194 889 230 τὴν

74 238 237 264 ἀνάστασιν
262 235 316 271 τῆς
344 237 460 272 σαρκός.
483 237 576 273 Δόγμα
600 237 654 274 γὰρ
676 238 754 266 τοῦτο
776 240 891 267 Σαδδου-

76 282 274 312 καίων.”06εν
293 284 533 319 συσκευασάμενοι
552 284 603 320 τὴν
627 285 697 312 κατὰ
712 285 760 321 τὴν
773 287 890 320 γυναῖκα

77 331 128 358 καὶ
153 330 224 362 τοὺς
249 329 324 356 ἑπτὰ
348 329 481 364 ἀδελφοὺς
505 330 670 367 παραϐολὴν,
691 332 734 359 ἵνα
757 331 801 358 τὸν
826 333 889 368 περὶ

77 377 269 407 ἀναστάσεως
281 377 334 411 τῆς
351 377 452 412 σαρκὸς
465 377 543 412 λόγον
558 378 726 414 ἀπορήσωσι,
751 378 890 414 Προσῆλ-

78 425 136 450 θον
164 421 254 454 αὐτῷ
268 443 276 455 ,
304 423 393 458 φησὶ,
420 423 468 450 καὶ
496 423 690 451 Σαδδουκαῖοι
704 444 712 456 ,
737 424 887 459 λέγοντες,

77 467 267 495 ἀνάστασιν
287 467 331 502 μὴ
357 467 444 496 εἶναι.
465 469 495 496 '0
520 467 566 496 οὖν
587 470 714 506 Χριστὸς,
739 471 764 496 εἰ
790 471 827 506 μὴ
853 468 888 506 ἦν

79 515 243 546 ἀνάστασις
271 515 384 551 σαρκὸς,
400 515 467 541 ἀλλὰ
484 515 563 551 μόνον
576 515 692 548 ἐσώζετο
713 516 796 552 ψυχὴ,
828 525 888 543 συν-

79 561 164 587 έθετο
191 560 226 586 ἂν
254 560 359 592 αὐτοῖς,
376 560 415 592 ὼς
439 560 530 593 καλῶς
553 562 601 588 καὶ
631 562 717 598 ὀρθῶς
747 562 885 599 φρονοῦσι.

80 607 155 634 Νυνὶ
189 607 221 634 δὲ
243 607 441 642 ἀποκρίνεται,
460 607 560 642 λέγων·
584 607 633 635 Ἑν
658 609 695 643 τῇ
723 609 887 636 ἀναστάσει

81 654 158 682 οὔτε
194 653 364 689 γαμοῦσιν,
396 654 465 681 οὔτε
497 654 692 689 γαμίσκονται
705 676 712 688 ,
744 655 812 682 ἀλλ’
846 655 893 687 ὠςγ

82 700 214 733 ἄγγελοι
246 700 282 725 ἐν
313 698 430 732 οὐρανῷ
462 699 558 725 εἰσιν·
582 699 612 725 οὐ
650 699 689 735 τῷ
721 700 810 735 σάρκα
845 699 882 735 μὴ

84 745 181 780 haud,
211 745 282 772 ἀλλὰ
303 745 341 781 τῷ
365 745 402 780 μὴ
428 747 526 780 γαμεῖν
548 746 595 772 καὶ
625 745 791 781 γαμεῖσθαι,
818 745 886 773 ἀλλὰ

85 789 158 818 εἶναι
186 791 281 819 λοιπὸν
308 792 338 818 ἐν
366 791 512 828 ἀφθαρσίᾳ.
540 791 595 819 Καί
630 800 727 827 φησιν,
758 792 884 826 ἀγγέλοις

940 193 1035 221 eadem
1058 194 1103 222 illa
1130 194 1237 222 tradere
1259 194 1415 224 Sadducazis
1435 198 1663 226 resurrectionem
1675 207 1724 228 ne-

939 241 1078 274 gantibus,
1105 241 1230 269 voluerit.
1264 241 1311 269 Est
1335 242 1407 269 enim
1436 243 1493 278 Olioc
1509 243 1723 274 Sadducatorum

939 287 1045 322 dogma.
1062 286 1138 314 Unde
1153 288 1302 322 composita
1312 287 1368 318 illa.
1393 288 1426 316 de
1453 290 1565 318 muliere
1578 291 1665 326 deque
1679 300 1724 320 se-

938 336 1010 367 ptem
1027 331 1168 363 fratribus,
1181 332 1322 366 parabola.
1338 340 1420 367 quam
1444 334 1574 363 adversus
1601 344 1724 364 resurre-

938 377 1037 405 ctionis
1048 385 1192 412 corporum
1215 378 1312 413 dogma
1329 383 1511 414 proponerent
1528 389 1534 406 :
1550 381 1723 410 Accesserant

938 423 973 450 ad
988 425 1154 458 eum.inquit
1166 424 1199 458 “,
1215 423 1365 457 Sadduciei,
1380 424 1493 453 dicentes
1508 429 1722 455 resurrectionem

938 474 989 493 non
1003 475 1069 494 esse.
1095 467 1213 495 Proinde
1239 467 1376 499 Christus.
1403 469 1426 496 si
1451 470 1524 497 nulla
1549 472 1722 502 carnisessct

937 513 1110 542 resurrectio.
1138 513 1184 540 sed
1211 513 1300 540 anima
1328 515 1462 542 duntaxat
1485 516 1601 544 salutem
1629 525 1723 545 conse-

936 562 1074 592 queretur.
1093 559 1147 586 illis
1164 559 1256 594 utique
1271 563 1364 595 utpote
1381 564 1455 588 recte
1467 569 1499 588 ac
1513 563 1643 596 praeclare
1657 571 1721 590 sen-

937 605 1078 635 tientibus.
1110 613 1188 632 suam
1220 606 1409 633 auctoritatem
1440 607 1610 643 adjungeret.
1639 609 1722 644 Atqui

936 649 989 676 alia
1005 649 1097 676 omnia
1115 650 1283 684 respondens
1309 651 1399 678 ait":
1418 650 1452 678 In
1476 654 1664 681 resurrectione
1681 663 1723 682 ne-

935 703 984 730 que
998 694 1095 722 ducunt
1110 704 1214 730 uxores,
1243 705 1323 732 neque
1340 698 1451 732 nubunt,
1479 698 1524 726 sed
1541 704 1568 726 ut
1588 701 1673 735 angeli
1694 701 1722 728 in

935 741 998 768 uelo
1023 745 1084 768 sunt
1101 749 1109 767 :
1126 749 1180 768 non
1201 742 1274 776 quod
1297 750 1407 770 carnem
1437 751 1492 771 non
1518 744 1650 778 habeant,
1672 746 1721 773 sed

935 787 1006 822 quod
1023 791 1132 814 mutuas
1143 788 1252 821 nuptias
1267 789 1356 816 nullas
1379 790 1553 823 contrahant,
1579 792 1626 819 sed
1646 791 1722 819 dein-

86 836 162 862 γατὸ.
195 836 276 862 τοῦτο
309 835 524 871 πλησιάζοντας,
556 837 598 863 ἵνα
630 836 724 872 ὥσπερ
748 837 772 862 οἱ
801 836 874 870 ἄγγε-

937 841 1002 869 ceps
1013 834 1067 861 sint
1081 834 1266 868 corruptionis
1279 839 1415 870 expertes.
1436 835 1517 863 Addit
1531 845 1605 870 vero,
1621 845 1652 865 ea
1669 845 1721 866 nos

86 882 127 910 ὶω.
154 883 186 909 ἐν
209 881 250 917 τῷ
271 881 387 916 οὐρανῷ,
404 881 473 908 οὓτω
498 883 545 908 καὶ
566 883 647 918 ἡμεῖς
670 883 699 909 ὲν
726 881 764 917 τῷ
790 891 881 917 παρα-

86 928 181 963 εείσῳ,
199 929 270 963 μήτε
293 928 392 963 γάμοις
415 928 432 963 ἦ
459 928 609 960 εἰλαπίναις
632 928 672 954 ἔτι
696 928 879 964 σχολάζοντες,

87 974 156 1000 ἀλλὰ
183 974 232 1000 τοῦ
257 974 366 1009 βλέπειν
391 974 428 1010 (Ι)
450 975 496 1002 τὸν
511 975 587 1006 Θεὸν,
603 975 650 1001 καὶ
674 976 805 1011 γεωργεῖν
831 974 879 1010 τὴν

90 1020 171 1057 ζωὴν,
188 1021 404 1057 πρυτανεύοντος
424 1022 489 1057 ἡμῖν
510 1020 558 1048 τοῦ
575 1020 702 1057 Χριστοῦ.
721 1021 758 1048 Οὺ
774 1020 828 1056 γὰρ
840 1019 879 1047 εἷ-

89 1075 149 1098 πεν,
161 1067 286 1093 ἔσονται
306 1066 435 1101 ἄγγελοι,
449 1067 505 1093 ἀλλ’
517 1067 557 1099 ὠς
577 1065 713 1100 ἄγγελοι,
730 1064 786 1092 οἷον
805 1065 878 1100 δόξῃ

88 1113 143 1148 μὲν
163 1113 211 1139 καὶ
229 1112 309 1146 τιμῇ,
330 1112 400 1139 κατὰ
413 1112 443 1138 τὸ
457 1112 660 1147 γεγραμμένον,
671 1111 877 1145 ἐστεφανωμέ-

91 1167 144 1189 νοι,
151 1158 254 1192 ,ϐραχὺ
263 1157 297 1184 δέ
308 1167 335 1184 τι
343 1158 422 1192 παρὰ
433 1157 502 1191 τοὺς
516 1157 663 1192 ἀγγέλους
672 1157 877 1184 διαλλάσσον-

92 1214 146 1237 rec,
165 1205 212 1231 καὶ
225 1205 309 1238 ἐγγὺς
319 1204 395 1235 ὅντες
412 1204 458 1229 τοῦ
473 1201 542 1230 εἶναι
563 1202 680 1237 ἄγγελοι.
703 1202 836 1239 Καθάπερ
851 1204 876 1230 εί

91 1252 190 1285 ἔλεγεν,
207 1250 291 1285 οὔσης
308 1250 435 1283 εὐταξίας
451 1250 521 1276 κατὰ
535 1251 580 1276 τὸν
598 1249 678 1284 ἀέρα,
695 1250 741 1276 καὶ
757 1249 876 1285 γαλήνης

92 1298 194 1329 rank,
206 1298 254 1324 καὶ
267 1296 375 1323 πάντων
385 1296 423 1331 τῷ
438 1297 486 1332 τῆς
497 1296 612 1331 σελήνης
625 1295 738 1330 αἰθερίῳ
750 1295 819 1330 φωτὶ
831 1304 877 1322 κε-

91 1352 175 1379 main]
181 1343 279 1378 μένων,
288 1343 305 1378 ἡ
319 1343 415 1377 σελήνη
427 1342 514 1376 φαίνει
524 1342 563 1373 ὡς
575 1343 589 1368 ὁ
601 1342 686 1376 ἥλιος.
697 1341 750 1368 Καὶ
764 1341 794 1368 οὐ
806 1342 875 1368 πάν-

91 1397 140 1420 τως
154 1387 185 1414 ἂν
204 1387 280 1423 ἥλιον
295 1385 364 1413 εἶναι
378 1388 427 1422 τὴν
442 1387 555 1422 σελήνην
573 1387 776 1422 ἀπομαρτυρείν
793 1386 874 1414 αὑτὸν

90 1432 200 1467 λέγομεν
218 1433 250 1467 (f.
268 1431 416 1467 λέγοιμεν),
431 1432 487 1458 ἀλλ’
506 1432 544 1463 ὡς
558 1432 642 1467 ἥλιον.
657 1433 760 1468 Ὥσπερ
776 1433 822 1458 καὶ
844 1433 874 1459 τὸ

93 1478 126 1514 μὴ
140 1478 262 1514 ὑπάρχον
277 1478 387 1514 χρυσὸς,
403 1479 485 1512 ἐγγὺς
495 1478 524 1505 δὲ
538 1478 584 1505 τοῦ
600 1476 668 1505 εἶναι
682 1478 780 1514 χρυσὸς
791 1487 874 1513 1:5ch-

91 1526 143 1557 χδς,
160 1525 197 1556 ὡς
212 1525 312 1560 χρυσὸς
325 1524 445 1559 λέγεται,
457 1524 504 1551 καὶ
517 1525 546 1551 οὐ
559 1524 658 1561 χρυσός
668 1533 675 1540 ·
689 1526 714 1551 εί
727 1524 755 1551 δὲ
766 1522 800 1560 ἦν
811 1533 876 1560 χρυ-

91 1571 142 1602 σὸς,
157 1572 208 1598 οὐκ
233 1570 341 1605 ἐλέγετο
365 1570 399 1597 ἂν
417 1571 454 1602 ὼς
471 1570 581 1606 χρυσὸς,
596 1570 663 1597 ἀλλὰ
678 1570 874 1606 χρυσός.“Επεὶ

89 1617 115 1644 δὲ
126 1618 161 1652 μὴ
172 1618 230 1644 ἐστι
238 1618 349 1653 χρυσὸς,
362 1617 430 1644 ἀλλὰ
444 1617 490 1644 τοῦ
509 1615 578 1644 εῖναι
588 1617 623 1652 (2)
631 1618 739 1653 χρυσὸς,
751 1618 798 1644 καὶ
807 1626 875 1652 φαν-

89 1662 212 1695 τάζεσθαι
224 1663 271 1690 τὸν
283 1663 394 1699 χρυσὸν,
405 1663 443 1695 ὡς
452 1663 552 1699 χρυσὸς
567 1663 673 1697 λέγεται
681 1672 688 1678 ·
700 1663 769 1690 οὕτω
781 1664 826 1690 καὶ
837 1663 875 1695 ὡς

90 1710 215 1744 ἀγγέλους
233 1710 343 1736 ἔσεσθαι
358 1709 481 1744 λέγοντος
495 1710 558 1741 τοὺς
572 1709 664 1743 ἁγίους
675 1711 704 1736 ἐν
713 1711 746 1744 τῇ
757 1709 875 1736 ἀναστά-

91 1753 139 1787 σει,
151 1757 200 1782 οὐκ
224 1756 291 1782 αὐτὸ
306 1756 386 1782 τοῦτο
406 1756 537 1790 ἀγγέλους
557 1755 638 1783 αὐτὸν
660 1755 874 1789 ἐπαγγέλλεσθαι

88 1800 216 1836 ἀκούομεν
227 1801 292 1832 τοὺς
302 1800 396 1834 ἁγίους
413 1802 441 1827 ἐν
455 1802 487 1836 τῇ
503 1801 648 1827 ἀναστάσει
662 1800 784 1833 ἔσεσθαι,
807 1800 874 1827 ἀλλὰ

87 1847 164 1880 ἐγγὺς
176 1846 224 1872 τοῦ
245 1845 314 1873 εἶναι
329 1847 471 1881 ἀγγέλους.
489 1848 568 1874 Ὥστε
584 1846 752 1881 ἀλογώτατον
769 1847 872 1881 λέγειν’

93 1892 196 1928 Ἐπειδὴ
207 1894 222 1919 ὁ
231 1893 349 1928 Χριστὸς
369 1894 526 1929 ἀπεφήνατο
536 1894 598 1926 τοὺς
607 1892 700 1928 ἁγίους
710 1893 823 1929 ὀφθῆναι
837 1893 874 1925 ὡς

87 1938 215 1973 ἀγγέλους
228 1940 257 1965 ἐν
271 1940 304 1974 τῇ
321 1938 476 1971 ἀναστάσει,
488 1939 523 1966 τὰ
536 1939 649 1975 σώματα
663 1939 707 1966 διὰ
718 1939 797 1966 τοῦτο
810 1938 874 1966 ταῦ-

86 1994 116 2012 τα
181 1986 354 2013 ἀνίστασθαι·
379 1986 466 2013 καίτοι
481 1986 530 2021 τῆς
545 1986 642 2018 λέξεως
658 1986 742 2022 αὐτὴν
757 1986 806 2022 τὴν
819 1994 874 2013 πα-

86 2031 201 2066 ράδειξιν
213 2031 349 2066 δηλούσης
364 2031 457 2066 σαφῶς
469 2032 516 2058 τοῦ
530 2032 734 2068 συμϐαίνοντος.
744 2033 872 2059 Ἀνάστα-

86 2087 124 2110 et;
140 2079 194 2114 γὰρ
210 2078 262 2106 οὐκ
277 2079 322 2105 ἐπὶ
332 2077 380 2104 τοῦ
395 2079 431 2114 μὴ
448 2078 633 2111 πεπτωκότος,
647 2079 703 2105 ἀλλ’
715 2079 761 2105 επὶ
773 2079 819 2106 τοῦ
830 2088 875 2106 πε-

85 2125 220 2156 ιπτωκὸτος
244 2124 363 2158 λέγεται,
389 2125 435 2151 καὶ
456 2124 755 2160 ἀνισταμένουξῶσπερ
773 2125 874 2152 ὁπόταν

935 883 1012 914 parte
1040 880 1143 914 angelis
1166 881 1324 914 proximos;
1344 885 1372 908 ut
1390 882 1617 916 quemadmodum
1632 884 1720 919 angeli

934 926 961 952 in
974 926 1054 957 caelo,
1068 925 1107 953 sic
1124 934 1174 953 nos
1192 925 1217 952 in
1232 927 1358 960 paradiso
1370 935 1458 962 neque
1473 928 1576 963 nuptiis
1601 930 1720 963 amplius

934 979 1021 1007 neque
1032 972 1164 998 conviviis
1182 971 1380 1007 indulgeamus,
1398 973 1444 1000 sed
1461 974 1488 1001 in
1508 975 1719 1010 contemplando

933 1016 988 1045 Deo
999 1017 1202 1053 excolendaque
1227 1019 1280 1045 vita
1302 1019 1389 1046 simus
1412 1019 1549 1054 occupati,
1561 1020 1676 1054 praeside
1686 1028 1719 1049 ac

932 1063 1102 1091 moderatore
1127 1064 1246 1092 Christo.
1263 1064 1330 1091 Nam
1358 1073 1411 1092 non
1434 1065 1512 1096 dixit.
1531 1071 1606 1093 erunt
1621 1067 1717 1100 angeli,

931 1109 990 1141 sed.
1008 1110 1076 1136 sicut
1092 1109 1188 1144 angeli.
1218 1110 1292 1137 velut
1319 1110 1446 1137 nimirum
1463 1111 1549 1146 gloria
1570 1116 1594 1138 et
1621 1112 1717 1139 honore

931 1154 1060 1184 coronati.
1076 1157 1106 1180 ut
1117 1154 1247 1188 scriptum
1263 1158 1316 1188 est,
1338 1154 1476 1188 paululum
1506 1163 1564 1182 vero
1590 1155 1622 1182 ab
1635 1165 1716 1191 ange-

931 1199 964 1226 lis
990 1199 1139 1234 differentes
1155 1200 1188 1232 ἐ),
1215 1203 1297 1235 atque
1323 1200 1431 1227 illorum
1459 1205 1564 1228 natura:
1587 1201 1714 1236 proximi.

930 1245 1014 1278 Quasi
1025 1246 1062 1272 ita
1080 1246 1199 1273 diceret:
1221 1247 1369 1281 tranquillo
1387 1254 1435 1281 per
1452 1251 1558 1274 noctem
1572 1256 1604 1274 ac
1619 1257 1716 1276 sereno

928 1299 1000 1324 aere,
1013 1300 1076 1319 cum
1103 1292 1207 1319 catlesti
1224 1292 1284 1320 luce
1307 1293 1377 1319 luna:
1389 1293 1479 1320 omnia
1499 1293 1713 1327 collustrantur.

928 1337 991 1365 luna
1006 1338 1075 1365 sicut
1090 1338 1130 1365 sol
1142 1337 1275 1372 splendet.
1293 1337 1360 1364 Tum
1379 1338 1462 1369 enim,
1477 1347 1531 1366 non
1546 1340 1657 1367 omnino
1671 1349 1717 1369 so—

928 1385 980 1412 lem
993 1392 1054 1412 esse
1078 1385 1169 1412 lunam
1196 1393 1228 1412 ex
1251 1385 1325 1413 illius
1339 1385 1496 1413 testimonio
1513 1386 1715 1421 colligeremus,

927 1431 975 1459 sed
1000 1431 1034 1458 ad
1064 1431 1148 1459 solem
1172 1431 1312 1458 accedere.
1334 1431 1412 1459 Sicut
1427 1432 1508 1459 etiam
1525 1433 1597 1468 quod
1619 1441 1716 1461 aurum

927 1484 981 1504 non
996 1481 1048 1509 est,
1063 1484 1129 1504 auro
1149 1482 1240 1503 tamen
1265 1481 1365 1504 natura
1389 1485 1438 1505 sua
1455 1479 1635 1514 propinquius
1655 1485 1715 1513 est,

891 1512 913 1541 (ἶ
928 1521 1002 1548 velut
1020 1515 1117 1548 aurium
1134 1521 1245 1555 dicitur,
1256 1530 1310 1550 non
1324 1530 1420 1550 aurum
1433 1533 1439 1550 :
1453 1531 1513 1550 nam
1533 1525 1556 1552 si
1570 1529 1643 1552 esset
1666 1533 1716 1552 au-

926 1575 998 1599 rum,
1016 1575 1070 1594 non
1096 1571 1227 1603 tanquam
1248 1575 1356 1600 aurum,
1374 1569 1422 1596 sed
1448 1577 1545 1597 aurum
1563 1570 1617 1597 dici
1632 1579 1715 1606 opor-

926 1617 1003 1640 teret.
1022 1613 1091 1646 Quia
1108 1621 1172 1641 vero
1189 1621 1286 1641 aurum
1313 1623 1367 1642 non
1379 1618 1441 1647 est,
1463 1614 1511 1642 sed
1529 1623 1597 1643 auro
1621 1617 1714 1651 proxi-

925 1668 1011 1693 mum,
1025 1660 1052 1688 et
1066 1664 1096 1687 ut
1108 1660 1256 1688 mentiatur
1270 1661 1390 1695 speciem
1419 1661 1489 1692 auri.
1514 1662 1588 1689 sicut
1617 1670 1715 1690 aurum

925 1707 1025 1735 dicitur
1041 1708 1154 1736 :eodem
1170 1709 1249 1744 plane
1262 1708 1352 1742 modo,
1367 1708 1440 1744 quod
1457 1709 1485 1736 in
1499 1706 1713 1743 resurrectione.

925 1753 984 1781 fore
997 1758 1108 1782 sanctos
1138 1755 1209 1781 sicut
1234 1755 1344 1789 angelos
1369 1755 1566 1789 pronuntiavit,
1589 1765 1643 1784 non
1674 1757 1715 1785 sic

925 1799 1112 1834 accipiendum
1128 1804 1181 1832 est,
1203 1805 1232 1827 ut
1242 1808 1289 1828 eos
1313 1801 1425 1836 angelos
1446 1800 1504 1829 fore
1525 1802 1648 1834 voluerit.
1666 1803 1715 1831 sed

925 1854 1019 1873 eorum
1036 1850 1141 1873 tantum
1166 1846 1316 1874 conditioni
1333 1847 1513 1882 propinquos.
1531 1847 1713 1881 Quamobrem

925 1893 1119 1921 stultissimum
1131 1897 1173 1920 est
1197 1893 1236 1920 ita
1263 1894 1412 1929 colligere:
1428 1895 1562 1927 Quoniam
1587 1894 1714 1924 Christus

925 1943 1036 1967 sanctos
1047 1940 1074 1966 in
1092 1940 1294 1967 resurrectione
1310 1944 1437 1976 tanquam
1454 1942 1564 1977 angelos
1580 1942 1668 1970 visum
1679 1942 1714 1969 iri

925 1985 1121 2020 pronuntiavit,
1139 1985 1241 2013 idcirco
1258 1985 1316 2014 fore
1337 1991 1366 2014 ut
1376 1995 1490 2022 corpora
1511 1987 1568 2015 haec
1598 1995 1652 2014 non
1667 1995 1714 2015 rc-

925 2031 1106 2063 surrexerint,
1132 2031 1282 2066 praesertim
1298 2040 1360 2059 cum
1386 2040 1437 2060 vox
1454 2033 1523 2067 ipsa,
1539 2033 1613 2061 velut
1626 2033 1710 2060 colla-

926 2077 999 2104 tione
1016 2077 1066 2112 (4),
1083 2077 1142 2112 ejus
1168 2077 1240 2112 quod
1256 2079 1399 2114 contingit,
1418 2079 1551 2107 rationem
1569 2079 1712 2114 perspicue

926 2123 1060 2150 ostendat.
1078 2123 1145 2150 Nam
1161 2125 1325 2152 resurrectio
1348 2133 1402 2153 non
1423 2126 1457 2153 de
1469 2133 1502 2152 eo
1520 2125 1620 2153 dicitur
1640 2125 1712 2161 quod

87 2169 155 2204 λέγει
171 2172 220 2197 καὶ
236 2172 250 2197 ὀ
270 2172 428 2207 προφήτης·
447 2171 501 2198 Kal
515 2171 677 2205 ἀναστήσω
688 2171 745 2206 τὴν
754 2171 874 2206 σκηνὴν

930 2177 1064 2205 nunquam
1079 2170 1177 2197 cecidit
1189 2179 1197 2204 ;
1209 2171 1255 2198 sed
1264 2171 1297 2198 de
1312 2179 1345 2198 eo
1359 2171 1430 2206 quod
1445 2172 1554 2203 cecidit.
1569 2176 1596 2199 et
1614 2173 1712 2199 iterum

88 2216 173 2242 Δίιϐὶδ
191 2216 250 2250 τὴν
272 2216 579 2243 πεπτωκυῖαν.Ἕπεσε
595 2217 623 2243 δὲ
640 2217 778 2244 ὀκλάσασα
792 2218 808 2253 ὴ
826 2226 871 2244 πο-

87 2261 151 2297 Θῃτὴ
167 2262 253 2297 σκηνὴ
270 2262 318 2297 τῆς
332 2262 420 2297 ψυχῆς
434 2264 477 2295 εις
492 2262 549 2298 γῆν
565 2261 708 2297 χώματος.
720 2263 756 2289 οὐ
773 2263 827 2298 γὰρ
840 2263 871 2290 τὸ

88 2308 121 2343 μὴ
137 2308 262 2343 Θνῆσκον,
282 2308 349 2335 ἀλλὰ
362 2309 391 2335 τὸ
406 2308 522 2343 θνῆσκον
537 2308 665 2336 κλίνεται.
680 2309 796 2344 Θνήσκει
810 2309 838 2335 δὲ
853 2310 869 2345 ή

89 2353 165 2389 σάρξ·
182 2353 256 2389 ψυχὴ
275 2353 304 2380 δὲ
321 2354 359 2390 (ὅ)
376 2353 519 2386 ἀθάνατος.
535 2355 590 2381 Καὶ
605 2355 703 2386 τοίνυν,
720 2356 744 2382 εἰ
764 2355 780 2391 ἡ
796 2355 869 2392 ψυχὴ

88 2399 224 2432 ἀθάνατος,
243 2399 322 2435 σῶμα
340 2399 368 2426 δὲ
387 2400 401 2425 ὁ
421 2400 526 2436 νεκρὸς,
542 2401 566 2426 οἱ
581 2400 706 2434 λέγοντες
723 2401 869 2429 ἀνάστασιν

93 2444 136 2478 μὲν
149 2443 226 2478 εἶναι,
243 2445 343 2482 σαρκὸς
357 2445 384 2472 δὲ
402 2445 439 2482 μὴ
452 2444 531 2479 εἷναι,
549 2447 691 2482 ἀρνοῦνται
707 2447 869 2476 ἀνάστασιν·

92 2490 127 2515 ὅτι
142 2490 176 2526 μὴ
192 2491 223 2518 τὸ
236 2491 329 2524 ἑστὸς,
349 2491 417 2519 ἀλλὰ
436 2491 467 2518 τὺ
489 2493 633 2525 πεπτωκὸς
645 2497 691 2522 καὶ
702 2495 789 2522 κλιθὲν
798 2495 870 2522 διαν-

928 2216 1058 2251 assurgit.
1082 2215 1163 2244 Velut
1181 2224 1243 2244 cum
1273 2217 1404 2252 propheta
1423 2217 1489 2244 dicit
1505 2227 1512 2245 :
1530 2218 1563 2244 Et
1579 2218 1712 2245 suscitabo

925 2261 1124 2289 tabernaculum
1147 2262 1229 2289 David
1239 2262 1308 2298 quod
1320 2262 1450 2289 ceciderat
1466 2262 1498 2290 ’⁷.
1515 2262 1618 2290 Cecidit
1632 2271 1713 2298 porro

924 2308 1108 2335 desideratum
1134 2309 1201 2336 illud
1219 2309 1422 2337 tabernaculum
1439 2309 1589 2344 collapsum
1613 2309 1640 2335 in
1660 2314 1712 2335 ter—

924 2363 982 2382 ram
998 2356 1100 2390 aggeris
1115 2355 1148 2382 ²⁸.
1170 2355 1230 2383 Non
1252 2356 1323 2383 enim
1339 2355 1412 2390 quod
1437 2363 1492 2382 non
1522 2355 1647 2386 moritur,
1663 2355 1711 2382 sed

924 2401 998 2437 quod
1009 2402 1134 2435 moritur,
1150 2402 1282 2429 inclinare
1295 2402 1404 2429 dicitur.
1428 2401 1462 2428 At
1489 2401 1605 2428 moritur
1617 2407 1684 2427 caro
1702 2408 1709 2425 :

926 2449 1017 2475 anima
1032 2449 1133 2484 quippe
1145 2449 1315 2476 immortalis.
1331 2447 1502 2483 Quapropter
1513 2447 1535 2474 si
1548 2446 1711 2474 immortalis

927 2497 971 2522 est
985 2494 1087 2525 anima,
1102 2500 1202 2529 corpus
1216 2501 1280 2522 vero
1292 2493 1408 2520 cadaver
1425 2496 1466 2519 est
1479 2500 1486 2525 ;
1498 2491 1545 2527 qui
1562 2491 1599 2518 ita
1618 2497 1711 2518 resur-

122 2583 143 2601 ιδ
157 2583 251 2612 Matth.
263 2591 334 2616 xxtt,
349 2583 395 2612 23.
428 2583 451 2600 ’⁸
467 2583 539 2612 Ibid.
573 2585 596 2601 ’θ
611 2585 687 2613 Ρεαί.
706 2593 766 2618 νιιι,
784 2584 811 2612 6.
848 2584 869 2601 ’⁷

930 2593 966 2612 tot
984 2593 1022 2618 ix,
1040 2585 1082 2612 Η.
1116 2584 1139 2600 ’⁸
1158 2583 1229 2611 Dan.
1247 2591 1297 2614 xit,
1310 2583 1338 2609 2.

127 2671 173 2708 (99)
186 2673 234 2710 Διὸ
250 2674 350 2710 sertae.
363 2674 400 2701 Ex
414 2674 510 2710 Epiph.
529 2677 608 2707 ἣξει-η
622 2683 649 2702 n.
666 2674 709 2702 55.

128 2711 159 2745 tit
172 2709 223 2736 Τοῦ
231 2710 287 2741 βλ.
307 2709 392 2745 Forte,
398 2709 493 2745 uidi.

128 2744 159 2777 (2)
177 2745 269 2771 Ἀλλὰ
292 2744 346 2771 τοῦ
363 2743 503 2773 εἷν.Ῥοει
516 2745 584 2773 ἀλλά
607 2746 682 2773 deest
701 2745 794 2780 ἐγγύς.
821 2744 866 2773 Sic

101 2781 156 2807 enim
166 2780 278 2814 legimus
292 2780 372 2814 patilo
389 2785 458 2815 post.

132 2817 162 2850 ιδ)
183 2814 268 2849 Ψυχὴ
281 2814 325 2842 δέ.
341 2814 421 2847 Editi,
439 2815 511 2851 ψυχὴ
525 2815 588 2851 γάρ.

957 2673 995 2711 (Δ)
1014 2672 1090 2700 Velut
1106 2672 1320 2711 collatione.gtc.
1334 2671 1416 2711 Editi.
1435 2672 1542 2711 πρᾶξιν.
1561 2673 1595 2711 At
1615 2673 1710 2711 παρά-

920 2707 1012 2743 δειξιν,
1029 2717 1078 2736 vox
1095 2709 1246 2743 aptissima.
1266 2707 1361 2734 Posset
1377 2707 1445 2734 forte
1457 2707 1606 2735 unoﬂverbo
1620 2708 1708 2742 reddi,

920 2742 1132 2772 contentionem}
1159 2744 1295 2778 quomodo
1307 2743 1349 2773 τὸ,
1364 2742 1572 2778 παραδεικνύειν
1588 2743 1709 2771 dicimus

919 2779 1072 2808 contendere
1097 2787 1144 2807 seu
1173 2786 1205 2806 ex
1243 2778 1352 2806 advrrso
1375 2778 1493 2814 conferre
1514 2784 1538 2806 et
1566 2783 1708 2806 contraco-

919 2824 988 2843 uere.
