1920 3070
235 93 290 122 283

726 96 756 126 Β.
776 97 943 126 ΜΕΤΗΟΒΙΙ
963 98 1118 128 EPISCOPI
1138 98 1182 126 ΕΤ
1202 91 1380 128 ΜΑΚΤΫΒΙΞ

1802 94 1860 121 εει

235 155 383 183 rectionem
395 162 459 183 esse
470 155 645 188 conﬁtentur.
658 160 689 186 ut
702 165 763 186 eam
776 159 844 186 nihil
857 159 890 186 ad
908 166 1010 187 caruen

1068 161 1172 188 ίσταται
1184 181 1197 193 ,ς
1215 159 1286 186 κατὰ
1298 159 1328 186 τὺ
1342 155 1547 193 γεγραμμένον·
1562 155 1610 189 Μὴ
1625 156 1642 182 ὁ
1657 155 1778 181 πίπτων
1799 154 1862 180 οὐκ

234 202 369 236 pertinere
395 205 498 236 putent,
515 205 744 232 resurrectionem
767 205 875 240 penitus
904 209 1013 241 negant.

1067 205 1233 236 ἀνίσταται,
1258 204 1277 239 ἢ
1290 205 1307 230 ὀ
1320 202 1516 237 ἀποστρέφων
1527 203 1582 229 οὐκ
1594 200 1794 234 ἁναστρέφεκ

234 247 456 284 Quandoquidem
479 256 534 276 non
565 249 632 277 illud
647 251 722 285 quod
749 255 813 284 stat,
834 251 882 279 sed
911 252 984 286 quod
1007 252 1105 279 cecidit
1135 257 1162 279 et
1187 251 1345 281 inclinavit,
1374 256 1522 284 exsurgere
1547 248 1647 275 dicitur
1661 251 1688 274 et
1712 245 1860 277 suscitari,

230 297 308 332 juxta
325 304 357 323 ac
373 296 504 332 scriptum
525 302 567 328 est
582 299 605 315 ”
621 308 629 326 :
647 298 773 335 Nunquid
798 300 844 335 qui
864 300 937 326 cadit
952 308 1004 326 non
1021 300 1145 335 resurgit,
1163 304 1209 326 aut
1225 299 1269 334 qui
1283 298 1376 326 auertit
1393 305 1420 324 se
1432 305 1483 323 non
1501 295 1659 323 revertitur?

267 342 335 370 XIII.
349 343 483 377 Quoniam
497 353 561 373 caro
576 346 649 373 inter
659 346 778 374 conﬁnia
794 348 980 382 corruptionis
991 352 1017 375 et

231 389 460 425 incorruptionis,
479 399 511 418 ac
536 399 587 419 nec
610 393 749 428 corruptio
777 401 827 421 nec
847 394 1016 428 incorruptio

230 440 320 463 creata
335 440 410 470 erat;
439 437 511 464 victa
537 445 602 465 vero
617 442 658 466 est
672 446 687 466 a
700 439 875 474 corruptione
905 442 1016 474 propter

231 481 395 516 voluptatem
411 501 418 514 ,
432 490 588 517 quanquam
616 487 689 510 esset
717 483 930 518 incorruptionis
945 491 1015 518 opus

229 531 256 554 et
271 527 411 562 possessio
424 535 430 552 :
446 527 549 555 ideirco
566 527 637 555 facta
653 533 695 556 est
707 529 872 563 corruptioni
885 528 1012 560 obnoxia,

231 572 424 608 inclinavitque
445 573 472 599 in
496 579 594 600 terram
620 575 721 610 aggeris
734 575 766 602 ³⁰.
783 574 928 610 Postquam
949 582 1014 610 ergo

230 619 302 645 victa
315 618 411 646 fuisset
424 626 438 645 a
452 620 638 655 corruptione,
660 621 795 656 mortique
819 625 929 657 propter
945 629 1014 656 praa-

230 666 422 693 varicationem
433 666 534 693 tradita
544 686 551 698 ,
571 667 658 694 noluit
670 666 742 695 Deus
756 667 842 703 ipsam
858 676 908 695 ceu
925 669 1011 696 haere-

229 712 340 739 ditatem
372 713 542 747 corruptioui
571 713 604 741 ad
620 713 761 741 victoriam
777 714 948 749 relinquere;
965 714 1013 742 sed

228 766 338 786 rursum
365 759 436 785 victa
455 767 504 794 per
519 759 748 787 resurrectionem
774 764 872 792 morte,
889 760 1013 788 incorru-

1102 348 1150 374 lI".
1168 347 1276 382 Ἐπειδὴ
1301 346 1425 382 μεθόριος
1440 344 1489 380 (4‘)
1504 343 1553 379 τῆς
1569 343 1723 378 ἀφθαρσίας
1743 341 1859 376 ἐγένετο

1066 394 1174 428 καὶτῆς
1201 393 1302 429 φθορᾶς
1317 394 1334 428 ἡ
1356 392 1433 428 σὰρξ,
1454 392 1503 418 οὐκ
1518 388 1585 417 οὖσα
1606 389 1667 416 οὔτε
1684 389 1775 424 φθορὰ
1790 388 1859 415 οὔτε

1065 439 1202 476 ἀφθαρσία
1211 459 1219 471 ,
1235 439 1370 475 ὲκρατὴθη
1384 438 1412 464 δὲ
1428 437 1471 464 διὰ
1484 437 1532 473 τὴν
1547 435 1642 472 ἡδονὴν
1656 435 1709 462 ὑπὸ
1723 435 1774 470 τῆς
1789 433 1859 468 φθο-

1066 488 1125 522 ρᾶς,
1148 486 1253 521 ποίημα
1269 485 1319 520 τῆς
1330 484 1481 520 ἀφθαρσίας
1494 483 1541 509 καὶ
1563 483 1655 518 κτῆμα
1672 482 1858 516 ὑπάρχουσαο

1065 532 1109 559 διὰ
1128 531 1207 558 τοῦτο
1223 531 1329 565 ἐγένετο
1356 530 1461 566 φθαρτή
1483 529 1530 555 καὶ
1550 529 1594 561 εἰς
1607 527 1665 563 γῆν
1686 527 1781 562 ἐκλίθη
1797 525 1860 560 χώ-

1063 587 1166 613 ματος.
1181 577 1236 604 Καὶ
1248 577 1310 604 ἐπεὶ
1323 574 1368 604 οὖν
1389 575 1526 611 ἐκρατήθη
1542 574 1595 600 ὑπὸ
1607 574 1656 608 τῆς
1671 573 1786 608 φθορᾶς,
1807 572 1860 598 καὶ

1066 624 1173 659 θανάτῳ
1197 623 1242 650 διὰ
1255 623 1398 660 παρακοὴν
1419 621 1563 657 παρεδόθη,
1587 621 1710 652 είςνῐκος
1738 618 1825 654 αὐτὴν
1844 619 1859 644 ὁ

1065 671 1130 702 Θεὸς
1153 672 1186 706 τῇ
1204 670 1291 706 φθορᾷ
1312 670 1435 705 καθάπερ
1458 667 1638 704 κληρονομίαν
1647 667 1677 693 οὺ
1690 665 1857 693 κατέλιπεν·

1065 717 1134 746 ἀλλὰ
1148 717 1239 749 πάλιν,
1264 717 1308 743 διὰ
1323 717 1372 751 τῆς
1389 715 1561 747 ἀναστάσεως
1584 715 1697 749 νικήσας
1712 713 1759 738 τὸν
1773 712 1859 738 θάνα-

1065 773 1120 796 τον,
1142 764 1283 800 παρέδωκε
1299 764 1332 798 τῇ
1354 762 1509 797 ἀφθαρσίᾳ,
1541 761 1585 788 ἵνα
1607 759 1644 796 μὴ
1659 758 1859 794 κληρονομήσῃ

229 805 316 840 ptioni
330 805 466 836 reddidit,
484 809 514 832 ut
530 813 565 833 ne
589 806 731 841 corruptio
759 806 1010 841 incorruptionem,

1066 812 1083 846 ἡ
1100 809 1187 846 φθορὰ
1207 809 1256 845 τὴν
1278 808 1442 844 ἀφθαρσίαν,
1460 807 1515 834 ἀλλ’
1535 805 1702 842 ήὰφθαρσία
1725 805 1755 831 τὸ
1770 804 1859 839 φθαρ-

229 850 277 877 sed
300 849 385 885 magis
412 850 592 884 incorruptio,
608 851 682 885 quod
706 854 748 878 est
773 852 958 886 corruptibile,
983 853 1011 880 in

229 895 412 923 haereditatem
429 896 573 930 acciperet.
600 896 640 923 Ad
665 897 722 924 haec
750 897 841 933 itaque
866 898 1012 932 respondet

227 939 396 976 Apostolus:
416 941 525 976 Oportet
551 942 620 968 enim
650 942 817 976 corruptibile
843 943 890 970 hoc
905 943 1012 970 induere

227 987 491 1021 incorruptionem,et
502 987 613 1014 mortale
633 987 680 1014 hoc
695 988 801 1015 induere
825 989 1012 1018 immortalita-

229 1037 279 1059 tem
294 1032 327 1059 ".
350 1031 636 1068 Corruptibileautem
655 1038 682 1060 et
694 1035 808 1061 mortale
834 1035 886 1062 hoc
901 1035 1012 1063 induere

226 1079 456 1106 immortalitatem
481 1083 508 1107 et
530 1080 773 1115 incorruptionem,
791 1081 856 1116 quid
874 1082 949 1109 aliud
965 1082 1011 1115 sit,

227 1132 307 1159 quam
323 1124 436 1160 utquod
459 1126 605 1152 seminatur
619 1126 646 1153 in
670 1127 851 1161 corruptione,
870 1132 961 1162 surgat
982 1128 1012 1154 in

225 1172 421 1206 incorruptione
439 1171 461 1187 "
482 1172 547 1206 (non
561 1172 633 1199 enim
653 1173 743 1199 anima
766 1173 952 1207 corruptibilis
971 1177 1013 1201 est

226 1222 273 1245 aut
289 1218 429 1251 mortalis;
448 1218 623 1252 corruptibile
651 1226 716 1246 vero
730 1222 756 1245 et
769 1219 841 1254 quod
855 1219 1010 1254 corrumpi-

226 1268 281 1296 tur,
303 1264 355 1291 ista
369 1272 433 1291 caro
448 1263 521 1299 est)?
537 1268 566 1291 ut
590 1265 657 1290 sicut
682 1265 843 1298 portavimus
872 1265 1011 1299 imaginem

227 1308 332 1341 terreni,
347 1313 478 1343 portemus
488 1313 512 1336 et
523 1309 662 1344 imaginem
677 1309 786 1337 celestis
798 1310 831 1337 ³³.
843 1309 910 1337 Nam
924 1310 1013 1345 imago

225 1355 328 1382 terreni
339 1362 420 1390 quam
434 1355 613 1390 portavimus,
631 1356 698 1383 illud
717 1360 759 1384 est
776 1365 782 1382 :
798 1355 879 1382 Terra
891 1364 928 1388 es,
946 1361 971 1383 et
985 1357 1012 1383 in

227 1404 325 1426 terram
351 1401 485 1427 reverteris
499 1399 532 1427 ⁸³.
547 1400 638 1435 Imago
649 1404 739 1428 autem
763 1401 884 1429 caelestis
911 1405 952 1429 est
968 1409 1012 1429 re-

227 1445 362 1473 surrectio
376 1453 410 1473 ex
419 1446 534 1474 mortuis
547 1450 574 1474 et
584 1447 756 1481 incorruptio
772 1456 778 1473 :
798 1446 834 1473 Ut
848 1447 916 1474 sicut
933 1447 1011 1475 Chri-

1061 857 1117 884 τόν.
1139 855 1365 891 Ἐπαποκρίνεται
1385 853 1450 888 γοῦν
1464 855 1478 880 ὀ
1489 853 1648 884 Ἀπόστολος
1659 861 1665 866 ·
1682 851 1732 878 Δεῖ
1749 851 1803 886 γὰρ
1819 850 1857 876 τὸ

1061 902 1193 938 φθαρτὸν
1217 901 1304 928 τοῦτο
1324 900 1509 928 ἐνδύσασθαι
1532 898 1724 933 ἀφθαρσίαν,
1748 897 1800 924 καὶ
1819 895 1856 923 τὸ

1062 947 1174 982 θνητὸν
1193 946 1280 973 τοῦτο
1292 945 1476 972 ἐνδύσασθαι
1493 944 1671 971 ἀθανασίαν.
1683 942 1806 978 Φθαρτδν
1824 941 1856 968 δὲ

1063 993 1112 1020 atat
1123 993 1220 1028 θνητὸν
1234 991 1391 1027 ἐνδυόμενον
1403 989 1553 1016 ἀθανασίαν
1567 989 1593 1015 τί
1604 989 1667 1015 ἄλλο
1678 989 1710 1014 ἂν
1721 987 1763 1022 εἴη
1775 985 1856 1021 παρὰ

1061 1039 1095 1066 τὸ
1120 1039 1320 1072 σπειρόμενον
1351 1037 1385 1063 ἐν
1404 1035 1500 1071 φθορᾷ
1526 1035 1576 1062 καί
1595 1033 1797 1068 ἀνιστάμενον
1818 1033 1856 1059 ἐν

1062 1084 1212 1119 ἀφθαρσίᾳ
1237 1083 1289 1119 (ὅτι
1313 1083 1352 1118 μὴ
1376 1082 1482 1118 φθαρτή
1503 1082 1576 1107 ἐστιν
1597 1080 1614 1116 ἢ
1632 1079 1716 1115 θνητὴ
1738 1081 1755 1114 ὴ
1777 1079 1855 1115 ψυχὴ

1061 1130 1130 1158 ἀλλὰ
1146 1130 1177 1157 τὸ
1192 1129 1289 1165 θνητὸν
1299 1127 1378 1155 τοῦτο
1391 1128 1439 1154 καὶ
1455 1127 1630 1163 φθειρόμενον
1647 1125 1783 1161 σαρκίον);
1795 1126 1853 1157 ἵνα,

1062 1176 1158 1209 καθὼς
1174 1174 1361 1209 ἐφορέσαμεν
1379 1173 1436 1208 τὴν
1453 1173 1554 1200 εἰκόνα
1569 1172 1621 1199 τοῦ
1635 1171 1749 1206 χοϊκοῦ,
1766 1170 1857 1206 φορέ-

1062 1230 1161 1256 σωμεν
1180 1221 1229 1248 καὶ
1254 1221 1311 1255 τὴν
1333 1220 1435 1247 εἰκόνα
1455 1219 1510 1246 τοῦ
1528 1218 1717 1252 ἐπουρανίου.
1741 1218 1773 1244 Ἠ
1798 1217 1857 1253 γὰρ

1062 1267 1142 1295 εἰκὼν
1156 1267 1204 1294 τοῦ
1215 1266 1307 1303 χοϊκοῦ
1320 1266 1354 1302 ἢν
1376 1266 1557 1302 ἐφορέσαμεν,
1569 1265 1609 1297 τὸ,
1626 1263 1670 1298 Γῆ
1684 1263 1720 1296 εἴ,
1740 1263 1789 1290 καὶ
1807 1264 1858 1297 εἰς

1062 1313 1120 1348 γῆν
1131 1313 1299 1347 ἀπελεύσῃ,
1313 1312 1401 1339 ἐστίν·
1417 1313 1433 1347 ή
1449 1312 1480 1338 δὲ
1498 1310 1579 1338 εἰκὼν
1593 1310 1640 1336 τοῦ
1656 1308 1818 1344 ἐπουρανίου
1835 1308 1856 1345 ἠ

1063 1360 1095 1385 ὲκ
1109 1358 1212 1394 νεκρῶν
1231 1359 1379 1390 ἀνάστασις
1394 1359 1441 1385 καὶ
1458 1359 1474 1393 ή
1490 1357 1642 1392 ἀφθαρσία·
1660 1357 1718 1387 ἵνα,
1738 1356 1857 1388 Ὥσπερ

1062 1404 1170 1440 ἠγέρθη
1182 1406 1199 1432 ό
1211 1405 1339 1439 Χριστὸς
1359 1404 1407 1431 διὰ
1422 1404 1477 1438 τῆς
1486 1403 1579 1438 δόξης
1590 1402 1643 1429 τοῦ
1663 1401 1789 1435 Πατρός,
1802 1401 1857 1428 οῦ-

1064 1459 1118 1482 τως
1135 1451 1183 1477 καί
1196 1450 1281 1485 ἡμεῖς
1295 1451 1330 1477 ἐν
1343 1451 1493 1484 καινότητι
1505 1449 1578 1484 ζωῆς
1595 1448 1856 1483 περιπατήσωμεν.

226 1496 282 1518 stus
298 1493 413 1518 surrexit
425 1500 471 1526 per
482 1492 593 1527 gloriam
610 1492 711 1524 Patris,
728 1492 767 1519 ita
778 1496 803 1520 et
819 1501 866 1528 nos
886 1493 913 1519 in
939 1493 1010 1520 nori-

1064 1494 1096 1520 Εί
1110 1494 1139 1520 δέ
1151 1502 1192 1525 τις
1204 1495 1295 1521 είκόνα
1311 1494 1360 1530 μὲν
1382 1489 1479 1530 ᾖίοῐκὴν
1498 1493 1546 1529 τὴν
1560 1494 1650 1530 σάρκα
1665 1493 1751 1528 αὐτὴν
1770 1492 1857 1519 οἴοιτο

227 1542 281 1564 tate
300 1538 360 1565 uiue
371 1538 534 1566 ambulemus
551 1538 583 1566 ".
599 1537 678 1571 Quod
688 1539 710 1566 si
722 1539 784 1574 quis
798 1542 933 1566 terrenam
943 1539 1011 1565 ima-

225 1584 325 1619 ginem,
358 1591 468 1611 carnem
496 1585 576 1612 istam
603 1584 658 1611 diei
683 1584 838 1617 existimet,
872 1585 1010 1612 cmlestem

225 1636 290 1656 vero
308 1629 463 1664 imaginem,
478 1636 578 1664 corpus
603 1629 676 1656 aliud
704 1629 827 1664 spiritale
843 1634 938 1664 prater
950 1637 1011 1656 car-

226 1682 288 1702 nem
303 1683 310 1707 ;
323 1674 367 1701 hic
390 1674 468 1710 prius
483 1674 594 1710 cogitet,
623 1678 653 1701 ut
677 1674 814 1706 Christus,
831 1667 952 1702 coe‘lestis
967 1674 1011 1702 ille

225 1719 318 1752 homo,
337 1720 459 1747 eamdem
483 1720 667 1748 membrorum
694 1720 819 1752 formam,
835 1721 1011 1755 eamdemque

226 1766 372 1802 imaginem
392 1773 424 1793 ac
435 1774 544 1794 carnem
559 1767 645 1795 nostri
658 1766 774 1794 similem
789 1771 900 1802 gestans
911 1787 918 1799 ,
933 1767 1011 1795 visus

227 1812 279 1846 sit;
297 1817 409 1848 propter
438 1821 519 1848 quam
546 1813 639 1846 etiam,
662 1814 720 1848 ipse
736 1821 789 1841 non
809 1813 901 1846 homo,
930 1814 1012 1841 homo

226 1858 316 1886 factus
327 1858 379 1885 sit:
394 1862 423 1885 ut
437 1859 504 1885 sicut
530 1859 556 1885 in
584 1858 671 1885 Adam
688 1867 776 1886 omnes
797 1860 957 1892 moriuntur,
973 1860 1013 1886 ita

225 1907 250 1930 et
265 1903 293 1930 in
319 1902 425 1930 Christo
441 1911 528 1931 omnes
545 1903 707 1938 viviﬁcentur
723 1904 755 1930 ³⁸.
772 1903 832 1932 Non
848 1905 922 1932 enim
949 1904 1012 1932 ideo

227 1956 335 1976 carnem
352 1949 467 1984 portavit
482 1954 510 1977 et
524 1949 622 1983 induit,
633 1954 662 1977 ut
673 1958 728 1977 non
740 1950 869 1978 liberaret
895 1954 922 1978 et
937 1958 1013 1978 resu-

225 1995 338 2022 scitarct
349 2002 468 2022 carnem.
480 1994 546 2022 Nam
557 1995 622 2030 quid
633 1995 735 2023 frustra
750 2003 860 2023 carnem
870 1995 1010 2028 induebat,

225 2049 306 2076 quam
323 2050 371 2068 nec
383 2042 485 2069 salvam
502 2042 590 2070 facere
605 2042 747 2070 statuisset
759 2050 809 2070 nec
826 2043 1012 2071 resuscitare?

225 2087 261 2113 At
276 2087 343 2113 nihil
356 2087 401 2114 Dei
415 2087 500 2115 Filius
514 2088 617 2116 frustra
640 2089 716 2117 facit.
740 2089 800 2117 Non
813 2096 879 2124 ergo
893 2089 1011 2117 inaniter

226 2133 355 2168 nullaque
371 2134 486 2161 utilitate
505 2135 576 2162 servi
589 2135 703 2162 formam
726 2137 887 2171 assumpsit,
912 2136 960 2164 sed
982 2140 1010 2163 ut

225 2179 425 2207 resurrectione
433 2179 547 2208 donaret
561 2188 594 2208 ac
608 2182 699 2210 salvos
711 2181 822 2209 faceret.
840 2181 909 2209 Vere
923 2182 1010 2217 siqui-

224 2224 285 2252 dem
295 2224 375 2252 homo
388 2225 476 2253 factus
501 2230 528 2254 et
556 2231 680 2255 mortuus
699 2231 759 2261 est,
780 2236 834 2255 non
852 2227 1010 2262 apparentia

224 2271 354 2306 inanique
382 2272 484 2307 specie,
515 2272 563 2300 sed
587 2277 618 2300 ut
642 2274 774 2305 veritate,
804 2274 1008 2309 primogenitum

223 2323 390 2345 mortuorum
406 2318 439 2351 ³⁷,
466 2323 574 2346 terreno
588 2319 698 2347 homine
718 2319 745 2347 in
766 2320 916 2353 ctelestem,
934 2328 1008 2348 mor-

224 2364 327 2400 talique
344 2365 371 2391 in
383 2365 562 2393 immortalem
572 2370 687 2398 mutato,
701 2374 761 2393 sese
772 2366 922 2393 exhiberet.
937 2365 1006 2393 Cum

223 2419 288 2446 ergo
306 2411 343 2437 ait
355 2410 456 2438 Paulus
470 2411 509 2439 ³⁸ε
529 2411 599 2440 Caro
613 2416 638 2438 et
654 2412 761 2447 sanguis
774 2419 879 2446 regnum
894 2410 943 2437 Dei
954 2419 1006 2438 non

222 2461 333 2491 possunt
345 2457 488 2492 possidere,
505 2458 646 2485 non.velut
658 2457 750 2484 carnis
773 2457 1007 2491 regenerationem

225 2505 305 2537 neget
320 2502 357 2529 ita
370 2502 458 2534 eﬂ'ert,
471 2502 518 2530 sed
530 2510 584 2537 quo
600 2502 708 2534 doceat,
724 2509 779 2529 non
802 2509 882 2536 posse
894 2509 1007 2537 regnum

225 2547 284 2579 Dei,
297 2548 370 2582 quod
386 2548 421 2576 sit
430 2549 485 2576 vita
501 2552 613 2581 :eterna,
635 2547 768 2583 possideri
783 2555 799 2574 a
813 2555 928 2582 corpore
940 2567 947 2580 ,
960 2547 1009 2575 sed

225 2599 349 2628 corpusa
360 2594 424 2620 vita.
439 2593 468 2621 Si
485 2594 557 2621 enim
581 2601 694 2629 regnum
710 2593 768 2625 Dei,
782 2601 844 2620 cum
859 2593 895 2621 sit
910 2593 977 2625 vita,
992 2600 1008 2620 a

225 2645 341 2674 corpore
367 2639 570 2674 possideretur,
594 2639 717 2667 eveniret
734 2639 817 2667 vitam
837 2639 976 2667 absorberi
992 2646 1008 2666 a

1061 1538 1197 1573 λέγεσθαι,
1213 1539 1304 1566 εἰκόνα
1314 1540 1342 1566 δὲ
1358 1540 1519 1576 ἐπουράνιον
1532 1539 1596 1566 ἄλλο
1609 1539 1684 1574 παρὰ
1695 1538 1744 1573 τὴν
1762 1538 1858 1574 σάρκα

1061 1584 1141 1621 σῶμα
1157 1586 1339 1621 πνευματικόν
1349 1595 1355 1601 ·
1371 1585 1549 1621 ἐνθυμηθήτω
1569 1585 1600 1620 δὴ
1616 1582 1693 1616 οὗτος
1708 1584 1855 1620 πρότερον,

1061 1631 1101 1658 ὃτι
1132 1632 1257 1668 Χριστὸς,
1274 1633 1288 1659 ὁ
1310 1633 1434 1667 οὐράνιος
1455 1631 1607 1668 ἄνθρωπος,
1626 1632 1656 1658 τὺ
1671 1631 1738 1657 αὐτὸ
1755 1631 1854 1666 σχῆμα

1060 1677 1115 1704 τῶν
1136 1677 1234 1712 μελῶν,
1265 1679 1313 1705 καὶ
1344 1679 1436 1705 εἰκόνα
1449 1678 1496 1704 καὶ
1523 1678 1611 1713 σάρκα
1638 1677 1688 1713 τὴν
1712 1677 1797 1711 αὐτὴν
1818 1676 1855 1711 τῇ

1062 1722 1184 1758 ἡμετέρᾳ
1203 1722 1320 1758 φορέσας
1349 1723 1435 1758 ἐφάνη
1448 1730 1454 1737 ·
1472 1722 1505 1748 δι’
1521 1722 1554 1757 ἢν
1571 1722 1628 1753 καὶ,
1642 1720 1786 1756 ἄνθρωπος
1802 1719 1857 1746 οὐκ

1061 1768 1110 1801 ὢν,
1125 1769 1268 1804 ἄνθρωπος
1284 1769 1408 1803 ἐγένετοσ
1429 1769 1483 1799 ἵνα,
1500 1767 1631 1801 καθάπερ
1650 1767 1685 1793 ἐν
1699 1766 1738 1799 τῷ
1759 1766 1857 1800 ’Λδὰμ

1062 1815 1172 1848 πάντες
1185 1815 1443 1850 ἀποθνήσκουσιν,
1459 1815 1551 1847 οὕτως
1565 1813 1614 1840 καὶ
1629 1813 1664 1839 ὲν
1679 1813 1719 1845 τῷ
1733 1811 1856 1846 Χριστῷ

1062 1861 1173 1893 πάντες
1188 1859 1470 1894 ζωοποιηθήσωνται.
1485 1861 1516 1886 Εἰ
1534 1860 1587 1895 γὰρ
1597 1880 1604 1892 ,
1620 1858 1663 1885 διὰ.
1677 1859 1707 1885 τὺ
1722 1858 1758 1893 μὴ
1776 1857 1858 1884 ἐλευ-

1062 1907 1181 1943 θερῶσαι
1194 1907 1243 1942 τὴν
1257 1907 1344 1942 σάρκα
1357 1907 1404 1933 καὶ
1420 1906 1581 1942 ἀναστῆσαι,
1601 1905 1689 1942 σάρκα
1708 1905 1823 1940 ὲφόρεσε
1831 1913 1853 1937 ι,

1061 1953 1088 1979 τί
1101 1954 1147 1980 καὶ
1162 1952 1298 1989 περισσῶς
1314 1953 1402 1988 σάρκα
1424 1953 1527 1988 ἐφόρει,
1543 1953 1576 1987 ἢν
1591 1951 1652 1978 οὕτε
1676 1950 1771 1981 σῶσαι,
1790 1950 1857 1977 οΰτε

1063 1999 1214 2034 ἀναστῆσαι
1241 1999 1399 2034 προῄρητο;
1419 1998 1488 2025 Ἀλλ’
1507 1998 1583 2025 οὐδὲν
1605 1997 1742 2034 περισσῶς
1757 1999 1856 2024 ποιεῖὸ

1063 2043 1128 2075 Υἱὸς
1140 2043 1188 2070 τοῦ
1201 2043 1279 2070 Θεοῦ.
1302 2043 1359 2069 Οὺκ
1379 2044 1432 2078 ἄρα
1447 2043 1591 2077 ἀνωφελῶς
1612 2042 1660 2078 τὴν
1682 2042 1790 2077 μορφὴν
1804 2041 1855 2068 τοῦ

1062 2089 1156 2115 δούλου
1164 2089 1304 2121 ἀνέλαϐεν,
1324 2088 1391 2115 ἀλλὰ
1401 2088 1467 2124 πρὸς
1480 2089 1510 2114 τὸ
1526 2088 1676 2122 ἀναστῆσαι
1694 2088 1739 2113 καὶ
1754 2087 1854 2114 σῶσαι.

1070 2135 1187 2170 ’Δληθῶς
1203 2135 1257 2170 γὰρ
1276 2133 1416 2170 ἄνθρωπος
1429 2134 1535 2168 ἐγένετο
1550 2134 1595 2160 καὶ
1608 2132 1737 2165 ἀπέθανε,
1762 2133 1811 2158 καὶ
1822 2133 1855 2159 οὗ

1061 2181 1101 2217 τῷ
1126 2182 1223 2212 δοκεῖν,
1249 2181 1306 2207 ἀλλ’
1330 2181 1373 2208 Eva.
1392 2180 1499 2216 ἀληθῶς
1517 2180 1701 2214 πρωτότοκος
1726 2180 1853 2215 ἀναφανῇ

1063 2227 1122 2253 τῶν
1133 2226 1256 2260 νεκρῶν,
1273 2226 1318 2253 τὸν
1332 2226 1422 2261 χοῖκὸν
1433 2225 1590 2261 μεταϐαλὼν
1605 2226 1644 2256 είς
1657 2225 1793 2260 οὐράνιον,
1806 2225 1855 2250 καὶ

1062 2273 1108 2298 τὸν
1124 2271 1219 2307 θνητὸν
1240 2273 1279 2304 εἰς
1295 2271 1437 2299 ἀθάνατον.
1461 2271 1574 2297 Ὀπόταν
1589 2268 1634 2297 οὖν
1648 2269 1747 2304 σάρκα
1758 2271 1772 2296 ὁ
1783 2269 1855 2296 Παῦ-

1062 2320 1108 2349 λος
1130 2318 1178 2344 καὶ
1194 2315 1266 2352 αἷμα
1280 2317 1444 2349 ,βασιλείαν
1467 2316 1540 2343 Θεοῦ
1563 2315 1789 2350 κληρονομῆσαι
1807 2314 1853 2350 μὴ

1061 2365 1208 2392 δύνασθαι
1237 2364 1302 2399 λέγῃ
1313 2383 1320 2395 ,
1334 2363 1383 2398 οὺχ
1407 2363 1444 2394 ὼς
1459 2363 1491 2389 ἐκ
1507 2362 1612 2398 φαύλης
1633 2362 1670 2397 (5)
1687 2362 1737 2397 τῆς
1751 2362 1855 2397 σαρκὸς

1060 2411 1109 2447 τὴν
1125 2409 1333 2444 παλιγγενεσίαν
1349 2408 1537 2443 ἀποφαίνεται,
1553 2407 1609 2434 ἀλλ’
1624 2408 1661 2439 ὡς
1673 2407 1806 2434 διδάσκων
1821 2408 1853 2433 οὺ

1062 2455 1286 2492 κληρονομεῖσθαι
1299 2454 1434 2490 βασιλείαν
1449 2454 1528 2485 Θεοῦ,
1552 2453 1659 2480 αἰώνιον
1676 2453 1853 2488 ὑπάρχουσαν

1062 2503 1144 2538 ζωὴν,
1175 2502 1227 2529 ὑπὸ
1253 2501 1300 2528 τοῦ
1327 2501 1460 2536 σώματος,
1481 2499 1549 2527 ἀλλὰ
1572 2500 1602 2525 τὸ
1629 2499 1709 2534 σῶμα
1731 2499 1785 2525 ὑπὸ
1802 2499 1853 2534 τῆς

1062 2547 1145 2583 ζωῆς.
1168 2547 1200 2573 Εἰ
1221 2546 1275 2582 γὰρ
1299 2546 1506 2581 ὲκληρονομεῖτο
1535 2546 1551 2580 ἡ
1574 2544 1694 2580 βασιλεία
1715 2543 1763 2570 τοῦ
1784 2542 1851 2570 Θεοῦ

1062 2594 1114 2620 ὑπὸ
1137 2592 1185 2620 τοῦ
1207 2592 1341 2628 σώματος,
1362 2591 1418 2627 ζωὴ
1442 2592 1612 2627 ὑπάρχουσα,
1640 2590 1796 2617 συνέϐαινεν
1817 2590 1852 2617 ἂν

1061 2640 1109 2675 τὴν
1126 2640 1197 2674 ζωὴν
1221 2639 1273 2665 ὑπὸ
1302 2639 1352 2673 τῆς
1369 2638 1471 2674 φθορᾶς
1485 2637 1690 2664 καταπίνεσθαι.
1711 2635 1769 2663 Νῦν
1782 2635 1853 2663 δὲτὸ

264 2710 287 2726 ’θ
299 2709 397 2738 lerem.
416 2719 476 2743 Vlll,
497 2712 523 2739 4.
559 2712 580 2728 ³ο
597 2711 668 2739 Dan.
680 2711 769 2744 xt|,2.
808 2711 829 2727 ³¹
845 2711 854 2738 l
870 2712 932 2739 Cor.
963 2719 1008 2743 ιν,

1065 2731 1072 2738 .
1109 2712 1130 2727 ⁸¹
1150 2711 1214 2738 ibid.
1235 2711 1280 2738 42.
1320 2709 1366 2736 ³³1
1390 2710 1452 2737 Cur.
1468 2718 1511 2742 xv,
1539 2710 1584 2737 49.
1621 2709 1643 2725 ³⁸
1660 2708 1725 2736 Gen.
1743 2716 1787 2742 In,
1806 2709 1850 2737 19.

229 2743 252 2760 ³⁸
269 2744 343 2772 Rom.
363 2753 401 2777 vt,
418 2746 446 2772 Δ.
483 2746 599 2774 “lCor.
615 2755 661 2780 xv,
678 2743 728 2775 22.7
763 2747 784 2763 ³⁷
800 2748 877 2782 Apoc.
897 2756 915 2780 ι,
929 2746 955 2775 5.

267 2814 316 2849 (ι’)
336 2815 450 2850 Ἐπειδὴ
463 2818 526 2851 μεθ.
544 2817 581 2843 Ex
593 2818 641 2844 eod
666 2817 757 2853 Rupit.

1004 2745 1048 2773 "l
1063 2746 1126 2775 Cor.
1139 2755 1185 2779 xv,
1202 2747 1246 2774 50.

1098 2815 1136 2852 (5)
1158 2816 1208 2844 Ἐκ
1218 2816 1345 2851 φαύλης.
1365 2814 1452 2842 Scrib.
1471 2813 1640 2848 ἐκφαυλίζων
1655 2821 1689 2841 ex
1698 2812 1854 2842 Photianis.
