1920 3070
60 95 116 123 235

604 94 651 124 ΒΧ
669 94 772 123 LIBRO
791 95 836 122 DE
855 94 1170 124 RESURRECTIONE."

63 154 184 189 θιῆσκον
194 153 214 188 ἠ
228 152 287 189 ζωὴ
302 152 490 190 κληρονομεῖ*
505 153 548 181 ἵνα
563 154 607 187 εἰς
620 154 704 188 νῖκος
718 156 734 182 ὁ
744 154 870 187 θάνατος

923 153 1104 189 corruptione.
1117 152 1195 180 Nunc
1209 159 1274 180 vero
1299 151 1356 180 vita
1370 155 1506 180 mortuum
1520 152 1652 188 possidet,
1671 157 1702 179 ut

65 197 224 232 θαι-τωτοθῇ
232 199 294 224 ὑπὸ
305 198 365 232 τῆς
378 198 463 234 ζωῆς,
480 199 566 227 καὶτὸ
575 199 693 235 φθαρτὸν
706 200 756 235 τῆς
767 199 871 236 ἀφθαρ-

68 246 130 277 σίας
145 245 241 280 κτῆμα
255 245 305 271 καὶ
318 245 372 280 τῆς
387 245 535 277 ἀθανασίας
549 247 630 282 φανῇ,
644 245 743 280 ἄφετον
758 246 808 281 μὲν
823 246 870 272 καὶ

69 290 218 325 ἐλεύθερον
244 288 366 316 θανάτου
391 290 534 325 γενόμενον
549 289 596 316 καὶ
613 289 758 325 ἁμαρτίας,
779 289 870 316 δοῦλον

70 335 161 363 δὲκαὶ
189 336 316 371 ὑπήκοον
352 335 517 368 ἀθανασίας·
546 337 620 368 ὅπως
639 336 688 371 τῆς
719 335 870 372 ἀφθαρσίας

72 384 114 418 εἴη
125 382 158 408 τὺ
168 381 253 417 σῶμα
267 382 374 417 κτῆμα,
393 383 441 409 καὶ
453 382 490 418 μὴ
499 381 544 408 τοῦ
557 381 680 417 σώματος
692 383 709 418 ὴ
721 381 868 418 άφθαρσία.

107 481 162 506 1Δ’.
177 479 212 506 Εἰ
225 480 258 505 ὲκ
266 479 397 515 τοιαύτης
412 478 449 515 (6)
465 478 592 512 σταγόνος
610 479 737 514 βραχείας
751 480 798 506 καὶ
819 489 871 515 μη-

71 525 149 552 δέπω
173 524 262 559 οὔσης
287 525 317 551 τδ
345 524 465 556 σύνολον,
493 524 560 559 μηδὲ
575 524 604 550 ὲν
623 525 741 560 ὑγρασία
759 525 869 562 τοιαύτῃ

72 573 121 598 καὶ
133 572 240 606 συνοχῇ
255 571 302 597 καὶ
317 570 428 605 πυγμῷ,
444 571 476 596 ὲκ
485 569 531 596 τοῦ
549 569 660 605 μηδενὸς
670 569 811 606 ἄνθρωπος
825 571 869 605 γί-

72 624 162 649 νεται,
185 616 247 647 πῶς
261 616 321 650 οὐχὶ
341 615 440 651 μᾶλλον
453 615 484 641 ἐκ
498 614 544 640 τοῦ
570 614 621 649 ἤδη
639 615 809 650 ὑπάρξαντος
823 616 870 642 ἁν-

73 663 192 699 ορὼπου
210 661 354 697 ἄνθρωπος
375 661 451 687 ἔσται
466 658 541 692 αὖθις
553 661 568 687 ὁ
584 660 740 696 ἄνθρωπος
759 662 796 688 Οὐ
816 661 870 697 γὰρ

73 708 148 735 οὕτω
164 707 206 743 (7)
225 706 295 743 μετὰ
302 707 331 733 τὸ
341 707 391 742 ἥδη
404 706 584 741 γεγενημένον
594 706 640 732 καὶ
655 706 778 733 διαλυθὲν
790 707 869 743 ποιῆ-

76 761 121 780 σαι
134 753 232 783 πάλιν,
248 752 285 784 ὡς
303 751 414 788 μηδέπω
437 751 617 786 γεγενημένον
635 751 666 777 ὲκ
678 750 725 777 τοῦ
742 751 779 787 μὴ
794 751 870 784 ὄντος

75 799 298 826 κατασκευάσαι.
329 799 391 826 Ἐὰν
409 798 455 827 οὖν
469 801 640 837 ἐθελήσωμεν
663 801 747 834 δεῖξαι
760 801 808 837 τὴν
824 810 870 836 γο-

75 846 124 881 νὴν
140 846 194 881 τὴν
208 845 264 872 ἀπὸ
275 845 322 872 τοῦ
335 845 447 882 ἄρρενος
460 847 687 884 ἀποκρινομένην,
702 848 868 884 παραγάγω-

79 899 129 925 μεν
145 890 190 923 δὲ,
201 890 268 917 αὐτὸ
278 890 337 917 καθ’
355 891 445 923 ἑαυτὸ,
457 893 503 918 καὶ
518 891 678 928 τεθνηκότος
691 893 782 929 σῶμα·
795 895 870 920 ποῖον

78 937 276 963 πιστεύσουσιν
290 938 357 972 ἡμῖν
384 937 409 964 οἱ
429 937 534 974 θεωροὶ,
550 940 590 970 εἰς
602 939 632 965 τὸ
648 940 762 975 φανερὸν
777 939 870 966 ἑκατέ-

80 991 135 1018 ρων
151 983 301 1018 κειμένων,
321 983 429 1010 ἔσεσθαι
442 984 603 1020 ἄνθρωπονς
619 983 673 1021 ἆρα
687 986 737 1022 τὴν
754 987 871 1021 σταγόνα

80 1028 190 1062 ἐκείνην
207 1029 257 1064 τὴν
271 1029 339 1061 ὅλως
347 1030 422 1056 οὐδὲν
436 1030 620 1066 ὑπάρχουσαν,
633 1031 703 1067 ῆτὸν
716 1033 765 1068 ἠδη
778 1033 871 1068 σχῆμα

81 1075 127 1100 καὶ
155 1074 272 1109 μέγεθος
298 1076 346 1102 καὶ
372 1076 520 1103 ὑπόστασιν
544 1076 653 1112 ἔχοντα;
676 1078 707 1104 Et
719 1078 772 1114 γὰρ
785 1079 871 1106 ἐκεῖνο

80 1119 110 1145 τὺ
135 1119 206 1152 ὅλως
225 1120 311 1153 οὐδὲν,
345 1121 424 1156 μόνον
447 1122 622 1158 ἐθελήσαντος
648 1123 725 1155 Θεοῦ,
745 1124 825 1151 πάλιν
842 1125 871 1152 τὸ

82 1164 147 1190 αὐτὸ
161 1164 305 1200 ἄνθρωπος
325 1165 439 1200 γίνεται,
457 1167 547 1202 πολλῷ
562 1167 660 1202 μᾶλλον
674 1167 703 1193 τὸ
719 1168 769 1203 ἤδη
783 1169 872 1204 ὑπάρ-

82 1219 127 1244 χον
145 1211 194 1237 καὶ
215 1211 438 1246 τετελειωμένον,
461 1212 637 1248 ἐθελήσαντος
655 1213 702 1240 τοῦ
733 1213 811 1246 Θεοῦ,
841 1214 872 1241 τὸ

83 1256 148 1282 αὐτὸ
175 1257 258 1282 πάλιν
279 1257 420 1293 ἄνθρωπος
434 1258 561 1293 γενέσθαι
579 1258 627 1294 (8).
651 1260 727 1286 Ἐπεὶ
739 1260 766 1286 τί
781 1260 872 1295 βουλό-

85 1311 164 1336 μενος
176 1302 215 1337 (9)
232 1303 246 1328 ὁ
258 1302 379 1337 θεολόγος
390 1304 520 1340 Μωῦσῆς,
535 1304 582 1340 τὴν
593 1305 662 1332 κατὰ
677 1305 725 1341 τὴν
739 1314 873 1342 σκηνοπη-

84 1348 145 1381 γίαν
162 1347 259 1383 ἑορτὴν
280 1349 309 1375 ἐν
331 1349 369 1384 τῷ
382 1349 515 1385 Λευῖτικῷ
540 1350 677 1385 μυστικῶς
692 1352 871 1386 εἰσηγήσατο;

84 1391 156 1429 ’Δρα
165 1393 221 1430 γὰρ
238 1394 281 1421 ἵνα
304 1394 390 1427 οὕτως
412 1395 585 1431 ἑορτάσωμεν
603 1396 641 1431 τῷ
658 1396 728 1432 Θεῷ,
747 1396 872 1432 καθάπερ

86 1439 245 1475 ἐξηγοῦνται
261 1440 429 1475 χυδαιότερον
441 1442 465 1467 οἱ
473 1441 595 1468 Ἰουδαῖοι
609 1441 731 1474 νοοῦντες
743 1442 791 1475 τὰς
805 1443 873 1478 Γρα-

920 207 991 226 mort
1001 199 1029 226 in
1047 198 1183 226 victoriam
1199 197 1371 225 absorbeatur
1384 207 1400 225 α
1411 198 1465 225 vita
1491 198 1533 225 ":
1552 201 1635 233 utque
1650 198 1701 225 ob-

919 245 1032 272 noxium
1054 243 1121 271 illud
1135 243 1315 279 Corruptioni,
1331 243 1545 279 incorruptionis
1559 244 1700 271 immorta-

919 289 1060 325 litatisque
1082 289 1220 325 possessio
1246 289 1310 316 ttat:
1326 288 1501 323 solutumque
1516 292 1543 315 et
1556 288 1670 316 liberum
1684 295 1701 315 a

919 340 1007 364 morte
1021 339 1049 363 et
1062 337 1191 371 peccato‘,
1207 334 1404 362 immortalitati
1424 341 1533 361 servum
1549 334 1700 362 subditum-

920 391 973 418 que
982 382 1134 410 concedat:
1154 385 1185 408 ut
1207 381 1244 409 sit
1267 388 1384 416 corpus,
1404 380 1616 415 incorruptionis
1638 387 1701 415 pos-

920 429 1007 457 sessio
1019 437 1027 462 ;
1044 436 1098 455 non
1111 427 1293 462 incorruptio,
1310 426 1442 461 corporis.

954 484 1024 512 XIV.
1049 484 1118 512 Cum
1129 491 1162 511 ex
1182 488 1237 510 tam
1264 482 1371 509 modica
1397 481 1500 510 stillula
1531 488 1563 509 ac
1585 481 1701 508 necdum

920 538 1033 567 prorsus
1045 531 1205 561 cxsistente,
1217 536 1252 556 ne
1262 528 1372 564 quidem
1392 528 1419 554 in
1435 527 1568 562 ejusmodi
1578 527 1700 559 humido,

920 577 1150 612 arctitudineque,
1175 583 1207 602 ac
1229 575 1362 610 parvitate
1389 574 1462 610 (l0);
1479 574 1594 609 denique
1615 581 1648 601 ex
1660 574 1702 601 ni-

920 623 986 654 hilo,
1005 623 1086 650 homo
1098 621 1145 649 ﬁat
1157 630 1164 648 :
1178 621 1225 656 qui
1240 628 1293 648 non
1309 620 1400 655 potius
1414 627 1447 647 ex
1458 619 1568 647 homine
1579 619 1624 654 qui
1640 618 1701 650 fuit,

920 667 1002 695 t‘uerit
1015 675 1113 695 rursus
1139 667 1339 694 resurrectione
1366 665 1468 692 homo?
1490 664 1578 692 Minus
1604 664 1703 699 quippe

920 713 1027 740 videtur
1040 711 1158 744 dilﬁcile,
1173 716 1204 738 ut
1217 711 1290 746 quod
1307 710 1359 738 fuit
1373 713 1399 738 et
1417 714 1459 738 est
1470 709 1643 741 dissolutum,
1656 709 1703 737 de-

920 766 975 786 nuo
991 762 1172 793 componatur
1180 760 1207 784 et
1222 761 1378 791 reparatum
1403 755 1449 782 tlat
1461 775 1468 787 ,
1484 763 1565 790 quam
1587 759 1615 782 ut
1629 753 1703 790 quod

922 804 1042 832 nondum
1055 804 1116 836 fuit,
1126 811 1158 830 ex
1167 803 1252 830 nihilo
1261 802 1382 837 prodeat.
1396 800 1495 835 Quare,
1505 801 1528 828 si
1543 801 1644 832 lubeat,
1658 807 1705 827 ex-

921 854 1024 878 cretam
1039 857 1055 876 a
1071 849 1193 876 masculo
1210 847 1343 880 feturam;
1371 847 1458 882 ipsam
1478 846 1605 873 nimirum
1627 853 1703 874 seor-

920 896 989 923 sim:
1005 895 1180 929 deiunctique
1189 894 1315 925 cadaver,
1334 892 1495 920 inmedium
1507 892 1701 927 producamus.

921 941 989 969 Tum
1000 949 1076 976 rogo,
1097 940 1229 968 ambobus
1244 940 1333 975 palam
1349 939 1482 974 expositis
1490 939 1702 973 propositisque,

921 987 1057 1022 quodnam
1069 989 1238 1021 spectatores
1250 984 1387 1012 hominem
1399 984 1456 1011 fore
1472 984 1603 1012 credituri
1619 987 1683 1012 sunt
1691 983 1706 1012 Υ

920 1039 985 1059 num
1016 1031 1146 1058 stillulam
1169 1031 1260 1064 illam,
1286 1038 1346 1066 quae
1373 1030 1440 1057 nihil
1460 1037 1573 1065 prorsus
1590 1030 1642 1057 sit?
1667 1037 1703 1057 an

920 1080 1058 1104 mortuum
1074 1076 1160 1111 ﬁgura
1174 1075 1229 1110 jam
1246 1075 1372 1110 moleque
1387 1079 1414 1102 et
1438 1075 1590 1102 substantia
1604 1074 1704 1111 pradi-

920 1123 1000 1150 tum‘!
1016 1122 1044 1150 Si
1061 1123 1133 1150 enim
1147 1122 1214 1150 illud
1228 1121 1301 1158 quod
1318 1122 1397 1157 plane
1420 1121 1489 1148 nihil
1500 1121 1632 1154 videatur,
1649 1121 1704 1149 Deo

921 1172 1026 1196 tantum
1048 1169 1156 1196 volente
1177 1168 1266 1203 ipsum
1291 1167 1390 1194 iterum
1416 1167 1498 1194 homo
1519 1171 1701 1202 procreatur:

921 1215 1098 1250 potiorijure.
1112 1214 1186 1249 quod
1209 1218 1251 1241 est
1276 1213 1332 1248 jam
1361 1217 1387 1241 et
1407 1213 1458 1240 fuit
1474 1218 1703 1245 consummatum,

922 1261 1068 1288 accedente
1087 1261 1178 1288 divina
1192 1259 1342 1291 voluntate,
1369 1259 1396 1286 id
1414 1259 1501 1294 ipsum
1520 1259 1608 1286 denuo
1624 1258 1706 1286 homo

922 1305 977 1332 ﬁet.
1008 1304 1074 1332 Nam
1110 1305 1236 1339 alioqui,
1268 1304 1333 1340 quid
1361 1304 1455 1331 volens
1489 1303 1630 1339 theologus
1660 1302 1706 1331 illo

922 1352 1039 1388 Moyses,
1058 1351 1157 1380 festum
1172 1350 1412 1378 tabernaculorum
1442 1350 1601 1385 spiritaliter
1620 1348 1706 1377 edixit

923 1399 1066 1433 sanxitque
1087 1397 1292 1429 celebrandum,
1308 1397 1336 1424 in
1348 1396 1469 1424 Levitico
1483 1396 1523 1423 ⁵⁸⁸2
1540 1395 1608 1423 Num
1633 1396 1704 1423 enim

922 1451 953 1474 ut
966 1447 1003 1474 ita
1017 1446 1101 1474 Deum
1118 1445 1186 1474 festo
1203 1446 1325 1473 colamus
1342 1465 1349 1477 ,
1367 1443 1595 1480 quemadmodum
1619 1442 1705 1470 Judmi

87 1486 154 1519 (pag;
171 1485 210 1516 ὡς
226 1486 273 1512 τοῦ
288 1486 354 1512 Θεοῦ
368 1488 479 1522 σκηναῖς
493 1487 629 1519 τοιαύταις
642 1489 674 1514 ἐκ
689 1488 814 1524 καρπῶν,
827 1489 872 1515 καὶ

923 1493 1005 1521 vilius
1021 1492 1214 1527 vulgariusquc
1238 1491 1396 1526 Scripturas
1411 1491 1590 1525 intelligentes
1603 1509 1610 1522 ,
1627 1496 1708 1524 expo-

88 1530 189 1557 κλάδων
202 1531 249 1557 καὶ
258 1530 363 1566 φύλλων
376 1533 640 1568 κατεσκευασμέναις
653 1533 873 1569 ἀρεσκομένου,ἃ

51 1597 56 1602 .
89 1575 185 1608 εὐθέως
209 1577 385 1612 μαραίνονται
404 1577 452 1614 τὴν
476 1578 556 1614 χλόην
579 1579 786 1614 ἀποσυλώμενα.
817 1579 873 1606 Οὐκ

89 1622 158 1649 ἔστιν
170 1623 268 1649 εἰπεῖν.
278 1623 356 1654 Τίνος
369 1624 443 1660 μὲνὴ
459 1624 643 1659 Σκηνοπηγία,
654 1625 776 1660 φράσατε
785 1634 792 1658 ;
801 1626 874 1661 εἰσή-

89 1668 136 1704 χθη
163 1669 277 1704 μήνυμα
295 1669 345 1704 τῆς
361 1669 489 1704 ἀληθινῆς
504 1670 582 1705 ἡμῶν
596 1670 697 1705 ταύτης
716 1671 827 1706 σκηνῆς,
840 1671 874 1706 ἢν

90 1713 293 1740 καταπεσοῦσαν
324 1715 364 1745 είς
388 1714 489 1751 φθορὰν
512 1715 555 1742 διὰ
577 1715 626 1750 τὴν
647 1715 812 1751 παράϐασιν,
827 1716 874 1743 καὶ

91 1760 237 1796 λελυμένην
251 1762 285 1796 τῇ
294 1761 426 1797 ἁμαρτίᾳ,
438 1760 515 1793 αὖθις
526 1762 707 1798 συμπήξασαν
723 1762 873 1799 ἀνώλεθρον

90 1806 250 1841 ἀναστήσειν
262 1807 349 1838 ὁΘεὺς
362 1808 548 1843 ἀπηγγείλατο
599 1808 659 1843 ἐπ-)
670 1817 676 1823 ·
693 1808 765 1840 ὅπως
782 1809 875 1844 ἑορτά-

92 1858 179 1885 σωμεν
197 1850 274 1886 αὐτῷ
294 1851 456 1887 άληθῶς-τὴν
476 1852 595 1888 μεγάλην
607 1852 702 1888 ἑορτὴν
723 1853 769 1879 καὶ
792 1853 873 1880 πολυ-

91 1896 235 1932 Θρύλλητον
259 1897 309 1931 τῆς
329 1897 516 1932 Σκηνοπ-ηγίας
528 1899 557 1924 ἐν
570 1899 602 1933 τῇ
619 1898 779 1924 ἀναστάσει·
794 1899 874 1926 ὁπότε

92 1942 307 1978 συμπηγνύμενα
330 1943 408 1978 ἡμῶν
422 1944 460 1975 είς
480 1943 684 1980 κατακόσμησιν
700 1944 751 1980 τῆς
771 1944 873 1971 ἀθανα-

92 1988 147 2019 σίας
176 1989 225 2015 καὶ
244 1989 402 2024 συμφωνίας
421 1988 455 2015 τὰ
483 1989 660 2025 σκηνώματα,
689 1991 721 2017 ὲκ
743 1990 791 2016 τοῦ
814 1991 875 2026 χοὸς

91 2033 213 2070 ἄφθαρτα
238 2035 409 2062 ἀνίστανται·
427 2036 508 2062 ὁπότε
539 2035 682 2062 ὰκοὺσουσι
702 2036 737 2062 τὰ
757 2036 823 2063 ὀστᾶ
841 2037 876 2063 τὰ

93 2080 158 2116 ξηρὰ
172 2081 245 2108 κατὰ
261 2081 309 2117 τὴν
329 2082 529 2118 άψευδεστάτην
543 2082 721 2117 προφητείαν,
743 2082 876 2117 προσαγό-

95 2136 158 2162 μενα
170 2127 239 2162 πρὸς
249 2127 298 2158 τὰς
318 2128 448 2163 ἁρμονίας
464 2127 563 2161 αὐτῶν,
576 2127 628 2154 ὑπὸ
639 2127 686 2154 τοῦ
702 2127 875 2159 ζωοπλάστου

924 1539 1016 1567 nunt?
1040 1539 1114 1566 velut
1139 1538 1268 1565 nimirum
1294 1537 1349 1565 Deo
1366 1538 1490 1572 placeant
1511 1535 1644 1570 ejusmodi
1672 1542 1706 1564 ex

924 1585 1057 1612 fructibus
1071 1584 1209 1618 ramisque
1228 1586 1255 1610 et
1270 1582 1343 1611 foliis
1360 1583 1492 1610 adornata
1517 1581 1705 1613 tabernacula,

924 1639 984 1666 quae
1000 1630 1079 1659 satim
1087 1629 1237 1664 despoliata
1246 1629 1336 1657 virore
1351 1631 1529 1656 marcescant.
1541 1626 1618 1653 Haud
1627 1626 1707 1661 plane

924 1677 1006 1705 fuerit
1022 1676 1178 1704 dicendum.
1198 1674 1279 1707 Sane,
1296 1682 1373 1710 rogo,
1391 1675 1535 1709 cujusnam
1551 1673 1586 1700 sit
1603 1672 1705 1699 Sceno-

924 1722 1021 1758 pegia?
1035 1721 1159 1748 instituta
1190 1725 1232 1748 est
1257 1724 1287 1748 ut
1311 1720 1368 1748 veri
1380 1718 1549 1747 tabernaculi
1566 1719 1652 1744 nostri
1672 1718 1708 1744 si-

925 1775 1019 1803 gnum,
1035 1766 1107 1802 quod
1123 1767 1151 1794 in
1178 1766 1380 1801 corruptionem
1405 1764 1628 1800 praevaricatione
1645 1770 1708 1798 pro-

924 1814 1040 1848 lapsum,
1055 1817 1220 1849 peccatoquc
1242 1813 1372 1845 solutum,
1389 1820 1418 1840 se
1436 1811 1507 1839 Deus
1521 1811 1610 1838 denuo
1631 1817 1707 1837 com-

923 1863 1032 1895 pactum
1063 1861 1299 1895 compositumque
1317 1880 1324 1893 ,
1362 1859 1498 1886 incolume
1525 1857 1706 1884 excitaturum

925 1906 1066 1945 promisit;
1079 1915 1132 1941 quo
1146 1906 1170 1934 ei
1186 1907 1310 1938 veritate,
1338 1912 1464 1940 magnam
1487 1904 1559 1930 illam
1579 1904 1708 1931 decanta-

925 1952 1112 1987 tissimamque
1129 1951 1302 1987 Scenopegize
1325 1951 1521 1978 solemnitatem
1539 1949 1707 1976 celebremus

926 1997 953 2023 in
968 1997 1182 2030 resurrectione;
1210 1996 1320 2031 quando
1336 1999 1476 2030 compacta
1497 1994 1530 2021 ad
1547 1993 1708 2021 immortali—

926 2044 991 2071 tatis
1004 2043 1243 2078 consonantiaeque
1262 2047 1388 2070 ornatum
1405 2045 1498 2068 nostra
1519 2039 1706 2072 tabernacula,

927 2089 1057 2116 immunia
1087 2096 1102 2115 a
1128 2088 1303 2123 corruptione
1319 2088 1341 2103 “
1366 2087 1400 2115 de
1419 2087 1529 2122 pulvere
1547 2090 1706 2120 resurgent;

927 2134 1036 2168 quando
1066 2133 1200 2168 auditura‘
1216 2137 1291 2166 sunt,
1322 2136 1352 2160 ut
1365 2132 1508 2160 verissime
1533 2131 1615 2158 habet
1644 2137 1708 2165 pro-

93 2174 155 2200 Θεοῦ
169 2174 217 2200 καὶ
234 2174 422 2209 ἀριστοτέχνω
442 2174 709 2207 άνακαινοποιοῦντος
727 2172 804 2206 αὖθις
823 2175 872 2210 τὴν

925 2180 1004 2215 pheta
1012 2179 1045 2212 δ’,
1055 2187 1117 2207 ossa
1124 2179 1209 2211 arida,
1219 2179 1276 2207 suis
1289 2179 1385 2207 iterum
1392 2178 1578 2205 commissuris
1592 2176 1708 2209 reddita,

95 2222 178 2256 σάρκα
202 2220 250 2246 καὶ
276 2221 485 2256 συμμιγνύντος,
507 2222 537 2247 οὐ
552 2221 681 2253 τοιούτοις
697 2221 736 2248 ἔτι
754 2221 872 2257 δεσμοῖς,

95 2263 131 2298 οἷς
146 2267 192 2292 καὶ
209 2266 315 2302 πρῶτον
338 2267 484 2302 συνείχετο,
505 2268 562 2294 ἀλλ’
587 2268 734 2303 ἀκηράτοις
759 2268 875 2303 πάμπαν

96 2311 181 2338 λοιπὸν
202 2312 250 2339 καὶ
274 2312 391 2345 ἀλύτοις.
420 2313 589 2349 Ἐθεασάμην
615 2314 668 2349 γὰρ
692 2314 720 2340 ἐν
746 2314 875 2349 Ὀλύμπῳ

98 2358 146 2392 ἐγὼ
157 2359 227 2394 (ὅρος
238 2359 266 2385 δέ
282 2361 340 2386 ἐστι
355 2360 404 2395 τῆς
419 2360 538 2395 Λυκίας)
552 2359 607 2396 πῦρ
631 2360 788 2395 αὐτομάτως
805 2361 876 2387 κατὰ

99 2404 141 2439 τὴν
150 2404 304 2441 ἀκρώρειαν
322 2405 369 2432 τοῦ
389 2405 467 2442 ὄρους
479 2406 600 2433 κάτωθεν
614 2407 646 2433 ὲκ
660 2406 711 2441 τῆς
722 2407 773 2442 γῆς
784 2406 875 2433 ἀναδι-

99 2450 215 2486 δόμενον·
236 2453 300 2486 περὶ
321 2452 336 2478 ὃ
357 2452 412 2488 πῦρ
431 2453 513 2487 ἄγνου
535 2453 616 2488 φυτὸν
635 2453 810 2486 ὲπὺςιοῦτω
825 2453 875 2489 μὲν

129 2535 148 2552 ³³
164 2536 171 2562 I
189 2534 252 2562 Cor.
265 2543 311 2567 xv,
325 2535 371 2562 54.
411 2534 434 2551 ⁸⁸
448 2534 520 2562 Levi‘
545 2543 625 2567 xxm,
641 2535 675 2562 59
693 2543 751 2570 seq.

132 2607 166 2641 (6)
179 2608 212 2633 Εὶ
225 2606 260 2633 ἐκ
275 2615 300 2633 τ.
319 2606 357 2633 Ex
371 2606 465 2633 eodem
479 2606 539 2634 cod.
558 2606 649 2640 Rupit.

133 2643 166 2676 (7)
178 2643 218 2668 Οὺ
234 2642 289 2677 γὰρ
299 2642 386 2677 οὕτω.
403 2641 483 2668 Deest
503 2642 615 2677 ἄπορον,
639 2645 686 2668 aut
701 2640 766 2676 quid
778 2641 876 2669 simile.

131 2677 165 2711 (8)
180 2676 337 2703 Γενέσθαι.
354 2676 435 2703 Forte
450 2676 602 2711 γενήσεται.

133 2711 165 2747 (9)
180 2712 263 2739 Ἐπεὶ
287 2712 316 2738 τι
341 2711 471 2747 βουθόμ.
497 2711 570 2739 Idem
601 2716 788 2747 argumentum
815 2719 875 2746 per-

105 2752 186 2810 tsraclat
205 2748 234 2774 S.
246 2748 336 2810 ἕλιξι·
349 2748 377 2773 in
399 2746 521 2774 Convicio
546 2746 643 2774 decem,
660 2747 732 2782 Virg.
745 2746 820 2774 Orat.
838 2754 875 2779 lx,

128 2791 143 2810 1.
158 2792 232 2810 scan.
273 2790 333 2809 ALL.

128 2791 143 2811 ι.
158 2792 232 2811 μοι-ια.
246 2790 333 2810 ιιΑιι..

106 2782 116 2818 5
128 2791 232 2855 Ὀ
239 2782 384 2854 faxit-ate,
400 2817 446 2844 καὶ
456 2817 566 2853 πυγμῷ.
579 2817 642 2845 ΜὶῺὶ
658 2817 737 2845 valde
748 2820 875 2852 suspecta

929 2225 1090 2253 admovente
1107 2225 1213 2252 vivilico
1236 2225 1323 2260 plaste
1354 2224 1509 2259 optimoque
1527 2222 1623 2258 opiﬁce
1641 2221 1707 2254 Deo,

928 2278 1037 2297 carnem
1047 2270 1137 2297 denuo
1149 2275 1297 2297 ren0vante
1306 2270 1552 2303 commiscenteque
1566 2271 1593 2294 et
1606 2265 1708 2294 astrin-

927 2320 1015 2351 gente,
1032 2324 1085 2343 non
1097 2315 1154 2350 jam
1170 2316 1297 2351 qualibus
1324 2315 1405 2342 etiam
1430 2315 1505 2341 initio
1519 2313 1709 2340 continebatur

924 2361 1050 2393 vinculis,
1067 2361 1114 2389 sed
1137 2361 1216 2396 plane
1241 2361 1370 2395 deinceps
1397 2359 1598 2387 immortalibus
1628 2362 1709 2392 atque

923 2407 1124 2435 insolubilibus.
1151 2406 1218 2434 Nam
1246 2407 1301 2434 vidi
1313 2414 1364 2441 ego
1394 2406 1421 2432 in
1442 2405 1556 2441 Olympo
1578 2404 1613 2439 (is
1626 2409 1708 2438 porro

925 2460 1004 2481 mons
1016 2457 1058 2481 est
1069 2453 1167 2489 Lyciis)
1183 2453 1272 2488 ignem
1293 2457 1389 2487 sponte
1413 2459 1474 2484 sua,
1497 2453 1524 2478 in
1549 2450 1650 2477 montis
1663 2456 1709 2476 ca-

792 2534 813 2550 “
833 2535 904 2563 Dan.
920 2535 1008 2569 xu,2.
1045 2535 1068 2551 "
1087 2534 1181 2562 Ezech.
1199 2542 1301 2566 xxxv",
1317 2534 1344 2560 4.

930 2615 982 2634 vox
995 2611 1047 2634 est.
1063 2606 1131 2633 Illud
1145 2606 1258 2637 clarum,
1285 2604 1390 2631 elevare
1412 2602 1472 2630 istis
1492 2602 1619 2629 omnibus
1635 2601 1706 2628 fetu-

927 2650 996 2673 ram,
1011 2649 1064 2676 qua
1077 2641 1168 2676 proles
1180 2641 1266 2675 primo
1275 2638 1452 2676 ;eoncipitur,
1469 2638 1542 2676 velut
1559 2644 1616 2664 rem
1637 2644 1706 2676 pene

926 2677 1004 2704 nihili
1020 2672 1028 2702 Ξ
1048 2672 1086 2703 ei
1095 2684 1147 2711 qua
1164 2672 1259 2711 tamen,
1273 2674 1345 2702 Deus
1362 2681 1441 2701 suum
1455 2673 1535 2711 illud
1553 2679 1632 2711 opus,
1643 2672 1706 2711 __l_io-

925 2712 1036 2742 minem.
1053 2707 1116 2746 quia
1140 2711 1198 2738 vult
1222 2710 1320 2746 solum,
1339 2712 1435 2746 eruat;
1454 2707 1479 2734 id
1494 2708 1582 2746 ipsum
1600 2707 1706 2746 facilius

925 2742 1096 2782 prazstitur'us
1129 2754 1162 2774 ex
1188 2744 1377 2780 pra‘defunctis
1407 2743 1578 2779 corporibus,
1608 2742 1707 2778 majori

924 2783 1005 2816 mole,
1022 2785 1074 2810 ctc.
