1920 3070
117 94 165 121 9.75

660 93 705 121 EX
725 92 826 120 LIBRO
847 92 888 119 DE
907 89 1211 120 ιιΕευιιιιιεοτιυΝΕζ

1683 84 1735 111 σιτ-ι

118 152 167 180 Καὶ
180 152 302 186 ἐγένετο
315 153 410 188 λόγος
425 153 534 187 Κυρίου
549 152 622 186 πρὸς
632 152 681 187 μὲ,
692 151 797 187 λέγων·
810 153 841 178 El
856 160 896 178 κα

956 150 1075 177 manibus
1091 150 1167 182 suis;
1185 153 1209 176 et
1227 155 1331 175 rursum
1359 145 1436 181 ﬁnxit
1467 145 1512 172 ille
1535 153 1579 171 vas
1606 144 1733 173 alterum,

119 198 173 231 θὼς
185 200 200 225 ό
215 198 368 233 κεραμεὺς
385 196 473 231 οὗτος
487 199 523 225 οὐ
537 197 703 232 δυνήσομαι
717 198 803 225 τοῦτο
818 197 902 231 ποιῆ-

121 254 168 272 σαι
188 244 275 279 ὑμᾶς.
293 242 380 278 οἶκος
399 243 537 278 Ἰσραήλ;
557 243 629 271 Ἰδοὺ
645 244 684 277 ὡς
701 246 717 270 ό
738 245 834 278 πηλὸς
851 244 902 272 τοῦ

121 289 265 324 κεραμέως
277 290 367 324 ὑμεῖς
382 291 453 318 ἐστε
470 290 505 317 ἐν
520 290 584 324 ταῖς
597 291 683 326 χερσί
694 299 763 326 μου.

152 378 189 404 Z'.
205 377 330 412 Πρόσχες
340 377 406 414 (74')
419 377 472 414 γὰρ
485 378 568 410 ὅπως,
585 379 622 410 ὡς
632 378 709 414 ἔφην,
723 378 791 414 μετὰ
805 378 835 405 τὺ
851 387 903 405 πα-

120 424 233 460 ραδῆναι
241 423 288 453 τὸν
296 424 450 459 ἄνθρωπον,
463 425 479 459 ή
492 424 595 459 μεγάλη
610 425 670 460 χεὶρ
686 426 724 456 είς
739 426 811 456 νῖκος
825 433 904 452 κατα-

118 470 206 505 λεῐψαι
218 470 248 496 τὺ
262 471 363 506 ἑαυτῆς
378 471 456 506 ἔργον
470 471 520 498 οὐκ
533 471 664 508 ηὑδόχησε
679 472 717 504 ὡς
731 473 854 507 κίϐδηλον
866 472 904 509 τῷ

117 515 228 551 πονηρῷ
245 516 346 548 ἀδίκως
363 516 430 542 αὐτὸ
442 517 622 552 λυμηναμένῳ
631 517 774 552 βασκάνοις
787 518 885 549 αἰτίαις
895 526 902 532 ·

116 561 183 588 ἀλλὰ
210 562 348 598 ἀνατήξας
376 562 517 589 ἀνέδευσεν
552 560 629 594 αὖθις
658 564 697 595 είς
725 563 826 599 πηλὸν,
860 562 903 590 οἷα

116 608 256 644 κεραμεὺς
281 608 366 642 ἄγγος
391 608 554 640 ἀνακλάσας,
579 608 646 644 πρὸς
670 609 700 635 τὸ
723 610 903 644 ἀφανισθῆναι

116 654 165 688 μὲν
187 653 232 679 διὰ
248 653 299 688 τῆς
321 654 498 685 ἁναπλάσεως
523 654 610 680 πάντα
628 653 664 680 τὰ
689 655 717 680 ὲν
734 654 809 689 αὐτῷ
822 655 903 690 αἴσχη

115 699 161 726 καὶ
179 699 334 735 θλάσματα,
352 699 499 735 γενηθῆναι
522 699 550 726 δὲ
570 699 600 726 τὸ
624 700 677 727 πᾶν
694 700 795 727 ἄνωθεν
816 701 904 736 ἀμέμ-

115 754 190 777 πτως
199 745 327 781 ἀρεστόν.

953 195 1173 231 quemadmodum
1188 194 1285 228 placuit
1309 193 1350 220 illi
1365 197 1391 218 ιιι
1407 192 1513 226 faceret.
1530 190 1561 217 Et
1580 190 1678 225 factum
1695 192 1734 215 est

953 241 1055 268 verbum
1075 241 1180 267 Domini
1195 239 1228 267 ad
1257 247 1310 270 me,
1337 238 1443 264 dicens:
1457 237 1495 268 Si,
1516 234 1733 272 quemadmodum

953 286 1048 321 ﬁgulus
1073 286 1131 317 iste,
1148 293 1197 311 non
1214 288 1301 319 potero
1317 291 1359 309 uos
1378 282 1463 316 facere
1475 301 1482 312 ,
1507 281 1597 306 domus
1627 277 1733 306 Israel?

953 332 1029 364 Ecce,
1042 333 1108 359 sicut
1124 332 1207 358 lutum
1224 329 1299 365 ﬁguli
1317 337 1360 356 ros
1375 327 1471 354 estisin
1497 325 1615 352 manibus
1627 324 1688 351 meis
1698 324 1731 350 η.

988 377 1045 406 VII.
1061 377 1129 404 Illud
1144 377 1227 409 enim,
1241 376 1279 402 uti
1293 374 1425 406 dicebam,
1438 373 1516 399 velim
1530 371 1652 398 attendas
1666 378 1674 398 :
1690 373 1731 402 ιιι,

953 429 1014 460 post
1027 424 1145 451 hominis
1160 421 1415 457 transgressionem,
1433 417 1549 446 noluerit
1571 417 1666 452 ingens
1687 415 1732 442 illa

954 478 1050 497 manus
1074 477 1143 504 opus
1167 476 1246 497 suum
1263 473 1389 502 tanquam
1411 463 1602 495 adulterinum,
1629 461 1733 489 nefario

953 515 992 542 iiIi
1010 515 1055 550 qui
1071 523 1102 542 ex
1118 514 1219 540 invidia
1237 521 1283 548 per
1304 511 1430 546 iujuriam
1449 510 1512 537 illud
1538 508 1675 539 violasset,
1699 506 1733 533 ad

953 561 1093 588 victoriam
1101 567 1132 586 ac
1140 567 1189 587 ceu
1201 558 1338 592 triumpho
1353 556 1484 592 agendum
1498 554 1650 588 relinquere
1659 551 1713 587 (80)
1724 560 1732 578 :

953 606 1000 634 sed
1013 613 1108 633 rursus
1117 606 1264 640 eliquatum
1274 602 1411 638 subegerit
1426 602 1452 629 in
1467 601 1563 632 lutum,
1585 606 1616 626 ac
1628 599 1651 625 si
1668 598 1735 632 ligu-

953 653 996 679 lus
1012 660 1060 680 vas
1079 651 1243 686 confringet,
1253 654 1281 677 ut
1296 656 1366 677 nova
1383 648 1501 677 llctione,
1515 645 1647 681 quidquid
1664 644 1690 670 in
1701 651 1734 670 c0

954 697 1083 725 fmdatum
1107 701 1149 724 est
1173 704 1205 724 ac
1232 695 1394 723 contusione
1416 692 1612 723 deformatum,
1627 691 1734 725 penitus

953 744 1039 774 tollat,
1054 747 1195 778 totumque
1210 741 1359 777 opiﬁcium,
1376 743 1407 766 ut
1424 747 1440 766 a
1453 737 1597 774 principio,
1618 737 1735 770 irrepre-

954 787 1087 815 Itensibile
1101 791 1297 821 acceptumque
1311 785 1434 812 exsistat.

147 831 188 858 H'.
202 832 260 858 Οὔκ
273 832 388 868 ἀρεστὸν
402 832 457 868 (75)
470 833 498 860 δὲ
511 834 609 865 ἐκεῖνο,
621 833 652 860 τὸ
663 833 752 868 λέγειν
767 834 806 865 εἰς
820 833 896 869 ipim

988 832 1055 860 VIII.
1073 832 1124 860 Sed
1140 840 1191 860 nec
1211 831 1276 859 illud
1288 837 1450 865 magnopere
1465 828 1560 864 probo,
1581 831 1611 854 ut
1627 827 1736 853 univer-

112 876 272 904 ἀπολεῖσθαι
292 878 322 904 τὺ
339 878 408 905 πᾶνι
424 879 469 905 καὶ
484 878 548 914 γῆν,
564 879 610 906 καὶ
626 879 704 914 ἀέρα,
720 879 767 906 καὶ
781 879 902 915 οὐρανὸν,

110 923 151 958 μὴ
167 923 288 951 ἔσεσθαι.
309 925 549 961 Ἐκπυρωθήσεται
564 926 613 961 μὲν
625 925 678 961 γὰρ
691 926 758 961 πρὸς
773 925 903 962 κάθαρσιν

109 967 159 994 καὶ
180 968 392 1003 ἀνακαινισμὺν,
421 970 579 1005 καταϐασίῳ
596 971 649 1002 πᾶς
665 971 679 997 6
694 970 796 1005 κόσμος
820 979 903 1007 κατα-

109 1012 278 1048 κλυζόμενος
293 1014 358 1049 πυρί
375 1014 429 1050 (76)
439 1023 445 1030 υ
460 1015 490 1041 οὐ
505 1015 557 1051 μὴν
569 1016 609 1047 εἰς
619 1015 755 1042 ἀπώλειαν
766 1015 903 1042 ἐλεύσεται

109 1059 232 1094 παντελῆ
254 1060 301 1086 καὶ
327 1060 438 1096 φθοράν.
462 1062 493 1087 Εἰ
509 1061 562 1097 γὰρ
583 1063 705 1097 κρεῖττον
725 1062 754 1088 τὸ
773 1063 810 1098 μὴ
831 1063 902 1090 εἶναι

107 1101 156 1128 τοῦ
171 1100 242 1129 εἶναι.
257 1103 302 1130 τὸν
315 1104 425 1139 κόσμον,
441 1105 484 1132 διὰ
495 1105 520 1131 τί
533 1106 564 1132 τὺ
576 1108 665 1142 χεῖρον
678 1108 770 1142 ᾑρεῖτο
786 1109 902 1143 ποιήσας

107 1146 154 1174 τὸν
179 1148 282 1183 κόσμον
298 1150 312 1176 6
335 1149 415 1182 856;;
441 1151 510 1177 Ἀλλ’
527 1151 587 1178 οὐδὲ
607 1153 621 1178 6
649 1153 714 1184 Θεὸς
747 1154 900 1189 ματαίωςῆ

107 1195 204 1228 χεῖρον
217 1195 303 1220 ἐποίει
317 1195 383 1230 (77).
393 1196 496 1223 Οὐκοῦν
511 1198 550 1229 είς
563 1198 593 1223 τὸ
604 1196 673 1225 εἶναι
688 1199 734 1225 καὶ
751 1200 840 1234 μένειν
853 1200 901 1236 τὴν

108 1239 199 1265 κτίσιν
216 1241 230 1266 6
247 1240 313 1272 Θεὸς
327 1241 526 1278 διεκοσμήσατο
538 1263 545 1276 ,
569 1244 693 1280 καθάπερ
714 1245 760 1271 καὶ
781 1246 797 1281 ἡ
817 1246 901 1280 Σοφία

108 1285 282 1321 συνίστησιν,
297 1287 414 1314 Ἔκτισε
427 1289 481 1323 γὰρ
499 1290 543 1322 εὶς
564 1290 596 1316 τὸ
608 1288 699 1322 εἶναι,
725 1291 843 1326 λέγουσα
864 1291 900 1318 τὰ

106 1330 219 1363 πάντα,
234 1334 251 1358 ό
266 1333 352 1366 Θεόςο
365 1334 414 1361 καὶ
429 1334 566 1369 σωτήριοι
586 1337 615 1362 αὶ
631 1336 763 1371 γενέσεις
780 1338 832 1364 τοῦ
851 1339 901 1365 κό-

106 1383 188 1409 σμου
197 1384 203 1390 ·
215 1377 263 1404 καί
275 1378 330 1404 οὐκ
338 1378 424 1405 ἔστιν
433 1379 468 1405 ἐν
481 1380 586 1413 αὐταῖς
595 1381 752 1415 φάρμακον
763 1382 897 1416 ὀλέθρου.

107 1422 164 1448 Καὶ
185 1423 201 1448 6
224 1422 328 1455 Παῦλος
350 1424 378 1450 δὲ
398 1425 489 1460 σαφῶς
514 1428 655 1462 μαρτυρεῖ,
673 1427 774 1462 λέγων·
799 1429 832 1455 '11
844 1429 898 1463 γὰρ

106 1467 334 1502 ἀποκαραδοκία
348 1470 402 1504 τῆς
418 1471 543 1505 κτίσεως
558 1472 615 1506 τὴν·
628 1473 822 1508 ἀποκάλυψιν
840 1470 908 1501 τῶν

106 1513 181 1541 υἱῶν
193 1515 246 1542 τοῦ
263 1515 336 1542 Θεοῦ
345 1517 550 1552 ἀπεκδέχεται.
572 1518 610 1553 Τῇ
626 1519 681 1554 γὰρ
692 1521 863 1555 ματαιότητι
878 1523 896 1556 ἡ

105 1560 208 1593 κτίσις
223 1561 367 1596 ὑπετάγη,
386 1564 442 1597 οὑχ
457 1564 580 1596 ἑκοῦσα,
595 1565 676 1592 ἀλλὰ
693 1565 741 1592 διὰ
758 1567 810 1593 τὸν
823 1569 896 1594 ὐπο-

105 1605 241 1638 τάξαγτα
250 1607 296 1633 ἐπ’
312 1608 411 1635 ἐλπίδι
421 1617 428 1624 ·
444 1608 487 1636 ὅτι
502 1610 550 1637 καὶ
571 1611 647 1645 αὐτὴ
664 1613 683 1646 ἡ
702 1614 800 1645 κτίσις
813 1614 897 1641 ἐλευ-

106 1651 307 1685 θερωθήσεται
327 1654 386 1681 ἀπὸ
411 1655 466 1689 τῆς
484 1655 624 1690 δουλείας
645 1657 699 1693 τῆς
721 1659 832 1693 φθορᾶς
853 1663 896 1694 είς

105 1697 163 1730 τὴν
183 1698 358 1733 ἐλευθερίαν
372 1701 426 1735 τῆς
442 1701 534 1736 δόξης
546 1702 604 1729 τῶν
619 1703 732 1731 τέκνων
745 1706 797 1732 τοῦ
810 1707 894 1734 Θεοῦ.

108 1742 148 1775 Τῇ
170 1743 226 1777 γὰρ
247 1746 420 1779 ματαιότητι
455 1747 474 1781 τ)
497 1749 596 1782 κτίσις
629 1750 772 1786 ὑπετάγη,
799 1752 889 1788 φησίν.

110 1787 395 1825 Ἐλευθερωθήσεσθαι
416 1791 445 1817 δὲ
467 1793 515 1828 τῆς
530 1794 657 1830 τοιαύτης
673 1795 794 1828 δουλείας
816 1806 896 1832 προσ-

104 1833 182 1869 ζοκᾷ,
215 1835 304 1862 κτίσιν
331 1837 376 1862 τὸν
409 1837 510 1874 κόσμον
537 1839 630 1866 τοῦτον
657 1840 817 1876 βουλόμενος
844 1852 893 1869 κα-

104 1877 159 1904 λεῖν
178 1879 247 1914 (78).
265 1881 302 1906 Οὐ
319 1880 373 1915 γὰρ
392 1880 426 1907 τὰ
446 1882 482 1917 μὴ
499 1882 652 1918 βλεπόμενα
672 1885 704 1919 τῇ
731 1885 817 1921 φθορᾷ
833 1886 893 1912 δου-

104 1923 188 1955 λεύει,
212 1924 279 1951 ἀλλὰ
301 1925 385 1951 ταῦτα
401 1925 433 1962 δὴ
456 1927 490 1953 τὰ
512 1927 673 1964 βλεπόμενα.
698 1930 780 1957 Μένει
803 1931 856 1966 ἄρα
877 1932 892 1968 ὴ

103 1970 193 2001 κτίσις
209 1971 249 2002 εἰς
265 1971 296 1996 τὸ
309 1971 419 2005 ἄμεινον
432 1973 713 2010 ἀνακαινοποιηθεῖσα,
734 1978 780 2003 καὶ
796 1977 895 2013 εὐπρε-

105 2014 239 2050 πὲττερον
254 2016 435 2053 ἀγαλλομένη,
451 2019 496 2044 καὶ
513 2020 644 2054 χαίρουσα
659 2022 704 2047 ἐπὶ
720 2023 776 2053 τοῖς
789 2023 893 2054 τέκνοις

103 2061 150 2088 τοῦ
175 2061 255 2094 Θεοῦ,
280 2064 312 2098 τῇ
337 2064 484 2091 ἀναστάσει
505 2065 636 2096 στενάζει
662 2067 729 2103 (79),
753 2069 802 2094 καὶ
820 2078 893 2095 συν-

103 2106 201 2133 ωδίνει
215 2107 283 2138 νῦν,
301 2107 348 2143 τὴν
365 2109 550 2145 ἀπολύτρωσιν
562 2112 640 2146 ἡμῶν
656 2109 772 2147 ἀποτῆς
792 2114 892 2150 φθορᾶς

954 887 1013 908 sum
1031 879 1081 906 hoc
1095 878 1217 906 funditus
1243 878 1393 913 periturum
1420 875 1561 907 dicamus;
1577 881 1608 900 ac
1623 878 1732 904 terram,

953 933 1096 960 aeremque
1107 928 1133 951 et
1148 924 1247 951 ccelum
1264 922 1427 958 quandoque
1441 920 1574 948 desitura.
1590 918 1662 946 Sane
1674 918 1734 953 qui-

952 971 1012 999 dem
1027 970 1145 998 muudus
1161 971 1205 997 hic
1219 974 1292 997 totus
1306 973 1336 996 ut.
1355 967 1464 1003 purgari
1477 967 1562 1002 possit
1584 970 1611 994 et
1630 967 1735 993 instau-

951 1018 1017 1048 rari.
1033 1016 1234 1045 exundantibus
1253 1016 1286 1042 de
1301 1014 1371 1041 coelo
1387 1013 1515 1044 ﬂammis,
1528 1011 1654 1039 incendio
1669 1019 1735 1038 con-

951 1065 1090 1100 ﬂagrabit;
1103 1072 1157 1091 non
1174 1067 1264 1091 tamen
1279 1061 1401 1090 interibit
1418 1068 1450 1092 ac
1466 1063 1655 1094 con‘umpetur
1675 1065 1735 1085 om-

951 1113 1026 1138 nino.
1045 1109 1151 1137 Etenim
1166 1109 1189 1136 si
1205 1108 1335 1136 mundum
1350 1115 1403 1134 non
1418 1113 1478 1133 esse.
1493 1113 1574 1140 quum
1591 1111 1661 1136 esse,
1677 1111 1735 1130 me-

949 1157 1003 1184 lius
1020 1161 1080 1189 est;
1097 1164 1146 1183 cur
1160 1155 1231 1190 quod
1244 1154 1366 1182 deterius
1377 1156 1428 1184 est,
1449 1151 1579 1179 mundum
1597 1150 1734 1177 fabrican-

951 1202 996 1233 do.
1012 1201 1083 1229 Deus
1100 1201 1232 1237 eligeret?
1247 1201 1281 1227 At
1295 1207 1383 1235 neque
1398 1198 1469 1226 Deus
1485 1198 1597 1229 frustra,
1608 1197 1649 1223 vel
1661 1195 1733 1230 quod

951 1249 1071 1276 deterius
1093 1252 1144 1280 est.
1160 1255 1278 1283 unquam
1303 1249 1420 1274 crearet.
1437 1244 1617 1278 Quamobrem
1642 1247 1671 1269 ut
1688 1251 1733 1270 es-

950 1298 1011 1322 sent
1026 1302 1057 1320 ac
1071 1297 1222 1323 manerent,
1241 1291 1366 1318 conditas
1389 1298 1403 1317 a
1429 1298 1457 1317 se
1476 1297 1520 1316 res
1538 1287 1610 1316 Deus
1628 1288 1734 1315 consti-

950 1341 1018 1373 tuit;
1034 1338 1262 1374 quemadmodum
1288 1337 1369 1364 etiam
1399 1335 1538 1370 Sapientia
1569 1335 1668 1362 astruit
1691 1333 1733 1360 his

949 1386 1039 1413 verbis
1053 1395 1059 1412 :
1073 1385 1176 1412 Creavit
1190 1384 1270 1415 enim,
1286 1387 1315 1409 ut
1331 1386 1416 1409 essent
1429 1382 1528 1414 omnia,
1546 1380 1633 1412 Deus;
1647 1385 1671 1407 et
1688 1389 1731 1406 sa-

951 1432 1049 1458 lutares
1068 1435 1128 1458 sunt
1146 1430 1238 1457 mundi
1248 1429 1427 1464 generationes
1443 1436 1452 1454 :
1467 1432 1490 1454 et
1508 1436 1558 1453 non
1576 1431 1614 1454 est
1633 1427 1659 1452 in
1679 1425 1731 1453 illis

950 1477 1165 1504 medicamentum
1175 1475 1323 1503 extet-minii
1335 1475 1366 1500 ¹³.
1382 1474 1431 1501 Cui
1444 1478 1469 1500 et
1480 1473 1621 1508 perspicue
1632 1472 1733 1500 Paulus

949 1523 1121 1557 astipulatur,
1138 1523 1174 1548 ita
1191 1521 1306 1556 loquens
1325 1528 1332 1547 :
1347 1519 1418 1546 Nam
1430 1520 1588 1553 exspectatio
1604 1524 1729 1545 creatum

948 1569 1131 1595 ret-elationem
1149 1567 1266 1602 ﬁliarum
1287 1566 1335 1593 Dei
1356 1569 1498 1600 exspectat.
1525 1564 1643 1591 Vanitati
1662 1565 1731 1591 enim

947 1618 1070 1639 creatura
1089 1611 1205 1646 subjecta
1232 1615 1282 1643 est,
1303 1619 1353 1638 non
1368 1611 1466 1642 volens,
1484 1609 1528 1636 sed
1550 1614 1654 1644 propter
1671 1617 1731 1636 eum

946 1658 990 1692 qui
1004 1657 1114 1692 subjecit
1129 1665 1186 1683 eam
1199 1656 1225 1683 in
1237 1663 1280 1690 spe
1291 1664 1300 1682 :
1316 1656 1379 1690 quia
1393 1659 1417 1682 et
1430 1656 1488 1689 ipsa
1501 1659 1623 1681 creatura
1634 1655 1727 1681 libera:

946 1703 1018 1730 bitur
1033 1712 1049 1730 a
1074 1703 1197 1730 servitute
1213 1702 1399 1736 corruptionis,
1421 1703 1448 1728 in
1471 1701 1620 1728 libertatem
1637 1702 1729 1736 gloria.-

946 1749 1063 1784 ﬁh'orum
1076 1749 1124 1776 Dei
1140 1749 1172 1777 “.
1189 1748 1307 1775 Vanitati
1323 1749 1401 1779 enim,
1419 1748 1516 1783 inquit,
1533 1752 1656 1774 creatura
1668 1747 1730 1774 sub-

941 1795 1013 1829 jecta
1026 1800 1063 1822 est
1073 1805 1082 1828 ,-
1092 1796 1125 1822 ab
1133 1795 1184 1822 hac
1202 1802 1265 1822 vero
1282 1795 1414 1822 servitute
1427 1793 1729 1828 illaexspectatlibera-

945 1845 1002 1868 tum
1018 1841 1051 1868 iri
1066 1849 1071 1865 :
1084 1848 1137 1874 quo
1148 1844 1280 1867 creaturtc
1293 1841 1401 1867 nomine
1415 1840 1546 1866 mundum
1565 1839 1636 1866 hunc
1648 1839 1730 1873 signi-

945 1888 1026 1914 ﬁcare
1042 1886 1137 1914 voluit.
1156 1885 1214 1913 Non
1235 1887 1307 1913 enim
1322 1894 1383 1921 quae
1399 1886 1484 1913 videri
1510 1889 1660 1920 nequeunt,
1680 1883 1727 1912 sed

944 1933 1002 1960 haec
1018 1941 1077 1968 quae
1098 1931 1294 1967 adspectabilia
1319 1935 1400 1964 sunt,
1417 1931 1578 1965 corruptela
1593 1931 1725 1958 serviunt.

944 1978 1032 2006 Manet
1050 1978 1132 2013 igitur
1152 1981 1276 2005 creatura
1302 1977 1329 2004 in
1344 1981 1444 2004 statum
1466 1977 1603 2003 meliorem
1629 1976 1728 2003 decen-

943 2026 1094 2059 tioremque
1108 2027 1251 2055 renovata,
1266 2023 1387 2058 gaudens
1409 2023 1602 2056 exsultansque
1617 2029 1665 2056 pro
1683 2030 1726 2049 rc-

943 2069 1116 2104 surgeutibus
1145 2069 1208 2097 Iiliis
1230 2068 1276 2095 Dei
1305 2078 1311 2096 :
1337 2071 1510 2103 quapropter
1528 2067 1673 2102 ingemiscit
1701 2072 1725 2094 et

942 2115 1057 2151 parturit
1069 2114 1155 2147 modo,
1171 2119 1331 2150 exspectans
1345 2119 1371 2142 et
1383 2115 1440 2149 ipsa
1454 2114 1665 2148 redemptionem
1676 2121 1727 2140 no-

103 2152 151 2177 καὶ
177 2151 247 2187 αὑτὴ
265 2152 312 2179 τοῦ
337 2153 462 2189 σώματος
479 2156 699 2193 ἁπεκδεχομένη·
718 2158 792 2190 ὅπως
814 2159 892 2194 ἡμῶν

948 2167 1027 2190 stram
1041 2169 1056 2189 ιι
1076 2162 1250 2196 corruptione
1265 2161 1406 2196 corporis;
1420 2164 1449 2187 ut
1460 2168 1521 2187 cum
1538 2159 1669 2187 fuerimus
1682 2167 1727 2187 ex-

103 2197 302 2233 ὲξεγερθέντων
329 2200 376 2226 καὶ
404 2201 640 2237 ἀποτιναξαμένων
666 2204 715 2239 τὴν
743 2206 889 2241 νεκρότητα

102 2244 152 2279 τῆς
165 2244 276 2280 σαρκὸς,
293 2246 362 2272 κατὰ
377 2245 407 2272 τὸ
421 2248 612 2282 γεγραμμένον
622 2269 629 2281 ,
653 2249 819 2282 Ἐκτίναξαι
837 2251 890 2278 τὸν

102 2289 189 2323 χοῦν,
204 2290 253 2316 καὶ
269 2290 424 2325 ἀνάστηθι,
442 2291 515 2329 [καί]
532 2293 668 2326 κάθισον,
677 2293 888 2331 Ἰερουσαλὴμ,

101 2334 339 2371 ἐλευθερωθέντων
354 2345 384 2364 τε
405 2337 455 2372 τῆς
473 2339 626 2374 ἁμαρτίας,
645 2340 889 2378 ἐλευθερωθήσεται

138 2414 162 2429 ¹²
171 2412 270 2441 ,Ιινι-ενι.
283 2422 361 2447 xvm,
377 2415 438 2443 5-6.
478 2417 500 2432 ¹³
511 2416 574 2452 Sap.
592 2425 611 2451 ι,
628 2418 671 2446 14.

222 2495 333 2530 Πρόσχ.
349 2495 387 2522 Ex
401 2495 509 2530 Epiph..
524 2495 590 2522 IIIEI'.
607 2504 683 2523 num.
703 2496 748 2524 28.

212 2527 271 2569 om;
287 2527 432 2569 ιζοεοςτόνξ
440 2527 480 2558 Ex
494 2530 593 2569 _Ep_ipli2
606 2532 671 2569 ibid.
694 2540 770 2558 num.
786 2532 857 2569 51η-
879 2540 882 2543 ‘

107 2594 122 2605 τ
140 2561 194 2605 (ῖς)
208 2561 416 2598 Καταίῗασίῳ...
427 2561 644 2600 πλυρῌιιέιιιίοεθ
656 2567 748 2602 impr.,
758 2567 890 2600 καταϐὰς,

104 2607 125 2631 Ιρ
143 2606 206 2629 πας.

138 2633 290 2674 θυι-Ἀλλ’
301 2635 406 2674 οὐδὲτ.
419 2636 522 2674 ἐπιοιει.
533 2635 583 2674 Ille
597 2636 662 2674 editi
675 2637 764 2674 mutili
775 2641 802 2664 et
813 2645 889 2674 men-

105 2666 170 2708 dosi.
184 2666 260 2708 'Nam
283 2675 344 2708 post
362 2670 408 2708 ῖδν
425 2671 524 2708 κόσμον
535 2673 550 2698 6
564 2671 639 2703 Θεός,
656 2672 755 2700 habent.
769 2673 890 2708 ματαίως

105 2705 271 2738 ἑχειροποίει.
290 2705 405 2736 Οὐκοῦν,
421 2714 447 2732 κ.
463 2705 489 2733 τ.
503 2706 527 2732 λ.

205 2741 325 2767 Καλεῖν.
343 2741 426 2775 Rup.,
444 2741 607 2774 φιλοκαλεῖν.

134 2774 188 2808 (79)
203 2775 252 2801 Διὸ
270 2784 320 2802 στ.
338 2774 432 2810 Impr..
449 2776 481 2803 δι’
495 2776 541 2808 οὒς
557 2785 599 2803 στ.

134 2810 187 2846 (80)
205 2811 248 2837 Ad
268 2811 409 2838 victoriam
425 2820 454 2838 ac
467 2820 512 2839 ceu
523 2812 653 2846 triumpho
668 2813 798 2849 agendum
810 2815 887 2842 relin-

348 2902 355 2917 ι

944 2208 1018 2235 citati
1030 2215 1044 2234 a
1058 2209 1183 2241 mortuis,
1197 2215 1228 2235 ac
1251 2208 1342 2235 carnis
1360 2207 1550 2234 mmtalitatem
1569 2207 1725 2234 excusseri-

946 2262 1018 2285 mus,
1037 2262 1087 2288 pro
1096 2261 1129 2280 eo
1144 2261 1176 2280 ac
1195 2253 1325 2288 scriptum
1338 2257 1378 2280 est
1400 2263 1406 2280 :
1424 2253 1523 2280 Excute
1552 2252 1682 2287 puluerem
1701 2258 1725 2279 et

943 2299 1004 2326 aede
1022 2307 1031 2326 :
1049 2307 1138 2334 surge,
1161 2299 1363 2326 Jerusalem":
1380 2299 1566 2334 fuerimusque
1588 2298 1692 2325 liberati
1710 2307 1724 2324 ιι

944 2345 1076 2379 peccatis,
1089 2345 1145 2380 ipsa
1162 2353 1271 2379 quoque
1293 2345 1423 2372 liberetur
1437 2352 1450 2371 a
1465 2344 1639 2379 corruptione
1653 2353 1659 2370 :
1674 2351 1723 2370 nes

721 2419 743 2435 η
760 2419 833 2448 Rom.
848 2428 908 2454 vui,
926 2420 1020 2449 19-20.
1059 2422 1081 2437 ¹⁶
1097 2420 1154 2449 lca.
1172 2429 1219 2454 LII,
1235 2421 1262 2447 2.

962 2507 1031 2531 uere,
1048 2499 1089 2530 είς
1106 2499 1181 2529 νῖκος
1196 2497 1366 2532 καταλεῖψαι.
1383 2497 1486 2525 Alludit
1502 2497 1535 2524 ad
1548 2497 1630 2524 verba
1644 2494 1721 2523 Pauli

964 2534 1028 2561 Cor.
1044 2542 1088 2565 xv,
1101 2533 1145 2564 54,
1166 2534 1296 2567 Absorpta
1312 2538 1350 2559 est
1367 2541 1436 2559 mors
1452 2534 1480 2559 in
1492 2533 1612 2564 victoria,
1628 2532 1668 2562 εἰς
1683 2532 1724 2556 νῖ-

941 2577 999 2600 κος,
1016 2576 1170 2603 quanquam
1189 2569 1288 2595 habent
1305 2568 1386 2602 aliqui
1405 2567 1512 2595 codices
1528 2569 1625 2598 νεῖκος,
1641 2571 1723 2603 utte-

942 2600 1032 2630 statui:
1045 2600 1134 2631 Estius
1150 2604 1241 2630 multis
1259 2600 1406 2630 excurrens
1420 2603 1452 2629 ad
1468 2610 1529 2633 cum
1547 2604 1647 2628 locum.
1663 2600 1722 2628 Non

942 2639 1021 2666 video
1036 2645 1086 2664 cur
1101 2638 1242 2673 Epiphanii
1259 2639 1392 2672 interpres
1407 2640 1561 2673 suspicatus
1577 2637 1613 2663 sit
1629 2636 1721 2669 legen-

938 2674 1002 2701 dum
1015 2673 1056 2704 τὸ,
1071 2675 1168 2705 νεῖκος,
1179 2673 1239 2699 ἀντὶ
1249 2672 1307 2705 τοῦ,
1323 2673 1422 2705 νίκους,
1442 2681 1475 2700 ac
1492 2681 1578 2708 neque
1592 2675 1621 2708 ut
1638 2672 1721 2697 alter-

938 2713 1029 2736 utrum
1053 2707 1185 2743 signiﬁcet
1205 2715 1211 2732 :
1231 2709 1257 2735 in
1281 2712 1355 2735 tanta
1373 2707 1541 2735 contumelia
1555 2707 1728 2743 probroque..

937 2741 1144 2778 Composuiinus
1168 2751 1201 2770 ex
1228 2743 1319 2774 editis,
1348 2747 1375 2770 et
1402 2741 1585 2778 Rupil‘ucaldii
1615 2741 1720 2778 codice,

935 2777 1039 2806 textum
1056 2786 1150 2809 unum,
1175 2786 1271 2805 sanum
1289 2779 1357 2806 satis
1369 2782 1396 2806 et
1410 2777 1524 2811 clarum,
1537 2786 1599 2806 cum
1615 2777 1720 2804 utrobi-

936 2822 988 2850 que
998 2814 1105 2841 luxatus
1120 2817 1207 2842 exstet
1222 2814 1364 2850 minusque
1379 2821 1473 2842 sanus.
