1920 3070
207 137 259 166 9.75

693 137 721 164 S.
740 134 905 164 METllODll
924 132 1075 161 EPISCOPI
1094 132 1137 160 ET
1156 130 1334 159 MARTYRIS

1763 122 1820 150 276

206 199 259 225 iam
273 198 397 230 vanitati,
411 197 461 226 sed
482 197 595 233 iustitiae
619 197 727 224 serviat.
753 195 806 223 Sed
831 199 858 223 et
874 193 957 222 lsaias
972 202 978 219 :

1033 191 1078 217 καὶ
1086 189 1154 225 αὑτὴ
1166 189 1215 224 τῆς
1227 188 1338 224 φθορᾶς,
1349 186 1445 222 μηκέτι
1455 187 1487 221 τῇ
1506 183 1662 233 ματαιότητι
1678 180 1825 233 Sophene.-

205 245 278 272 Sicut
289 245 368 277 enim,
387 243 484 279 inquit,
496 243 587 270 ctzlum
602 250 707 274 nouum,
721 246 747 268 et
758 246 827 268 terra
840 249 916 272 nova,
927 247 984 274 qutz

205 296 250 322 ego
262 288 343 322 facio,
360 293 511 322 permanent
524 287 552 314 in
573 291 710 321 conspectu
724 295 790 318 meo,
807 286 872 312 dicit
893 284 984 311 Domi-

204 341 253 359 nus
268 341 277 359 :
297 333 336 360 sic
351 335 401 360 erit
424 342 511 360 semen
532 337 645 360 vestrum
666 337 691 359 et
713 340 805 358 nomen
824 335 937 358 vestrum
950 330 982 356 ’⁸.

205 378 238 405 Et
251 379 348 407 iterum
369 389 375 406 :
393 379 436 406 Sic
449 379 514 406 dicit
526 379 664 410 Dominus,
675 378 718 413 qui
732 377 792 412 fecit
810 378 901 404 caelum
912 385 921 403 :
943 376 984 403 hic

204 424 250 458 qui
269 429 366 451 terram
380 423 508 456 condidit,
525 429 549 451 et
569 424 630 458 fecit
647 423 733 455 illam,
746 423 800 457 ipse
821 421 940 448 discrevit
954 421 985 448 il-

205 470 269 497 lam.
285 470 346 496 Non
368 471 396 496 in
415 478 510 497 vanum
527 470 601 505 (fecit
621 469 701 504 eam),
714 469 758 496 sed
773 473 802 495 ut
819 467 985 495 habitaretur

205 515 355 550 (ριαειηαυὶι
366 524 424 543 eam
434 516 476 550 ιτ).
492 515 560 542 Nam
575 523 670 543 revera
691 522 745 542 non
763 514 882 547 frustra,
897 521 985 549 neque

205 560 324 586 inaniter
338 560 372 587 ad
391 560 514 591 exitium,
529 563 558 586 ut
571 560 617 595 qui
634 560 725 587 inania
750 560 859 595 sapiunt
885 559 984 594 inepti-

204 613 258 640 que
281 606 407 633 homines
431 607 608 639 arbitrantur,
624 607 779 634 universum
794 606 845 633 hoc
863 606 984 633 condidit

204 650 287 682 Deus.
302 651 349 678 sed
360 655 390 678 ut
404 656 476 679 esset
488 655 515 679 et
527 655 557 679 ut
573 651 741 679 habitaretur
757 654 784 679 et
795 655 824 678 ut
839 658 984 686 permane—

204 699 256 723 ret.
276 695 351 723 Unde
366 699 393 722 et
413 699 514 724 terram
542 704 655 724 necesse
684 700 737 728 est,
753 701 779 724 et
798 696 907 727 coelum,
923 698 984 730 post

205 741 276 768 illam
291 747 380 768 rerum
391 741 511 768 omnium
529 741 765 778 conﬂagrationem
788 746 814 769 et
827 745 923 769 aestum
938 748 985 768 ex-

205 786 310 813 sistere.

238 876 284 904 ΙΧ.
309 876 357 904 Sin
380 881 469 905 autem
496 878 644 906 adversarii
670 877 826 913 obiiciant:
848 876 899 910 Qui
918 883 983 912 ergo

204 921 256 949 nisi
273 923 428 950 universum
443 923 493 950 hoc
517 923 552 951 sit
574 923 746 958 periturum?
768 923 899 950 Dominus
920 922 982 956 qui-

203 967 275 1000 dem,
294 968 386 995 ctzlum
399 977 430 995 ac
444 973 540 996 terram
563 970 710 996 transitura
729 969 765 1002 ⁸⁸,
783 968 837 1001 ait;
851 968 983 1003 propheta

203 1017 303 1045 autem,
321 1015 412 1041 mlum
424 1015 511 1041 instar
527 1015 593 1049 fumi
612 1023 667 1042 esse
680 1015 826 1049 periturum
843 1013 914 1049 (Si):
929 1018 982 1040 ter-

203 1067 259 1085 ram
271 1064 356 1086 autem
365 1060 443 1095 quasi
451 1060 630 1088 vestimentum
636 1069 691 1088 esse
702 1065 876 1087 ueteraturam
886 1061 917 1086 ¹⁹.
926 1059 982 1086 Nos

201 1105 263 1132 ideo
277 1105 508 1141 responderimus,
525 1106 598 1141 quod
616 1106 643 1134 id
666 1106 751 1134 moris
776 1105 923 1141 Scriptura:
936 1106 980 1139 sit,

201 1155 232 1177 ut
254 1151 347 1178 mundi
367 1152 402 1179 ab
417 1156 489 1179 statu
514 1152 567 1180 hoc
589 1152 618 1179 in
640 1152 738 1180 melius
753 1153 982 1188 przestantiusque

199 1197 389 1229 mutationem,
418 1197 557 1225 interitum
588 1198 716 1232 appellet;
749 1198 823 1225 velut
853 1198 981 1225 nimirum

199 1246 329 1276 pereunte
353 1243 442 1278 priore
463 1243 508 1270 illa
524 1243 621 1275 forma,
636 1244 813 1271 conversione
827 1244 855 1271 in
879 1244 980 1279 jucun-

200 1287 343 1315 dissimum
367 1293 477 1316 statum.
505 1288 572 1316 Nam
591 1289 657 1316 nihil
679 1289 706 1316 in
728 1289 876 1325 Scripturis
894 1290 980 1317 sacris

199 1334 366 1360 contrarium
382 1337 424 1361 est
438 1339 464 1361 et
475 1334 633 1362 absurdum.
654 1333 759 1369 Quippe
789 1334 892 1361 dictum
909 1339 951 1362 est
970 1344 978 1361 :

199 1378 322 1405 Praeterit
340 1380 425 1414 ﬁgura
450 1380 526 1414 hujus
542 1380 631 1407 mundi
644 1380 678 1411 ¹⁰,
694 1388 748 1407 non
765 1381 882 1408 mundus
911 1390 917 1408 :
939 1381 979 1408 sic

199 1423 347 1459 Scripturis
361 1426 489 1453 usitatum
505 1430 556 1458 est,
575 1430 604 1453 ut
619 1427 804 1454 antecedentis
824 1427 850 1454 in
864 1427 890 1454 id
905 1427 979 1462 quod

198 1470 295 1497 melius
316 1477 348 1498 ac
376 1470 521 1498 formosius
550 1474 601 1503 est,
619 1471 711 1506 ﬁgura
731 1472 919 1504 mutationem,
936 1473 978 1499 in-

197 1516 307 1543 teritum
322 1516 450 1544 vocitent.
477 1516 592 1544 Perinde
606 1524 638 1543 ac
660 1518 683 1545 si
705 1517 767 1552 quis
783 1518 927 1545 transitum
947 1526 978 1546 ac

197 1563 374 1590 mutationem
398 1563 529 1591 infantilis
552 1564 643 1598 figura:
663 1563 692 1591 in
707 1564 795 1591 virum
816 1565 976 1600 perfectura,

197 1609 335 1636 interitum
351 1610 482 1642 nominet,
496 1609 609 1637 infantis
630 1613 708 1637 mtate
725 1610 752 1637 in
763 1611 977 1645 magnitudinem

196 1654 480 1690 pulchritudinemque
508 1659 619 1682 mutata.
637 1655 669 1682 Et
683 1663 748 1683 vero
773 1656 922 1691 putandum
937 1664 979 1686 est

196 1699 265 1730 fore,
283 1703 312 1726 ut
327 1699 400 1726 velut
422 1699 554 1726 moritura
570 1700 598 1727 in
616 1707 648 1728 ea
664 1699 885 1735 conflagratione,
902 1709 977 1728 crea-

196 1749 258 1771 tura
291 1745 444 1772 renovanda
464 1749 622 1780 praetereat;
648 1754 703 1773 non
722 1751 812 1774 tamen
837 1751 867 1774 ut
888 1751 979 1782 pereat

195 1790 448 1824 exstinguaturque,
465 1795 495 1817 ut
512 1791 635 1818 renovati
652 1794 678 1818 et
701 1791 845 1819 instaurati
870 1793 933 1827 ipsi,
949 1793 976 1820 in

195 1834 299 1861 mundo
321 1835 472 1862 instaurata
498 1840 684 1871 renovatoque
707 1837 859 1866 habitemus
876 1838 978 1866 doloris

195 1883 321 1914 expertes
340 1880 434 1914 :juxta
452 1881 524 1916 quod
538 1881 640 1908 dictum
656 1886 697 1909 est
711 1883 732 1898 “
746 1892 753 1910 :
771 1882 883 1911 Emitte:
898 1885 978 1918 8ρίνὶ-

196 1928 251 1950 tum
263 1930 346 1957 tuum,
358 1930 382 1952 et
394 1926 561 1959 creabantur,
573 1931 597 1953 et
613 1927 749 1954 renovabis
767 1928 860 1962 faciem
877 1933 954 1955 terra:
967 1938 976 1956 .-

195 1971 323 1998 nimirum
342 1971 396 2000 Deo
410 1972 538 2007 deinceps
553 1973 721 2008 providente,
736 1978 765 2001 ut
781 1975 977 2010 temperatissi-

195 2023 268 2042 mum
283 2017 319 2044 sit
335 2018 486 2046 continens.
518 2017 582 2045 Nam
605 2027 666 2046 cum
692 2024 754 2055 post
775 2021 857 2055 hujus
884 2022 976 2049 saeculi

194 2063 306 2095 exitum,
324 2063 396 2091 terra
412 2064 500 2092 adhuc
515 2071 721 2100 perseveratum
737 2067 784 2099 sit,
803 2068 916 2095 omnino
928 2076 976 2096 ne-

194 2116 270 2136 cesse
296 2114 338 2137 est
354 2113 384 2137 ut
398 2110 480 2138 etiam
497 2112 552 2138 sint
565 2112 624 2146 fqui
652 2113 803 2141 inhabitant
814 2122 822 2146 ;
835 2114 909 2149 iique
925 2115 972 2150 qui

229 2187 252 2202 ‘°
264 2187 321 2215 Isa.
339 2196 411 2220 Lm,
438 2189 481 2215 2i.
529 2190 551 2205 "
570 2189 624 2218 Isa.
655 2198 717 2222 XLV,
750 2191 792 2217 18.

192 2230 251 2255 cm,
265 2223 310 2251 50.

239 2294 283 2328 Si)
297 2293 400 2334 pwlutn
410 2296 495 2322 instar
505 2296 572 2330 fumi
582 2305 637 2334 esse
649 2298 803 2334 perituram.
816 2303 868 2327 etc.
880 2299 974 2332 Quan-

190 2336 272 2368 quam
297 2332 324 2356 in
344 2337 427 2368 marg.
445 2335 503 2357 erat
518 2332 653 2368 ascriptus
664 2333 734 2367 apud
747 2332 879 2368 Epiphan.
895 2343 921 2361 v.
938 2335 974 2362 ‘27

190 2364 265 2404 psal.‘
277 2372 314 2404 ct.
334 2366 423 2404 potius
443 2369 534 2404 tamen
547 2364 655 2404 videtur
670 2364 815 2404 respicere
829 2369 881 2396 Isa.
894 2378 931 2403 LI,
945 2372 972 2404 ti,

191 2399 372 2439 u_l_)i_ha_beluf
393 2401 436 2427 illa
458 2400 525 2439 fumi
547 2402 707 2439 similitudo,
725 2399 897 2439 'verbumque
919 2399 974 2433 non

190 2433 324 2473 absimili}.
350 2434 537 2471 Septuaginta,
561 2438 727 2473 totspatben,
754 2433 889 2473 ﬁrmatam
914 2445 974 2467 est:

189 2469 261 2503 quod
278 2469 462 2505 Hieronymus
471 2472 589 2505 exponit,
603 2469 634 2499 ut
646 2469 735 2501 omnis
748 2469 880 2501 omlorum
892 2476 976 2502 firmi-

189 2509 231 2544 tas
243 2509 269 2544 et
281 2505 373 2538 robur,
394 2511 473 2533 vento
488 2507 647 2544 inanissimo
661 2513 688 2535 et
703 2508 776 2536 fumo
791 2511 836 2544 qui
849 2510 877 2536 in
892 2517 973 2538 auras

188 2539 313 2576 solvitur,
335 2545 500 2576 coaequetur,
522 2542 599 2576 juxta
621 2539 834 2571 Ecclesiastem:
863 2544 973 2572 Vanitas

188 2575 344 2615 uanitatum,
362 2581 413 2615 etc.
432 2575 539 2615 Clarius
562 2585 626 2615 vero
649 2578 838 2615 Symmachus,
864 2581 973 2615 οὐρανοὶ

188 2608 356 2650 ἁλιώσονται,
373 2612 458 2638 instar
474 2612 538 2638 satis
563 2608 843 2650 liquesce'ntrsAquila',
860 2608 973 2650 οὐρανὸς

189 2644 379 2684 μειωθήσεται,
402 2644 593 2684 comminuetur
617 2649 643 2674 in
668 2644 778 2675 nihilum
794 2657 803 2675 :
816 2644 899 2684 quod.
916 2644 973 2677 bene

188 2681 249 2711 eius
260 2681 366 2720 species
380 2685 407 2708 et
427 2682 512 2720 forma
528 2683 564 2709 sit
580 2684 765 2720 annihilanda,
791 2681 933 2720 dandaque
949 2686 974 2712 ei

188 2721 256 2739 nova
273 2718 351 2749 longe
364 2718 504 2751 augustior
517 2721 544 2745 et
554 2719 777 2754 splendidiortut
786 2718 898 2754 exponit
912 2719 974 2754 l_|ie-

187 2748 540 2786 ronymus’post'noslrilm
551 2748 729 2781 Methodiumi
737 2748 876 2782 Hebrfest
890 2748 971 2786 W513.

188 2780 427 2825 ἥοηέιινζιριξδμηη
440 2795 454 2812 =1
471 2780 542 2825 Πίος,
557 2780 629 2823 quod
647 2793 689 2816 est
708 2790 758 2820 sal,
777 2780 974 2824 in

188 2817 342 2858 diun'fumi
365 2821 460 2858 instar,
481 2823 543 2849 mili
559 2817 723 2851 evanescere
737 2817 873 2856 dicantur,
889 2829 925 2856 et,
943 2829 972 2851 ut

189 2853 320 2881 Dominus
336 2855 465 2890 loquitur,
483 2858 607 2892 transire,
626 2858 850 2894 παρελεύσεσθαι,
866 2853 927 2893 seu,
943 2864 970 2887 ut

843 2192 866 2207 η
883 2191 982 2219 Matth.

1036 245 1081 268 σα,
1095 235 1162 262 ἀλλὰ
1171 236 1205 271 τῇ
1221 233 1384 269 δικαιοσύνῃ.
1401 232 1455 259 Καὶ
1465 233 1479 259 ὁ
1494 231 1606 262 Ἡσαΐας
1629 229 1667 262 δὲ,
1686 230 1739 255 Ὃν
1751 228 1825 261 τρό·

1035 291 1093 310 πον
1107 282 1162 317 γὰρ
1174 283 1190 308 ὁ
1204 280 1330 315 οὐρανὸς
1344 278 1447 312 καινὸς
1460 278 1508 306 καὶ
1523 279 1541 312 ἡ
1552 276 1590 312 τῆ
1606 275 1702 310 καινὴ,
1717 274 1736 301 ᾱ
1747 272 1821 308 ἐγὼ,

1034 329 1114 364 φησὶ,
1139 326 1226 359 ποιῶ,
1249 326 1334 361 μένει
1356 325 1483 352 ἐνώπιόν
1499 333 1574 359 μου,
1593 322 1671 357 λέγει
1690 321 1820 355 Κύριος-

1034 376 1128 407 οὕτως
1141 373 1226 401 ἔσται
1242 372 1297 408 (82)
1312 372 1345 399 τὸ
1364 372 1481 405 σπέρμα
1494 369 1591 404 ¹ὑμῶν,
1608 368 1657 395 καὶ
1673 367 1706 394 τὸ
1723 366 1823 400 ὄνομα

1033 420 1131 455 ὑμῶν·
1146 419 1192 446 καὶ
1206 418 1285 445 πάλιν
1295 427 1302 434 ε
1318 417 1399 444 Οὕτω
1421 416 1501 450 λέγει
1516 416 1621 449 Κύριος
1645 415 1662 441 ό
1685 412 1822 447 ποιήσας

1033 467 1088 493 τὸν
1102 465 1247 500 οὐρανὸν,
1263 461 1352 496 οὗτος
1376 464 1392 490 ό
1415 460 1645 493 κατασκευάσας
1669 459 1725 493 τὴν
1746 457 1821 493 γῆν,

1035 513 1084 540 καὶ
1099 512 1228 545 ποιήσας
1243 509 1354 543 αὐτήν·
1370 508 1461 541 αὐτὸς
1475 507 1611 542 διώρισεν
1626 505 1732 540 αὐτήν.
1755 506 1823 532 Οὐκ

1034 559 1078 590 εις
1092 557 1182 584 κενὸν
1197 556 1364 592 [ἐποίησεν
1378 553 1505 590 αὐτὴν,]
1527 553 1607 581 ἀλλὰ
1618 551 1824 579 κατοικεῖσθαι

1036 603 1189 640 [ἔπλασεν
1203 601 1327 637 αὑτήν].
1347 601 1448 632 Ὄντως
1461 599 1516 636 γὰρ
1531 600 1581 625 οὐκ
1599 600 1639 630 εἰς
1655 597 1741 629 κενὸν,
1758 597 1824 623 οὐδὲ

1035 649 1075 681 εἰς
1101 649 1189 684 μάτην
1206 647 1275 683 πρὸς
1290 646 1427 673 ἀτλῦλειαν
1452 645 1552 677 ἔκτισε,
1576 643 1646 670 κατὰ
1670 643 1733 673 τοὺς
1753 650 1826 677 φρο-

1034 693 1146 725 νοῦντας
1160 693 1270 728 μάταια,
1285 692 1316 718 τὸ
1329 692 1382 718 πᾶν
1399 692 1412 717 ὁ
1430 690 1506 722 Θεὸς,
1526 689 1594 716 ἀλλὰ
1607 689 1647 720 εἰς
1660 688 1690 714 τὸ
1703 685 1773 714 εἶναι
1789 695 1825 713 τε

1035 739 1081 766 καὶ
1097 738 1227 766 οἰκεῖσθαι
1244 738 1291 765 καὶ
1305 737 1451 772 διαμένειν.
1472 735 1518 762 Διὸ
1536 735 1642 770 ἀνάγκη
1659 733 1691 769 δὴ
1708 733 1754 759 κα)⁸
1770 732 1824 768 τὴν

1035 786 1086 822 γῆν
1103 784 1180 817 αὖθις
1203 785 1250 812 καὶ
1274 784 1320 811 τὸν
1343 782 1472 819 οὐρανὸν,
1492 781 1560 817 μετὰ
1579 781 1628 816 τὴν
1651 779 1824 815 ὲκφλόγωσιν

1035 832 1142 859 ἔσεσθαι
1158 831 1266 858 πάντων
1278 830 1325 857 καὶ
1341 829 1385 856 τὸν
1400 828 1531 864 βρασμόν.

999 865 1021 893 Β
1068 877 1107 904 ea
1127 877 1189 904 Ἐὰν
1202 876 1230 903 δὲ
1241 876 1308 912 (35),
1321 875 1382 907 Πῶς
1395 872 1451 906 οὖν,
1465 875 1489 900 ει
1503 873 1540 909 μὴ
1553 871 1700 900 ἀπόλλυται
1710 870 1741 897 τδ
1751 871 1824 900 xiv;

1033 923 1057 950 οῑ
1079 922 1107 956 ἐξ
1127 922 1251 953 ἐναντίας
1274 920 1381 954 εἴπωσι,
1395 921 1409 947 6
1428 920 1475 956 μὲν
1499 919 1601 954 Κύριος
1619 918 1684 953 (84),
1701 917 1754 944 τὸν
1770 917 1826 943 οὐ·

1028 968 1124 1003 ρανὸν
1146 967 1395 1002 παρελεύσεσθαι,
1422 965 1485 1000 ἔφη,
1508 965 1557 991 καὶ
1582 963 1638 998 τὴν
1663 962 1737 998 γῆν·
1761 963 1776 988 ὁ
1791 961 1823 988 δὲ

1033 1015 1183 1051 προφήτης,
1201 1012 1377 1041 ἀπολεῖσθαι
1398 1011 1456 1046 μὲν
1476 1010 1529 1038 τὸν
1549 1009 1678 1044 οὐρανὸν
1703 1009 1745 1041 ὡς
1768 1015 1824 1035 κα-

1032 1060 1119 1092 πνὸν,
1139 1059 1196 1093 τὴν·
1219 1058 1253 1085 δὲ
1275 1058 1333 1094 γῆν
1346 1058 1386 1090 ὡς
1402 1056 1517 1092 ἱμάτιον
1542 1054 1820 1088 παλαιωθήσεσθαι,

1032 1106 1124 1142 ἐπειδὴ
1152 1105 1212 1137 ἔθος
1245 1106 1305 1136 ταῖς
1329 1104 1466 1140 Γραφαῖς,
1495 1101 1622 1137 λέξομεν,
1650 1100 1699 1136 τὴν
1724 1101 1764 1131 εἰς
1788 1099 1822 1126 τὺ

1032 1153 1153 1188 κρεῖττον
1167 1151 1215 1178 καὶ
1237 1149 1404 1186 ἐνδοξότερον
1421 1149 1475 1176 ἀπὺ
1491 1147 1591 1182 ταύτης
1604 1147 1654 1182 τῆς
1679 1146 1821 1173 καταπά-

1032 1206 1100 1229 σεως
1118 1196 1165 1224 τοῦ
1183 1197 1284 1232 κόσμου
1303 1195 1359 1231 (85)
1379 1194 1539 1231 μεταϐολὴν,
1553 1192 1690 1220 ἀπώλειαν
1709 1192 1821 1226 λέγειν·

1031 1241 1086 1270 οἷον
1100 1243 1145 1270 τοῦ
1159 1242 1275 1279 πρόσθεν
1289 1242 1428 1278 σχήματος
1437 1239 1620 1275 ἀπολλυμένου
1633 1239 1704 1266 κατὰ
1716 1239 1764 1274 τὴν
1779 1239 1822 1271 εἰς

1032 1289 1061 1316 τὸ
1073 1289 1246 1325 φαιδρότερον
1267 1288 1321 1324 (86)
1334 1287 1460 1314 ἁπάντων
1470 1286 1619 1322 ἐξαλλαγήν
1630 1295 1637 1301 ·
1650 1287 1690 1313 ὃτι
1699 1286 1824 1322 μηδεμία

1031 1334 1226 1366 ὑπεναντίωσις
1242 1334 1257 1370 ἢ
1274 1333 1373 1360 ἀτοπία
1384 1334 1414 1359 ὲν
1422 1334 1478 1364 τοῖς
1492 1332 1573 1363 θείοις
1580 1331 1678 1366 λόγοις.
1690 1331 1824 1366 [lapsi-res

1031 1380 1086 1416 γὰρ
1094 1380 1125 1407 τὸ
1137 1379 1240 1415 σχῆμα
1250 1379 1303 1406 τοῦ
1311 1380 1427 1414 κόσμου
1443 1380 1558 1411 τούτου,
1568 1378 1615 1405 καὶ
1624 1379 1672 1414 οὐχ
1684 1380 1697 1405 ὁ
1706 1378 1822 1413 κόσμος,

1030 1426 1151 1461 εἴρηται·
1175 1426 1259 1457 οὕτως
1276 1425 1335 1457 ἔθος
1358 1425 1492 1452 ἀπώλειαν
1521 1424 1613 1452 καλεῖν
1629 1426 1678 1456 τὰς
1697 1425 1715 1450 Γ
1717 1424 1822 1460 ραφὰς,

1028 1473 1078 1507 τὴν
1093 1472 1161 1508 πρὸς
1171 1472 1200 1498 τὸ
1208 1472 1327 1508 ἄμεινον,
1343 1471 1397 1498 ἔσθ’
1411 1472 1464 1503 ὅτε,
1487 1471 1533 1498 καὶ
1546 1471 1744 1506 εὐμορφότερον
1757 1479 1824 1507 τρο-

1031 1518 1084 1554 πὴν
1093 1519 1139 1545 τοῦ
1154 1518 1270 1554 πρόσθεν
1287 1519 1438 1554 σχήματος·
1451 1515 1506 1543 οἷον
1526 1517 1618 1552 ὥσπερ
1636 1516 1708 1542 ὁπότ’
1729 1516 1761 1543 ἄν
1776 1525 1822 1548 τις

1031 1564 1167 1592 ἀπώλειαν
1188 1564 1260 1599 λέγει
1285 1563 1332 1590 τοῦ
1349 1563 1420 1590 κατὰ
1434 1563 1480 1590 τὸν
1502 1566 1595 1598 νήπιον
1620 1564 1755 1598 σχήματος
1768 1562 1822 1598 τὴν

1033 1613 1074 1643 εἰς
1091 1611 1137 1638 τὸν
1158 1611 1241 1646 ἄνδρα
1266 1611 1312 1637 τὸν
1326 1610 1427 1636 τέλειον
1452 1609 1632 1645 μεταλλαγὴν,
1649 1608 1822 1644 τρεπομένης

1031 1656 1071 1687 εὶς
1086 1655 1198 1690 μέγεθος
1208 1656 1255 1682 καὶ
1272 1655 1369 1686 κάλλος
1380 1655 1430 1690 τῆς
1445 1654 1552 1690 ἡλικίας
1564 1654 1609 1681 τοῦ
1621 1654 1728 1689 νηπίου.
1745 1654 1823 1689 Παρ-

1032 1702 1198 1737 αχθήσεσθαι
1229 1701 1284 1736 (87)
1310 1701 1359 1736 μὲν
1382 1701 1435 1736 γὰρ
1450 1701 1498 1736 τὴν
1514 1701 1601 1727 κτίσιν
1618 1700 1712 1735 ὥσπερ
1724 1700 1823 1736 τεθνη-

1033 1748 1148 1783 ξομένην
1177 1747 1247 1774 κατὰ
1266 1747 1315 1782 τὴν
1349 1747 1515 1783 ἐκπύρωσιν,
1551 1747 1594 1773 ἵνα
1621 1746 1818 1782 ἀνακαινισθῇ-

1029 1794 1059 1820 οὺ
1076 1794 1128 1829 μὴν
1147 1793 1305 1820 ἀπολεῖσθαι
1321 1793 1518 1829 προσδοκητέον
1529 1802 1535 1807 ·
1554 1793 1627 1825 ὅπως
1640 1793 1664 1818 oi
1679 1793 1822 1819 ἀνακαινο-

1028 1840 1185 1875 ποιηοέντες
1201 1841 1229 1867 ἐν
1244 1839 1514 1875 ἀνακαινοποιηθέντι
1530 1839 1623 1874 κόσμῳ
1636 1839 1761 1873 ἄγευστοι
1775 1838 1823 1865 λύ-

1028 1895 1083 1921 πης
1097 1886 1312 1922 κατοικήσωμεν,
1327 1886 1399 1913 κατὰ
1414 1886 1444 1912 τὸ
1457 1885 1552 1920 λεχθέν
1561 1894 1567 1900 ·
1587 1884 1821 1918 Ἐξαποστελεῖς

1030 1932 1064 1958 τὸ
1085 1932 1201 1967 πνεῦμά
1223 1940 1291 1964 σου,
1308 1932 1357 1959 καὶ
1381 1931 1612 1965 κτισθήσονται·
1634 1931 1682 1958 καὶ
1695 1931 1821 1958 ἀνακαι-

1030 1978 1104 2010 νιεῗς
1120 1977 1152 2004 τὸ
1174 1978 1335 2012 πρόσωπον
1356 1978 1411 2012 τῆς
1427 1978 1483 2013 γῆς
1493 1985 1500 1992 ·
1513 1977 1562 2003 τοῦ
1578 1977 1747 2013 περιέχοντος
1765 1977 1820 2012 τῆς

1029 2023 1177 2059 εὐκρασίας
1201 2023 1426 2060 ἐπιτροπεύοντος
1452 2023 1544 2050 λοιπὸν
1566 2023 1612 2050 τοῦ
1637 2022 1715 2050 Θεοῦ.
1742 2023 1820 2050 Ἔσο-

1032 2069 1115 2104 μένης
1126 2069 1180 2105 γὰρ
1197 2071 1244 2096 καὶ
1260 2069 1328 2105 μετὰ
1344 2070 1437 2096 τοῦτον
1455 2069 1501 2097 τὸν
1519 2069 1604 2096 αἰῶνα
1625 2070 1687 2104 γῆς,
1706 2069 1817 2104 ἀνάγκη

1029 2116 1104 2142 πᾶσα
1119 2115 1227 2143 ἔσεσθαι
1245 2117 1292 2143 καὶ
1308 2117 1372 2148 τοὺς
1385 2117 1544 2153 οἰκήσοντας
1554 2137 1561 2150 ,
1584 2116 1675 2143 οὐκέτι
1693 2115 1819 2150 τεθνηξο.

1001 2200 1079 2226 xxtv,
1100 2193 1144 2221 55.
1184 2193 1206 2209 ⁸⁸
1219 2193 1275 2221 Isa.
1291 2201 1329 2225 LI,
1351 2193 1378 2220 6.
1416 2192 1462 2219 "l
1481 2192 1543 2220 Cor.
1561 2200 1609 2226 vn,
1634 2192 1661 2219 5.
1699 2192 1721 2208 ³³
1735 2191 1814 2218 Psal.

988 2311 1012 2340 ι)
1025 2300 1136 2340 Paulus,
1154 2299 1539 2340 naanOﬁosaOatLquomodo
1550 2279 1720 2340 restituimqs
1730 2299 1816 2340 patilo

1028 2337 1153 2369 inferius,
1177 2334 1210 2363 ein
1231 2334 1322 2371 Rupif.
1338 2334 1442 2368 codice,
1458 2343 1507 2371 pro
1521 2334 1750 2371 ταραχθήσεσθαι.
1774 2334 1816 2371 Ex

1028 2380 1060 2399 eo
1076 2372 1135 2409 loco
1155 2370 1262 2409 colligit
1274 2370 1390 2409 Basilius
1408 2372 1437 2397 in
1457 2370 1591 2409 ﬂamen);
1602 2370 1817 2409 emlorunisub-

1028 2407 1154 2435 stantiam
1172 2403 1378 2434 sub‘tilissimam
1395 2410 1422 2434 et
1439 2404 1567 2438 aeream;'
1579 2405 1689 2440 fereque
1700 2404 1746 2430 alii
1761 2403 1817 2431 Pa—

1026 2446 1083 2468 tres
1105 2442 1226 2477 quintam
1248 2442 1321 2468 illam
1343 2442 1491 2469 essentiam
1510 2440 1666 2468 Aristotelis
1687 2440 1817 2467 incorru-

1026 2477 1146 2512 ptibilem
1162 2477 1330 2512 impugnaut.

1064 2512 1120 2547 (8'2)
1140 2510 1257 2547 Ἐσὶαιξ
1270 2511 1350 2544 LXX,
1366 2512 1503 2547 στήσεται.
1517 2510 1551 2547 Et
1565 2518 1637 2542 mox,
1655 2511 1670 2536 ὁ
1685 2510 1815 2536 καταδει-

1026 2546 1136 2608 ἷῗχτὴν
1159 2547 1220 2582 γῆν.
1246 2546 1330 2574 Paulo
1351 2546 1422 2582 post,
1446 2546 1524 2573 uncis
1546 2546 1661 2579 inclusa,
1682 2553 1716 2572 ex
1737 2549 1815 2572 textu

1062 2617 1117 2650 (85)
1139 2616 1205 2643 Ἐὰν
1218 2616 1262 2648 δὲ,
1278 2626 1304 2644 κ.
1322 2626 1347 2643 τ.
1363 2616 1388 2643 λ.
1406 2616 1445 2643 Ex
1462 2615 1558 2651 Epiph.
1573 2616 1638 2643 hter.
1651 2623 1680 2642 n.
1695 2615 1740 2642 5‘2.

1073 2652 1118 2690 βξ)
1172 2652 1230 2690 μὲν
1242 2653 1358 2690 Κύριος.
1369 2652 1462 2690 μοᾱοκ
1474 2650 1556 2690 Ιίυίρι.
1572 2652 1645 2687 ὅμως
1661 2650 1788 2690 Χριστος.

1072 2687 1116 2721 85)
1140 2687 1206 2714 Ἀπὸ
1224 2688 1334 2720 ταύτης
1346 2687 1401 2721 τῆς
1415 2686 1623 2719 καταστάσεως
1643 2686 1695 2712 τοῦ
1715 2694 1743 2713 κ.
1758 2686 1813 2712 lm-

1024 2730 1078 2757 pr.,
1094 2722 1233 2754 mendose,
1250 2722 1468 2749 ἀποκατάστασιν
1485 2722 1586 2756 ταύτης
1599 2721 1646 2748 τοῦ
1664 2729 1691 2747 κ.

1059 2758 1114 2792 (86)
1131 2757 1334 2791 Φαιδρότερον.
1350 2758 1444 2792 lmpr..
1459 2757 1643 2792 φαιδρότατει.

1059 2789 1114 2828 (87)
1127 2789 1483 2827 Hapdzthiostwatfliditi.
1497 2789 1602 2823 vitiose,
1614 2791 1729 2828 ταραχο.
1742 2789 1814 2818 Pan»-

1023 2827 1048 2856 Io
1066 2832 1126 2864 post
1140 2828 1232 2862 iidem,
1244 2828 1391 2863 ἁνακτισθῇ
1408 2836 1456 2863 pro
1470 2827 1657 2862 ἁνακαινισϐῇ.

1552 2928 1559 2943 1
