1920 3070
108 76 160 104 217

651 77 696 106 EX
716 77 818 106 [ιῐΒΙίο
836 77 880 105 DE
897 75 1200 105 RESURRECTIONE.

1677 69 1729 96 278

112 137 216 172 μένους,
241 136 261 172 ἦ
284 137 476 174 γαμήσοντας,
498 138 516 174 ἢ
537 139 763 174 γεννησομὲνους,
789 139 846 166 ἀλλ’
861 138 891 169 ὡς

951 144 1002 164 nec
1015 134 1141 163 morituri
1159 133 1214 161 sint
1241 131 1368 167 amplius,
1379 137 1431 157 nec
1454 127 1599 164 copulandi
1617 128 1730 163 nuptiis,

110 182 239 216 ἀγγέλους
266 182 486 219 ἁμεταστρόφως
507 184 536 211 ὲν
563 183 701 220 ἀφθαρσίᾳ
736 183 770 211 τὰ
799 184 898 219 ἄριστα

112 228 273 263 πράξοντας.
288 228 335 254 Διδ
353 228 475 265 ληρῶδες
488 230 518 256 τὺ
538 230 566 257 ὲν
579 229 642 266 ποίᾳ
656 230 775 266 διαγωγῇ
790 230 850 257 τότε
866 230 897 267 δὴ

111 274 144 300 τὰ
157 273 274 308 σώματα
289 274 398 301 ἔσονται
413 275 548 309 λέγεσθαι,
566 276 635 312 μήτε
648 276 737 312 ἀέρος,
753 276 821 311 μήτε
835 276 897 311 γῆς,

114 320 179 354 μήτε
196 319 252 346 τῶν
269 320 357 347 ἄλλων
376 321 523 356 ἐσομένων.

146 450 174 476 l'.
198 449 292 482 Ἀξιον
317 449 346 477 δὲ
365 450 419 485 (88)
443 451 554 477 κάκεῖνο
576 451 643 488 πρὸς
666 452 722 484 τοῖς
744 452 898 488 εἰρημένοις

111 495 283 526 ἐπισκοπεῖν,
295 494 334 526 ὡς
348 494 404 529 ἔχει
416 495 514 530 πολλὴν
525 495 671 522 διάπτωσιν
681 516 689 527 ,
709 497 732 523 εἰ
744 496 783 523 δεῖ
792 498 898 533 παρρη-

113 539 172 565 σίαν
189 540 269 573 ἄγειν
287 540 351 574 περὶ
368 540 543 576 τηλικούτων,
570 540 735 576 Ἀγλαοφῶν.
756 542 898 577 Ἔφρασας

111 585 164 621 γὰρ
180 586 375 621 ἀποφήνασθαι
388 586 434 613 τὸν
451 586 562 622 Κύριον,
574 586 611 619 ὡς
627 587 652 613 οι
662 587 711 622 τῆς
725 588 899 620 ἀναστάσεως

109 630 270 665 τευξόμενοι
293 632 415 658 ἔσονται
431 631 491 658 τότε
510 632 550 665 ὡς
571 632 702 668 ἄγγελοι,
725 633 787 660 ἔνθα
801 633 897 669 πειρά-

109 676 203 707 ζουσιν
223 677 306 703 αὑτὸν
320 678 345 703 οἱ
362 677 543 705 Σαδδουκαῖοι.
571 678 717 714 Ἐπέφερες
737 677 782 705 οὖν
795 687 801 694 ·
818 679 848 705 0i.
870 679 898 705 δὲ

110 720 232 755 ἄγγελοι,
247 722 326 753 ἐκτὸς
338 722 412 754 ὄντες
430 723 540 757 σαρκὸς,
556 724 585 750 ὲν
605 724 803 759 μακαριότητος
816 725 899 760 ἀκρό-

109 776 181 802 τητι,
196 767 242 794 διὰ
263 767 341 794 τοῦτο
366 768 414 795 καὶ
440 768 518 804 δόξης
533 769 603 796 εἰσί·
627 771 673 796 καὶ
692 771 763 806 ἡμᾶς
780 770 808 796 δὲ
832 771 897 806 ἄρα,

949 186 995 209 aut
1008 179 1182 216 procreanda}
1203 177 1290 206 soboli
1300 183 1420 212 ,operam
1436 174 1537 206 daturi,
1553 173 1600 201 sed
1622 172 1731 207 angelov

949 235 1010 254 rum
1036 234 1122 259 more,
1137 225 1196 253 sine
1222 224 1277 251 ulla
1305 221 1463 253 mutatione,
1485 219 1632 247 immortali
1657 222 1729 246 statu

948 272 1105 300 felicissime
1116 269 1213 297 victuri
1228 268 1294 303 (90).
1306 265 1477 300 Proindequc
1488 268 1531 292 est
1537 265 1649 292 stultum
1656 271 1728 299 quae

948 327 1021 352 rere,
1033 325 1152 353 quanam
1162 316 1225 344 vita:
1237 314 1344 342 ratione
1358 320 1442 340 usura
1458 312 1513 340 sint
1529 318 1656 346 corpora,
1667 317 1728 337 cum

949 371 1036 399 neque
1052 371 1108 396 aer,
1121 368 1209 396 neque
1219 364 1304 392 terra,
1314 365 1401 394 neque
1413 357 1560 392 quidquam
1570 360 1730 384 ceterorum

949 410 984 437 sit
997 408 1114 443 amplius
1133 406 1266 433 futurum.

983 454 1018 482 Χ.
1034 454 1074 481 Ad
1088 454 1146 481 haec
1161 459 1226 480 vero
1253 454 1296 479 est
1312 454 1338 478 et
1364 449 1429 476 illud
1443 448 1540 476 merito
1555 447 1730 474 cnnsideran~

948 500 1013 528 dum
1026 520 1033 532 ,
1050 504 1079 526 ut
1093 498 1221 525 nimirum
1241 496 1339 523 habeat
1355 495 1466 521 multam
1488 493 1595 519 ruinam
1607 491 1674 526 (9i),
1690 495 1730 517 at-

948 554 1001 582 que
1013 553 1027 573 a
1044 552 1108 573 vero
1123 545 1260 571 incautum
1276 541 1392 568 abducat
1409 549 1416 568 :
1432 538 1563 574 siquidem
1585 541 1627 565 est
1648 537 1674 563 in
1688 545 1730 563 rc-

948 592 999 620 bus
1016 591 1099 618 tantis
1114 589 1244 617 audacter
1261 586 1436 622 loquendum.
1453 595 1469 611 ο
1484 584 1653 620 Aglaophon.
1663 582 1730 609 Nam

948 637 1041 665 dixisti
1059 635 1233 671 respondisse
1250 633 1394 661 Dominum
1418 630 1577 658 Sadducueis
1600 630 1730 656 tentanti-

948 683 999 711 bus
1011 703 1018 716 ,
1036 682 1105 714 fore,
1127 685 1157 708 ut
1186 680 1233 715 qui
1261 678 1468 707 resurrectionis
1484 681 1623 711 compotes
1639 679 1730 706 erunt,

948 729 1001 756 sint
1028 728 1095 755 sicut
1120 726 1246 761 angeli“.
1269 724 1387 751 intulisti
1417 731 1504 759 ergo:
1522 721 1604 756 Atqui
1633 721 1730 754 angeli.

950 774 1013 809 quia
1028 773 1120 801 carnis
1143 775 1279 806 expertes,
1300 771 1327 798 in
1351 777 1457 797 summa
1481 769 1584 803 degunt
1602 767 1730 794 felicitate

109 812 285 844 ἐξισάζεσθαι
311 814 454 849 μέλλοντας
467 815 602 850 ἀγγέλοις,
617 815 722 851 ἀνάγκη
734 815 776 851 δὴ,
792 815 891 852 σαρκῶι

950 822 977 846 et
990 818 1076 853 gloria
1094 826 1102 845 :
1120 824 1205 851 quare
1222 820 1249 844 et
1263 823 1313 843 nos
1328 823 1397 850 quos
1411 814 1513 848 aequari
1529 816 1635 847 oportet
1648 819 1730 845 ange-

109 858 242 890 ὼσαύτως
262 859 378 892 ἐκείνοις
397 861 526 896 γυμνοὺς,
548 861 679 895 ἀγγέλους
702 861 809 888 ἔσεσθαι
831 862 896 888 δεῖν·

108 904 158 930 οὐκ
181 905 342 940 ἐπιστήσας,
372 902 394 933 ὦ
424 906 536 942 ἄριστε,
559 906 596 938 ὡς
612 908 626 933 ὁ
641 908 756 942 ποιήσας
778 907 824 934 καὶ
841 907 897 933 δια-

109 951 253 985 κοσμήσας
271 950 300 984 eg
321 951 370 978 οὐκ
389 951 471 978 ὄντων
491 952 521 978 τὸ
538 953 602 984 πᾶν,
618 953 667 988 τὴν
685 952 739 979 τῶν
756 953 896 980 ἀθανάτων

109 997 202 1030 φύσιν,
222 997 254 1023 οὐ
268 997 348 1032 μόνον
374 998 414 1029 εἰς
435 998 565 1032 ἀγγέλους
587 998 634 1025 καὶ
649 998 820 1035 λειτουργοὺς
841 999 897 1025 δια-

109 1043 206 1077 νείμας
225 1042 415 1078 διεκόσμησεν,
440 1043 507 1070 ἀλλά
527 1044 574 1071 καὶ
599 1046 638 1077 εἰς
661 1045 756 1081 ἀρχὰς,
779 1046 825 1072 καὶ
840 1045 897 1081 0ρό-

109 1096 180 1119 νους,
197 1088 246 1114 καὶ
261 1089 393 1121 ἐξουσίας.
410 1089 490 1116 Ἀλλο
501 1089 555 1125 γὰρ
567 1090 643 1124 γένος
654 1091 684 1117 τὺ
696 1091 749 1117 τῶν
763 1091 896 1125 ἀγγέλων,

108 1134 155 1159 καὶ
167 1133 233 1160 ἄλλο
246 1134 276 1160 τὺ
290 1134 345 1161 τῶν
363 1135 455 1170 ἀρχῶν
471 1135 518 1162 καὶ
538 1135 680 1169 ἐξουσιῶν·
695 1136 736 1162 ὅτι
753 1136 788 1172 μὴ
803 1137 896 1172 τάγμα

109 1177 147 1210 ἓν,
161 1179 209 1205 κα)⁹
224 1179 273 1214 μία
286 1180 423 1212 σύστασις,
439 1180 486 1207 καὶ
497 1180 576 1215 φυλὴ,
589 1181 634 1207 καὶ
650 1181 750 1216 πατριὰ
761 1182 814 1209 τῶν
829 1182 895 1209 ἀθα-

108 1225 215 1250 νάτων·
250 1225 319 1252 ἀλλά
345 1226 421 1262 γένη,
449 1227 496 1253 καὶ
523 1227 614 1261 φυλαὶ,
629 1227 675 1254 καὶ
690 1228 830 1263 διαφοραί·
847 1228 894 1255 καὶ

108 1269 169 1296 οὗτε
181 1270 217 1297 τὰ
232 1271 375 1306 χερουσὶμ,
390 1272 438 1307 τῆς
455 1272 522 1304 ἰδίας
539 1272 701 1307 ὲξιστάμενα
718 1273 835 1307 φύσεως,
853 1274 893 1305 εἰς

107 1315 156 1351 τὴν
177 1316 233 1343 τῶν
256 1316 378 1350 ἀγγέλων
406 1317 476 1345 ἰδέαν
501 1318 765 1354 μετασκευάζονται·
788 1319 843 1346 οὔτ’
858 1318 892 1346 αὖ

107 1361 189 1387 πάλιν
213 1362 254 1393 εἰς
277 1362 372 1398 ἑτέραν
389 1363 444 1398 (89)
465 1365 493 1390 οἱ.
512 1364 631 1398 ἄγγελοι.
649 1362 726 1391 Εἶναι
748 1365 802 1401 γὰρ
825 1366 894 1393 αὐτὰ

108 1407 159 1442 χρὴ
174 1407 222 1433 καὶ
236 1407 250 1433 ὅ
266 1408 328 1440 εἰσι,
344 1408 391 1434 καὶ
407 1408 421 1434 ὃ
439 1409 591 1443 γεγόνασιν.
613 1409 694 1445 ’Λτὰρ
707 1410 753 1437 καὶ
766 1410 779 1436 ὀ
792 1410 894 1446 ἄνθρω-

108 1460 157 1483 πος
177 1452 224 1478 τὸν
248 1452 349 1488 κόσμον
372 1454 472 1486 οἰκεῖν,
495 1454 611 1480 καὶτῶν
637 1455 665 1482 ὲν
690 1454 764 1490 αὐτῷ
786 1456 894 1482 πάντων

949 864 992 895 lis,
1009 870 1121 890 necesse
1135 866 1177 890 est
1195 861 1228 889 ad
1242 861 1365 889 eumdem
1382 859 1490 886 modum
1505 865 1587 885 carne
1602 857 1730 888 nudatos,

948 910 1058 945 angelos
1074 908 1142 936 ﬁeri.
1159 906 1216 935 Nec
1237 907 1314 939 illud,
1340 905 1441 940 Optime
1456 903 1588 934 virorum,
1607 902 1730 930 animad-

947 954 1052 982 vertisti
1066 963 1073 987 ;
1087 961 1159 986 eum,
1175 953 1222 988 qui
1241 960 1275 979 ex
1293 950 1377 978 nihilo
1393 949 1523 976 mundum
1540 948 1683 975 fabricavit
1699 955 1729 974 ac

947 1000 1099 1031 constituit,
1114 1006 1168 1026 non
1187 998 1290 1033 angelis
1312 996 1393 1024 modo
1418 999 1445 1023 et
1464 993 1633 1022 administris
1650 993 1729 1029 (92;;

947 1045 994 1073 sed
1010 1049 1036 1073 et
1049 1044 1246 1080 principatibus
1259 1046 1287 1070 et
1301 1042 1407 1070 thronis
1421 1045 1448 1069 et
1458 1041 1640 1076 potestatibus
1658 1047 1719 1067 eam

947 1091 1007 1118 dem
1021 1090 1233 1118 immortalitatis
1248 1093 1375 1117 naturam
1390 1087 1552 1122 impertisse.
1566 1086 1646 1113 Aliud
1657 1086 1728 1113 enim

946 1136 1103 1171 angelorum
1122 1143 1218 1170 genus,
1235 1134 1362 1168 aliudque
1383 1132 1584 1167 principatuum
1606 1136 1633 1158 et
1654 1131 1727 1157 aliud

945 1185 1130 1217 potestatum;
1151 1188 1183 1208 eo
1197 1180 1268 1215 quod
1285 1187 1338 1206 non
1355 1186 1426 1205 unus
1442 1178 1518 1209 ordo,
1536 1185 1640 1204 unusve
1668 1184 1726 1203 cm-

946 1231 991 1255 tus
1007 1235 1039 1255 ac
1050 1227 1138 1254 tribus
1154 1226 1311 1260 iamiliaque
1330 1225 1366 1253 sit
1385 1224 1577 1252 immortalium
1596 1233 1602 1250 :
1618 1223 1665 1250 scd
1681 1231 1726 1257 ge-

945 1280 1051 1304 nerum,
1068 1279 1099 1298 ac
1115 1271 1189 1298 velut
1203 1271 1322 1298 tribuum
1338 1274 1365 1298 et
1389 1269 1529 1296 nationum
1545 1268 1669 1296 divortia.
1689 1268 1726 1294 Ac

946 1325 1034 1353 neque
1051 1317 1201 1349 cherubim,
1215 1315 1394 1344 desciscentia
1411 1323 1425 1341 a
1443 1318 1540 1341 natura
1556 1322 1615 1346 sua,
1634 1314 1662 1340 in
1679 1322 1726 1340 an-

946 1365 1066 1400 gelorum
1083 1364 1200 1399 speciem
1216 1366 1378 1394 transeunt;
1394 1368 1482 1396 neque
1497 1364 1591 1387 contra
1606 1359 1633 1386 in
1649 1363 1725 1386 natu-

945 1418 1003 1437 ram
1023 1410 1103 1437 aliam
1128 1409 1216 1445 angeli
1243 1411 1455 1436 commutantur.
1480 1406 1595 1441 Quippe,
1608 1413 1669 1433 esse
1683 1406 1726 1433 illa

945 1456 1017 1491 quod
1040 1459 1112 1487 sunt,
1130 1460 1163 1482 et.
1184 1455 1336 1490 cujusmodi
1365 1454 1497 1489 producta
1527 1456 1600 1485 sunt,
1616 1460 1725 1479 necesse

107 1497 284 1532 ἡγεμονεύειν
303 1498 422 1533 τακθεὶς,
447 1500 496 1534 τῆς
513 1499 542 1532 ἐξ
568 1500 655 1535 ἀρχῆς
677 1488 891 1536 διακοσμήσεως,

946 1488 997 1530 est.
1018 1501 1198 1535 Quamobrem
1215 1488 1295 1527 etiam
1308 1500 1389 1526 homo
1405 1499 1471 1532 (95),
1489 1499 1536 1534 qui
1552 1502 1581 1526 ut
1592 1498 1724 1526 habitaret

107 1542 240 1574 ἀθάνατος
256 1543 304 1575 ὢν,
321 1543 366 1570 τοῦ
380 1542 447 1571 εἶναι
462 1545 602 1580 ἄνθρωπος
617 1545 713 1572 οὔποτε
729 1547 894 1582 μεταϐληθῆ-

107 1596 183 1615 σεται
201 1588 264 1615 οὔτε
281 1591 321 1621 εἰς
332 1590 381 1625 τὴν
401 1590 454 1617 τῶν
477 1591 598 1625 ἀγγέλων
623 1591 684 1619 οὗτε
711 1593 750 1624 εἰς
774 1592 821 1627 τὴν
837 1593 893 1619 τῶν

107 1634 208 1669 ἑτέρων
225 1635 347 1670 μορφήνε
362 1636 403 1662 ὃτι
427 1636 493 1671 μηδὲ
514 1637 539 1662 οἱ
559 1637 667 1671 ἄγγελοι
688 1639 727 1669 εις
747 1638 795 1673 τήν
811 1638 893 1673 ἀλλην

106 1681 154 1716 τῆς
165 1680 195 1712 ἐξ
210 1681 298 1715 ἀρχῆς
319 1681 389 1713 ἰδέας
402 1683 650 1718 μετακοσμούμενοι
670 1684 889 1719 μεταϐάλλονται.

111 1727 141 1753 '0
153 1727 209 1762 γὰρ
223 1727 341 1762 Χριστὸς
356 1726 422 1763 ἧκεν
437 1728 486 1755 οὐκ
500 1730 539 1760 εἰς
554 1729 648 1764 ἑτέραν
669 1730 891 1765 μεταπλασθῆναι

107 1772 282 1808 κηρύσσωνῆ
304 1773 556 1809 μετασκευασθῆναι
578 1774 627 1810 τὴν
653 1775 823 1810 ἀνθρωπείαν
842 1776 892 1810 φύ-

155 1849 179 1864 ¹²
199 1849 299 1877 Matth.
315 1858 385 1877 xxn.
403 1850 447 1878 50.

139 1907 196 1941 (88)
213 1907 313 1939 Ἄξιον
323 1908 366 1935 δέ.
381 1909 420 1935 Ex
431 1908 527 1943 Epiph.
540 1909 617 1940 luem,
632 1916 659 1935 n.
673 1908 717 1935 55.

107 1977 120 1981 υ
133 1942 198 1981 _(89)
218 1944 271 1981 Εἰς
282 1943 396 1981 ἑτέραν.
409 1942 490 1981 Εᾱῐιί,
507 1945 546 1975 εἰς
562 1943 692 1981 (τὴντῶν)
707 1942 815 1979 ἑτέρων.
832 1943 893 1971 Mox

106 1976 198 2013 iidem,
217 1976 366 2013 vitiosae!
383 1978 436 2013 γάρ
450 1983 511 2013 post
527 1976 680 2012 γεγόνασιν.

139 2012 199 2049 (90)
220 2012 385 2049 Felicissime
408 2012 510 2049 victuri,
537 2014 571 2040 τὰ
599 2014 696 2049 ἄριστα
729 2013 890 2049 πράξοντας.

105 2045 217 2074 Ρῒιι-οεὶε
233 2048 302 2074 nihil
317 2056 398 2079 nova,
413 2048 565 2084 rudiusque
575 2045 704 2084 expressa
720 2045 773 2076 illis
788 2049 889 2081 verbis,

105 2084 203 2116 optima
217 2091 323 2117 qumque
339 2084 446 2117 facturi.

137 2117 194 2151 (9|)
214 2117 249 2144 Ut
274 2119 400 2144 nimirum
419 2119 511 2145 habeat
527 2118 637 2144 multum
648 2119 762 2150 ruinam,
775 2122 829 2146 etc.
840 2119 890 2145 C0-

103 2151 193 2185 giinur
208 2153 289 2188 longa
300 2153 351 2179 hac
369 2153 528 2188 paraphrasi
543 2161 627 2188 pauca
643 2153 687 2180 illa
702 2154 782 2180 verba
796 2154 888 2188 expri-

103 2193 186 2223 mere,
201 2187 240 2218 ὡς
256 2188 312 2223 ἔχει
327 2189 424 2223 πολλὴν
438 2187 595 2220 διάπτωσιν,
607 2188 653 2215 ubi
667 2188 707 2219 τὸ,
717 2188 771 2223 ἔχει
786 2188 890 2223 accipio

103 2226 131 2258 ut
143 2222 312 2258 absolutum.
325 2222 461 2258 quomodo
474 2227 516 2251 est
531 2222 631 2250 Graecis
647 2222 887 2258 elegantissimum.

102 2255 148 2283 Est
161 2257 251 2293 littera
263 2255 354 2285 minus
366 2266 431 2285 sana
444 2267 449 2285 :
461 2258 501 2291 τὸ,
510 2255 700 2293 διαλεγόμενος
708 2259 734 2285 in
747 2258 888 2293 impressis

102 2292 243 2328 propalam
270 2293 398 2321 vitiosum
427 2297 468 2321 est
497 2303 504 2321 :
532 2292 727 2328 omisimusque
742 2292 815 2328 ﬁcum
843 2301 887 2321 sc-

102 2327 195 2360 quenti
217 2329 399 2363 πραγμάτων,
412 2329 497 2356 secuti
511 2328 592 2354 alium
606 2327 726 2355 codicem
741 2327 844 2363 Rupit,
854 2336 888 2355 ex

102 2369 155 2397 quo
178 2365 206 2389 et
228 2363 310 2390 editis
336 2371 418 2390 unam
439 2364 517 2391 nobis
539 2363 654 2390 litteram
671 2363 886 2397 composuimus.

102 2395 236 2430 impressa
260 2398 334 2425 velut
358 2397 482 2433 Origenis
497 2402 524 2425 et
540 2397 566 2424 in
581 2399 659 2425 tertia
673 2395 800 2433 persona,
817 2398 886 2426 refe-

102 2435 179 2468 runt»;
193 2439 244 2460 nos
258 2440 320 2460 cum
341 2441 392 2460 ms.
410 2437 439 2459 ut
453 2433 659 2468 Aglaophontis,
675 2436 702 2460 et
715 2433 742 2459 in
755 2433 884 2465 secunda,

194 2468 282 2502 magis
302 2471 436 2494 consonat
458 2466 578 2502 reliquis.
601 2467 777 2503 lmpugnatur
798 2476 885 2496 novus

125 2503 326 2528 rtzenianorum
346 2511 433 2528 error.
454 2511 486 2528 ex
508 2503 597 2528 nriore
612 2503 658 2528 illo
678 2504 885 2528 resurrectionis

125 2503 326 2535 rigenianorum
346 2511 433 2534 error,
454 2511 486 2530 ex
508 2503 597 2537 priore
612 2503 658 2530 illo
678 2504 885 2531 resurrectionis

102 2536 202 2571 absque
215 2545 299 2565 carne
313 2541 402 2569 ortus,
417 2536 516 2572 nempe
523 2538 681 2566 mutationis
692 2539 843 2565 animarum
857 2539 885 2565 in

103 2573 218 2608 angelos,
236 2573 264 2600 in
285 2580 342 2607 quo
362 2577 403 2600 est
420 2574 503 2600 multa
524 2573 569 2600 illa
584 2580 677 2600 eorum
695 2573 883 2608 παράπτωσις,

103 2606 206 2643 o/fensio
223 2616 233 2634 :
251 2606 327 2636 velut
341 2608 564 2643 impingentibus,
577 2608 661 2636 semel
675 2615 690 2634 a
706 2606 821 2635 veritate
836 2608 884 2636 de-

103 2642 148 2667 vxis
163 2642 331 2671 hominibus.
432 2642 438 2643 ί
626 2644 628 2647 ’

133 2677 186 2714 (ῼΞ)
203 2677 237 2704 Et
252 2678 433 2709 administris,
460 2679 506 2705 καὶ
527 2677 709 2714 λειτουργούς.
732 2679 837 2714 Accipit
853 2683 883 2706 ut

101 2711 217 2750 ordinem
232 2713 360 2748 angelico
377 2714 555 2750 superiorem,
570 2718 599 2740 ut
619 2711 881 2750 'e'xisequenti'loca-

103 2749 168 2784 tione
178 2753 371 2775 creaturarum
387 2755 436 2784 pro
449 2749 581 2783 cujusque
603 2749 688 2783 gradu
714 2750 796 2784 liquet
809 2758 816 2782 ;
829 2757 881 2784 qua

104 2783 176 2809 :elos
189 2785 315 2814 assignat
331 2783 452 2814 angelis;
468 2784 569 2811 lumina
578 2791 651 2814 vero,
665 2783 767 2815 potiora
780 2785 805 2811 in
823 2783 880 2811 cm-

945 1546 1077 1573 mundum
1092 1545 1272 1579 onmibusque
1286 1545 1314 1571 in
1325 1551 1358 1571 eo
1369 1543 1452 1570 rebus
1468 1546 1607 1578 praeesset,
1623 1550 1655 1569 ex
1669 1543 1724 1577 pri-

945 1599 989 1618 ma
1005 1591 1182 1626 dispositione
1196 1590 1360 1617 constitutus
1376 1594 1437 1620 est,
1456 1589 1530 1615 velut
1549 1588 1723 1619 immortalis,

945 1644 1084 1673 nunquam
1100 1637 1128 1663 in
1142 1636 1299 1671 angelorum
1316 1637 1363 1661 aut
1380 1634 1493 1661 alterius
1509 1633 1655 1668 cujuslibet
1670 1633 1724 1659 l‘or~

944 1691 1015 1710 mam
1029 1691 1062 1711 ex
1077 1683 1186 1710 homine
1200 1681 1398 1709 convertendus
1411 1684 1471 1713 est;
1487 1679 1596 1715 quando
1612 1687 1662 1706 nec
1677 1687 1723 1705 an-

944 1729 995 1760 geli
1018 1730 1052 1756 ab
1065 1735 1095 1756 ea
1109 1727 1280 1763 quaminitio
1292 1727 1382 1754 sortiti
1395 1730 1457 1753 sunt
1469 1725 1558 1760 specie
1573 1730 1598 1752 et
1614 1728 1722 1756 natura,

942 1775 1132 1804 transformari
1152 1778 1179 1802 et
1195 1774 1294 1801 mutari
1313 1777 1437 1809 possunt.
1453 1772 1486 1799 Et
1501 1780 1565 1800 vero
1586 1772 1722 1805 Christus.

950 1907 994 1941 lis,
1008 1912 1034 1946 et
1047 1909 1237 1944 respondentia
1255 1911 1410 1946 purioribus
1422 1910 1475 1938 illis
1490 1909 1638 1938 luminibus
1652 1911 1722 1938 assi~

948 1943 1190 1980 gnatisrsupremis
1214 1943 1370 1980 spiritibus.
1387 1953 1484 1980 nempe
1510 1946 1676 1980 seraphinis;
1695 1950 1723 1973 ut

944 1978 1268 2016 etsedibusgthronisq’ue
1281 1978 1630 2016 potestatumirespondent
1647 1981 1721 2008 cmli.

943 2012 1075 2050 Ministris
1090 2014 1142 2041 illis
1156 2024 1162 2041 :
1184 2012 1332 2050 respiciens
1363 2016 1432 2042 forte
1448 2012 1520 2041 illud'
1535 2015 1602 2049 psal.
1615 2016 1699 2048 cut,4
1715 2026 1721 2042 :

944 2048 996 2089 Qui
1017 2048 1082 2082 facit
1091 2050 1203 2089 .angelos
1225 2048 1285 2077 suo:
1306 2051 1425 2089 spiritus,
1451 2048 1638 2089 epminislros
1661 2060 1722 2078 suos

941 2083 1076 2120 ﬂammam
1088 2083 1154 2118 ignis
1167 2092 1176 2110 :
1186 2092 1251 2120 quae
1263 2089 1304 2113 est
1319 2086 1413 2120 purior
1429 2085 1525 2120 spiritu
1542 2093 1590 2112 seu
1605 2090 1685 2113 vento
1696 2091 1721 2113 ct

940 2117 1017 2156 llatu‘
1032 2119 1088 2156 illic
1099 2117 1267 2156 ’signiliéato,
1283 2117 1452 2156 propiusque
1461 2120 1566 2148 accedit
1595 2120 1628 2146 ad
1644 2126 1721 2148 natu-

940 2160 998 2180 ram
1011 2153 1142 2189 luminum
1157 2155 1272 2189 igneam,
1283 2153 1501 2187 Vel'l'ornialiter,
1515 2155 1593 2189 juxta
1618 2156 1721 2189 pleros-

940 2196 993 2228 que
1007 2187 1111 2228 Patres,
1128 2187 1178 2216 veli
1187 2190 1408 2228 saltemvirtute,
1425 2191 1504 2228 justa
1515 2187 1721 2228 ‘Peripa-teticos

940 2227 966 2250 et
981 2224 1273 2260 invehentesquintam
1288 2226 1360 2252 illam
1374 2227 1528 2253 essentiam.
1546 2225 1637 2252 Vidori
1657 2233 1721 2260 pos-

940 2263 1004 2295 sunt
1028 2259 1078 2295 ista
1108 2259 1198 2287 minus
1225 2260 1390 2295 Dionysiana
1414 2271 1420 2287 :
1453 2261 1498 2287 sed
1528 2260 1595 2287 nihil
1623 2259 1720 2287 mirum

939 2292 1031 2326 ignoto
1052 2293 1180 2328 Dionysio
1204 2303 1259 2322 non
1288 2292 1374 2323 solum
1403 2295 1548 2328 Methodio,
1568 2294 1614 2322 scd
1638 2296 1720 2323 etiam

938 2327 1142 2363 Chrysostomo,
1157 2331 1203 2363 qui
1223 2334 1249 2357 cl.
1275 2330 1333 2364 ipse
1351 2330 1418 2356 nihil
1434 2330 1597 2364 Dionysiane
1614 2329 1647 2356 de
1670 2339 1719 2356 an-

937 2363 1003 2398 gelis
1016 2364 1094 2390 sentit
1110 2370 1137 2391 et
1152 2364 1241 2397 doret,
1256 2363 1317 2391 cum
1332 2369 1427 2399 praeter
1441 2363 1520 2392 notos
1532 2365 1610 2391 nobis
1625 2372 1719 2392 eorum

937 2398 1061 2436 populos,
1075 2399 1174 2436 ἄπειρα
1188 2399 1250 2436 ἔθνη
1268 2400 1314 2426 καὶ
1325 2398 1394 2436 ᾡῠλᾳ
1412 2399 1546 2436 ἀμύθητα.
1557 2407 1608 2436 nec
1623 2407 1656 2426 ex
1670 2408 1720 2436 no-

937 2434 1010 2461 mine
1027 2438 1092 2461 nota
1120 2433 1270 2467 contendit,
1286 2438 1312 2461 et
1332 2433 1428 2468 probat
1448 2442 1478 2461 ex
1497 2433 1542 2461 illo
1557 2433 1668 2468 Ephes.,
1686 2435 1720 2462 Et

936 2477 1011 2505 anque
1029 2477 1122 2496 nomen
1136 2471 1204 2505 quod
1219 2469 1370 2505 nominatur
1386 2478 1436 2495 non
1457 2469 1543 2495 solum
1559 2470 1586 2496 in
1604 2469 1652 2495 hoc
1669 2479 1719 2497 sw-
1738 2487 1742 2492 -

936 2504 1005 2535 culo,
1023 2505 1078 2536 sed,
1095 2503 1161 2536 etcl,
1174 2505 1247 2532 hom.
1265 2505 1292 2536 4,
1311 2503 1349 2530 De
1364 2504 1489 2538 incompr.
1506 2509 1533 2531 et
1545 2504 1572 2535 5,
1587 2505 1719 2532 cherubin

935 2539 1008 2566 velut
1015 2539 1133 2600 Ithronos
1144 2539 1202 2572 Dei,
1220 2547 1307 2574 eoque
1324 2539 1362 2566 illi
1376 2539 1590 2574 conjunctiores,
1610 2539 1719 2574 praefert

935 2581 1012 2600 serao
1034 2582 1072 2600 in.

935 2581 1072 2607 serapmn.

969 2608 1214 2669 (95g_Quamobrem
1241 2610 1320 2636 etiam
1335 2609 1420 2641 homo,
1440 2609 1510 2645 ἀτὰρ
1524 2609 1571 2636 καὶ
1585 2609 1599 2635 ὁ
1613 2609 1718 2644 ἄνθρω-

969 2652 992 2669 c.
1033 2652 1057 2669 lC
1073 2644 1147 2669 clare
1171 2645 1291 2669 procedit
1314 2645 1482 2669 Methodiana
1505 2646 1714 2669 arunmenlalin.

934 2652 992 2675 πος.
1011 2643 1057 2680 Sic
1073 2644 1147 2670 clare
1171 2645 1291 2678 procedit
1314 2643 1715 2680 Methodiana'argumentatio,

933 2686 1013 2714 quam
1035 2678 1168 2714 impressa
1186 2680 1306 2714 κοπιιηὶηο
1329 2681 1512 2714 obscurabant
1540 2678 1717 2707 coridition'ali

933 2712 978 2740 illa
989 2713 1024 2740 εἰ.
1036 2712 1163 2748 lnterpr.,
1180 2713 1283 2750 Etenim
1300 2719 1324 2741 et
1346 2715 1432 2748 homo,
1459 2712 1525 2746 etc.,
1541 2722 1594 2750 quo
1611 2715 1716 2749 signiﬁ-

932 2752 1011 2776 catur
1026 2752 1054 2775 ut
1079 2748 1252 2782 antecedens,
1282 2751 1354 2784 quod
1384 2748 1671 2778 Mclhodius‘assuuiit
1687 2753 1717 2778 ut

932 2791 1111 2815 consequens.
