1920 3070
235 100 290 130 283

725 105 756 134 δ.
775 105 943 134 ME‘rttoou
962 106 1117 136 EPISCOPI
1138 107 1181 134 ET
1202 99 1380 136 MARTYRIS

1802 102 1856 130 εει

236 163 383 191 rectionem
396 170 459 192 esse
470 163 646 196 conﬁtentur,
658 169 689 194 ut
702 173 763 194 eam
777 166 844 194 nihil
857 167 890 194 ad
908 175 1009 195 carnea

1068 169 1172 196 ισταται
1184 189 1196 201 ,,
1215 167 1286 195 κατὰ
1298 167 1328 194 τὺ
1342 163 1546 202 γεγραμμένον
1562 163 1610 198 Μὴ
1625 165 1641 191 ὁ
1656 163 1778 190 πίπτων
1799 162 1857 188 οὐκ

235 209 370 244 pertinere
395 213 498 244 putent,
516 213 744 240 resurrectionem
766 213 875 248 penitus
904 217 1012 249 negant.

1067 214 1233 245 ἀνίσταται,
1258 213 1277 247 ἢ
1291 214 1306 239 ὁ
1320 211 1516 246 ἀποστρέφων
1526 211 1581 238 οὐκ
1593 208 1794 243 ἁναστρέφευ

234 256 456 291 Quandoquidem
479 264 535 284 non
565 258 632 285 illud
647 259 721 294 quod
749 263 813 292 stat,
834 260 882 287 sed
911 260 983 294 quod
1007 260 1105 287 cecidit
1135 265 1161 287 et
1186 259 1344 290 inclinavit.
1373 265 1521 292 exsurgere
1547 257 1646 283 dicitur
1660 260 1688 283 et
1711 254 1856 286 suscitari,

231 305 309 340 juxta
326 312 358 331 ac
374 305 504 340 scriptum
525 310 567 336 est
582 307 605 323 ¹⁹
621 316 628 334 :
647 306 773 343 Nunquid
798 308 843 343 qui
863 308 936 335 cadit
952 316 1003 334 non
1021 308 1145 343 resurgit,
1163 313 1209 334 aut
1225 307 1269 342 qui
1283 306 1376 334 auertit
1393 314 1420 332 se
1431 313 1482 331 non
1500 304 1659 331 revertitur?

267 350 335 378 Xlll.
350 351 484 385 Quoniam
497 361 561 381 caro
577 354 648 382 inter
659 354 778 382 confinia
794 356 980 390 corruptionis
990 360 1017 383 et

231 397 460 433 incorruptionis,
479 406 511 426 ac
536 408 588 428 nec
611 402 749 436 corruptio
777 409 826 429 nec
847 402 1016 436 incorruptio

230 447 320 471 creata
335 447 410 478 erat;
439 445 511 472 victa
537 453 602 473 vero
617 450 658 474 est
672 455 687 474 a
700 447 875 482 corruptione
905 450 1015 482 propter

231 489 395 524 voluptatem
410 509 418 521 ,
432 498 588 525 quanquam
616 495 689 518 esset
717 491 930 526 incorruptionis
945 499 1014 526 opus

229 538 256 562 et
271 534 410 569 possessio
423 543 430 560 :
446 535 549 562 idcirco
566 535 637 563 facta
652 541 694 564 est
707 537 872 571 corruptioni
885 536 1012 569 obnoxia,

231 580 423 616 inclinavitquc
444 581 472 607 in
496 586 593 608 terram
620 582 721 617 aggeris
734 582 766 609 '°.
782 582 928 618 Postquam
949 590 1013 619 ergo

230 627 302 653 victa
315 625 410 654 fuisset
423 633 438 653 a
452 627 637 663 corruptione,
660 629 795 664 mortique
818 633 928 664 propter
944 636 1013 664 pne-

230 673 421 700 varicationem
432 673 532 701 tradita
543 694 551 706 ,
569 674 658 701 noluit
669 674 741 703 Deus
755 675 841 710 ipsam
858 684 908 703 ceu
925 677 1010 704 haere-

229 719 340 747 ditatem
371 720 541 755 corruptioni
570 721 604 748 ad
620 721 761 749 victoriam
777 722 947 757 relinquere;
964 723 1013 750 sed

228 774 338 794 rursum
365 766 435 793 victa
455 774 503 802 per
518 767 747 795 resurrectionem
774 772 871 800 morte,
888 769 1013 796 incorru-

1101 357 1150 382 II".
1168 355 1275 390 Ἐπειδὴ
1301 354 1425 390 μεθόριος
1439 353 1488 388 μ’)
1504 352 1553 388 τῆς
1568 351 1724 387 ἀφθαρσίας
1742 350 1854 385 ἐγένετο

1065 402 1174 437 καὶτῆς
1200 401 1302 437 φθορᾶς
1317 402 1334 436 ἡ
1355 400 1432 436 σὰρξ,
1453 400 1503 426 οὐκ
1517 397 1584 426 οὖσα
1605 397 1666 424 οὔτε
1683 397 1774 433 φθορά
1789 397 1854 423 οὔτε

1065 448 1202 484 ἀφθαρσία
1211 467 1219 479 ,
1234 447 1370 483 ἐκρατήθη
1384 447 1412 472 δὲ
1427 445 1471 472 διὰ
1483 446 1532 481 τὴν
1546 444 1641 480 ἡδονὴν
1655 444 1708 470 ὑπὸ
1722 443 1773 479 τῆς
1788 442 1855 477 φθο-

1066 495 1124 530 ρᾶς,
1147 494 1252 529 ποίημα
1269 493 1318 528 τῆς
1329 492 1481 528 ἀφθαρσίας
1494 491 1540 518 καὶ
1562 491 1655 526 κτῆμα
1671 491 1853 524 ὑπάρχουσαο

1065 541 1109 567 διὰ
1128 540 1206 566 τοῦτο
1222 539 1329 574 ἐγένετο
1356 538 1460 574 φθαρτὴ
1483 537 1530 564 καὶ
1550 538 1593 570 εὶς
1606 536 1664 571 γῆν
1685 535 1780 570 ἐκλίθη
1796 533 1855 569 χώ-

1063 595 1165 621 ματος.
1180 585 1235 613 Καὶ
1247 586 1310 612 ἐπεὶ
1323 582 1368 612 οὖν
1388 583 1526 619 ἐκρατήθη
1542 582 1594 609 ὑπὸ
1606 583 1655 617 τῆς
1671 581 1785 617 φθορᾶς,
1806 581 1855 607 καὶ

1065 632 1173 667 θανάτῳ
1197 631 1241 658 διὰ
1254 631 1398 668 παρακοὴν
1418 629 1562 666 παρεδόθη,
1587 630 1709 660 εῐςνῖκος
1737 627 1823 662 αὐτὴν
1839 628 1855 653 ὁ

1065 679 1130 710 Θεὸς
1153 680 1186 714 τῇ
1204 679 1290 715 φθορᾷ
1311 678 1434 713 καθάπερ
1457 675 1637 712 κληρονομίαν
1647 675 1677 701 οὐ
1689 674 1853 701 κατέλιπεν·

1065 725 1133 754 ἀλλὰ
1147 725 1238 757 πάλιν,
1263 725 1307 752 διὰ
1323 725 1372 759 τῆς
1389 723 1561 756 ἀναστάσεως
1583 723 1696 757 νικήσας
1712 721 1760 747 τὸν
1773 720 1855 747 θανα-

1064 781 1119 804 τον,
1142 772 1282 808 παρέδωκε
1299 773 1331 807 τῇ
1353 770 1509 806 ἀφθαρσίᾳ,
1541 769 1584 795 ἵνα
1607 768 1643 804 μὴ
1658 767 1856 803 κληρονομήσει

229 812 315 848 ptioni
330 812 465 844 reddidit.
484 816 513 840 ut
530 821 564 841 ne
589 814 730 849 corruptio
758 814 1009 850 incorruptionem,

1066 820 1082 855 ή
1099 818 1186 854 φθορὰ
1206 817 1255 853 τὴν
1278 816 1441 852 ἀφθαρσίαν,
1459 816 1515 842 ἀλλ’
1534 816 1551 850 ὴ
1565 813 1702 850 ἀφθαρσία
1724 813 1755 839 τὸ
1771 813 1857 848 φθαρ-

229 857 277 884 sed
300 857 385 892 magis
411 857 591 892 incorruptio,
608 859 680 894 quod
706 862 747 886 cst
772 860 958 894 corruptibile,
983 861 1010 888 in

229 903 412 931 luereditatem
428 904 572 938 acciperet.
600 903 640 931 Ad
664 905 722 932 haec
749 905 840 941 itaque
866 906 1012 941 respondet

227 947 396 983 Apostolus:
415 948 524 983 Oportet
550 949 619 976 enim
649 950 816 984 corruptibile
842 951 890 978 hoc
904 951 1012 978 induere

226 995 457 1028 incorruptionem,
467 1000 490 1021 et
502 995 613 1022 mortale
632 996 679 1022 hoc
694 995 800 1023 induere
824 997 1012 1025 immortalita-

227 1045 279 1067 tem
294 1040 326 1066 ³¹.
350 1039 635 1075 Corruptibileautcm
655 1045 682 1068 et
693 1042 807 1069 mortale
834 1042 885 1070 hoc
900 1043 1012 1071 induere

225 1086 456 1114 immortalitatem
481 1091 508 1115 et
530 1088 772 1123 incorruptionem,
790 1089 856 1124 quid
873 1090 948 1117 aliud
964 1090 1009 1123 sit,

226 1140 306 1167 quam
323 1136 352 1159 ut
366 1132 436 1168 quod
459 1134 605 1160 seminatur
617 1134 645 1160 in
669 1135 850 1169 corruptione,
869 1139 960 1170 surgat
981 1136 1011 1162 in

225 1179 420 1214 incorruptione
438 1179 460 1195 "
481 1179 546 1214 (non
560 1180 632 1207 enim
652 1180 742 1207 anima
765 1181 951 1215 corruptibilis
970 1185 1012 1209 est

225 1230 272 1253 aut
288 1226 428 1259 mortalis;
446 1225 623 1260 corruptibile
650 1233 715 1254 vero
729 1230 755 1253 et
768 1226 840 1261 quod
854 1227 1009 1261 corrumpi—

225 1276 280 1304 tur,
303 1271 355 1299 ista
369 1279 432 1299 caro
447 1271 520 1308 est)?
536 1276 565 1299 ut
589 1273 656 1299 sicut
681 1273 841 1306 portavimus
871 1273 1010 1307 imaginem

226 1316 331 1349 terreni,
346 1321 477 1351 portemus
487 1321 511 1343 et
522 1317 660 1352 imaginem
676 1317 785 1345 cmlcstis
797 1317 830 1344 ³³.
842 1316 909 1344 Nam
923 1318 1012 1353 imago

225 1362 327 1389 terreni
339 1370 419 1397 quam
433 1363 612 1398 portavimus,
630 1363 697 1390 illud
716 1368 758 1391 est
775 1373 781 1390 :
797 1363 878 1390 Terra
890 1372 927 1395 es,
945 1369 970 1391 et
984 1365 1012 1391 in

226 1412 324 1434 terram
350 1408 485 1435 reverteris
498 1407 530 1434 ".
546 1408 637 1443 Imago
648 1412 738 1436 autem
761 1409 883 1436 cmlestis
910 1413 951 1437 est
966 1417 1011 1437 re-

226 1453 361 1481 surrectio
375 1461 410 1480 ex
418 1454 533 1481 mortuis
546 1458 573 1482 et
583 1454 754 1489 incorruptio
771 1464 777 1481 :
798 1454 832 1481 Ut
847 1455 915 1482 sicut
932 1454 1010 1482 Chri-

1060 865 1116 892 τόν.
1138 864 1364 899 Ἐπαποκρίνεται
1385 861 1450 896 γοῦν
1463 863 1477 888 ὀ
1489 861 1647 892 Ἀπόστολος
1659 869 1665 875 ι
1681 859 1732 886 Δεῖ
1748 859 1804 894 γὰρ
1820 858 1855 885 τὸ

1060 910 1193 946 φθαρτὸν
1216 909 1304 936 τοῦτο
1323 908 1509 936 ἐνδύσασθαι
1531 906 1723 942 ἀφθαρσίαν,
1748 905 1801 932 καὶ
1820 904 1856 932 τὸ

1061 955 1173 989 θνητὸν
1192 954 1279 982 τοῦτο
1291 953 1476 980 ἐνδύσασθαι
1492 952 1670 980 ἀθανασίαν.
1683 950 1808 987 Φθαρτὸν
1825 949 1856 976 δὲ

1063 1002 1111 1028 καὶ
1122 1001 1220 1036 θνητὸν
1233 999 1390 1035 ἐνδυόμενον
1402 997 1552 1025 ἀθανασίαν
1566 997 1592 1023 τί
1603 997 1667 1024 ἄλλο
1677 997 1710 1022 ἂν
1720 995 1764 1030 εἴη
1776 993 1856 1029 παρὰ

1060 1047 1094 1074 τὸ
1120 1047 1319 1081 σπειρόμενον
1349 1045 1384 1071 ἐν
1403 1043 1500 1079 φθορᾷ
1525 1043 1575 1070 καὶ
1595 1041 1798 1076 ἀνιστάμενον
1820 1041 1857 1067 ὲν

1060 1093 1211 1128 ἀφθαρσίᾳ
1237 1091 1288 1127 (ὅτι
1313 1091 1352 1126 μὴ
1375 1090 1481 1126 φθαρτή
1503 1091 1576 1116 ἐστιν
1596 1089 1612 1124 ἢ
1631 1088 1715 1124 θνητὴ
1737 1089 1755 1123 ή
1778 1087 1856 1123 ψυχὴ

1060 1138 1129 1166 ἀλλὰ
1145 1138 1176 1165 τὸ
1191 1137 1287 1173 θνητὸν
1299 1136 1378 1163 τοῦτο
1390 1136 1438 1162 καὶ
1454 1135 1630 1172 φθειρόμενον
1647 1134 1784 1170 σαρκίον);
1796 1135 1854 1165 ἵνα,

1061 1183 1157 1217 καθὼς
1173 1182 1360 1218 ἑφορέσαμεν
1378 1181 1435 1216 τὴν
1452 1182 1553 1209 εἰκόνα
1567 1180 1620 1207 τοῦ
1634 1179 1748 1214 χοῐκοῦ,
1765 1179 1858 1214 φορέ-

1061 1238 1161 1264 σωμεν
1179 1229 1228 1256 καὶ
1253 1229 1310 1263 τὴν
1331 1228 1434 1255 εἰκόνα
1455 1227 1509 1254 τοῦ
1527 1227 1716 1261 ἐπουρανίου.
1740 1226 1773 1252 Ἡ
1798 1225 1857 1262 γὰρ

1061 1275 1142 1302 εἰκὼν
1155 1275 1203 1302 τοῦ
1214 1274 1306 1311 χοϊκοῦ
1319 1274 1353 1310 ἣν
1376 1275 1556 1310 ἐφορέσαμεν,
1568 1274 1608 1306 τὸ,
1625 1272 1669 1306 Γῆ
1683 1271 1719 1304 εἷ,
1739 1272 1789 1298 καὶ
1809 1273 1858 1306 εις

1061 1320 1119 1356 γῆν
1130 1321 1298 1355 ἁπελεύσῃ,
1312 1320 1400 1347 ἐστίν·
1416 1321 1432 1355 ἡ
1448 1320 1478 1346 δὲ
1497 1319 1578 1346 εἰκὼν
1592 1318 1639 1344 τοῦ
1655 1317 1819 1353 ἐπουρανίου
1836 1317 1856 1353 ἡ

1061 1368 1094 1394 ἐκ
1108 1366 1211 1402 νεκρῶν
1231 1367 1378 1398 ἀνάστασις
1393 1367 1439 1393 καὶ
1457 1368 1473 1401 ή
1489 1365 1641 1401 ἀφθαρσία·
1659 1365 1717 1396 ἵνα,
1737 1365 1857 1397 Ὥσπερ

1061 1412 1170 1448 ἠγέρθη
1181 1414 1198 1440 ὁ
1209 1413 1338 1447 Χριστὸς
1357 1412 1405 1439 διὰ
1420 1412 1475 1446 τῆς
1485 1411 1578 1446 δόξης
1588 1410 1642 1437 τοῦ
1663 1409 1788 1444 Πατρός,
1802 1410 1857 1436 οῦ-

1063 1467 1117 1490 τως
1133 1459 1182 1485 καὶ
1195 1459 1280 1493 ἡμεῖς
1294 1459 1329 1486 ἐν
1342 1459 1492 1492 καινότητι
1503 1457 1577 1492 ζωῆς
1593 1456 1856 1491 περιπατήσωμεν.

225 1503 281 1526 stus
297 1500 412 1526 surrexit
424 1508 470 1534 per
481 1500 592 1535 gloriam
609 1500 710 1532 Patris,
727 1500 766 1527 ita
777 1505 802 1527 et
818 1509 865 1536 nos
884 1501 912 1527 in
938 1502 1009 1528 nori-

1063 1502 1095 1528 El.
1109 1502 1138 1528 δέ
1150 1510 1191 1533 τις
1202 1502 1293 1529 εἰκόνα
1309 1502 1359 1538 μὲν
1381 1497 1477 1538 1,(o'iu'hv
1496 1502 1545 1538 τὴν
1559 1502 1649 1538 σάρκα
1665 1501 1749 1537 αὐτὴν
1769 1501 1858 1528 οἴοιτο

225 1550 280 1572 tate
299 1546 359 1572 vita:
370 1546 533 1573 ambulemus
550 1546 582 1573 ".
598 1545 676 1579 Quod
687 1546 709 1573 si
721 1547 783 1581 quis
797 1550 932 1574 terrenam
942 1547 1010 1574 ima-

224 1592 324 1627 ginem,
357 1599 467 1619 carnem
495 1592 575 1620 istam
602 1592 656 1619 dici
682 1592 837 1625 existimet,
871 1593 1009 1620 ccelestcm

224 1644 289 1664 vero
307 1636 462 1671 imaginem,
477 1644 577 1671 corpus
602 1637 675 1664 aliud
703 1637 826 1672 spiritale
840 1641 937 1673 praeter
949 1645 1010 1664 car-

225 1690 287 1709 nem
302 1691 309 1715 ;
322 1682 365 1708 hic
389 1682 467 1717 prius
483 1682 592 1718 cogitet,
622 1687 652 1709 ut
676 1682 813 1715 Christus,
830 1675 951 1710 ctelestis
966 1682 1010 1710 ille

225 1727 317 1760 homo,
336 1728 457 1755 eamdem
482 1728 666 1756 membrorum
692 1729 818 1761 formam,
834 1729 1010 1763 eamdemque

225 1774 371 1809 imaginem
391 1781 423 1801 ac
433 1782 542 1802 carnem
558 1775 643 1803 nostri
657 1774 773 1802 similem
788 1780 900 1811 gestans
910 1795 917 1808 ,
931 1775 1010 1803 visus

225 1820 278 1853 sit;
296 1825 407 1855 propter
437 1829 518 1856 quam
544 1822 638 1854 etiam,
661 1822 718 1857 ipse
735 1830 788 1849 non
807 1822 899 1855 homo,
929 1822 1011 1849 homo

225 1866 315 1893 factus
327 1866 378 1893 sit:
393 1870 422 1893 ut
436 1867 503 1893 sicut
528 1867 555 1894 in
583 1866 669 1894 Adam
687 1875 775 1894 omnes
796 1868 955 1900 moriuntur,
971 1868 1011 1894 ita

224 1915 249 1938 et
264 1911 292 1938 in
317 1910 424 1938 Christo
439 1919 526 1939 omnes
543 1912 706 1946 vivi/tentur
722 1912 754 1938 ³⁸.
771 1911 830 1940 Νοιι
847 1913 920 1940 enim
948 1911 1010 1940 ideo

225 1964 334 1984 carnem
350 1957 466 1992 portavit
481 1961 508 1985 et
523 1957 620 1990 induit,
632 1961 661 1985 ut
671 1966 726 1985 non
738 1958 868 1986 liberaret
894 1962 922 1986 et
936 1966 1012 1986 resu-

224 2002 337 2029 scitarct
347 2010 467 2030 carnem.
479 2002 545 2030 Nam
556 2002 621 2038 quid
631 2003 734 2031 frustra
749 2011 859 2031 carnem
870 2003 1008 2036 induebat,

224 2056 305 2084 quam
322 2057 370 2076 nec
381 2050 484 2077 salvam
501 2049 589 2078 facere
604 2050 745 2078 statuisset
757 2058 808 2078 nec
825 2051 1011 2079 resuscitare?

224 2095 259 2121 At
274 2094 341 2121 nihil
355 2094 400 2122 Dei
413 2095 499 2123 Filius
513 2096 615 2124 frustra
639 2097 714 2125 facit.
739 2097 799 2125 Non
813 2104 878 2132 ergo
892 2097 1010 2125 inaniter

225 2140 354 2175 nullaque
369 2141 485 2169 utilitate
503 2142 574 2170 servi
587 2142 702 2170 formam
725 2145 886 2178 assumpsit,
912 2143 959 2171 sed
981 2147 1009 2171 ut

223 2186 424 2214 resurrectione
432 2187 546 2215 donaret
561 2195 592 2216 ac
607 2190 698 2217 salvos
711 2189 822 2217 faceret.
839 2189 908 2217 Vere
922 2189 1009 2225 siqui-

223 2232 284 2259 dem
294 2232 374 2260 homo
387 2233 475 2260 factus
500 2237 527 2261 et
554 2238 679 2262 mortuus
698 2238 758 2268 est,
779 2242 833 2262 non
851 2235 1008 2270 apparentia

223 2279 353 2314 inanique
381 2280 483 2314 specie,
514 2279 562 2307 sed
586 2284 616 2308 ut
641 2281 773 2313 veritate,
803 2281 1007 2317 primogenitum

222 2330 388 2352 mortuorum
405 2326 438 2358 ³⁷,
465 2330 574 2354 terreno
588 2327 697 2354 homine
716 2327 744 2354 in
765 2328 915 2361 coalestem,
933 2335 1007 2356 mor-

223 2372 326 2407 talique
343 2372 370 2399 in
383 2372 561 2400 immortalem
571 2377 686 2405 mutato,
700 2381 760 2401 sese
771 2373 920 2401 exhiberet.
936 2373 1005 2401 Cum

222 2426 286 2454 ergo
305 2419 342 2445 ait
355 2417 455 2446 Paulus
469 2418 508 2446 ":
528 2418 598 2446 Caro
612 2424 637 2446 et
653 2420 760 2454 sanguis
773 2427 878 2454 regnum
893 2419 942 2446 Dei
953 2427 1005 2446 non

222 2469 332 2498 possunt
344 2465 487 2499 possidere,
504 2465 645 2492 non.velut
657 2465 749 2492 carnis
772 2466 1005 2500 regenerationem

225 2513 304 2545 neget
319 2510 356 2537 ita
369 2509 457 2542 effert,
470 2510 517 2537 sed
529 2517 583 2545 quo
599 2510 706 2542 doceat,
723 2517 778 2537 non
800 2517 881 2545 posse
892 2518 1006 2546 regnum

225 2554 283 2587 Dei,
296 2555 369 2590 quod
385 2556 420 2584 sit
429 2557 484 2583 vita
500 2559 612 2589 (eterna,
634 2555 767 2591 possideri
782 2563 797 2582 a
812 2563 927 2591 corpore
938 2576 946 2588 ,
959 2556 1007 2583 sed

225 2607 348 2635 corpusa
359 2601 423 2628 vita.
438 2601 467 2628 Si
483 2601 556 2629 enim
580 2609 692 2637 regnum
708 2601 766 2634 Dei,
780 2609 842 2628 cum
857 2602 893 2629 sit
909 2601 975 2633 vita,
991 2609 1007 2628 a

224 2653 340 2681 corpore
366 2647 568 2681 possideretur,
593 2647 716 2675 eveniret
732 2648 815 2675 vitam
836 2647 975 2675 absorberi
991 2654 1008 2674 a

1060 1547 1196 1581 λέγεσθαι,
1211 1547 1303 1574 εἰκόνα
1312 1548 1341 1574 δὲ
1357 1547 1517 1584 ἐπουράνιον
1531 1547 1594 1574 ἄλλο
1608 1547 1683 1582 παρὰ
1694 1547 1743 1582 τὴν
1761 1546 1858 1583 σάρκα

1060 1593 1140 1629 σῶμα
1155 1594 1337 1629 πνευματικόν
1347 1603 1354 1609 ·
1370 1593 1548 1629 ἐνθυμηθήτω
1567 1593 1599 1629 δή
1615 1591 1692 1624 οὗτος
1707 1593 1856 1628 πρότερον,

1060 1640 1100 1666 ὅτι
1130 1640 1256 1676 Χριστὸς,
1273 1641 1287 1667 ὁ
1308 1641 1432 1675 οὐράνιος
1453 1640 1606 1676 ἄνθρωπος,
1625 1640 1655 1666 τὸ
1670 1639 1737 1666 αὐτὸ
1754 1640 1855 1674 σχῆμα

1059 1685 1114 1712 τῶν
1134 1686 1233 1721 μελῶν,
1264 1687 1312 1713 καὶ
1342 1686 1435 1713 εἰκόνα
1448 1686 1494 1712 καὶ
1522 1686 1610 1722 σάρκα
1637 1685 1687 1721 τὴν
1710 1685 1797 1720 αὐτὴν
1819 1685 1856 1720 τῇ

1061 1731 1183 1767 ἡμετέρᾳ
1202 1731 1319 1766 φορέσας
1348 1731 1433 1766 ἐφάνη
1446 1739 1453 1745 ·
1471 1730 1503 1756 δι’
1520 1730 1553 1765 ἢν
1570 1730 1626 1762 καὶ,
1641 1728 1785 1764 ἄνθρωπος
1801 1728 1857 1755 οὐκ

1060 1776 1108 1809 ὣν,
1124 1777 1266 1813 ἅνθρωπος
1283 1777 1407 1811 ἐγένετο’
1428 1777 1482 1807 ἴνα.
1499 1775 1630 1809 καθάπερ
1649 1776 1684 1802 ἐν
1698 1774 1737 1808 τῷ
1757 1774 1858 1809 Ἀδὰμ

1061 1823 1171 1856 πάντες
1183 1823 1442 1858 ἀποθνήσκουσιν,
1457 1823 1550 1855 οὕτως
1564 1822 1613 1848 καὶ
1628 1821 1662 1848 ἐν
1678 1821 1718 1853 τῷ
1732 1820 1856 1855 Χριστῷ

1061 1869 1171 1901 πάντες
1186 1867 1469 1902 ζωοποιηθήσωνται,
1484 1869 1514 1894 Εἰ
1533 1868 1586 1904 γὰρ
1596 1888 1603 1900 ,
1619 1866 1662 1893 διὰ
1676 1867 1706 1893 τὸ
1721 1867 1757 1902 μὴ
1776 1866 1858 1893 ἐλευ-

1061 1915 1180 1951 θερῶσαι
1193 1915 1241 1950 τὴν
1255 1915 1343 1950 σάρκα
1356 1915 1403 1942 καὶ
1418 1915 1580 1949 ἀναστῆσαι,
1600 1913 1688 1949 σάρκα
1707 1913 1824 1948 ὲφόρεσε
1831 1922 1854 1946 ι,

1059 1961 1086 1987 τι
1099 1962 1146 1987 καὶ
1161 1961 1297 1997 περισσῶς
1313 1961 1401 1996 σάρκα
1423 1961 1526 1995 ἐφόρει,
1542 1961 1575 1995 ἣν
1590 1959 1651 1986 οὔτε
1675 1958 1771 1990 σῶσαι,
1790 1958 1858 1985 οὔτε

1061 2007 1213 2042 ἀναστῆσαι
1240 2007 1398 2042 προῄρητο;
1419 2006 1486 2033 Ἀλλ’
1506 2007 1582 2033 οὐδὲν
1604 2005 1740 2042 περισσῶς
1756 2007 1858 2032 ποιεῖὸ

1062 2051 1126 2084 Υἱὸς
1139 2051 1186 2078 τοῦ
1199 2051 1277 2078 Θεοῦ.
1301 2052 1358 2077 Οὐκ
1378 2052 1431 2087 ἄρα
1446 2051 1590 2085 ἀνωφελῶς
1611 2051 1658 2085 τὴν
1681 2050 1789 2086 μορφὴν
1804 2050 1856 2077 τοῦ

1060 2096 1154 2123 δούλου
1163 2097 1302 2129 ἀνέλαϐεν,
1323 2096 1390 2123 ἀλλὰ
1400 2096 1466 2132 πρὸς
1479 2097 1509 2122 τὸ
1524 2096 1675 2130 ἀναστῆσαι
1692 2096 1738 2122 καὶ
1752 2095 1854 2123 σῶσαι..

1069 2142 1186 2178 ’Δληθῶς
1201 2143 1256 2178 γάρ
1274 2142 1415 2178 ἄνθρωπος
1428 2142 1533 2176 ἐγένετο
1548 2142 1594 2168 καὶ
1607 2140 1736 2173 ἀπέθανε,
1761 2141 1810 2167 καὶ
1822 2142 1856 2168 οὐ

1060 2189 1099 2225 τῷ
1125 2190 1222 2220 δοκεῖν,
1248 2189 1304 2215 ἀλλ’
1329 2189 1372 2216 ἵνα
1390 2188 1498 2224 ἀληθῶς
1516 2188 1700 2222 πρωτότοκος
1725 2188 1855 2223 ἀναφανῇ

1062 2235 1120 2261 τῶν
1132 2234 1255 2268 νεκρῶν,
1271 2234 1316 2261 τὸν
1331 2234 1421 2269 χοῖκὸν
1431 2233 1588 2269 μεταϐαλὼν
1604 2234 1643 2264 εἰς
1655 2233 1685 2258 οὺ
1691 2233 1791 2268 ράνιον,
1805 2233 1856 2259 καὶ

1060 2281 1106 2306 τὸν
1122 2280 1217 2315 θνητὸν
1239 2281 1278 2312 εἰς
1294 2279 1436 2307 ἀθάνατον.
1460 2279 1573 2306 Ὀπόταν
1588 2276 1632 2305 οὖν
1647 2277 1746 2312 σάρκα
1756 2279 1770 2304 ὁ
1782 2278 1856 2305 Παῦ-

1061 2328 1106 2357 λος
1128 2326 1176 2352 acui.
1193 2323 1264 2360 αἷμα
1279 2325 1442 2357 ,βασιλείαν
1466 2323 1539 2350 Θεοῦ
1562 2324 1788 2358 κληρονομῆσαι
1806 2322 1854 2358 μὴ

1060 2373 1207 2400 δύνασθαι
1236 2371 1319 2407 λέγῃ,
1333 2371 1382 2406 οὐχ
1406 2370 1443 2402 ὡς
1458 2371 1489 2397 ἐκ
1506 2370 1611 2406 φαύλης
1631 2370 1669 2405 (5)
1686 2370 1735 2405 τῆς
1749 2371 1856 2406 σαρκὸς

1059 2419 1108 2455 τὴν
1124 2417 1332 2452 παλιγγενεσίαν
1347 2417 1536 2451 ἀποφαίνεται,
1551 2415 1608 2442 ἀλλ’
1622 2416 1659 2447 ὡς
1672 2415 1805 2442 διδάσκων
1821 2417 1854 2442 οὐ

1061 2463 1285 2500 κληρονομεῖσθαι
1298 2462 1433 2498 βασιλείαν
1449 2462 1526 2492 Θεοῦ,
1551 2461 1657 2488 αἰώνιον
1675 2461 1855 2496 ὑπάρχουσαν

1061 2511 1142 2546 ζωὴν,
1174 2510 1226 2536 ὑπὸ
1251 2509 1299 2536 τοῦ
1325 2508 1458 2544 σώματος,
1480 2507 1548 2534 ἀλλὰ
1570 2508 1600 2534 τὸ
1627 2507 1708 2542 σῶμα
1730 2507 1783 2533 ὑπὸ
1800 2507 1855 2542 τῆς

1061 2555 1144 2591 ζωῆς.
1167 2555 1199 2582 Et
1220 2553 1274 2590 γὰρ
1297 2553 1504 2589 ὲκληρονομείτο
1534 2553 1550 2588 ή
1573 2551 1693 2587 βασιλεία
1714 2551 1761 2578 τοῦ
1782 2551 1853 2578 Θεοῦ

1061 2602 1113 2628 ὑπὸ
1136 2600 1183 2628 τοῦ
1206 2599 1340 2636 σώματος,
1361 2599 1417 2635 ζωὴ
1441 2599 1611 2635 ὑπάρχουσα,
1638 2598 1795 2625 συνέϐαινεν
1817 2598 1854 2625 ἂν

1059 2648 1107 2683 τὴν
1125 2647 1196 2682 ζωὴν
1219 2646 1272 2673 ὑπὸ
1300 2646 1350 2681 τῆς
1368 2646 1469 2681 φθορᾶς
1483 2644 1689 2671 καταπίνεσθαι.
1709 2643 1767 2670 Νῦν
1779 2644 1855 2671 δὲτὸ

264 2718 287 2754 ’ζ
299 2717 396 2745 Jerem.
416 2727 475 2751 vin,
496 2720 521 2747 t.
558 2720 579 2736 ³ο
595 2719 666 2747 Dan.
679 2727 728 2754 xu,
740 2719 768 2747 2.
807 2719 828 2736 ³¹
844 2720 853 2746 l
869 2720 930 2747 Cor.
962 2727 1008 2751 xv,

1063 2739 1070 2746 .
1108 2720 1129 2735 "
1149 2719 1212 2746 ibid.
1234 2718 1279 2746 42.
1319 2717 1365 2744 ³³1
1389 2718 1450 2745 Cor.
1467 2726 1510 2750 xv,
1538 2718 1583 2745 49.
1620 2717 1642 2733 ³⁸
1659 2716 1723 2745 Gen.
1741 2724 1785 2750 ιιι,
1805 2717 1852 2748 19,

228 2751 251 2768 ³⁸
269 2751 343 2780 Rom.
362 2760 400 2784 vt,
417 2754 445 2780 4.
481 2754 597 2782 "lCor.
613 2763 659 2788 ιν,
677 2751 727 2783 22(
762 2755 782 2771 ³⁷
799 2756 876 2790 Apoc.
895 2764 914 2788 ι,
927 2754 954 2782 5.

266 2821 315 2857 (4⁸)
335 2822 450 2858 Ἐπειδὴ
462 2826 525 2858 μεθ.
542 2824 579 2852 Ex
591 2826 640 2852 cod
665 2825 756 2862 Rupif.

1003 2753 1047 2781 ³⁵1
1061 2754 1125 2782 Cor.
1139 2762 1183 2787 xv,
1201 2755 1245 2782 50.

1097 2823 1135 2860 (5)
1157 2824 1206 2851 Ἐκ
1216 2824 1344 2858 φαύλης.
1364 2822 1451 2850 Scrib.
1470 2821 1639 2857 ἐκφαυλίζων
1654 2829 1687 2849 ex
1697 2821 1856 2851 l‘hotianis.
