1920 3070
70 94 123 123 235

609 94 656 124 EX
674 94 777 124 LlBRO
796 95 841 122 DE
860 94 1175 124 RESURRECTIONE.‘

1653 95 1706 125 286

74 153 191 190 θνῆσκον
201 152 219 188 ή
234 152 293 189 ζωὴ
307 152 478 190 κληρονομεῖ
487 162 495 170 ’
510 153 553 181 ἵνα
568 155 612 187 είς
625 153 710 187 νῖκος
723 156 739 182 ὀ
749 154 876 187 θάνατος

928 153 1109 189 corruptione.
1122 152 1200 180 Nunc
1213 159 1280 180 vero
1305 152 1361 180 vita
1375 155 1511 180 mortuum
1525 152 1657 188 possidet,
1676 157 1706 179 ut

79 197 230 232 ίαταποθῇ
239 199 300 224 ὑπὸ
310 198 371 232 τῆς
383 198 468 233 ζωῆς,
485 199 571 227 καὶτὸ
580 199 698 236 φθαρτὸν
711 199 761 235 τῆς
772 199 876 236 ἀφθαρ-

81 247 141 277 σίας
154 245 247 280 κτῆμα
261 245 310 271 καὶ
324 245 377 280 τῆς
392 245 540 277 ἀθανασίας
554 247 635 281 φανῇ,
649 245 748 280 ἄφετον
763 246 813 281 μὲν
829 246 876 272 καὶ

81 290 225 325 ἐλεύθερον
251 288 372 316 θανάτου
397 290 539 325 γενόμενον
553 290 601 316 καὶ
618 289 764 325 ἁμαρτίας.
784 289 875 317 δοῦλον

80 335 170 363 δὲκαὶ
198 336 322 372 ὑπήκοον
358 335 522 368 ἀθανασίας·
551 336 625 368 ὅπως
644 336 693 371 τῆς
724 335 875 372 ἀφθαρσίας

80 383 124 418 εἴη
135 382 167 408 τὸ
177 382 260 417 σῶμα
272 382 379 417 κτῆμα,
399 382 446 408 καὶ
458 381 494 418 μὴ
504 381 550 408 τοῦ
562 381 686 417 σώματος
697 383 714 417 ἡ
726 381 872 418 ἀφθαρσία.

117 481 169 506 ιΔ·.
185 480 218 506 Εἰ
231 480 264 505 ὲκ
271 479 403 514 τοιαύτης
417 478 454 514 (6)
469 478 597 512 σταγόνος
615 479 743 514 βραχείας
757 479 804 507 καὶ
824 488 876 515 μη-

79 525 156 552 δέπω
180 525 267 559 οὔσης
293 525 323 551 τὺ
351 524 470 556 σύνολον,
498 524 565 559 μηδὲ
581 524 609 550 ἐν
629 525 746 560 ὑγρασίᾳ
764 525 874 562 τοιαύτῃ

80 573 129 598 καὶ
140 572 245 606 συνοχῇ
261 571 308 597 καὶ
323 570 433 605 πυγμῷ,
449 570 481 596 ἐκ
489 569 536 596 τοῦ
555 569 666 605 μηδενὸς
675 569 816 605 ἄνθρωπος
830 571 874 604 γί-

80 625 169 649 νεται,
192 616 252 647 πιῖις
266 616 327 650 οὐχὶ
347 615 445 651 μᾶλλον
457 615 489 640 ἐκ
503 614 549 640 τοῦ
576 614 626 649 ήδη
644 614 814 650 ὑπάρξαντος
828 615 875 642 ἀν-

81 662 198 699 θρώπου
215 661 360 697 ἄνθρωπος
381 661 456 687 ἔσται
471 658 547 691 αὖθις
559 661 573 686 ὁ
589 660 745 696 ἀνθρωπος;
764 661 801 687 Οὐ
821 661 875 697 γὰρ

81 708 155 735 οὕτω
170 707 210 743 (⁵1)
230 707 300 743 μετά
307 707 337 733 τὸ
347 706 397 742 ήδη
409 706 589 741 γεγενημένον
599 706 645 732 καλ⁵
661 706 783 733 διαλυθὲν
795 707 874 743 ποιῆ-

83 762 127 780 σαι
140 753 237 783 πάλιν,
253 752 290 783 ὡς
308 751 420 787 μηδέπω
442 751 623 786 γεγενημένον
640 751 672 777 ἐκ
683 750 730 777 τοῦ
747 751 784 787 μὴ
799 751 875 784 ὅντος

81 799 303 826 κατασκευάσαι.
335 799 396 826 Ἐὰν
414 797 460 826 οὖν
474 801 645 836 ἑθελήσωμεν
669 801 752 834 δεῖξαι
765 801 814 838 τὴν
829 810 875 836 γο-

81 846 130 881 νὴν
144 846 198 880 τὴν
212 845 268 872 ἀπὸ
280 845 327 872 τοῦ
340 845 452 882 ἄρρενος
466 847 692 884 ἀποκρινομένην,
707 848 873 884 παραγάγω-

85 899 134 925 μεν
150 890 194 923 δὲ,
205 890 272 916 αὑτδ
282 890 342 917 καθ’
360 891 450 922 ἑαυτὸ,
462 893 508 918 καὶ
523 891 683 928 τεθνηκότος
697 893 787 928 σῶμα·
801 895 875 920 ποῖον

83 937 280 963 πιστεύσουσιν
294 938 362 972 ἡμῖν
390 937 414 963 οἱ
434 937 539 973 θεωροὶ,
555 940 595 970 εἰς
608 939 638 965 τὺ
653 940 767 975 φανερὸν
781 939 875 967 ἑκατέ-

86 991 140 1018 ρων
157 983 306 1018 κειμένων,
326 983 434 1010 ἕσεσθαι
447 984 608 1020 ἄνθρωπον;
624 983 678 1021 ἆρα
693 985 742 1022 τὴν
759 987 876 1021 σταγόνα

85 1028 195 1062 ἐκείνην
211 1029 262 1064 τὴν
275 1029 344 1061 ὅλως
352 1030 427 1056 οὐδὲν
441 1030 625 1066 ὑπάρχουσαν,
638 1031 708 1067 ἢτδν
721 1032 770 1068 ήδη
784 1033 876 1068 σχῆμα

86 1075 132 1100 καὶ
159 1074 277 1108 μέγεθος
303 1076 351 1102 καὶ
377 1076 525 1103 ὑπόστασιν
550 1076 658 1112 ἔχοντα;
682 1077 777 1114 Είγάρ
789 1079 876 1106 ὲκεῖνο

85 1119 116 1145 τὺ
139 1119 210 1151 ὅλως
229 1120 316 1153 οὐδὲν,
349 1121 429 1156 μόνον
452 1122 627 1158 ἐθελήσαντος
653 1122 730 1155 Θεοῦ,
751 1124 830 1151 πάλιν
846 1125 876 1151 τὸ

87 1164 152 1190 αὐτὸ
165 1164 310 1200 ἄνθρωπος
330 1165 444 1200 γίνεται,
462 1167 552 1202 πολλῷ
567 1166 666 1202 μᾶλλον
679 1167 709 1193 τὸ
725 1168 775 1203 ήδη
788 1168 876 1205 ὑπάρ-

87 1218 132 1244 χον
150 1211 198 1237 καὶ
220 1211 443 1246 τετελειωμένον,
466 1212 642 1248 ἐθελήσαντος
661 1213 708 1239 τοῦ
738 1213 816 1246 Θεοῦ,
846 1214 877 1241 τὸ

89 1256 153 1282 αὐτὸ
180 1257 263 1282 πάλιν
283 1257 425 1293 ἄνθρωπος
439 1258 566 1293 γενέσθαι
584 1259 632 1294 (8)·
656 1259 732 1286 Ἐπεὶ
745 1260 771 1286 τί
786 1260 877 1295 βουλὼ

91 1310 169 1337 μενος
181 1302 220 1337 (9)
236 1303 251 1328 ὁ
263 1302 384 1337 θεολόγος
396 1304 525 1340 Μωῡσῆς,
539 1304 588 1340 τήν
598 1305 668 1331 κατά
682 1305 731 1340 τὴν
744 1314 878 1342 σκηνοπη-

90 1348 150 1381 γίαν
167 1348 264 1383 ἑορτὴν
285 1349 314 1376 ὲν
336 1349 374 1384 τῷ
387 1349 520 1385 Λευῖτικῷ
545 1350 683 1385 μυστικῶς
697 1351 876 1386 είσηγήσατο;

90 1391 160 1429 ’Δρα
170 1394 226 1429 γὰρ
242 1394 286 1421 ἴνα
309 1394 395 1426 οὕτως
417 1396 590 1431 ἐορτάσωμεν
608 1396 646 1431 τῷ
663 1396 733 1432 Θεῷ,
752 1396 878 1432 καθάπερ

91 1439 250 1474 ἐξηγοῦνται
265 1440 434 1476 χυδαιότερον
446 1442 470 1467 οἱ
478 1441 600 1467 Ἰουδαῖοι
614 1441 736 1474 νοοῦντες
748 1442 796 1474 τὰς
810 1443 878 1478 Γρα-

925 207 996 226 πιοη
1006 199 1035 226 in
1051 198 1188 226 victoriam
1204 197 1376 225 absorbeatur
1390 207 1405 225 α
1417 199 1470 225 vita
1496 198 1538 225 ":
1557 202 1640 233 utque
1655 198 1706 226 ob-

925 245 1037 272 noxium
1059 243 1126 271 illud
1140 243 1320 279 corruptioni,
1337 243 1550 279 incorruptionis
1565 244 1705 272 immorta-

924 290 1065 325 litatisque
1087 289 1226 324 possessio
1251 289 1315 316 ﬁat:
1331 288 1506 323 solutumque
1521 293 1548 315 et
1561 288 1676 316 liberum
1690 295 1706 315 a

925 340 1012 363 morte
1027 339 1054 363 et
1068 337 1196 370 peccato.
1213 334 1409 362 immortalitati
1429 342 1538 362 servum
1553 334 1706 361 subditum-

925 391 978 418 que
987 381 1140 410 concedat:
1160 385 1190 409 ut
1213 381 1249 409 sit
1271 388 1389 416 corpus,
1409 380 1621 416 incorruptionis
1643 387 1706 415 pos-

925 429 1012 457 sessio
1024 437 1032 462 ;
1049 436 1104 455 non
1117 426 1298 462 incorruptio,
1315 426 1448 461 corporis.

959 484 1030 512 XIV.
1054 484 1123 511 Cum
1135 491 1167 511 ex
1187 487 1242 510 tam
1269 482 1377 509 modica
1402 481 1505 510 stillula
1536 489 1568 508 ac
1591 481 1707 509 necdum

925 538 1038 567 prorsus
1050 531 1210 561 exsistente,
1223 536 1257 556 ne
1267 528 1377 564 quidem
1397 528 1424 555 in
1440 527 1574 562 ejusmodi
1583 527 1705 559 humido,

926 577 1155 612 arctitudineque,
1180 583 1212 602 ac
1235 575 1368 610 parvitate
1394 574 1468 610 (10);
1484 574 1599 609 denique
1620 582 1653 601 ex
1665 573 1707 601 ni-

925 623 991 655 hilo,
1010 622 1091 650 bomo
1103 621 1150 648 ﬁat
1163 629 1169 648 :
1184 621 1230 656 qui
1245 627 1299 647 non
1314 620 1405 655 potius
1420 627 1452 647 ex
1463 620 1572 646 homine
1584 619 1629 654 qui
1644 618 1706 651 fuit.

926 667 1007 695 fuerit
1021 674 1118 695 rursus
1144 666 1345 694 resurrectione
1371 665 1473 692 homo?
1495 664 1583 691 Minus
1608 664 1708 699 quippe

925 713 1032 740 videtur
1046 711 1163 744 diﬂlcile,
1178 716 1208 738 ut
1222 711 1295 746 quod
1313 711 1364 738 fuit
1378 713 1404 738 et
1423 714 1464 737 est
1475 709 1648 741 dissolutum,
1661 709 1708 737 de-

925 766 980 786 nuo
997 762 1176 793 componatur
1185 760 1212 784 et
1226 760 1383 791 reparatum
1409 755 1473 787 ﬁat,
1489 763 1569 790 quam
1592 759 1620 782 ut
1634 754 1708 790 quod

927 804 1046 832 nondum
1060 803 1121 836 fuit,
1131 811 1163 830 cx
1172 803 1257 830 nihilo
1266 801 1387 837 prodeat.
1401 800 1500 834 Quare,
1510 801 1533 828 si
1548 801 1648 832 lubeat,
1663 807 1710 827 ex-

926 854 1029 878 cretam
1044 856 1061 876 a
1076 849 1198 876 masculo
1215 847 1348 880 feturam;
1376 847 1464 882 ipsam
1483 846 1610 873 nimirum
1632 853 1708 873 seor-

926 896 994 924 sim:
1010 894 1185 929 defunctique
1195 894 1320 926 cadaver,
1339 893 1367 920 in
1383 892 1500 920 medium
1513 892 1706 927 producamus.

925 942 994 969 Tum
1005 948 1082 976 rogo,
1102 940 1233 968 ambobus
1250 940 1338 975 palam
1355 939 1487 974 expositis
1495 939 1707 973 propositisque,

926 987 1062 1022 quodnam
1074 989 1242 1021 spectatores
1255 985 1392 1012 hominem
1404 984 1461 1011 fore
1477 983 1607 1012 credituri
1624 984 1711 1012 sunt?

925 1039 991 1059 num
1021 1031 1151 1059 stillulam
1174 1031 1265 1064 illam,
1291 1038 1351 1066 quae
1378 1030 1445 1058 nihil
1466 1037 1579 1065 prorsus
1595 1030 1647 1057 sit?
1672 1037 1708 1058 an

925 1081 1063 1104 mortuum
1078 1075 1165 1111 ﬁgura
1179 1075 1234 1110 jam
1251 1075 1377 1110 moleque
1393 1079 1419 1103 et
1444 1075 1595 1102 substantia
1609 1074 1709 1110 praedi-

925 1123 1005 1151 tum?
1021 1122 1049 1150 Si
1066 1124 1138 1150 enim
1152 1122 1219 1150 illud
1233 1121 1306 1157 quod
1322 1122 1402 1157 plane
1425 1121 1494 1148 nihil
1505 1121 1637 1154 videatur,
1653 1121 1709 1149 Deo

926 1173 1031 1196 tantum
1053 1169 1160 1196 volente
1182 1168 1272 1203 ipsum
1296 1167 1395 1194 iterum
1421 1167 1502 1194 homo
1524 1170 1707 1202 procreatur:

926 1215 1103 1250 potiorijure,
1118 1213 1191 1249 quod
1214 1218 1257 1241 est
1281 1213 1337 1248 jam
1365 1217 1392 1241 et
1413 1213 1463 1240 fuit
1479 1218 1708 1245 consummatum,

927 1261 1073 1288 accedente
1092 1261 1183 1288 divina
1197 1259 1347 1291 voluntate,
1374 1259 1401 1286 id
1419 1259 1507 1294 ipsum
1525 1259 1613 1286 denuo
1629 1258 1711 1286 homo

927 1305 982 1332 ﬁet.
1013 1304 1080 1332 Nam
1115 1305 1241 1339 alioqui,
1273 1304 1338 1339 quid
1366 1304 1460 1331 volens
1494 1303 1634 1339 theologus
1665 1303 1711 1331 illo

927 1352 1044 1388 Moyses,
1063 1351 1162 1379 festum
1176 1350 1417 1378 tabernaculorum
1446 1350 1606 1385 spiritaliter
1626 1349 1711 1377 edixit

928 1398 1071 1433 sanxitque
1092 1397 1297 1429 celebrandum,
1313 1397 1341 1423 in
1353 1396 1474 1424 Levitico
1488 1396 1528 1423 "‘l
1545 1396 1613 1423 Num
1638 1396 1709 1423 enim

927 1451 958 1474 ut
971 1447 1009 1474 ita
1021 1447 1106 1474 Deum
1123 1445 1191 1474 festo
1208 1446 1330 1473 colamus
1347 1465 1354 1477 ,
1372 1444 1600 1480 quemadmodum
1624 1443 1710 1471 Judaei

92 1486 158 1519 φάς
175 1486 215 1516 ὡς
230 1485 278 1511 τοῦ
293 1486 359 1512 Θεοῦ
372 1488 484 1522 σκηναῖς
499 1487 634 1519 τοιαύταις
647 1489 679 1514 ὲκ
695 1488 819 1524 καρπῶν,
832 1489 877 1515 καὶ

928 1493 1010 1520 vilius
1026 1492 1220 1528 vulgariusque
1243 1490 1400 1526 Scripturas
1416 1490 1595 1525 intelligentcs
1608 1509 1615 1522 ,
1631 1496 1712 1524 expo—

93 1530 193 1557 κλάδων
207 1531 254 1557 καὶ
262 1530 367 1565 φύλλων
381 1532 645 1568 κατεσκευασμέναις
658 1533 879 1568 ἀρεσκομένου,ἀ

55 1597 61 1602 .
93 1575 189 1607 εὲθέως
213 1577 390 1612 μαραίνονται
409 1577 457 1613 τὴν
481 1578 562 1613 χλόην
585 1578 791 1614 ἀποσυλώμενα.
822 1579 878 1606 Οὐκ

94 1622 161 1649 ἐστιν
174 1623 273 1649 εἰπεῖν.
283 1623 361 1654 Τίνος
374 1624 448 1659 μὲνὴ
465 1624 648 1659 Σκηνοπηγία,
660 1625 781 1660 φράσατε
790 1633 797 1658 ;
806 1626 879 1661 εἰσή-

93 1668 140 1704 χθη
167 1669 281 1704 μήνυμα
300 1669 350 1704 τῆς
366 1669 495 1704 ἀληθινῆς
510 1669 587 1705 ήμῶν
601 1670 703 1705 ταύτης
721 1671 832 1706 σκηνῆς,
845 1671 879 1706 ἢν

94 1713 298 1740 καταπεσοῦσαν
329 1716 369 1745 είς
393 1714 494 1750 φθορὰν
517 1715 560 1742 διὰ
582 1715 631 1750 τὴν
652 1715 816 1751 παράϐασιν,
832 1716 879 1743 καὶ

94 1760 242 1795 λελυμένην
257 1762 290 1796 τῇ
299 1761 431 1797 ἁμαρτία,
443 1760 520 1793 αὖθις
531 1761 712 1797 συμπήξασαν
728 1762 878 1799 ἀνώλεθρον

94 1806 254 1840 ἀναστήσειν
267 1806 354 1838 ὁΘ-εὺς
368 1808 553 1842 ἀπηγγείλατο
604 1807 664 1843 ὲπ-)
674 1817 680 1823 ·
698 1808 770 1840 ὅπως
787 1808 879 1844 ἑορτά-

96 1858 183 1884 σωμεν
202 1850 279 1886 αὐτῷ
298 1850 461 1887 ἀληθῶςτὴν
481 1852 600 1887 μεγάλην
612 1852 707 1888 ἑορτὴν
728 1853 774 1879 καὶ
797 1853 878 1879 πολυ-

95 1895 239 1932 θρύλλητον
263 1896 314 1931 τῆς
335 1897 521 1932 Σκηνοπηγίας
534 1898 562 1924 ἐν
575 1899 607 1933 τῇ
624 1898 784 1925 ἀναστάσει·
799 1899 879 1926 ὁπότε

95 1942 312 1978 συμηγνύμενα
335 1943 414 1978 ἡμῶν
427 1943 466 1975 είς
486 1944 689 1979 κατακόσμησιν
705 1944 755 1979 τῆς
776 1944 878 1971 ἀθανα-

96 1988 151 2019 σίας
180 1989 228 2015 καὶ
249 1988 407 2024 συμφωνίας
426 1988 460 2015 τὰ
489 1989 665 2025 σκηνώματα,
693 1991 726 2016 ἐκ
748 1990 795 2016 τοῦ
819 1990 880 2025 χοὸς

94 2033 217 2070 ἄφθαρτα
242 2035 415 2062 ἀνίστανται*
432 2036 513 2062 ὁπότε
544 2035 687 2062 ἁκούσουσι
707 2036 742 2062 τὰ
762 2036 828 2063 ὀστᾶ
846 2036 881 2063 τὰ

95 2079 160 2116 ξηρὰ
175 2081 249 2107 κατὰ
266 2081 314 2116 τὴν
334 2081 534 2117 ἀψευδεστάτην
548 2082 726 2117 προφητείαν,
748 2082 881 2117 προσαγό-

96 2135 160 2162 μενα
172 2127 243 2162 πρὸς
254 2126 303 2158 τὰς
324 2128 454 2162 ἁρμονίας
470 2127 568 2161 αὐτῶν,
581 2127 633 2154 ὑπὸ
644 2127 691 2154 τοῦ
707 2127 880 2159 ζωοπλάστου

929 1539 1021 1567 nunt?
1045 1539 1119 1566 velut
1144 1538 1273 1565 nimirum
1299 1537 1354 1565 Deo
1370 1538 1495 1573 placeant
1516 1535 1649 1570 ejusmodi
1678 1543 1711 1564 ex

929 1585 1062 1612 fructibus
1076 1584 1214 1618 ramisque
1233 1586 1260 1610 et
1275 1582 1348 1611 foliis
1365 1583 1497 1610 adornata
1522 1581 1710 1614 tabernacula,

929 1639 989 1666 qum
1005 1630 1085 1658 satim
1092 1629 1242 1664 despoliata
1251 1629 1341 1657 virore
1356 1631 1534 1656 marcescant.
1546 1626 1623 1653 Haud
1632 1627 1712 1661 plane

929 1677 1011 1704 fuerit
1027 1675 1183 1703 dicendum.
1202 1674 1284 1707 Sane,
1301 1683 1378 1710 rogo,
1396 1675 1541 1710 cujusnam
1556 1673 1591 1700 sit
1608 1673 1710 1700 Sceno-

930 1722 1025 1757 pegia?
1040 1721 1164 1748 instituta
1195 1725 1237 1748 est
1261 1724 1292 1748 ut
1316 1720 1373 1748 veri
1385 1718 1554 1747 tabernaculi
1571 1719 1657 1745 nostri
1677 1717 1713 1745 si‘

930 1775 1024 1803 gnum,
1040 1767 1112 1801 quod
1128 1767 1156 1793 in
1183 1767 1385 1800 corruptionem
1410 1764 1633 1800 praevaricatione
1650 1770 1713 1798 pro-

930 1814 1046 1848 lapsum,
1060 1817 1225 1849 peccatoque
1247 1813 1377 1845 solutum,
1394 1820 1424 1840 se
1441 1811 1512 1838 Deus
1526 1811 1616 1838 denuo
1636 1817 1713 1837 com-

929 1863 1037 1895 pactum
1068 1861 1304 1895 compositumque
1322 1880 1329 1893 ,
1367 1859 1503 1886 incolume
1531 1857 1711 1885 excitaturum

930 1906 1071 1945 promisit;
1084 1914 1137 1941 quo
1151 1906 1175 1934 ei
1192 1907 1315 1938 veritate,
1343 1912 1469 1940 magnam
1492 1904 1564 1930 illam
1584 1904 1713 1931 decanta-

931 1952 1118 1987 tissimamque
1134 1951 1307 1987 Scenopegiaa
1330 1951 1527 1979 solemnitatem
1544 1949 1712 1976 celebremus

931 1997 958 2023 in
973 1997 1187 2029 resurrectione;
1215 1996 1325 2031 quando
1341 1999 1481 2030 compacta
1502 1994 1535 2021 ad
1552 1993 1713 2021 immortali-

931 2043 996 2070 tatis
1009 2043 1248 2078 consonantimque
1267 2047 1393 2070 ornatum
1410 2045 1503 2069 nostra
1524 2040 1711 2072 tabernacula,

932 2089 1063 2115 immunia
1092 2095 1107 2115 a
1134 2088 1308 2123 corruptione
1324 2087 1346 2104 δι
1371 2087 1405 2114 de
1424 2087 1534 2122 pulvere
1552 2091 1711 2121 resurgent;

932 2134 1041 2168 quando
1071 2133 1205 2168 auditura.
1221 2136 1295 2165 sunt,
1327 2137 1357 2160 ut
1371 2132 1512 2160 verissime
1538 2131 1620 2158 habet
1649 2137 1713 2165 pro-

95 2173 157 2200 Θεοῦ
171 2174 221 2200 καὶ
238 2174 427 2209 ἀριστοτέχνα)
447 2174 714 2206 ἀνακαινοποιοῦντος
732 2173 808 2206 αὖθις
829 2175 877 2210 τὴν

929 2180 1010 2215 pheta
1017 2179 1050 2212 ⁴²,
1060 2187 1122 2207 ossa
1129 2179 1214 2211 arida,
1224 2179 1281 2207 suis
1294 2179 1390 2207 iterum
1397 2177 1582 2205 commissuris
1596 2176 1712 2208 reddita,

96 2221 180 2256 σάρκα
206 2220 254 2246 καὶ
281 2220 490 2256 συμμιγνύντος,
513 2222 542 2247 οὐ
557 2221 686 2253 τοιούτοις
702 2221 741 2247 ἔτι
759 2221 877 2256 δεσμοῖς,

95 2263 131 2298 οἷς
147 2267 195 2292 καὶ
211 2266 320 2302 πρῶτον
343 2267 489 2302 συνείχετο,
510 2267 567 2294 ἀλλ’
592 2268 738 2303 ἀκηράτοις
764 2268 880 2303 πάμπαν

95 2311 183 2339 λοιπὸν
205 2312 254 2339 καὶ
279 2312 396 2345 ἀλύτοις.
425 2313 594 2349 Ἐοεασάμην
620 2313 673 2349 γὰρ
697 2315 725 2340 ἐν
751 2313 879 2349 Ὀλύμπῳ

98 2358 147 2392 ἐγὼ
157 2359 231 2394 (ὅρος
242 2359 271 2385 δέ
287 2360 345 2386 ἐστι
360 2360 410 2394 τῆς
424 2359 544 2395 Λυκίας)
557 2360 612 2395 πῦρ
636 2360 793 2394 αὐτομάτως
810 2360 881 2387 κατὰ

98 2405 141 2439 τὴν
151 2404 309 2440 ἀκρώρειαν
328 2405 375 2431 τοῦ
394 2405 472 2441 ὅρους
484 2406 605 2433 κάτωθεν
619 2407 652 2432 ἐκ
665 2406 716 2441 τῆς
727 2407 778 2442 γῆς
789 2406 880 2433 ἀναδι-

98 2450 220 2486 δόμενον·
240 2453 305 2486 περὶ
326 2452 341 2478 ὃ
362 2452 417 2488 πῦρ
436 2452 519 2487 ἄγνου
541 2453 621 2488 φυτὸν
640 2452 816 2485 ἐστὸς,οῶω
830 2453 879 2489 μὲν

128 2535 148 2552 ²¹
165 2536 173 2562 l
192 2534 256 2562 Cor.
270 2542 316 2566 xv,
330 2534 376 2562 54.
416 2534 439 2550 "‘
453 2534 525 2562 Levi‘
550 2543 630 2567 xxul,
646 2534 680 2562 59
698 2543 756 2570 seq.

131 2607 167 2641 (ti)
183 2608 217 2633 Ei
229 2606 265 2634 ἐκ
279 2615 305 2632 τ.
324 2605 362 2633 Ex
376 2606 470 2633 eodem
484 2605 544 2634 cod.
563 2605 654 2640 Rupif.

133 2644 167 2676 (7)
181 2643 222 2668 οὐ
238 2642 294 2677 γὰρ
304 2642 391 2677 οὕτω.
409 2641 488 2668 Deest
508 2641 620 2677 ἄπορον,
644 2644 691 2668 aut
706 2640 771 2676 quid
783 2641 881 2669 simile.

131 2677 167 2711 (8)
183 2676 342 2703 Γενέσθαι.
359 2675 440 2703 Forte
455 2675 607 2711 γενήσεται.

132 2710 167 2746 (9)
184 2711 267 2739 Ἐπεὶ
291 2712 320 2738 τί
345 2711 476 2747 βουξόμ.
501 2710 574 2747 idem
606 2716 794 2747 argumentum
820 2719 881 2745 per-

104 2752 190 2817 Isractat
209 2748 238 2774 δ.
251 2748 340 2810 ἕοιει-
353 2748 381 2773 in
404 2745 526 2774 Convivia
551 2745 649 2773 dcccm‘
665 2747 738 2782 Virg.
750 2746 825 2774 Orat.
843 2754 880 2779 ix,

128 2791 143 2811 l.
160 2791 235 2817 seqq.
276 2790 336 2809 ALL.
441 2816 444 2817 ν

128 2791 143 2811 I.
160 2791 235 2817 seqq.
251 2790 336 2810 ωιι..

131 2792 235 2855 lii
243 2792 390 2854 ἤιε-κίοιτε,
405 2816 451 2844 καὶ
462 2816 571 2852 πυγμῷ.
585 2817 647 2844 Mihi
664 2817 742 2844 valde
753 2819 880 2852 suspecta

934 2225 1095 2252 admovente
1111 2225 1218 2252 viviiico
1241 2224 1328 2259 plaste
1358 2224 1513 2259 optimoque
1531 2222 1628 2257 opiﬁce
1646 2221 1712 2253 Deo,

932 2278 1042 2297 carnem
1053 2270 1142 2297 denuo
1155 2274 1302 2297 renovante
1311 2269 1557 2302 commiscenteque
1570 2270 1597 2294 et
1611 2265 1713 2293 astrin-

932 2320 1020 2351 gente,
1037 2324 1090 2343 non
1102 2316 1158 2350 jam
1175 2316 1301 2351 qualibus
1328 2315 1409 2341 etiam
1434 2314 1510 2341 initio
1523 2312 1714 2339 continebatur

929 2361 1055 2393 vinculis,
1072 2361 1119 2389 sed
1141 2361 1220 2396 plane
1246 2361 1375 2395 deinceps
1401 2359 1602 2386 immortalibus
1632 2361 1714 2392 atque

928 2407 1130 2435 insolubilibus.
1155 2406 1223 2433 Nam
1251 2407 1306 2434 vidi
1318 2414 1368 2441 ego
1399 2406 1426 2432 in
1447 2404 1560 2440 Olympo
1583 2403 1618 2439 (is
1630 2409 1713 2437 porro

930 2460 1009 2481 mons
1021 2457 1063 2481 est
1073 2453 1172 2489 Lyciae)
1189 2453 1277 2488 ignem
1298 2457 1394 2487 sponte
1418 2459 1478 2484 sua,
1501 2452 1529 2478 in
1554 2450 1654 2477 montis
1668 2456 1713 2476 ca-

797 2534 818 2550 “
838 2535 908 2562 Dan.
925 2535 1013 2569 xn,2.
1050 2535 1073 2551 δ’
1092 2534 1186 2562 Ezech.
1204 2542 1306 2566 xxxvu,
1322 2534 1350 2561 4.

935 2615 987 2634 vox
1000 2610 1051 2634 est.
1068 2606 1135 2633 Illud
1150 2607 1263 2637 clarum,
1289 2604 1396 2631 elevare
1418 2603 1477 2631 istis
1498 2602 1624 2630 omnibus
1639 2601 1711 2628 fetu-

932 2649 1001 2672 ram,
1017 2649 1069 2676 qua
1082 2641 1172 2676 proles
1185 2641 1271 2674 primo
1280 2639 1458 2676 _concipilur,
1475 2639 1548 2676 velut
1564 2644 1621 2665 rem
1642 2645 1711 2676 pene

931 2677 1008 2703 nihili
1025 2672 1034 2702 Ξ
1053 2672 1151 2710 οίηιιίι
1168 2672 1258 2701 tamen
1279 2673 1350 2701 Deus
1367 2672 1446 2700 suum
1460 2673 1541 2710 illud
1558 2680 1637 2710 opus,
1648 2672 1711 2710 _bo-

930 2712 1041 2742 minem.
1058 2707 1120 2746 quia
1145 2711 1203 2737 vult
1227 2710 1325 2746 solum.
1344 2712 1440 2746 eruat;
1459 2707 1484 2734 id
1499 2708 1587 2746 ipsum
1605 2707 1711 2746 facilius

930 2742 1101 2781 pra:stiturus
1133 2754 1167 2774 ex
1192 2744 1382 2780 pra‘dei'unctis
1412 2742 1583 2778 corporibus,
1613 2742 1712 2778 majori

930 2783 1010 2816 mole,
1026 2785 1079 2809 ctc.
