1920 3070
223 73 277 101 287

705 73 734 101 S.
751 72 917 107 METEODH
936 74 1089 103 EPISCOPI
1108 75 1152 102 ET
1173 75 1352 103 MARTYRIS

1793 76 1857 104 283

222 132 342 165 cumine,
363 140 398 160 ex
428 132 483 160 imo
504 135 585 160 term
607 137 808 168 erumpentem;
824 134 901 169 juxta
921 143 1002 170 quem

1063 135 1163 167 ;ὐΘαλὲς
1176 135 1222 162 καὶ
1238 135 1356 171 χλοερὸν,
1373 135 1443 162 οὕτω
1464 135 1492 162 δὲ
1508 135 1626 168 σύσκιον,
1639 135 1678 168 ὡς
1695 135 1855 162 ὑποτοπή-

222 183 310 207 exstat
325 179 406 205 arbor
430 178 521 213 Agnus
547 179 658 206 nomine
669 179 725 214 (Η)
735 199 743 212 ,
758 180 826 208 adeo
840 180 944 213 ﬂorida,
960 181 1000 208 vi-

222 233 286 252 rens
298 228 325 252 et
336 231 431 259 opaca,
449 228 480 251 ut
492 224 602 259 jugibus
618 225 707 259 potius
720 226 798 260 aquis
813 226 913 261 irrigua
926 227 1002 254 nasci

221 271 355 299 videatur.
383 271 469 303 Quam
500 271 583 305 igitur
601 271 636 298 ob
663 279 784 303 causam,
816 280 877 299 eum
900 277 1003 301 natura:

221 317 412 352 corruptibiles
427 317 492 348 sint,
506 322 531 344 et
544 324 659 351 corpora
674 318 728 352 igni
740 324 943 350 consumantur,
953 328 1003 347 nec

220 363 278 390 ﬁeri
293 363 379 398 possit
394 366 424 389 ut.
441 363 496 397 igni
514 362 598 389 illaesa
625 369 810 397 permaneant,
841 372 901 399 quze
920 365 1003 392 semel

221 418 269 445 per
284 414 409 436 naturam
428 413 490 436 sunt
510 410 712 436 combustibilia
735 418 741 435 :
762 414 866 437 tantum
882 411 959 438 abest
973 415 1002 438 ut

221 456 279 483 luet:
302 456 384 483 arbor
411 459 560 488 exuratur.
594 460 623 482 ut
644 456 736 488 etiam,
762 464 916 491 quanquam
942 463 1004 484 nata

222 502 356 533 comburi,
371 501 502 528 virentior
515 502 628 529 exsistat
643 505 724 537 atque
741 501 898 537 ﬂorentior;
911 503 1001 538 idque.

222 555 284 574 cum
299 547 332 574 ad
345 547 431 582 ipsius
458 548 516 582 ejus
540 548 646 576 radices
662 547 732 582 ignis
749 547 871 575 foveatur
896 552 923 575 et
938 556 1003 576 eru-

223 597 286 621 etet.
302 593 373 621 Sane
386 602 436 629 ego
450 593 593 629 decerptos
616 599 632 619 e
656 594 867 629 circumjaeente
881 596 948 622 silva
960 603 1005 622 ar-

223 640 331 671 borum,
347 648 449 671 ramos.
467 640 493 667 in
507 640 595 676 ignem
611 641 666 668 illic
681 644 866 676 erumpentem
879 641 1002 677 conieci;

223 686 269 721 qui
301 687 392 713 subito
417 686 534 714 ﬂammis
562 686 690 726 correpti,
707 687 735 713 in
752 687 871 714 cinerem
900 688 1003 714 redacti

223 736 297 760 sunt.
315 732 391 767 Rogo
417 733 522 767 itaque,
540 733 716 767 quamobrem
730 732 802 767 quod
829 740 917 767 neque
938 733 1005 762 solis

223 781 318 805 aestum
338 778 408 805 ferre
423 782 521 813 potest,
540 778 587 805 sed
615 778 668 805 nisi
691 778 818 813 irrigetur
831 782 1001 814 poteturque,

221 824 333 857 arescit,
346 828 502 851 coarctante
517 827 593 850 tanto
607 823 744 855 incendio,
759 831 812 851 non
823 825 1001 857 consumitur;
1019 817 1040 845 Β

223 870 290 904 quin
307 869 409 896 vivitet
435 868 532 896 ﬂoret?
545 869 615 902 Quid
637 869 687 896 sibi
705 876 769 904 ergo
780 869 837 896 vult
853 869 904 897 hoc
922 869 1004 897 mira-

223 916 338 942 culum?
362 915 455 943 Posuit
487 915 557 943 Deus
583 915 680 942 futura:
708 915 762 943 diei
777 916 849 943 illius
873 915 1003 942 indiciutn

223 962 360 997 quoddam
372 966 398 988 et
411 962 533 993 initium,
549 965 577 988 ut
587 962 717 993 sciamus,
734 962 791 989 fore
807 966 836 989 ut
851 962 912 997 igne
927 962 1004 989 coali-

223 1013 268 1036 tus
279 1009 397 1044 pluente,
410 1008 646 1036 omnibusobrutis
661 1009 874 1043 absumptisque,
889 1016 1004 1044 corpora

225 1054 270 1081 illa
300 1062 359 1093 qua:
384 1054 541 1081 claruerunt
557 1054 585 1080 in
601 1053 725 1081 castitate
755 1058 782 1081 et
808 1054 926 1089 iustitia,
955 1061 1005 1088 per

225 1101 312 1136 ignem
330 1109 384 1128 non
395 1108 475 1128 secus
491 1108 522 1126 ac
536 1108 584 1134 per
606 1107 702 1134 aquam
725 1099 860 1135 frigidam,
875 1101 935 1127 sine
955 1100 1004 1126 ali-

225 1156 279 1182 quo
293 1147 386 1174 dolore
412 1154 443 1174 ac
461 1147 582 1174 molestia
601 1146 635 1172 ab
654 1146 713 1179 ipso
740 1146 917 1173 deducantur.
936 1145 1004 1174 Vere

224 1194 296 1220 cnim
317 1197 476 1220 nostrorum
505 1191 721 1224 commodorum,
749 1191 948 1220 studiosissime
978 1196 1005 1219 et

226 1239 366 1273 magnilice
379 1238 503 1269 Domine,
522 1237 567 1264 tibi
585 1238 681 1272 [actori
707 1239 818 1265 serviens
844 1243 965 1265 creatura
978 1239 1005 1265 in

225 1283 350 1309 ultionem
368 1282 495 1310 adversus
510 1283 612 1318 iniquos
629 1283 774 1310 intenditur
798 1282 1004 1318 obrigescitque:

225 1332 303 1362 atque
313 1327 347 1353 ad
361 1327 511 1361 beneﬁtium
531 1335 578 1361 pro
600 1327 632 1354 iis
653 1328 697 1363 qui
715 1327 849 1361 conﬁdunt
873 1328 899 1354 in
914 1332 948 1359 te,
965 1336 1006 1354 re-

226 1372 308 1399 missa
322 1372 456 1398 emollitur
466 1373 488 1388 ’⁸³
506 1382 512 1399 :
529 1373 690 1407 volenteque
705 1376 740 1404 le,
754 1372 823 1407 ignis
838 1371 946 1406 quidem
964 1380 1006 1399 re-

226 1417 366 1450 frigerium
381 1417 454 1449 facit,
478 1418 510 1445 iis
539 1418 606 1444 nihil
625 1418 696 1444 laesis
713 1425 828 1452 quorum
849 1417 907 1452 ipse
926 1417 1004 1444 saluti

226 1465 382 1492 consultum
393 1465 565 1498 decreveris;
582 1467 676 1491 contra
693 1471 758 1491 vero
773 1471 843 1498 aqua
863 1463 1004 1491 vehemen-

1052 189 1098 208 σαι
1112 181 1180 217 ὔδωρ
1201 182 1299 217 μᾶλλον
1324 182 1434 209 ἀένναον
1459 182 1523 208 αὐτὸ
1545 182 1776 217 βεϐλαστηκέναι.
1809 181 1856 208 Δι’

1052 228 1085 263 ἦν
1098 227 1185 255 αἰτίαν
1197 225 1252 260 οὖν,
1266 229 1290 254 εἰ
1302 228 1395 262 φύσεις
1407 228 1460 254 εἰσὶ
1471 228 1605 264 φθαρτῶν,
1621 229 1667 255 καὶ
1682 229 1738 254 ὑπὸ
1756 228 1856 263 πυρὶς

1052 274 1320 309 καταναλισκομένων
1334 274 1475 309 σωμάτων,
1500 275 1545 302 καὶ
1563 275 1692 302 ἀδύνατον
1710 274 1856 301 iustus-1:.

1052 320 1185 355 διαμεῖναι
1195 320 1229 347 τὰ
1240 320 1311 354 ἆπαξ
1320 320 1425 355 φύσεως
1435 321 1587 357 ὑπάρχοντα
1601 322 1650 357 τῆς
1666 321 1832 356 κα·.ιςτικῆς
1843 329 1851 335 ·

1052 366 1082 392 οὺ
1110 366 1188 401 μόνον
1217 367 1248 392 ού
1276 366 1472 401 καταφλέγεται
1503 367 1533 393 τὸ
1557 367 1638 402 φυτὸν
1665 366 1759 398 τοῦτο,
1784 367 1852 393 ἀλλ’

1053 413 1231 448 ἀκμαιότερον
1253 413 1350 448 μᾶλλον
1366 413 1480 449 ὑπάρχει
1498 413 1545 440 καὶ
1564 414 1755 449 χλοηρὸτερον,
1780 413 1797 438 ὅ
1812 414 1850 448 τῇ

1053 458 1131 493 φύσει
1143 459 1200 485 ἐστὶ
1211 459 1336 491 καυστὸν,
1361 459 1407 486 καὶ
1423 459 1508 486 ταῦτα
1524 460 1586 494 περὶ
1597 459 1678 490 αὑτὰς
1689 458 1776 485 αὑτοῦ
1795 460 1852 489 τὰς

1053 504 1130 539 ῥίζας
1148 503 1194 530 τοῦ
1217 505 1301 540 πυρὸς
1324 504 1515 540 ὲντυφομένου.
1542 504 1663 536 Κλάδους
1689 503 1760 538 γοῦν
1787 503 1851 536 ἐγὼ

1052 548 1166 584 δένδρων
1191 550 1223 576 ὲκ
1247 550 1296 584 τῆς
1318 549 1519 586 παρακειμένης
1532 549 1595 584 ὕλης
1613 549 1713 585 ἕρῤιψα
1729 548 1797 575 καθ’
1818 548 1852 574 ὃν

1052 594 1227 629 ἀνερεύγεται
1250 596 1281 622 τὸ
1309 595 1364 630 πῦρ
1387 596 1479 627 τόπον,
1502 596 1548 622 καὶ
1564 594 1663 626 εὐθέως
1686 596 1727 626 εἰς
1752 593 1851 628 φλόγα

1051 640 1180 676 ἀρθέντες
1192 641 1393 676 ὲτεφρὼθησαν.
1402 641 1525 677 Φρὰσατε
1539 639 1584 668 οὖν
1597 640 1638 675 δὴ,
1649 640 1682 666 δι’
1697 640 1731 676 ἣν
1749 639 1850 666 αἰτίαν

1052 686 1082 712 τὸ
1091 686 1127 721 μὴ
1142 686 1274 722 ὑποφέρον
1284 686 1351 722 μηδὲ
1362 687 1411 721 τὴν
1428 686 1458 718 ἐξ
1467 686 1541 721 ἡλίου
1554 685 1679 718 δέξασθαι
1692 685 1849 719 ἔκκαυσιν,

1051 732 1119 758 ἀλλὰ
1136 732 1326 768 ξηραινόμενον
1343 733 1389 759 ἐὰν
1404 732 1441 768 μὴ
1460 731 1576 767 ἀρδευθῇ
1594 731 1703 767 βραχὲν,
1717 730 1850 765 τοσούτῳ

1056 778 1140 813 πυρὸς
1154 778 1266 814 φλογμῷ
1278 779 1451 813 συνεχόμενον
1470 778 1500 804 οὺ
1515 777 1755 808 καταναλίσκεται,
1774 776 1850 802 ἀλλὰ

1054 822 1086 858 ζῇ
1113 831 1142 849 τε
1164 824 1210 849 καὶ
1235 823 1345 856 Θάλλει;
1376 824 1408 850 Τί
1421 821 1467 850 οὖν
1485 823 1612 858 ⁴βούλεται
1624 823 1654 849 τὸ
1669 821 1849 857 παράδοξον;

1056 870 1159 904 Δεῖγμα
1188 869 1266 896 τοῦτο
1289 870 1340 905 τῆς
1364 869 1512 905 μελλούσης
1542 870 1556 895 ὁ
1579 869 1643 900 Θεὸς
1666 868 1777 904 ἡμέρας
1800 866 1850 893 καὶ

1057 915 1196 950 προοίμιον
1224 916 1308 948 ἔθετο,
1334 916 1378 942 ἵνα
1391 915 1566 951 γινώσκωμεν
1586 915 1773 950 εύδηλότερον,
1791 914 1848 946 ὅτι,

1057 961 1165 988 πάντων
1192 962 1258 997 πυρὶ
1287 962 1445 997 καταϐασίῳ
1468 960 1724 997 κατομϐρουμένων,
1754 959 1791 986 τὰ
1819 960 1849 985 ἐν

1057 1007 1151 1042 ἁγνείᾳ
1163 1008 1274 1042 σώματα
1287 1008 1332 1034 καὶ
1343 1007 1499 1044 δικαιοσύνῃ
1508 1006 1702 1042 διαπρέψαντα,
1713 1005 1848 1040 καθάπερ

1056 1053 1152 1089 ψυχρῷ
1169 1053 1244 1080 ὕδατι
1259 1053 1298 1089 τῷ
1310 1054 1377 1089 πυρὶ
1389 1053 1464 1080 οὐδὲν
1480 1053 1658 1088 ἁλγυνόμενα,
1674 1052 1741 1087 πρὸς
1759 1050 1848 1078 αὑτοῦ

1057 1099 1241 1134 ὲπιόήσονται.
1259 1099 1376 1135 Ἀληθῶς
1390 1099 1453 1135 γὰρ,
1463 1096 1486 1126 ὦ
1503 1098 1679 1134 μεγαλωφελῆ
1695 1097 1742 1124 καὶ
1759 1105 1850 1132 μεγα-

1057 1146 1157 1182 λόδωρε
1168 1147 1300 1176 Δέσποτα.
1323 1147 1342 1181 ἡ
1357 1146 1455 1179 κτίσις
1476 1154 1523 1172 σοι
1537 1145 1577 1178 τῷ
1589 1144 1749 1177 ποιήσαντι
1765 1145 1850 1176 ὑπη-

1053 1194 1195 1228 ρετοῦσα,
1219 1193 1393 1219 ἐπιτείνεται
1413 1194 1457 1226 εις
1471 1193 1600 1219 κόλασιν
1624 1190 1698 1217 κατὰ
1710 1189 1771 1216 τῶν
1783 1188 1850 1216 ἀδί-

1057 1248 1126 1266 κων·
1139 1239 1187 1265 καὶ
1202 1238 1313 1265 ἀνίεται
1328 1240 1370 1271 εις
1387 1238 1561 1272 εὐεργεσίαν
1575 1236 1650 1271 ὑπὲρ
1662 1235 1721 1263 τῶν
1729 1235 1780 1262 ἐπὶ
1793 1233 1847 1261 σοι

1058 1284 1253 1312 πεποιθότων
1265 1284 1312 1310 καὶ
1326 1283 1447 1315 θέλοντός
1466 1291 1523 1315 σου,
1537 1281 1592 1317 πῦρ
1609 1282 1657 1317 μὲν
1679 1279 1845 1314 καταψύχει,

1058 1330 1253 1365 λυμαινόμενον
1267 1330 1343 1356 οὐδὲν
1364 1327 1401 1356 ὧν
1427 1329 1508 1361 αὐτὸς
1532 1328 1634 1365 κρίνεις
1645 1326 1845 1359 διασώζεσθαι·

1060 1376 1131 1411 ὕδωρ
1155 1377 1201 1402 καὶ
1230 1376 1345 1411 ἔμπαλιν
1367 1375 1542 1412 δριμυτέραις
1567 1373 1730 1408 καταφλέγει
1757 1373 1847 1408 πυρὸς

1060 1421 1234 1457 προσόολαίς·
1253 1422 1299 1448 καὶ
1312 1422 1388 1448 οὐδὲν
1404 1420 1590 1448 ἀντιτάσσεται
1605 1428 1650 1445 σου
1667 1418 1705 1453 τῷ
1721 1418 1846 1452 ἀνικήτῳ

1060 1469 1165 1503 κράτει,
1193 1468 1239 1494 καὶ
1251 1469 1284 1503 τῇ
1306 1469 1338 1503 σῇ
1365 1468 1444 1502 ἰσχύϊ.
1459 1467 1549 1493 Πάντα
1562 1465 1616 1501 γὰρ
1635 1465 1743 1495 ἔκτισας
1755 1463 1784 1496 ἐξ
1794 1463 1848 1489 οὐκ

232 1511 287 1538 tius
301 1511 445 1545 acriusque
462 1511 522 1546 igne
550 1510 701 1542 comburit,
727 1517 777 1537 nec
793 1509 939 1544 quidquam
957 1510 1005 1536 im-

1063 1512 1157 1539 ὗντων·
1180 1513 1218 1539 διὸ
1247 1513 1295 1539 καὶ
1315 1514 1401 1539 πάντα
1421 1512 1602 1548 μεταλλεύεις,
1625 1511 1658 1537 σὰ
1674 1510 1845 1545 ὑπάρχοντα,

233 1557 341 1584 mortali
359 1562 403 1584 tuo
431 1556 546 1591 imperio
569 1556 696 1583 etvirtuti
723 1555 836 1582 resistit.
859 1554 955 1582 Omnia
970 1556 1008 1582 si-

1061 1558 1108 1584 καὶ
1124 1558 1344 1592 μετασκευάζεις,
1365 1558 1445 1593 μόνος
1462 1558 1590 1593 ὑπάρχων
1608 1556 1683 1588 Θεὸς,
1695 1556 1732 1586 ὡς
1746 1554 1845 1585 θέλεις.

227 1604 337 1639 quidem
352 1612 384 1631 ex
396 1603 480 1631 nihilo
495 1603 594 1631 creasti
614 1613 620 1631 :
638 1611 722 1638 quare
735 1603 816 1631 etiam
834 1603 934 1635 Omnia,
947 1611 1007 1630 cum
1024 1607 1071 1632 tua
1086 1606 1151 1639 sint,
1169 1610 1198 1633 ut
1224 1606 1345 1638 libuerit,
1366 1607 1393 1633 in
1415 1606 1527 1633 formam
1549 1605 1629 1632 aliam
1655 1604 1845 1637 rationemque

227 1651 365 1677 c-invertis
376 1654 402 1677 et
416 1653 515 1681 mutas,
533 1649 580 1684 qui
590 1649 664 1676 solus
680 1648 751 1676 Deus
767 1649 888 1676 exsislis.

264 1696 321 1724 XV.
338 1696 484 1730 Apostolus
496 1703 572 1731 ergo,
586 1704 647 1723 cum
663 1697 786 1731 plantare
799 1700 826 1724 et
840 1697 939 1732 rigare,
955 1697 1007 1724 arti

229 1750 262 1770 ac
279 1747 356 1770 terra:
369 1746 394 1770 et
408 1750 483 1777 aqua:
498 1743 659 1775 tribuisset,
681 1742 735 1770 Deo
751 1743 802 1770 soli
827 1744 1007 1771 accretionem

229 1789 376 1821 concessit,
391 1795 451 1815 cum
468 1789 505 1815 ait
520 1797 526 1815 :
547 1787 637 1823 Neque
651 1788 696 1824 qui
715 1788 817 1822 plantat
835 1794 873 1816 est
889 1789 1006 1824 aliquid,

229 1843 309 1870 neque
322 1835 366 1869 qui
382 1835 465 1869 rigat;
490 1834 536 1861 sed
546 1836 592 1870 qui
605 1835 652 1861 dat
666 1835 852 1862 incrementum
864 1856 872 1868 ,
888 1835 958 1862 Deus
974 1835 1006 1862 ”.

229 1880 346 1908 Noverat
362 1881 434 1907 enim
460 1880 578 1907 divinam
596 1881 680 1913 illam,
693 1883 755 1908 ante
766 1881 857 1921 quinia
871 1882 988 1917 genitam
999 1901 1008 1914 ,

229 1927 320 1953 omnia
335 1927 537 1961 progignentem
550 1927 726 1962 omniumque
741 1927 871 1955 artiliccm
893 1927 939 1954 Dei
960 1926 1010 1954 Sa-

230 1974 376 2008 pientiam.
391 1974 517 2001 universa
532 1974 559 2001 in
579 1973 710 2001 mundum
735 1973 902 2010 producere;
929 1982 1010 2009 quam

230 2019 311 2046 etiam
327 2019 430 2053 antiqui
447 2025 571 2046 naturam
585 2025 751 2047 vocaverunt
762 2023 789 2048 et
801 2020 1010 2055 providentiam,

230 2064 302 2098 quod
319 2072 425 2099 semper
441 2065 584 2099 providens
595 2073 749 2101 curansque
760 2086 766 2097 ,
782 2066 909 2094 omnibus
924 2065 969 2092 det
983 2069 1012 2092 ut

231 2114 379 2137 nascantur
400 2114 425 2137 et
440 2116 573 2138 crescant.
591 2111 657 2138 Nam
668 2132 675 2143 ,
694 2113 782 2147 inquit
793 2112 827 2146 ⁵⁵,
843 2112 924 2139 Pater
941 2120 1012 2138 meus

231 2164 312 2191 usque
334 2156 410 2183 modo
430 2162 562 2190 operatur,
580 2162 603 2184 et
627 2166 672 2193 ego
699 2166 801 2192 operor.
832 2157 1013 2191 Quamobrem

232 2202 313 2230 etiam
332 2201 475 2234 Salomon,
502 2203 779 2237 artificem-omnium,
805 2204 948 2238 appellavit
963 2203 986 2220 "
1003 2212 1010 2230 :

233 2248 332 2286 quippe
346 2256 407 2275 eum
427 2248 500 2275 nulla
515 2249 550 2276 sit
563 2249 590 2276 in
606 2249 660 2276 Deo
680 2249 827 2284 indigentia
839 2270 845 2281 .
861 2249 908 2276 sed
923 2250 1013 2276 omnia

233 2295 376 2328 opulenter
395 2299 422 2321 et
439 2301 532 2322 creare
555 2299 581 2322 et
597 2295 685 2322 facere
702 2299 728 2322 et
745 2296 850 2322 variare
866 2300 892 2323 et
916 2303 1016 2331 augere

234 2340 333 2368 valeat.

270 2397 292 2413 ⁸³
310 2397 374 2431 Sap.
388 2405 444 2430 xvr,
459 2397 504 2424 24.
546 2396 589 2423 “l
607 2396 668 2424 Car.
687 2404 728 2429 ιιι,
740 2396 766 2423 7.
809 2396 831 2412 "
843 2395 953 2429 Joan.v,
966 2397 1007 2424 17.

271 2455 328 2490 (Η)
343 2455 430 2482 Arbor
446 2454 535 2490 Agnus
560 2455 673 2485 nomine,
706 2454 787 2488 ἄγνου
811 2452 902 2490 φυτόν.
920 2452 1017 2490 Πίριᾮτ

236 2499 340 2526 nymus
355 2490 440 2526 μονὴ.
450 2497 549 2526 uuln,
565 2490 610 2526 4Q.
626 2489 733 2526 salicent
743 2489 866 2526 torrentis
880 2489 956 2526 dicit.
970 2489 1016 2526 ubi

236 2523 317 2554 etiam
331 2524 401 2552 LXX
423 2525 456 2552 ad
467 2532 560 2552 vocem
584 2524 665 2558 ἄγνου
684 2524 786 2551 addunt.
800 2523 845 2549 τοῦ
859 2523 1019 2559 χειμάρρου,

238 2561 271 2587 ad
288 2560 493 2594 signiﬁcandum
512 2560 628 2595 gaudere
642 2559 775 2595 ejusmodi
789 2559 912 2595 arborem
929 2559 1019 2593 aquis,

238 2593 416 2630 videmusque
434 2593 533 2630 passim
552 2593 719 2622 luxuriantes
732 2593 766 2620 ad
786 2594 859 2628 ripas
873 2593 1019 2630 ﬂuminum

239 2631 360 2664 locisque
375 2629 539 2664 palustribus
552 2638 558 2655 :
571 2638 625 2665 quo
639 2629 724 2664 magis
744 2633 858 2663 augetur
872 2629 1019 2655 lilctltodia-

241 2674 304 2692 num
334 2665 406 2692 istud
435 2673 496 2692 vere
527 2666 629 2700 grande
654 2665 836 2691 miraculum:
857 2665 899 2700 cui
925 2668 1016 2690 tamen

242 2704 366 2727 astruunt
382 2699 460 2726 tidem
478 2701 554 2726 nives
566 2701 617 2727 illae
631 2700 750 2735 adiipsas
763 2700 854 2726 fauces
865 2699 1016 2735 ﬂammjvo-

242 2742 301 2762 mas
320 2735 448 2761 similium
463 2736 593 2762 montium
616 2735 644 2761 in
667 2733 753 2762 italia.
768 2735 886 2769 olimque
902 2734 928 2760 iu
947 2733 1016 2760 Sici-

244 2770 290 2799 lia.
305 2769 350 2795 ubi
361 2769 506 2795 bituminea
529 2770 642 2796 materia
658 2770 731 2796 velut
747 2770 878 2796 exhausta
893 2769 926 2795 ad
942 2769 1018 2795 ﬂam-

245 2812 304 2831 mas
321 2804 380 2830 illas
404 2804 539 2831 terribiles
560 2805 674 2831 videtur.
699 2803 749 2832 Job
766 2812 871 2839 quoque
892 2811 952 2838 cap.
974 2812 1018 2836 η,

1095 1697 1145 1724 1Ε¹.
1166 1696 1194 1723 Ὁ
1207 1695 1271 1731 γοῦν
1291 1696 1449 1728 Ἀπόστολος
1472 1695 1538 1731 (12),
1562 1696 1593 1722 τὸ
1615 1695 1775 1730 φυτεύεσθαι
1798 1697 1845 1723 καὶ

1061 1743 1216 1775 ποτίζεσθαι
1231 1744 1310 1778 τέχνῃ
1333 1743 1379 1769 καὶ
1395 1744 1430 1778 γῇ
1447 1743 1493 1769 καὶ
1505 1742 1579 1769 ὕδατι
1593 1742 1664 1773 δοὺς,
1678 1741 1717 1777 τῷ
1741 1742 1800 1778 Θεῷ
1813 1743 1844 1770 τὸ

1061 1788 1184 1821 αὐξάνειν
1197 1788 1367 1825 συνεχώρησε
1387 1788 1473 1824 μόνῳ·
1490 1787 1568 1820 ἔνθα,
1585 1788 1653 1814 οὔτε
1671 1789 1687 1814 ὁ
1707 1788 1846 1822 φυτεύων

1061 1834 1130 1861 οὕτε
1149 1836 1165 1861 o’
1179 1834 1302 1865 ποτίζὶιιν
1321 1835 1389 1861 ἐστί
1412 1842 1450 1866 τι,
1481 1834 1549 1860 ἀλλ’
1569 1835 1584 1860 d
1601 1832 1739 1865 αὐξάνων
1761 1834 1842 1867 Θεὸς,

1062 1879 1125 1916 εφη.
1143 1881 1288 1907 Ἠπίστατο
1300 1880 1354 1916 γὰρ
1364 1879 1452 1906 πάντα
1461 1879 1597 1914 γεννῶσαν
1610 1880 1657 1914 τὴν
1673 1879 1843 1915 πρωτόγονον

1063 1925 1159 1961 σοφίαν
1175 1927 1221 1953 τοῦ
1243 1927 1321 1959 Θεοῦ,
1339 1927 1386 1953 καὶ
1409 1927 1517 1953 πάντων
1533 1926 1675 1961 τεχνίτιδα,
1696 1926 1789 1953 πάντα
1803 1928 1843 1959 εἰς

1062 1971 1107 1998 τὸν
1124 1972 1224 2007 κόσμον
1244 1973 1404 2008 προφέρειν·
1429 1973 1461 2007 ἣν
1479 1971 1533 2008 γὰρ
1548 1972 1600 2007 (15)
1617 1972 1725 1998 ποιλιιιιοὶ⁹
1749 1972 1842 2008 ἄνδρες

1064 2017 1143 2051 φύσιν
1159 2018 1288 2045 ἐκάλεσαν
1308 2019 1355 2045 καὶ
1373 2018 1508 2054 πρόνοιαν,
1526 2017 1601 2053 παρὰ
1616 2018 1645 2044 τὸ
1662 2017 1737 2052 φύειν
1760 2019 1841 2053 αὐτὴν

1066 2064 1172 2091 ἃπαντα
1189 2065 1234 2090 καὶ
1250 2064 1358 2097 αὔξειν,
1383 2064 1582 2100 προνοουμένην
1604 2065 1647 2090 ἀεὶ
1671 2064 1716 2091 καὶ
1736 2065 1841 2100 φροντί-

1066 2109 1179 2141 ζουσαν·
1201 2111 1226 2135 Ὀ
1248 2110 1302 2146 γὰρ
1321 2109 1419 2143 Πατήρ
1441 2118 1498 2144 μου
1523 2109 1577 2142 ἕως
1596 2109 1661 2143 ἄρτι
1686 2109 1839 2143 ἐργάζεται,

1032 2160 1052 2186 D
1067 2156 1142 2191 φησὶ,
1164 2155 1243 2190 κάγὼ
1263 2155 1427 2190 ἐργάζομαι.
1448 2155 1528 2182 Ὅθεν
1551 2155 1594 2181 διὰ
1617 2155 1703 2181 ταῦτα
1718 2155 1748 2190 δὴ
1762 2156 1808 2181 καὶ
1827 2156 1841 2181 ὁ

1065 2201 1189 2236 Σολομῶν
1212 2201 1351 2228 ἁπάντων
1367 2201 1450 2236 αὐτὴν
1475 2201 1624 2235 τεχνίτιδιι
1647 2201 1788 2227 ἐκάλεσενθ
1804 2203 1841 2233 εἰς

1065 2249 1140 2276 οὐδὲν
1157 2249 1339 2284 πτωχεύοντος
1354 2249 1401 2276 τοῦ
1423 2249 1501 2281 Θεού,
1523 2248 1590 2275 ἀλλὰ
1606 2248 1738 2279 πλουσίως
1757 2248 1839 2274 πάντα

1067 2295 1114 2322 καὶ
1133 2294 1244 2327 κτίζειν,
1260 2296 1307 2322 καὶ
1329 2296 1424 2327 ποιεῖν,
1443 2294 1490 2321 καὶ
1511 2294 1674 2326 ποικίλλειν,
1698 2293 1743 2321 καὶ
1755 2292 1840 2326 eligant

1067 2341 1215 2376 δυναμένου
1220 2361 1226 2368 .

1052 2397 1075 2412 ⁸⁸
1091 2396 1153 2431 Sep.
1167 2405 1217 2431 vlt,
1228 2397 1272 2424 2i.

1072 2454 1118 2481 ubi
1134 2453 1214 2484 διιεῖ..
1231 2454 1333 2485 κλῶνες
1357 2453 1453 2489 ἀγροῦ,
1470 2456 1496 2479 et
1515 2452 1624 2489 z'iquila.
1647 2452 1714 2489 ἰτέαι
1730 2453 1838 2489 χειμάρ-

1073 2490 1120 2524 ρου
1133 2511 1139 2522 ,
1156 2490 1249 2516 salices
1262 2487 1400 2519 torrentis,
1419 2492 1495 2524 notat
1514 2487 1637 2524 Nobilius
1659 2488 1685 2524 in
1702 2489 1759 2515 aliis
1769 2487 1839 2524 libris

1072 2522 1133 2551 esse
1160 2524 1250 2558 ἄγνου·
1271 2524 1338 2551 forte
1355 2523 1528 2551 scribendum
1555 2522 1646 2556 ἄγνου.
1663 2522 1760 2549 Catena
1774 2523 1838 2550 Lon-

1072 2557 1222 2586 diniana'in
1238 2559 1297 2590 Job,
1314 2559 1346 2585 ad
1363 2566 1423 2585 eum
1442 2566 1549 2585 versum
1567 2565 1666 2590 marg"
1683 2567 1727 2592 γξρ.
1744 2557 1835 2592 ἄγνου,

1070 2599 1096 2620 et
1108 2594 1145 2620 sic
1159 2595 1186 2620 in
1197 2603 1246 2621 ms.
1262 2594 1372 2620 Tltcclte.
1400 2593 1526 2620 Eumdem
1560 2593 1683 2620 arborem
1712 2593 1786 2619 etiam
1806 2601 1838 2621 e:

1072 2629 1193 2663 profanis
1209 2630 1286 2656 docet
1304 2629 1424 2655 Dioscor.
1450 2629 1466 2654 I.
1491 2636 1510 2658 ι,
1529 2637 1552 2655 c.
1567 2627 1627 2660 116,
1640 2628 1751 2662 ejusque
1763 2635 1838 2662 expo-

1072 2662 1139 2690 Sitor
1154 2664 1319 2690 Mattbiolus.
1335 2679 1369 2684 —
1388 2663 1505 2697 llujusce
1532 2663 1638 2689 arboris
1650 2662 1767 2690 meminit
1780 2664 1835 2690 item

1071 2698 1099 2725 S.
1120 2699 1219 2734 Martyr
1234 2700 1260 2725 in
1275 2698 1398 2734 Convivia
1410 2698 1496 2725 decem
1510 2698 1602 2733 rirgin.
1625 2698 1676 2725 sub
1691 2698 1799 2730 initium,
1812 2701 1836 2725 et

1069 2733 1143 2760 Orat.
1160 2733 1216 2769 ης
1230 2735 1255 2762 5.
1267 2733 1351 2760 ϐλιι.

1107 2767 1292 2803 ll'2)'0‘-,rai7r
1317 2770 1380 2795 'Arz.
1393 2768 1431 2795 Ex
1449 2769 1542 2795 eodem
1559 2768 1619 2796 cod.
1637 2767 1729 2803 Rupit.

1108 2805 1164 2839 (l5)
1181 2805 1236 2831 ’Ἡι-
1251 2803 1314 2838 νάρ.
1326 2803 1379 2831 Pro
1402 2804 1455 2839 γάρ
1469 2804 1550 2831 scrib.
1569 2803 1626 2830 καί.
