1920 3070
235 103 286 132 291

721 109 750 137 S.
770 107 936 135 “ETHODII
956 105 1109 134 LPleOI’l
1128 108 1168 133 Εἰ
1193 109 1284 133 MAK'I
1296 107 1373 134 lihS

1806 110 1860 138 29?.

235 164 331 200 ligatas
352 165 456 192 animas
475 172 491 192 a
521 163 635 192 Ieremia
663 164 793 200 propheta
829 164 881 192 dici
908 164 953 196 ",
981 171 1011 191 eo

1071 163 1232 198 Ξεσμώτιδας
1257 163 1308 196 τὰς
1332 164 1422 200 ψυχὰς
1446 163 1516 202 [καὶ]
1540 165 1616 202 παρὰ
1642 167 1689 194 τοῦ
1714 170 1858 204 προφήτου

235 210 306 245 quod
319 210 346 236 in
360 210 519 244 corporibus
533 209 596 237 sint.
613 209 705 244 Neque
720 210 791 236 enim
809 209 906 236 animze
917 214 1013 242 opera-

235 255 323 282 tiones
336 262 351 280 a
363 261 477 288 corpore
491 255 613 289 impediri
634 255 763 287 affirmat;
776 254 831 282 imo
844 261 943 288 corpus
958 253 1013 279 cir-

234 299 361 327 cumferri
375 301 474 335 potius,
482 306 509 329 et
517 302 654 336 cooperari
670 302 702 329 ad
711 309 742 329 ea
750 302 784 329 ad
793 309 854 336 quae
867 301 956 328 anima
969 300 1013 327 in-

234 344 311 372 vitat.
323 343 479 376 Enimvero,
492 345 627 379 quomodo
639 345 688 373 hac
701 346 728 372 in
740 349 815 380 parte
825 344 1012 380 intelligendus

233 389 379 424 Gregorius
393 389 498 425 (20-21)
513 389 675 426 Theologus,
689 395 716 417 et
727 389 772 417 alii
788 390 898 424 plures?

269 432 302 460 ll.
319 432 397 465 Quod
409 432 548 467 Origenes,
565 436 628 467 post
640 432 902 466 praevaricationem,
918 440 1018 468 corpus

233 479 331 506 animae
347 478 448 505 vinculi
462 478 523 505 loco
541 476 701 512 adjunctum
719 476 838 509 dixerit,
862 485 924 505 cum
942 478 1018 513 prius

233 526 293 553 sine
309 532 425 560 corpore
441 523 554 552 viveret.
571 523 623 551 Sed
637 528 665 551 et
685 523 737 551 hoc
752 523 882 558 adjecerit
892 543 900 556 ,
917 531 1018 560 corpus

232 571 306 608 quod
320 575 478 607 gestamus,
492 577 604 598 causam
626 577 688 597 esse
710 573 887 604 peccatorum
904 578 912 596 :
933 577 1019 606 quare

232 618 313 645 etiam
331 617 470 645 vinculum
483 615 639 651 appellavit,
656 619 687 642 ut
699 615 772 650 quod
782 614 902 642 animam
913 622 929 642 a
938 616 1018 644 bonis

232 663 360 699 operibus
374 663 519 698 prohibere
535 661 634 697 possit.

268 709 311 736 Ill.
329 708 407 742 Quod
422 708 445 736 si
466 715 566 743 corpus
587 707 680 735 datum
695 712 738 735 est
757 707 855 734 animae
872 710 903 734 ut
923 707 1018 734 vincu-

231 756 288 784 lum
313 759 375 790 post
392 754 658 790 praevaricationem,
684 753 726 781 vel
749 757 790 781 est
810 753 904 780 datum
921 753 971 788 ipsi
988 758 1018 780 ut

231 801 364 828 malorum
375 800 515 827 vinculum
529 798 596 834 (22),
608 798 651 826 vel
666 801 694 826 ut
705 798 850 826 bonorum.
869 795 942 825 Sane
952 804 1017 824 vero

230 846 324 881 nequit
338 844 397 872 ﬁeri
414 848 445 872 ut
465 844 600 872 honorum
629 842 770 870 vinculum
795 850 802 868 :
826 841 919 868 nullus
943 839 1016 868 enim
1032 845 1054 874 Β

230 891 354 919 medicus
383 890 489 918 aliusve
508 888 605 917 artifex
625 888 774 918 remedium
789 887 912 923 peccanti
929 887 1017 923 porri-

230 938 287 971 git,
303 941 333 964 ut
354 936 416 972 plus
438 939 552 972 peccet:
571 935 658 963 multo
672 935 765 962 minus
781 934 864 962 Deus.
886 933 1017 970 Superest

229 989 295 1017 ergo
321 985 351 1009 ut
373 981 409 1008 sit
434 981 528 1008 datum
550 984 679 1015 tanquam
702 980 843 1007 vinculum
867 980 1013 1008 malorum.

228 1026 313 1062 Atqui
324 1026 458 1058 videmus,
475 1028 504 1052 ut
519 1025 636 1060 primum
653 1023 722 1051 Cain
735 1024 788 1052 hoc
797 1031 912 1059 corpore
931 1024 1016 1052 vesti-

228 1077 286 1105 tus,
299 1071 475 1100 homicidium
490 1071 589 1099 fecerit
602 1080 609 1097 ς
625 1070 729 1106 posteri
754 1078 820 1098 vero
835 1070 869 1098 ad
884 1078 944 1106 qua:
958 1078 1016 1099 scev

229 1119 287 1148 lera
303 1119 422 1154 prolapsi
448 1118 519 1152 sint,
547 1122 590 1146 est
619 1117 807 1146 manifestum.
832 1117 903 1154 Ergo
927 1125 1016 1153 neque

228 1174 329 1201 corpus
352 1169 395 1193 est
413 1164 554 1192 vinculum
571 1164 705 1191 malorum
731 1172 739 1190 :
762 1171 827 1200 ergo
849 1171 937 1200 neque
960 1165 1016 1192 ullo

228 1212 310 1239 modo
329 1211 485 1245 vinculum;
505 1217 594 1245 neque
609 1210 676 1238 illud
692 1209 783 1238 anima
803 1214 866 1245 post
885 1210 1016 1245 praevari-

228 1258 364 1285 cationem
380 1257 498 1292 primum
513 1255 611 1283 induit.

263 1303 309 1331 IV.
328 1303 430 1335 Homo,
447 1302 553 1338 inquit,
571 1302 595 1330 si
610 1301 671 1337 ejus
687 1305 814 1329 naturam
829 1305 952 1337 spectes,
969 1309 1016 1330 ve-

227 1351 337 1378 rissime
348 1350 465 1384 dicitur,
478 1356 566 1385 neque
592 1349 682 1376 anima
700 1349 760 1376 sine
773 1355 903 1383 corpore,
926 1356 1015 1383 neque

227 1400 335 1428 contra,
349 1403 450 1429 corpus
464 1395 525 1423 sine
539 1395 649 1429 anima;
666 1394 714 1422 sed
731 1394 797 1422 illud
808 1394 882 1430 quod
898 1402 931 1422 ex
951 1402 1016 1422 coa-

229 1442 323 1470 litione
337 1441 435 1468 anima:
449 1445 476 1469 et
487 1441 627 1477 corporis,
641 1441 669 1468 in
680 1448 762 1468 unam
775 1440 881 1476 pulchri
896 1441 1014 1476 bonique

229 1488 344 1516 formam
362 1487 508 1515 conﬂatur.
539 1487 669 1523 Origenes
695 1494 776 1520 vero,
792 1491 822 1514 ut.
847 1486 924 1514 Plato
943 1486 1011 1523 (25),

227 1536 314 1564 solam
333 1535 452 1562 animam
467 1533 535 1561 dixit
549 1534 716 1562 constituere
730 1532 878 1560 hominem.

266 1580 296 1609 Ὗ.
309 1580 493 1608 Diﬂ‘crentiam
504 1579 575 1607 inter
593 1579 730 1606 hominem
755 1582 782 1606 et
799 1582 895 1606 caetera
910 1578 1014 1605 anima-

225 1626 263 1655 lia
282 1633 342 1654 esse
359 1625 425 1653 dicit
439 1634 446 1652 :
464 1629 546 1660 atque
565 1623 608 1652 his
625 1624 735 1660 quidem
747 1631 809 1651 esse
828 1623 908 1650 datas
922 1623 1013 1651 diver-

226 1680 272 1701 sas
288 1676 391 1700 natura:
414 1672 519 1707 species
545 1670 720 1706 formasque,
743 1674 861 1705 quantas
883 1670 1012 1698 nimirum

225 1719 314 1748 solida
328 1718 384 1754 (ιι)
401 1722 428 1746 et
444 1717 532 1745 oculis
554 1717 679 1752 subjecta
702 1721 800 1744 natura
827 1716 884 1745 Deo
900 1716 1013 1752 jubente

225 1764 355 1801 produxit
372 1771 379 1789 :
398 1763 503 1790 homini
518 1770 583 1790 vero
601 1762 694 1790 datum
710 1768 791 1794 esse,
809 1765 840 1789 ut
859 1767 933 1789 esset
957 1760 1013 1789 Deo

226 1811 325 1838 similis
335 1813 362 1837 et
371 1809 512 1837 deiformis
522 1828 530 1841 ,
545 1812 629 1844 utque
640 1807 742 1840 omnia,
754 1807 789 1835 ad
799 1812 922 1835 exactam
937 1807 1012 1835 illam

225 1857 409 1892 exeluplarem
436 1854 525 1882 Patris
554 1854 749 1890 Unigenitique
772 1854 918 1889 imaginem
947 1862 1012 1890 spe-

225 1903 346 1935 ctantia,
361 1901 482 1929 haberet.
503 1899 598 1930 Fuerit
618 1907 683 1928 vero
696 1900 924 1928 considerandum
942 1900 1011 1936 (25),

228 1957 283 1985 qua
300 1952 413 1977 sanctus
427 1947 534 1975 ratione
549 1947 575 1974 id
592 1946 675 1974 dicat.

260 1994 305 2023 Vl.
318 1994 441 2022 Phidiam
453 1993 615 2022 statuarium
626 1992 674 2026 ait,
689 1999 751 2020 cum
767 1991 878 2020 Pisaeam
892 1995 1011 2018 statuam

225 2049 259 2070 ex
273 2042 355 2069 ebore
380 2040 537 2074 formasset,
555 2040 704 2076 imperasse
724 2041 788 2066 ante
810 2042 926 2066 statuant
954 2037 1010 2074 (26)

262 2109 284 2126 ⁸⁷
301 2110 396 2137 Thren.
415 2116 457 2141 ιιι,
475 2108 521 2137 54.

261 2176 367 2214 (20·21)
383 2175 519 2214 Quomodo
532 2175 580 2214 hac
591 2174 618 2201 in
627 2178 706 2214 parte
715 2172 1008 2214 intelligendusﬂreg-o-

225 2203 431 2249 νὶιῖξειοίπῶς
438 2210 546 2249 νοητέον
553 2209 583 2237 τὸ
595 2203 641 2249 τοᾷ
654 2209 778 2244 θεολόγοι)
790 2203 939 2249 Ῠρηγοριου
950 2203 1013 2241 ;"Je-
1028 2204 1050 2233 D

223 2249 318 2282 junius
346 2247 586 2282 interseriturtac
601 2245 674 2282 velut
699 2252 831 2282 concesso
855 2245 915 2282 viro
933 2248 1008 2272 tanto

225 2279 408 2318 Drigenianis,
426 2281 506 2315 cujus
522 2281 555 2318 ab
568 2281 693 2318 Origene,
706 2280 736 2318 i_n_
753 2287 852 2318 errore
872 2279 1009 2318 hocupes-

226 2314 306 2349 simo,
318 2324 372 2344 non
387 2314 512 2344 occurrat
528 2314 683 2343 discrimen.
711 2314 807 2343 Melius
820 2319 894 2342 certe
924 2315 1008 2342 Maxi-

226 2361 287 2380 mus
297 2353 351 2384 ille,
365 2360 427 2380 vere
441 2352 575 2379 maximus
591 2350 714 2386 Gregorii
743 2350 883 2385 expositor
910 2358 1008 2385 prope-

225 2388 297 2415 diem
315 2387 448 2420 edendus,
462 2386 496 2413 ad
512 2385 662 2414 orationem
684 2385 720 2412 De
737 2393 826 2412 amore
852 2393 1006 2419 pauperum,

226 2424 273 2451 ubi
288 2423 437 2455 Gregorius
453 2423 610 2449 nonnullam
627 2420 810 2448 difficultatem
822 2420 940 2455 praefert.

261 2458 318 2495 (22)
338 2455 384 2495 Vel
395 2463 435 2485 est
455 2457 546 2495 datum
571 2458 622 2491 ipsi
639 2461 674 2495 ut
703 2456 834 2483 malorum
864 2455 1005 2495 vinculum,

225 2492 451 2522 Velut‘nimirum
463 2492 564 2520 abillis
589 2492 736 2528 prohibens
750 2494 801 2528 :_ut
825 2498 858 2517 ex
883 2492 1007 2528 sequenti

245 2529 395 2561 robatione,
412 2536 465 2556 non
481 2526 610 2562 prohibiti
632 2527 696 2554 mali
712 2527 740 2553 in
752 2526 837 2562 Gaino
851 2529 878 2562 et
891 2526 1008 2562 posteris

238 2565 335 2600 iquet;_
351 2559 411 2600 qua:
424 2559 565 2600 pluribus,
572 2562 749 2600 prosequitur
775 2561 833 2596 ipse
854 2559 1007 2588 Methodius

226 2598 298 2635 apud
316 2598 494 2635 Epiphanium
508 2607 536 2625 ιι.
552 2598 596 2626 45.

263 2634 320 2670 (25)
338 2630 468 2670 'O'rigenes
495 2642 565 2667 vero,
589 2638 618 2670 ut
640 2632 730 2670 Plato.
753 2630 813 2670 Alia
843 2630 936 2662 lectio,
953 2630 1005 2670 οὐδ’

234 2666 384 2705 Ὦριγένης,
394 2666 629 2705 'minusicongruit
642 2677 650 2695 :
661 2668 740 2703 plane
747 2667 826 2705 enim_
835 2666 1007 2705 consensisse

228 2701 334 2731 videtur
344 2701 472 2739 Origenes
487 2701 603 2734 Plato'ni,
614 2701 740 2738 dog'mate
755 2701 828 2736 quod
845 2703 949 2736 spectat
966 2701 1006 2727 ad

228 2740 351 2772 animas;
364 2743 393 2766 ut
410 2739 475 2774 ipsae
485 2743 575 2766 essent
590 2740 685 2771 homo;
702 2744 857 2774 quanquam
881 2743 935 2774 non
961 2743 1004 2774 re-_

228 2771 349 2808 cipercnt
374 2771 433 2801 eam
458 2771 718 2804 denominationem,
736 2772 790 2798 nisi
815 2772 844 2808 in
860 2771 1005 2808 ordinead

227 2806 337 2842 corpus.
364 2812 390 2835 et
404 2808 469 2835 illud
495 2808 665 2835 connotando
681 2811 710 2834 ut
737 2807 875 2841 proprium
896 2806 1003 2833 mobile.

229 2841 361 2870 Videntur
373 2851 438 2871 vero
450 2850 510 2871 esse
528 2843 584 2870 inec
598 2843 680 2871 verba
697 2842 796 2876 Pliotii,
808 2841 899 2876 priora
915 2844 1003 2869 autem

1075 208 1206 244 Ἱερεμίου
1220 209 1370 241 καλεῖσθαι,
1381 209 1425 236 διὰ
1435 210 1466 236 τὸ
1482 211 1510 236 ἐν
1525 210 1647 246 σώμασιν
1661 211 1747 244 αὑτὰς
1757 214 1861 248 τυγχά-

1069 263 1135 282 νειν.
1151 255 1188 282 υύ
1201 255 1256 291 γὰρ
1266 256 1422 291 ἐμποδίζειν
1438 256 1488 288 τὰς
1501 257 1550 292 τῆς
1565 257 1653 294 ψυχῆς
1667 259 1812 294 ἐνεργείας
1831 259 1861 286 τὸ

1070 301 1149 337 σῶμα
1156 302 1258 329 τίθεται
1267 310 1274 317 ·
1285 303 1553 338 συμπεριάγεσθαιδὲ
1565 304 1664 339 μᾶλλον
1673 305 1702 331 τὸ
1711 305 1804 341 σῶμα,
1813 307 1862 333 καὶ

1071 349 1240 383 συνενεργεῖν
1255 348 1323 384 πρὸς
1337 348 1356 375 ἃ
1368 350 1385 385 ὴ
1396 348 1469 384 ψυχὴ
1490 349 1640 385 ἐπιτρέπει,
1663 350 1742 378 Ἀλλὰ
1755 351 1819 383 πῶς
1831 352 1862 379 τδ

1068 392 1116 420 τοῦ
1132 393 1258 429 θεολόγον
1271 394 1420 430 Γρηγοριου
1436 395 1555 430 νοητέον,
1574 396 1621 423 καὶ
1633 396 1722 424 ἄλλων
1731 398 1860 431 πολλῶνς

1104 439 1142 467 B'.
1162 441 1223 467 Ὀτι
1245 441 1385 477 Ὠριγένης
1397 441 1494 477 δεσμὸν
1506 441 1536 468 τὸ
1553 442 1632 478 σῶμα
1646 443 1723 478 ἔλεγε
1736 444 1863 471 δεδόσθαι

1069 487 1101 523 τῇ
1113 486 1185 523 ψυχῇ
1199 487 1269 523 μετὰ
1284 487 1333 523 τὴν
1345 487 1509 523 παράϐασιν,
1522 489 1586 524 πρὶν
1597 489 1624 516 δὲ
1635 489 1790 526 ἀσωμάτως
1801 490 1863 526 (27)

1069 532 1152 568 αὐτὴν
1169 532 1316 567 βιοτεύειν·
1335 533 1404 560 ἀλλὰ
1424 534 1472 560 καὶ
1489 534 1569 561 τοῦτο
1584 535 1614 561 τὺ
1632 535 1723 571 σῶμα,
1744 536 1759 563 ὃ
1780 546 1863 572 περι-

1069 578 1193 614 κείμεθα,
1210 578 1296 605 αἴτιον
1323 577 1391 606 εἶναι
1406 579 1461 606 τῶν
1478 581 1636 616 ἁμαρτιῶν
1651 582 1695 608 διὰ
1710 582 1792 609 τοῦτο
1816 586 1863 610 καὶ

1068 625 1165 661 δεσμὸν
1182 625 1284 660 ἔλεγεν,
1304 625 1343 658 ὡς
1365 626 1418 653 ἀπὸ
1433 626 1488 653 τῶν
1509 627 1619 661 ἀγαθῶν
1634 627 1724 665 ἔργων
1741 629 1864 657 κωλύειν

1068 671 1214 707 δυνάμενον
1229 671 1278 708 τὴν

1103 718 1140 746 Γ’.
1156 718 1217 745 ’Ότι
1229 718 1253 744 εξ
1271 717 1370 753 δεσμὸς
1385 718 1462 754 ἐδόθη
1479 719 1509 746 τὸ
1525 720 1605 755 σῶμα
1619 721 1688 756 μετὰ
1700 721 1750 758 τὴν
1768 723 1862 758 παρά-

1068 764 1156 796 ϐασιν,
1174 764 1191 800 ἢ
1209 764 1264 791 τῶν
1278 764 1380 796 κακῶν,
1395 764 1412 800 ἢ
1427 765 1482 791 τῶν
1497 766 1606 800 ἀγαθῶν
1622 767 1699 803 ἐδόθη
1721 770 1754 804 τῇ
1772 769 1862 804 ψυχῇ.

1068 810 1128 837 Τῶν
1143 810 1194 846 μὲν
1205 808 1251 838 οὖν
1267 811 1387 845 ἀγαθῶν,
1401 812 1531 839 ἀδύνατον
1542 822 1549 828 ·
1568 814 1628 841 οὐδὲ
1649 814 1703 851 γὰρ
1720 815 1826 850 ἰατρῶν
1844 817 1862 851 ἢ

1067 856 1196 890 τεχνιτῶν
1218 855 1296 888 ἄλλος
1317 856 1357 892 τῷ
1377 857 1564 893 ἁμαρτήσαντι
1586 859 1676 886 δίδωσι
1697 861 1863 896 φάρμακον,

1067 901 1137 929 ὥστε
1152 902 1232 930 πλέον
1248 902 1446 939 ἑξαμαρτῆσαι.
1466 905 1504 940 μὴ
1524 905 1564 932 ὃτι
1584 914 1616 940 γε
1631 906 1706 939 Θεός.
1723 907 1863 935 Λείπεται

1066 948 1098 984 δὴ
1111 948 1165 976 τῶν
1179 949 1282 977 κακῶν.
1305 950 1384 978 Ἀλλὰ
1400 953 1454 988 μὴν
1468 952 1588 988 ὁρῶμεν,
1599 953 1636 986 ὡς
1654 955 1713 980 κατ’
1729 955 1824 990 ἀρχὰς
1846 956 1863 982 ὁ

1068 996 1116 1031 μὲν
1131 996 1212 1029 Κάῖν,
1231 997 1420 1033 περικείμενος
1438 997 1517 1025 τοῦτο
1530 998 1560 1025 rb
1585 1000 1675 1035 σῶμα,
1692 1000 1860 1034 ἐφόνευσεν·

1065 1042 1090 1068 οὶ
1103 1042 1131 1069 δὲ
1145 1042 1242 1079 ἐφεξῆς
1260 1044 1329 1079 πρὸς
1343 1044 1376 1077 ἃς
1402 1044 1612 1081 ὰθεμιτουργίας
1638 1044 1799 1079 ἐξώκειλαν,
1813 1047 1855 1082 δῆ-

1066 1087 1120 1114 λον.
1135 1089 1202 1115 Οὐδὲ
1215 1089 1269 1116 τῶν
1283 1090 1376 1117 κακῶν
1389 1090 1442 1126 ἄρα
1456 1090 1554 1126 δεσμὸς
1567 1090 1598 1117 τδ
1613 1091 1702 1127 σῶμαζ
1715 1092 1772 1119 οὐδ’
1789 1092 1861 1124 ὅλως

1066 1134 1120 1170 ἄρα
1133 1135 1231 1171 δεσμός
1241 1144 1247 1151 ·
1263 1135 1317 1163 οὐδ’
1332 1136 1446 1173 ὕστερον
1460 1137 1527 1164 αὐτὸ
1540 1137 1695 1173 ἠμφιέσατο
1710 1138 1785 1174 μετὰ
1807 1139 1861 1174 τὴν

1066 1179 1221 1215 παράϐασιν
1239 1182 1256 1216 ἡ
1273 1181 1356 1219 ψυχή.

1100 1303 1136 1330 Δ’.
1154 1303 1215 1330 ’Ὀτι
1229 1304 1381 1341 ἄνθρωπος,
1393 1306 1470 1342 φησὶ,
1484 1305 1592 1341 λέγεται
1608 1305 1678 1333 κατὰ
1691 1306 1774 1341 φύσιν
1790 1307 1860 1342 ἀλη-

1065 1349 1182 1377 θέστατα
1202 1349 1264 1377 οὒτε
1281 1351 1353 1387 ψυχὴ
1370 1353 1454 1388 χωρὶς
1476 1351 1614 1388 σώματος,
1640 1352 1696 1379 οὔτ’
1710 1351 1744 1380 αὖ
1772 1353 1859 1380 πάλιν

1066 1395 1144 1432 σῶμα
1158 1397 1241 1433 χωρὶς
1269 1397 1374 1433 ψυχῆς·
1397 1398 1465 1425 ἀλλὰ
1481 1398 1511 1425 τδ
1537 1399 1569 1427 ἐκ
1594 1399 1748 1432 συστάσεως
1764 1400 1860 1436 ψυχῆς

1065 1442 1111 1468 καὶ
1127 1441 1253 1478 σώματος
1269 1443 1310 1475 εις
1324 1443 1388 1479 μίαν
1401 1444 1450 1480 τὴν
1464 1445 1511 1471 τοῦ
1530 1445 1612 1471 καλοῦ
1631 1446 1738 1481 μορφὴν
1755 1455 1857 1472 συντε-

1065 1486 1120 1514 θέν.
1141 1487 1170 1515 '0
1185 1487 1208 1514 δ’
1225 1488 1422 1525 Ὠριγένηςτὴν
1434 1489 1522 1526 ψυχὴν
1539 1490 1623 1526 μόνην
1639 1490 1730 1524 ἔλεγεν
1745 1491 1859 1527 ἄνθρω-

1027 1519 1050 1550 c
1065 1541 1126 1565 πον,
1143 1533 1179 1564 ὼς
1190 1533 1204 1559 ὁ
1214 1519 1336 1562 Πλᾶτῶν.

1098 1579 1137 1606 Ε’.
1155 1579 1215 1606 Ὅτι
1232 1580 1361 1616 διαφορὰν
1375 1581 1519 1618 ἀνθρώπου
1541 1584 1589 1610 καὶ
1603 1583 1658 1610 τῶν
1675 1583 1762 1611 ἄλλων
1775 1583 1860 1616 ζώων

1064 1625 1144 1661 φησι·
1162 1626 1208 1652 καὶ
1226 1628 1281 1658 τοῖς
1300 1627 1349 1662 μὲν
1367 1628 1482 1665 διάφορα
1507 1630 1633 1665 σχήματα
1649 1629 1755 1664 φύσεως
1777 1631 1858 1657 δέδο-

1061 1679 1123 1702 ται,
1139 1671 1186 1698 καὶ
1212 1673 1330 1708 μορφαὶ,
1352 1673 1452 1707 ὁπόσας
1466 1676 1483 1711 ἡ
1512 1676 1669 1712 στερέμνιος
1693 1677 1740 1703 καὶ
1765 1678 1858 1714 ὁρατὴ

1063 1717 1144 1752 φύσις
1158 1718 1314 1751 κελεύοντος
1334 1720 1462 1756 ἐγέννησε
1476 1721 1559 1749 Θεοῦ·
1577 1723 1617 1758 τῷ
1637 1723 1665 1750 δὲ
1685 1723 1715 1750 τὺ
1735 1723 1859 1757 θεοειδὲς

1062 1764 1109 1791 καὶ
1126 1764 1284 1799 θεοείκελον,
1305 1767 1352 1794 καὶ
1368 1767 1456 1795 πάντα
1477 1769 1544 1805 πρὸς
1561 1769 1669 1806 ἐκείνην
1687 1771 1859 1807 ἀπηκριΰω-

1069 1809 1152 1853 μένην
1172 1811 1201 1845 (ι.
1218 1812 1444 1851 ἀπηκριϐωμένα)
1463 1817 1513 1853 τὴν
1535 1819 1709 1853 πρωτότυπον
1722 1819 1770 1845 τοῦ
1793 1821 1856 1846 Παι-

1067 1852 1130 1897 Ιιρὺς
1146 1854 1192 1880 καὶ
1205 1855 1370 1890 Μονογενοῦς
1391 1852 1495 1889 εἰκόνα.)
1505 1852 1563 1889 Kal.
1576 1862 1635 1894 πῶς
1652 1862 1731 1891 τοῦτο
1746 1862 1823 1897 λέγει
1840 1865 1856 1890 ὁ

1068 1894 1144 1930 ἅ-γιιος
1155 1898 1341 1928 ἐπισκεπτέον.
1678 1908 1686 1915 '

1097 1996 1143 2028 (τι.
1162 1995 1223 2022 ὀτι
1240 1995 1307 2031 φησὶ
1320 1994 1426 2022 Φειδίαν
1438 1993 1485 2021 τὸν
1494 1995 1712 2031 ἀγαλματοποιὸν
1722 2016 1730 2028 ,
1751 1997 1784 2024 τὸ
1799 1997 1856 2024 [It-

1063 2042 1137 2068 σαίον
1159 2041 1265 2068 εἴδωλον
1287 2041 1437 2077 ποιήσαντα
1460 2041 1490 2073 ἐξ
1513 2041 1658 2077 ἐλέφαντος
1671 2042 1739 2078 (28),
1763 2039 1865 2080 προσ-’

1063 2177 1127 2200 sunt
1138 2172 1266 2200 Methodii
1278 2180 1306 2199 n.
1324 2172 1358 2199 18
1369 2172 1438 2206 apud
1454 2171 1644 2206 Epiphanium,

1100 2209 1155 2243 (⁵24)
1171 2208 1274 2236 Solida.
1285 2208 1451 2243 στερέμνιος.
1466 2207 1565 2242 {\empc
1573 2211 1646 2234 terra
1657 2212 1684 2234 et
1696 2214 1776 2242 aqua,
1786 2217 1854 2243 qua:

1059 2242 1118 2280 ipsa
1133 2247 1198 2280 sunt
1211 2245 1226 2278 ἡ
1241 2245 1325 2280 ὁρατὴ
1342 2242 1480 2280 (adsignes
1503 2250 1556 2276 qua
1573 2250 1651 2269 sacer
1677 2246 1767 2280 textus
1784 2242 1854 2279 pro-

1059 2276 1239 2314 ductarrel‘ert
1257 2276 1518 2314 ὀιιίιίιοὶίτιηῌίὶιιιε
1533 2285 1597 2305 vero
1621 2278 1748 2313 quadrat,
1769 2276 1850 2314 q’nod

1058 2313 1214 2341 reddiderat
1226 2314 1360 2349 interpres
1373 2312 1472 2339 valida.

1092 2359 1147 2394 (25)
1165 2358 1256 2386 Fuerit
1271 2368 1328 2387 vero
1345 2359 1574 2390 considerandum,
1591 2363 1644 2386 etc.
1670 2358 1787 2386 Planum
1803 2365 1852 2388 est

1058 2403 1119 2423 esse
1131 2395 1220 2422 Photii
1233 2395 1325 2426 verba,
1336 2395 1498 2423 remittentis
1509 2395 1543 2421 ad
1554 2395 1640 2429 ipsum
1656 2394 1827 2422 Methodium
1841 2405 1850 2430 ;

1058 2437 1217 2466 quanquam
1233 2431 1366 2466 interpres
1378 2430 1493 2466 viplenta
1500 2433 1532 2466 et
1549 2430 1725 2466 punctatione
1739 2435 1766 2457 et
1781 2438 1850 2457 ver-

1058 2464 1134 2493 sione
1142 2464 1180 2492 ad
1193 2464 1357 2492 Methodium
1373 2465 1484 2493 referat.
1500 2464 1563 2492 Fuit
1585 2465 1670 2492 codex
1699 2464 1850 2493 Sirniundi

1057 2505 1088 2528 ut
1105 2505 1341 2536 reprtusentantus.
1356 2499 1449 2528 Potest
1469 2508 1534 2536 ergo
1548 2500 1635 2527 videri
1650 2501 1707 2535 ipsc
1724 2500 1849 2536 μοι)ιο-

1057 2537 1120 2577 dius
1135 2535 1241 2571 plenius
1255 2535 1408 2563 edisserens
1428 2543 1456 2563 ιι.
1471 2535 1510 2562 18⁷
1526 2540 1554 2562 et
1577 2536 1610 2563 i9
1629 2535 1699 2571 apud
1722 2535 1850 2571 Epipha—

1057 2579 1142 2598 nium.

1091 2616 1148 2653 (26)
1172 2618 1239 2645 Ante
1265 2622 1390 2650 statuam,
1420 2613 1572 2653 ἔμπροσθεν
1600 2617 1646 2644 τοῦ
1673 2617 1848 2653 ἀγάλματος.

1058 2652 1103 2680 Sic
1129 2652 1210 2680 etiam
1236 2653 1307 2688 apud
1335 2652 1514 2688 Epiphanium
1539 2661 1567 2680 n.
1586 2653 1729 2688 19ηὰμφὶ
1758 2653 1849 2686 πόδας

1057 2688 1210 2723 ἔμπροσθεν
1229 2687 1275 2715 τοῦ
1291 2687 1457 2724 ἀγάλματος,
1484 2688 1530 2716 ubi
1541 2688 1610 2716 bene
1636 2687 1776 2721 Petavius,
1800 2688 1850 2750 dm!

1767 2732 1799 2750 ιιε
1819 2731 1850 2750 α

1765 2731 1852 2761 pcata

1092 2803 1148 2839 (27)
1169 2803 1350 2838 Ἀσωμάτως.
1363 2803 1406 2839 Al.
1423 2802 1576 2838 ἀσώματον.

1094 2838 1150 2876 (28)
1172 2839 1270 2875 Ἑλέρ.
1286 2839 1330 2866 Al.
1348 2838 1493 2873 ἰλεφάντου
