1920 3070
204 143 256 172 503

679 141 708 169 S.
731 141 894 192 ME‘ZI‘IIODH
915 140 1068 169 EPlSlJOPl
1089 141 1131 168 ET
1153 141 1332 169 MARTYRIS

1768 140 1829 168 ευ

204 204 274 239 gelii.
292 202 325 230 In
341 201 459 230 omnibus
472 205 559 228 autem
572 209 739 230 assumamus
751 208 854 230 scutum
870 202 942 237 ﬁdei.
954 204 981 230 in

1039 203 1101 229 Ἐπὶ
1113 201 1189 230 πᾶσί
1196 212 1228 230 τε
1235 203 1428 237 ἀναλάϐωμεν
1435 202 1489 229 τὸν
1497 202 1604 236 θιφεὸν
1613 201 1666 235 τῆς
1675 202 1824 235 πίστεως,

204 258 257 285 qua
267 249 396 283 possimus
412 248 500 274 omnia
514 248 566 274 tela
581 249 733 284 nequissimi
749 249 825 283 ignea
838 249 984 284 exstingue-

203 303 232 322 re
246 303 255 321 :
265 299 290 321 et
301 294 403 329 galeam
417 293 528 325 salutis,
553 298 577 320 et
598 293 716 328 gladium
728 295 849 328 spiritus,
864 295 931 329 quod
944 299 984 321 est

203 339 306 368 ccrlium
334 338 382 366 Dei
411 346 420 365 :
445 342 473 364 ut
499 339 631 372 possimus
646 344 717 366 stare
732 339 855 366 adversus
872 339 982 366 insidias

203 385 302 413 diaboli
318 385 341 400 “
353 393 361 411 :
376 384 546 419 cogitationes
562 384 624 411 item
638 384 782 416 destruere,
795 389 819 412 et
829 393 930 412 omnem
942 385 983 412 al-

204 431 342 457 titudinem
362 430 527 457 extollentem
553 438 580 457 se
601 429 726 458 adversus
748 431 884 458 scientiam
904 430 982 458 Chri-

203 477 238 504 sti
251 477 283 504 θ’.
302 477 431 509 Quoniam
449 484 501 502 non
521 480 560 503 est
584 476 658 503 nobis
687 476 837 503 colluctatio
859 476 982 504 adversus

203 531 308 550 carnem
318 527 342 549 et
357 523 509 557 sanguinem
521 522 554 549 “.
571 521 632 549 Non
643 522 712 549 enim
726 523 795 558 quod
807 522 864 549 volo
875 522 980 555 bonum,

205 568 251 594 huc
262 575 327 603 ago;
341 567 385 594 sed
402 567 469 602 quod
486 566 540 599 odi,
554 567 621 594 illud
645 567 725 602 facio.
755 567 786 596 Si
808 574 894 595 autem
914 568 982 604 quod

205 613 275 645 nolo,
295 612 361 639 illud
383 613 451 647 facio
462 633 469 645 ,
487 613 619 640 consentio
635 613 695 647 legi,
713 613 836 648 quoniam
851 613 918 640 bona
933 618 980 641 est.

207 658 284 684 Nunc
298 663 383 685 autem
392 658 451 692 jam
466 666 516 685 non
537 666 583 693 ego
603 666 695 693 operor
709 659 787 692 illud,
802 659 846 686 sed
857 659 925 694 quod
938 659 984 686 Ila-

205 706 270 731 bitat
286 704 314 731 in
327 713 364 731 me
375 708 519 738 peccatum.
533 704 594 731 Scio
608 705 676 731 enim
689 705 751 740 quia
768 713 819 732 non
837 705 939 732 habitat
955 706 982 732 in

205 759 254 782 me,
269 750 315 777 hoc
330 755 367 778 est
379 751 405 776 in
420 758 498 776 carne
514 758 580 782 mea,
598 750 692 777 bonum
706 751 739 777 "’.
759 750 891 779 Praeclare
908 751 981 778 istud

205 797 323 831 quidem.
340 795 500 823 Meministis
514 796 596 828 enim,
621 796 691 831 quod
709 797 834 831 superius
851 797 901 824 luit
916 804 982 824 con-

205 846 328 870 stitutum
348 852 354 869 :
375 845 404 868 ut
420 849 452 868 ex
468 849 521 876 quo
535 842 652 876 primum
676 842 758 869 homo
775 843 915 875 seductus,
934 842 981 870 Dei

205 888 359 914 mandatum
380 887 503 922 violavit,
522 887 594 919 inde,
622 895 655 914 ex
682 888 866 916 inobedientia
893 894 983 916 ortum

205 937 355 969 peccatum,
373 933 463 961 sedem
488 934 515 960 in
530 941 562 961 eo
577 934 710 969 posuerit.
740 934 785 962 Sic
800 935 872 962 enim
888 935 985 963 seditio

204 979 314 1007 conﬂari
330 980 411 1014 cmpit
427 979 483 1014 (46)
510 988 517 1006 :
535 987 567 1006 ac
596 980 760 1008 turbulentis
790 981 984 1016 agitationibus

204 1025 467 1067 cogitationibqsque
484 1025 641 1060 incongruis
655 1033 751 1053 sumus
768 1026 875 1061 repleti,
894 1026 985 1055 divino

204 1072 293 1100 afﬂatu
307 1073 397 1103 vacui.
411 1080 555 1107 rerumque
568 1072 595 1099 in
609 1072 724 1099 materia
734 1076 760 1099 et
777 1080 984 1107 corporearum,

203 1126 284 1153 quam
299 1118 414 1146 callidus
432 1118 510 1145 nobis
526 1125 639 1153 serpens
655 1117 814 1150 insulllaret,
837 1119 985 1154 cupiditate

204 1164 286 1198 pleni.
314 1162 383 1190 Hinc
409 1163 490 1195 Deus,
517 1167 632 1190 mortem
647 1171 700 1198 qua
715 1163 818 1191 deleret
832 1169 983 1199 peccatum,

204 1210 290 1237 nostri
301 1217 385 1237 causa
396 1209 572 1244 excogitavit,
587 1215 614 1236 ut
630 1217 664 1236 ne
681 1211 708 1236 in
725 1209 804 1237 nobis
823 1211 984 1238 immortali-

203 1255 503 1291 bus,quemadmodum
513 1255 616 1282 dictum
630 1259 682 1287 est,
698 1255 886 1290 reﬂorescens,
904 1258 985 1285 etiam

204 1302 292 1337 ipsum
313 1302 464 1328 immortale
480 1305 563 1328 esset.
579 1301 646 1328 Cum
663 1309 729 1337 ergo
754 1302 791 1329 ait
811 1302 959 1337 Apostolus
976 1313 983 1332 :

204 1347 266 1375 Scio
280 1348 348 1374 enim
364 1348 432 1383 quod
445 1356 495 1374 non
511 1347 615 1374 habitat
630 1348 656 1374 in
673 1356 723 1379 me,
741 1348 788 1375 hoc
804 1353 852 1381 est,
865 1350 891 1376 in
908 1359 985 1378 carne

204 1393 390 1427 mea,bonum,
411 1397 551 1428 peccatum
569 1393 655 1420 voluit
673 1394 840 1429 signiﬁcare,
859 1397 930 1430 quod
951 1404 984 1424 ex

204 1440 249 1467 illa
267 1439 351 1467 divini
370 1439 488 1466 mandati
504 1440 791 1475 transgressionc,per
808 1442 984 1477 cupiditatem

203 1485 232 1511 in
249 1492 299 1512 nos
316 1485 453 1512 invectum
468 1488 510 1512 est
529 1493 535 1512 :
563 1493 596 1512 ex
626 1493 691 1520 quo,
720 1493 769 1513 ceu
796 1488 858 1513 novi
874 1487 983 1522 quidam

206 1530 309 1557 surculi
323 1530 482 1565 voluptaria:
501 1538 550 1558 nos
565 1530 755 1565 cogitationes,
787 1539 835 1560 ceu
867 1534 982 1567 agmine,

202 1575 381 1602 circumstant
393 1582 499 1609 semper
510 1577 538 1602 et
551 1574 687 1601 obsident.
712 1574 760 1602 Est
775 1576 848 1602 enim
864 1576 891 1602 in
905 1576 993 1603 nobis'

202 1622 302 1657 duplex
319 1621 516 1657 cogitationum
534 1629 619 1656 genus
636 1630 643 1648 :
661 1621 735 1648 aliud
749 1622 821 1656 quod
849 1630 882 1649 ex
905 1623 983 1658 cupi-

202 1667 286 1693 ditate
299 1666 357 1698 illa,
371 1666 495 1693 latitante
507 1666 534 1692 in
550 1673 665 1700 corpore
686 1666 799 1693 excitari
823 1667 908 1699 solet;
923 1675 984 1702 qua:

202 1711 340 1741 nimirum,
369 1715 397 1737 ut
419 1711 485 1742 dixi,
501 1718 516 1737 a
535 1710 630 1738 fraude
653 1711 820 1746 artiﬁcioque
849 1713 981 1747 procedit,

201 1756 302 1783 addicti
315 1756 433 1783 materia:
447 1756 560 1791 spiritus
575 1755 648 1791 (47);
667 1756 739 1783 aliud
753 1760 853 1788 autem,
868 1757 939 1792 quod
950 1765 983 1784 ex

202 1802 260 1837 lege
279 1801 398 1828 mandati
412 1801 552 1828 derivatur
572 1811 578 1829 :
600 1803 669 1837 lege,
687 1803 809 1837 inquam,
831 1803 888 1834 illa.
902 1811 982 1839 quam

203 1847 313 1875 insitam
340 1851 367 1874 et
391 1854 405 1873 ιι
433 1853 529 1873 natura
548 1848 695 1883 ingenitam
725 1848 866 1876 hausimus
885 1858 892 1876 τ
911 1849 937 1876 in
956 1849 982 1875 id

202 1892 321 1919 animum
335 1892 496 1919 excitantem
512 1885 770 1928 provocantcmque,
789 1893 862 1928 quod
877 1898 918 1921 est
931 1895 982 1921 ho-

202 1943 320 1966 nestum.
352 1938 390 1965 Eo
414 1939 452 1971 ﬁt,
474 1943 503 1966 ut
529 1943 620 1966 mente
637 1939 744 1974 quidem
763 1939 983 1967 condelectemur

203 1984 253 2019 legi
266 1984 313 2011 Dei
331 1994 337 2012 :
354 1984 406 2011 hoc
419 1985 490 2012 enim
501 1988 543 2012 est
557 1984 638 2012 homo
656 1985 700 2012 ille
719 1985 834 2012 interior
850 1995 856 2012 :
875 1986 982 2020 cupidi-

203 2034 259 2057 tate
270 2035 360 2057 autcin
377 2039 437 2065 quae
451 2031 555 2058 habitat
575 2031 603 2057 in
619 2039 712 2062 carne,
731 2030 782 2066 legi
801 2030 910 2059 diaboli.
921 2031 983 2058 Haec

201 2076 274 2102 enim
289 2083 320 2103 ea
334 2076 375 2103 lex
393 2081 434 2103 est
452 2076 521 2112 (48),
539 2084 601 2104 cum
627 2076 718 2103 divina
744 2084 879 2111 pugnans,
904 2073 984 2112 eiqué

201 2121 349 2154 resistens;
372 2121 410 2148 illi
431 2121 559 2148 nimirum
588 2122 688 2149 mentis
707 2122 734 2149 in
754 2122 866 2152 bonum,
885 2122 984 2157 impul-

201 2167 289 2201 sioni;
306 2175 366 2202 quae
380 2168 496 2196 vitiosas
514 2167 737 2203 faeculentasque,
750 2172 777 2195 et
794 2168 828 2195 ad
852 2168 984 2204 improbi-

200 2217 282 2241 tatem
297 2213 443 2249 dissipatas
457 2213 637 2250 cogitationes
650 2215 786 2250 producit.

233 2267 276 2295 lli.
290 2268 428 2304 Siquidem
443 2269 590 2305 Apostolus
617 2274 672 2298 tres
696 2271 807 2298 omnino
833 2270 906 2305 leges
931 2270 982 2297 hoc

199 2315 226 2342 in
239 2315 299 2343 loco
310 2315 468 2344 distinxisse
485 2316 629 2344 manifeste
655 2316 771 2344 videtur.
790 2315 849 2343 Una
867 2317 913 2342 illa
927 2319 978 2348 est,

196 2361 275 2396 juxta
293 2361 404 2389 insitum
425 2362 505 2390 nobis
527 2362 641 2394 bonum,
668 2369 750 2397 quam
775 2365 868 2396 aperte
893 2362 979 2396 legem

1034 248 1070 275 ἐν
1083 246 1103 284 ᾖ
1115 248 1304 283 δυνησόμεθα
1323 248 1421 275 πάντα
1434 247 1468 274 τὰ
1478 248 1556 282 ,ϐέλη
1572 248 1625 275 τοῦ
1637 248 1771 282 πονηροῦ
1784 248 1829 275 τὰ

1034 293 1229 327 πεπυρωμένα
1239 293 1344 320 σϐέσαι
1355 303 1361 308 ·
1378 293 1428 320 καὶ
1443 292 1499 326 τὴν
1514 293 1749 327 περικεφαλαίαν
1766 293 1829 319 τοῦ

1033 340 1192 373 σωτηρίου,
1201 340 1249 366 καὶ
1258 339 1315 373 τὴν
1322 339 1472 374 μάχαιραν
1479 339 1531 365 τοῦ
1540 339 1717 374 πνεύματος,
1727 339 1743 365 ὅ
1753 339 1829 365 ἐστι

1029 384 1112 419 ῥῆμα
1133 384 1219 411 Θεοῦ·
1239 384 1313 418 πρὸς
1330 384 1362 410 τὸ
1379 384 1524 411 δύνασθαι
1540 383 1650 418 στῆναι
1667 384 1743 418 πρὸς
1762 383 1829 418 τὴν

1030 429 1187 464 μεθοδείαν
1200 429 1254 456 τοῦ
1268 429 1408 457 διαϐόλου
1418 439 1424 445 ·
1445 430 1609 465 λογισμούς
1623 437 1656 456 τε
1668 431 1826 461 καθελειν,

1033 476 1085 502 παὶ
1096 475 1156 503 πᾶν
1164 476 1271 510 ὕψωμα
1278 476 1472 511 ἐπαιρόμενον
1480 476 1554 503 κατὰ
1561 475 1615 509 τῆς
1622 475 1759 509 γνώσεως
1766 475 1829 501 τοῦ

1031 521 1233 556 Χριστοῦ.”οτι
1243 522 1284 556 μή
1298 522 1382 548 ἐστιν
1394 522 1466 556 ἡμῖν
1477 523 1496 556 ἡ
1509 521 1590 555 πάλη
1603 522 1677 555 πρὸς
1687 519 1760 556 αἷμα
1772 520 1830 547 καὶ

1032 567 1139 602 σάρκα.
1151 569 1192 594 Οὺ
1202 568 1256 602 γὰρ
1266 568 1281 594 ὃ
1292 568 1367 595 θέλω
1379 568 1515 602 πράσσω,
1527 568 1596 595 ἀλλ’
1607 567 1623 594 ὂ
1632 567 1829 602 μισῶ,τοῦτο

1033 613 1114 640 ποιῶ.
1120 615 1154 640 El
1160 613 1193 640 δὲ
1199 613 1214 640 ὃ
1221 614 1256 640 οὐ
1263 613 1349 645 θέλω,
1356 614 1443 640 τοῦτο
1459 613 1543 644 ποιῶ,
1551 614 1687 648 σύμφημι
1693 613 1732 646 τῷ
1737 615 1830 648 νόμῳ

1033 659 1075 686 ὅτι
1087 660 1179 692 καλός
1188 658 1254 694 (49).
1266 659 1342 686 Νυνὶ
1359 659 1393 685 δὲ
1407 660 1462 685 οὐκ
1474 659 1519 686 ἐτι
1532 657 1588 693 ἐγὼ
1608 657 1829 693 κατεργάζομαι

1032 705 1114 737 αὐτὸ,
1125 705 1218 739 ἀλλ’ἢ
1229 705 1354 732 οἰκοῦσα
1362 705 1397 731 ἐν
1406 705 1470 740 ἐμοὶ
1478 702 1688 740 ἀμαρτία.οῒδα
1696 707 1762 738 γὰρ,
1775 703 1830 730 ὅτι

1032 752 1086 778 οὐκ
1097 751 1172 778 οἰκεῖ
1178 751 1213 777 ἐν
1219 751 1294 786 ἐμοὶ,
1302 751 1437 778 τουτέστι
1446 751 1481 777 ἐν
1489 750 1524 784 τῇ
1533 751 1622 784 σαρκί
1628 759 1698 784 μου,
1706 749 1739 776 τὸ
1748 750 1831 783 ἀγα-

1032 797 1095 823 θόν·
1105 796 1191 832 ὀρθῶς
1201 796 1296 830 λέγων.
1305 797 1346 822 Μέ
1350 796 1450 832 μνησθε
1457 795 1492 830 γὰ
1497 805 1521 832 ρ,
1528 796 1565 828 ὡς
1573 796 1601 822 ὲν
1607 797 1662 827 τοῖς
1668 795 1831 831 ἔμπροσθεν

1032 842 1220 878 διωριζόμεθα,
1236 842 1281 877 ἀφ’
1298 839 1328 868 οὗ
1353 841 1397 868 τὸν
1422 841 1564 877 ἄνθρωπον
1580 840 1751 876 πλανηθέντα
1769 840 1826 876 τὴν

1000 876 1018 902 Β
1035 876 1148 923 ἐντολὴν.
1155 876 1285 922 ἀθετῆσαι
1303 887 1413 923 συνέϐη,
1429 876 1552 914 ὲντὲῦθεν
1565 888 1597 914 ὲκ
1610 887 1658 922 τῆς
1678 887 1829 922 παρακοῆς

1034 933 1083 968 τὴν
1097 933 1233 968 ἁμαρτίαν
1248 932 1382 960 λαϐοῦσαν
1395 932 1510 967 γένεσιν,
1524 933 1564 964 εἰς
1575 931 1656 958 αὑτὸν
1670 931 1829 966 εἰσῳκηκέ-

1035 986 1088 1005 ναι.
1105 977 1181 1004 Οὕτω
1205 977 1260 1013 γὰρ
1285 977 1378 1008 στάσις
1404 977 1526 1008 ἐνέπεσε,
1543 976 1708 1011 σφαδασμῶν
1726 985 1755 1002 τε
1772 976 1830 1003 καὶ

1035 1023 1170 1058 λογισμῶν
1195 1023 1333 1050 ἀνοικείων
1349 1022 1562 1058 ἐπληρώθημεν·
1581 1022 1741 1053 χενωθέντες
1770 1022 1829 1057 μὲν

1034 1068 1081 1094 τοῦ
1104 1069 1299 1104 ὲμφυσήματος
1315 1068 1361 1094 τοῦ
1377 1067 1455 1099 Θεοῦ,
1472 1067 1658 1104 πληρωθέντες
1680 1067 1709 1093 δὲ
1724 1066 1829 1093 ἐπιθυ-

1037 1114 1099 1150 μίας
1123 1113 1227 1151 ὑλικῆς,
1242 1114 1274 1149 ἣν
1295 1114 1309 1139 ὁ
1335 1112 1501 1153 πολύτροπος
1518 1113 1573 1147 (50)
1598 1112 1762 1146 ἐνεφύσησεν
1781 1113 1830 1144 είς

1036 1160 1107 1194 ἡμᾶς
1123 1159 1194 1193 ὄφις.
1211 1158 1255 1185 Διὸ
1269 1158 1316 1185 καὶ
1330 1158 1375 1185 τὸν
1392 1157 1505 1184 θάνατον
1518 1158 1532 1184 ὁ
1548 1157 1614 1188 Θεὸς
1629 1157 1696 1193 πρὸς
1713 1157 1830 1192 ἀναίρε-

1036 1213 1077 1231 σιν
1099 1204 1148 1239 τῆς
1169 1204 1305 1240 ἁμαρτίας
1329 1203 1399 1239 ὑπὲρ
1417 1203 1496 1239 ἡμῶν
1514 1203 1657 1238 ἀνεύρετο⁵
1677 1202 1720 1229 ίνα
1739 1202 1777 1237 μὴ
1791 1203 1828 1228 ὲν

1036 1250 1179 1282 ἀθανάτοις
1203 1252 1267 1286 ἡμῖν
1292 1249 1464 1281 ἀνατείλασα,
1478 1249 1515 1280 ὼς
1537 1248 1765 1284 ἔφην,-ἀθάνανος
1790 1245 1826 1283 ᾖ.

1037 1295 1116 1322 Ὅθεν
1137 1297 1152 1322 ὁ
1172 1295 1344 1327 ’Δπόστολος-
1365 1293 1437 1321 Οἶδα
1462 1294 1526 1329 γὰρ,
1548 1293 1593 1320 ὅτι
1615 1295 1670 1320 οὐκ
1695 1293 1771 1320 οἰκεῖ
1785 1293 1829 1319 ὲν

1035 1341 1110 1375 ἐμοὶ,
1129 1341 1283 1368 τουτέστιν
1305 1341 1339 1368 ὲν
1357 1339 1393 1375 τῇ
1406 1340 1495 1374 σαρκί
1506 1349 1574 1374 μου,
1597 1340 1630 1366 τὸ
1642 1339 1763 1374 ἀγαθὸν,
1777 1339 1828 1365 λέ-

1035 1395 1100 1421 γων,
1117 1387 1164 1422 τὴν
1187 1387 1240 1414 ἀπὸ
1263 1387 1314 1422 τῆς
1335 1386 1515 1422 παραϐάσεως
1538 1385 1581 1412 διὰ
1602 1385 1650 1421 τῆς
1674 1385 1828 1420 ἐπιθυμίας

1035 1431 1242 1459 εἰσοικισθείσαν
1258 1433 1296 1464 εἰς
1312 1433 1383 1467 ἡμᾶς
1402 1431 1536 1467 ἁμαρτίαν
1551 1430 1673 1466 βούλεται
1691 1430 1804 1466 μηνύειν
1815 1438 1826 1445 ⁵

1034 1476 1068 1514 ἧς
1085 1479 1127 1513 δὴ,
1143 1478 1268 1514 καθάπερ
1285 1478 1461 1514 βλαστήματα
1484 1477 1540 1510 νέα,
1554 1478 1578 1503 oi
1600 1476 1733 1512 φιλήδονοι
1756 1477 1828 1513 περὶ

1035 1525 1108 1560 ἡμᾶς
1130 1525 1173 1551 ἀεὶ
1193 1525 1318 1560 λογισμοὶ
1334 1524 1514 1550 συνίστανται.
1533 1523 1615 1550 Δισσὰ
1636 1523 1690 1558 γὰρ
1712 1524 1742 1549 ὲν
1753 1524 1830 1558 ἡμῖν

1034 1571 1172 1606 λογισμῶν
1193 1571 1276 1605 γένη·
1301 1570 1330 1597 τὸ
1345 1570 1395 1606 μὲν
1410 1569 1464 1596 ἀπὸ
1482 1569 1532 1604 τῆς
1546 1569 1690 1603 ἐπιθυμίας
1705 1569 1752 1604 τῆς
1772 1569 1829 1604 ἐμ.-

1034 1616 1206 1651 φωλευούσης
1229 1617 1258 1642 ὲν
1285 1615 1323 1651 τῷ
1351 1615 1456 1651 σώματι
1481 1615 1681 1649 συνιστάμενον,
1706 1615 1767 1650 ἥτις
1791 1615 1828 1648 ἐξ

1033 1662 1164 1694 ἐπινοίας,
1179 1662 1217 1693 ὡς
1231 1661 1309 1696 ἔφην,
1329 1661 1441 1696 συνέστη
1463 1660 1510 1688 τοῦ
1534 1660 1625 1687 ὑλικοῦ
1648 1660 1802 1695 πνεύματος
1814 1668 1826 1676 ο

1033 1707 1064 1734 τὸ
1075 1708 1103 1734 δὲ
1118 1707 1171 1734 ἀπὸ
1185 1707 1233 1734 τοῦ
1247 1708 1329 1742 νόμου
1344 1708 1391 1734 τοῦ
1404 1707 1475 1733 κατὰ
1491 1707 1540 1743 τὴν
1552 1706 1671 1741 ἐντολὴν,
1686 1706 1714 1732 ὃν
1734 1706 1828 1741 ἐμφυ-

1034 1763 1079 1781 τον
1095 1752 1227 1789 ὲλάὸομεν
1240 1754 1311 1789 ἔχειν
1324 1755 1370 1781 καὶ
1387 1754 1499 1789 φυσικὸν
1517 1753 1598 1788 νόμον
1612 1752 1679 1788 πρὸς
1695 1752 1726 1778 τὺ
1738 1752 1828 1780 καλὸν

1034 1800 1111 1836 ἡμῶν
1127 1801 1296 1836 ἐξεγείροντα
1313 1801 1357 1827 τὸν
1373 1799 1594 1836 λογισμόν-Ὅθεν
1617 1799 1649 1834 τῇ
1675 1798 1723 1833 μὲν
1738 1807 1826 1833 νομο-

1034 1847 1111 1883 θεσίᾳ
1133 1847 1179 1873 τοῦ
1203 1847 1270 1873 Θεοῦ
1293 1846 1363 1873 κατὰ
1383 1846 1428 1872 τὸν
1453 1845 1515 1872 νοῦν
1538 1845 1720 1880 ωνηδὸμεθα²
1742 1844 1827 1871 τοῦτο

1033 1893 1087 1929 γὰρ
1102 1894 1116 1919 ὁ
1130 1893 1184 1919 ἔσω
1198 1892 1338 1928 ἅνθρωπος
1348 1901 1354 1907 ·
1375 1893 1408 1927 τῇ
1429 1891 1458 1918 δὲ
1481 1891 1625 1926 νομοθεσίᾳ
1637 1891 1682 1917 τοῦ
1697 1890 1826 1917 διαῦόλου

1033 1938 1104 1965 κατὰ
1118 1938 1166 1974 τὴν
1181 1938 1336 1965 ἐνοικοῦσαν
1350 1937 1494 1972 ἐπιθυμίαν
1515 1938 1543 1964 ἐν
1565 1938 1597 1972 τῇ
1620 1937 1709 1972 σαρκί.
1719 1937 1747 1963 '0
1766 1936 1826 1971 γὰρ

1034 1984 1308 2019 ἁντιστρατευόμενος
1334 1983 1381 2010 καὶ
1405 1983 1593 2018 ἀντιπράσσων
1617 1981 1655 2017 τῷ
1676 1982 1749 2017 νόμῳ
1772 1981 1825 2018 τοῦ

1034 2028 1110 2060 Θεοῦ,
1125 2026 1180 2055 οἷον
1201 2030 1234 2064 τῇ
1258 2028 1326 2063 πρὸς
1344 2028 1375 2054 τὺ
1389 2027 1489 2062 ἀγαθὸν
1507 2028 1577 2063 ὁρμῇ
1593 2027 1640 2053 τοῦ
1653 2027 1722 2059 νοὸς,
1738 2027 1825 2058 αὑτός

1034 2075 1116 2106 ἐστιν,
1131 2075 1145 2101 ὁ
1158 2074 1220 2106 τοὺς
1233 2073 1364 2109 ἐμπαθεῖς
1376 2073 1503 2108 ἀναφύων
1515 2073 1558 2100 ἀεὶ
1573 2073 1619 2100 καὶ
1629 2073 1737 2105 ὑλικοὺς
1751 2070 1824 2109 πρὸς

1034 2120 1148 2155 ἀνομίαν
1166 2119 1381 2155 περισπασμούς.

1069 2269 1107 2296 I".
1115 2269 1195 2304 Τρεῖς
1202 2269 1256 2305 γὰρ
1266 2270 1362 2305 νόμους
1370 2269 1561 2305 ὑποτιθέμενος
1570 2271 1583 2296 ὁ
1590 2270 1692 2302 Παῦλος
1704 2271 1822 2306 ἀναφαν-

1034 2314 1077 2341 δὸν
1092 2314 1208 2341 ἐνταῦθα
1224 2323 1266 2350 μοι
1282 2315 1558 2349 καταφαίνεται.”Ενα
1570 2316 1618 2351 μὲν
1635 2316 1705 2342 κατὰ
1724 2316 1755 2342 τὸ
1768 2316 1822 2352 ἐμ-

1033 2368 1115 2394 φυτον
1141 2361 1169 2387 ὲν
1190 2361 1254 2395 ἡμῖν
1271 2361 1381 2395 ἀγαθὸν,
1395 2361 1424 2388 ὃν
1441 2362 1487 2388 καὶ
1503 2362 1583 2397 νόμον
1597 2362 1688 2396 σαφῶς
1702 2362 1820 2389 ἐκάλεσε

235 2449 259 2465 ⁸⁸
274 2449 424 2484 ΕρΙιεδ.”νι,
438 2450 482 2482 Η,
504 2449 601 2477 15-17.
640 2449 662 2465 ⁸⁵
677 2448 708 2476 II
723 2448 785 2476 Cor.
802 2456 830 2480 ι,
846 2448 873 2475 5.
911 2448 934 2464 ⁶⁶
946 2447 982 2482 Ep

1035 2469 1040 2475 .
1056 2456 1093 2480 v1,
1110 2447 1154 2474 12.
1192 2448 1213 2463 ⁸⁷
1224 2447 1298 2475 Rom.
1314 2455 1361 2480 vn,
1384 2448 1470 2475 15-17.

235 2526 293 2562 (46)
310 2527 353 2555 Sic
367 2529 435 2556 enim
457 2528 550 2555 seditio
571 2528 682 2562 conflari
698 2528 782 2560 cmpit.
804 2527 902 2558 Στάσις
927 2527 980 2553 ἐνέ-

200 2569 266 2598 πεσε
278 2570 284 2576 ·
302 2562 375 2590 velut
392 2563 472 2590 irruit
487 2573 493 2590 :
515 2564 620 2598 justum
636 2564 714 2597 plane
725 2563 862 2597 praemium
892 2562 980 2589 rebel-

200 2596 280 2633 lionis
295 2598 322 2624 in
344 2598 438 2626 Deum.
459 2596 593 2633 lnlerpres
611 2596 699 2624 I’hotii
724 2596 801 2624 aliter
823 2597 927 2632 accepit
951 2597 980 2623 τὸ

201 2632 302 2668 στάσις,
319 2640 368 2668 pro
382 2638 454 2661 statu
467 2643 473 2660 :
490 2632 539 2660 sed
553 2634 643 2660 minus
657 2633 791 2668 congruit.

235 2667 291 2701 (47)
309 2668 329 2693 Α
344 2667 436 2701 fraude
453 2669 616 2703 artiﬁcioque
634 2668 751 2701 procedit
770 2667 870 2694 addicti
894 2672 978 2703 mate-

201 2701 253 2737 rita
262 2703 381 2735 spiritus.
401 2703 446 2735 Ἐξ
461 2701 579 2734 ἐπινοίας
596 2703 643 2729 τοῦ
657 2703 748 2729 ὑλικοῦ
761 2703 922 2737 πνεύματος.
939 2702 981 2728 ln-

201 2735 295 2773 lglligit
312 2738 459 2773 diabolum,
475 2746 554 2773 quem
580 2738 706 2773 superius
730 2746 791 2764 cum
809 2735 980 2773 Athenagora

200 2770 268 2797 dixit
295 2772 402 2806 πνεῦμα
425 2770 490 2807 περϊ
510 2772 558 2832 την
587 2770 654 2808 ὖλῖην
679 2772 823 2808 γενόμενον
856 2770 979 2799 ὐπὸ-τοῦ

200 2804 277 2831 Θεοῦ.
293 2805 373 2832 Velut
397 2814 458 2832 cum
471 2815 531 2832 nunc
545 2815 587 2832 ani
606 2807 764 2832 habitudine
779 2809 812 2832 ad
827 2807 979 2832 materiam.

200 2804 282 2844 Θεοξ.⁵
293 2804 373 2844 velut
397 2804 587 2844 cuui'quaalain
606 2804 764 2844 habitudine
779 2809 812 2834 ad
827 2807 979 2844 materiam,

200 2843 227 2866 et
244 2840 282 2866 illi
299 2841 446 2873 addictum,
464 2840 486 2866 a'
500 2842 646 2870 creatione.
660 2842 816 2870 Plusculum
833 2842 903 2870 forte
914 2842 980 2870 dicit

1033 2527 1110 2561 illud,
1125 2527 1238 2554 concreti
1261 2534 1319 2554 cum
1334 2527 1455 2560 materia,
1468 2526 1590 2560 Petavii;
1605 2531 1636 2554 ut
1650 2530 1676 2554 et
1690 2535 1821 2561 corpora-

1033 2564 1076 2595 lis,
1093 2563 1208 2590 Schntti.

1068 2599 1124 2632 (48)
1145 2597 1207 2624 ιιατ
1220 2597 1286 2623 enim
1303 2596 1391 2632 cariem
1402 2601 1450 2623 est.
1472 2595 1583 2624 Referre
1609 2597 1705 2631 legem,
1719 2601 1745 2624 et
1759 2597 1822 2632 ipse

1033 2631 1187 2664 contextus,
1199 2637 1225 2659 et
1237 2633 1324 2658 littera
1340 2631 1481 2666 Epiphanii
1495 2640 1547 2666 qua
1559 2632 1733 2667 exprimitur,
1748 2631 1821 2661 satis

1034 2667 1132 2694 docent
1150 2676 1155 2693 :
1176 2675 1262 2701 caque
1277 2667 1406 2693 Schottus
1419 2667 1508 2694 minus
1519 2667 1587 2694 bene
1607 2667 1699 2694 retulit
1711 2668 1743 2693 ad
1757 2668 1821 2694 dia-

1034 2703 1124 2729 bolum
1139 2703 1189 2730 sub
1213 2703 1328 2737 diaboli
1341 2703 1449 2728 nomine
1468 2711 1474 2728 :
1494 2702 1625 2728 hut-tenus
1640 2710 1711 2728 enim
1729 2703 1819 2737 legem

1034 2737 1084 2772 legi
1100 2738 1221 2772 opponit,
1234 2736 1348 2764 subinde
1362 2737 1535 2771 expositurus
1560 2741 1586 2764 et
1609 2737 1744 2764 divisione
1767 2738 1821 2765 de-

1033 2773 1195 2801 claraturus.
1209 2772 1362 2806 hujusmodi
1379 2772 1461 2806 leges.

1071 2807 1242 2842 (49)Κιι.ίός.
1259 2807 1299 2832 Al.
1315 2806 1406 2842 xaljv.

1070 2840 1124 2877 (50)
1136 2842 1338 2875 Πολύτροπος.
1356 2841 1464 2876 Epiph.,
1479 2849 1508 2869 n.
1521 2841 1567 2874 60,
1585 2840 1766 2874 πολύπλοκος.
