1920 3070
87 86 137 114 305

635 90 681 118 EX
700 91 803 120 LIBRO
822 91 864 119 DE
883 91 1181 120 RESURRECTIONE.

1656 91 1708 116 606

93 145 268 178 mxumae
284 146 333 188 τὸν
350 147 384 174 ἐκ
408 148 558 185 προσὸολῆς
584 150 776 186 συνιστάμενον
799 150 879 186 νόμον

932 151 1030 179 mentis
1042 151 1170 186 appellat.
1186 149 1276 177 Altera
1293 153 1333 177 est
1347 156 1408 185 qua:
1431 156 1463 177 ex
1479 147 1638 184 nequissimi
1656 149 1707 175 im4

91 192 134 220 τοῦ
149 192 282 228 πονηροῦ,
299 194 348 220 καὶ
363 195 402 226 εἰς
418 193 468 226 τὰς
481 195 614 231 ἐμπαθεῖς
629 196 771 228 ὲξέλκοντα
788 197 882 226 πολλά-

92 248 131 271 κις
155 238 308 274 φαντασίας
335 240 385 275 τὴν
410 239 508 276 ψυχὴν,
530 240 559 267 ὃν
581 241 822 277 ἐπιστρατεύεσθαι
843 243 880 280 τῷ

91 286 166 318 νόμῳ
180 284 233 311 τοῦ
247 285 321 318 νοὸς
335 285 398 321 ἔφη.
415 280 471 313 Καὶ
483 286 573 322 τρίτον
596 287 665 314 κατὰ
681 288 730 323 τὴν
743 289 880 324 ἁμαρτίαν

91 331 119 356 ἐκ
143 330 192 365 τῆς
214 330 365 366 ἐπιθυμίας
381 331 550 368 σκιρώσαντα
568 332 623 367 (51)
647 333 676 360 ὲν
691 335 723 369 τῇ
741 335 831 370 σαρκὶ,
851 335 880 361 ὃν

91 375 233 409 ἁμαρτίας
258 376 354 410 νόμον
368 376 507 403 οικοῦντα
526 377 561 404 ὲν
574 376 636 410 τοῖς
646 377 773 412 μέλεσιν·
787 378 881 412 ἐκάλε-

92 430 134 448 σεν
146 430 152 436 ¹
168 418 191 455 ᾧ
201 422 388 458 ἐποχούμενος
398 422 527 454 πολλάκις
541 422 602 449 καθ’
610 423 688 458 ἡμῶν
696 424 880 458 ὲγκελεύεται,

91 465 156 502 πρὸς
172 466 281 492 ἀδικίαν
302 467 349 494 καὶ
364 467 478 502 πράξεις
491 467 661 495 συνελαύνων
677 469 774 500 κακάς.
789 469 882 496 Φαίνε-

89 520 131 538 ται
144 511 200 548 γὰρ
210 511 249 543 ὡς
265 513 373 544 ἑαυτοῖς
388 514 452 549 ἡμῖν
465 512 496 540 τὸ
513 513 562 549 μὲν
577 513 692 549 βέλτιον,
707 515 737 541 τὸ
751 515 779 542 δὲ
791 517 881 552 χεῖρον

90 559 128 585 δν.
147 558 204 585 Καὶ
220 559 285 586 ὅταν
306 559 390 596 μέλλῃ
413 559 443 586 τὺ
467 559 570 595 βέλτιον
592 560 671 596 φύσει
695 561 742 588 τοῦ
763 562 881 597 χείρονος

90 604 307 641 ἐγκρατέστερον
321 604 476 641 γενηθῆναι,
497 607 608 642 φέρεται
622 607 682 640 ὅλος
695 608 761 643 πρὸς
772 609 802 635 τὸ
814 609 883 643 ἀγα-

89 650 133 676 θὴν
155 651 170 676 ὁ
191 650 272 683 νοῦς⁸
296 651 360 678 ὅταν
377 651 447 679 δὲτὸ
467 654 556 688 χεῖρον
577 653 703 690 ἐπιϐρίσῃ
722 654 880 688 πλεονάσαν,

90 697 182 731 ἄγεται
197 697 281 724 πάλιν
297 698 481 734 ἀντιστρόφως
505 699 574 735 πρὸς
590 699 735 735 λογισμοὺς
759 701 882 738 χείρονας

89 744 103 769 b
117 743 272 779 ἄνθρωπος.
290 740 326 771 Οὗ
348 744 380 780 δὴ
401 745 449 771 καὶ
463 745 542 781 χάριν
562 746 578 772 ὁ
597 746 758 778 ’Λπόστολος
774 746 882 783 εὔχεται

90 789 222 824 ρυαθῆναι
236 809 244 822 ,
272 789 384 816 θάνατον
411 790 476 817 αὐτὸ
505 791 552 817 καὶ
582 791 691 826 ὖλεθρον
714 792 879 828 ἡγούμενος·

929 197 1072 232 pressione
1085 196 1212 230 conﬂata,
1229 196 1256 223 in
1270 195 1381 224 vitiosas
1405 195 1503 230 smpius
1531 195 1709 230 cogitationes

929 247 956 270 et
970 243 1129 278 phantasias
1151 243 1271 270 animum
1292 242 1414 277 conjicit.
1432 249 1513 277 quam
1539 241 1589 276 legi
1614 241 1708 268 mentis

930 289 1065 316 adversari
1079 289 1158 317 dixit.
1187 288 1280 315 Tertia
1296 288 1416 319 demum,
1432 295 1491 322 quae
1506 294 1554 322 per
1570 292 1708 322 peceatum

929 343 960 362 ex
974 335 1122 370 cupiditate
1134 335 1209 362 carni
1222 334 1366 368 occalluit;
1391 341 1472 369 quam
1489 333 1544 366 ille,
1559 333 1638 368 legem
1654 340 1711 367 pec-

930 381 983 408 cati
999 381 1162 408 habitantem
1180 381 1208 407 in
1221 380 1345 407 membris
1375 379 1484 411 nostris,
1508 379 1616 407 vocavit
1634 388 1640 407 :
1665 378 1710 406 cui

931 428 1012 455 etiam
1028 427 1168 463 improbus
1185 427 1230 455 ille
1246 426 1333 455 hostis
1350 426 1471 454 insidens
1486 425 1553 461 (5‘5),
1576 432 1646 460 saepe
1662 423 1710 451 ad-

930 481 1039 501 versum
1050 481 1100 502 nos
1115 473 1226 506 excitat,
1243 478 1323 508 atque
1346 472 1380 500 ad
1403 472 1564 507 injustitiam
1582 471 1710 500 scelesta-

931 528 983 555 que
1000 520 1121 547 facinora
1135 520 1282 555 compellit.
1299 519 1365 546 Nam
1382 519 1461 554 quasi
1483 518 1561 546 nobis
1575 518 1641 553 ipsis
1654 517 1710 552 (54)

931 565 1004 592 aliud
1020 573 1081 593 esse
1094 565 1212 598 videtur,
1227 565 1299 600 quod
1317 565 1353 593 sit
1365 565 1473 596 melius,
1493 564 1566 591 aliud
1578 563 1650 599 quod
1668 563 1711 590 dc-

932 610 1017 638 terius
1030 611 1076 638 sit.
1090 609 1213 645 Cumque
1224 610 1251 637 id
1266 609 1337 645 quod
1351 614 1447 637 natura
1459 610 1566 641 melius,
1583 609 1711 636 deteriori

931 656 1070 692 potentius
1085 664 1147 684 esse
1163 656 1297 688 debuerit,
1315 663 1392 682 mens
1416 659 1472 682 tota
1488 655 1548 690 ipso
1566 655 1668 689 impetu
1684 655 1712 681 in

932 702 1035 729 bonum
1054 700 1150 728 fertur.
1170 701 1238 728 Cum
1255 705 1344 728 autem
1361 700 1387 727 id
1404 699 1476 735 quod
1491 703 1533 727 est
1547 699 1635 734 pejus,
1646 706 1713 726 exu-

931 748 1030 776 berans
1043 755 1093 775 suo
1102 747 1222 783 pondere
1235 746 1412 782 depresserit,
1424 750 1481 774 tum
1495 746 1604 773 deuuun
1616 754 1649 773 ex
1663 746 1712 772 ad-

931 801 1011 821 verso
1025 793 1053 821 in
1068 794 1216 822 deteriores
1229 794 1409 829 cogitationes
1429 800 1549 828 praeceps
1576 793 1666 827 agitur
1681 798 1712 818 ac

89 834 181 870 ὥσπερ
198 835 231 870 δὴ
244 835 292 862 καὶ
308 837 322 862 ὁ
337 836 480 872 προφήτης
490 845 497 852 ·
524 837 591 864 Ἀπὸ
604 837 663 864 τῶν
677 839 809 873 κρυφίων
822 848 879 873 μευ

933 840 1058 867 trahitur.
1075 839 1163 875 Atque
1176 847 1208 867 ea
1227 847 1310 867 causa
1332 844 1374 867 est
1390 847 1439 866 cur
1458 838 1616 874 Apostolus,
1639 845 1713 864 mor—

90 880 256 914 καθάρισόν
271 890 320 916 με,
336 881 432 916 λέγων.
449 882 523 909 Δὺτὰ
544 881 591 910 οὖν
612 883 646 910 τὰ
673 885 782 920 ῥήματα
801 885 879 912 τοῦτο

90 926 235 952 σ’δνιπῶσι
247 935 254 941 ·
271 926 442 962 Συνήδομαι
454 928 509 967 γιᾲρ
525 927 564 961 τῷ
579 930 659 964 νόμῳ
672 930 724 956 τοῦ
745 931 818 958 Θεοῦ
829 939 880 957 κασ-

89 973 122 998 τὰ
134 971 187 998 τὸν
199 971 273 1004 ἔσω,
289 971 423 1006 λέγοντος,
436 973 593 1007 ἄνθρωπον
602 983 608 989 ·
625 975 731 1007 ,βλέπω
743 976 768 1002 δ’
779 976 880 1011 ἕτερον

89 1017 179 1052 νόμον
193 1017 258 1050 τοῖς
271 1017 379 1052 μέλεσί
388 1027 457 1053 μου,
470 1020 774 1056 ὰντιστρατεύόμενον
783 1022 824 1056 τῷ
834 1024 880 1050 νό-

89 1071 132 1096 μῳ
144 1063 198 1090 τοῦ
212 1064 285 1097 νοός
295 1073 366 1098 μου,
384 1065 432 1092 καὶ
445 1067 700 1101 αἰχμαλωτίζοντά
705 1077 744 1102 με
753 1068 792 1101 τῷ
799 1069 879 1103 νόμῳ

90 1116 140 1142 της
148 1109 308 1144 ἁμαρτίας,
320 1110 360 1143 τῷ
375 1111 438 1138 ὄντι
452 1111 486 1138 ἐν
501 1112 562 1146 τοῖς
570 1113 680 1148 μέλεσι
691 1123 761 1149 μου.
778 1115 880 1142 Τιλλαί-

89 1164 182 1190 πωρος
196 1156 256 1192 ἐγὼ
272 1156 444 1191 ἅνθρωπος]
464 1159 510 1192 Τίς
520 1169 559 1194 με
568 1160 694 1194 ῥύσεται
708 1161 742 1188 ἐκ
753 1161 806 1188 τοῦ
821 1161 880 1188 σὼ·

89 1211 177 1237 ματος
194 1204 248 1230 τοῦ
266 1203 397 1231 θανάτου
413 1205 538 1238 τούτου;
552 1206 588 1232 Οὐ
611 1206 641 1233 τὸ
664 1206 744 1242 σῶμα
765 1207 878 1234 θάνατον

90 1250 317 1285 ἀποφαινόμενος,
335 1250 402 1282 ἀλλὰ
416 1251 462 1277 τὸν
476 1252 558 1287 νόμον
573 1252 623 1287 τῆς
640 1253 776 1289 ἁμαρτίας
790 1253 835 1280 τὸν
849 1253 878 1280 ὲν

88 1296 142 1327 τοῖς
156 1295 263 1331 μέλεσι,
277 1295 321 1322 διὰ
335 1296 385 1331 τῆς
401 1297 583 1333 παραϐάτεως
607 1299 636 1325 ὲν
653 1300 718 1334 ἡμῖν
740 1299 880 1334 ἐμφωλεύ-

88 1350 158 1374 οντα,
171 1343 221 1369 καὶ
239 1343 308 1378 πρὸς
323 1343 437 1370 θάνατον
448 1344 491 1370 ἀεὶ
505 1344 574 1380 [τὸν]
589 1344 637 1381 τῆς
652 1345 758 1377 ἀδικίας
769 1345 817 1381 τὴν
828 1345 880 1380 ψυ-

87 1388 135 1423 χὴν
160 1388 531 1426 ὲμφαντάζοντα.Ἐπιφέρει
553 1390 619 1425 γοῦν
644 1391 754 1423 εὐθέως,
782 1391 878 1427 ἀμέλει

86 1433 272 1469 διαλυόμενος,
289 1435 380 1462 ὁποίου
403 1435 518 1463 θανάτου
539 1436 660 1472 ἐγλίχετο
676 1436 817 1473 ῥυσθῆναι,
832 1437 879 1463 καὶ

86 1481 126 1512 τίς
139 1481 222 1508 αὑτὸν
239 1482 254 1508 6
269 1482 401 1517 ῥυόμενος
413 1480 447 1518 ἦν
460 1491 466 1498 ·
483 1482 573 1516 Χάρις
587 1482 621 1509 δὲ
633 1483 671 1516 τῷ
689 1482 749 1516 Θεῷ
763 1483 811 1510 διὰ
824 1482 878 1510 τοῦ

933 889 986 912 tem
1000 885 1146 920 quamdam
1163 889 1190 912 et
1211 885 1326 912 exitium
1347 892 1403 911 rem
1421 884 1580 914 arbitratus,
1605 881 1712 909 liberari

933 939 962 959 se
986 935 1078 966 optet;
1103 930 1334 966 quemadmodum
1367 930 1450 958 etiam
1477 929 1623 964 Propheta,
1651 935 1713 954 cum

933 977 970 1004 ait
981 977 1028 1004 “z
1050 976 1089 1003 Ab
1113 976 1221 1003 occultis
1252 977 1315 1003 meis
1344 975 1442 1002 munda
1475 983 1523 1002 me.
1549 973 1622 1002 Istud
1641 973 1714 1001 enim

931 1024 1014 1051 verba
1028 1024 1086 1058 ipsa
1100 1031 1156 1058 pra:
1171 1031 1201 1051 se
1213 1022 1304 1051 ferunt
1323 1032 1330 1050 :
1347 1022 1518 1050 Condelector
1533 1022 1613 1052 enim,
1626 1021 1714 1055 inquit

933 1067 967 1100 ",
984 1067 1033 1102 legi
1044 1067 1092 1094 Dei
1101 1066 1243 1094 secundant
1255 1068 1403 1094 interiorem
1414 1067 1554 1093 hominem.
1570 1065 1649 1093 Video
1665 1073 1714 1093 au-

933 1118 984 1140 tem
999 1113 1081 1140 aliam
1096 1113 1176 1148 legem
1187 1113 1215 1140 in
1228 1113 1351 1140 membris
1366 1114 1440 1145 meis,
1467 1117 1651 1148 repugnantem
1665 1113 1715 1148 legi

932 1159 1025 1186 mentis
1039 1167 1114 1192 mete,
1125 1164 1149 1186 et
1163 1159 1339 1194 captivantem
1357 1167 1397 1186 me
1413 1159 1462 1194 legi
1478 1159 1589 1194 peccati,
1604 1167 1662 1193 qua:
1675 1163 1716 1186 es:

931 1205 958 1232 in
973 1205 1095 1232 membris
1107 1206 1182 1232 meis.
1195 1205 1295 1240 Infelix
1304 1214 1350 1240 ego
1364 1205 1459 1233 homo!
1481 1205 1545 1238 Quis
1560 1213 1599 1232 me
1620 1204 1715 1231 libera<

932 1251 969 1278 bit
990 1251 1022 1278 de
1045 1259 1154 1286 corpore
1176 1252 1269 1278 mortis
1291 1252 1394 1286 hujus?
1423 1251 1528 1284 Quibus
1544 1258 1598 1278 non
1615 1257 1715 1285 corpus

932 1302 1047 1325 mortem
1071 1298 1243 1332 pronuntiat,
1269 1298 1315 1325 sed
1332 1298 1435 1332 peccati
1457 1298 1540 1332 legem
1556 1304 1616 1332 qua:
1628 1299 1670 1324 est
1687 1296 1715 1324 in

932 1343 1072 1375 membris,
1089 1343 1118 1370 in
1139 1344 1240 1378 quibus
1254 1351 1268 1370 a
1284 1344 1385 1370 violato
1402 1342 1529 1370 mandato
1551 1350 1600 1370 ceu
1615 1342 1716 1370 latibu-

932 1387 988 1414 lum
1003 1387 1092 1421 habet,
1110 1396 1161 1416 nec
1181 1389 1303 1416 animum
1320 1389 1354 1416 ad
1369 1388 1511 1423 injustitize
1528 1392 1653 1420 mortem,
1668 1396 1715 1415 va-

932 1434 981 1462 riis
1005 1435 1168 1470 imaginibus
1192 1435 1340 1467 illudendo,
1358 1435 1466 1462 trahere
1489 1435 1599 1463 desinit.
1618 1434 1715 1462 Statim

931 1487 996 1516 ergo
1012 1480 1093 1508 infert
1108 1491 1114 1509 :
1132 1482 1262 1509 nimirum
1291 1482 1471 1517 quaestionem
1498 1481 1652 1508 dissolvens
1668 1480 1716 1507 de-

91 1527 189 1560 Ἰησοῦ
202 1527 346 1562 Χριστοῦ.
361 1528 529 1564 Προσεκτέον
541 1528 579 1560 δὲ,
593 1529 618 1555 el
631 1529 661 1555 τὸ
675 1529 754 1564 σῶμα
766 1528 879 1556 θάνατον

932 1527 1093 1562 claransque
1103 1527 1160 1564 (55)
1174 1535 1227 1563 qua
1240 1531 1327 1555 morte
1341 1531 1453 1562 cuperet
1467 1527 1588 1557 liberari,
1598 1531 1624 1554 et
1636 1534 1652 1553 a
1661 1533 1716 1562 quo

84 1573 172 1604 τοῦτο,
183 1570 207 1600 ὦ
225 1573 382 1609 Ἀγλαοφῶν
392 1574 459 1610 (52),
470 1575 508 1606 ὼς
523 1575 704 1611 ὑπειλήφατε,
714 1575 816 1610 ἔλεγεν,
829 1577 878 1603 οὐκ

84 1618 116 1644 ἂν
137 1619 184 1645 τὸν
206 1619 337 1655 Χριστὸν,
351 1620 389 1652 ὡς
413 1620 544 1656 ῥυόμενον
566 1621 646 1648 αὐτὸν
661 1621 772 1658 ὕστερον
785 1623 818 1648 ὲκ
831 1622 878 1649 τοῦ

83 1665 206 1692 τοιούτου
231 1665 330 1698 κακοῦ,
355 1666 659 1702 παρελάμϐανεν.Ἐπεὶ
679 1668 706 1694 τί
728 1668 879 1704 παράδοξον

82 1712 136 1738 ἀπὸ
145 1712 195 1738 τοῦ
206 1712 328 1748 Χριστοῦ
341 1713 390 1748 τῆς
401 1714 550 1749 παρουσίας
563 1715 718 1750 ἐσχήκαμεν
730 1723 737 1748 ;
750 1715 782 1741 Τί
792 1714 819 1741 δὲ
832 1715 879 1742 καὶ

81 1758 96 1783 ὁ
110 1758 274 1790 Ἇπόστολος
285 1759 365 1790 ὅλως,
378 1759 415 1790 ὠς
427 1759 471 1786 διὰ
480 1759 530 1794 τῆς
543 1760 690 1796 παρουσίας
702 1760 749 1787 τοῦ
760 1761 877 1797 Χριστοῦ

80 1804 202 1839 δυναμού
207 1813 288 1839 μενος
301 1804 347 1832 τοῦ
359 1804 473 1831 Θανάτου
488 1805 540 1831 ὑπὸ
551 1805 598 1832 τοῦ
609 1805 675 1832 Θεοῦ
696 1806 786 1832 ὲλευθε
792 1807 877 1842 ρωθῆ-

80 1859 135 1881 ναι,
144 1850 227 1876 τοῦτο
238 1850 402 1885 ὲιρθέγγετο”
415 1852 494 1877 ὁπότε
505 1852 572 1877 πᾶσι
584 1852 629 1878 καὶ
641 1852 693 1887 πρδ
703 1851 750 1879 τοῦ
760 1853 805 1880 τὺν
815 1853 878 1888 Χρι-

81 1897 145 1923 ιπὸν
158 1896 248 1923 ἐλθεῖν
267 1897 308 1928 εἰς
321 1897 365 1923 τὸν
379 1898 480 1932 κόσμον
494 1897 633 1925 συνέϐαινε
645 1898 785 1933 ονήσκειν;
798 1899 878 1925 Ὥστε

80 1942 112 1969 οὐ
132 1942 165 1969 τὸ
188 1942 270 1978 σῶμα
289 1942 379 1975 τοῦτο,
390 1939 413 1969 ὧ
429 1943 596 1978 Ἀγλαοφῶν,
610 1943 733 1976 Θάνατον,
745 1943 812 1971 ἀλλὰ
830 1945 879 1980 τὴν

117 2020 141 2036 ⁸⁵
154 2019 234 2047 Psal.
246 2028 324 2053 xvtn,
342 2021 386 2048 i3.
426 2021 448 2036 "
466 2020 542 2048 Rom.
559 2021 714 2054 vu,22-24.
753 2022 777 2038 ⁷⁸
789 2021 852 2048 ibid.
869 2021 913 2049 25.

109 2099 180 2142 ,(51)
196 2098 325 2133 Σκιρὼσ.
337 2099 544 2135 Σκιρρώσαντα.
560 2100 657 2135 Epiph.
669 2108 698 2127 ιι.
714 2099 759 2132 61,
789 2101 878 2129 ἐνσκι-

89 2144 123 2161 Ἆυ
127 2144 214 2162 σαντα
219 2156 226 2161 .

84 2145 226 2171 μυσαντα.

121 2170 180 2203 (5‘2)
203 2171 285 2204 Ἀγλ.
311 2169 406 2201 Sirm.,
434 2169 618 2205 ’Λγλαόφρων,
641 2175 670 2198 ιιι
696 2173 777 2205 paulo
800 2173 873 2204 post.

83 2205 119 2231 At
137 2205 308 2239 Epiphanius
325 2206 436 2239 ubique.
459 2205 627 2239 Ἀγλαοφῶν.

120 2240 180 2274 (55)
199 2240 249 2267 Cui
260 2241 338 2267 etiam
354 2240 487 2273 improbus
502 2240 546 2266 ille
569 2240 652 2266 hostis
677 2239 804 2266 insidens.
831 2239 878 2266 Sic

84 2277 162 2301 ctare
180 2275 252 2310 apud
274 2275 467 2310 Epiphanium,
496 2274 639 2302 referendo
656 2275 806 2306 diabolum,
831 2275 877 2309 qui

86 2310 213 2340 ins-adat.
232 2318 264 2337 ac
281 2311 354 2337 velut
377 2311 508 2344 inequitet
524 2310 677 2344 cupiditati.
707 2310 766 2344 ejus
783 2310 809 2336 iu
827 2318 878 2337 nos

85 2349 182 2372 motus
200 2346 372 2372 inordinatos
390 2346 568 2372 succendens.
587 2345 655 2372 Male
669 2352 733 2379 ergo
747 2345 877 2372 Schottus

86 2381 183 2407 retulit
201 2381 234 2407 ad
257 2381 405 2414 hominem,
429 2381 488 2415 ipso
511 2381 593 2408 etiam
620 2385 787 2415 repugnante
806 2379 878 2407 Pho-

85 2416 164 2442 tiano
174 2421 314 2444 contextu.

123 2450 264 2486 (διλΝαηι
280 2452 356 2486 quasi
380 2450 453 2478 nobis
467 2451 541 2484 ipsis.
573 2450 617 2481 Ὠς
631 2451 747 2482 ἑαυτοῖς,
769 2450 829 2486 vel,
848 2455 878 2477 ut

87 2485 159 2521 apud
187 2485 296 2520 Epiph.,
328 2486 365 2515 ὡς
387 2487 416 2512 ὲν
444 2487 510 2521 ἡμῖν
531 2486 633 2517 αὐτοῖς,
650 2486 720 2520 quod
747 2485 774 2512 in
805 2485 877 2512 idem

90 2523 170 2549 redit.
186 2521 363 2555 Signiﬁcatur
376 2521 429 2548 ista
448 2521 554 2548 bonitas
579 2521 621 2548 vel
651 2521 764 2551 malitia,
791 2525 821 2547 ut
848 2521 875 2548 in

90 2558 168 2584 antiis
201 2565 232 2582 ac
257 2564 340 2591 penes
364 2556 498 2589 judicium
527 2560 663 2583 nostrum.
693 2555 876 2591 chueutibus

91 2600 153 2619 vero
165 2592 278 2626 exponit
290 2591 439 2619 discrimen
455 2595 546 2618 motus
562 2591 644 2618 animi
662 2591 688 2618 in
701 2591 727 2618 id
739 2592 811 2625 quod
827 2599 877 2618 na-

91 2632 148 2654 tura
160 2628 261 2653 bouum
274 2631 326 2657 est.
340 2631 367 2653 et
382 2626 407 2652 id
424 2626 496 2660 quod
508 2631 611 2653 tantum
630 2627 664 2653 ab
677 2626 819 2653 effectione
833 2626 876 2653 hic

92 2667 117 2690 et
135 2671 208 2690 nunc
220 2662 283 2689 boni
302 2662 433 2688 ratiornem
447 2661 534 2687 induit
552 2670 557 2688 :
575 2666 604 2687 ut
619 2670 645 2687 Ill
663 2661 728 2688 illud
745 2665 818 2688 totus
837 2661 875 2688 fe-

92 2703 174 2732 ratur,
184 2699 260 2725 velut
275 2705 325 2724 suo
340 2698 398 2732 ipse
413 2696 547 2731 pondere;
573 2697 599 2723 in
611 2696 676 2723 illud
693 2697 765 2723 velut
783 2697 875 2722 traha-

94 2737 133 2760 tur
148 2741 181 2761 ac
203 2734 229 2761 vi
247 2733 367 2768 quadam
395 2737 491 2768 agatur
506 2740 512 2757 :
527 2732 567 2759 sic
593 2732 664 2758 enim
692 2732 737 2758 illa
762 2732 875 2767 φέρεται

94 2774 116 2795 (ιι
131 2770 236 2802 ἀγεται,
254 2767 363 2795 delectu
379 2767 548 2801 signiﬁcant;
560 2768 616 2793 sive
643 2771 809 2802 postremum
834 2775 875 2794 re-

96 2801 158 2831 ferat
167 2805 213 2831 τὸν
230 2804 305 2835 νοῦν,
324 2807 354 2829 ιιι
370 2806 458 2837 potest
472 2802 614 2829 commode
628 2802 698 2836 apud
723 2801 849 2829 Photium
866 2811 872 2829 ε

95 2841 142 2868 sive
156 2840 199 2868 τὸν
216 2839 373 2875 ἄνθρωπον,
392 2841 421 2864 ιιι
431 2842 472 2865 est
486 2837 556 2872 apud
570 2837 760 2873 Epiphaniiun.
773 2837 840 2864 Nam
849 2841 875 2864 et

930 1572 1088 1601 liberandus
1104 1578 1176 1601 esset
1192 1583 1198 1601 :
1217 1573 1323 1606 Gratia,
1341 1574 1440 1609 inquit,
1466 1573 1519 1600 Deo
1537 1573 1593 1609 (56)
1610 1581 1655 1607 per
1668 1571 1715 1600 Je-

931 1630 990 1649 sum
1005 1621 1139 1650 Christum
1155 1623 1191 1650 ⁷⁸.
1209 1621 1314 1657 Quippe
1328 1621 1471 1658 diligenter
1495 1620 1713 1648 animadversum

931 1669 1011 1696 velim
1030 1679 1036 1696 :
1055 1669 1078 1697 si
1096 1676 1195 1704 corpus
1205 1669 1268 1701 hoc,
1284 1673 1315 1696 ut
1326 1667 1500 1699 existimatis,
1516 1675 1532 1694 o
1544 1666 1713 1702 Aglaophon,

931 1719 1046 1742 mortem
1077 1714 1203 1747 dixisset,
1232 1714 1442 1749 haudquaquam
1469 1713 1588 1743 Christi,
1618 1716 1648 1738 ut
1671 1711 1714 1738 sui

931 1761 1105 1796 postmodum
1125 1761 1160 1788 ab
1179 1761 1313 1796 ejusmodi
1329 1761 1400 1787 malo
1415 1759 1581 1791 liberatoris,
1597 1758 1714 1786 mentio-

931 1812 993 1835 nem
1009 1806 1158 1834 facturum.
1177 1807 1285 1843 Alioqui
1303 1807 1374 1834 enim
1401 1805 1466 1841 quid
1483 1806 1562 1833 nobis
1579 1804 1716 1840 singulare

932 1853 1096 1880 accessisset
1122 1853 1223 1881 Christi
1249 1853 1386 1880 adventu?
1413 1852 1484 1885 Quid
1515 1859 1580 1879 vero
1604 1850 1715 1878 omnino

932 1898 1089 1933 Apostolus,
1110 1898 1188 1933 quasi
1205 1898 1307 1926 Christi
1325 1897 1468 1932 praesentia
1485 1896 1674 1927 continuatus,
1686 1899 1716 1921 ut

934 1944 981 1972 Dei
998 1944 1128 1972 beneﬁcio
1143 1949 1257 1972 mortem
1272 1944 1341 1971 liber
1355 1943 1491 1975 evaderet,
1508 1942 1579 1970 istud
1595 1949 1716 1977 pronun-

932 2099 1035 2126 homini
1053 2099 1200 2126 violentum
1215 2102 1267 2130 est.
1281 2099 1352 2134 quod
1371 2099 1430 2133 ejus
1447 2099 1544 2134 potiori
1568 2098 1649 2133 parti,
1668 2097 1715 2125 καὶ

931 2134 969 2170 τῷ
982 2136 1010 2161 ὲν
1026 2134 1100 2170 αὺτῷ
1111 2135 1266 2170 ἡγεμονικῷ
1281 2133 1335 2161 vim
1356 2133 1430 2161 facit.
1448 2133 1561 2170 Neuter
1581 2135 1714 2167 interpres

931 2168 998 2197 satis
1014 2168 1120 2197 videtur
1136 2168 1205 2196 hanc
1218 2168 1395 2197 Methodiaua:
1408 2169 1515 2204 phrasis
1530 2168 1562 2195 ad
1581 2170 1715 2196 intentum

930 2205 1063 2240 Apostoli,
1078 2207 1269 2240 proprietatem
1284 2205 1464 2239 expressisse.

967 2240 1024 2278 (55)
1035 2239 1348 2278 Niniiruinqua-stionem
1357 2239 1500 2278 dissolvens
1508 2239 1712 2278 declararique,

929 2273 982 2302 etc.
1005 2275 1112 2310 Ἀμέλει
1128 2273 1312 2310 διαλυόμενος.
1329 2275 1358 2302 In
1378 2275 1448 2303 idem
1468 2275 1536 2301 redit
1562 2275 1633 2310 apud
1649 2273 1713 2307 Ενία

929 2309 1059 2345 phanium
1083 2319 1110 2337 ιι.
1129 2310 1174 2341 6'2,
1197 2311 1227 2346 τὸ
1244 2310 1443 2346 διαλεγόμενος,
1463 2310 1536 2337 velut
1558 2309 1712 2346 edisserens.

930 2346 1060 2372 Schottus
1071 2353 1135 2372 vero
1150 2345 1243 2373 nescio
1257 2354 1310 2380 qlia
1323 2344 1478 2381 parenthesi
1487 2344 1712 2381 totuminvolvit,

926 2381 1037 2416 jamque
1053 2385 1164 2415 repente
1187 2379 1330 2407 liberatum
1349 2380 1462 2407 Paulum
1479 2387 1559 2416 quem
1574 2379 1712 2416 hactenus

928 2414 1112 2451 captivitatem
1135 2419 1292 2451 querentem
1311 2416 1471 2451 habuimus,
1489 2414 1604 2451 inducit.

963 2448 1018 2486 {56)
1034 2451 1127 2478 Gratia
1144 2448 1212 2478 'Deo.
1232 2450 1336 2477 Habent
1354 2451 1434 2486 modo
1453 2449 1547 2477 Grieca
1561 2448 1714 2486 εὐχαριστῶ

927 2486 966 2522 τῷ
982 2487 1051 2522 Θεῷ,
1069 2495 1120 2514 nec
1132 2491 1174 2514 est
1191 2486 1337 2513 verisimile
1353 2485 1438 2522 fuisse
1448 2486 1474 2512 in
1493 2485 1546 2512 illis
1565 2485 1712 2522 quidquam

929 2518 1082 2549 niutatum:
1100 2529 1192 2548 aencc
1213 2524 1337 2547 nostrum
1355 2521 1529 2554 interpretem
1550 2520 1603 2547 sibi
1624 2518 1712 2546 indul-

928 2557 1008 2588 sisse.
1024 2557 1097 2592 quod
1110 2557 1153 2584 hic
1168 2556 1308 2592 Schottus.
1326 2560 1354 2581 ut
1369 2556 1437 2589 grati
1455 2555 1538 2582 animi
1553 2554 1713 2592 expres§i0<

928 2600 989 2619 nem
1002 2589 1086 2623 illam,
1103 2593 1128 2618 in
1150 2591 1271 2618 beneficii
1287 2591 1464 2617 assertionem
1475 2589 1629 2617 mutaverit.
1648 2589 1714 2616 Cre-

928 2627 1042 2653 diderim
1059 2635 1123 2661 ergo
1140 2626 1302 2656 reddidisse,
1320 2630 1348 2652 ut
1368 2625 1537 2652 llletbodiana
1552 2625 1585 2652 ad
1600 2625 1712 2661 verbum

927 2662 1028 2688 habent
1041 2669 1047 2687 :
1068 2659 1160 2688 Gratia
1174 2662 1238 2691 Deo.
1255 2662 1326 2696 quod
1345 2662 1470 2693 subinde.
1481 2659 1714 2696 scriptorum__im-

928 2697 1024 2732 pcritia
1042 2700 1146 2723 mutato
1163 2706 1177 2724 ο
1193 2697 1220 2723 in
1236 2694 1366 2728 ἱίϐναιὶα
1388 2696 1434 2723 Dei
1461 2694 1633 2732 l'actumrsit.’
1645 2694 1713 2732 Nam

927 2729 954 2759 et
979 2731 1161 2767 Hieronymus
1183 2735 1279 2766 quaest.
1299 2731 1325 2767 8ἐ
1352 2731 1386 2758 ad
1409 2732 1546 2767 Algasiam
1572 2731 1608 2767 ita
1629 2729 1712 2767 legit;

948 2775 977 2795 r0
991 2775 1048 2803 quo
1060 2763 1281 2803 postearréperit,
1303 2766 1410 2794 Gratias
1432 2763 1480 2803 (I'go
1495 2766 1557 2793 Deo.
1578 2763 1666 2792 Plura‘
1681 2763 1712 2792 li".

927 2775 977 2829 pro
991 2775 1045 2802 quo
1060 2775 1153 2802 postea
1171 2775 1281 2800 reperit,
1303 2775 1403 2794 unum:

951 2810 1015 2831 ucas
1035 2802 1191 2838 Brugensis,
1204 2801 1294 2830 Estius
1309 2806 1336 2829 et
1347 2802 1403 2829 alii.
