1920 3070
86 31 138 60 509

654 35 699 62 EX
719 35 821 63 LIBRO
838 35 882 62 DE
901 34 1204 64 RESURREGTiONE.

1683 41 1736 69 310

91 85 170 124 δτκον
187 89 237 124 τῆς
259 90 381 126 δρυάδος
398 92 651 120 καταναλίσκουσιν.
675 94 772 130 Ἐχρῆν
788 94 851 130 γὰρ,
872 102 880 120 ε

948 102 963 120 a
980 94 1118 121 radicibus
1132 94 1283 122 ascendens
1301 99 1384 128 terra,
1410 96 1584 132 lignesceret,
1604 101 1632 124 ut
1645 99 1736 126 omnis

92 132 190 170 ἀληθὲς
209 133 256 170 ἦν,
277 136 326 163 διὰ
349 138 406 164 τῶν
429 139 512 174 ῥιζῶν
535 140 719 175 ἀνερχομένην
744 139 895 172 ἀποξυλοῦ-

95 183 153 210 σθαι
168 182 226 218 (6'2)
244 183 295 219 ’τὴν
314 185 380 220 γῆν,
397 185 504 212 ᾶπαντα
517 186 563 212 τὸν
581 186 646 221 περὶ
663 185 732 212 αὐτὰ
745 186 827 213 τόπον
844 187 894 221 τῆς

93 231 143 265 γῆς
155 230 358 264 κοιλαίνεσθαι,
372 233 414 259 ὅτι
430 233 468 269 μὴ
482 234 618 269 ὲπιρῤἑειν
631 233 736 267 πέφυκε
752 233 783 259 τδ
801 233 891 269 ξηρὸν,

94 276 220 312 καθάπερ
231 277 326 304 καὶτὸ
339 278 434 313 ὑγρὸν,
451 279 495 305 ἀεὶ
509 280 577 315 πρὸς
592 279 623 306 τὸ
636 279 804 315 κινούμενον.
823 279 893 315 Ἤδη

93 322 121 348 δὲ
137 323 185 348 καὶ
206 323 302 354 συκαὶ,
319 324 367 350 καὶ
386 323 453 350 ἄλλα
469 324 580 351 τοιαῦτα
599 324 687 360 φυτὰ,
706 325 845 360 μνημείων
865 326 894 352 ὲν

93 367 300 403 οἰκοδομήμασι
313 369 444 402 πολλάκις
454 369 654 406 βλαστήσαντα,
667 370 742 397 οὐδὲν
756 371 795 402 εἰς
809 371 893 398 ἑαυτὰ

92 413 140 448 τῆς
161 414 313 449 οἰκοδομῆς
334 415 402 447 ὅλως
423 415 591 452 ἱστοροῦνται
608 416 839 451 κατηναλωκέναι.
861 417 893 442 El

93 459 159 493 ’,οὖν
176 460 250 486 ἐτῶν
265 460 372 488 πολλῶν
389 462 597 497 συλλογίσασθαί
611 471 652 494 τις
666 463 710 490 τὸν
726 462 831 498 καρπὸν
842 462 892 488 αὺ-

92 506 147 532 τῶν
162 507 212 533 καὶ
229 507 265 533 τὰ
287 507 376 542 φύλλα
392 508 546 544 βουληθείη,
569 509 673 536 κατίδοι
688 509 721 536 ἂν
738 509 892 536 πολλαπλα-

92 552 170 580 σίονα
191 552 244 587 τῆς
266 553 315 580 ἐπὶ
329 554 384 580 τῶν
408 555 548 590 μνημείων
563 554 615 590 γῆς
636 555 683 581 τὸν
706 555 788 589 ὄγκον
803 554 893 581 αὐτῶν

90 598 294 633 γεγενημένον.
316 599 398 625 Ὅθεν
422 599 594 627 ἀτοπώτατον
613 600 738 636 ἡγεῖσθαι
761 600 810 635 τὴν
830 601 895 637 γῆν,

91 645 131 675 είς
147 644 268 680 καρπῶν
288 645 375 680 φορὰν
391 645 630 682 μεταϐαλλομένην
643 647 690 673 καὶ
709 646 796 680 φύλλα
825 656 893 675 κατ-

89 689 299 716 αναλίσκεσθαν
314 689 365 716 κᾶν
390 690 424 716 δι’
448 691 533 725 αὐτῆς
557 691 664 718 ᾶπαντα
689 691 792 725 γίνεται
823 690 890 725 (65),

91 732 158 767 ἕδρᾳ
176 734 247 768 αὐτῇ
266 733 403 769 χρώμενοι
422 735 468 762 καὶ
484 735 568 771 τόπῳ.
586 736 653 763 Οὐδὲ
665 736 718 772 γὰρ
733 737 815 772 ἄρτος
833 737 893 772 δίχα

92 778 179 812 μύλου
195 779 245 805 καὶ
258 780 353 811 τόπου,
370 782 416 807 καὶ
430 781 537 816 χρόνου,
556 782 602 809 καὶ
617 783 702 818 πυρὸς
716 782 830 816 γίνεται·
846 784 894 809 καὶ

90 825 168 851 οὐδέν
181 826 259 852 ἐστιν
273 826 289 861 ἦ
304 827 410 860 γίνεται
423 827 525 855 τούτων
542 828 556 854 ό
572 829 663 865 ἄρτος.
678 829 733 856 Καὶ
747 828 794 854 ἐπὶ
806 828 894 855 ἄλλων

91 871 202 906 μυρίων
217 871 361 904 ὡσαύτως.

125 915 164 944 Ε¹.
177 917 241 943 Ὅτι
249 919 295 952 τὸ,
303 917 431 952 Οἴδαμεν
439 919 504 953 γὰρ,
516 919 567 952 ὡς,
580 919 635 947 ἐὰν
642 921 661 954 ἠ
671 920 801 956 ἐπίγειος
809 921 894 957 ἡμῶν

90 963 170 989 οιέιία
186 963 242 990 τοῦ
259 963 396 998 σκήνους
413 965 579 1000 καταλυθῇ,
593 967 640 993 καὶ
657 966 730 1002 ἑξῆς·
745 968 769 994 ol
787 969 892 1003 Ὠριγε-

91 1009 180 1035 νισταὶ
204 1010 247 1041 εἰς
268 1010 408 1046 ἀναίρεσιν
425 1011 473 1046 τῆς
488 1011 542 1037 τῶν
566 1012 700 1047 σωμάτων
718 1013 892 1045 ἀναστάσεως

91 1055 302 1090 προϐάλλονται,
317 1056 414 1091 σκῆνος
428 1057 458 1084 τὸ
472 1057 560 1092 σῶμα,
574 1058 620 1084 καὶ
639 1059 842 1095 ἀχειροποίητον
861 1061 891 1087 ἐν

91 1103 217 1138 οὐρανοῖς
228 1103 326 1137 οἰκίαν,
339 1104 373 1131 τὰ
388 1105 452 1139 παρ’
469 1104 558 1132 αὐτῶν
569 1106 742 1141 πνευματικὰ
755 1106 891 1142 ἐνδύματα

92 1149 228 1182 λέγοντες.
245 1150 302 1183 Διὸ,
325 1150 408 1186 φησὶν
429 1151 443 1176 ὀ
464 1151 540 1184 ἆγιος
554 1150 696 1184 Μεθόδιος,
711 1152 831 1187 ἐπίγειον
851 1155 890 1180 οἰ-

92 1195 153 1221 κίαν
179 1195 230 1231 τὴν
257 1196 376 1223 ἐνταῦθα.
403 1196 546 1232 βραχύϐιον
568 1197 641 1233 ζωὴν
663 1199 889 1234 καταχρηστικῶς

91 1241 219 1277 ληπτέον,
240 1243 289 1269 καὶ
309 1243 339 1269 οὐ
364 1243 394 1270 τὺ
410 1243 509 1279 σκῆνος
528 1243 616 1270 τοῦτο.
637 1245 670 1271 Εί
693 1244 747 1280 γὰρ
768 1245 888 1280 ἐπίγειον

90 1287 178 1314 οἰκίαν
200 1288 407 1324 καταλυομένην
426 1289 456 1315 τὺ
473 1289 552 1325 σῶμα
573 1290 696 1316 τίθεσθαι
709 1291 789 1318 αὑτὸν
812 1292 888 1327 νομί-

91 1333 166 1366 ζετε·
194 1335 329 1368 φρασα-τε,
347 1335 378 1361 τὺ
398 1335 495 1371 σκῆνος
512 1335 538 1362 τί
555 1337 640 1370 ἐστιν,
665 1333 696 1363 οὗ
715 1339 731 1372 ὴ
747 1338 821 1364 οἰκία
837 1347 887 1365 κα-

89 1379 236 1412 ταλύεταις
252 1380 365 1416 Ἕτερον
381 1381 435 1417 γὰρ
449 1381 479 1408 τὺ
494 1382 602 1417 σκῆνος,
619 1382 666 1409 καὶ
681 1382 744 1410 ἄλλο
758 1383 805 1410 τοῦ
821 1384 887 1419 σκή-

89 1434 150 1457 νους
164 1427 182 1461 ἡ
204 1426 280 1452 οἰκία
290 1435 296 1441 ·
321 1427 368 1453 καὶ
383 1427 475 1463 ἕτερον
497 1428 587 1463 ἡμεῖς,
603 1424 640 1455 ὧν
657 1429 716 1454 ἐστι
729 1428 759 1454 τὸ
775 1428 884 1464 σκῆνος.

95 1471 161 1497 Ἐὰν
177 1471 234 1506 τὰρ
250 1472 270 1505 ἡ
290 1472 420 1508 ἐπίγειος
437 1472 521 1507 ἡμῶν
541 1474 631 1507 οὶκια,
646 1473 724 1509 φησὶ,
739 1474 792 1501 τοῦ
811 1474 886 1508 σκή-

87 1525 161 1550 νους
171 1518 346 1552 καταλυθῇ·
365 1517 419 1546 οἷον
434 1520 508 1555 ἡμᾶς
523 1520 572 1555 μὲν
586 1519 635 1552 τὰς
650 1519 739 1555 ψυχὰς
754 1517 823 1547 εἶναι
839 1520 885 1556 δη-

87 1563 194 1596 λώσας·
215 1564 316 1599 σ-κῆνος
338 1565 366 1591 δὲ
390 1565 421 1592 τὸ
443 1565 537 1600 σῶμα’
557 1565 646 1592 οἰκίαν
659 1565 687 1592 δὲ
704 1565 750 1592 τοῦ
768 1566 885 1601 σκήνους

946 139 1159 175 circumquaque
1177 140 1253 168 locus
1271 145 1436 176 cavaretur;
1451 142 1523 178 quod
1542 147 1660 178 nequeat
1673 152 1736 172 cor-

946 192 998 219 pus
1012 183 1130 218 aridum,
1147 184 1235 212 instar
1247 185 1407 214 substantiae
1419 187 1547 219 humidae,
1571 187 1606 214 ad
1624 188 1650 216 id
1662 190 1735 224 quod

945 237 1069 258 movetur
1080 233 1107 258 et
1123 229 1196 257 cedit
1215 230 1286 263 loco,
1300 232 1429 258 continuo
1450 233 1521 260 velut
1535 232 1649 266 allium,
1661 242 1728 262 con-

946 277 1067 304 tendere.
1087 276 1146 304 Jam
1161 285 1225 305 vero
1235 277 1317 305 etiam
1332 278 1400 306 ﬁcus
1413 278 1536 306 videmus
1544 279 1598 316 (64)
1613 281 1735 316 aliasque

945 322 1080 357 ejusmodi
1092 323 1202 359 stirpes,
1219 324 1367 352 exstructis
1382 326 1566 353 monumentis
1581 326 1733 354 adnascen-

944 373 997 400 tes.
1010 371 1040 395 ut
1059 368 1127 396 nihil
1140 369 1253 396 omnino
1265 369 1372 396 aediﬁcii
1388 369 1418 396 in
1428 377 1457 398 se
1474 370 1547 404 ipsas
1559 376 1731 401 convertant.

945 413 974 442 Si
983 415 1045 450 quis
1054 423 1120 443 sane
1136 415 1224 443 editos
1235 416 1327 444 multis
1339 417 1418 444 annis
1430 415 1536 444 fructus
1551 416 1668 453 foliaque
1676 419 1734 446 col-

944 461 1028 496 ligere
1042 463 1179 494 statuerit,
1197 462 1293 490 multis
1310 462 1435 497 partibus
1453 463 1603 490 auctiorem
1622 465 1732 498 molem,

943 510 1016 534 terra
1032 508 1215 535 monumenlis
1233 513 1341 544 aggesta
1359 509 1540 544 perspexerit.
1558 509 1733 538 Absurdissi-

943 560 1017 580 mum
1033 561 1098 588 ergo
1114 557 1166 586 est,
1179 555 1350 587 existimare,
1361 560 1462 582 terram
1471 556 1498 583 in
1508 555 1647 584 fructuum
1656 557 1733 585 uber-

942 601 1028 626 tatem
1042 598 1162 634 l‘oliaque
1179 600 1304 627 consumi
1321 609 1330 634 ;
1347 608 1505 636 quanquam
1525 609 1572 637 per
1585 602 1655 630 banc
1669 603 1734 630 liant

942 645 1045 679 omnia,
1077 645 1169 674 sedem
1185 646 1242 682 ipsa
1259 651 1286 674 et
1299 646 1389 674 locum
1416 652 1573 683 praestante.
1600 648 1668 676 Nam
1685 657 1735 677 ne—

943 699 996 727 que
1008 692 1086 728 panis
1111 693 1170 720 sine
1186 693 1258 720 mola
1285 693 1326 726 lit,
1342 694 1401 721 sine
1415 694 1486 727 loco,
1499 695 1558 722 sine
1573 698 1696 731 tempore
1707 700 1734 723 et

942 739 1016 773 igni:
1043 747 1093 767 nec
1114 743 1205 767 tamen
1222 740 1321 767 borum
1339 740 1442 775 aliquid
1454 744 1496 768 est
1520 745 1568 768 aut
1591 740 1620 768 lit
1643 741 1733 776 panis.

943 784 1021 817 Quod
1035 786 1126 821 ipsum
1138 786 1166 813 in
1181 787 1320 815 sexcentis
1335 786 1397 815 aliis
1408 786 1554 823 contingit.

980 916 1012 944 V.
1029 916 1086 944 lloc
1099 916 1191 945 Pauli:
1205 916 1309 945 Scimus
1327 917 1406 950 enim,
1419 917 1544 952 quoniam
1560 917 1584 944 si
1599 918 1732 944 terrestris

942 963 1036 990 domus
1049 969 1142 991 nostra
1155 963 1318 990 tabernaculi
1332 963 1493 990 dissolvatur
1503 963 1537 996 ",
1553 967 1607 990 etc.
1637 963 1734 998 Orige—

942 1010 1021 1038 nistte
1033 1010 1065 1037 ad
1083 1009 1231 1037 tollendam
1243 1016 1389 1045 corporum
1399 1009 1631 1037 resurrectionem
1645 1009 1732 1045 profe-

941 1060 1006 1084 runt
1021 1075 1029 1089 ,
1044 1056 1178 1088 dicentes,
1190 1055 1401 1083 tabernaculum
1414 1063 1476 1083 esse
1486 1063 1605 1091 corpus;
1620 1055 1731 1083 domum

941 1107 1031 1130 autem
1046 1110 1102 1130 non
1117 1110 1201 1130 manu
1225 1102 1327 1129 factam
1341 1101 1370 1128 in
1386 1102 1474 1134 caelis,
1491 1110 1552 1137 qua:
1567 1102 1606 1129 illi
1618 1102 1732 1129 commi-

940 1149 1085 1176 niscuntur
1105 1149 1238 1184 spiritalia
1263 1147 1433 1175 indumenta.
1460 1148 1530 1175 llinc
1544 1148 1610 1176 dicit
1626 1147 1656 1176 S.
1675 1147 1731 1176 Me-

940 1195 1061 1228 thodius,
1077 1203 1125 1230 per
1133 1198 1292 1222 terrestrem
1308 1194 1431 1226 domum,
1444 1194 1552 1221 brevem
1569 1194 1730 1221 liancvitam

939 1241 1053 1269 abusive
1075 1241 1281 1276 intelligendam
1299 1249 1306 1273 ;
1318 1248 1374 1267 non
1382 1247 1449 1267 vero
1459 1248 1521 1268 esse
1534 1241 1587 1267 hoc
1601 1240 1731 1268 taberna-

938 1287 1040 1315 culum.
1056 1287 1085 1315 Si
1100 1288 1184 1320 enim,
1200 1286 1299 1322 inquit,
1313 1294 1361 1321 per
1376 1289 1535 1314 terrestrem
1552 1287 1663 1314 domum
1675 1286 1731 1315 dis-

937 1334 1107 1367 solvendam,
1122 1341 1224 1368 corpus
1240 1338 1364 1359 nostrum
1381 1332 1415 1359 ab
1429 1340 1463 1360 eo
1482 1332 1596 1367 intelligi
1611 1332 1730 1367 putatis;

936 1380 1002 1417 quid
1011 1380 1216 1408 tabernaculum
1224 1380 1382 1412 sit,docete,
1392 1379 1471 1414 cujus
1483 1378 1580 1406 domus
1592 1377 1731 1406 sitdissnl-

936 1426 1048 1455 venda?
1069 1426 1151 1453 Aliud
1166 1426 1239 1454 enim
1255 1431 1297 1453 est
1317 1425 1536 1458 tabernaculum,
1551 1423 1624 1451 aliud
1642 1424 1731 1451 taber-

935 1473 1028 1501 naculi
1043 1472 1141 1500 domus
1160 1476 1209 1500 :et
1223 1471 1298 1498 aliud
1317 1478 1385 1503 nos,
1404 1477 1521 1506 quorum
1540 1474 1582 1497 est
1601 1469 1729 1496 taberna-

935 1520 1037 1549 culum.
1055 1519 1085 1547 Si
1107 1520 1186 1551 enim,
1208 1519 1307 1554 inquit,
1324 1517 1454 1545 terrestris
1472 1516 1565 1543 domus
1581 1520 1673 1542 nostra
1689 1520 1730 1542 ta-

936 1566 1070 1595 bernaculi
1098 1565 1286 1593 dissolvatur:
1312 1564 1405 1597 velut,
1433 1570 1495 1591 esse
1519 1569 1581 1594 nos,
1600 1562 1728 1595 animas;

86 1607 134 1642 τὴν
147 1608 222 1635 κατὰ
235 1609 284 1644 τὴν
302 1609 442 1644 παροῦσαν
458 1610 530 1646 ζωὴν
544 1610 693 1638 ἀπόλαυσιν
707 1611 756 1647 τῆς
772 1611 880 1646 σαρκὸς,

939 1612 1144 1641 tabernaculum
1165 1615 1267 1643 autem,
1282 1618 1399 1645 corpus;
1413 1608 1581 1636 tabernaculi
1600 1615 1664 1634 vero
1679 1607 1730 1634 do-

86 1654 237 1689 τροπιχῶς.
269 1655 332 1682 Ἐὰν
349 1653 396 1683 οὖν
413 1658 429 1692 ή
445 1656 492 1683 νῦν
506 1657 538 1692 δὴ
563 1656 632 1692 αὕτη
655 1658 672 1694 ὴ
688 1657 735 1684 τοῦ
758 1657 884 1693 σώματος

85 1701 142 1737 ζωὴ
166 1701 248 1736 δίκην
264 1702 352 1733 οἰκίας
367 1703 515 1739 καταλυθῇ,
538 1703 635 1739 ἕξομεν
658 1704 707 1739 τὴν
724 1704 752 1730 ὲν
766 1705 822 1736 τοῖς
838 1704 884 1730 οὺ-

87 1749 178 1782 ρανοῖς
196 1748 419 1784 ἀχειροποίητον.
445 1749 468 1776 Ἀ
472 1751 691 1784 χειροποίητον,
707 1750 783 1786 φησὶ,
796 1750 840 1777 διὰ
855 1750 885 1776 τὺ

85 1794 280 1829 χειροποίητον
304 1794 406 1830 ταύτην
425 1795 551 1830 λέγεσθαι
572 1795 621 1831 τὴν
637 1795 720 1832 ζωὴν,
746 1795 817 1822 κατὰ
839 1796 886 1822 ἀν-

85 1839 269 1875 τιδιαστολὴν,
293 1840 369 1876 παρὰ
393 1841 423 1868 τὸ
445 1841 535 1870 πάντα
558 1842 637 1878 ἡμῶν
659 1843 695 1870 τὰ
717 1844 885 1879 κοσμήματα

86 1886 131 1912 καὶ
154 1886 357 1920 σπουδάσματα
381 1887 428 1914 τοῦ
456 1888 514 1923 βίου
540 1889 618 1924 χερσὶ
645 1889 823 1924 παλαμᾶσθαι
838 1889 885 1916 ἀν-

86 1931 216 1968 θρώπων.
234 1932 272 1958 Τὸ
286 1933 341 1968 γὰρ
357 1933 446 1968 σῶμα,
460 1934 654 1971 δημιούργημα
667 1935 789 1970 ὑπάρχον
804 1934 883 1967 Θεοῦ,

86 1978 279 2014 χειροποίητον
303 1978 334 2004 οὐ
366 1979 487 2013 λέγεται,
511 1980 552 2007 ὅτι
570 1981 608 2016 μὴ
632 1981 796 2017 ὲπαλαμήθη
819 1981 883 2016 τέχ-

89 2032 147 2055 ναις
159 2023 326 2059 ἀνθρώπων.
340 2025 372 2051 El
386 2025 424 2057 δὲ,
440 2025 506 2053 διότι
523 2026 576 2053 ὑπὸ
587 2027 654 2054 Θεοῦ
670 2027 884 2064 ὲδημιουργήθη,

87 2070 278 2105 χειροποίητον
309 2070 375 2097 αὐτὸ
403 2071 526 2104 λέξουσι·
555 2073 737 2109 χειροποίητοι
759 2073 813 2108 ἄρα
838 2073 885 2100 καλ⁴

89 2116 114 2141 al
130 2116 228 2151 ψυχαὶ,
252 2115 338 2153 [καὶ]
359 2118 383 2145 οἱ
409 2118 529 2152 ἄγγελοι,
547 2119 595 2145 καὶ
617 2119 652 2146 τὰ
675 2119 822 2155 ἐνδύματα,
850 2119 885 2146 τὰ

89 2162 116 2187 ὲν
127 2163 184 2193 τοῖς
197 2162 332 2198 οὐρανοῖς.
346 2163 414 2189 Θεοῦ
429 2163 483 2200 γὰρ
498 2165 710 2201 αὑτουργήματα
723 2165 769 2192 καὶ
780 2165 877 2192 ταῦτα.

938 1666 1025 1691 mum,
1037 1659 1130 1685 carnis
1148 1664 1260 1684 usuram
1282 1656 1311 1683 in
1325 1656 1380 1683 vita
1397 1654 1535 1690 praesenti,
1549 1653 1689 1680 moraliter
1701 1657 1729 1680 et

939 1712 1022 1733 sensu
1047 1703 1164 1738 spiritali
1180 1701 1385 1738 signiﬁcaverit.
1404 1700 1433 1728 Si
1448 1708 1513 1736 ergo
1529 1699 1587 1727 haec
1604 1699 1728 1734 corporis

939 1751 994 1778 vita
1010 1751 1098 1778 instar
1109 1749 1208 1777 domus
1225 1748 1406 1779 dissolvatur,
1427 1747 1546 1774 habituri
1564 1753 1659 1773 sumus
1678 1744 1728 1772 do-

939 1804 1014 1824 mum
1038 1796 1112 1823 illam
1128 1803 1182 1823 uon
1197 1802 1280 1822 manu
1297 1794 1396 1822 factam
1420 1793 1446 1820 in
1464 1793 1553 1820 cmlis.
1572 1791 1657 1819 Vocat
1676 1799 1728 1818 mm

939 1849 1019 1868 manu
1034 1840 1144 1875 faciam,
1166 1839 1326 1867 dill‘erentias
1353 1846 1460 1872 causa;
1488 1837 1562 1873 quod
1585 1838 1640 1865 vita
1669 1835 1727 1864 haec

938 1889 1000 1917 ideo
1015 1895 1097 1915 manu
1113 1887 1184 1914 facta
1202 1886 1319 1918 dicatur,
1332 1885 1405 1921 quod
1421 1885 1510 1912 omnis
1526 1884 1587 1919 ejus
1595 1885 1686 1911 cultus
1700 1887 1728 1911 et

938 1931 1038 1964 studia,
1054 1931 1194 1958 hominum
1206 1930 1332 1957 manibus
1347 1929 1577 1956 administrentur
1589 1933 1616 1956 et
1632 1936 1728 1964 εει-θην

935 1982 990 2005 tur.
1007 1976 1076 2004 Nam
1093 1983 1204 2011 corpus,
1220 1983 1282 2002 cum
1297 1975 1334 2002 sit
1345 1973 1392 2001 Dei
1419 1973 1569 2009 Opiﬁcium,
1589 1980 1644 2000 non
1659 1974 1727 2003 dici-

933 2028 979 2052 tur
991 2031 1074 2051 manu
1089 2022 1202 2053 factum,
1220 2020 1294 2056 quod
1307 2028 1360 2047 non
1378 2020 1414 2047 sit
1425 2023 1484 2046 arle
1502 2019 1621 2046 humana
1638 2020 1724 2047 mani-

933 2070 985 2098 bus
999 2069 1182 2097 eﬂ‘ormalum.
1193 2066 1270 2100 Quod
1290 2067 1314 2095 si
1332 2066 1393 2094 ideo
1405 2064 1632 2100 corpusdixerint
1643 2073 1725 2093 manu

934 2117 1048 2149 factum,
1064 2115 1137 2151 quod
1152 2114 1218 2142 illud
1235 2113 1307 2141 Deus
1322 2113 1357 2140 sit
1370 2119 1501 2148 operatus
1515 2133 1522 2145 ,
1539 2112 1620 2147 plane
1636 2112 1726 2147 sequi-

933 2168 989 2196 tur,
1006 2167 1035 2190 ut
1049 2167 1077 2190 et
1092 2162 1201 2194 animm,
1217 2165 1243 2188 et
1260 2159 1358 2195 angeli,
1374 2159 1488 2194 ipsaque
1504 2158 1530 2186 in
1547 2158 1626 2186 caelis
1641 2159 1725 2194 spiri-

91 2207 135 2239 Ti;
157 2206 203 2234 οὖν
220 2209 295 2234 ἐστιν
313 2211 329 2245 ἡ
355 2211 542 2246 χειροποίητος
557 2211 646 2245 οἰκίας
671 2212 702 2238 Ἦ
723 2211 880 2247 βραχύϐιος,

939 2210 1002 2237 talia
1013 2209 1185 2242 indumenta,
1202 2215 1286 2234 manu
1303 2206 1375 2233 facta
1389 2205 1526 2232 dicantur.
1544 2204 1612 2231 Nam
1622 2208 1649 2231 et
1667 2205 1723 2237 illa,

122 2285 146 2301 "
162 2285 194 2314 Il
209 2285 273 2314 Cor.
285 2295 311 2319 ν,
330 2287 356 2314 ί.

93 2367 145 2395 tur,
163 2368 210 2391 aut
230 2369 305 2392 certe
323 2365 416 2392 minus
438 2365 604 2400 percipiatur
627 2365 808 2393 subtractum.
830 2365 878 2392 Vi-

93 2399 183 2436 demus
199 2407 280 2434 quam
295 2408 398 2435 paucos
409 2399 526 2432 cineres,
540 2409 601 2436 quae
619 2402 675 2429 fere
688 2405 796 2428 terrena
811 2402 878 2428 sub-

95 2435 190 2472 stantia
202 2435 228 2462 in
249 2435 488 2472 combustibilibus
510 2435 563 2468 est,
582 2438 677 2472 ingens
700 2437 768 2464 silva
792 2437 878 2464 relin-

96 2473 172 2503 quat:
184 2471 275 2499 inesse
285 2479 351 2498 vero
364 2471 512 2506 plurimum
524 2473 595 2500 aeris
605 2471 762 2504 arboribus,
776 2472 880 2499 indicat

128 2571 180 2606 (6‘2)
200 2571 302 2604 Ἀποξ.
321 2572 405 2600 Sirm.
423 2573 628 2605 ἁναξυλοῦσθαι.

129 2607 181 2644 (63)
196 2608 328 2635 Γίνεται.
352 2608 409 2640 AL,
425 2609 562 2642 γίνωνται.
578 2609 611 2636 Et
629 2616 693 2636 mox
713 2608 792 2643 forte,
807 2619 841 2646 χρ
851 2609 879 2636 b-

129 2651 166 2669 να.

101 2650 178 2715 ﬂii)
192 2678 273 2706 Ficus
284 2679 414 2711 uidemus,
425 2683 477 2706 etc.
489 2678 620 2714 Accipere
635 2679 740 2715 aliquid
754 2688 769 2708 e
785 2680 875 2715 parie-

100 2713 160 2741 tibus
174 2715 273 2749 quibus
289 2717 490 2746 adnascuntur,
511 2713 669 2750 hujusmodi
683 2713 743 2743 sive
764 2713 874 2750 caprili—

100 2755 146 2780 cns,
169 2751 225 2778 sive
248 2751 353 2785 stirpes
378 2751 457 2782 alias,
482 2755 581 2785 prieter
604 2751 668 2782 alia,
684 2751 766 2778 etiam
793 2752 872 2778 ruina

101 2785 209 2813 ostendit.
230 2794 316 2813 quam
337 2785 448 2814 tandem
473 2786 589 2814 aedilicio
606 2785 733 2818 aderunt,
749 2786 872 2818 disjectis

934 2365 1040 2396 levitas,
1057 2373 1111 2400 qua
1133 2366 1215 2393 etiam
1231 2364 1311 2400 aquis
1328 2366 1525 2400 supernatant;
1542 2369 1641 2400 aquam
1657 2369 1723 2390 vero

936 2405 1036 2435 praeter
1051 2399 1103 2428 alia
1121 2400 1241 2428 ostendit
1259 2407 1353 2427 earum
1369 2399 1461 2435 virens
1478 2399 1610 2428 luxuries,
1629 2400 1723 2435 rnatu-

933 2433 1079 2472 ratumque
1092 2440 1279 2472 augmentum,
1291 2435 1393 2470 quibus
1404 2434 1473 2461 locis
1483 2440 1561 2468 aqua:
1575 2433 1654 2468 copia
1665 2440 1724 2459 ma-

933 2477 1009 2499 nant.

934 2574 1071 2608 lapidibus
1096 2573 1264 2609 intrusisque
1280 2573 1309 2600 in
1319 2574 1418 2609 locum
1429 2569 1720 2609 czemen_ti_radicibus,

932 2606 1047 2646 ejusque
1066 2613 1183 2646 exsucta
1194 2606 1285 2646 terreo
1300 2608 1456 2646 pinguiora;
1476 2612 1506 2634 ut
1520 2606 1617 2646 debeat
1634 2613 1722 2646 quan-

931 2641 1021 2679 doque
1037 2645 1127 2679 paries
1142 2643 1240 2671 infesta
1252 2641 1421 2679 plantatione
1429 2641 1622 2679 depurgandus
1633 2641 1718 2673 dirui,

929 2677 1073 2715 novusque
1093 2677 1261 2711 instaurarii
1281 2678 1353 2715 quod
1375 2678 1434 2715 ipse
1453 2677 1605 2715 Methodius
1625 2684 1723 2704 exent-

928 2716 1014 2750 plum,
1027 2713 1056 2742 in
1068 2719 1200 2748 nostram,
1214 2714 1338 2749 stirpitus
1354 2713 1494 2750 evellendo
1510 2717 1631 2750 peccato,
1646 2719 1724 2744 mor,

927 2748 992 2780 tem.
1004 2754 1216 2786 secuturumque
1231 2748 1473 2783 resurrectionem,
1483 2748 1590 2785 egregie
1604 2748 1632 2776 in
1641 2755 1710 2783 δορυ

924 2786 1044 2814 rioribus
1058 2785 1178 2814 deducit.
