1911 3072
213 81 266 110 287

696 81 724 109 S.
741 80 907 116 METEODII
926 82 1080 111 EPISCOPI
1099 83 1142 110 ET
1163 83 1343 112 MARTYRlS

1776 85 1838 113 283

212 141 332 174 cumine,
355 149 388 169 ex
419 141 474 169 imo
495 144 575 169 terra:
597 145 798 176 erumpentem;
814 143 891 176 juxta
912 151 992 178 quem

1051 143 1153 174 ιύΘαλὲς
1166 143 1213 170 καὶ
1228 143 1347 179 χλοερὸν,
1363 143 1433 170 οὕτω
1455 143 1483 170 δὲ
1499 143 1616 176 σύσκιον,
1630 143 1667 176 ὡς
1685 143 1837 171 ὑποτοπὰ-

212 191 301 216 exstat
316 187 397 214 arbor
421 187 511 222 Agnus
538 187 649 214 nomine
660 187 716 222 (Η)
726 207 734 220 ,
748 188 816 215 adeo
830 188 934 221 ﬂorida,
950 189 989 216 vi-

212 241 276 261 rens
289 237 316 261 et
326 240 422 268 opaca,
440 237 470 260 ut
482 232 592 267 jugibns
608 233 698 267 potius
711 234 788 268 aquis
804 234 903 269 irrigua
916 235 992 263 nasci

212 280 346 308 videatur.
372 281 460 312 Quam
490 279 573 313 igitur
591 279 627 306 ob
653 287 774 310 causam.
807 289 867 307 eum
891 285 993 309 natura:

212 325 403 361 corruptibiles
418 325 483 356 sint,
496 330 522 352 et
535 332 649 359 corpora
664 325 718 360 igni
730 332 933 358 consumantur,
943 336 993 355 nec

210 372 270 399 ﬁeri
284 371 370 407 possit
385 374 415 398 ut
432 371 486 406 igni
504 371 588 397 illzesa
615 377 800 405 permaneant,
831 380 891 407 qua
909 373 992 400 semel

212 427 260 454 per
275 423 400 445 naturam
418 421 481 444 sunt
500 418 702 445 combustibilia
725 426 731 443 :
751 422 856 445 tantum
872 419 949 446 abest
964 423 993 446 ut

212 465 270 492 inec
293 465 375 492 arbor
401 467 551 496 exuratur,
585 468 613 491 ut
635 464 726 496 etiam,
752 472 906 499 quanquam
932 471 993 492 nata

213 510 347 541 comburi,
361 509 492 537 virentior
505 510 618 537 exsistat
634 514 715 545 atque
732 509 888 544 ﬂorentior;
901 511 992 546 idque.

213 563 274 583 cum
290 556 322 582 ad
336 556 421 590 ipsius
448 556 507 590 ejus
531 556 637 584 radices
652 556 722 590 ignis
740 555 861 583 foveatur
886 560 913 584 et
928 565 993 584 eru-

214 606 277 630 ctet.
293 601 364 629 Sane
377 610 426 637 ego
441 602 583 637 deeerptos
606 608 622 628 e
647 602 857 637 circumjacente
872 604 938 630 silva
950 611 995 630 ar-

213 649 321 680 borum,
337 657 439 680 ramos.
457 648 484 675 in
497 649 585 684 ignem
601 649 656 676 illic
671 652 856 684 erumpentem
870 649 992 684 conieci;

214 695 260 730 qui
291 695 382 722 subito
407 694 524 722 ﬂammis
552 695 680 734 correpti,
698 695 725 721 in
743 695 861 722 cinerem
890 695 993 722 redacti

214 744 288 768 sunt.
306 740 381 776 Rogo
407 741 512 776 itaque.
530 741 706 776 quamobrem
720 740 793 775 quod
819 748 907 775 neque
928 741 995 769 solis

213 790 309 813 aestum
328 786 398 813 ferre
413 790 511 821 potest,
530 787 578 813 sed
605 786 658 813 nisi
681 786 807 821 irrigetur
821 790 991 822 poteturque,

1043 197 1088 216 σαι
1101 189 1170 225 ὕδωρ
1191 189 1289 225 μᾶλλον
1314 190 1425 217 ἀένναον
1449 190 1513 217 αὐτὸ
1536 190 1760 226 βεὸλαστηκέναι.
1792 190 1837 217 Δι’

1042 236 1075 271 ἣν
1088 235 1175 263 αἰτίαν
1187 234 1243 268 οὖν,
1256 236 1280 262 εἰ
1292 236 1385 270 φύσεις
1398 237 1450 263 εἰσὶ
1462 237 1596 272 φθαρτῶν,
1612 237 1657 264 καὶ
1672 237 1724 263 ὑπὸ
1742 236 1838 272 πυρὸς

1042 282 1310 318 καταναλισκομένων
1324 283 1465 318 σωμάτων,
1491 283 1536 310 καὶ
1553 283 1682 310 ἀδύνατον
1699 283 1838 310 ἀκαυστι

1041 328 1175 363 διαμεῖναι
1185 328 1219 355 τὰ
1231 328 1301 362 ἅπαξ
1310 329 1415 363 φύσεως
1425 329 1578 365 ὑπάρχοντα
1592 330 1641 365 τῆς
1656 329 1816 364 καυστικῆς
1824 337 1834 344 ο

1042 374 1072 400 οὐ
1100 374 1178 409 μόνον
1208 374 1238 400 οὐ
1266 374 1462 408 καταερλέγεται
1493 375 1523 401 τὸ
1547 375 1628 410 φυτὸν
1656 375 1746 407 τοῦτο,
1768 375 1835 402 ἀλλ’

1043 420 1221 456 ἀκμαιότερον
1243 421 1340 456 μᾶλλον
1356 422 1470 457 ὑπάρχει
1489 421 1535 448 καὶ
1554 422 1741 457 χλοηρότερον,
1765 421 1780 447 ὃ
1796 422 1833 456 τῇ

1043 466 1121 500 φύσει
1133 467 1190 493 ἐστὶ
1201 467 1326 499 καυστὸν,
1351 467 1397 494 καὶ
1413 467 1499 494 ταῦτα
1514 468 1577 503 περὶ
1587 468 1669 498 αὐτᾶς
1679 467 1761 493 αὐτοῦ
1779 469 1835 498 τὰς

1043 512 1120 547 ῥίζας
1138 511 1184 538 τοῦ
1207 512 1290 548 πυρὸς
1314 513 1505 548 ὲντυφομένου.
1533 512 1653 544 Κλάδους
1679 511 1746 546 γοῦν
1771 511 1833 545 ἐγὼ

1042 556 1156 592 δένδρων
1181 558 1213 583 ὲκ
1238 558 1286 592 τῆς
1308 558 1509 594 παρακειμένης
1522 557 1587 592 ὕλης
1603 557 1702 593 ἔρριψα
1717 557 1780 584 καθ’
1802 556 1834 583 ὃν

1042 602 1217 638 ἀνερεύγεται
1240 603 1271 629 τὸ
1299 603 1354 638 πῦρ
1377 604 1469 635 τόπον,
1491 604 1538 630 καὶ
1554 603 1654 634 εὐθέως
1676 604 1716 634 είς
1739 602 1833 636 φλόγα

1042 648 1170 684 ἀρθέντες
1182 648 1383 684 ἐτεφρώθησαν.
1392 649 1515 685 Φράσατε
1529 647 1574 676 οὖν
1587 648 1628 684 δὴ,
1639 648 1672 674 δι’
1687 649 1720 684 ἢν
1736 647 1832 675 αἰτίαν

1042 694 1072 720 τὺ
1082 693 1117 729 μὴ
1132 694 1264 730 ὑποφέρειν
1274 694 1341 730 μηδὲ
1352 695 1400 730 τὴν
1419 694 1448 727 ἐξ
1457 694 1532 729 ἡλίου
1544 693 1670 727 δέξασθαι
1682 693 1831 728 ἔκκαυσιν,

1041 740 1109 767 ἀλλὰ
1125 740 1316 776 ξηραινόμενον
1333 741 1379 767 ἐὰν
1394 740 1431 776 μὴ
1450 739 1566 776 ἀρδευθῇ
1584 740 1693 776 βραχὲν,
1707 738 1832 774 τοσούτῳ

1046 786 1130 821 πυρὸς
1144 786 1255 822 φλογμῷ
1268 787 1441 822 συνεχόμενον
1460 787 1490 812 οὺ
1505 785 1742 816 καταναλίσκεται,
1761 784 1832 811 ἀλλὰ

211 832 324 865 arescit,
336 836 493 859 coarctante
507 835 583 858 tanto
597 832 733 863 incendio,
749 839 802 859 non
813 832 991 865 consumitur;

1051 830 1076 866 ζῇ
1103 839 1133 857 τε
1153 831 1200 857 καὶ
1225 831 1335 864 οάλλει;
1366 832 1398 858 Τί
1411 830 1457 858 οὖν
1476 831 1602 866 ,βούλεται
1615 831 1644 858 τὸ
1659 830 1832 866 παράδοξον;

213 878 281 913 quin
298 877 363 904 vivit
373 880 400 904 et
425 876 522 904 ﬂoret?
535 877 605 910 Quid
626 877 677 904 sibi
695 884 759 912 ergo
770 877 827 904 vult
843 877 894 904 hoc
912 877 994 905 mira-

214 924 328 950 culum?
352 923 445 950 Posuit
476 923 547 951 Deus
573 923 670 950 futurae
698 923 752 951 diei
767 923 839 951 illius
863 923 993 951 indicium

214 970 350 1005 quoddam
362 974 388 996 et
401 970 523 1001 initium,
539 973 567 996 ut
577 970 707 1000 sciamus,
724 970 781 997 fore
797 974 825 997 ut
841 970 902 1005 igne
917 970 994 997 coali-

214 1021 259 1044 tus
269 1017 387 1051 pluente,
400 1016 636 1044 omnibusobrutis
650 1016 864 1051 absumptisque,
879 1024 994 1052 corpora

215 1062 261 1089 illa
290 1070 349 1101 quae
375 1062 531 1089 claruerunt
547 1062 574 1088 in
591 1061 715 1089 castitate
745 1065 772 1089 et
798 1062 916 1096 justitia,
945 1069 995 1097 per

215 1109 303 1143 ignem
320 1117 373 1135 non
385 1115 465 1136 secus
481 1116 511 1134 ac
527 1116 574 1142 per
596 1115 692 1142 aquam
715 1106 850 1142 frigidam,
866 1108 925 1135 siue
945 1108 994 1134 ali-

215 1163 270 1190 quo
283 1151 376 1182 dolore
402 1162 433 1182 ac
450 1155 572 1182 molestia
592 1154 625 1180 ab
644 1154 703 1187 ipso
731 1154 907 1181 deducantur.
926 1153 995 1182 Vere

214 1202 286 1228 cnim
307 1204 466 1227 nostrorum
494 1199 710 1232 commodorum,
739 1199 938 1228 studiosissime
968 1204 995 1228 et

216 1247 356 1281 magniﬁce
369 1246 492 1277 Domine,
512 1246 558 1272 tibi
575 1246 670 1280 [actori
697 1247 808 1273 serviens
833 1251 955 1273 creatura
968 1247 995 1273 in

216 1291 341 1318 ultionem
358 1290 484 1318 adversus
500 1291 602 1326 iniquos
618 1291 764 1318 intenditur
788 1291 994 1326 obrigescitque:

215 1340 293 1370 atque
303 1335 337 1361 ad
350 1335 501 1369 beneﬁcium
521 1343 567 1369 pro
590 1335 622 1362 iis
643 1336 687 1371 qui
705 1335 839 1369 conﬁdunt
862 1336 889 1362 in
904 1340 938 1367 te,
955 1344 996 1362 re—

216 1380 298 1406 missa
312 1380 445 1406 emollitur
456 1380 478 1396 ⁸³
496 1390 502 1407 :
519 1381 679 1415 volenlcqtte
694 1384 730 1412 te,
744 1380 813 1415 ignis
829 1379 936 1414 quidem
954 1388 996 1408 re-

217 1425 356 1458 frigerium
371 1425 444 1457 facit.
467 1426 500 1453 iis
529 1426 596 1453 nihil
615 1426 685 1453 laesis
703 1433 817 1460 quorum
839 1426 897 1460 ipse
915 1425 994 1452 saluti

217 1473 372 1500 consultum
383 1473 555 1506 decreveris;
571 1476 666 1499 contra
683 1479 747 1500 vero
763 1480 833 1506 aqua
852 1471 994 1499 vehemen-

1046 878 1149 912 Δεῖγμα
1178 877 1256 904 τοῦτο
1279 878 1330 913 τῆς
1354 878 1502 914 μελλούσης
1532 878 1546 903 ὁ
1569 877 1634 909 Θεὸς
1656 876 1764 912 ἡμέρας
1785 874 1833 902 καὶ

1047 923 1186 958 προοίμιον
1214 923 1298 956 ἔθετο,
1324 924 1368 951 ἴνα
1381 923 1556 959 γινώσκωμεν
1576 923 1760 958 εὐδηλότερον,
1777 923 1831 954 ὅτι,

1047 969 1155 996 πάντων
1182 970 1248 1005 πυρὶ
1277 970 1436 1005 καταϐασίῳ
1459 968 1715 1005 κατομὸρουμένων,
1742 968 1777 994 τὰ
1803 968 1832 994 ἐν

1046 1015 1141 1050 ἁγνείᾳ
1153 1016 1264 1050 σώματα
1277 1016 1322 1042 καὶ
1333 1015 1488 1052 δικαιοσύνῃ
1498 1015 1692 1050 διαπρέψαντα,
1703 1013 1832 1048 καθάπερ

1046 1060 1142 1097 ψυχρῷ
1158 1061 1233 1088 ὕδατι
1249 1062 1288 1096 τῷ
1300 1062 1366 1098 πυρὶ
1380 1062 1454 1088 οὐδὲν
1470 1061 1648 1096 ἀλγυνόμενα,
1663 1060 1730 1096 πρὸς
1747 1058 1832 1086 αὑτοῦ

1047 1107 1231 1143 ὲπιὸήσονται.
1249 1108 1367 1143 Ἀληθῶς
1380 1108 1443 1143 γὰρ,
1453 1105 1476 1134 ὦ
1493 1106 1670 1143 μεγαλωφελῆ
1685 1106 1731 1132 καὶ
1746 1113 1834 1140 μεγα-

1047 1154 1147 1190 λόδωρε
1158 1155 1290 1184 Δέσποτα.
1313 1155 1332 1189 ἡ
1348 1155 1445 1187 κτίσις
1466 1162 1515 1180 σοι
1528 1153 1567 1186 τῷ
1579 1152 1737 1186 ποιήσαντι
1753 1153 1834 1184 ὑπη-

1042 1202 1185 1236 ρετοῦσα,
1208 1201 1383 1227 ἐπιτείνεται
1403 1202 1447 1234 εις
1461 1201 1591 1227 κόλασιν
1614 1199 1687 1226 κατὰ
1700 1197 1759 1224 τῶν·
1772 1196 1835 1224 ἀδί-

1047 1255 1117 1274 κωνθ
1130 1247 1177 1274 καί
1191 1246 1303 1273 ἀνίεται
1318 1248 1360 1279 εις
1377 1246 1551 1280 εὐεργεσίαν
1565 1244 1640 1279 ὑπὲρ
1652 1243 1711 1271 τῶν
1719 1243 1768 1270 ἐπὶ
1780 1241 1834 1269 σοι

1047 1292 1243 1320 πεποιθότων
1255 1292 1302 1318 καὶ
1315 1291 1436 1323 Θέλοντος
1456 1299 1513 1323 σου,
1528 1289 1582 1325 πῦρ
1599 1289 1647 1325 μὲν
1669 1287 1833 1323 καταψύχει,

1048 1338 1243 1374 λυμαινόμενον
1258 1338 1333 1364 οὐδὲν
1354 1334 1391 1365 ὧν
1417 1338 1498 1369 αὐτὸς
1521 1337 1624 1373 κρίνεις
1635 1334 1832 1367 διασώζεσθαι·

1050 1384 1121 1419 ὕδωρ
1145 1385 1191 1410 καὶ
1220 1384 1335 1420 ἔμπαλιν
1357 1383 1531 1420 δριμυτέραις
1557 1381 1720 1417 καταφλέγει
1746 1380 1835 1416 πυρὸς

1050 1429 1224 1465 προσϐολαῖς·
1243 1430 1289 1456 καὶ
1302 1429 1377 1455 οὐδὲν
1394 1428 1580 1456 ἀντιτάσσεταί
1595 1436 1640 1453 σου
1657 1426 1695 1461 τῷ
1711 1426 1835 1460 ἀνικήτῳ

1050 1477 1155 1511 κράτει,
1183 1476 1229 1502 καὶ⁸
1241 1477 1274 1511 τῇ
1296 1477 1328 1511 σῇ
1354 1476 1434 1510 ἰσχύϊ.
1448 1475 1539 1502 Πάντα
1552 1474 1605 1509 γὰρ
1625 1473 1732 1503 ἔκτισας
1744 1471 1773 1504 ἐξ
1783 1471 1836 1497 οὐκ

223 1519 277 1546 tius
291 1518 435 1553 acriusque
452 1519 512 1554 igne
540 1518 691 1551 comburit,
717 1525 767 1545 nec
783 1517 929 1552 quidquam
947 1518 995 1544 im-

1051 1520 1147 1547 ὖντων·
1170 1521 1209 1547 διὸ
1238 1521 1285 1547 καὶ
1305 1521 1391 1547 πάντα
1411 1520 1591 1556 μεταλλεύεις,
1614 1519 1648 1545 σὰ
1664 1518 1835 1553 ὑπάρχοντα,

223 1564 330 1591 mortali
348 1569 394 1592 tuo
421 1564 536 1600 imperio
558 1569 584 1591 et
594 1564 686 1591 virtuti
713 1563 827 1591 resistit.
849 1563 945 1590 Omnia
960 1563 998 1590 si-

1051 1566 1098 1592 καὶ
1114 1566 1334 1601 μετασκευάζεις,
1355 1566 1435 1601 μόνος
1452 1566 1580 1602 ὑπάρχων
1598 1564 1673 1596 Θεὸς,
1685 1564 1721 1595 ὡς
1736 1562 1835 1593 θέλεις.

217 1611 327 1647 quidem
342 1620 373 1639 ex
386 1612 470 1639 nihilo
484 1611 584 1639 creasti
603 1622 610 1639 :
628 1619 712 1647 quare
725 1611 805 1639 etiam
824 1611 924 1643 omnia,
938 1619 997 1638 cum
1013 1615 1060 1640 tua
1075 1613 1141 1646 sint,
1159 1618 1188 1641 ut
1214 1613 1335 1646 libuerit,
1355 1615 1383 1641 in
1405 1614 1517 1641 formam
1539 1613 1619 1640 aliam
1646 1612 1836 1645 rationemque

217 1658 354 1685 convertis
366 1662 392 1684 et
406 1661 505 1689 mutas.
523 1657 654 1692 quisolus
670 1656 741 1684 Deus
757 1657 878 1684 exsistis.

254 1704 311 1731 XV.
327 1705 474 1739 Apostolus
485 1712 561 1740 ergo,
575 1712 636 1731 cum
653 1705 776 1739 plantare
789 1709 815 1732 et
830 1705 928 1740 rigare,
945 1705 996 1732 arti

219 1758 252 1778 ac
269 1755 347 1778 terra:
360 1754 384 1778 et
397 1758 473 1786 aquae
488 1750 649 1782 tribuisset,
670 1750 725 1778 Deo
741 1751 792 1778 soli
817 1752 997 1778 acet-ctionem

219 1797 365 1828 concessit,
381 1804 442 1823 cum
458 1797 495 1823 ait
510 1806 516 1823 :
537 1795 627 1831 Neque
641 1796 686 1831 qui
705 1796 807 1830 plantat
825 1801 863 1824 est
879 1797 996 1832 aliquid,

219 1851 300 1878 neque
312 1843 356 1878 qui
371 1843 455 1877 rigat;
480 1842 525 1869 sed
537 1844 582 1878 qui
595 1842 641 1869 dat
656 1843 862 1876 incrementum,
878 1843 947 1870 Deus
964 1843 996 1870 “.

218 1888 336 1915 Noverat
352 1889 423 1915 enim
449 1888 568 1915 divinam
585 1888 670 1921 illam,
683 1891 745 1916 ante
756 1889 847 1929 omnia
861 1889 978 1925 genitam
989 1909 998 1922 ,

219 1934 310 1961 omnia
325 1935 527 1969 progignentem
540 1935 716 1970 onmiumque
731 1935 861 1962 artilicem
882 1935 928 1963 Dei
950 1934 999 1963 Sa~

220 1982 349 2016 pientiam
360 2002 366 2012 ,
380 1982 508 2008 universa
522 1981 549 2008 in
570 1981 700 2008 mundum
725 1981 891 2017 producere;
918 1989 999 2017 quam

220 2027 301 2054 etiam
317 2027 420 2061 antiqui
437 2033 561 2054 naturam
575 2033 741 2055 vocaverunt
752 2031 779 2055 et
791 2028 999 2063 providentiam,

220 2072 292 2107 quod
308 2080 415 2107 semper
431 2073 575 2107 providens
585 2081 739 2108 curansque
749 2094 756 2105 ,
772 2074 898 2101 omnibus
914 2073 958 2100 det
972 2077 1002 2100 ut.

221 2123 369 2145 nascantur
389 2122 415 2145 et
430 2123 562 2145 crescant.
581 2118 665 2152 Nam,
684 2120 771 2154 inquit
783 2120 817 2153 ⁵⁸,
833 2120 914 2146 Pater
931 2128 1001 2146 meus

1085 1705 1136 1732 IE’.
1156 1704 1184 1731 Ὁ
1197 1704 1261 1739 γοῦν
1281 1704 1439 1736 ’Δπόστολος
1462 1703 1528 1739 (1‘2),
1552 1704 1582 1730 τὸ
1605 1703 1765 1738 φυτεύεσθαι
1787 1705 1836 1731 καὶ

1051 1751 1206 1783 ποτίζεσθαι
1220 1751 1300 1786 τέχνῃ
1324 1751 1369 1777 καὶ
1385 1752 1420 1786 γῇ
1437 1751 1483 1777 καὶ
1495 1750 1569 1776 ὕδατι
1583 1750 1653 1781 δοὺς,
1668 1749 1707 1785 τῷ
1730 1750 1790 1786 Θεῷ
1803 1751 1835 1778 τὸ

1051 1796 1174 1830 αὐξάνειν
1187 1796 1357 1833 συνεχώρησε
1376 1796 1462 1832 μόνῳ·
1480 1795 1558 1828 ἔνθα,
1574 1796 1643 1822 οὔτε
1661 1797 1676 1822 ό
1697 1797 1838 1830 φυτεύων

1051 1842 1120 1869 οὔτε
1138 1844 1154 1869 ό
1168 1842 1292 1873 ποτίζων
1311 1842 1378 1868 ἐστι
1402 1850 1440 1874 τι,
1471 1841 1538 1868 ἀλλ’
1558 1842 1574 1867 ὀ
1591 1840 1729 1873 αὐξάνων
1751 1842 1834 1875 Θεὸς,

1052 1887 1114 1924 ἔφη.
1132 1889 1278 1915 Ἥπίστατο
1289 1888 1343 1923 γὰρ
1355 1888 1441 1914 πάντα
1451 1887 1587 1922 γεννῶσαν
1599 1888 1647 1923 τὴν
1663 1887 1835 1923 πρωτόγονον

1053 1934 1149 1969 σοφίαν
1164 1934 1211 1961 τοῦ
1233 1935 1310 1967 Θεοῦ,
1328 1935 1375 1961 καὶ
1398 1935 1506 1961 πάντων
1523 1934 1665 1969 τεχνίτιδα,
1685 1934 1780 1961 πάντα
1794 1936 1835 1967 είς

1052 1980 1097 2006 τὸν
1114 1979 1214 2016 κόσμον
1234 1981 1393 2016 προφέρειν·
1419 1981 1451 2015 ἣν
1469 1980 1523 2016 γὰρ
1537 1980 1590 2015 (l3)
1606 1980 1714 2006 παλαιοὶ
1739 1980 1834 2016 ἄνδρες

1053 2025 1133 2060 φύσιν
1148 2025 1278 2053 ἐκάλεσαν
1298 2027 1344 2053 καὶ
1363 2026 1497 2062 πρόνοιαν,
1516 2026 1591 2061 παρὰ
1605 2026 1635 2053 τὺ
1652 2026 1727 2061 φύειν
1750 2026 1834 2062 αὐτὴν

1055 2073 1162 2099 ἅπαντα
1178 2072 1224 2099 καὶ
1240 2071 1348 2105 αὔξειν,
1373 2072 1572 2108 προνοουμένην
1594 2073 1636 2099 ἀεὶ
1660 2073 1706 2099 καὶ
1726 2073 1834 2107 φροντί-

1055 2117 1168 2150 ζουσαν
1190 2118 1216 2144 '0
1237 2117 1292 2154 γὰρ
1310 2117 1409 2151 Πατήρ
1430 2127 1488 2152 μου
1512 2117 1567 2150 ἕως
1586 2117 1651 2151 ἄρτι
1676 2117 1833 2152 ἐργάζεται,

221 2173 302 2198 usque
324 2164 399 2191 modo
419 2170 552 2198 operatur,
569 2170 593 2192 et
616 2174 662 2201 ego
689 2174 790 2201 operor.
822 2165 997 2199 Quamobrclr

1056 2165 1132 2199 φησι,
1153 2163 1233 2198 κάγὼ
1253 2163 1416 2198 ἐργάζομαι.
1437 2163 1518 2190 Ὅθεν
1540 2163 1583 2190 διὰ
1607 2163 1692 2189 ταῦτα
1708 2163 1738 2198 δὴ
1754 2164 1800 2190 καὶ
1821 2165 1835 2189 ὁ

221 2210 303 2238 etiam
322 2209 464 2243 Salomon,
491 2211 768 2245 artiﬁcemomm'um,
795 2212 938 2247 appellavit
953 2212 976 2228 ⁸⁵
993 2220 1000 2238 :

223 2256 321 2292 quippe
335 2264 396 2283 cum
416 2257 489 2283 nulla
504 2257 538 2284 sit
552 2257 580 2284 in
595 2257 649 2285 Deo
669 2257 817 2292 indigentia
828 2278 835 2289 ,
850 2257 897 2285 sed
913 2258 1002 2284 omnia

222 2303 365 2336 opulenter
384 2307 411 2329 et
428 2309 522 2330 creare
545 2307 571 2330 et
587 2303 674 2331 facere
691 2307 718 2331 et
735 2304 839 2331 variare
855 2307 882 2331 et
905 2311 1005 2339 augere

223 2348 322 2375 valeat.

260 2405 281 2421 "
299 2405 363 2439 Sap.
378 2413 433 2438 xvr,
448 2406 494 2432 24.
535 2405 578 2432 ⁸⁵1
596 2405 658 2433 Cor.
676 2413 717 2438 ιιι,
729 2405 755 2432 7.
798 2405 820 2421 ⁸⁸
832 2404 942 2437 Joan.v,
956 2405 997 2432 l7.

261 2463 317 2498 (ll)
333 2462 418 2490 Arbor
436 2463 524 2498 Agnus
550 2463 663 2494 nomine,
695 2463 776 2496 ἄγνου
801 2461 891 2498 φυτόν.
910 2461 1006 2498 "iver

224 2507 330 2534 nymus
345 2498 430 2534 μονὴ.
440 2497 538 2534 χχχιιι,
554 2498 599 2534 ΔΟ.
615 2498 722 2534 saliccm
733 2497 855 2534 torrentis
869 2497 946 2534 dicit.
959 2497 1006 2534 ubi

225 2531 306 2562 etiam
320 2532 390 2560 LXX
412 2533 445 2560 ad
457 2541 549 2561 vocem
573 2533 654 2566 ἄγνου
673 2533 775 2560 addunt
789 2532 834 2558 τοῦ
849 2531 1009 2567 χειμάρρου,

227 2569 260 2596 ad
277 2568 483 2602 significandum
501 2568 618 2603 gaudere
631 2568 765 2603 ejusmodi
778 2567 902 2603 arborem
919 2567 1009 2601 aquis,

226 2601 405 2638 videmusque
423 2601 523 2638 passim
541 2601 708 2630 luxuriantes
722 2602 755 2628 ad
775 2603 849 2636 ripas
862 2601 1007 2638 illumilium

227 2640 350 2673 locisque
363 2637 529 2672 palustribus
541 2646 547 2664 ε
561 2646 614 2673 quo
628 2638 713 2672 magis
733 2642 847 2671 augetur
862 2637 1008 2663 Mrtbodia-

229 2683 293 2701 num
323 2673 395 2701 istud
424 2682 486 2701 vere
517 2674 618 2708 grande
644 2673 826 2699 miraculum:
846 2673 889 2708 cui
915 2676 1005 2708 tamen

231 2713 356 2736 astruunt
371 2708 450 2735 tidem
466 2709 543 2735 nives
556 2709 607 2735 illa:
620 2708 653 2735 ad
667 2709 740 2742 ipsas
753 2708 843 2734 fauces
854 2707 1006 2742 llammiro—

231 2751 290 2770 nias
309 2744 436 2769 similium
453 2744 582 2770 montium
606 2743 633 2769 in
656 2741 742 2771 italia.
757 2743 875 2776 olimque
891 2742 918 2768 in
937 2741 1006 2767 Sici-

233 2779 278 2808 lia,
293 2778 339 2804 ubi
349 2778 494 2804 bituminea
518 2778 631 2804 materia
647 2778 720 2804 velut
737 2777 867 2804 exhausta
882 2777 915 2803 ad
932 2777 1008 2802 llam-

234 2821 293 2840 mas
309 2813 368 2840 illas
393 2812 527 2840 terribiles
549 2813 663 2839 videtur.
688 2811 739 2840 Job
755 2820 860 2847 quoque
881 2819 941 2846 cap.
963 2819 1008 2844 XL,

1055 2209 1178 2244 Σολομῶν
1200 2209 1340 2236 ἁπάντων
1357 2209 1440 2245 αὐτὴν
1465 2209 1613 2244 τεχνίτιδιι
1636 2209 1779 2236 ἐκάλεσεν·
1796 2211 1835 2241 είς

1055 2257 1130 2284 οὐδὲν
1147 2257 1328 2292 πτωχεύοντος
1343 2256 1390 2283 τοῦ
1412 2257 1490 2289 Θεοῦ,
1513 2256 1579 2284 ἀλλὰ
1596 2257 1727 2287 πλουσίως
1748 2256 1835 2282 πάντα

1057 2303 1104 2330 καὶ
1123 2302 1234 2335 κτίζειν,
1250 2303 1297 2330 καί
1319 2305 1413 2335 ποιεῖν,
1432 2303 1479 2330 καὶ
1500 2302 1663 2334 ποικίλλειν,
1687 2302 1733 2329 καὶ
1746 2300 1835 2334 αὕξειν

1057 2348 1216 2384 δυναμένου.

1042 2404 1065 2420 ⁵⁵
1081 2404 1143 2439 δορ-
1158 2413 1206 2438 vu,
1218 2405 1262 2432 21.

1062 2462 1107 2489 ubi
1124 2461 1204 2492 δίῃ..
1221 2462 1322 2493 κλῶνες
1347 2461 1442 2498 ᾀγροῦ,
1459 2464 1486 2488 et
1505 2461 1613 2498 .‘lquila.
1636 2461 1835 2498 amnisma-

1062 2498 1110 2532 ρου
1123 2518 1129 2530 ,
1146 2497 1239 2524 salices
1251 2495 1390 2527 torrentis,
1409 2500 1485 2523 notat
1504 2495 1626 2532 Nobilius
1648 2496 1674 2532 in
1691 2497 1750 2523 aliis
1761 2495 1836 2532 libris

1061 2531 1122 2559 esse
1149 2532 1240 2566 ἆγνου·
1260 2532 1327 2559 forte
1344 2531 1517 2559 scribendum
1545 2531 1636 2564 ἄγνου.
1652 2531 1751 2558 Catena
1766 2531 1835 2558 Lon-

1061 2567 1171 2593 diniana
1187 2568 1212 2594 iu
1227 2566 1287 2598 Job.
1303 2567 1336 2593 ad
1352 2575 1412 2593 eum
1432 2574 1538 2593 versum
1557 2574 1655 2599 marg..
1673 2575 1717 2600 rp.
1733 2566 1832 2600 ἄγνου,

1060 2606 1086 2628 et
1098 2602 1135 2628 sic
1148 2602 1175 2627 in
1187 2610 1235 2629 ms.
1252 2601 1361 2628 Theatra.
1389 2601 1515 2628 Eamdem
1549 2602 1672 2628 arborem
1702 2601 1780 2627 etiam
1801 2610 1835 2629 cx

1061 2637 1183 2671 profanis
1199 2637 1276 2664 docet.
1293 2638 1413 2664 Dioseor.
1439 2638 1456 2663 l.
1481 2645 1500 2666 ι,
1518 2645 1541 2663 c.
1556 2636 1617 2668 116,
1629 2637 1742 2671 ejusque
1755 2644 1835 2670 expo-

1061 2672 1129 2706 sitor
1143 2671 1309 2699 Mattbiolus.
1324 2687 1359 2693 ——
1378 2672 1494 2706 llujusce
1521 2672 1628 2698 arboris
1639 2671 1760 2698 meminit
1773 2672 1833 2698 item

1061 2705 1088 2733 S.
1109 2706 1209 2742 Martyr
1224 2708 1249 2734 in
1265 2707 1388 2734 Convivia
1399 2707 1485 2734 decent
1499 2707 1592 2742 virgin.
1614 2707 1665 2734 sub
1680 2707 1794 2739 initium,
1807 2710 1835 2734 et

1059 2742 1132 2769 Orat.
1149 2751 1176 2773 Χ,
1193 2742 1244 2778 §5.
1256 2742 1340 2769 GALL.

1096 2775 1281 2812 ί1Ξ)¹Ο⁷τοῦν
1306 2778 1369 2804 Ἀπ.
1382 2777 1420 2804 Ex
1438 2777 1531 2804 eodem
1548 2777 1609 2804 cod.
1627 2775 1718 2811 Rupif.

1097 2813 1153 2848 (ιό)
1170 2813 1226 2840 Ἢν
1240 2813 1303 2848 γάρ.
1316 2812 1368 2840 Pro
1391 2812 1444 2848 γάρ
1459 2812 1540 2840 scrib.
1558 2812 1616 2839 καί.
