1911 3072
203 147 255 175 585

677 145 707 173 S.
729 144 893 195 ME‘THODH
913 144 1066 173 EPISCOPI
1086 145 1130 172 ET
1150 145 1330 173 MARTYRIS

1767 145 1820 172 δα

203 208 272 243 gelii.
291 206 323 234 In
339 205 458 234 omnibus
470 209 557 232 autem
571 213 737 233 assumamus
750 212 852 234 scutum
868 206 941 241 ﬁdei,
952 207 980 233 in

1037 207 1099 233 Ἐπὶ
1112 206 1187 234 πᾶσί
1194 216 1226 234 τε
1233 207 1426 242 ἀναλάϐωμεν
1433 206 1487 233 τὸν
1495 206 1602 240 θυρεὸν
1611 205 1665 239 τῆς
1673 206 1816 239 πίστεως.

203 262 255 289 qua
266 253 394 287 possimus
410 252 498 278 omnia
513 252 564 278 tela
579 253 731 287 nequissimi
747 253 823 287 ignea
837 253 982 288 exstingue-

202 307 230 326 re
245 302 288 325 :et
300 298 401 333 galeam
415 297 527 329 salutis,
551 302 575 324 et
596 297 714 332 gladium
727 299 848 331 spiritus,
863 299 929 333 quod
943 303 982 325 est

201 344 304 372 verbum
333 342 381 370 Dei
409 349 419 369 :
444 345 472 368 ut
498 343 629 376 possimus
644 348 715 370 stare
730 342 854 370 adversus
871 343 980 370 insidias

201 389 300 416 diaboli
317 389 339 404 “
351 397 360 415 .'
374 388 545 423 cogitationes
559 388 622 415 item
637 387 780 419 destruere.
793 393 817 415 et
828 397 928 416 omnem
941 389 982 415 al-

203 434 340 461 titudinem
361 434 526 461 extollentem
551 442 578 461 se
599 433 724 461 adversus
746 435 883 462 scientiam
903 434 981 461 Chri-

201 481 237 508 sti
250 481 281 508 ".
300 480 430 513 Quoniam
449 488 499 506 non
520 484 558 506 est
583 479 657 507 nobis
685 480 835 507 colluctatio
858 480 980 508 adversus

201 534 306 553 carnem
317 531 340 552 et
356 527 508 561 sanguinem
519 526 552 553 σθ.
569 525 630 552 Νοη
641 526 710 552 enim
724 526 793 562 quod
805 526 862 553 eolo
874 526 979 558 bonum,

203 571 250 598 hoc
261 578 326 607 ago;
340 571 384 598 sed
400 571 468 606 quod
485 570 538 603 odi,
553 570 619 598 illud
643 571 723 605 facio.
754 571 785 600 Si
807 577 892 599 autem
912 572 981 607 quod

204 616 273 648 nolo,
293 616 359 643 illud
381 616 449 651 facio
460 637 467 649 ,
485 616 617 643 consentio
634 616 693 651 legi,
712 617 834 651 quoniam
850 617 917 644 bona
931 622 979 645 est.

205 661 282 688 Nunc
297 667 381 688 autem
390 662 449 696 jam
465 670 515 688 non
535 670 581 696 ego
602 670 693 696 operor
708 663 785 697 illud,
800 662 844 690 sed
856 663 924 698 quod
936 663 982 690 Ita-

203 709 269 735 bitat
285 708 312 734 in
326 717 363 734 me
373 712 517 742 peccatum.
532 707 593 734 Scio
606 709 675 734 enim
687 709 749 744 quia
767 717 817 735 non
836 709 938 736 habitat
954 709 980 736 in

203 763 252 786 me,
267 754 313 781 hoc
328 759 365 781 est
377 755 404 780 in
418 762 497 780 carne
512 762 579 786 mea,
596 754 690 781 bonum
705 754 738 781 ⁸⁷.
757 754 890 782 Praeclare
906 755 980 782 istud

203 801 321 835 quidem.
338 799 498 827 Meministis
512 800 594 831 enim,
619 800 689 834 quod
707 801 833 835 superius
850 801 900 828 fuit
914 808 980 828 con-

203 850 326 873 stitutum
346 855 352 873 :
373 849 402 872 ut
418 853 450 872 ex
466 853 520 880 quo
533 846 650 880 primum
675 846 756 873 homo
773 847 913 879 seductus,
932 846 979 874 Dei

203 891 357 918 mandatum
378 891 501 926 violavit,
521 891 593 923 inde,
620 900 653 918 ex
681 892 864 920 inobedientia
892 898 981 920 ortum

203 941 354 973 peccatum,
372 937 462 965 sedem
486 937 514 964 in
529 945 560 965 eo
576 938 708 972 posuerit.
738 937 783 966 Sic
798 939 870 966 enim
886 940 983 967 seditio

202 983 313 1011 conﬂari
328 984 409 1018 cmpit
425 983 481 1017 (46)
508 991 516 1010 :
534 991 565 1010 ac
594 984 759 1012 turbulentis
788 985 983 1020 agitationibus

202 1029 465 1071 cogitationibqsque
482 1029 639 1064 incongruis
654 1037 748 1056 sumus
766 1030 873 1064 repleti,
892 1030 983 1058 divino

202 1076 291 1104 aiﬂatu
305 1076 395 1107 vacui.
409 1084 554 1111 rerumque
567 1075 594 1103 in
607 1076 722 1103 materia
732 1080 759 1103 et
776 1084 982 1111 corporearum,

201 1130 282 1157 quam
297 1122 414 1150 callidus
430 1122 508 1149 nobis
524 1129 637 1157 serpens
653 1121 812 1154 insulilaret,
836 1123 984 1158 cupiditate

202 1168 283 1202 pleni.
312 1167 381 1194 Hinc
407 1166 488 1199 Deus,
517 1171 630 1194 mortem
645 1175 698 1202 qua
714 1167 816 1195 deleret
830 1173 982 1203 peceatum,

202 1213 288 1241 nostri
300 1220 383 1241 causa
394 1213 570 1248 excogitavit,
585 1219 613 1240 ut
627 1221 661 1240 ne
679 1215 706 1240 in
723 1213 802 1241 nobis
821 1214 982 1242 immortali-

201 1260 262 1294 bus,
275 1259 502 1295 quemadmodum
511 1259 614 1286 dictum
627 1264 680 1291 est,
696 1258 884 1294 reﬂorescens,
901 1261 984 1289 etiam

201 1306 289 1341 ipsum
311 1306 462 1333 immortale
478 1309 561 1332 esset.
577 1304 644 1332 Cum
661 1313 727 1341 ergo
752 1306 789 1333 ait
809 1306 957 1341 Apostolus
974 1317 981 1335 :

201 1351 264 1379 Seio
277 1352 346 1378 enim
362 1351 430 1387 quod
443 1360 493 1378 non
509 1351 612 1377 habitat
628 1351 654 1378 in
671 1359 721 1383 me,
739 1351 786 1379 hoc
802 1358 850 1385 est,
863 1354 889 1380 in
906 1362 983 1381 carne

202 1405 271 1428 mea.
283 1397 388 1431 bonum,
409 1401 549 1432 peccatum
567 1397 654 1424 voluit
671 1398 838 1432 signiﬁcare,
856 1400 928 1434 quod
950 1408 983 1428 ex

201 1445 247 1471 illa
265 1443 349 1471 divini
368 1443 486 1470 mandati
503 1444 731 1478 transgressione,
742 1452 790 1479 per
806 1446 982 1480 cupiditatem

201 1489 230 1516 in
247 1496 297 1516 nos
314 1489 451 1515 invectum
466 1492 508 1516 est
527 1497 534 1515 :
561 1496 594 1516 ex
624 1497 689 1524 quo,
718 1497 767 1517 ceu
795 1491 856 1517 novi
872 1491 981 1526 quidam

204 1534 306 1562 surculi
321 1534 480 1569 voluptariae
499 1541 548 1562 nos
563 1534 753 1569 cogitationes,
785 1543 833 1563 ceu
865 1537 980 1571 agmine,
996 1553 1016 1582 ο

200 1580 379 1606 circumstant
390 1586 498 1612 semper
508 1581 536 1605 et
550 1578 685 1605 obsident.
711 1578 758 1606 Est
774 1579 845 1606 enim
861 1579 889 1606 in
902 1580 981 1607 nobis

200 1626 299 1661 duplex
317 1625 514 1660 cogitationum
532 1632 618 1660 genus
634 1633 641 1651 :
659 1624 733 1652 aliud
747 1625 819 1660 quod
847 1633 880 1653 ex
904 1627 981 1661 cupi-

200 1671 283 1697 ditate
298 1670 355 1701 illa,
369 1670 493 1696 latitante
505 1669 533 1696 in
549 1677 663 1704 corpore
684 1669 797 1697 excitari
822 1671 906 1703 solet;
922 1679 982 1705 qua:

200 1715 338 1745 nimirum,
367 1719 395 1741 ut
417 1714 483 1746 dixi,
499 1722 514 1740 a
533 1714 628 1742 fraude
651 1715 818 1750 artiﬁcioque
847 1717 980 1751 procedit,

199 1760 300 1787 addicti
312 1760 431 1787 materiae
445 1760 558 1795 spiritus
574 1759 646 1795 (47);
665 1760 737 1787 aliud
751 1764 851 1792 autem.
866 1761 937 1796 quod
948 1769 981 1788 ex

200 1806 258 1841 lege
277 1805 396 1832 mandati
409 1805 550 1832 derivatur
570 1815 576 1832 :
598 1806 667 1841 lege,
685 1807 807 1841 inquam,
830 1807 886 1837 illa.
900 1815 980 1842 quam

200 1851 311 1879 insitam
338 1854 365 1878 et
388 1859 404 1877 a
431 1857 527 1877 natura
546 1851 693 1887 ingenitam
723 1852 864 1879 hausimus
883 1861 890 1879 :
909 1853 934 1879 in
954 1852 980 1879 id

199 1896 320 1923 aniumm
333 1896 494 1922 excitantem
511 1887 768 1932 provocantemque,
788 1897 860 1932 quod
875 1902 916 1925 est
930 1899 980 1924 ho-

199 1946 318 1969 nestum.
350 1942 388 1969 Eo
412 1942 450 1974 ﬁt.
472 1947 501 1969 ut
527 1946 618 1970 mente
635 1943 743 1977 quidem
761 1943 981 1970 condclectemur

201 1988 252 2023 legi
265 1988 311 2015 Dei
329 1997 336 2016 :
353 1988 404 2015 hoc
416 1989 487 2016 enim
499 1992 541 2015 est
556 1988 636 2016 homo
654 1989 698 2015 ille
717 1989 832 2015 interior
848 1998 854 2016 :
873 1990 980 2024 cupidi-

201 2038 257 2061 tate
268 2039 358 2061 autem
376 2042 436 2069 qua:
449 2035 553 2062 habitat
573 2035 602 2061 in
618 2042 710 2066 carne,
730 2033 780 2069 legi
799 2034 981 2062 diaboli.Haee

200 2079 272 2106 enim
287 2087 319 2106 ea
333 2079 374 2107 lex
391 2085 432 2107 est
450 2080 519 2116 (48),
537 2087 599 2107 eum
625 2080 717 2107 divina
743 2088 877 2115 pugnans,
903 2077 982 2116 eique

199 2125 347 2158 resistens;
370 2125 408 2152 illi
429 2126 558 2152 nimirum
587 2126 686 2153 mentis
705 2126 732 2152 in
752 2126 864 2156 bonum,
883 2125 982 2160 impul-

199 2171 288 2204 sioni;
304 2179 364 2206 quae
379 2171 494 2199 vitiosas
511 2171 736 2207 i'azculentasque,
749 2175 775 2199 et
792 2172 826 2198 ad
851 2172 982 2207 improbi-

199 2221 280 2245 tatem
295 2217 442 2253 dissipatas
455 2217 636 2254 cogitationes
648 2219 785 2253 producit.

232 2271 275 2299 Ill.
288 2272 427 2308 Siquidem
441 2273 588 2308 Apostolus
615 2278 671 2301 tres
695 2274 806 2300 omnino
831 2273 904 2309 leges
928 2273 980 2300 hoc

198 2319 297 2347 inloco
308 2319 466 2348 distinxisse
483 2320 627 2347 manifeste
653 2319 769 2347 videtur.
789 2319 847 2346 Una
866 2319 911 2346 illa
925 2322 977 2351 est,

195 2365 272 2400 juxta
291 2365 402 2393 insitum
423 2365 503 2394 nobis
525 2366 639 2399 bonum,
666 2373 748 2400 quam
773 2369 866 2400 aperte
892 2365 977 2399 legem

1032 253 1067 279 ἐν
1082 250 1101 288 ᾗ
1114 252 1302 287 δυνησόμεθα
1321 252 1419 279 πάντα
1432 252 1466 278 τὰ
1476 252 1554 286 ,ϐέλη
1570 252 1622 279 τοῦ
1635 252 1770 286 πονηροῦ
1782 253 1820 279 τὰ

1032 297 1227 331 πεπυρωμένα
1237 297 1343 324 σϐέσαι
1353 307 1359 312 ·
1376 297 1426 324 καὶ
1441 296 1497 330 τὴν
1513 297 1748 331 περικεφαλαίαν
1765 297 1822 323 τοῦ

1032 343 1190 377 σωτηρίου,
1199 344 1247 370 καὶ
1256 343 1313 377 τὴν
1320 343 1470 378 μάχαφαν
1477 343 1529 369 τοῦ
1538 343 1716 377 πνεύματος,
1726 343 1742 369 ὅ
1752 343 1821 369 ἐστι

1027 388 1110 423 ⁸ῥῆμα
1131 388 1217 415 Θεοῦ·
1237 389 1311 422 πρὸς
1328 388 1360 414 τὸ
1377 388 1522 415 δύνασθαι
1538 387 1648 423 στῆναι
1666 388 1742 422 πρὸς
1761 387 1822 422 τὴν

1028 433 1185 468 μεθοδείαν
1198 433 1252 460 τοῦ
1266 434 1406 461 διαϐόλου
1416 443 1423 449 ·
1443 434 1607 469 λογισμούς
1621 442 1654 460 τε
1666 434 1819 466 καθελειν,

1031 479 1084 506 παὶ
1094 479 1154 507 πᾶν
1162 480 1269 514 ὕψωμα
1276 480 1471 515 ἐπαιρόμενον
1478 480 1552 507 κατὰ
1559 479 1613 514 τῆς
1620 479 1757 513 γνώσεως
1765 479 1822 506 τοῦ

1030 525 1231 559 Χριστοῦ,’¹οτι
1241 525 1283 560 μή
1296 526 1380 552 ἐστιν
1392 527 1464 561 ἡμῖν
1475 527 1494 560 ’ἠ
1507 525 1587 559 πάλη
1601 525 1675 559 πρὸς
1685 522 1758 559 alga
1769 524 1823 551 καὶ

1031 571 1137 606 σάρκα.
1150 573 1190 599 οὐ
1200 572 1254 606 γὰρ
1264 572 1279 598 ὃ
1291 572 1365 599 θέλω
1377 572 1513 606 πράσσω,
1525 572 1594 598 ἀλλ’
1606 571 1621 598 ὃ
1631 571 1722 606 μισῶ,
1728 572 1822 599 τοῦτο

1031 616 1112 643 ποιῶ.
1118 618 1152 644 Εἰ
1158 617 1191 643 δὲ
1198 617 1213 644 ὂ
1220 618 1255 644 οὐ
1261 617 1348 649 θέλω,
1355 618 1442 644 τοῦτο
1458 617 1541 648 ποιῶ,
1549 618 1685 652 σύμφημι
1691 617 1732 650 τῷ
1737 619 1823 652 νόμῳ

1031 663 1073 690 ὅτι
1085 664 1177 696 καλός
1187 663 1252 697 (49).
1265 663 1340 690 Νυνὶ
1358 662 1391 689 δὲ
1405 664 1460 689 οὐκ
1473 663 1516 689 ἔτι
1530 661 1587 697 ἐγὼ
1606 661 1823 696 κατεργάζομαι

1030 709 1113 742 αὐτὸ,
1124 709 1216 743 ἀλλ¹ή
1228 709 1353 736 οἰκοῦσα
1360 709 1395 735 ἐν
1405 706 1686 744 ἐμοὶάμαρτία.οῗδα
1694 710 1761 742 γὰρ,
1773 707 1823 734 ὅτι

1030 756 1085 782 οὐκ
1095 755 1171 782 οἰκεῖ
1177 755 1211 781 ἐν
1218 755 1293 789 ἐμοὶ,
1300 755 1435 782 τουτέστι
1444 754 1479 781 ἐν
1487 754 1523 788 τῇ
1531 754 1620 788 σαρκί
1627 763 1696 788 μου,
1704 753 1739 780 τὸ
1747 753 1825 787 ἀγα-

1031 801 1094 827 θόν’
1103 799 1189 835 ὀρθῶς
1199 800 1294 834 λέγων.
1303 800 1448 836 Μέμνησθε
1455 799 1518 835 γὰρ,
1527 799 1563 832 ὼς
1571 800 1599 826 ἐν
1605 801 1660 831 τοῖς
1666 799 1825 835 ἔμπροσθεν

1031 845 1217 882 διωριζόμεθα,
1234 846 1280 881 ἀφ’
1297 843 1327 872 οὗ
1351 845 1395 872 τὸν
1420 845 1562 881 ἄνθρωπον
1578 844 1750 880 πλανηθέντα
1767 844 1821 880 τὴν

1034 892 1141 927 ἐντολὴν
1154 892 1283 926 ἀθετῆσαι
1300 891 1411 927 συνέϐη,
1427 891 1550 918 ἐντεῦθεν
1563 892 1594 918 ὲκ
1609 891 1657 926 τῆς
1676 890 1823 926 παρακοῆς

1033 937 1081 972 τὴν
1096 936 1231 972 ἁμαρτίαν
1247 936 1380 963 λαϐοῦσαν
1393 936 1509 970 γένεσιν,
1523 937 1562 968 εἰς
1573 935 1654 962 αὑτὸν
1669 935 1823 970 εἰσῳκηκέ-

1033 990 1086 1008 ναι.
1103 981 1179 1008 Οὕτω
1203 981 1258 1017 γὰρ
1283 981 1376 1012 στάσις
1403 981 1524 1012 ἐνέπεσε,
1542 980 1706 1015 σφαδασμῶν
1725 988 1755 1006 τε
1771 979 1825 1006 καὶ

1033 1026 1168 1062 λογισμῶν
1193 1027 1331 1054 ἀνοικείων
1347 1026 1561 1062 ἐπληρώθημεν·
1579 1026 1741 1057 κενωθέντες
1769 1025 1824 1060 μὲν

1033 1072 1079 1098 τοῦ
1103 1073 1209 1108 ὲμφυσή
1215 1080 1298 1107 ματος
1314 1071 1359 1098 τοῦ
1375 1071 1452 1103 Θεοῦ,
1469 1071 1656 1107 πληρωθέντες
1678 1070 1706 1097 δὲ
1722 1070 1824 1096 ἐπιθυ-

1035 1117 1097 1153 μίας
1121 1117 1225 1155 ὑλικῆς,
1240 1118 1272 1152 ἢν
1294 1117 1307 1142 ὁ
1333 1116 1499 1156 πολύτροπος
1516 1117 1571 1151 (50)
1596 1115 1761 1150 ἐνεφύσησεν
1780 1116 1825 1147 είς

1034 1163 1105 1198 ἡμᾶς
1121 1162 1192 1196 ὄφις.
1209 1162 1254 1188 Διὺ
1268 1162 1314 1188 καὶ
1328 1162 1373 1188 τὸν
1389 1161 1503 1188 θάνατον
1517 1162 1530 1187 ὁ
1547 1161 1612 1192 Θεὸς
1627 1161 1694 1196 πρὸς
1711 1160 1826 1195 ἀναιρε-

1035 1217 1075 1234 σιν
1097 1208 1146 1242 τῆς
1168 1207 1303 1243 ἁμαρτίας
1327 1207 1397 1242 ὑπὲρ
1415 1206 1495 1242 ἡμῶν
1512 1206 1654 1242 ἀνεύρετο·
1674 1206 1718 1232 ἴνα
1738 1205 1776 1241 μὴ
1791 1206 1824 1232 ὲν

1034 1254 1177 1286 ἀθανάτοις
1201 1255 1266 1290 ἡμῖν
1290 1252 1513 1285 ἀνατείλασα,ὼς
1535 1252 1764 1287 ἔφην,ιάθάνανος
1790 1249 1822 1287 ᾗ.

1035 1298 1114 1325 Ὅθεν
1136 1300 1149 1325 ὁ
1170 1299 1342 1330 Ἀπόστολος·
1364 1296 1435 1325 Οἶδα
1460 1297 1525 1333 γὰρ,
1547 1297 1592 1324 ὅτι
1613 1298 1668 1324 οὐκ
1693 1296 1770 1323 οἰκεῖ
1785 1297 1824 1323 ἐν

1033 1345 1108 1379 ἐμοὶ,
1127 1344 1281 1371 τουτέστιν
1303 1344 1337 1370 ἐν
1355 1343 1391 1378 τῇ
1404 1343 1493 1378 σαρκί
1505 1352 1572 1378 μου,
1595 1343 1628 1370 τὸ
1641 1342 1763 1378 ἀγαθὸν,
1776 1342 1824 1369 λέ-

1033 1399 1098 1424 γων,
1115 1390 1163 1426 τὴν
1185 1390 1238 1417 ἀπὸ
1262 1390 1311 1425 τῆς
1334 1390 1513 1425 παραόάσεως
1536 1389 1580 1415 διὰ
1600 1389 1648 1424 τῆς
1672 1388 1824 1424 ἐπιθυμίας

1033 1435 1240 1462 εἰσοικισθεῖσαν
1256 1437 1295 1467 εἰς
1309 1436 1382 1471 ἡμᾶς
1400 1435 1535 1470 ἁμαρτίαν
1549 1433 1671 1469 βούλεται
1689 1433 1822 1470 μηνύειν·

1032 1479 1066 1517 ἦς
1083 1482 1125 1517 δὴ,
1141 1482 1266 1517 καθάπερ
1283 1481 1459 1517 βλαστήματα
1482 1481 1538 1513 νέα,
1553 1481 1577 1507 οἱ
1598 1480 1731 1516 φιλήδονοι
1755 1481 1824 1516 περὶ

1033 1529 1106 1564 ἡμᾶς
1128 1529 1171 1555 ἀεὶ
1191 1529 1316 1563 λογισμοὶ
1332 1528 1512 1554 συνίστανται.
1531 1527 1613 1553 Δισσὰ
1635 1526 1688 1562 γὰρ
1710 1528 1741 1553 ὲν
1753 1527 1826 1562 ἡμῖν

1033 1574 1170 1609 λογισμῶν
1191 1574 1274 1609 γένη·
1299 1573 1328 1600 τὸ
1343 1574 1392 1609 μὲν
1408 1573 1462 1600 ἀπὸ
1480 1573 1530 1608 τῆς
1544 1572 1688 1607 ἐπιθυμίας
1703 1573 1752 1608 τῆς
1771 1573 1825 1607 εμ-

1032 1620 1205 1655 φωλευούσης
1227 1620 1256 1646 ὲν
1283 1619 1322 1654 τῷ
1348 1619 1454 1654 σώματι
1479 1618 1679 1653 συνιστάμενον,
1705 1618 1767 1653 ἥτις
1791 1619 1825 1652 ἐξ

1032 1666 1161 1697 ἐπινοίας,
1177 1665 1215 1697 ὼς
1230 1665 1307 1700 ἔφην,
1326 1665 1439 1700 συνέστη
1461 1663 1508 1691 τοῦ
1532 1664 1623 1690 ὑλικοῦ
1646 1663 1823 1698 πνεύματοςο

1031 1711 1062 1738 τὸ
1073 1712 1102 1738 δὲ
1116 1711 1169 1738 ἀπὸ
1183 1710 1231 1737 τοῦ
1245 1711 1327 1746 νόμου
1342 1711 1389 1737 τοῦ
1403 1710 1473 1737 κατὰ
1489 1711 1538 1746 τὴν
1551 1709 1669 1745 ἐντολὴν,
1684 1709 1713 1736 ὃν
1733 1709 1824 1745 ἐμψυ-

1031 1767 1077 1784 τον
1093 1756 1225 1793 ἐλάῦομεν
1237 1757 1309 1793 ἔχειν
1322 1758 1368 1785 καὶ
1385 1757 1498 1792 φυσικὸν
1515 1757 1596 1791 νόμον
1611 1756 1677 1791 πρὸς
1694 1756 1724 1782 τὸ
1737 1755 1824 1783 καλὸν

1032 1804 1109 1840 ἡμῶν
1125 1804 1294 1839 ἐξεγείροντα
1311 1804 1355 1830 τὸν
1372 1802 1592 1839 λογισμόν.”Οθεν
1614 1803 1647 1837 τῇ
1672 1802 1721 1837 μὲν
1737 1810 1823 1837 νομο-

1032 1851 1109 1886 θεσίᾳ
1131 1851 1177 1877 τοῦ
1201 1851 1267 1876 Θεοῦ
1291 1850 1360 1877 κατὰ
1381 1850 1425 1876 τὸν
1451 1848 1513 1876 νοῦν
1536 1848 1718 1884 ωνηδόμεοαο
1741 1848 1824 1875 τοῦτο

1031 1896 1084 1932 γὰρ
1100 1898 1114 1923 ὁ
1128 1896 1181 1922 ἔσω
1196 1896 1336 1931 ἅνθρωπος
1346 1904 1352 1911 ·
1373 1897 1406 1930 τῇ
1427 1895 1455 1922 δὲ
1479 1895 1622 1930 νομοθεσίᾳ
1635 1894 1681 1921 τοῦ
1695 1894 1823 1921 διαϐόλου

1031 1942 1101 1968 κατὰ
1116 1941 1163 1977 τὴν
1179 1942 1334 1968 ἐνοικοῦσαν
1348 1941 1492 1976 ἐπιθυμίαν
1512 1942 1541 1967 ὲν
1563 1942 1596 1976 τῇ
1618 1940 1708 1976 σαρκί.
1717 1941 1746 1966 Ὀ
1765 1940 1823 1974 γὰρ

1032 1988 1306 2023 ἁντιστρατευόμενος
1332 1987 1379 2013 καὶ
1402 1987 1592 2021 ἁντιπράσσων
1614 1985 1653 2020 τῷ
1674 1986 1748 2021 νόμῳ
1771 1985 1822 2022 τοῦ

1031 2032 1108 2064 Θεοῦ,
1123 2029 1178 2058 οἷον
1199 2033 1232 2068 τῇ
1256 2032 1324 2067 πρὸς
1342 2031 1372 2057 τὸ
1387 2031 1488 2066 ἀγαθὸν
1504 2032 1575 2067 ὁρμῇ
1591 2030 1639 2057 τοῦ
1651 2030 1720 2062 νοὸς,
1737 2031 1822 2062 αὑτός

1031 2078 1113 2110 ἐστιν,
1129 2079 1143 2104 ὁ
1156 2078 1218 2109 τοὺς
1231 2076 1362 2112 ἐμπαθεῖς
1374 2077 1501 2112 ἀναφύων
1513 2076 1555 2103 ἀεὶ
1571 2076 1617 2103 καὶ
1627 2076 1735 2108 ὺλικοὺς
1750 2074 1820 2112 rupit;

1032 2123 1146 2158 ἀνομίαν
1163 2122 1379 2158 περισπασμούς.

1066 2273 1105 2299 I".
1113 2273 1193 2308 Τρεῖς
1200 2272 1254 2308 γὰρ
1264 2273 1360 2308 νόμους
1367 2273 1559 2308 ὑποτιθέμενος
1567 2275 1581 2300 ὁ
1588 2273 1691 2306 Παῦλος
1702 2275 1818 2310 ἀναφαν-

1032 2317 1075 2344 δὸν
1089 2317 1206 2344 ἐνταῦθά
1221 2326 1264 2353 μοι
1280 2318 1556 2352 καταφαίνεται,”Ενα
1568 2319 1615 2354 μὲν
1633 2319 1702 2346 κατὰ
1723 2319 1753 2346 τὸ
1767 2319 1818 2356 ἑμ-

1032 2371 1113 2397 φυτον
1138 2364 1166 2390 ὲν
1188 2364 1252 2398 ἡμῖν
1268 2364 1378 2398 ἀγαθὸν,
1393 2364 1421 2390 ὂν
1439 2365 1485 2391 καὶ
1501 2365 1580 2400 νόμον
1595 2365 1686 2400 σαφῶς
1700 2365 1817 2393 ἐκάλεσε

233 2452 257 2469 ⁸⁸
272 2453 422 2488 Ephes.'vt,
435 2454 480 2486 Η,
502 2453 599 2480 1547.
638 2453 660 2469 ⁸⁸
675 2452 707 2479 II
721 2452 783 2480 Cor.
801 2459 828 2484 ι,
844 2451 870 2479 5.
909 2451 932 2467 ‘°
945 2450 980 2484 Ep

1033 2471 1039 2477 .
1054 2458 1091 2483 vr,
1108 2451 1151 2477 12.
1190 2451 1210 2466 ⁸⁷
1222 2450 1296 2478 Rom.
1312 2459 1360 2484 vn,
1382 2451 1468 2478 15-17.

233 2530 290 2566 (L6)
308 2531 351 2558 Sic
365 2532 433 2559 enim
455 2531 547 2559 seditio
569 2531 680 2566 con/lari
695 2531 779 2564 coepit.
803 2530 900 2561 Στάσις
921 2529 978 2566 γὲνέ-

197 2573 264 2602 sseae
276 2574 282 2579 ·
300 2566 373 2602 velut
390 2567 470 2602 irruit
485 2577 491 2594 :
513 2567 618 2602 justum
634 2568 712 2600 plane
723 2567 860 2600 praemium
891 2565 978 2602 rebel-

197 2600 278 2637 lionis
293 2602 320 2628 in
342 2601 436 2630 Deum.
456 2600 591 2637 interpres
608 2601 696 2628 Photii
722 2602 799 2627 aliter
821 2601 925 2635 accepit
949 2600 978 2626 τὸ

198 2635 300 2667 στάσις,
317 2644 366 2671 pro
381 2641 451 2664 statu
465 2647 471 2664 :
488 2635 537 2664 sed
551 2637 641 2663 minus
655 2636 789 2671 congruit.

232 2644 366 2697 auguro
381 2644 451 2664 statu
465 2647 471 2664 :
488 2644 534 2664 seu
551 2644 641 2663 minus
655 2644 789 2671 congruit.

232 2671 288 2704 (Π)
341 2671 433 2704 fraude
451 2672 614 2706 arti/icioque
632 2671 750 2704 procedit
768 2671 868 2697 addicti
893 2675 977 2706 mate-

198 2705 244 2730 riw
260 2706 378 2739 spiritus.
399 2707 444 2739 Ἐξ
458 2704 577 2738 ἐπινοίας
595 2706 641 2732 τοῦ
655 2705 746 2732 ὑλικοῦ
759 2706 920 2740 πνεύματος.
937 2704 980 2731 Ιη-

199 2739 292 2776 telligit
310 2742 456 2776 diabolum,
473 2750 552 2776 quem
578 2741 704 2776 superius
728 2748 789 2776 cum
807 2739 978 2776 Athenagora

197 2774 265 2811 dixit
290 2775 399 2811 πνεῦμα
422 2774 488 2811 περϊ
507 2776 556 2811 τὴν
585 2774 651 2811 ὕλην
677 2775 820 2811 γενόμενον
853 2774 978 2811 ὑπὸ-τοῦ

197 2785 265 2801 unut
293 2785 399 2810 πνευμα
422 2785 485 2811 περι
507 2785 522 2802 τ
543 2785 556 2802 ν
585 2785 651 2811 υΛην
677 2785 820 2811 γενομενον
853 2785 905 2801 om
931 2785 977 2800 του

197 2808 274 2836 (θεοῦ.
290 2809 370 2836 Velut
394 2819 456 2837 cum
469 2785 585 2845 quadam
603 2811 762 2837 habitudine
778 2811 810 2836 ad
825 2809 977 2840 materiam,

197 2847 224 2871 et
241 2844 279 2871 illi
295 2845 443 2877 addictum,
461 2844 483 2871 ar
496 2846 644 2873 creatione.
657 2845 814 2873 Plusculum
832 2844 901 2872 forte
913 2845 978 2872 dicit

1031 2530 1109 2592 illudb,
1123 2530 1236 2592 ἳοηῖζειί
1259 2537 1318 2556 cum
1331 2530 1453 2563 materia,
1465 2529 1587 2564 Petavii;
1604 2534 1633 2557 ut
1647 2533 1674 2558 et
1688 2538 1816 2565 corpore-

1042 2574 1074 2592 ιδ.
1111 2574 1125 2592 c
1136 2570 1173 2592 tot
1188 2573 1205 2592 ι.

1042 2566 1074 2597 is,
1092 2565 1205 2592 Schotti.

1066 2602 1122 2635 (48)
1143 2600 1205 2627 Ιιαιε
1217 2600 1284 2626 enim
1302 2600 1388 2636 cale:
1400 2604 1448 2626 est.
1462 2599 1581 2636 Referre
1606 2600 1702 2635 legem,
1718 2604 1743 2628 et
1758 2601 1818 2636 ipse

1031 2640 1185 2666 contextus,
1197 2639 1223 2662 et
1235 2635 1323 2661 littera
1338 2634 1479 2669 Epiphanii
1493 2643 1544 2669 qua
1557 2634 1732 2670 exprimitur.
1747 2634 1817 2664 satis

1033 2670 1131 2697 docent
1148 2678 1153 2695 :
1174 2678 1260 2704 eoque
1276 2670 1404 2697 Schottus
1416 2670 1506 2697 minus
1517 2670 1584 2696 bene
1605 2671 1697 2697 retulit
1709 2672 1742 2697 ad
1756 2672 1817 2698 dia-

1032 2705 1123 2731 bolum
1137 2705 1187 2732 sub
1212 2705 1310 2731 diaboli
1323 2739 1327 2740 7
1339 2706 1447 2731 nomine
1466 2714 1472 2731 :
1492 2705 1623 2731 hactenus
1638 2714 1708 2731 enim
1728 2706 1815 2740 legem

1033 2739 1083 2774 logi
1098 2741 1219 2774 opponit.
1232 2739 1346 2767 subinde
1360 2740 1533 2774 expositurus
1557 2745 1584 2767 et
1607 2740 1742 2768 divisione
1757 2739 1817 2769 ide-

1032 2775 1193 2805 cluraturus,
1207 2775 1360 2808 hujusmodi
1377 2775 1458 2809 leges.

1069 2810 1240 2844 (ί9)1ιίιλί.ἵς.
1256 2810 1297 2835 ΑΙ.
1313 2809 1404 2844 καλόν.

1068 2845 1122 2880 (50)
1134 2845 1336 2878 Πολύτροπος.
1354 2843 1462 2879 Epiph.,
1477 2852 1505 2872 n.
1519 2844 1564 2876 60,
1582 2844 1765 2877 πολύπλοκος.
