1911 3072
85 92 132 119 305

627 94 672 122 EX
692 95 795 124 LIBRO
814 95 856 123 DE
875 95 1174 124 RESURRECTXONE.

1648 95 1700 120 606

85 150 218 182 νοὸς.“Ἐνα
231 149 261 177 δὲ
277 150 324 192 τὸν
341 151 374 178 ὲκ
399 152 550 189 προώολῆς
577 153 768 190 συνιστάμενον
791 154 869 190 νόμον

925 155 1022 183 mentis
1034 155 1162 191 appellat.
1178 154 1268 182 Altera
1285 157 1325 181 est
1339 160 1401 189 quae
1423 160 1456 181 ex
1471 151 1630 188 nequissimi
1648 153 1699 180 im‘

83 197 124 225 τοῦ
141 196 275 232 πονηροῦ,
293 197 339 224 καὶ
354 199 394 230 εἰς
409 198 460 230 τὰς
474 198 606 234 ἐμπαθεῖς
618 200 763 232 ηὲξέλκοντα
780 202 873 230 πολλά-

85 252 122 275 n;
147 242 300 278 φαντασίας
326 243 376 279 τὴν
401 243 501 280 ψυχὴν,
522 244 551 271 ὃν
573 245 814 281 ὲπιστρατεύεσοαι
835 248 872 284 τῷ

85 290 158 323 νόμῳ
172 288 224 315 τοῦ
238 289 312 322 νοὸς
327 289 390 325 ἔφη.
407 283 463 317 Καὶ
476 289 566 326 τρίτον
588 291 658 318 κατὰ
674 291 722 327 τὴν
736 283 872 329 ἁμαρτίαν

85 335 113 360 ἐκ
136 334 183 369 τῆς
205 334 357 370 ἐπιθυμίας
373 335 543 371 σκιρώσαντα
560 336 615 371 (Si)
639 337 668 363 ἐν
684 338 716 373 τῇ
733 339 823 374 σαρκὶ,
843 339 872 365 ὃν

84 379 223 414 ἁμαρτίας
248 380 347 414 νόμον
360 379 499 407 οἰκοῦντα
518 380 553 407 ἐν
567 381 628 414 τοῖς
639 381 766 416 μέλεσιν
779 381 874 416 ἐκάλε-

86 433 126 452 σεν
139 434 144 440 ·
159 421 182 459 ᾧ
192 426 380 461 ἐποχούμενος
391 426 519 458 πολλάκις
533 426 618 462 καθ’ὴ
623 427 681 462 μῶν
689 427 872 462 ὲγκελεύεται,

84 470 148 506 πρὸς
162 470 272 497 ἀδικίαν
293 471 341 498 καὶ
356 470 470 506 πράξεις
484 471 653 499 συνελαύνων
669 473 766 504 κακὰς.
781 473 875 500 Φαίνε-

83 524 123 542 ται
136 515 190 551 γὰρ
200 515 240 547 ὡς
256 516 365 548 ἑαυτοῖς
379 517 445 553 ἡμῖν
458 516 488 543 re
505 517 554 553 μὲν
570 517 683 553 βέλτιον,
699 519 729 545 τὺ
743 519 771 546 δὲ
783 521 873 556 χεῖρον

83 563 119 589 ὗν.
138 562 194 588 Καὶ
210 563 277 590 ὅταν
297 563 382 600 μέλλῃ
405 563 435 590 τὸ
460 563 562 598 βέλτιον
584 564 663 599 φύσει
687 565 734 591 τοῦ
754 565 873 602 χείρονος

82 607 298 644 ἐγκρατέστερον
312 608 469 645 γενηθῆναι,
489 610 600 646 φέρεται
615 611 674 644 ὅλος
687 612 753 648 πρὸς
765 613 794 639 τὸ
806 613 875 647 ἁγα-

81 654 124 680 Θλν
145 655 161 680 '5
182 654 264 687 νοῦς”
288 655 352 682 ὅταν
369 655 397 681 δὲ
410 656 440 682 τὸ
460 658 549 692 χεῖρον
569 657 695 694 ἐπιϐρίσῃ
714 658 872 692 πλεονάσαν,

82 701 173 735 ἄγεται
189 700 273 728 πάλιν
289 702 474 738 ἀντιστρόφως
498 703 566 738 πρὸς
582 703 727 740 λογισμοὺς
751 705 874 741 χείρονας

81 748 94 772 ὸ
109 747 264 783 ἄνθρωπος.
281 743 319 774 Οἵ)
340 748 372 784 δὴ
394 749 442 775 καὶ
456 749 534 785 χάριν
555 749 569 776 ὀ
589 749 750 782 ’Λπόστολος
766 750 874 786 εὔχεται

81 792 236 828 ῤ’δσθῆναι,
264 793 376 820 θάνατον
403 794 468 821 αὐτὸ
497 795 544 821 καὶ
574 794 683 830 ὄλεθρον
706 796 871 832 ἡγούμενος

922 201 1064 237 pressione
1077 200 1204 234 conﬂata,
1221 200 1248 227 in
1261 200 1373 228 vitiosas
1397 199 1495 234 saepius
1523 199 1701 234 cogitationes

921 251 948 274 et
962 247 1121 282 phantasias
1142 248 1262 274 animum
1284 246 1406 281 conjicit,
1424 253 1505 281 quam
1530 245 1581 280 legi
1606 245 1700 272 mentis

922 293 1057 320 adversari
1071 293 1150 321 dixit.
1179 292 1272 319 Tertia
1287 292 1408 323 demum,
1423 299 1483 326 quae.
1498 299 1546 326 per
1562 296 1700 326 peccaturo

921 347 953 366 ex
965 339 1114 374 cupiditate
1126 339 1201 366 carni
1214 338 1358 372 occalluit;
1384 345 1464 373 quam
1481 337 1536 370 ille,
1551 337 1630 372 legem
1646 345 1702 372 pec-

922 385 975 411 cati
991 385 1154 412 habitantem
1172 385 1200 412 in
1214 384 1337 411 membris
1367 383 1476 414 nostris,
1501 383 1608 411 vocavit
1625 392 1632 411 :
1657 382 1702 410 cui

923 432 1005 458 etiam
1020 431 1160 467 improbus
1176 431 1222 459 ille
1238 431 1325 459 hostis
1342 430 1463 458 insidens
1478 429 1545 465 (53),
1568 436 1638 464 saepe
1654 428 1702 455 ad-

922 485 1031 505 versum
1042 485 1092 506 nos
1107 477 1218 510 excitat,
1235 482 1316 513 atque
1338 477 1372 504 ad
1395 476 1556 511 injustitiam
1574 476 1702 503 scelesta-

923 532 975 559 que
992 524 1112 551 facinora
1128 524 1274 559 compellit.
1291 523 1357 550 Nam
1374 523 1452 558 quasi
1475 522 1553 550 nobis
1567 522 1633 558 ipsis
1646 521 1702 556 (54)

923 569 997 596 aliud
1012 577 1073 597 esse
1086 569 1205 602 videtur,
1219 569 1291 604 qttod
1308 569 1344 596 sit
1357 569 1465 600 melius,
1484 568 1557 595 aliud
1570 568 1641 603 quod
1660 568 1702 594 de-

924 614 1009 642 terius
1022 614 1068 642 sit.
1082 613 1205 649 Cumque
1216 615 1243 641 id
1258 614 1329 649 quod
1343 618 1439 641 natura
1450 613 1558 645 melius,
1576 613 1703 640 deteriori

923 660 1062 696 potentius
1077 668 1139 688 esse
1155 660 1289 692 debuerit,
1307 667 1384 687 mens
1408 664 1464 687 tota
1480 659 1540 694 ipso
1558 659 1660 693 impetu
1676 658 1704 685 iu

925 706 1026 733 bonum
1045 704 1142 732 fertur.
1162 705 1230 733 Cum
1247 709 1335 732 autem
1353 704 1379 731 id
1396 704 1468 739 quod
1483 707 1525 731 est
1539 703 1627 738 pejus,
1638 711 1705 731 exu-

923 752 1022 780 berans
1035 759 1085 779 suo
1095 751 1213 787 pondere
1226 751 1404 787 depresserit,
1416 755 1472 778 tum
1488 750 1596 777 demum
1608 758 1641 777 ex
1655 750 1704 776 ad-

923 805 1003 825 verso
1017 797 1045 825 in
1060 798 1208 826 deteriores
1220 798 1401 833 cogitationes
1421 804 1540 832 praeceps
1568 797 1658 831 agitur
1673 803 1704 823 ac

80 838 172 874 ὥσπερ
189 839 223 874 δὴ
235 839 283 866 καὶ
300 841 314 866 ὁ
329 840 472 876 προφήτης
482 849 490 856 ·
517 841 583 868 Ἀπὸ
596 841 655 868 τῶν
669 842 801 877 κρυφίων
814 852 869 878 μου

925 844 1050 871 trahitur.
1067 843 1155 879 Atque
1168 851 1200 871 ea
1219 851 1302 871 causa
1324 848 1366 871 cst
1381 851 1431 870 cur
1450 842 1608 878 Apostolus,
1631 849 1705 868 mor-

79 884 248 918 καθάρισόν
263 894 312 920 με,
328 885 424 920 λέγων.
441 886 515 913 Δὺτὰ
537 885 583 914 οὖν
604 887 638 914 τὰ
665 889 774 924 ῥήματα
793 889 872 916 τοῦτο

79 930 226 956 σ’δνιπῶσι
238 939 245 945 ·
263 930 434 966 Συνήδομαι
447 932 501 970 γᾴρ
517 931 556 965 τῷ
571 933 651 968 νόμῳ
664 934 716 960 τοῦ
737 935 810 962 Θεοῦ
821 943 872 961 κα-

78 977 112 1002 τὰ
125 975 178 1002 τὸν
190 975 265 1008 ἔσω,
281 975 415 1010 λέγοντος,
428 977 585 1011 ἄνθρωπον
594 987 600 993 ·
617 979 723 1011 ,βλέπω
735 980 760 1006 δ’
771 980 872 1015 ἕτερον

77 1022 170 1056 νόμον
184 1021 250 1054 τοῖς
263 1021 371 1056 μέλεσί
380 1031 450 1057 μου,
462 1024 766 1060 ἀντιστρατευ’ὀμενον
775 1026 816 1060 τῷ
827 1028 872 1054 νό-

77 1075 122 1101 μῳ
135 1067 189 1094 τοῦ
204 1068 277 1101 νοός
287 1077 358 1102 μου,
376 1069 425 1096 καί
438 1071 688 1105 αἰχμαλωτίζοντά
697 1081 735 1106 με
745 1072 784 1105 τῷ
792 1073 871 1107 νόμῳ

77 1120 130 1147 της
140 1113 299 1148 ἁμαρτίας,
312 1114 352 1147 τῷ
367 1114 430 1142 ὄντι
444 1116 478 1142 ὲν
493 1116 554 1149 τοῖς
562 1117 671 1152 μέλεσι
683 1127 753 1152 μου.
770 1119 871 1146 Ταλαι-

75 1168 174 1194 πωρος
188 1160 248 1195 ἐγὼ
263 1160 437 1195 ἄνθρωπος]
456 1163 502 1196 Τίς
512 1172 551 1198 με
560 1164 686 1198 ῥύσεται
700 1165 734 1191 ἐκ
745 1165 798 1192 τοῦ
813 1164 872 1192 σώ-

76 1215 168 1241 ματος
185 1207 240 1234 τοῦ
257 1207 389 1235 θανάτου
405 1209 530 1242 τούτου;
544 1210 580 1236 Οὐ
603 1210 633 1237 τὸ
656 1211 737 1246 σῶμα
757 1211 871 1238 θάνατον

77 1253 308 1289 ἀποφαινόμενος,
327 1254 394 1281 ἀλλὰ
409 1255 453 1281 τὸν
468 1256 550 1291 νόμον
565 1256 616 1291 τῆς
632 1257 768 1293 ἁμαρτίας
782 1257 827 1284 τὸν
841 1258 870 1284 ὲν

75 1300 133 1331 τοῖς
148 1299 255 1334 μέλεσι,
269 1299 312 1326 διὰ
327 1300 377 1335 τῆς
393 1301 575 1336 παραϐάσεως
599 1303 628 1329 ὲν
645 1304 710 1338 ἡμῖν
732 1303 872 1338 ἐμφωλεύ-

75 1354 150 1378 οντα,
163 1347 213 1373 καὶ
230 1346 300 1382 πρὸς
315 1346 430 1374 θάνατον
440 1348 483 1374 ἀεὶ
497 1347 566 1384 [τὸν]
581 1348 629 1384 τῆς
644 1349 749 1381 ἀδικίας
761 1349 809 1385 τὴν
820 1349 872 1384 ψυ-

75 1392 127 1427 χὴν
153 1392 523 1430 ὲμφαντάζοντα.Ἐπιφέρει
545 1394 610 1429 γοῦν
636 1395 746 1428 εὐθέως,
774 1395 870 1431 ἀμέλει

74 1438 263 1473 διαλυόμενος,
280 1439 372 1466 ὁποίου
395 1439 510 1467 θανάτου
531 1440 652 1475 ἐγλίχετο
667 1440 809 1476 ρυσθῆναι,
824 1441 871 1468 καὶ

74 1485 118 1516 τίς
133 1485 214 1511 αὑτὸν
231 1486 246 1512 ό
261 1486 393 1521 ῥυόμενος
405 1484 439 1522 ἦν
451 1495 458 1501 ⁸
474 1486 565 1520 Χάρις
579 1487 613 1513 δὲ
624 1487 663 1520 τῷ
681 1486 741 1519 Θεῷ
755 1487 803 1514 διὰ
816 1486 870 1514 τοῦ

925 893 978 916 tem
992 889 1138 924 quamdam
1155 893 1181 916 et
1203 888 1318 916 exiliunt
1339 896 1395 915 rem
1413 888 1572 918 arbitratus,
1597 886 1704 913 liberari

925 944 954 963 se
978 939 1070 970 optet;
1095 934 1326 970 quemadmodum
1359 934 1442 961 etiam
1469 933 1615 968 Propheta,
1642 939 1705 959 cum

924 981 962 1008 ait
973 981 1020 1008 ‘9:
1042 980 1080 1007 Ab
1105 980 1213 1007 occultis
1244 981 1307 1007 meis
1336 979 1434 1006 munda
1467 987 1515 1006 me.
1541 978 1614 1006 Istud
1633 977 1706 1005 enini

923 1028 1006 1055 verba
1020 1027 1078 1062 ipsa
1093 1035 1148 1062 pm
1163 1035 1192 1055 se
1205 1026 1296 1055 ferunt
1315 1036 1322 1054 :
1339 1026 1510 1054 Condelector
1525 1026 1605 1056 enim,
1618 1025 1706 1060 inquit

925 1071 958 1104 ⁸⁹,
976 1071 1025 1106 legi
1035 1071 1083 1098 Dei
1093 1071 1235 1098 secundant
1247 1072 1395 1098 interiorem
1406 1071 1545 1098 hominem.
1561 1069 1641 1097 Video
1656 1077 1706 1096 au-

925 1121 976 1144 tem
991 1117 1073 1144 aliam
1088 1117 1168 1152 legem
1179 1117 1206 1144 in
1220 1117 1343 1144 membris
1358 1118 1432 1149 meis,
1459 1121 1643 1152 repugnantem
1657 1117 1707 1152 legi

924 1162 1017 1190 menti:
1031 1171 1105 1196 metu,
1117 1168 1142 1190 et
1155 1163 1331 1197 captivantem
1349 1171 1389 1190 me
1405 1163 1454 1198 legi
1469 1163 1580 1198 peccati,
1596 1171 1653 1198 quia
1668 1167 1707 1190 est

923 1209 950 1236 in
965 1209 1087 1236 membris
1098 1210 1174 1237 meis.
1187 1209 1287 1244 Infelix
1295 1218 1342 1245 ego
1356 1210 1451 1237 homo!
1472 1209 1537 1242 Quis
1552 1217 1591 1236 me
1611 1208 1707 1236 liberm

924 1255 960 1282 bit
982 1255 1014 1282 de
1037 1263 1146 1290 corpore
1168 1256 1261 1283 mortis
1283 1255 1385 1290 hujus?
1414 1255 1520 1288 Quibus
1536 1262 1589 1282 non
1607 1262 1707 1289 corpus

923 1306 1038 1329 mortem
1063 1302 1235 1336 pronuntiat,
1260 1302 1307 1329 sed
1323 1302 1426 1336 peccati
1449 1302 1532 1336 legem
1548 1308 1607 1336 quae
1620 1303 1662 1328 est
1679 1300 1706 1328 in

924 1347 1064 1379 membris,
1081 1347 1110 1375 in
1131 1348 1231 1382 quibus
1245 1355 1260 1374 a
1276 1348 1376 1374 violato
1393 1347 1520 1374 mandato
1543 1354 1592 1374 ceu
1607 1346 1707 1374 latibu-

923 1391 980 1419 lum
994 1392 1084 1425 habet,
1102 1400 1153 1420 nec
1173 1393 1294 1420 animum
1312 1393 1347 1420 ad
1361 1393 1502 1428 injustitize
1520 1396 1645 1424 mortem,
1659 1399 1707 1419 va-

923 1438 973 1466 riis
997 1438 1159 1474 imaginibus
1183 1439 1332 1472 illudendo,
1349 1439 1458 1466 trahere
1481 1439 1590 1467 desinit.
1610 1438 1707 1466 Statim

923 1492 988 1520 ergo
1003 1484 1085 1512 infert
1100 1495 1106 1512 :
1123 1486 1253 1513 nimirum
1283 1486 1463 1520 quaestionem
1490 1485 1644 1513 dissolvens
1659 1484 1708 1512 de-

80 1531 181 1564 Ὶησοῦ
194 1531 337 1566 Χριστοῦ.
352 1532 521 1568 Προσεκτέον
533 1532 571 1564 δὲ,
585 1533 609 1558 εί
623 1533 653 1558 τὸ
667 1533 746 1568 σῶμα
758 1532 869 1560 θάνατον

923 1531 1085 1566 claransque
1096 1531 1151 1567 (55)
1166 1539 1219 1567 qua
1232 1535 1319 1559 morte
1333 1534 1445 1567 cuperet
1459 1531 1580 1561 liberari.
1590 1535 1616 1558 et
1629 1538 1643 1558 a
1652 1538 1707 1566 qtto

74 1577 164 1608 τοῦτο,
175 1574 198 1604 ὧ
217 1578 374 1613 Ἀγλαοφῶν
384 1578 450 1614 (52),
462 1579 499 1610 ὡς
515 1579 695 1615 ὑπειλήφατε,
705 1579 808 1614 ἔλεγεν,
821 1581 870 1607 οὐκ

75 1622 108 1649 ἂν
131 1623 176 1648 τὸν
197 1623 329 1659 Χριστὸν,
343 1624 380 1655 ὡς
405 1625 536 1660 ῥυόμενον
558 1625 638 1652 αὑτὸν
653 1625 764 1662 ὕστερον
777 1627 809 1652 ὲκ
823 1626 869 1653 τοῦ

74 1669 198 1695 τοιούτου
223 1670 322 1702 κακοῦ,
347 1670 651 1706 παρελάμϐανεν.Ἐπεὶ
671 1671 698 1697 τί
720 1672 871 1708 παράδοξον

74 1716 128 1742 ἀπὸ
137 1716 186 1742 τοῦ
198 1716 320 1752 Χριστοῦ
333 1717 381 1752 τῆς
393 1718 542 1753 παρουσίας
554 1718 710 1754 ἐσχήκαμεν
721 1727 728 1752 ;
742 1719 774 1745 Τί
784 1719 811 1745 δὲ
823 1719 870 1746 καὶ

75 1762 89 1787 ὁ
102 1762 266 1794 Ἆπόστολος
277 1762 357 1794 ὅλως,
370 1763 407 1794 ὡς
419 1763 462 1790 διὰ
471 1763 522 1798 τῆς
535 1764 682 1800 παρουσίας
693 1765 741 1791 τοῦ
752 1765 868 1801 Χριστοῦ

75 1808 280 1843 δυναμούμενος
293 1808 339 1835 τοῦ
351 1808 465 1835 θανάτου
480 1809 532 1835 ὑπὸ
543 1809 590 1836 τοῦ
600 1809 667 1836 Θεοῦ
688 1810 868 1846 ἐλευθερωθῆ-

75 1863 128 1885 ναι,
136 1853 219 1880 τοῦτο
231 1854 394 1889 ἐφθέγγετο·
406 1855 486 1881 ὁπότε
497 1856 563 1881 πᾶσι
575 1855 621 1881 καὶ
632 1855 684 1891 πρὸ
695 1855 741 1882 τοῦ
752 1857 797 1883 τὸν
807 1857 870 1892 Χρι-

77 1900 137 1926 nov
150 1900 240 1926 ἐλθεῖν
260 1901 300 1932 εἰς
312 1901 357 1927 τὸν
370 1901 471 1936 κόσμον
486 1901 625 1929 συνέϐαινε
636 1901 777 1937 ονήσκειν;
790 1903 870 1929 Ὥστε

75 1946 105 1973 οὐ
124 1946 157 1973 τὸ
180 1946 261 1982 σῶμα
281 1946 370 1979 τοῦτο,
382 1943 404 1973 ὧ
421 1947 588 1982 Ἀγλαοφῶν,
602 1947 724 1981 θάνατον,
737 1947 804 1974 ἀλλὰ
822 1948 871 1984 τὴν

110 2024 133 2040 ⁸⁵
146 2023 226 2051 Ρεοι.
238 2031 316 2057 xvm,
334 2024 377 2051 i3.
417 2024 440 2040 θ’
458 2024 534 2052 Rom.
550 2033 599 2057 vn,
610 2025 706 2054 22-24.
745 2026 769 2042 7°
781 2025 844 2052 ibid.
860 2025 904 2053 25.

103 2103 172 2146 ’(31)
188 2102 317 2137 Σκιρώσ.
329 2103 535 2139 Σκιρῤώσαντσ..
551 2103 649 2139 Epiph.
661 2112 690 2131 tt.
705 2103 750 2135 61,
781 2105 870 2132 ἐνσκι-

79 2147 206 2165 οωσαντα
211 2160 217 2165 .

79 2156 277 2209 ῳῖἓὶἒλήλγλ.
302 2173 397 2204 Sirm.,
426 2173 609 2209 Ἀγλαόφρων,
633 2178 662 2201 ut
688 2177 769 2209 paulo
792 2177 864 2207 post.

78 2210 111 2236 At
129 2208 300 2243 Epiphanius
317 2209 428 2243 ultique,
451 2208 619 2242 Ἀγλαοφῶν.

112 2244 172 2277 (55)
190 2243 240 2270 Cui
251 2244 330 2271 etiam
346 2243 479 2277 improbus
493 2244 538 2270 ille
560 2243 643 2270 hostis
669 2243 796 2270 insidens.
822 2243 869 2270 Sic

78 2281 153 2305 clare
171 2279 243 2313 apud
267 2279 458 2313 Epiphaniam,
488 2278 631 2306 referendo
647 2279 797 2310 diabolum,
823 2279 869 2313 qui

80 2313 205 2343 ins-adat.
223 2322 255 2341 ac
271 2315 346 2341 velut
369 2314 500 2348 iuequitet
516 2313 669 2348 cupiditati,
698 2313 758 2347 ejus
775 2314 801 2340 itt
819 2321 869 2340 nos

79 2353 173 2376 motus
191 2349 364 2376 inordinatos
381 2349 560 2376 succendens.
579 2349 646 2375 Male
660 2356 725 2383 ergo
739 2348 869 2376 Schottus

78 2385 174 2411 retulit
192 2385 224 2411 ad
249 2385 397 2418 hominem,
420 2384 480 2419 ipso
503 2384 585 2412 etiam
612 2389 779 2419 repugnante
798 2383 870 2411 Pho-

78 2419 155 2446 tiano
165 2424 306 2447 contextu.

115 2454 256 2490 (ὅθέναηι
271 2455 348 2490 quasi
371 2454 444 2481 nobis
459 2455 532 2488 ipsis.
565 2454 608 2485 Ὠς
622 2455 744 2490 ἑαυτοῖς,
760 2454 821 2490 τοι,
840 2459 870 2481 ιιι

80 2491 151 2525 apud
178 2489 288 2524 Epiph.,
320 2489 356 2519 ὡς
379 2491 407 2516 ἐν
435 2491 501 2525 ἡμῖν
523 2490 624 2521 αὐτοῖς,
641 2490 712 2523 quod
739 2489 766 2516 in
796 2489 868 2525 idem

81 2526 160 2553 redit.
177 2524 355 2559 Signiﬁcatur
369 2525 421 2551 ista
440 2524 546 2552 bonitas
571 2525 612 2551 vel
643 2525 756 2559 malitia,
783 2529 813 2550 ut
839 2524 867 2551 in

81 2561 159 2587 nobis
191 2558 223 2586 ac
249 2567 333 2595 penes
356 2559 490 2593 judicium
519 2563 654 2587 nostrum.
685 2558 868 2594 Sequetttibus

81 2604 145 2622 νει-η
156 2596 271 2629 exponit
282 2595 430 2622 discrimen
447 2598 538 2621 tnotus
554 2595 636 2621 animi
654 2595 680 2621 in
693 2595 720 2621 id
731 2596 803 2629 quod
819 2603 868 2621 na-

81 2636 139 2658 tura
151 2632 253 2657 bonunt
266 2634 319 2660 est,
333 2635 359 2656 et
374 2630 399 2656 id
415 2629 487 2664 quod
500 2634 603 2656 tantunt
621 2630 655 2656 ab
669 2630 810 2657 elfectioue
825 2630 868 2657 hic

81 2671 106 2693 et
126 2674 199 2693 unnc
211 2665 276 2692 boni
295 2665 425 2692 rationem
438 2664 526 2691 induit
543 2674 549 2692 :
567 2669 595 2691 ut
611 2674 636 2691 Ill
655 2665 720 2692 illud
737 2669 809 2692 totus
829 2665 867 2692 fe-

81 2706 165 2735 ratur,
177 2701 253 2728 velut
268 2708 319 2727 suo
333 2701 390 2735 ipse
404 2699 538 2734 pondere;
564 2700 591 2726 in
602 2700 667 2726 illud
685 2701 757 2727 velut
775 2700 867 2726 traha-

81 2740 124 2763 tur
141 2744 173 2763 ac
195 2737 222 2763 vi
240 2735 359 2770 quadam
387 2740 482 2769 agatur
497 2743 503 2760 :
518 2736 558 2762 sic
584 2736 655 2762 enim
684 2735 728 2762 illa
754 2736 866 2771 φέρεται

81 2777 107 2797 ct
124 2773 230 2806 ἄγεται,
248 2771 355 2798 delectu
371 2771 607 2805 signiticant;sive
634 2775 800 2806 postremum
825 2778 867 2797 re-

84 2807 149 2834 lerat
161 2807 207 2834 τὸν
225 2806 299 2838 νοῧν,
318 2809 347 2832 ιιι
363 2810 449 2840 potest
463 2806 605 2832 commode
620 2805 690 2840 apud
714 2805 840 2833 Photium
858 2815 864 2833 :

84 2843 137 2870 sive
151 2843 194 2870 τὸν
211 2841 365 2877 ἄνθρωπον.
383 2845 412 2868 ιιι
422 2845 463 2869 est
478 2840 548 2876 apud
562 2840 752 2876 Epiphanittm.
765 2840 832 2868 Nam
840 2845 867 2868 et

922 1577 1080 1605 liberandus
1095 1582 1168 1605 esset
1184 1587 1190 1604 :
1209 1577 1314 1610 Gratia,
1333 1578 1432 1613 inquit,
1458 1577 1511 1604 Deo
1529 1577 1585 1613 (56)
1601 1585 1647 1611 per
1659 1575 1706 1604 Je-

923 1634 981 1653 sum
996 1625 1131 1654 Christum
1146 1626 1182 1653 ⁷ο.
1200 1625 1306 1661 Quippe
1320 1625 1463 1662 diligenter
1486 1624 1704 1652 animadversum

922 1673 1003 1700 velim
1022 1683 1028 1700 :
1046 1673 1070 1701 si
1087 1680 1186 1708 corpus
1197 1673 1259 1704 hoc,
1276 1676 1306 1700 ut
1318 1671 1491 1703 existimatis,
1508 1678 1524 1698 ο
1536 1670 1705 1706 Aglaophon,

923 1722 1037 1746 mortem
1068 1718 1194 1750 dixisset,
1224 1718 1434 1753 haudquaquam
1461 1717 1580 1748 Christi,
1610 1719 1640 1742 ut
1663 1715 1706 1742 sui

923 1765 1097 1800 postmodum
1117 1765 1151 1792 ab
1170 1765 1305 1800 ejusmodi
1321 1764 1391 1791 malo
1407 1763 1573 1794 liberatoris,
1589 1762 1706 1789 mentio-

923 1816 984 1839 nem
1001 1810 1149 1838 facturum.
1168 1811 1277 1847 Alioqui
1294 1811 1366 1838 enim
1393 1809 1458 1845 quid
1475 1810 1553 1836 nobis
1571 1808 1708 1843 singulare

924 1857 1087 1884 accessisset
1113 1857 1214 1884 Christi
1241 1857 1378 1884 adventu?
1406 1855 1476 1889 Quid
1507 1863 1571 1882 vero
1596 1854 1707 1881 omnino

923 1902 1080 1937 Apostolus,
1101 1902 1179 1937 quasi
1197 1902 1299 1929 Christi
1316 1901 1460 1936 praesentia
1477 1900 1666 1930 conﬁrmatus,
1679 1902 1708 1925 ut

926 1948 972 1976 Dei
989 1948 1120 1976 beneﬁcio
1134 1953 1248 1976 tnortent
1263 1948 1332 1975 liber
1346 1947 1482 1979 evaderet,
1500 1945 1571 1973 istud
1587 1952 1708 1980 pronun-

923 2103 1026 2130 homini
1044 2103 1192 2130 violentum
1206 2106 1258 2134 est,
1272 2102 1422 2138 quodrejus
1438 2103 1535 2138 potiori
1560 2102 1640 2137 parti,
1660 2101 1707 2129 καὶ

923 2138 961 2174 τῷ
973 2140 1001 2165 ὲν
1017 2138 1091 2173 αὑτῷ
1102 2138 1258 2174 ἡγεμονικῷ
1273 2137 1326 2165 vim
1348 2137 1421 2165 facit.
1439 2137 1552 2174 Neuter
1573 2139 1706 2171 interpres

923 2172 989 2200 satis
1006 2172 1112 2201 videtur
1127 2172 1196 2200 hanc
1210 2172 1386 2201 Méthodianzc
1400 2174 1506 2208 phrasis
1521 2172 1554 2199 ad
1572 2173 1706 2199 intentum

921 2209 1054 2244 Apostolﬁi,
1069 2211 1261 2244 proprietatem
1275 2208 1456 2243 expressisse.

959 2244 1016 2282 (55)
1027 2243 1340 2282 NimirumAqumstionem
1349 2243 1491 2282 dissolvens
1499 2243 1704 2282 ﬂammasque,

920 2277 973 2306 etc'.
996 2279 1103 2314 Ἀμέλει
1120 2278 1303 2314 διαλυόμενος.
1321 2279 1350 2306 In
1370 2279 1440 2306 idem
1459 2279 1527 2305 rodit
1554 2279 1624 2314 apud
1640 2277 1705 2311 Epi-

921 2313 1050 2348 phaniuiu
1074 2323 1101 2342 ιι.
1120 2314 1165 2345 62,
1188 2315 1219 2340 τὸ
1235 2314 1435 2349 διαλεγόμενος,
1455 2314 1528 2340 velut
1550 2313 1704 2349 edisserens.

921 2349 1051 2376 Schottus
1062 2357 1126 2376 vero
1141 2349 1234 2376 nescio
1248 2357 1301 2384 qtta
1315 2348 1704 2384 parenthesitctumrinvolvit,

917 2385 1029 2419 jamque
1045 2388 1155 2419 repente
1178 2383 1322 2411 liberatum
1340 2384 1453 2411 Paulum
1471 2391 1551 2419 quem
1566 2383 1704 2419 hactenus

920 2418 1104 2455 captivitatem
1126 2422 1284 2455 querentem
1302 2419 1463 2455 habuimus1
1480 2418 1596 2455 inducit.

955 2452 1010 2490 (56)
1026 2455 1118 2482 Gratia
1135 2452 1204 2482 ‘Deo.
1223 2454 1328 2490 Habent
1346 2454 1426 2490 modo
1444 2453 1537 2490 Gneca
1553 2452 1706 2490 εὐχαριστῶ

919 2488 1043 2526 τῷΘεῷ,
1061 2499 1111 2517 nec
1123 2496 1166 2517 est
1182 2489 1328 2517 verisimile
1344 2488 1429 2526 fuisse
1440 2490 1466 2516 in
1484 2489 1537 2516 illis
1556 2489 1704 2526 quidquam

920 2522 1073 2552 mutatum:
1091 2533 1123 2552 ac
1135 2534 1184 2552 nec
1205 2528 1328 2552 nostrum
1347 2525 1521 2558 interpretem
1542 2524 1594 2551 sibi
1615 2522 1705 2549 indul-

920 2561 999 2592 sisse,
1016 2561 1088 2595 quod
1101 2561 1144 2587 hic
1160 2560 1300 2589 Schottus.
1317 2564 1346 2586 ut
1361 2557 1428 2594 grati
1446 2559 1529 2586 animi
1545 2557 1705 2595 expres§i0~

919 2604 980 2622 nem
994 2592 1077 2627 illam,
1094 2596 1120 2622 in
1141 2595 1262 2622 benelicri
1279 2592 1456 2622 assertionem
1466 2592 1620 2621 mutaverit.
1639 2592 1706 2620 Cre-

920 2630 1034 2657 diderint
1051 2639 1115 2665 ergo
1131 2630 1294 2660 reddidisse.
1311 2634 1339 2656 ιιι
1360 2629 1528 2656 Melhodiatta
1544 2629 1577 2656 ad
1592 2628 1703 2665 verbum

918 2666 1039 2693 habent:
1059 2663 1152 2692 Gratia
1166 2665 1229 2695 Deo.
1246 2666 1318 2699 quod
1337 2666 1461 2697 subinde,
1472 2663 1705 2699 scriptorumim-

919 2701 1016 2735 peritia
1033 2704 1138 2726 mutato
1154 2709 1168 2727 ο
1184 2701 1210 2726 iu
1227 2697 1358 2732 {Gratia
1379 2700 1425 2727 Dei
1453 2697 1554 2726 l'actuiu
1573 2700 1618 2727 sit.
1636 2697 1704 2735 Nam

918 2733 946 2763 et
970 2735 1152 2771 Hieronymus
1174 2739 1271 2769 qua-st.
1290 2735 1316 2771 8ἔ
1343 2735 1377 2762 ad
1400 2736 1538 2771 Algasiam
1563 2735 1600 2771 ita
1620 2733 1703 2771 legit;

919 2779 969 2833 pro
983 2779 1037 2805 quo
1052 2766 1272 2811 postea_reperit,
1295 2769 1401 2811 Gratia;
1423 2766 1470 2806 (1ng
1486 2770 1549 2797 Deo.
1570 2766 1658 2796 Plura

942 2813 1007 2833 ucas
1026 2805 1182 2833 Bruaensts.
1195 2805 1286 2833 Esttus
1301 2810 1327 2833 et
1339 2806 1394 2832 alu.

942 2813 1007 2834 ucas
1026 2805 1182 2842 Brugensis,
1195 2805 1286 2833 Estius
1301 2810 1327 2833 et
1339 2806 1394 2832 alii.
