1911 3072
94 49 142 78 δῦθ

645 51 691 78 EX
711 51 812 79 LIBRO
829 51 873 78 DE
892 51 1196 81 RESURRECTiONE.

1675 57 1728 86 310

94 107 170 141 ὄγκον
186 106 236 141 τῆς
257 107 372 143 δρυάδος
389 109 643 137 καταναλίσκουσιν.
666 111 764 146 Ἐχρῆν
779 110 843 146 γὰρ,
863 119 875 136 ε

940 118 955 137 a
971 110 1109 138 radicibus
1123 111 1274 139 ascendens
1293 116 1376 145 terra,
1401 112 1575 148 ﬁgueseeret,
1595 118 1624 141 ut
1637 116 1728 143 omuis

93 149 187 187 ἀλῆθὲς
206 150 253 187 ἦν»
273 153 320 180 διὰ
341 154 397 180 τῶν
421 155 505 190 ῥιζῶν
527 156 711 192 ἀνερχομένην
735 155 886 188 ἀποξυλοῦ-

95 199 150 226 σθαι
165 199 222 234 (6-2)
240 199 290 235 τὴν
308 201 371 236 γῆν,
388 201 496 229 ᾶπαντα
510 202 555 228 τὸν
573 202 638 238 περὶ
654 202 724 229 αὐτὰ
736 202 818 230 τόπον
835 203 885 238 τῆς

93 247 140 282 τῆς
151 247 350 280 κοιλαίνεσθαι,
364 249 406 275 ὅτι
422 249 460 285 μὴ
474 250 610 285 ὲπιρῤἐειν
622 249 727 284 πέφυκε
744 249 775 276 τὸ
792 249 883 285 ξηρὸν,

94 292 216 328 καθάπερ
226 293 318 320 καὶτὸ
332 295 426 330 ὑγρὸν,
444 295 487 321 ἀεὶ
501 296 568 331 πρὸς
584 295 615 322 τὸ
628 295 795 331 κινούμενον.
814 296 884 332 Ἤδη

93 339 117 365 δὲ
133 339 180 365 καὶ
200 340 295 371 συκαὶ,
311 340 359 366 καὶ
378 340 446 367 ἄλλα
462 340 572 367 τοιαῦτα
591 341 679 376 φυτὰ,
697 341 836 376 μνημείων
856 342 885 368 ὲν

93 384 292 419 οἰκοδομήμασι
305 385 436 418 πολλάκις
447 386 645 422 βλαστήσαντα,
658 387 734 413 οὐδὲν
747 388 787 418 εἰς
801 387 885 414 ἑαυτὰ

92 429 136 464 τῆς
157 430 305 466 οἰκοδομῆς
326 431 394 463 ὅλως
415 432 583 468 ἱστοροῦνται
599 432 830 468 κατηναλωκέναι.
853 433 885 459 Εί

92 475 154 509 -ίοεν
171 476 243 502 ἐτῶν
259 477 364 504 πολλῶν
381 478 588 513 συλλογίσασθαι
602 487 643 510 τις
657 479 702 506 τὸν
717 479 822 514 καρπὸν
834 479 884 505 αὺ-

91 522 143 549 τῶν
157 523 205 550 καὶ
222 523 258 549 τὰ
279 523 367 558 φύλλα
384 524 537 561 βουληθείη,
561 525 664 552 κατίδοι
680 525 712 552 ἂν
729 525 883 552 πολλαπλα-

92 569 164 596 σίονα
185 569 238 604 τῆς
259 570 307 596 ἐπὶ
321 570 375 596 τῶν
400 571 540 606 μνημείων
555 571 606 606 γῆς
627 571 674 598 τὸν
698 571 780 606 ὄγκον
795 571 885 598 αὐτῶν

89 614 285 649 γεγενημένον.
308 615 389 641 Ὅθεν
413 615 585 643 ἀτοπώτατον
604 617 729 652 ἡγεῖσθαι
752 617 802 652 τὴν
821 617 887 653 γῆν,

89 661 127 691 είς
142 661 261 696 καρπῶν
280 661 366 696 φορὰν
383 661 621 698 μταὸαλλομένην
635 663 681 690 καὶ
701 662 788 697 φύλλα
816 673 885 691 κατ-

87 705 290 733 αναλίσκεσθαι·
305 705 356 732 κᾶν
382 706 416 732 δι’
440 707 525 742 αὐτῆς
548 707 656 734 ἅπαντα
681 707 784 741 γίνεται
815 707 882 742 (65),

89 748 152 784 ἕδρᾳ
169 750 239 784 αὐτῇ
258 750 394 786 χρώμενοι
414 752 460 778 καὶ
476 751 560 788 τόπῳ.
578 752 644 779 Οὐδὲ
656 752 710 788 γὰρ
725 753 806 788 ἄρτος
824 753 885 788 δίχα

89 794 172 829 μύλου
187 796 237 822 καὶ
250 796 345 827 τόπου,
361 798 408 823 καὶ
422 797 529 833 χρόνου,
547 798 594 825 καὶ
608 799 694 834 πυρὸς
708 799 821 833 γίνεταν
837 801 885 826 καὶ

86 841 160 867 οὐδέν
173 842 251 868 ἐστιν
264 842 281 877 ἢ
295 843 401 876 γίνεται
415 843 517 871 τούτων
534 844 548 871 ὀ
564 845 654 881 ἄρτος.
669 846 724 872 Καὶ
739 845 785 871 ἐπὶ
798 844 885 872 ἄλλων

86 887 194 922 μυρίων
209 887 352 920 ὡσαύτως.

118 932 156 960 Ε.
169 933 232 960 Ὅτι
241 935 286 967 τὸ,
294 933 424 968 Οἴδαμεν
431 935 496 969 γὰρ,
508 936 558 969 ὡς,
571 935 626 964 ἐὰν
633 937 652 971 ὴ
662 937 792 972 ἐπίγειος
800 938 885 974 ἡμῶν

84 979 162 1006 οἰκία
178 979 234 1006 τοῦ
250 979 388 1015 σκήνους
405 981 570 1016 καταλυθῇ,
585 983 631 1009 καὶ
649 983 722 1018 ἑξῆς·
736 985 760 1010 ot
779 985 883 1020 Ὠριγε-

85 1026 172 1052 νισταὶ
195 1027 238 1057 εἰς
259 1026 400 1062 ἀναίρεσιν
417 1027 465 1062 τῆς
480 1027 534 1054 τῶν
557 1028 691 1063 σωμάτων
710 1029 883 1062 ἀναστάσεως

83 1071 294 1106 προϐάλλονται,
309 1073 406 1108 σκῆνος
420 1073 450 1101 τὸ
464 1073 552 1109 σῶμα,
566 1074 612 1100 καὶ
630 1075 834 1111 ἀχειροποίητον
853 1077 882 1103 ὲν

83 1119 208 1154 οὐρανοῖς
219 1120 318 1154 οἰκίαν,
331 1121 364 1147 τὰ
380 1121 444 1156 παρ’
461 1121 549 1148 αὐτῶν
560 1122 733 1158 πνευματικὰ
747 1123 882 1159 ἐνδύματα

83 1165 219 1198 λέγοντες.
236 1166 293 1199 Διὸ,
317 1167 400 1202 φησὶν
421 1168 434 1193 ὁ
456 1167 532 1200 ἆγιος
546 1167 688 1200 Μεθόδιος,
703 1169 823 1204 ἐπίγειον
843 1171 881 1197 οἰ-

83 1211 145 1237 κίαν
171 1211 222 1247 τὴν
248 1212 366 1239 ἐνταῦθα
394 1212 537 1249 βραχύόιον
559 1213 632 1249 ζωὴν
653 1215 880 1251 καταχρηστικῶς

82 1257 210 1293 ληπτέον,
231 1259 281 1285 καὶ
300 1260 330 1285 οὐ
355 1260 386 1286 τὺ
401 1259 501 1295 σκήνος
519 1259 608 1287 τοῦτο.
629 1261 661 1287 Et
685 1261 739 1297 γὰρ
760 1262 880 1296 ἐπίγειον

80 1303 170 1330 οἰκίαν
191 1304 398 1340 καταλυομένην
417 1305 447 1332 τὸ
464 1305 544 1341 σῶμα
565 1306 687 1333 τίθεσθαι
699 1307 781 1334 αὑτὸν
803 1309 879 1343 νομί-

81 1349 159 1382 ζετε·
185 1351 321 1385 φράσατε,
339 1351 369 1377 τὸ
389 1351 486 1387 σκῆνος
503 1352 529 1378 τί
546 1353 632 1386 ἐστιν,
657 1350 688 1380 οὗ
706 1355 722 1389 ἡ
739 1354 812 1380 οἰκία
828 1363 879 1381 κα-

78 1395 226 1428 valiant;
243 1397 356 1432 Ἕτερον
372 1397 427 1433 γὰρ
441 1398 471 1424 τὸ
485 1399 594 1433 σκῆνος,
611 1399 658 1426 καὶ
673 1399 736 1426 ἄλλο
749 1399 796 1426 τοῦ
812 1401 878 1436 σκή-

79 1450 142 1473 νους
157 1443 174 1477 ὴ
196 1442 288 1468 οἰκίςν
312 1443 360 1469 καὶ
374 1443 467 1479 ἕτερον
488 1445 578 1480 ἡμεῖς,
595 1440 632 1471 ὦν
649 1445 707 1471 ἐστι
720 1445 750 1471 τὸ
767 1445 876 1481 σκῆνος.

85 1487 154 1513 ἐὰν
169 1487 226 1522 τὰρ
241 1488 261 1522 ἡ
281 1488 412 1524 ἐπίγειος
428 1489 513 1524 ἡμῶν
533 1490 623 1523 οἰκία,
637 1490 716 1526 φησὶ,
730 1490 783 1518 τοῦ
802 1491 877 1524 σκή-

78 1541 154 1566 νους
164 1534 338 1569 καταλυθῇ
356 1533 411 1561 οἷον
425 1536 499 1571 ἡμᾶς
515 1536 563 1571 μὲν
578 1535 626 1568 τὰς
642 1535 730 1572 ψυχὰς
745 1534 814 1563 εἶναι
830 1537 877 1573 δη-

79 1578 185 1611 λώσας·
207 1580 308 1615 σ-κῆνος
329 1581 358 1607 δὲ
381 1581 412 1608 τὺ
435 1581 528 1616 σῶμα·
548 1581 638 1608 οἰκίαν
650 1582 679 1608 δὲ
695 1582 742 1608 τοῦ
760 1583 877 1618 σκήνους

937 155 1151 191 circumquaque
1168 156 1244 185 locus
1263 161 1426 192 cavaretur;
1442 158 1515 194 quod
1533 163 1651 195 nequeat
1665 168 1727 188 cor-

937 209 990 236 pus
1003 200 1122 234 aridum,
1139 200 1226 228 instar
1239 202 1399 230 substantia;
1411 203 1539 236 humidae,
1563 204 1597 231 ad
1615 205 1642 232 id
1654 206 1726 240 quod

936 253 1061 274 movetur
1071 250 1099 274 et
1115 245 1187 274 cedit
1207 247 1277 279 loco,
1292 249 1420 275 continuo
1441 249 1512 276 velut
1526 249 1640 283 aﬂluxu,
1653 259 1720 278 con-

937 293 1059 321 tendere.
1078 293 1138 321 Jam
1152 302 1216 322 vero
1226 294 1308 322 etiam
1324 294 1392 322 ﬁcus
1404 295 1527 323 videmus
1535 296 1590 332 (64)
1605 297 1726 332 aliasque

936 339 1071 373 ejusmodi
1083 340 1194 375 stirpes,
1210 341 1358 368 exstructis
1374 342 1557 370 monumentis
1573 342 1725 371 adnascen-

936 389 989 416 tes,
1002 388 1032 412 ut
1050 384 1119 412 nihil
1132 385 1244 413 omnino
1257 385 1363 413 aedilicii
1380 386 1409 413 in
1419 394 1448 414 se
1465 387 1539 421 ipsas
1550 393 1723 417 convertant.

937 429 966 458 Si
975 431 1037 466 quis
1045 439 1111 460 sane
1127 432 1215 460 editos
1226 433 1319 460 multis
1330 433 1409 461 annis
1421 432 1527 461 fructus
1542 433 1660 470 foliaque
1667 435 1725 462 col-

935 478 1019 513 ligere
1033 479 1170 510 statuerit,
1188 479 1285 507 multis
1301 479 1426 514 partibus
1445 480 1595 508 auctiorem
1614 481 1723 514 molem,

935 527 1008 550 terra
1023 524 1207 552 monumentis
1224 530 1332 560 aggesta
1351 525 1531 560 perspexerit.
1549 526 1724 555 Absurdissi-

934 577 1009 596 mum
1024 577 1089 605 ergo
1105 574 1157 602 est,
1170 571 1341 603 existimare,
1352 576 1453 600 terram
1463 573 1490 599 in
1500 572 1638 601 fructuum
1648 574 1724 602 uber-

934 618 1019 643 tatem
1033 614 1154 651 foliaque
1170 617 1296 644 consumi
1313 626 1321 650 ;
1337 625 1496 653 quanquam
1517 626 1564 654 per
1575 619 1646 646 hanc
1660 620 1725 647 tiant

933 662 1036 695 omnia,
1069 662 1160 691 sedem
1176 663 1234 698 ipsa
1250 668 1277 691 et
1291 663 1380 691 locum
1407 668 1564 699 praestante.
1591 664 1659 693 Nam
1677 674 1726 694 ne-

934 716 987 743 que
999 709 1077 744 panis
1102 710 1162 737 sine
1177 710 1250 737 mola
1277 709 1317 742 ﬁt,
1333 711 1392 738 sine
1406 711 1478 744 loco,
1490 711 1550 738 sine
1564 715 1687 747 tempore
1698 716 1725 739 et

934 755 1007 790 igni:
1034 763 1085 783 nec
1105 760 1196 784 tamen
1214 756 1313 784 horum
1330 756 1433 792 aliquid
1445 760 1487 785 est
1511 761 1559 784 aut
1581 757 1612 784 [it
1635 757 1724 793 panis.

935 800 1013 834 Quod
1027 802 1117 837 ipsum
1129 802 1157 830 in
1172 803 1311 832 sexcentis
1326 803 1388 832 aliis
1399 803 1546 840 contingit.

971 932 1004 961 ν.
1020 933 1077 961 Hoc
1090 933 1182 961 Pauli:
1197 932 1301 961 Scimus
1318 934 1397 966 enim,
1410 933 1536 968 quoniam
1551 934 1575 960 si
1590 934 1723 962 terrestris

933 979 1027 1007 domus
1040 985 1133 1007 nostra
1147 979 1309 1007 tabernaculi
1323 979 1484 1006 dissolvatur
1494 979 1529 1012 τ’,
1545 983 1598 1007 etc.
1629 979 1725 1015 Origc~

933 1027 1013 1054 nista:
1024 1026 1057 1054 ad
1074 1026 1222 1054 tollendam
1234 1033 1380 1062 corporum
1390 1026 1621 1054 resurrectionem
1636 1026 1723 1061 profe-

932 1077 998 1100 runt
1012 1092 1021 1106 ,
1035 1073 1169 1104 dicentes,
1181 1072 1392 1100 tabernaculum
1406 1080 1467 1100 esse
1477 1080 1596 1108 corpus;
1611 1072 1722 1100 domum

932 1123 1023 1147 autem
1038 1127 1093 1147 non
1108 1127 1192 1146 manu
1216 1119 1318 1146 factam
1333 1118 1361 1145 in
1377 1118 1465 1151 cmlis.
1482 1126 1542 1153 qua:
1558 1119 1597 1146 illi
1609 1119 1723 1146 commi—

932 1166 1076 1193 niscuntur
1096 1165 1229 1201 spiritalia
1254 1164 1424 1192 indumenta.
1451 1164 1521 1192 Hinc
1535 1165 1601 1193 dicit
1617 1164 1647 1193 S.
1666 1165 1722 1193 Me-

931 1212 1052 1244 thodius,
1068 1215 1283 1247 perterrestrem
1299 1210 1423 1243 domum,
1435 1211 1543 1238 brevem
1560 1211 1631 1238 lianc
1638 1211 1721 1238 vitam

931 1258 1044 1286 abusive
1067 1257 1272 1293 intelligendam
1290 1265 1297 1290 ;
1309 1265 1364 1283 non
1373 1264 1440 1284 vero
1451 1264 1512 1284 esse
1526 1257 1578 1284 hoc
1592 1257 1722 1284 taberna-

929 1304 1031 1331 culum.
1047 1303 1077 1331 Si
1091 1304 1174 1336 enim,
1191 1303 1290 1338 inquit,
1304 1310 1352 1338 per
1368 1306 1526 1330 terrestrem
1543 1303 1654 1330 domum
1666 1303 1722 1332 dis-

929 1351 1098 1383 solvendam,
1113 1357 1215 1384 corpus
1231 1355 1355 1375 nostrum
1372 1348 1407 1377 ab
1421 1356 1454 1377 eo
1474 1348 1587 1384 intelligi
1602 1349 1720 1384 putatis;

928 1397 993 1434 quid
1002 1397 1207 1424 tabernaculum
1215 1397 1260 1429 sit,
1268 1396 1373 1428 docete,
1383 1395 1462 1430 cujus
1474 1395 1572 1422 domus
1583 1394 1722 1423 sitdissc-i-

928 1443 1039 1471 venda?
1060 1442 1142 1470 Aliud
1157 1442 1230 1470 enim
1246 1447 1288 1470 cst
1308 1441 1527 1475 tabernaculum,
1542 1440 1614 1468 aliud
1632 1441 1722 1468 taber-

927 1489 1020 1518 naculi
1034 1489 1132 1516 domus
1151 1498 1158 1516 :
1173 1493 1200 1516 et
1215 1487 1290 1515 aliud
1308 1495 1376 1520 nos,
1396 1494 1513 1522 quorum
1532 1491 1573 1514 est
1593 1486 1720 1513 taberna-

927 1537 1029 1565 culum.
1046 1535 1077 1564 Si
1098 1537 1177 1568 enim,
1199 1535 1298 1570 inquit,
1314 1533 1445 1562 terrestris
1463 1533 1556 1559 domus
1572 1536 1663 1559 nostra
1680 1537 1722 1558 ta-

927 1583 1061 1611 bernaculi
1089 1581 1277 1609 dissolvatur:
1303 1581 1396 1613 velut,
1424 1586 1486 1607 esse
1510 1586 1572 1610 nos,
1591 1578 1719 1612 animas;

77 1623 127 1658 τὴν
140 1624 213 1651 κατὰ
226 1625 275 1660 τὴν
293 1625 434 1660 παροῦσαν
450 1626 522 1662 ζωὴν
536 1626 684 1654 ἀπόλαυσιν
698 1627 747 1663 τῆς
763 1627 875 1663 σαρκὸς,

931 1628 1135 1657 tabernaculum
1156 1632 1258 1659 autem,
1272 1634 1390 1661 corpus;
1404 1624 1572 1652 tabernaculi
1591 1631 1655 1651 vero
1670 1624 1721 1651 do-

77 1671 228 1705 τροπικῶς.
261 1672 323 1698 Ἐὰν
340 1670 387 1699 οὖν
404 1674 420 1708 ἡ
436 1672 483 1699 νῦν
497 1673 530 1708 δὴ
555 1672 624 1708 αὕτη
646 1675 663 1710 ἡ
679 1673 726 1700 τοῦ
749 1673 875 1709 σώματος

77 1717 134 1753 ζωὴ
158 1718 239 1753 δίκην
255 1718 344 1749 οἰκίας
358 1719 506 1755 καταλυθῇ,
530 1719 627 1755 ἕξομεν
649 1720 698 1755 τὴν
715 1721 743 1747 ὲν
757 1721 814 1752 τοῖς
829 1720 875 1746 οὺ-

79 1765 169 1798 ρσνοῐς
187 1764 410 1800 ἀχειροποίητον.
436 1765 683 1800 Ἀχειροποίητον,
698 1766 774 1802 φησὶ,
787 1766 832 1793 διὰ
846 1766 876 1792 τὸ

77 1810 270 1845 χειροποίητον
295 1810 398 1846 ταύτην
416 1811 542 1845 λέγεσθαι
563 1811 612 1847 τὴν
629 1811 711 1848 ζωὴν,
738 1811 809 1839 κατὰ
831 1812 877 1838 ἀν-

77 1855 260 1891 τιδιαστολὴν,
283 1856 360 1892 παρὰ
384 1857 414 1883 τὸ
437 1857 526 1885 πάντα
549 1858 628 1894 ἡμῶν
651 1859 686 1886 τὰ
709 1860 877 1895 κοσμήματα

78 1902 123 1928 καὶ
146 1902 348 1936 σπουδάσματα
372 1903 419 1930 τοῦ
447 1904 504 1939 βίου
531 1905 610 1940 χερσὶ
636 1905 814 1941 παλαμᾶσθαι
830 1905 877 1932 ἀν-

77 1947 208 1984 θρώπων.
225 1948 264 1974 Τὸ
277 1949 332 1984 γὰρ
348 1949 436 1985 σῶμα,
450 1950 646 1987 δημιούργημα
658 1951 780 1987 ὑπάρχον
795 1950 875 1984 Θεοῦ,

76 1994 271 2030 χειροποίητον
294 1995 325 2021 οὐ
358 1995 477 2029 λέγεται,
502 1997 543 2023 ὃτι
561 1997 599 2033 μὴ
623 1997 787 2033 ὲπαλαμήθη
811 1997 875 2032 τέχ-

79 2047 138 2071 ναις
150 2039 317 2075 ἀνθρώπων.
331 2041 363 2067 Et
377 2041 415 2073 δὲ,
431 2041 498 2069 διότι
514 2043 567 2069 ὑπὸ
579 2043 645 2070 Θεοῦ
661 2043 876 2080 ἐδημιουργήθη,

77 2086 269 2121 χειροποίητον
300 2087 367 2113 αὐτὸ
394 2087 517 2120 λέξουσι·
546 2089 728 2125 χειροποίητοι
750 2089 805 2124 ἄρα
829 2089 876 2116 καὶ

77 2132 104 2158 αί
120 2131 219 2167 ψυχαὶ,
243 2131 329 2169 [καὶ]
351 2134 375 2160 οἱ
400 2134 520 2168 ἄγγελοι,
539 2136 586 2162 καὶ
608 2135 643 2162 τὰ
666 2135 813 2171 ἐνδύματα,
842 2135 877 2163 τὰ

77 2178 104 2203 ἐν
117 2179 175 2209 τοῖς
188 2178 324 2216 οὐρανοῖς.
338 2178 405 2206 Θεοῦ
420 2180 474 2216 γὰρ
489 2181 625 2217 αὐτουργή
630 2190 702 2216 ματα
714 2182 760 2208 καὶ
771 2181 868 2208 ταῦτα.

929 1683 1016 1707 mum,
1029 1675 1121 1702 carnis
1139 1681 1251 1701 usuram
1274 1672 1301 1700 in
1316 1673 1372 1699 vita
1388 1671 1527 1707 prtesenti,
1540 1670 1680 1697 moraliter
1693 1673 1720 1696 et

930 1728 1013 1749 sensu
1039 1719 1155 1755 spiritali
1171 1718 1376 1754 signiﬁcaverit.
1395 1716 1424 1744 Si
1439 1724 1504 1752 ergo
1521 1716 1577 1743 haec
1595 1715 1719 1751 corporis

929 1767 985 1795 vita
1001 1767 1089 1794 instar
1101 1765 1199 1793 domus
1216 1765 1398 1796 dissolvatur.
1418 1763 1537 1790 habituri
1555 1770 1650 1789 sumus
1670 1761 1719 1788 do-

929 1820 1005 1840 mum
1029 1812 1103 1839 illam
1119 1819 1173 1839 non
1188 1819 1271 1838 manu
1288 1810 1388 1838 factam
1411 1810 1437 1836 in
1455 1809 1544 1837 caelis.
1562 1807 1648 1835 Vocat
1667 1815 1719 1835 non

930 1865 1010 1884 manu
1025 1857 1136 1892 fac/am,
1157 1855 1317 1884 ditl'erentia‘,
1344 1862 1451 1888 causa;
1479 1853 1552 1890 quod
1576 1854 1631 1881 vita
1661 1852 1719 1880 haec

930 1905 991 1933 ideo
1006 1911 1088 1932 manu
1105 1903 1175 1930 facta
1192 1902 1310 1934 dicatur.
1323 1902 1395 1937 quod
1412 1901 1501 1928 omnis
1517 1901 1577 1935 ejus
1586 1901 1678 1928 cultus
1691 1904 1719 1928 et

929 1947 1030 1981 studia,
1045 1947 1184 1975 hominum
1196 1947 1323 1974 manibus
1338 1945 1568 1973 administrentur
1580 1950 1607 1973 et
1623 1953 1719 1981 geran-

926 1998 981 2021 tur.
998 1993 1066 2020 Nam
1083 2000 1194 2027 corpus,
1210 1999 1273 2018 cum
1287 1991 1325 2018 sit
1337 1990 1383 2018 Dei
1410 1990 1560 2025 opiﬁcium,
1581 1998 1635 2017 non
1650 1991 1718 2020 dicis

925 2044 971 2068 tur
983 2048 1065 2067 manu
1080 2038 1193 2069 factum,
1211 2037 1285 2072 quod
1298 2044 1352 2064 non
1369 2036 1405 2064 sit
1416 2040 1475 2063 arte
1492 2037 1611 2063 humana
1629 2037 1715 2064 mani—

925 2086 976 2114 bus
991 2085 1173 2113 eﬂ‘ormatum.
1183 2082 1262 2117 Quod
1280 2083 1305 2111 si
1323 2082 1385 2110 ideo
1396 2089 1497 2117 corpus
1504 2081 1623 2109 dixerint
1634 2090 1716 2110 manu

925 2133 1039 2165 factum,
1055 2131 1127 2168 quod
1143 2130 1209 2158 illud
1226 2130 1297 2158 Deus
1313 2130 1348 2157 sit
1361 2135 1492 2164 operatus
1506 2149 1513 2161 ,
1530 2129 1611 2163 plane
1627 2129 1717 2163 sequi-

924 2185 980 2212 tur,
997 2183 1068 2207 utet
1084 2179 1192 2210 animte,
1208 2182 1234 2204 et
1251 2176 1348 2211 angeli,
1365 2176 1480 2210 ipsaque
1494 2175 1521 2202 in
1538 2174 1616 2202 cmlis
1631 2175 1716 2210 spiri-

78 2223 125 2255 Τίς
148 2222 195 2250 οὖν
211 2225 286 2251 ἐστιν
305 2226 320 2260 ὴ
346 2227 533 2262 χειροποίητος
548 2227 638 2262 οἰκία;
662 2228 693 2254 'H
715 2227 872 2264 βραχύϐιος,

931 2226 993 2254 talia
1004 2225 1176 2258 indumenta,
1193 2231 1276 2250 manu
1294 2221 1366 2249 facta
1379 2222 1517 2248 dicantur.
1535 2220 1603 2248 Nam
1613 2224 1640 2248 et
1657 2221 1714 2253 illa,

109 2302 135 2317 "
152 2301 185 2330 ιι
200 2301 264 2330 Cor.
275 2311 302 2335 ν,
321 2303 347 2330 1.

77 2383 134 2417 tur,
153 2384 204 2407 aut
221 2385 296 2408 certe
315 2381 408 2408 minus
429 2381 596 2417 percipiatur
619 2382 799 2409 subtractum.
821 2381 869 2408 Vi-

77 2416 173 2452 demus
189 2423 271 2450 quam
287 2424 390 2450 paucos
401 2417 518 2448 cineres,
532 2425 592 2452 qua:
610 2418 666 2445 fere
679 2422 788 2444 terrena
802 2418 870 2445 sub-

78 2451 180 2488 stantia
192 2451 219 2478 in
240 2451 479 2488 cotnbustibilibus
501 2451 554 2484 est,
573 2454 669 2488 ingens
691 2453 759 2480 silva
784 2453 869 2480 relin-

78 2488 160 2520 quat:
174 2487 266 2514 inesse
276 2495 343 2514 vero
356 2487 503 2522 plurimum
515 2489 586 2516 aeris
595 2487 752 2520 arboribus,
768 2488 871 2516 indicat

113 2587 169 2622 (62)
190 2587 294 2620 Ἀποξ.
313 2588 397 2616 Sirm.
415 2589 619 2622 ἀναξυλοῦσθαι.

113 2623 170 2659 (63)
186 2624 320 2651 Γίνεται.
344 2623 400 2655 AL,
416 2624 553 2658 γίνωνται.
569 2624 602 2652 Et
621 2633 683 2652 mox
705 2624 784 2659 forte,
798 2634 832 2662 χρ
843 2625 870 2652 ὒ-

113 2667 154 2685 να.

81 2666 168 2731 Ὕὲλ)
182 2694 266 2722 Ficus
276 2694 405 2726 videmus,
417 2699 469 2723 etc.
481 2694 612 2730 Accipere
627 2695 731 2731 aliquid
745 2704 760 2724 e
775 2697 866 2731 parie-

80 2728 148 2757 tibus
163 2731 266 2765 quibus
281 2732 482 2762 adnascuntur,
502 2728 660 2765 huj‘usxnodi
674 2728 735 2759 sive
755 2728 865 2766 caprili—

80 2771 131 2796 cos,
158 2766 217 2793 sive
241 2766 345 2800 stirpes
370 2766 449 2798 alias,
474 2771 572 2800 praeter
596 2767 659 2798 alia,
675 2767 757 2794 etiam
784 2768 863 2794 ruina

82 2800 202 2828 ostendit.
222 2809 309 2828 quam
330 2801 440 2830 tandem
465 2801 580 2830 aedilicio
598 2801 724 2834 aﬂ‘erunt,
740 2802 863 2834 disiectis

925 2382 1031 2412 levitas,
1048 2389 1102 2416 qua
1124 2381 1205 2409 etiam
1222 2380 1302 2416 aquis
1319 2382 1516 2415 supernatant;
1533 2385 1632 2416 aquam
1648 2385 1714 2406 vero

927 2422 1027 2452 preter
1042 2415 1094 2444 alia
1112 2416 1232 2444 ostendit
1249 2424 1344 2454 earum
1360 2416 1452 2454 virens
1468 2415 1602 2445 luxuries,
1620 2417 1714 2454 matu-

924 2457 1070 2488 ratumque
1083 2456 1269 2488 augmentum,
1283 2452 1384 2487 quibus
1395 2451 1463 2479 locis
1474 2457 1552 2485 aquae
1566 2451 1645 2484 copia
1656 2457 1715 2476 ma-

924 2493 1000 2516 nant.

925 2590 1062 2625 lapidibus
1087 2590 1255 2625 intrusisque
1271 2590 1300 2616 in
1320 2590 1409 2617 locum
1420 2586 1711 2625 cmmemiradicibus,

923 2623 1038 2660 ejusque
1057 2630 1171 2652 exsucta
1186 2623 1275 2653 terreo
1291 2625 1447 2659 pinguiore;
1467 2629 1497 2651 ut
1511 2623 1608 2660 debeat
1625 2630 1712 2660 quan-

922 2658 1012 2695 doque
1028 2661 1118 2696 paries
1133 2659 1232 2688 infesta
1243 2658 1411 2696 plantatione
1419 2658 1612 2696 depurgandus
1623 2658 1708 2690 dirui,

920 2694 1064 2732 novusque
1084 2694 1251 2732 instaurari;
1271 2695 1345 2732 quod
1366 2695 1424 2732 ipse
1443 2694 1596 2732 Methodius
1616 2701 1713 2720 exent-

919 2732 1005 2766 plum,
1019 2729 1047 2758 in
1059 2735 1191 2764 nostram,
1205 2730 1329 2765 stirpitus
1344 2729 1485 2766 evellendo
1501 2734 1621 2766 peccato,
1637 2736 1715 2761 mor,

918 2765 983 2797 tem.
995 2770 1208 2802 secuturumque
1222 2765 1464 2799 resurrectionem,
1474 2765 1581 2802 egregie
1595 2765 1623 2793 in
1632 2772 1701 2800 supe

915 2803 1035 2831 rioribus
1049 2801 1169 2830 deducit.
