1911 3072
208 53 257 82 5H

694 53 722 82 S.
744 53 910 82 METllODll
925 53 1081 82 EPlSCOI’l
1101 54 1145 81 ET
1166 55 1347 82 MARTYRIS

1784 56 1838 83 512

207 111 266 139 suis
280 110 354 137 velut
367 108 504 142 manibus,
519 109 544 136 is
561 108 619 144 ipse
634 113 773 144 operatus,
787 109 859 137 fecit.
871 109 938 143 Qua:
952 118 982 138 es

1046 110 1082 142 ὠς
1099 109 1177 145 ἔφην,
1193 110 1262 146 αὕτη
1276 111 1343 146 ζωὴ,
1357 111 1373 146 ἡ
1389 111 1437 137 ἀπ’
1455 111 1632 148 ἀνθρωπίνων
1649 111 1750 148 χειρῶν
1774 111 1839 148 δρε-

206 164 272 192 ergo
286 156 383 183 domus
399 163 480 182 manu
497 155 590 182 facta?
617 155 717 192 Utique
736 157 828 184 brevis
843 158 900 184 haec
926 159 992 188 vita,

206 200 432 239 quemadmodum
457 202 593 235 dicebam,
621 203 748 231 humanis
764 203 891 231 manibus
919 203 994 230 velut

206 251 302 277 alTecta
317 254 345 276 et
361 250 524 276 sustemata.
539 248 606 276 Nam
632 249 731 284 inquit,
746 249 779 276 In
793 250 891 277 sudore
907 250 993 276 vultus

206 297 244 323 tui
254 296 363 323 vesceris
379 303 446 330 pane
464 299 507 322 tuo
525 295 547 311 ⁷³
562 303 571 321 ;
587 303 640 330 qua
653 295 796 328 dissoluta,
812 296 993 324 immortalem

204 341 278 369 illam
291 341 374 368 vitam
391 349 444 369 non
457 349 540 369 manu
555 341 654 368 iactam
663 349 846 376 occupamus:
862 341 993 377 quemad-

203 389 314 417 modum
327 390 384 424 ipse
401 389 534 417 Dominus
550 389 708 421 declaravit,
724 397 787 417 cum
800 389 870 416 dixit
886 389 927 416 7*:
940 388 992 416 Fa-

202 436 252 464 cite
276 435 347 464 vobis
363 437 462 464 amicos
481 437 512 464 de
533 445 683 464 mammona
697 437 786 471 iniquo
801 436 868 472 (65),
880 441 911 463 ut
933 444 992 463 cum

202 481 373 516 defeceritis,
400 482 529 516 recipiant
552 490 597 508 vos
623 482 650 508 in
679 486 778 508 (eterna
805 481 989 510 tabernacula.

202 527 281 560 Quod
300 528 371 555 enim
386 527 442 554 illic
461 526 592 554 Dominus
607 526 778 553 tabernacula
792 526 899 553 vocavit
914 546 921 558 ,
946 525 990 552 hic

202 575 349 610 Apostolus
377 577 456 601 vocat
482 573 648 599 indumenta.
674 571 752 605 Quod
769 571 824 599 illic
841 572 939 599 amicos
959 571 991 598 de

199 621 350 656 iniquitate,
364 619 408 647 hic
416 620 564 655 Apostolus
574 619 665 646 domos
679 618 870 646 dissolvendas.
887 617 989 651 Quem-

202 667 347 694 admodum
372 674 447 701 ergo,
472 673 535 693 cum
559 665 702 700 praesentis
723 665 786 692 vitm
807 668 908 692 nostrae
931 663 990 692 dies

201 713 360 746 defecerint,
368 716 476 740 nostras
485 712 591 739 animas
599 715 663 739 sunt
676 715 822 746 acceptura
837 710 989 738 beneﬁcen-

200 759 244 786 tia:
259 758 367 790 merita,
382 758 407 786 si
420 765 484 793 qua,
497 757 590 792 iniqua
600 757 651 784 hac
667 757 733 789 vita,
744 757 963 792 comparavimus
980 765 988 791 ;

1047 157 1268 193 ματουργημένη.
1293 157 1374 192 didm
1397 157 1461 193 γὰρ,
1489 158 1580 194 φησὶν,
1608 158 1644 185 ἐν
1666 158 1764 193 ἱδρῶτι
1783 159 1839 186 τοῦ

1045 202 1206 236 προσώπου
1233 211 1292 230 σου
1324 202 1377 229 τὸν
1404 202 1494 237 ἄρτον
1520 211 1594 230 σου·
1618 201 1652 240 ἦς
1674 204 1839 231 καταλυθεὶ-

1046 256 1105 282 σης,
1129 248 1237 283 ἐκείνην
1255 248 1304 284 τὴν
1324 249 1528 284 ἀχειροποίητον
1550 248 1622 285 ζωὴν
1642 249 1751 285 ἔχομεν.
1778 251 1840 277 Κα-

1044 293 1132 329 θάπερ
1149 294 1196 320 καὶ
1213 295 1227 320 ὁ
1245 293 1347 330 Κύριος
1361 294 1454 327 εἰπὼν,
1471 295 1605 330 ἐδήλωσε⁴
1620 295 1772 330 Ποιήσατε
1788 296 1839 330 φί-

1043 342 1119 373 λους
1137 340 1172 366 ἐκ
1183 340 1238 374 τῆς
1252 340 1370 373 ἀδικίας
1384 340 1437 368 τοῦ
1452 340 1609 376 μαμμωνᾶ,
1620 342 1680 374 ἵνα,
1698 342 1774 369 ὅταν
1786 343 1839 369 ἑκ-

1041 387 1160 420 λίπητε,
1182 386 1325 419 δέξωνται
1343 386 1421 422 ὑμᾶς
1435 388 1479 419 εις
1492 388 1545 420 τὰς
1553 388 1693 421 αὶωνίους
1702 388 1836 422 σκηνάς.

1045 433 1078 459 '0
1094 432 1151 468 γὰρ
1181 434 1239 459 ἐκεῖ
1264 433 1383 467 σκηνὰς
1400 434 1414 459 ὁ
1435 434 1537 469 Κύριος
1552 434 1675 467 ἐκάλεσε,
1691 435 1772 461 τοῦτο
1787 436 1837 462 ὲν‹

1041 479 1129 506 ταῦθα
1149 481 1163 506 ὁ
1184 480 1343 511 ’Λπόστολος
1365 479 1525 515 ἐνδύματα.
1546 481 1578 507 '0
1596 480 1625 508 δὲ
1644 481 1703 507 ἐκεῖ
1722 481 1838 515 φίλους

1041 526 1075 553 ἐκ
1090 526 1146 561 τῆς
1156 526 1284 559 ἀδικίας,
1301 525 1418 553 ἐνταῦθα
1432 526 1658 561 καταλυομένας
1674 529 1688 554 ὁ
1704 528 1837 554 ’Λπόστο-

1041 571 1086 603 λος
1114 572 1218 606 οἰκίας.
1243 572 1378 608 Καθάπερ
1393 572 1470 607 γοῦν,
1494 573 1540 600 ἐὰν
1556 573 1713 608 ὲλλείψωςιν
1735 575 1763 600 αι
1782 573 1837 609 τῆς

1041 618 1183 654 παρούσης
1202 618 1275 654 ζωῆς
1291 619 1368 654 ἡμῶν
1385 619 1496 655 ἡμέραι,
1513 620 1547 646 τὰ
1561 620 1628 656 πρὸς
1643 621 1766 647 εὐποιίαν
1783 620 1837 652 τὰς

1039 663 1128 700 ψυχὰς
1154 664 1233 700 ἡμῶν
1256 664 1429 698 ὑποδέξονται
1457 665 1703 702 ἀγαθοεργήματα,
1733 666 1750 693 ἂ
1777 666 1835 692 ἀπὸ

1039 710 1088 745 τῆς
1103 711 1131 737 ἐν
1142 712 1175 747 τῇ
1188 711 1280 747 ἀδικίᾳ.
1299 711 1373 747 ζωῆς
1396 713 1581 748 ἐκτησάμεθα,
1594 714 1633 749 τῷ
1645 713 1698 741 τὸν
1712 715 1837 749 κόσμον

1039 757 1074 783 ἐν
1091 756 1130 789 τῷ
1154 757 1274 792 πονηρῷ
1299 758 1415 786 κεῖσθαι
1428 767 1434 773 ·
1452 759 1532 791 οὕτω,
1549 759 1598 795 τῆς
1621 760 1694 795 ζωῆς
1709 760 1833 787 καταλυ-

200 814 233 834 eo
250 806 353 840 iniqua,
371 805 442 840 quod
459 805 573 832 mundus
601 805 636 832 sit
654 804 755 838 positus
771 805 798 831 in
812 803 928 838 maligno
940 803 962 819 "
978 824 982 830 .

1040 802 1133 838 θεία-ης
1150 803 1200 838 τῆς
1215 803 1370 840 ὼκυμόρου,
1383 805 1432 841 τὴν
1448 806 1502 841 πρὸ
1514 806 1562 841 τῆς
1578 806 1753 838 ἀναστάσεως
1769 807 1835 840 ἕξο-

200 854 238 880 ita
254 854 309 880 cito
327 853 447 888 peritura
463 852 519 880 vita
547 852 599 879 hac
619 851 764 883 dissoluta,
790 851 982 879 habitationem

1041 858 1091 884 μεν
1116 849 1231 885 οἴκησιν,
1258 851 1286 878 αὶ
1313 851 1407 887 ψυχαὶ,
1431 852 1505 887 παρὰ
1518 852 1557 888 τῷ
1576 852 1635 888 Θεῷ
1665 853 1731 888 (67),
1754 855 1795 885 εἰς
1807 853 1834 880 τ’

200 900 272 935 apud
291 899 374 927 Deum
404 906 464 934 quae
491 903 534 926 est
559 902 622 925 ante
643 897 873 925 resurrectionem
888 918 896 931 ,
923 898 986 933 ipsi,

199 946 252 974 hoc
267 949 309 973 est
330 946 437 977 animae,
461 953 556 973 smnus
572 945 691 971 habituri
707 944 776 980 (66),
799 943 887 972 donec
908 943 987 971 nobis

198 993 378 1020 instauratam
395 991 506 1018 domum
529 991 614 1023 illam,
632 998 783 1026 numquam
803 998 929 1019 casuram
944 999 987 1018 re-

196 1041 342 1075 cipiamus.
363 1038 436 1066 Unde
460 1043 485 1066 et
510 1039 717 1074 ingemiscimus,
734 1046 764 1065 eo
778 1037 847 1073 quod
863 1038 986 1065 nolumus

195 1084 341 1119 exspoliari
357 1092 469 1119 corpus,
488 1084 533 1111 sed
550 1087 656 1112 retento
673 1083 730 1116 illo,
748 1083 831 1110 vitam
852 1083 986 1119 reliquam

197 1130 411 1165 xupervestiri".
427 1129 495 1157 Illud
512 1130 584 1157 enim
602 1129 633 1156 de
649 1129 713 1156 ειείο
727 1129 902 1160 domicilium,
916 1128 986 1163 quod

196 1177 350 1212 superinduti
371 1177 501 1211 cupimus,
530 1177 721 1204 immortalitas
743 1180 785 1203 est
803 1185 809 1203 :
824 1183 907 1211 quam
923 1183 985 1202 cum

195 1224 330 1252 fuerimus
356 1223 540 1258 superinduti,
570 1223 753 1250 absorbebitur
779 1223 889 1258 penitus
905 1222 984 1257 quid-

195 1270 260 1306 quid
275 1271 303 1297 in
318 1279 350 1298 ea
369 1269 508 1297 iulirmum
524 1274 567 1296 est.
583 1273 610 1296 et
626 1269 747 1300 mortale,
764 1268 797 1295 ab
815 1274 915 1296 aeterna
930 1269 985 1295 vita

195 1321 399 1353 consumptum.
419 1316 470 1343 Per
486 1316 565 1351 ﬁdem
590 1317 659 1343 enim
684 1315 862 1347 ambulamus,
886 1320 911 1342 et
932 1323 984 1342 non

193 1372 240 1399 per
252 1364 363 1398 speciem
378 1363 412 1390 ⁷⁷.
432 1362 490 1389 Hoc
505 1366 547 1390 est
567 1372 574 1390 :
595 1362 664 1389 Nam
679 1363 768 1390 adhth
784 1370 833 1398 per
850 1362 929 1390 ﬁdem
945 1362 984 1389 in-

194 1409 328 1440 cedimus,
344 1412 444 1435 statum
458 1408 533 1435 illum
550 1408 746 1436 obscurissima
763 1408 983 1437 consideratione

193 1455 367 1489 aspicientes,
380 1458 405 1480 et
425 1461 478 1480 non
493 1453 567 1481 clare
581 1462 588 1487 ;
601 1457 631 1480 ut
646 1453 749 1486 videre,
764 1452 817 1481 frui
836 1457 864 1481 et
877 1460 938 1481 esse
953 1453 981 1479 in

193 1501 241 1528 illo
255 1501 401 1535 possimus.
420 1499 477 1527 lloc
492 1505 580 1527 autem
599 1501 669 1534 dico,
683 1500 791 1535 fratres,
806 1500 868 1535 quia
878 1507 942 1527 caro
957 1503 981 1526 et

191 1547 300 1582 sanguis
325 1554 432 1581 regnum
452 1546 498 1573 Dei
513 1546 646 1582 possidere
674 1554 726 1574 non
749 1550 860 1580 possunt
876 1553 885 1578 ;
902 1554 982 1581 neque

191 1593 326 1627 corruptio
352 1593 575 1627 incorruptionem
598 1592 743 1628 possidebit
759 1593 792 1622 ⁷⁸,
816 1592 915 1620 Carnis
931 1600 982 1619 no-

191 1639 265 1667 mine
294 1647 350 1666 non
374 1639 461 1674 ipsam
477 1647 587 1667 carnem
614 1638 790 1674 signiﬁcavit,
807 1639 855 1666 sed
869 1639 981 1666 brutum

190 1686 344 1720 appetitum
358 1685 385 1712 in
401 1685 516 1713 lascivas
531 1685 631 1713 anima:
657 1685 822 1720 voluptates.
844 1683 897 1711 Ubi
915 1691 981 1719 ergo

191 1731 317 1761 dixisset,
330 1731 398 1766 quod
413 1740 475 1758 caro
490 1736 516 1759 et
531 1732 640 1768 sanguis
657 1739 766 1766 regnum
786 1731 832 1758 Dei
846 1730 981 1765 possidere

190 1786 242 1804 non
261 1783 382 1812 possunt,
399 1782 601 1813 consequentur
613 1777 810 1812 pronuntiavit,
826 1785 906 1813 neque
920 1785 980 1804 cor-

191 1825 278 1859 ruptio
309 1825 531 1859 incorruptimtem
559 1824 713 1859 possidebit.
731 1824 813 1860 Atqui
840 1824 980 1858 corruptio

189 1879 245 1898 non
256 1879 302 1899 res
319 1872 378 1906 ipsa
400 1876 443 1899 est
468 1880 529 1907 quae
554 1873 751 1907 corrumpitur,
767 1871 815 1900 sed
829 1872 902 1907 quod
916 1879 979 1899 cor-

188 1918 301 1953 rumpit.
318 1918 484 1946 Prmvalente
501 1918 609 1954 quidem
627 1923 715 1946 morte
726 1939 733 1951 ,
764 1919 851 1953 vergit
877 1926 979 1953 corpus

189 1965 218 1992 in
234 1966 436 2001 corruptionem
457 1976 463 1993 :
480 1970 575 1994 contra
593 1975 668 1998 vero,
692 1970 870 2001 permanente
895 1966 922 1992 in
946 1973 979 1992 eo

187 2011 255 2043 vita,
281 2015 334 2039 stat
362 2012 585 2040 illabefactatum.
611 2013 702 2046 Quare
729 2020 790 2040 cum
815 2020 880 2039 caro
908 2012 979 2039 inter-

189 2058 308 2086 conﬁnia
324 2059 509 2094 corruptionis
520 2064 547 2087 et
561 2059 788 2094 incorruptionis,
806 2066 838 2086 ac
855 2067 905 2085 ncc
916 2066 978 2086 cor-

188 2106 279 2140 ruptio
292 2114 342 2133 nec
357 2106 527 2141 incorruptio
542 2107 612 2133 facta
639 2110 731 2139 esset;
746 2106 815 2133 victa
830 2113 895 2133 vero
911 2113 976 2140 pro-

187 2156 249 2188 pter
263 2153 440 2187 voluptatem,
455 2160 610 2189 quanquam
632 2152 850 2187 incorruptionis
867 2159 937 2187 opus
950 2155 977 2179 et

995 1477 1016 1505 C

1039 895 1327 932 ἀνακαινοποιηθεῖσαν
1351 898 1416 933 ἡμῖν
1439 898 1564 926 ἄπτωτον
1588 899 1766 935 ἀναλάϐωμεν
1780 901 1834 936 τὴν

1038 941 1137 969 οἰκίαν,
1165 942 1248 970 Ὅθεν
1275 943 1323 970 καὶ
1354 944 1543 979 στενάζομεν,
1562 945 1605 981 μὴ
1632 945 1772 980 θέλοντες
1801 947 1834 974 τὸ

1040 986 1119 1023 σῶμα
1148 989 1393 1023 ἀπεκδύσασθαι,
1424 991 1492 1018 ἀλλ’
1525 993 1568 1019 ἐπ’
1597 992 1671 1028 αὐτῷ
1694 994 1743 1029 τὴν
1776 994 1835 1020 λοι-

1038 1034 1091 1070 πὴν
1122 1035 1346 1064 ἐπενδύσασθαι
1366 1036 1449 1073 ζωήν.
1474 1038 1511 1065 Τὸ
1532 1038 1587 1074 γὰρ
1608 1039 1780 1074 οἰκητήριον
1798 1049 1834 1068 το

1036 1080 1071 1113 ἐξ
1088 1081 1227 1115 οὐρανοῦ,
1244 1081 1259 1108 ὃ
1273 1082 1496 1111 ἐπενδύσασθαι
1507 1084 1717 1120 ἐπιθυμοῦμεν,
1730 1087 1747 1121 ἡ
1761 1086 1834 1114 ἀϐα-

1037 1127 1116 1154 νασία
1129 1128 1203 1156 ἐστίν
1214 1137 1220 1143 ·
1235 1128 1268 1164 ἢν
1286 1129 1333 1156 ἐὰν
1355 1130 1574 1166 ὲπενδυσώμεοα,
1589 1132 1833 1165 καταποθήσεται

1037 1174 1092 1200 πᾶν
1102 1174 1133 1201 τὸ
1150 1175 1179 1201 ἐν
1199 1175 1266 1210 αὐτῇ
1280 1176 1432 1212 ὁλοσχερῶς
1448 1177 1568 1210 ἀσθενὲς,
1580 1178 1638 1206 ὑπὸ
1649 1179 1699 1214 τῆς
1712 1179 1832 1215 ἁχρόνου

1036 1218 1110 1253 ᾇοῆς
1122 1221 1322 1254 καταναλωθὲν,
1339 1222 1386 1248 καὶ
1402 1223 1521 1256 θνητόν.
1540 1224 1591 1250 Διὰ
1618 1225 1748 1258 πίστεως
1773 1226 1830 1261 γὰρ

1036 1267 1264 1302 περιπατοῦμεν,
1287 1269 1323 1296 οὐ
1349 1269 1398 1296 διὰ
1409 1269 1519 1303 εἴδους.
1546 1270 1691 1298 Τουτὲστι-
1708 1272 1758 1299 Διὰ
1781 1272 1836 1299 πί-

1036 1320 1121 1344 στεως
1134 1312 1188 1348 γὰρ
1199 1314 1374 1350 ἑπιϐαῐνομεν
1391 1315 1441 1348 ἐτι,
1460 1316 1644 1352 ἀτρανωτάτῳ
1657 1317 1783 1353 λογισμῷ
1793 1319 1829 1345 τὰ

1035 1360 1092 1386 ἐκεῖ
1109 1361 1259 1396 πράγματα
1273 1363 1494 1395 κατοπτεύοντες,
1515 1365 1560 1391 καὶ
1577 1364 1608 1391 οὺ
1626 1365 1719 1400 σαφῶς
1730 1373 1738 1380 ·
1756 1365 1828 1392 ὥστε

1034 1407 1081 1432 καὶ
1093 1408 1168 1443 ὁρᾷν,
1188 1409 1235 1434 καὶ
1258 1409 1415 1442 ἀπολαύειν,
1433 1411 1481 1437 καὶ
1491 1412 1519 1437 ἐν
1532 1411 1623 1443 αὐτοῖς
1640 1409 1720 1439 εἶναι.
1734 1412 1830 1438 Τοῦτο

1033 1451 1067 1479 δέ
1077 1462 1164 1489 φημι,
1185 1454 1321 1490 ἀδελφοὶ,
1341 1455 1385 1482 ὅτι
1398 1456 1476 1490 σὰρξ
1490 1457 1540 1484 καὶ
1552 1455 1623 1492 αἷμα
1638 1458 1833 1492 κληρωεομῆ-

1035 1507 1087 1526 σαι
1100 1500 1264 1531 ,ϐασιλείαν
1285 1501 1360 1529 Θεοῦ
1383 1503 1418 1529 οὐ
1432 1502 1584 1537 δύνανται,
1605 1504 1676 1532 οὐδὲ
1694 1506 1714 1539 ἡ
1731 1505 1831 1540 φθορὰ

1033 1545 1092 1579 τὴν
1103 1546 1276 1581 ἀφθαρσίαν
1294 1548 1481 1583 κληρονομεῖ.
1501 1549 1605 1585 Σάρκα,
1626 1550 1719 1586 φησὶν,
1734 1551 1765 1577 οὺ
1776 1551 1829 1585 τὴν

1034 1591 1123 1627 σάρκα
1153 1593 1239 1628 αὐτὴν
1268 1593 1412 1629 ἐδήλωσεν,
1430 1594 1564 1631 ἀλλάετὴν
1584 1596 1680 1630 ἄλογον
1693 1597 1762 1632 πρὸς
1776 1596 1829 1629 τὰς

1035 1637 1180 1673 μαχλώσας
1211 1638 1261 1674 τῆς
1289 1639 1378 1675 ψυχῆς
1400 1641 1488 1676 ὁρμὴν
1509 1641 1615 1677 ἡδονάς,
1636 1641 1729 1670 Εἰπὼν
1754 1640 1803 1669 οὖν
1817 1651 1826 1658 ο

1034 1682 1094 1709 Ὅτι
1103 1683 1182 1717 σὰρξ
1193 1684 1241 1710 καὶ
1252 1681 1323 1719 alga
1333 1685 1496 1716 ,ϐασιλείαν
1508 1686 1582 1714 Θεοῦ
1597 1688 1829 1723 κληρονομῆσαι

1032 1730 1068 1755 οὺ
1098 1729 1256 1757 δύνανται·
1292 1732 1500 1767 ἐπαπεφήνατοσ
1518 1732 1594 1760 Οὐδὲ
1616 1734 1635 1767 ὴ
1654 1734 1751 1768 φθορὰ
1767 1734 1829 1768 τὴν

1031 1776 1203 1810 ἀφθαρσίαν
1221 1779 1409 1813 κληρονομεῖ.
1433 1779 1522 1815 Φθορὰ
1538 1780 1566 1807 δὲ
1580 1781 1629 1807 οὐκ
1642 1781 1708 1807 αὐτό
1722 1783 1780 1808 ἐστι
1795 1782 1827 1808 τὸ

1032 1822 1220 1859 φθειρόμενον,
1234 1824 1302 1852 ἀλλὰ
1316 1825 1347 1852 τὺ
1363 1825 1482 1862 φθεῖρον.
1506 1827 1755 1864 Ἑπικρατήσαντος
1773 1828 1825 1864 μὲν

1031 1870 1085 1906 γὰρ
1101 1870 1148 1897 τοῦ
1168 1871 1294 1905 Θανάτου,
1310 1871 1429 1900 κλίνεται
1442 1873 1472 1899 τὸ
1483 1873 1562 1909 σῶμα
1577 1875 1615 1906 εἰς
1630 1873 1747 1910 φθοράν·
1765 1876 1826 1902 ἐπι-

1033 1917 1165 1954 μενούσης
1189 1918 1218 1945 δὲ
1235 1917 1353 1953 ἔμπαλιν
1364 1919 1413 1954 τῆς
1426 1919 1499 1953 ζωῆς
1524 1920 1553 1946 ἐν
1569 1920 1653 1956 αὐτῷ,
1669 1921 1769 1956 ἕστηκε
1784 1922 1824 1958 μὴ

1030 1963 1255 2000 καθαιρούμενον.
1277 1965 1322 1991 Διὸ
1350 1965 1443 2000 ἐπειδὴ
1462 1966 1586 2002 μεθόριον
1604 1967 1654 2002 τῆς
1668 1967 1825 2004 ἀφθαρσίας

1030 2011 1148 2046 ἐγενήθη
1157 2012 1205 2038 καὶ
1216 2012 1266 2047 τῆς
1277 2011 1380 2047 φθορᾶς
1391 2013 1409 2047 ἡ
1425 2011 1502 2047 σὰρξ,
1517 2014 1567 2040 οὐκ
1577 2011 1645 2041 οὖσα
1660 2014 1718 2040 οὐδὲ
1734 2014 1825 2051 φθορὰ

1029 2055 1090 2082 οὐδὲ
1103 2056 1252 2092 ἀφθαρσεα,
1270 2056 1409 2092 ἐκρατήθη
1430 2057 1457 2083 δὲ
1469 2057 1512 2084 διὰ
1531 2058 1580 2093 τὴν
1591 2058 1687 2094 ἡδονὴν
1706 2059 1759 2086 ὑπὸ
1773 2060 1824 2095 τῆς

1030 2103 1143 2139 φθορᾶς,
1170 2103 1275 2139 ποίημα
1302 2104 1352 2139 τῆς
1371 2103 1524 2139 ἀφθαρσίας
1549 2105 1596 2131 καὶ
1623 2106 1716 2141 κτῆμα
1731 2106 1824 2142 ὑπάρ-

1030 2159 1116 2185 χουσα
1129 2159 1135 2164 ·
1165 2150 1210 2176 διὰ
1235 2150 1313 2177 τοῦτο
1339 2150 1484 2186 γεγένηται
1500 2152 1539 2183 εἰς
1552 2151 1665 2187 φθοράν.
1683 2153 1738 2180 Καὶ
1761 2153 1825 2179 ἐπεὶ

185 2200 341 2236 possessio,
365 2199 463 2226 fuisset
483 2207 498 2226 τι
519 2199 714 2234 corruptione:
746 2202 890 2233 propterea
913 2206 976 2226 cor-

1036 2196 1214 2233 τυνεκροτήθη
1236 2197 1292 2233 (68)
1316 2197 1368 2223 ὑπὸ
1384 2198 1434 2233 τῆς
1447 2198 1559 2234 φθορᾶς,
1578 2200 1624 2226 καὶ
1653 2200 1762 2237 θανάτῳ
1778 2201 1824 2229 διὰ

218 2257 243 2274 ⁷³
257 2255 321 2284 Gen.
337 2264 378 2289 nt,
392 2257 436 2284 19.
474 2258 498 2273 ⁷⁵
511 2257 577 2286 Luc.
595 2267 650 2291 xvr,
665 2258 692 2286 9.
730 2259 754 2275 "
766 2259 776 2286 1
789 2258 869 2286 Joan.
885 2268 913 2290 ν,
930 2260 970 2286 l9.

222 2302 279 2337 (65)
303 2301 342 2339 Dr
365 2310 516 2339 mammona
538 2303 637 2338 iniquo.
662 2303 709 2330 Ἐκ
723 2304 773 2339 τῆς
797 2304 905 2336 ἀδικίας
927 2304 974 2331 τοῦ

187 2338 344 2375 μαμμωνόἱἵ
372 2338 444 2375 velut
467 2346 501 2364 ex
531 2339 664 2372 injustitia
692 2347 855 2366 mammonae
874 2348 880 2366 :
901 2340 974 2375 quod

186 2381 311 2408 magnam
339 2373 420 2399 habet
441 2375 647 2408 expressionem
669 2383 675 2399 :
693 2382 850 2408 quanquam
875 2373 976 2402 habent

185 2407 279 2435 Graeca
300 2407 365 2434 Luc.
385 2412 412 2434 ut
437 2407 554 2436 reddidit
579 2414 674 2436 noster
699 2407 845 2442 interpres.
870 2411 902 2436 ὲκ
928 2410 975 2436 τοῦ

187 2443 326 2478 μαμμωνᾶ.
335 2443 384 2477 τῆς
393 2443 498 2475 ἀδικίας
512 2454 517 2470 2
531 2452 581 2471 nec
598 2444 666 2472 forte
682 2444 749 2471 illud
766 2444 892 2471 Methodii
904 2445 976 2472 aliud

185 2483 227 2506 est
242 2486 323 2512 quam
343 2478 507 2514 ῥπερῆατόν,
529 2480 620 2514 qualia
641 2480 743 2514 passim
764 2480 837 2507 illius
855 2484 976 2513 exstant,

186 2522 217 2540 ac
231 2514 304 2540 velut
320 2513 454 2540 affectata.

222 2549 279 2583 (66)
295 2547 363 2585 Ipsi,
379 2548 426 2585 [Ioc
445 2550 612 2585 est_auintm,
628 2558 718 2576 sumus
740 2549 866 2581 habituri,
880 2550 977 2585 ἕξομεν

185 2583 350 2620 οἴκησινρῇαὶ
370 2583 464 2619 ψυχαί.
483 2583 528 2611 Sic
540 2585 621 2618 paulo
642 2585 756 2612 inferius
774 2594 801 2611 n.
820 2586 856 2611 7:
881 2583 977 2620 Ἡμεῖς

185 2617 274 2655 γὰροί
290 2617 391 2650 ζῶντες
409 2617 435 2645 αἱ
448 2617 644 2655 ψυχαιίὲσμεν,
659 2628 706 2646 nos
723 2620 768 2654 qui
783 2621 903 2651 vivimus.
916 2617 977 2647 ani-

186 2663 235 2680 uta:
258 2662 362 2685 sumus,
387 2655 461 2681 velut
481 2659 567 2681 totum
592 2655 739 2687 hominem,
756 2663 835 2682 unam
855 2656 975 2682 animam

187 2688 326 2716 Platonice
348 2693 488 2724 agnoscat,
503 2694 530 2716 et
544 2690 609 2716 velit
623 2698 638 2716 a
658 2689 743 2716 Paulo
763 2690 946 2724 signiﬁcatum
964 2699 971 2717 :

185 2724 258 2758 quod
282 2724 348 2750 nihil
363 2723 511 2752 Viennensi
533 2729 560 2751 et
577 2724 755 2752 Lateranensi
776 2723 900 2753 conciliis
921 2726 971 2752 ad-

186 2763 320 2789 versatur,
337 2760 576 2792 prouuntiantibus
597 2761 730 2788 adversus
744 2761 917 2788 Averroistas
930 2762 971 2788 vel

186 2795 266 2821 ctiam
290 2793 470 2828 Origenianos
492 2803 561 2829 quos
581 2795 624 2822 hic
647 2795 799 2823 Methodius
819 2796 969 2832 impugnat,

1024 2259 1048 2275 τε
1062 2258 1084 2286 ιι
1096 2258 1158 2285 ουν.
1172 2266 1198 2290 v,
1209 2257 1237 2291 2,
1253 2257 1280 2285 δ.
1329 2258 1351 2273 π
1368 2257 1431 2285 ibid.
1442 2258 1474 2284 -7.
1515 2259 1538 2274 τε
1552 2259 1562 2286 1
1579 2245 1642 2287 Cor.
1659 2267 1705 2294 xv,
1722 2261 1768 2288 50.

1027 2308 1161 2339 ponentes
1185 2311 1285 2338 corpus
1302 2303 1374 2330 velut
1389 2303 1501 2330 omnino
1518 2308 1678 2332 extraneum
1701 2306 1820 2339 homini.

1027 2347 1078 2366 nec
1096 2347 1114 2377 a_
1126 2339 1263 2366 creatione
1278 2342 1431 2377 acceptum,
1449 2339 1496 2377 sed
1510 2340 1630 2377 carceris
1647 2341 1707 2377 loco
1719 2343 1744 2368 in
1762 2350 1822 2377 pce-

1028 2374 1209 2407 namdatum;
1223 2381 1276 2400 non
1291 2374 1445 2400 damnatam
1455 2375 1592 2409 plerisque
1605 2375 1734 2404 Patribus
1751 2374 1823 2405 ὲῖιτε-

1028 2409 1136 2444 λὲχειαν
1148 2409 1220 2436 illam
1236 2408 1403 2440 Aristotelis,
1417 2410 1489 2436 velut
1502 2408 1599 2437 anima:
1619 2411 1822 2440 immortalitati

1028 2445 1166 2481 inl‘cstam,
1182 2452 1216 2481 ac
1233 2445 1294 2479 plus
1305 2444 1381 2478 justo
1399 2445 1517 2472 materia:
1533 2445 1750 2481 immergenletn,
1771 2457 1822 2475 nec

1030 2480 1099 2516 satis
1113 2480 1265 2516 absolutam
1287 2483 1452 2516 servantem,
1470 2488 1520 2507 ceu
1536 2480 1658 2516 divinum
1681 2482 1781 2516 dogma
1794 2489 1821 2510 et

1030 2515 1064 2552 ab
1084 2515 1188 2552 Spiritu
1205 2518 1312 2545 sancto,
1333 2514 1536 2552 deﬁnientibns.
1555 2515 1691 2552 lnterpres
1710 2514 1821 2546 videtur

1030 2550 1235 2586 dissimulasse,
1260 2553 1364 2586 mutata
1384 2550 1471 2584 prima
1494 2558 1611 2585 persona
1628 2550 1666 2579 Vin
1689 2554 1820 2586 tertiam,

1029 2586 1127 2612 anima:
1144 2585 1275 2624 habebunt
1288 2593 1301 2624 :_
1319 2585 1367 2624 sed
1387 2593 1441 2624 non
1457 2586 1542 2624 _lic‘uit
1558 2587 1586 2613 in
1609 2588 1733 2622 reliquis.
1760 2585 1822 2624 ipse

1029 2625 1120 2658 tamen
1136 2621 1225 2655 palam
1239 2620 1392 2658 Methodius
1405 2621 1482 2648 initio
1498 2621 1596 2658 horum
1612 2620 1820 2658 excerptorum,

1029 2656 1166 2692 hominem
1188 2664 1243 2683 non
1267 2656 1355 2692 solam
1376 2663 1437 2682 esse
1460 2657 1577 2684 animam
1600 2656 1706 2685 statuit:
1729 2656 1823 2692 Quare

1028 2691 1073 2717 hic
1089 2692 1270 2730 metonymice
1285 2691 1416 2725 loquitur,
1431 2695 1456 2718 et
1473 2691 1693 2721 dcnominatione
1708 2691 1822 2730 suinpta

1027 2734 1041 2753 a
1057 2726 1168 2760 potiori.

1062 2761 1117 2794 (67)
1135 2762 1186 2794 Εἰς
1199 2762 1224 2787 τ’
1238 2762 1325 2788 dicax.
1344 2761 1426 2792 Editi.
1443 2762 1497 2788 ἔστ’
1511 2763 1544 2789 ἂν
1557 2763 1637 2790 ἀνακ.

1061 2795 1117 2832 (68)
1126 2796 1343 2831 Σινέκροτήθη.
1364 2797 1459 2825 Scribe
1475 2799 1663 2836 συνεκρατήθη
1679 2808 1712 2828 ex
1725 2800 1818 2838 liupif.
