1911 3072
197 83 252 110 ῗίδ

681 79 708 108 5.
729 78 893 106 METHODll
914 78 1068 106 EPlSCOPl
1088 76 1132 104 ET
1154 75 1333 104 MARTYRIS

1770 76 1826 103 516

196 140 248 173 ipsi
270 139 439 167 celebremus
466 138 563 165 iustum
589 137 824 164 resurrectionis:
851 145 884 164 eo
909 136 981 171 quod

1041 134 1146 167 ινδόξως
1160 135 1335 170 ἑορτάσωμεν
1348 133 1423 169 αὐτῷ
1442 133 1490 169 τὴν
1507 133 1621 170 φαιδρὰν
1637 134 1687 169 τῆς
1704 134 1825 162 ἀναστά-

196 190 298 212 ιιῑιεηιίι
311 188 405 212 nostra
420 182 605 214 tabernacula,
624 190 763 217 nunquam
780 182 896 217 amplius
913 182 982 209 inte-

197 233 284 258 ritura
299 231 341 257 vel
356 229 542 260 dissolvenda,
557 229 753 263 acceperimus.

233 275 301 304 Vlll.
317 276 388 307 Vidi,
400 275 499 310 inquit,
512 275 538 301 in
548 273 662 310 Olympo
673 279 765 302 monte
780 274 878 310 Lycize,
893 276 981 310 ignem

197 327 294 358 sponte
305 330 353 349 sua
370 322 397 348 in
415 321 516 348 montis
531 323 673 349 cacumine
692 327 864 349 enascentem
882 330 889 354 ;
904 322 982 356 juxta

197 376 275 404 quem
292 368 387 402 stirps,
407 375 546 403 pyragnus
565 368 686 400 nomine,
701 368 819 399 exsistit,
836 367 904 394 adeo
931 367 981 393 ilo-

197 415 255 441 rida
270 415 361 441 virens
368 419 393 440 et
408 422 502 448 opaca,
517 419 546 441 ut
558 421 573 441 e
587 414 661 442 fonte
671 414 761 448 potius
774 417 836 440 nata
847 413 980 440 videatur.

195 459 282 493 Quam
296 460 378 494 igitur
388 460 422 487 ob
438 468 560 492 causam,
582 467 644 487 cum
661 463 766 486 natura:
790 459 982 494 corruptibili-5

197 507 262 537 sint,
280 510 307 532 et
323 513 437 540 corpora
465 506 498 532 ab
513 506 575 541 igne
590 510 807 539 consumantur;
833 505 890 532 haec
909 505 981 532 nihi-

197 552 316 579 lominus
333 552 427 586 stirps.
446 560 500 579 non
517 552 598 579 modo
611 559 665 579 non
678 551 819 583 exuritur,
837 551 885 579 sed
900 552 982 579 etiam

197 599 284 634 magis
298 598 456 629 el'tlorescit,
477 598 602 633 quamvis
616 601 714 624 natura
726 598 806 625 facile
819 598 898 624 exuri
918 605 983 632 pos-

198 646 244 676 sit,
261 646 412 680 praesertim
426 645 458 673 ad
477 645 563 679 ipsius
592 644 699 672 radices
727 645 789 679 igne
815 644 983 671 eructante?

197 690 298 717 ltamos
314 698 378 725 ergo
403 698 435 717 ex
451 690 673 724 circumjacentis
694 690 769 717 silva:
784 689 925 717 arboribus
954 689 982 716 in

197 737 288 771 ignem
311 736 367 762 illic
382 740 571 770 erumpentem
584 736 689 770 conjeci
705 745 712 768 ;
738 735 784 770 qui
800 735 890 762 subito
906 734 982 762 [lam-

198 783 252 809 mis
269 782 399 816 correpti,
427 782 454 808 in
482 781 602 808 cinerem
624 781 726 808 redacti
741 785 814 808 sunt.
831 781 902 814 Quid
918 789 982 816 ergo

1033 189 1101 212 σεως
1125 180 1237 216 ἑορτὴν,
1263 181 1320 208 ἀνθ’
1344 189 1381 206 ων
1397 181 1522 211 αἰωνίους
1544 179 1621 215 ἡμῶν
1644 179 1695 211 τὰς
1720 181 1827 215 σκηνὰς

1032 227 1122 253 οὐκέτι
1141 226 1338 262 τεθνηξομένας
1355 227 1372 261 ἢ
1385 226 1570 261 λυθησομένας
1585 226 1787 261 ἀπειλήφαμεν.

1067 273 1107 299 Ιί”.
1127 273 1197 304 Ὅτι,
1211 273 1303 307 φησιν,
1321 272 1477 307 ἐθεασάμην
1490 273 1517 298 ἐν
1538 272 1667 308 Ὀλύμπῳ
1676 271 1731 306 ἐγὼ
1742 271 1826 307 (ὅρος

1032 317 1060 344 δέ
1083 319 1156 344 ἐστιν
1175 319 1190 344 ὁ
1209 317 1346 352 Ὄλυμπος
1363 317 1411 351 τῆς
1433 316 1570 350 Λυκιαςι)
1593 316 1649 352 πῦρ
1662 316 1826 351 αὐτομάτως

1032 363 1103 390 κατὰ
1117 363 1165 398 τὴν
1179 361 1334 398 ἀκρώρειαν
1353 361 1401 388 τοῦ
1423 364 1504 398 ὅρους
1519 361 1640 389 κάτωθεν
1653 363 1686 388 ὲκ
1701 362 1749 397 τῆς
1769 362 1826 396 γῆς

1033 408 1234 443 ἀναδιδόμενον,
1252 408 1316 443 περὶ
1330 407 1344 434 δ
1369 407 1508 443 πὺραγνος
1534 408 1616 442 φυτόν
1639 409 1728 438 ἐστιν,
1749 407 1825 434 οὕτω

1034 454 1082 489 μὲν
1098 453 1210 485 εὐθαλὲς
1227 454 1273 480 καὶ
1297 454 1417 489 χλοερὸν,
1435 453 1505 480 οὕτω
1527 453 1555 479 δὲ
1572 453 1691 485 σύσκιον,
1708 453 1745 485 ὡς
1767 453 1825 479 ὑπὸ

1033 500 1125 535 πηγῆς
1139 500 1238 535 μᾶλλον
1253 500 1318 526 αὐτὸ
1342 499 1561 534 βεϐλαστηκέναι.
1586 499 1624 525 Δι’
1653 500 1747 534 ἥντινα
1774 497 1825 526 οὖν

1033 546 1132 578 αἰτίαν,
1148 548 1172 573 εἰ
1185 547 1282 581 φύσεις
1299 546 1352 572 εισι
1369 545 1496 581 φθαρτῶν
1507 566 1514 577 ,
1535 542 1580 569 καὶ
1592 542 1639 568 ύτδ
1653 544 1738 578 πυρδς
1752 549 1826 569 κατ-

1035 589 1253 625 αναὶισκομένων
1282 591 1425 626 σωμάτων,
1437 591 1466 616 οὺ
1487 589 1566 625 μόνον
1576 590 1606 616 οὐ
1621 588 1825 623 καταφλέγεται

1032 638 1062 664 τὺ
1076 637 1158 672 φυτὸν
1173 637 1261 669 τοῦτο,
1275 637 1343 664 ἀλλὰ
1359 636 1406 663 καὶ
1422 635 1520 671 μᾶλλον
1537 635 1716 670 ἀκμαιότερον
1732 633 1823 668 ὑπάρ-

1032 692 1084 718 χει,
1100 684 1124 710 ει
1136 684 1169 718 τῇ
1191 683 1272 718 φύσει
1295 683 1369 709 ἐστὶν
1384 681 1549 714 εὖκανστον,
1579 681 1626 708 κα).
1652 680 1737 707 ταῦτα
1756 681 1825 716 περὶ

1033 728 1117 760 αὐτὰς
1127 728 1209 755 αὑτοῦ
1224 728 1302 764 ῥίζας
1316 727 1362 754 τοῦ
1379 727 1465 763 πυρὸς
1480 726 1683 761 ὲντυφωμένου;
1701 725 1825 756 κλάδους

1033 774 1098 808 γοῦν
1114 774 1169 808 ἐγὼ
1186 774 1300 810 δένδρων
1317 774 1350 800 ἐκ
1362 774 1411 809 τῆς
1426 773 1631 809 παρακειμένης
1650 772 1716 806 ὕλης
1737 771 1823 807 ante-

198 829 251 855 sibi
265 827 388 863 vult‘boc
400 827 581 854 miraculum?
594 826 705 862 Signum
719 831 746 854 et
761 827 892 854 indicium
906 826 979 854 futu-

1041 821 1109 856 5ιψα,
1123 820 1185 847 καθ’
1204 820 1234 846 ὃν
1256 820 1399 855 ἐρεύγεται
1409 820 1440 846 τὸ
1457 819 1512 853 πῦρ
1530 819 1611 845 τόπον
1624 827 1630 833 ·
1649 819 1696 845 καὶ
1719 818 1824 849 εὐθέως

198 882 235 901 ne
248 874 322 902 illius
337 874 391 901 diei
416 873 488 901 Deus
503 874 554 900 hoc
571 873 704 904 exhibuit,
719 874 757 900 uti
771 874 890 900 sciamus
900 893 908 906 ,
925 873 983 900 fore

198 924 228 947 ut
243 920 304 955 igne
331 920 463 947 obruente
485 919 576 947 omnia
590 926 622 946 ac
638 922 818 946 consumente
830 939 838 951 ,
865 927 981 954 corpora

197 975 258 1002 quae
273 967 299 994 in
319 967 446 995 castitate
456 971 483 994 et
495 966 601 1000 justitia
617 969 725 993 versata
737 969 812 997 sunt,
830 973 878 1000 per
891 966 981 1001 ignem

197 1013 326 1040 incedant
338 1013 410 1040 haud
427 1020 506 1040 secus
519 1019 552 1039 ac
571 1019 619 1046 per
636 1010 765 1047 frigidam
782 1017 894 1045 aquam.

231 1135 277 1163 IX.
302 1135 378 1167 Vide,
396 1135 494 1170 inquit,
518 1139 610 1162 utrum
633 1143 688 1162 non
710 1135 741 1163 B.
764 1134 903 1167 Joannes,
919 1143 982 1163 cum

197 1183 264 1210 dicit
273 1182 295 1198 ⁸⁵
313 1192 319 1209 :
333 1181 408 1209 Dedit
426 1190 496 1209 mare
511 1189 628 1209 mortuos
641 1190 715 1213 suos,
733 1182 778 1217 qui
796 1183 822 1209 in
837 1190 867 1209 eo
880 1187 956 1209 erant
973 1191 982 1210 :

196 1234 222 1256 et
233 1237 303 1255 mors
317 1233 341 1255 et
352 1229 470 1263 infernus
481 1227 608 1255 dederunt
619 1232 735 1254 mortuos
746 1236 819 1261 suos,
827 1229 872 1263 qui
882 1229 909 1254 in
918 1229 983 1262 ipsis

195 1280 294 1307 erant;
310 1279 401 1310 partes
414 1275 447 1301 ab
462 1275 605 1302 elementis
617 1274 738 1301 redditas
757 1274 791 1301 ad
807 1275 985 1309 uniuscujus-

197 1329 251 1356 que
266 1321 481 1355 reparationem,
506 1320 678 1347 ostenderit?
706 1319 740 1347 Ut
768 1327 844 1347 mare
862 1321 983 1356 quidem,

198 1366 366 1400 intelligatur
389 1364 545 1392 substantia
570 1364 704 1391 humida:
731 1363 855 1391 infernus
882 1368 983 1396 autem,

199 1419 258 1443 aer,
283 1410 356 1446 quod
379 1410 513 1438 obscurus
527 1418 580 1437 non
594 1410 728 1442 videatur,
757 1409 984 1444 quemadmodum

199 1457 329 1493 Origenes
347 1458 405 1492 ipse
414 1456 531 1491 explicat
544 1466 550 1483 :
563 1464 638 1483 UIOI'S
653 1456 772 1490 denique
783 1461 856 1483 terra
867 1457 986 1491 accipia—

199 1489 262 1533 tur:
282 1510 314 1529 eo
331 1489 403 1537 quod
427 1489 553 1529 mortuus
574 1501 601 1528 in
626 1509 658 1528 ea
672 1489 821 1536 reponatur
838 1511 844 1528 :
871 1489 944 1529 unde
959 1507 986 1530 et
1000 1489 1020 1518 θ

200 1547 286 1582 pulvis
301 1548 394 1574 mortis
411 1547 564 1582 appellatur
585 1546 612 1572 iu
627 1545 745 1574 Psalmis
760 1546 793 1580 ³⁸,
810 1546 922 1574 Christo
945 1547 987 1574 di-a

201 1598 289 1625 cente,
303 1602 330 1620 se
343 1593 369 1620 in
384 1593 516 1627 pulverem
528 1593 621 1619 mortis
637 1591 779 1618 deductum
796 1601 862 1620 esse.

237 1640 271 1668 X.
290 1640 427 1675 Quidquid
445 1639 527 1670 enim,
547 1638 643 1673 inquit,
664 1645 698 1664 ex
715 1645 783 1672 puro
801 1645 863 1665 aere
877 1641 904 1664 et
918 1645 987 1673 puro

201 1687 264 1722 igne
281 1686 464 1720 componitur.
479 1684 601 1718 ejusdem
615 1691 676 1709 cum
691 1683 820 1717 angelicis
833 1683 988 1710 concretio.-

203 1733 284 1760 nibus
300 1732 356 1768 (74)
380 1737 406 1759 et
423 1731 584 1767 corporibus
604 1731 764 1758 substantia;
781 1735 833 1762 est,
850 1730 990 1766 haudqua-

202 1785 285 1813 quam
307 1783 385 1805 terrze
404 1786 435 1805 ac
450 1785 527 1813 aquae
541 1777 673 1812 qualitate
686 1776 828 1812 praeditum
849 1781 908 1812 est;
923 1778 987 1813 quia

202 1824 359 1852 necessario
380 1823 470 1858 ipsum
492 1827 563 1851 esset
591 1826 731 1850 terrestre.
759 1822 825 1851 Tale
839 1827 866 1851 et
887 1823 988 1852 talibus

203 1873 342 1900 constante,
370 1873 588 1896 resurrecturum
612 1876 713 1903 corpus
737 1869 814 1896 ﬁnxit
843 1870 986 1904 Origenes,

203 1915 276 1951 quod
293 1916 374 1942 etiam
390 1915 530 1949 spirituale
547 1915 701 1950 appellavit.

239 1960 284 1987 XI.
305 1961 398 1996 Atqui,
413 1961 511 1996 inquit,
534 1969 593 1996 qua:
613 1962 718 1996 species
733 1961 785 1989 erit
809 1962 986 1998 resurgentis,

203 2008 228 2035 si
245 2007 331 2034 forma
347 2007 403 2034 haec
419 2007 546 2040 bumana,
562 2009 635 2035 velut
652 2009 787 2036 sententia
805 2009 892 2044 ipsius
907 2009 990 2036 inuti-

204 2053 250 2084 lis,
268 2053 401 2080 abolenda
414 2053 468 2086 sit;
485 2054 564 2089 longe
583 2054 628 2080 illa
643 2062 676 2081 ex
691 2055 818 2082 omnibus
833 2055 987 2088 amabilior,

204 2106 266 2134 quae
277 2098 304 2125 in
322 2099 449 2125 animalia
463 2104 645 2127 concrescunt
656 2109 661 2126 :
672 2108 725 2135 qua
739 2104 766 2127 et
782 2100 888 2128 Numen
899 2101 987 2136 ipsum

205 2147 236 2172 ut
257 2144 375 2179 imagine
392 2145 477 2172 utitur
492 2145 560 2180 (75),
587 2146 815 2181 quemadmodum
838 2147 919 2174 etiam
940 2155 988 2175 ex-

242 2222 266 2240 “
279 2223 360 2258 Apoc.
377 2232 423 2257 xx,
439 2224 465 2251 3.
503 2224 526 2254 β’
542 2223 617 2251 Psal.
635 2232 691 2257 ut,
707 2223 751 2252 16.

242 2301 298 2337 (74)
317 2300 383 2328 Cum
404 2302 528 2337 angelicis
553 2302 761 2330 concretionibus
779 2307 803 2329 et
828 2302 990 2336 corporibus.

207 2336 301 2364 Refert
315 2337 386 2364 enim
401 2337 431 2363 τὸ
446 2337 584 2373 σύγκριμα
600 2345 632 2364 ex
648 2345 710 2365 aere
724 2341 751 2365 et
767 2338 828 2372 igne
840 2359 847 2370 ,
866 2338 941 2372 puris
960 2338 993 2373 il-

210 2373 253 2403 lis,
269 2373 302 2399 ab
315 2373 493 2406 impuriorum
505 2372 584 2400 terra:
605 2376 632 2398 «ιι
646 2380 724 2407 aquae
752 2374 878 2400 mistione
892 2382 897 2399 :
913 2372 992 2407 quale

209 2407 317 2442 plurimi
332 2411 436 2435 veteres
465 2408 616 2443 angelicum
635 2407 773 2443 σύγκριμα
785 2411 812 2435 et
829 2415 993 2443 corpus-ipo-

211 2441 339 2476 suerunt;
355 2450 425 2477 quos
436 2441 517 2469 etiam
531 2443 677 2477 Cajetanus
689 2441 721 2469 ad
734 2441 794 2477 cap.
805 2450 831 2468 Vl
844 2441 991 2476 ad'pres.

210 2483 321 2512 secutus
340 2482 391 2510 est,
420 2477 447 2504 in
472 2477 523 2504 hoc
545 2476 603 2512 ipse
631 2478 742 2504 minime
760 2476 925 2512 sequendus.
946 2476 994 2504 Hic

212 2512 269 2545 ipse
286 2511 410 2546 Origenis
431 2520 518 2548 error,
536 2511 580 2539 ille
597 2512 720 2548 Eutycbii
743 2512 903 2547 patriarchae
918 2511 993 2539 vide-

211 2551 264 2577 tur,
277 2548 401 2582 negantis
417 2547 481 2574 olim
511 2547 678 2574 tractabilem
694 2555 838 2582 corporqu
868 2555 991 2574 resurre-

210 2581 343 2617 ctionem;
360 2590 414 2617 quo
427 2590 489 2609 eum
504 2590 608 2613 errore.
628 2581 775 2617 Gregorius
790 2586 893 2613 noster,
915 2586 945 2608 ut
957 2590 990 2608 eo

211 2616 278 2643 nihil
291 2618 315 2644 ei
329 2616 476 2645 decesserit
498 2618 661 2650 sanctitatis,
675 2616 800 2645 absolvit.
816 2617 861 2643 Sic
875 2617 987 2652 passim,

211 2652 385 2679 successione
397 2656 561 2687 temporum,
580 2652 775 2680 recrudescunt
799 2652 890 2686 potius
919 2656 992 2678 vete-

211 2693 255 2712 res
273 2687 396 2718 haereses,
429 2695 509 2721 quam
538 2694 613 2714 novat
632 2687 753 2714 oriantur
771 2696 778 2714 :
794 2686 867 2721 quod
888 2687 990 2713 utinam

211 2722 291 2754 paulo
305 2722 440 2756 superius,
454 2726 629 2756 nostrumque
644 2722 731 2756 ipsum
753 2729 850 2754 aevum,
867 2722 895 2748 in
915 2725 989 2748 tanta

211 2755 349 2792 Πειρεσιοῂ
364 2757 479 2784 colluvie
494 2764 548 2783 non
561 2755 632 2784 esset
649 2755 801 2792 expertum.

249 2790 305 2825 (75)
322 2791 381 2824 Qua
410 2796 435 2818 et
452 2791 556 2819 Numen
585 2792 669 2825 ipsum
683 2790 727 2819 ἰιι
751 2792 864 2826 imagine
895 2792 986 2818 utitur.

1032 869 1071 900 εἰς
1088 867 1174 902 φλόγα
1195 866 1337 902 ἀρθέντες,
1359 865 1563 901 ὲτεφρώθησαν.
1581 864 1614 890 Τί
1635 862 1684 890 οὖν
1698 863 1824 899 βούλεται

1031 913 1062 939 τὸ
1082 911 1245 948 παράδοξον;
1267 913 1369 946 Δεῖγμα
1386 911 1464 938 τοῦτο
1486 911 1537 945 τῆς
1561 909 1709 945 μελλούσης
1724 910 1737 935 ὁ
1755 909 1825 941 Θεὸς

1032 958 1136 994 ἡμέρας
1154 958 1200 984 κα).
1216 958 1357 993 προοίμιον
1375 956 1466 983 ἔθετο·
1487 956 1530 982 ἴνα
1551 955 1729 990 γινώσκωμεν
1741 975 1749 988 ,
1767 955 1824 986 ὅτι,

1032 1005 1140 1031 πάντων
1155 1004 1220 1039 πυρὶ
1235 1002 1493 1038 κατομϐρουμένων,
1504 1001 1538 1028 τὰ
1553 1003 1582 1028 ὲν
1596 1001 1690 1036 ἁγνείᾳ
1706 1000 1826 1036 σώματα

1032 1050 1209 1085 διατρίψαντα
1223 1049 1278 1085 (76)
1309 1050 1355 1076 καὶ
1382 1047 1557 1083 δικαιοσύνῃ,
1579 1047 1703 1082 καθάπερ
1725 1047 1825 1082 ψυχρῷ

1033 1094 1108 1122 ὕδατι
1126 1095 1311 1131 ὲπιϐήσονται.

1067 1141 1106 1167 Θ’.
1126 1141 1197 1173 Ὅτι,
1214 1141 1306 1176 φησὶν,
1322 1140 1468 1175 ἐπίστησον
1482 1138 1510 1166 δὲ
1524 1139 1628 1174 μήποτε
1640 1139 1687 1166 καὶ
1701 1139 1716 1164 ὁ
1732 1137 1825 1173 μακά-

1010 1207 1011 1210 η
1037 1192 1091 1219 pro;
1106 1183 1240 1218 Ἰωάννης,
1262 1185 1389 1211 Ἔδωκεν
1408 1186 1426 1218 ἡ
1443 1184 1583 1211 θάλασσα
1600 1184 1670 1216 τοὺς
1692 1183 1822 1217 νεκροὺς

1033 1229 1105 1262 τοὺς
1118 1230 1152 1256 ἐν
1171 1228 1258 1263 αὐτῇ,
1272 1230 1374 1264 λέγων’
1389 1229 1437 1256 καὶ
1461 1231 1477 1256 ὁ
1496 1229 1622 1262 θάνατος
1637 1230 1687 1255 καὶ
1710 1231 1727 1256 ό
1745 1230 1822 1263 ᾅδης

1035 1274 1149 1301 ἔδωκαν
1162 1275 1231 1307 τοὺς
1245 1275 1371 1309 νεκροὺς
1384 1275 1454 1308 τοὺς
1467 1275 1501 1302 ἐν
1513 1275 1614 1308 αὐτοῖς
1623 1283 1630 1290 ·
1644 1275 1679 1302 τὰ
1694 1275 1749 1302 ἀπὺ
1766 1275 1822 1302 τῶν

1037 1322 1173 1358 στοιχείων
1188 1322 1365 1357 ἀναδιδόμενα
1381 1322 1448 1357 πρὸς
1469 1322 1689 1348 ἀποκατάστασιν
1704 1322 1821 1348 ἑκάστου

1038 1367 1119 1402 μόρια
1140 1367 1275 1402 ὲὸήλωσε;
1293 1367 1347 1402 Τὴν
1374 1367 1422 1402 μὲν
1446 1367 1500 1402 γὰρ
1524 1366 1659 1393 θάλασσαν
1683 1364 1823 1402 εἶναιτὴν

1039 1411 1124 1448 ὑγρὰν
1137 1413 1239 1439 οὐσίαν⁷
1254 1412 1319 1447 ᾅδην
1333 1411 1362 1438 δὲ
1378 1412 1423 1438 τὸν
1438 1412 1517 1447 ἀέρα,
1533 1412 1606 1448 παρὰ
1621 1412 1650 1438 τὸ
1663 1412 1760 1444 astas:
1779 1412 1824 1439 διὰ

1036 1459 1067 1484 τό
1089 1459 1125 1494 μὴ
1148 1458 1277 1494 ὁρᾶσθαι,
1296 1457 1418 1493 καθάπερ
1438 1457 1532 1493 ἐλέχθη
1555 1459 1600 1484 καὶ
1614 1458 1756 1493 Ὠριγένει⁸
1774 1459 1822 1485 καὶ

1039 1504 1150 1531 θάνατον
1164 1504 1211 1539 τὴν
1226 1506 1287 1540 γῆν,
1303 1504 1377 1539 παρὰ
1389 1504 1419 1530 τὸ
1429 1504 1457 1530 ὲν
1472 1504 1539 1539 αὐτῇ
1553 1503 1688 1530 κλίνεσθαι
1702 1504 1747 1530 τὸν
1762 1504 1823 1540 θνή-

1040 1559 1138 1577 σκοντα
1148 1559 1154 1565 ·
1168 1550 1228 1576 ὅθεν
1247 1550 1294 1576 καὶ
1306 1549 1380 1583 χοῦς
1391 1549 1491 1585 ἐκλήθη
1506 1549 1633 1576 θανάτου
1647 1551 1675 1576 ὲν
1693 1549 1822 1585 ψαλμοῖς⁸

1038 1597 1081 1629 εὶς
1098 1596 1174 1631 χοῦν
1186 1595 1313 1623 θανάτου
1328 1595 1481 1630 κατῆχθαι.
1497 1596 1636 1631 εἰρηκότος
1649 1596 1777 1633 Χριστοῦ.

1071 1645 1100 1671 l’.
1122 1644 1192 1676 Ὂτι,
1211 1644 1287 1679 φησὶ,
1308 1644 1362 1670 πᾶν
1378 1643 1432 1680 γὰρ
1446 1643 1476 1669 τδ
1491 1644 1523 1669 ἐκ
1543 1641 1664 1678 καθαροῦ
1679 1641 1759 1676 ἀέρος
1774 1640 1824 1667 καὶ

1037 1690 1156 1726 καθαροῦ
1184 1690 1270 1726 πυρὸς
1298 1691 1489 1725 συνιστάμενον
1520 1689 1669 1724 σύγκριμα,
1693 1687 1741 1714 καὶ
1767 1688 1826 1718 τοῖς

1037 1735 1189 1770 ἀγγελικοῖς
1203 1735 1344 1770 ὁμοούσιον
1358 1735 1490 1770 ὑπάρχον,
1501 1735 1531 1760 οὐ
1550 1733 1660 1760 δύναται
1678 1733 1730 1768 γῆς
1752 1732 1826 1767 ἔχειν

1038 1781 1166 1816 ποιότητα
1194 1780 1240 1807 καὶ
1262 1780 1366 1812 ὓδατος·
1392 1780 1485 1816 ἐπειδὴ
1514 1780 1682 1815 ωμὸᾐσεται
1716 1777 1827 1804 ἔσεσθαι

1037 1826 1104 1853 αὐτὸ
1123 1826 1233 1860 γεῶδες.
1250 1826 1376 1853 Τοιοῦτον
1391 1826 1439 1853 καὶ
1452 1826 1484 1852 ὲκ
1502 1826 1604 1852 τούτων
1625 1825 1655 1851 τὸ
1677 1823 1827 1859 ἀναστῆναι

1040 1872 1133 1908 μέλλον
1148 1872 1227 1908 σῶμα
1243 1872 1386 1908 ἀνθρώπου
1409 1871 1548 1908 Ὧριγένης
1560 1869 1734 1905 ὲφαντάζετο·
1747 1869 1762 1895 ὃ
1778 1869 1826 1896 καὶ

1038 1919 1222 1954 πνευματικὸν
1237 1918 1288 1954 ἔφη
1303 1919 1369 1954 (77).
1750 1930 1752 1933 ·

1075 1965 1122 1992 IA’.
1142 1965 1213 1998 Ὅτι,
1232 1965 1307 2000 φησὶ,
1321 1965 1440 1992 ποταπὸν
1453 1965 1507 1999 ἄρα
1518 1963 1593 1990 ἔσται
1603 1961 1660 1998 (78)
1671 1961 1718 1988 καὶ
1733 1960 1828 1996 σχῆμα

1038 2012 1068 2038 τὸ
1084 2011 1271 2046 ἀνιστάμενον,
1288 2012 1313 2037 ει
1335 2011 1403 2043 ὅλως
1416 2011 1447 2037 τὸ
1464 2008 1660 2046 ἀνθρωποειδὲς
1681 2007 1771 2038 τοῦτο,
1788 2006 1826 2037 ὡς

1038 2057 1174 2093 ἄχρηστον
1185 2057 1215 2084 ὂν
1229 2058 1288 2084 κατ’
1299 2058 1390 2089 αὐτὸν,
1405 2056 1605 2092 ὲξαφανίζεται*
1618 2055 1632 2081 ὃ
1647 2054 1757 2081 πάντων
1768 2052 1828 2078 ἐστὶ

1038 2103 1092 2129 τῶν
1109 2104 1148 2135 εἰς
1165 2103 1221 2135 ζῶα
1245 2105 1466 2139 συγκεκριμένων
1492 2101 1639 2138 σχημάτων
1655 2098 1829 2136 ἐρασμιώτα-

1038 2157 1084 2176 τον
1096 2157 1103 2164 ·
1118 2145 1140 2183 ᾧ
1153 2149 1200 2176 καὶ
1213 2149 1244 2176 τὸ
1254 2149 1330 2176 Θεῑον
1345 2149 1444 2185 χρῆται
1458 2148 1541 2175 εἰκόνι
1554 2147 1623 2183 (79),
1639 2146 1766 2181 καθάπερ
1781 2144 1830 2171 καὶ

1008 2303 1029 2331 D
1044 2299 1142 2328 Omisit
1154 2301 1288 2335 interpres
1302 2301 1344 2327 vel
1362 2301 1491 2327 librarius
1511 2300 1550 2335 ,τὸ
1574 2301 1655 2327 εἰκόνι
1671 2301 1712 2327 vel
1725 2300 1828 2335 εἰκόνα,

1044 2335 1116 2372 quod
1131 2334 1277 2372 utrumque
1291 2336 1433 2372 probatum
1448 2339 1498 2372 est.
1511 2334 1610 2367 Utitur,
1621 2336 1749 2372 inquam;
1774 2344 1828 2364 non

1045 2371 1122 2406 quasi
1136 2371 1224 2406 ipsum
1237 2372 1273 2399 sit
1286 2371 1438 2406 tigurabile,
1447 2371 1494 2398 sed
1512 2375 1640 2405 tanquam
1660 2371 1725 2397 velit
1739 2372 1829 2404 perfe-

1045 2405 1168 2434 ctissimo
1181 2406 1368 2441 reprmseutari
1380 2405 1407 2432 in
1423 2405 1543 2442 quolibet
1557 2406 1598 2433 vel
1623 2413 1689 2433 sexu
1713 2406 1758 2442 _\'el
1784 2415 1832 2442 ge-

1046 2450 1111 2469 nere
1126 2451 1133 2469 :
1147 2449 1200 2477 qua
1210 2440 1305 2468 eadem
1323 2441 1436 2471 ratione,
1451 2441 1627 2476 incorporeos
1640 2440 1757 2477 angelos
1781 2440 1831 2468 no-

1046 2476 1143 2512 bisque
1171 2481 1268 2512 natura
1292 2479 1461 2512 praestantes,
1479 2484 1534 2503 non
1550 2476 1603 2503 nisi
1630 2476 1701 2512 virili
1716 2476 1831 2512 eihibe-

1045 2510 1106 2540 mus
1122 2512 1216 2546 iigura.
1231 2511 1267 2538 Dc
1278 2511 1376 2545 quibus
1388 2515 1477 2538 tamen
1489 2511 1561 2538 velut
1575 2511 1715 2545 corporeis
1727 2510 1831 2539 Metho-

1043 2546 1105 2574 dius
1120 2552 1221 2579 noster,
1238 2552 1332 2573 nostro
1349 2546 1439 2573 statim
1455 2546 1551 2580 modo;
1564 2547 1704 2579 attributa,
1722 2547 1831 2575 ratione

1041 2582 1122 2609 etiam
1136 2582 1270 2616 corporis,
1286 2582 1412 2616 imagine,
1429 2581 1645 2616 philosophatur.

1074 2617 1130 2652 (76)
1146 2615 1351 2650 Διάτρίψιινταζ
1369 2616 1435 2643 Cod.
1452 2615 1556 2651 Rupiﬁ,
1571 2616 1763 2652 διατρέψαντα.

1074 2625 1130 2652 (λυ)
1146 2625 1351 2650 Διατριμκιντα,
1369 2625 1435 2643 μου.
1452 2625 1556 2651 nupn.,
1571 2625 1629 2643 οιατ
1649 2625 1763 2652 εψαντα,

1043 2651 1137 2713 mg?-
1156 2653 1185 2678 Ὂ
1215 2652 1264 2678 καὶ
1296 2652 1498 2686 πνευματικὸν
1511 2682 1515 2687 η
1529 2652 1597 2686 ἔφη,
1627 2625 1719 2685 Eam;
1740 2651 1757 2679 δ
1782 2659 1833 2680 πν.

1098 2695 1137 2713 σε.

1059 2695 1137 2721 φησε.

1078 2722 1134 2755 (78)
1149 2722 1264 2748 Ἔσται.
1280 2721 1335 2753 AL,
1346 2722 1360 2748 ὃ
1373 2722 1442 2747 ἐστι.
1664 2739 1671 2743 .

1090 2757 1134 2792 79)
1144 2757 1255 2785 Εἰκόνι.
1268 2755 1350 2784 Sirm.
1369 2756 1468 2783 εἰκόνα.
