1911 3072
41 135 81 163 Si!

585 138 630 166 EX
650 139 752 167 ιιι]Βο
774 139 817 166 DE
835 138 1133 168 RESL‘RRECTIONE.

1611 143 1665 170 5‘29.

44 196 190 232 suam“;
208 197 271 232 μὲν.
291 197 417 232 ἀναστὰς
432 199 460 226 δὲ
479 199 528 236 ἢδη
546 200 578 226 ὲκ
593 201 696 237 νεκρῶν
709 201 822 228 οὐδέπω.

879 208 938 236 ergo
955 200 1011 235 (88)
1028 200 1154 236 apparuit
1167 207 1230 228 cum
1245 207 1369 236 corpore,
1399 205 1512 236 eratque
1523 205 1662 236 mortuus;

45 243 88 270 Rat
98 241 178 269 ταῦτα
193 243 239 269 ἶνα
253 243 287 279 δὴ
306 246 536 281 συγχωρήσωμεν
548 246 586 281 τῷ
605 246 746 282 Ὠριγένει,
767 247 828 274 καθ’

44 288 109 315 ἑαυτὸ
125 289 154 314 τὸ
178 287 253 321 εἶδος
272 290 384 324 λέγοντι
410 291 480 326 μετὰ
495 291 544 327 τὴν
565 292 692 327 τελευτὴν
714 291 829 325 ἀποζευ-

44 335 162 370 τνύμενον
184 336 241 362 ἀπὸ
258 336 308 363 τοῦ
327 337 455 372 σώματος
469 338 501 373 τῇ
525 337 597 373 ψυχῇ
612 337 742 370 δίδοσθαι,
760 339 828 374 ὅπερ

44 382 105 408 ἐστιν
118 381 250 410 ἁπάντων
267 382 412 416 ἀδύνατον,
426 383 464 419 τῷ
479 384 698 420 προαπόλλυσθαι
714 385 744 412 τὺ
759 383 828 417 εἶδος

44 428 89 454 τῶν
111 427 223 464 σαρκῶν
252 429 282 455 ὲν
307 430 370 461 ταῖς
391 429 559 462 άλλοιώσεσι,
586 430 709 466 καθάπερ
725 430 773 457 καὶ
798 430 829 457 τὸ

44 474 124 509 σχῆμα
141 474 189 501 τοῦ
208 476 452 512 συγχωνευομένου
474 476 630 512 ἀνδριάντος
645 476 698 512 πρὸ
711 476 760 512 τῆς
771 476 828 503 δια-

43 520 135 552 λύσεως
146 520 195 547 τοῦ
211 521 286 548 ὅλου.
306 522 368 548 Ὅτι
387 521 424 557 μὴ
446 521 556 549 δύναται
579 521 743 558 χωρίζεσθαι
766 520 837 549 καθ’

43 568 182 594 ὑπόστασιν
199 567 257 595 ἀπὸ
278 568 329 604 τῆς
345 568 410 604 ὕλης
431 570 448 604 ἡ
465 568 591 603 ποιότης·
609 568 754 604 χωρίζεται
778 569 828 604 μὲν

42 613 90 648 γὰρ
113 614 168 640 ἀπὸ
200 613 249 640 τοῦ
278 614 437 650 ἀνδριάντος
460 614 640 650 χωνευθέντος
664 615 681 650 ἡ
705 614 768 650 περὶ
789 614 828 650 τῷ

42 659 127 695 χαλκῷ
153 660 249 696 μορφὴ
265 660 461 696 ἀφανιζομένη,
486 660 518 688 οὐ
544 661 598 697 μὴν
621 661 766 696 ὑφεστῶσα
787 661 827 688 ἐτι
850 686 852 688 τ

43 708 96 733 κατ’
111 707 218 734 οὐσίαν.

71 752 118 779 ιε’.
146 754 225 780 Ἐπεὶ
241 753 270 780 δὲ
284 753 394 788 λέγεται
407 754 436 780 ὲν
445 753 484 789 τῷ
494 753 602 789 θανάτῳ
617 753 648 780 τὺ
664 751 733 786 εἶδος
745 753 828 790 χωρί-

43 799 129 831 (meat
143 799 201 827 ἀπὸ
223 800 276 835 τῆς
294 800 412 836 σαρκὸς,
429 799 505 835 φέρε,
525 800 555 827 τὸ
571 799 752 836 χωριζόμενον
778 807 827 826 πο-

47 846 124 881 σαχῶς
147 846 260 880 λέγεται
285 845 458 881 χωρίζεσθαι,
477 845 696 881 ἐπισκεψώμεθα.
711 845 826 880 Λέγεται

879 250 906 274 at
922 254 976 274 non
992 247 1065 274 velut
1078 247 1134 281 jam
1149 255 1182 274 ex
1199 248 1316 275 mortuis
1332 248 1537 276 resurrexisset.
1557 248 1589 275 Et
1606 249 1663 278 ha-c

871 295 908 318 ‘ut
919 291 1015 319 demus
1037 291 1139 327 aliquid
1163 291 1284 328 Origeni,
1310 293 1356 327 qui
1379 293 1465 328 ipsam
1487 301 1536 328 per
1559 302 1589 322 se
1607 294 1666 322 for-

878 344 961 369 mam,
980 341 1042 372 post
1063 341 1177 365 mortem
1203 345 1219 365 a
1239 346 1353 374 corpore
1378 338 1540 374 sejunctam,
1565 341 1664 369 anima;

878 381 956 409 reddi
970 382 1048 415 dicit,
1063 382 1135 417 quod
1155 390 1212 418 prae
1231 383 1359 410 omnibus
1375 383 1468 411 minus
1483 384 1590 412 videtur
1601 393 1665 420 pos-

878 428 971 460 sibile;
987 436 1019 456 eo
1030 428 1103 463 quod
1125 428 1151 455 in
1176 429 1397 460 alterationihus,
1411 429 1487 464 prior
1509 430 1594 458 forma
1607 431 1665 467 (89)

877 482 959 510 quam
976 481 1074 502 carnes
1091 479 1302 510 corrumpatur;
1325 480 1355 502 ut
1377 480 1404 503 et
1430 476 1514 511 figura
1531 477 1597 504 fusze
1613 484 1666 506 sta-

877 523 931 547 tua:
946 519 1024 553 prius
1034 527 1116 556 quam
1140 524 1227 548 totum
1251 521 1433 549 dissolutione
1454 523 1582 552 intereat.
1603 523 1663 552 Non

877 565 950 593 enim
963 569 1052 600 potest
1066 565 1186 600 qualitas
1201 573 1217 592 a
1233 566 1347 593 materia
1368 567 1502 601 separari.
1521 568 1558 594 ita
1573 571 1602 595 ut
1617 576 1666 604 per

877 619 908 638 se
920 611 1036 638 exsistat
1051 620 1057 638 :
1070 616 1213 646 separatur
1225 611 1336 646 quidem
1354 620 1368 638 a
1383 612 1442 640 fusa
1457 618 1545 640 statua
1561 622 1621 649 quae
1636 615 1666 642 in

876 664 930 684 aere
952 659 1004 689 est,
1020 656 1109 684 deleta
1130 656 1227 690 forma,
1247 657 1286 684 sic
1311 660 1404 685 tamen
1433 661 1462 685 ut
1478 666 1533 686 non
1549 661 1667 696 amplius

877 702 1027 730 secundum
1046 703 1228 730 substantiam
1244 703 1388 732 subsistat.

912 747 970 775 XV.
987 747 1056 780 Quia
1063 755 1129 775 vero
1140 747 1228 775 forma
1237 755 1252 774 a
1261 755 1344 776 carne
1353 749 1381 776 in
1393 754 1481 778 morte
1491 752 1614 786 separari
1629 753 1669 780 di-

877 795 966 829 citur;
982 803 1049 831 age,
1067 799 1135 830 quot
1158 794 1247 823 modis
1274 803 1360 823 unum
1377 797 1411 824 ab
1436 798 1521 825 altero
1545 800 1665 834 separari

877 841 996 874 dicatur,
1011 841 1164 869 videamus.
1186 841 1291 869 Dicitur
1301 850 1366 879 ergo
1378 851 1462 871 unum
1475 845 1508 872 ab
1519 845 1573 872 alio
1587 853 1667 880 sepa.

46 891 122 917 τοίνυν
137 890 308 926 χωρίζεσθαι
324 899 351 917 τι
367 890 421 917 ἀπό
437 899 508 923 τινος
526 891 542 926 ἢ
560 890 686 926 ἐνεργείᾳ
701 891 748 918 καὶ
765 891 827 917 ὑπο-

881 887 953 921 rari,
966 887 1009 915 vel
1029 892 1094 916 actu
1108 891 1135 915 et
1152 887 1341 920 subsistentia,
1359 889 1400 916 vel
1415 890 1580 924 cogitatione
1599 901 1605 918 :
1624 891 1667 919 vel

46 937 139 966 στάσει.
150 937 168 971 ἢ
181 937 300 972 ἐπινοίᾳ·
317 936 334 972 ἦ
350 936 484 973 ἐνεργείᾳ,
499 937 529 963 οὐ
545 936 596 972 μὴν
609 936 656 963 καὶ
667 936 823 963 ὑποστάσει.

49 983 85 1014 Ὠς
98 983 121 1009 εί
136 982 244 1018 πυρούς
265 991 307 1014 τις
329 982 377 1009 καὶ
398 982 495 1019 κριθὰς
517 982 672 1018 μεμιγμένα
685 982 827 1017 χωρίσειεν

45 1029 84 1056 ἀπ’
100 1029 246 1065 ἁλλήλων-
307 1029 356 1065 μὲν
377 1029 432 1065 γὰρ
454 1029 525 1056 κατὰ
546 1029 653 1064 κίνησιν
670 1029 824 1065 χωρίζεται,

46 1074 162 1109 ἐνέργεια
175 1074 298 1109 λέγεται’
358 1074 386 1101 δὲ
403 1074 570 1110 χωρισθέντα
586 1074 748 1110 ὑφέστηκεν,
761 1074 826 1101 ὑπο-

46 1120 128 1147 πάσει
142 1121 257 1155 λέγεται
276 1121 452 1157 κεχωρίσθαι.
483 1121 604 1157 Ἐπινοίᾳ
626 1121 665 1153 δὲ,
690 1121 754 1148 ὅταν
777 1122 826 1157 τὴν

45 1166 102 1201 ὓλην
117 1166 174 1194 ἀπὺ
194 1167 250 1193 τῶν
271 1167 421 1202 ποιοτήτων
436 1166 606 1203 χωρίξωμεν,
624 1166 672 1194 καὶ
688 1166 736 1199 τὰς
752 1167 826 1194 ποιός

43 1221 119 1248 τητας
138 1213 195 1240 ἀπὸ
210 1212 261 1248 τῆς
276 1212 353 1245 ὕλης,
367 1213 491 1248 ἐνεργείᾳ
510 1213 549 1245 δὲ,
573 1213 603 1240 οὐ
622 1213 676 1249 μὴν
692 1213 739 1240 καὶ
759 1214 826 1240 ὐπο-

45 1259 140 1290 οτάσει,
156 1258 223 1284 ὅταν
239 1257 373 1293 χωρισθὲν
384 1266 410 1284 τι
424 1257 477 1284 ἀπό
493 1266 566 1288 τινος
582 1257 680 1293 μηκέτι
698 1257 825 1293 ὑπάρχοι,

44 1304 186 1331 ὑπόστασιν
205 1303 301 1335 οὐσίας
316 1303 366 1330 οὐκ
387 1303 465 1339 ἔχων.
483 1303 563 1338 Γνοίη
579 1303 601 1329 δ’
620 1303 653 1330 ἄν
670 1312 713 1335 τις
729 1303 777 1330 καὶ
797 1304 826 1330 ὲν

43 1352 91 1382 τοῖς
104 1350 335 1386 χειροτεχνήμασι
351 1349 388 1381 ὡς
403 1349 469 1384 ἔχει,
487 1349 634 1386 ἀνδριάντα
652 1348 724 1381 ἰδὼν,
740 1349 757 1385 ἢ
783 1349 828 1376 ἶπ-

42 1404 86 1423 πον
108 1395 240 1431 χαλκοῦν.
258 1394 351 1422 Ταῦτα
373 1395 427 1431 γὰρ
451 1395 634 1432 λογιζόμενος,
659 1395 753 1430 ὄψεται
777 1395 827 1431 τὴν

42 1442 156 1477 ἔμφυτον
183 1441 291 1477 μορφὴν
314 1441 520 1468 διαλλάττοντα·
543 1443 582 1473 είς
598 1441 626 1468 δὲ
648 1441 744 1478 ἑτέραν
767 1441 827 1477 ὄψιν

43 1487 226 1524 μεθιστάμενα
242 1488 288 1522 ὑφ’
299 1484 334 1522 ἧς
349 1486 403 1522 (87)
419 1487 448 1514 τὸ
463 1488 660 1523 ξυγγενόμενον
674 1486 742 1520 εἶδος
755 1488 827 1522 ἀφα-

41 1534 149 1564 νίζεται.
167 1533 199 1560 Et
223 1533 279 1568 γάρ
297 1541 339 1565 τις
354 1532 388 1560 τὰ
401 1532 468 1569 ἔργα
484 1533 518 1560 τὰ
543 1534 765 1570 σχηματιζόμενα
787 1534 827 1566 εις

42 1576 105 1610 εἶδος
121 1579 268 1615 ἀνθρώπου
291 1579 308 1614 ἢ
334 1579 417 1606 ἵππου
443 1580 579 1615 συντήκοι,
602 1580 714 1616 εὑρήσει
728 1580 759 1606 τὺ
777 1579 826 1615 μὲν

41 1624 84 1651 τοῦ
100 1626 242 1661 σχήματος
256 1623 326 1657 εἶδος
336 1625 543 1662 ἀφανιζόμενον,
559 1626 642 1662 αὐτὴν
653 1626 681 1653 δὲ
696 1627 746 1662 τὴν
761 1625 827 1662 ὕλην

44 1671 183 1706 μένουσαν.
203 1672 285 1698 Ὥστε
302 1671 453 1699 ἀσύστατον
470 1672 500 1698 τὸ
514 1672 606 1706 λέγειν
629 1672 659 1699 τὸ
685 1671 733 1708 μὲν
756 1670 826 1704 εἶδος

41 1717 199 1744 ἀνίστασθαι
217 1717 417 1754 ἠμαυρωμένον
431 1718 522 1753 μηδὲν,
539 1717 569 1744 τὸ
583 1718 612 1745 δὲ
627 1717 706 1754 σῶμα
716 1718 745 1744 ὲν
756 1714 778 1752 ᾧ
792 1715 826 1754 ἦν

41 1762 68 1789 τὸ
81 1761 151 1795 εἶδος
166 1763 400 1799 ἐντετυπωμένον,
416 1763 630 1800 διαφθείρεσθαι.

73 1853 131 1886 ις’.
157 1853 238 1880 Ἀλλὰ
252 1854 307 1886 ναὶ,
323 1854 420 1889 φησίνο
435 1854 465 1881 ἐν
485 1853 662 1889 πνευματικῷ
674 1854 727 1890 γὰρ
745 1863 826 1890 μετα-

40 1900 180 1935 τξθήσεται
197 1900 313 1936 σώματι.
327 1901 431 1927 Οὐκοῦν
445 1902 550 1938 ἀνάγκη
564 1901 594 1928 τὸ
610 1901 659 1937 μὲν
671 1900 740 1934 εἶδος
755 1903 827 1934 ἰδίως

39 1945 179 1980 ὁμολογεῖν
200 1946 268 1973 αὐτὸ
291 1947 321 1973 τὸ
339 1947 444 1983 πρῶτον
460 1948 497 1983 μὴ
516 1947 687 1981 ἀνίστασθαι,
711 1947 749 1983 τῷ
767 1957 827 1974 συν-

40 1992 203 2026 mmmam
224 1993 290 2020 αὐτὸ
309 1993 458 2029 συμφθίνον
480 1995 512 2029 τῇ
540 1994 635 2029 σαρκί·
657 1994 707 2021 κᾶν
728 1994 782 2031 γὰρ
798 1996 827 2021 έν

40 2038 216 2074 πνευματικῷ
234 2039 408 2075 μεταπλασθῇ
429 2039 545 2076 σώματι,
559 2040 625 2067 αὐτὸ
647 2040 696 2076 μὲν
712 2041 783 2073 ἰδίως
797 2041 827 2067 τὸ

40 2083 147 2118 πρῶτον
168 2084 348 2120 ὑποκείμενον
365 2085 451 2111 ἐκεῖνο
474 2085 524 2111 οὐκ
548 2085 634 2118 ἔσται,
658 2085 784 2121 ὁμοιότης
797 2086 826 2112 δέ

40 2136 79 2160 τις
96 2129 202 2155 ἐκείνου
219 2131 248 2156 ὲν
263 2130 425 2166 λεπτομερεί
444 2131 691 2167 μεταπεπλασμένη
711 2131 824 2167 σώματι·

41 2175 63 2200 εί
75 2175 105 2201 δὲ
118 2175 193 2210 μήτε
209 2175 240 2202 τὸ
262 2174 332 2209 εἶδος
348 2176 379 2203 τὸ
393 2177 468 2209 αὐτὸ,
493 2178 561 2213 μήτε
577 2177 608 2204 τὸ
624 2176 702 2212 σῶμα
719 2177 827 2204 ἀνίστα-

41 2229 93 2251 ται,
109 2222 168 2248 ἀλλ’
189 2222 283 2258 ἓτερον
298 2223 358 2249 ἀντὶ
373 2222 419 2250 τοῦ
434 2223 576 2260 προτέρου,
594 2223 632 2249 Tb
651 2224 704 2260 γὰρ
720 2224 822 2259 ὅμοιον,
840 2233 865 2264 D

42 2266 132 2302 ἓτερον
146 2267 194 2294 τοῦ
211 2268 308 2295 ἑαυτοῦ
319 2269 411 2304 ὁμοίου
427 2269 466 2301 ὃν,
483 2269 548 2296 αὑτὸ
559 2270 648 2295 ἐκεῖνο
661 2269 691 2295 τὺ
705 2268 826 2305 πρῶτον,

45 2312 108 2347 προς
121 2313 136 2339 ὃ
150 2313 270 2346 ἐγένετο,
288 2311 357 2341 εἶναι
374 2315 403 2340 οὐ
419 2314 539 2341 δύναται.

147 2423 289 2460 ΙξῙεθηύεέ
303 2421 350 2458 ἧς.
369 2423 424 2460 AL,
452 2424 657 2460 μεθιστάμενος,
671 2421 769 2460 ἐφ’ἦς.

77 2457 132 2492 (88)
146 2458 290 2490 Siquidem
309 2467 380 2493 ergo.
393 2457 472 2485 Clara
486 2457 626 2487 conclusio
650 2469 656 2486 :
674 2457 703 2486 ut
727 2457 784 2488 sive
800 2461 829 2487 in

46 2498 166 2530 corpore.
179 2494 237 2520 sive
249 2494 306 2521 sola
318 2495 417 2530 anima,
433 2495 490 2521 sive
500 2495 588 2522 adhuc
605 2499 755 2530 superstes,
771 2496 830 2523 sive

49 2528 181 2555 redivivus
196 2529 273 2556 visus
290 2530 326 2556 sit
346 2529 429 2560 Elias,
443 2530 580 2564 niltilejus
599 2528 733 2565 apparitio
756 2531 830 2558 obsit

49 2567 157 2596 speratae
173 2564 369 2591 resurrectioni
385 2565 486 2591 carnis.
504 2564 641 2592 Schottu’s’
651 2566 731 2593 aliter
741 2566 828 2598 effert,

48 2598 124 2636 velut_
134 2604 274 2636 mortuum
301 2600 414 2627 aflirtnet
434 2600 586 2628 Metltodius
604 2601 696 2636 :quod
721 2608 750 2628 re
770 2602 830 2636 ipsa

49 2639 95 2671 non
113 2634 196 2664 facit:
222 2635 270 2662 sed
294 2635 427 2671 permittit
457 2636 567 2671 Origeni
592 2634 725 2671 quidquid
742 2634 828 2667 malit,

48 2668 153 2706 «jusque
181 2668 364 2706 undequaque
391 2668 570 2698 incousunum
601 2668 697 2706 dogma
727 2672 828 2705 arguit.

50 2703 150 2740 §pcctat
164 2706 217 2732 huc
230 2703 367 2735 st-ltolion.
384 2706 454 2740 quod
470 2707 549 2740 paulo
563 2703 739 2738 antefsecntt
751 2703 830 2733 notas

48 2737 196 2776 fimsrhelii,
211 2737 404 2776 ascripsimus,
425 2737 577 2768 asci-ibente
607 2742 650 2768 hic
677 2742 831 2776 apograpbo

48 2772 196 2808 Sirmundi;
215 2772 317 2810 estque
331 2775 391 2810 ejus
406 2783 503 2803 sensus
531 2776 630 2809 facilis,
648 2777 670 2803 si
685 2772 747 2811 quis
768 2772 830 2803 dum

45 2810 286 2844 ipsnlfethodiano
301 2815 386 2842 textu,
404 2816 433 2838 ut
449 2811 500 2838 fuit
515 2819 530 2838 a
541 2812 621 2839 nobis
636 2811 771 2843 redditus,
785 2811 830 2839 vel

45 2849 69 2871 ut
81 2847 137 2882 ipse
149 2847 254 2882 :ltabct,
266 2846 425 2882 contulerit.

73 2880 127 2918 (89)
142 2881 185 2910 Eo
209 2880 330 2917 quodin
344 2881 540 2909 alterationibus
565 2882 637 2917 prior
660 2882 756 2917 (arma,
778 2887 831 2910 etc.

877 936 950 965 actu,
971 941 1026 960 non
1042 933 1107 961 item
1133 933 1321 961 subsistentia.
1339 933 1374 961 Ut
1390 934 1412 961 si
1424 936 1486 969 quis
1501 936 1618 962 triticum
1638 939 1668 964 et

877 978 1006 1006 hordeum
1020 979 1102 1006 mista
1117 978 1188 1006 inter
1201 985 1241 1011 se,
1253 983 1379 1006 secernat
1392 988 1398 1006 :
1412 984 1546 1015 quatenus
1556 981 1666 1016 quidem

876 1032 924 1060 per
937 1029 1040 1052 motum
1057 1029 1230 1061 separantur,
1243 1025 1346 1053 dicitur
1359 1027 1494 1061 separatio
1510 1033 1570 1054 actu
1584 1031 1666 1062 atque

876 1077 923 1104 re;
941 1076 1077 1106 quatenus
1093 1079 1158 1099 vero
1174 1075 1300 1106 separata
1314 1073 1429 1100 seorsim
1444 1073 1608 1105 subsistunt,
1624 1074 1668 1101 di-

877 1116 949 1143 citur
965 1117 1114 1151 separatio,
1131 1117 1319 1146 subsistentia.
1345 1117 1515 1154 Cogitatione
1530 1124 1618 1146 autent
1638 1124 1666 1147 ct

876 1163 991 1195 ratione,
1000 1162 1075 1190 velut
1089 1163 1110 1190 si
1127 1164 1267 1191 materiam
1279 1171 1292 1190 a
1305 1164 1482 1199 qualitatibus
1496 1172 1663 1199 separemus,

877 1215 909 1236 ac
924 1208 1069 1244 qualitates
1084 1217 1099 1236 a
1112 1210 1236 1238 materia.
1255 1210 1324 1237 Actu
1339 1209 1457 1245 denique
1469 1231 1476 1243 ,
1491 1214 1518 1237 at
1534 1218 1586 1237 non
1601 1211 1666 1238 sub<

876 1254 999 1283 sistentia
1011 1273 1019 1287 ,
1035 1262 1097 1282 cum
1115 1258 1271 1289 separatum
1291 1254 1393 1290 aliquid
1409 1255 1443 1282 ab
1456 1256 1509 1282 alio
1519 1275 1526 1287 ,
1540 1263 1594 1282 non
1609 1263 1666 1282 am-

877 1300 948 1336 plius
962 1300 1059 1332 fuerit,
1080 1309 1135 1328 non
1155 1301 1257 1330 habens
1273 1309 1328 1337 quo
1349 1301 1493 1329 subsistat.
1513 1300 1622 1328 Noverit
1636 1305 1666 1328 ut

877 1346 933 1374 haec
948 1345 1066 1373 habeant
1081 1347 1163 1374 etiam
1180 1348 1205 1374 in
1222 1347 1400 1379 mecltanicis,
1425 1348 1447 1374 si
1467 1347 1528 1382 quis
1548 1350 1665 1374 statuant

876 1399 1012 1427 equumve
1035 1399 1090 1420 aere
1114 1395 1205 1419 fusum
1227 1392 1352 1427 aspiciat.
1369 1391 1477 1419 Videbit
1489 1392 1578 1424 enim,
1600 1391 1666 1419 dum

877 1436 1002 1464 advertat
1025 1438 1158 1470 animum,
1177 1440 1207 1463 ut
1231 1436 1377 1464 immutent
1392 1436 1506 1464 formam
1525 1437 1666 1470 innatam,

877 1485 958 1518 atque
986 1482 1014 1510 in
1041 1482 1154 1518 figuram
1170 1482 1250 1510 aliam
1265 1490 1280 1510 a
1294 1490 1347 1518 qua
1360 1482 1482 1510 deleatur
1497 1483 1585 1511 forma
1599 1491 1666 1511 con-

878 1528 969 1564 genita
982 1548 988 1560 ,
1003 1528 1182 1557 transferant.
1202 1528 1269 1555 Nam
1291 1529 1313 1556 si
1329 1529 1391 1564 quis
1407 1529 1483 1564 signa
1501 1530 1528 1556 itt
1547 1530 1666 1558 hominis

878 1578 925 1602 aut
939 1574 1001 1610 equi
1015 1574 1127 1610 figuram
1137 1574 1252 1610 efﬁgiata
1264 1574 1432 1607 conflaverit,
1454 1574 1546 1602 forma
1557 1576 1665 1611 quidem

878 1619 990 1656 ﬁguram
1001 1621 1176 1653 exstinctam,
1192 1621 1334 1649 materiam
1358 1629 1423 1649 vero
1438 1622 1610 1656 superstitem
1624 1622 1668 1649 in-

877 1671 1008 1694 venturus
1019 1671 1071 1695 est.
1088 1667 1182 1702 Itaque
1192 1666 1341 1694 absurdum
1358 1670 1416 1701 est,
1432 1671 1460 1694 ut
1474 1667 1537 1702 quis
1549 1667 1666 1694 formata

877 1720 937 1748 quae
951 1712 1019 1740 nihil
1039 1713 1090 1740 fuit
1106 1713 1242 1741 exstincta
1263 1717 1478 1740 resurrecturam
1496 1713 1586 1745 dicat,
1604 1720 1667 1740 cet--

877 1767 983 1795 pusque
1011 1759 1056 1786 cui
1090 1759 1136 1787 illa
1167 1758 1219 1786 fuit
1247 1758 1396 1793 impressa,
1440 1764 1597 1794 corruptum
1633 1759 1667 1786 iri

877 1806 1034 1834 contendat.

912 1851 983 1880 XVl.
993 1851 1108 1879 Maxime
1118 1852 1267 1884 enimvero,
1282 1853 1384 1888 inquit;
1403 1851 1582 1880 transferetur
1593 1852 1666 1879 enim

877 1900 905 1927 in
916 1906 1017 1934 corpus
1026 1898 1158 1934 spiritale.
1174 1899 1244 1934 Ergo
1259 1899 1338 1927 fateri
1355 1907 1467 1927 necesse
1480 1903 1531 1932 est,
1542 1899 1667 1927 eamdem

877 1945 985 1981 proprie
1000 1944 1114 1972 formam
1125 1945 1240 1980 primam
1250 1952 1305 1973 non
1317 1953 1472 1981 resurgere,
1481 1953 1515 1972 eo
1523 1944 1595 1980 quod
1607 1953 1669 1972 mu-

877 1995 932 2018 tata
953 1990 989 2018 sit
1002 1994 1029 2018 et
1048 1995 1175 2025 corrupta
1187 2010 1194 2023 ,
1210 1999 1264 2018 una
1281 1998 1343 2018 cum
1365 1999 1455 2018 carne.
1479 1990 1536 2019 Etsi
1548 1991 1620 2018 enim
1637 1991 1667 2018 in

877 2036 1000 2072 spiritale
1024 2043 1123 2070 corpus
1145 2037 1277 2064 translata
1299 2037 1351 2069 sit,
1374 2038 1434 2072 ipsa
1457 2041 1547 2065 tamen
1571 2037 1667 2066 eadem

877 2090 931 2110 non
951 2082 1004 2110 erit
1025 2082 1143 2117 primum
1160 2083 1267 2118 proprie
1281 2083 1434 2118 subjectum
1447 2104 1454 2115 ,
1474 2084 1520 2111 sed
1538 2084 1662 2120 quaedam

877 2128 951 2155 illius
965 2129 993 2155 in
1010 2128 1105 2155 subtili
1120 2135 1236 2163 corpore
1251 2129 1445 2157 transformata
1456 2130 1616 2159 similitudo.
1635 2130 1665 2157 Si

877 2179 966 2201 autent
976 2181 1030 2201 non
1038 2174 1130 2201 eadem
1148 2174 1233 2202 forma
1247 2183 1317 2213 ;nec
1334 2176 1403 2204 idem
1420 2184 1521 2212 corpus
1536 2176 1664 2211 resurgit,

879 2219 926 2248 sed
942 2220 1015 2247 aliud
1034 2227 1083 2255 pro
1097 2220 1160 2248 alio.
1174 2220 1241 2248 Nam
1265 2221 1368 2255 simile,
1391 2230 1453 2249 cum
1479 2223 1514 2251 sit
1535 2224 1607 2251 aliud
1631 2224 1666 2250 ab

879 2273 911 2294 eo
919 2266 976 2302 (90)
991 2265 1063 2301 quod
1078 2266 1128 2300 ipsi
1147 2266 1235 2295 simile
1248 2271 1302 2299 est,
1312 2267 1377 2294 illud
1394 2269 1480 2303 ipsum
1491 2269 1618 2304 primum,
1631 2269 1665 2296 ad

879 2312 951 2348 quod
962 2311 1013 2339 fuit
1029 2312 1129 2339 factum
1143 2317 1171 2340 et
1183 2313 1255 2348 quod
1273 2314 1404 2347 imitatur,
1417 2322 1478 2342 esse
1495 2322 1548 2342 non
1565 2319 1665 2350 potest.

879 2424 924 2461 Τῷ
946 2424 1166 2461 προαπόλλυσθαι
1189 2426 1220 2453 τὸ
1243 2424 1310 2457 εἶδος
1333 2425 1386 2452 τῶν
1413 2425 1531 2460 σαρκῶν,
1556 2425 1616 2461 τοι,
1635 2429 1666 2453 ut

880 2459 975 2492 Sit-nn,
993 2460 1141 2496 σαρκικῶν,
1159 2462 1251 2488 eodem
1273 2469 1364 2488 sensu.
1387 2461 1481 2495 Arguit
1495 2465 1588 2487 contra
1607 2460 1663 2487 for-

879 2503 950 2523 mam
967 2495 1039 2523 illam
1051 2495 1254 2530 Origt-nianam.
1273 2499 1302 2522 ut
1316 2504 1370 2523 noti
1383 2497 1469 2530 possit
1486 2495 1530 2522 illa
1556 2496 1664 2523 restitui

880 2531 988 2563 animae,
1012 2538 1094 2558 carne
1119 2535 1268 2565 perempta.
1297 2539 1357 2557 cum
1384 2535 1476 2565 pereat
1504 2531 1561 2565 ipsa
1590 2531 1667 2564 prior

880 2573 973 2596 carne.
991 2566 1017 2592 in
1032 2574 1085 2600 qua
1101 2567 1173 2592 velut
1188 2566 1364 2596 subsistebat,
1381 2574 1413 2592 eo
1425 2565 1564 2600 modoquo
1578 2566 1665 2600 figura

880 2605 906 2628 et
923 2601 1008 2628 forma
1020 2601 1082 2634 equi
1100 2601 1126 2627 in
1138 2609 1201 2628 mre.
1221 2601 1288 2627 Male
1304 2608 1368 2631 ergo
1386 2600 1515 2627 Sehottus
1541 2609 1569 2627 eo
1595 2601 1664 2635 quod

880 2637 967 2670 [arma
983 2637 1081 2666 carnis,
1099 2640 1163 2668 etc.,
1179 2636 1308 2671 pluraque
1321 2636 1372 2662 alia
1386 2636 1502 2671 quisque
1520 2643 1665 2671 perspexe-

881 2672 916 2698 rit
929 2671 1019 2697 minus
1034 2674 1095 2705 apte
1113 2672 1151 2697 vel
1170 2671 1283 2697 fideliter
1299 2672 1413 2698 reddita.

915 2706 970 2740 (90)
985 2705 1049 2733 Cum
1061 2706 1093 2731 sit
1108 2706 1180 2741 aliud
1195 2705 1227 2731 ab
1241 2709 1344 2741 eotett'.
1364 2705 1409 2732 Sic
1423 2705 1664 2741 planelegendum,

882 2739 973 2776 ἕτερον
1000 2741 1047 2766 τοῦ
1062 2740 1150 2774 ἑαυτῷ
1167 2740 1259 2775 ὁμοίου
1277 2739 1316 2771 ὃν,
1333 2739 1430 2768 suadet
1445 2741 1501 2775 ipse
1521 2739 1666 2769 contextus

881 2783 907 2804 et
930 2775 1047 2803 inducta
1075 2775 1216 2810 probatio;
1233 2783 1293 2810 quae
1308 2776 1386 2802 aliter
1411 2780 1553 2810 concepta,
1574 2777 1664 2810 inepta

881 2815 933 2838 est.
947 2811 1098 2838 Valetvero
1112 2811 1263 2841 in.crealis.
1279 2811 1323 2837 ubi
1348 2811 1420 2837 nulla
1450 2810 1546 2842 forma,
1573 2810 1665 2840 multis

882 2854 913 2873 re
940 2855 1003 2874 vera
1020 2851 1046 2874 et
1062 2846 1201 2874 individue
1217 2847 1370 2873 communis
1386 2850 1437 2873 est.
1453 2847 1480 2873 In
1507 2847 1606 2874 divinis
1621 2853 1664 2874 est

885 2882 980 2910 saltem
995 2882 1062 2910 alter
1074 2882 1150 2910 alteri
1161 2881 1268 2916 similis,
1283 2890 1369 2917 eoque
1384 2881 1528 2916 singularis
1541 2883 1662 2917 quadam
