1911 3072
253 134 306 164 3‘23

738 141 766 168 S.
784 142 947 170 METIIODll
968 143 1121 171 EPISCOPI
1142 145 1184 172 ET
1205 145 1382 173 MARTYRIS

1820 146 1873 175 εει

283 193 363 223 XVII.
382 195 426 223 Ait
448 195 518 230 εἶδος
536 202 563 226 et
581 199 695 227 I'ormam
716 209 789 235 esse,
806 203 879 238 quod
895 205 1017 231 membro

1122 205 1168 232 iZ'.
1191 207 1249 233 ’Ὁτι
1265 205 1333 239 εἶδός
1356 215 1437 243 φησιν
1451 205 1519 234 εἶναι
1533 208 1563 234 τὸ
1577 207 1625 243 τὴν
1646 207 1799 242 ταυτότητι
1817 209 1872 233 τὼν

251 247 312 268 rum
326 241 505 277 identitatem,
523 244 550 271 in
563 246 648 280 ﬁgura
661 246 753 274 formae
764 249 937 284 propriisque
946 250 1037 277 unius-

249 287 382 321 cujusque
389 288 563 322 distinctivis,
571 292 689 319 exhibet.

237 336 240 343 '
286 333 378 361 XVIII.
396 335 553 371 Exponente
565 337 681 372 Origene
693 346 775 366 sensu
793 339 949 374 allegorico,
964 341 1035 375 quod

248 380 282 406 ab
297 379 437 409 Ezechiele
452 383 581 417 propheta
594 383 696 411 dictum
708 384 766 416 fuit,
777 385 811 413 de
819 387 1033 420 resurrectione,

247 430 329 460 atque
342 427 376 454 ad
397 426 581 456 lsraelitarum
598 438 612 457 e
629 430 792 466 Babylonica
822 433 976 467 captivitate
990 441 1035 461 re-

246 471 332 498 ditum
348 472 536 508 detorqucnte,
550 479 610 509 post
630 476 725 507 multa,
743 484 804 503 cum
824 484 940 512 arguens
966 478 1035 506 San-

245 521 317 548 ctus,
335 517 386 545 hoc
401 519 495 553 adjicit
510 529 516 546 :
533 519 572 547 Ac
585 528 671 555 neque
689 521 738 556 ipsi
750 521 836 550 Judai
853 524 959 558 plenam
977 525 1035 551 sin-

247 571 392 598 ceramque
417 564 568 592 libertatem
599 567 718 594 assecuti
743 572 823 599 sunt,
838 577 927 604 neque
938 571 1033 604 majori

245 612 380 643 potestate
396 610 510 639 devictis
530 612 666 645 hostibus,
681 613 895 650 Hierosolymam
910 616 1033 643 incolue-

245 659 324 682 runt:
334 663 366 683 ac
376 663 438 683 cum
449 657 548 692 saepius
562 660 724 687 statuissent
741 661 871 695 templum
886 661 1030 693 aediﬁcare,

245 705 279 732 ab
292 706 353 733 aliis
371 707 498 741 gentibus
520 708 648 743 prohibiti
663 715 736 737 sunt.
755 709 830 738 Unde
840 710 922 738 etiam
939 712 983 738 vix
999 712 1032 738 il-

244 751 291 778 lud
303 752 374 779 intra
387 761 475 781 annos
489 762 550 781 XLVI
562 755 749 788 absolverunt,
761 764 822 784 cum
838 756 966 784 Salomon
983 765 1032 784 an-

243 798 287 825 nis
296 803 398 833 septem
410 808 424 826 a
434 800 616 829 fundamentis
625 803 772 830 excitatum
784 803 1030 838 pert'eeisset.Quid

243 851 309 871 vero
324 853 437 873 necesse
460 846 496 874 sit
521 848 598 882 plura
624 847 795 879 diecre,cnm
815 857 829 876 a
849 848 1030 877 Nabuchodo—

1088 252 1176 287 μελῶν
1199 253 1226 278 ἐν
1245 252 1284 287 τῷ
1302 253 1454 289 χαρακτῆρι
1479 253 1528 288 τῆς
1553 253 1660 289 μορφῆς
1680 253 1796 280 ἑκάστου
1823 254 1874 288 ἐμ-

1088 299 1190 332 φαῖνον.
1550 324 1554 328 .

1121 344 1174 370 lH’.
1200 344 1269 377 Ὅτι,
1293 343 1323 370 τὸ
1338 344 1412 380 παρὰ
1427 344 1473 371 τοῦ
1500 345 1638 380 προφήτου
1658 343 1786 378 Ἰεζεκιὴλ
1806 343 1873 378 περὶ

1086 388 1134 422 τῆς
1156 390 1327 421 ἀναστάσεως
1349 389 1402 415 τῶν
1421 389 1524 424 νεκρῶν
1542 389 1622 425 ῥητὸν
1643 389 1796 425 εἰρημένον,
1823 388 1871 414 τοῦ

1092 435 1243 470 Ὠριγένους
1261 435 1480 471 ἀλληγοροῦντος,
1503 435 1549 462 καὶ
1572 436 1612 468 εἰς
1629 436 1678 470 τὴν
1691 435 1746 462 τῶν
1761 436 1800 466 εἰς
1818 435 1874 460 Βα-

1084 480 1190 507 ϐυλῶνα
1206 481 1475 516 αἰχμαλωτισθέντων
1495 481 1667 517 Ἰσραηλιτῶν
1681 480 1810 507 ἐπάνοδον
1824 481 1873 506 ἐκ-

1083 517 1243 561 ειαζομένου
1253 527 1387 562 εἰρῆσθαι,
1400 526 1546 561 ἐξελέγχων
1559 526 1626 561 μετὰ
1638 525 1722 552 πολλά
1733 527 1748 552 ὁ
1760 525 1870 559 Ἄγιος,

1084 572 1129 598 καὶ
1143 572 1222 598 τοῦτὸ
1239 581 1329 608 φησιν·
1352 572 1418 599 Οὐδὲ
1437 572 1491 608 γὰρ
1504 573 1564 600 οὐδὲ
1580 573 1654 598 αὐτοὶ
1670 572 1738 607 πρὸς
1760 571 1871 598 ἐλευθε-

1084 617 1143 652 ρίαν
1159 618 1311 654 ἀνέσφηλαν
1328 618 1460 654 καθαρὰν,
1472 618 1530 644 οὐδὲ
1545 617 1598 644 τῶν
1608 617 1712 653 ἐχθρῶν
1728 625 1871 652 κατακρα-

1081 664 1211 698 τήσαντες
1245 664 1516 700 ὲξουσιαστικώτερον
1541 663 1596 698 (95)
1624 663 1786 699 κατῴκησαν
1816 662 1870 698 τὴν

1088 709 1238 745 Ἱερουσαλή
1244 719 1273 745 μ.
1289 711 1418 746 Εῐργοντο
1434 710 1497 745 γοῦν
1510 710 1562 736 ὑπὸ
1579 709 1632 736 τῶν
1651 709 1800 736 ἀλλοεθνῶν
1811 709 1868 744 (94)

1081 756 1208 788 πολλάκις
1221 756 1396 792 οἰκοδομῆσαι
1410 756 1569 792 Θελήσαντες
1585 756 1683 791 μᾶλλον
1697 754 1764 790 (95).
1783 755 1869 781 "063v

1080 802 1127 828 καὶ
1152 803 1180 828 ἐν
1204 804 1251 836 μς¹
1270 801 1350 828 αὐτὸν
1374 801 1421 828 καὶ
1445 801 1475 833 ἒξ
1497 800 1568 827 ἔτεσι
1593 801 1668 835 μόλις
1692 799 1869 835 ἠδυνήθησαν

1080 847 1234 882 δείμασθαι,
1259 846 1305 874 τοῦ
1332 846 1502 881 Σολομῶντος
1524 846 1553 872 ὲν
1575 846 1700 872 ἑπταετεῖ
1723 846 1812 881 χρόνῳ
1833 846 1869 871 ἐκ

243 897 342 918 nosore
365 895 391 918 et
408 894 617 921 successoribus
635 894 694 929 ejus
718 894 745 921 in
762 894 900 931 Babylone
911 903 1017 930 regnant

1081 893 1210 928 θεμελίων
1221 893 1301 920 αὑτὸν
1316 892 1572 928 συμπληρώσαντος.
1585 893 1638 918 Καὶ
1650 891 1676 918 τί
1692 892 1745 927 χρὴ
1756 891 1866 925 λέγειν;

242 936 326 968 tibus,
339 945 424 972 usque
441 938 474 965 ad
484 938 628 966 Persarum
643 940 670 967 in
685 940 814 976 Assyrios
829 941 1028 976 expeditionem

241 986 269 1010 et
293 983 441 1011 Alexandri
464 985 609 1020 imperium
629 990 657 1013 et
681 986 781 1013 bellum
808 995 869 1014 cum
899 987 1029 1015 Romanis

241 1030 428 1062 commissum,
445 1031 534 1059 sexies
550 1033 584 1059 ab
597 1033 722 1060 hostibus
734 1033 920 1069 Hierosolyma
936 1035 962 1061 in
980 1043 1029 1070 po-

242 1079 368 1103 testatem
383 1076 493 1104 redacta
505 1077 734 1114 sint?Narratque
746 1078 890 1114 Josephus,
907 1080 1002 1108 dicens
1019 1091 1025 1108 :

240 1120 338 1157 [Capta
345 1126 384 1148 est
400 1122 596 1160 Hierosolyma]
608 1133 676 1151 anno
687 1125 798 1151 serundo
815 1125 967 1160 Vespasiani
976 1128 1025 1153 im-

238 1168 379 1201 peritaris.
395 1167 480 1203 Capta
493 1173 517 1195 et
533 1158 596 1196 ante
610 1170 667 1204 jam
684 1171 819 1205 quinquies
831 1190 838 1201 ,
849 1158 920 1197 tunc‘
929 1172 1023 1198 iterum

238 1218 344 1240 vastata
369 1219 418 1240 est.
443 1214 584 1242 Aser/treus
603 1216 672 1242 enim
687 1215 798 1250 Egi/pii
814 1223 873 1248 rex,
896 1220 920 1243 et
946 1217 1024 1251 hujus

236 1267 371 1286 successor
388 1260 548 1292 Antiochus;
566 1260 658 1287 deinde
678 1261 833 1296 Pompeius,
857 1267 881 1288 et
903 1267 960 1297 post
976 1263 1023 1289 hos

236 1313 296 1331 cunt
318 1305 422 1332 Herode
443 1305 547 1336 Sosius.
568 1311 674 1340 capiam
697 1307 788 1334 urbem
805 1316 938 1335 servavere
954 1307 1022 1344 (9t).

235 1348 303 1376 Ante
318 1359 376 1377 vero
391 1360 437 1378 rex
449 1351 654 1387 Babyloniorum
667 1361 698 1380 ea
711 1354 819 1388 potitus,
833 1354 977 1381 exciderat.

1079 940 1133 966 ἀπὸ
1147 939 1201 975 γὰρ
1215 940 1246 975 δὴ
1262 939 1494 975 Ναϐουχοδονόσορ
1512 939 1559 966 καὶ¹
1575 939 1629 966 τῶν
1643 939 1699 973 μετ’
1717 938 1797 965 αὑτὸν
1812 938 1868 965 Βαν-

1079 986 1196 1017 6υλῶνος
1218 986 1433 1021 βασιλευσάντων
1455 986 1517 1021 ἄχρι
1534 985 1583 1019 τῆς
1604 985 1715 1021 Περσων
1730 984 1775 1010 ἐπὶ
1800 985 1867 1016 τοὺς

1085 1032 1242 1068 Ἀσσυρίους
1263 1032 1385 1063 καθόδου,
1400 1032 1448 1067 τῆς
1467 1039 1496 1057 τε
1517 1030 1688 1066 Ἀλεξάνδρου
1703 1030 1864 1065 ἡγεμονίας,

1079 1079 1126 1105 καὶ
1139 1079 1184 1105 τοῦ
1207 1077 1349 1113 Ῥωμαίων
1365 1077 1411 1104 τοῦ
1432 1077 1500 1113 πρὸς
1516 1077 1578 1108 τοὺς
1599 1076 1742 1108 Ἰουδαίους
1759 1077 1865 1111 συρρα-

1078 1125 1173 1160 τέντος
1197 1125 1327 1160 πολέμου,
1354 1124 1447 1158 ἑξάκις
1475 1123 1701 1160 κατεστράφησαν
1726 1123 1778 1149 ὑπὸ
1808 1122 1866 1148 τῶν

1078 1171 1212 1206 πολεμίων
1239 1171 1272 1198 τὰ
1306 1171 1487 1206 Ἱεροσόλυμα.
1512 1170 1566 1196 Καὶ
1595 1169 1674 1196 τοῦτο
1709 1167 1864 1204 Ἰώσηππος

1078 1218 1178 1253 ἱστορεῖ
1191 1217 1277 1251 λέγων
1287 1225 1294 1232 θ
1306 1218 1381 1243 Ἔτει
1396 1216 1524 1250 δευτέρῳ
1534 1216 1588 1251 (96)
1600 1216 1654 1250 τῆς
1669 1217 1863 1243 Οὐεσπασιαο

1077 1262 1132 1289 νοῦ
1148 1262 1316 1296 ἡγεμονίας.
1336 1261 1463 1288 Ἀλοῦσα
1479 1261 1514 1287 δὲ
1529 1261 1577 1288 καὶ
1591 1261 1734 1294 πρότερον
1753 1261 1865 1287 πεντά-

1076 1317 1132 1341 κις,
1149 1306 1237 1336 τοῦτο
1251 1307 1392 1340 δεύτερον
1402 1306 1550 1341 ἠρημώθη.
1565 1306 1723 1340 Ἀσωχαῖος
1735 1306 1794 1340 μὲν
1807 1307 1863 1341 γὰρ

1076 1355 1092 1381 o'
1107 1354 1166 1380 τῶν
1179 1354 1347 1389 Αἰγυπτίων
1358 1352 1517 1385 βασιλεὺς,
1537 1352 1586 1378 καὶ
1599 1353 1661 1386 μετ’
1685 1352 1779 1379 αὑτὸν
1803 1353 1864 1378 Ἀν-

235 1395 345 1430 τῖοχος,
363 1397 464 1424 ἔπειτα
481 1398 644 1432 Πομπήϊος,
660 1400 708 1426 καὶ
722 1400 771 1426 ἐπὶ
786 1402 902 1434 τούτοις
914 1401 975 1428 σὺν
991 1399 1098 1434 Ἡρώδῃ
1116 1400 1228 1433 Σώσιος
1240 1400 1371 1432 ἑλόντες,
1383 1399 1555 1433 ἐνέπρησαν
1569 1397 1625 1432 τὴν
1637 1399 1737 1425 πόλιν.
1751 1398 1811 1432 Πρὸ
1827 1397 1864 1424 δὲ

235 1442 357 1474 τούτων,
376 1444 392 1469 ὀ
408 1443 467 1469 τῶν
481 1444 681 1472 Βαϐυλωνίων
692 1445 853 1479 βασιλεὺς,
871 1446 1033 1480 κρατήσας,
1052 1445 1212 1480 ἠρήμωσεν
1229 1444 1334 1477 αὑτήν.

270 1486 341 1514 XIX.
359 1486 431 1520 Hmc,
448 1488 546 1522 inquit,
559 1488 597 1515 ait
608 1487 749 1524 Origenes.
765 1489 847 1525 Atqui
862 1495 951 1526 potest
962 1498 1019 1518 mo-

234 1533 292 1560 veri
308 1533 420 1560 dubium
434 1534 468 1562 de
483 1533 588 1561 Lazaro
602 1539 629 1562 et
643 1535 744 1563 divite:
757 1536 817 1563 aliis
832 1536 940 1571 quidem
955 1537 1020 1563 sim-

234 1580 332 1614 plicius
357 1580 461 1607 dictum
488 1581 666 1616 putantibus,
683 1582 762 1617 quasi
776 1582 856 1610 ambo
879 1583 906 1610 in
923 1590 1020 1618 corpo-

1110 1490 1159 1517 IG'.
1179 1491 1240 1516 ’Ὁτι
1267 1490 1408 1525 Ὠριγένης
1423 1489 1486 1516 τάδε
1507 1489 1588 1530 φησίς
1605 1489 1672 1525 Περὶ
1689 1489 1719 1515 δὲ
1740 1488 1788 1515 τοῦ
1805 1490 1863 1516 Δα-

1074 1537 1156 1572 ζάρου
1176 1535 1222 1562 καὶ
1247 1534 1292 1562 τοῦ
1317 1535 1442 1562 πλουσίου
1469 1535 1628 1571 ἀπορεῖσθαι
1650 1535 1777 1562 δύναται·
1805 1535 1864 1562 τῶν⁸

1076 1583 1125 1619 μὲν
1148 1581 1338 1618 ἁπλουστέρων
1355 1581 1410 1617 (97)
1427 1582 1556 1616 οἰομένων
1570 1581 1657 1608 ταῦτα
1669 1582 1804 1617 λελέχθαι,
1821 1581 1862 1612 ὡς

234 1626 328 1659 ribus,
346 1626 429 1661 digna
453 1626 534 1655 factis
550 1627 578 1654 in
593 1628 648 1655 vita
662 1629 815 1663 receperint
831 1638 839 1657 :
854 1629 914 1657 aliis
930 1617 1017 1658 autem

1076 1617 1234 1664 ἀμφοτέρων
1250 1628 1317 1663 μετὰ
1331 1627 1383 1654 τῶν
1399 1626 1531 1663 σωμάτων
1540 1627 1733 1662 ’λαμὸανὸντων
1745 1627 1781 1654 τὰ
1796 1627 1862 1659 ἀξια

234 1671 378 1705 subtilius;
389 1680 450 1699 cum
460 1676 522 1708 post
534 1674 760 1702 resurrectionem
769 1674 960 1711 (92)]ιυ11ιιείιι
967 1675 1021 1702 vita

234 1717 421 1753 relinquatur;
450 1726 504 1746 non
525 1720 744 1749 existimantibus
768 1722 825 1749 haec
845 1722 873 1749 in
898 1729 1020 1749 resurre-

233 1763 323 1791 ctione
343 1764 501 1800 contigisse.
516 1763 584 1793 Nam
598 1767 635 1794 ait
648 1767 724 1795 dives
735 1767 759 1783 "
777 1777 784 1796 :
804 1767 894 1795 Habeo
909 1768 1020 1803 quinque

268 1831 291 1849 ’δ
301 1831 366 1860 Luc.
385 1841 441 1867 va.
451 1833 497 1861 28.

231 1891 405 1927 similitudo,
434 1900 516 1927 quam
556 1891 646 1927 aptius
685 1891 852 1920 identitatcm
888 1892 1015 1921 dicimus.

231 1925 328 1958 ϐπερὶ,
343 1925 547 1962 ὁμοουσιότητα·
559 1925 710 1962 ταυτότητα
726 1935 799 1960 vero,
820 1931 849 1954 ut
863 1935 915 1962 qua
927 1927 1017 1955 Sabel-

230 1962 374 1989 lianismus
388 1963 549 1997 explicetur,
559 1963 823 1990 omniextremorum
839 1963 1014 1990 distinctione

231 1997 349 2026 sublata.
374 1998 502 2032 reprobat
521 1997 696 2032 Epiphanius.
733 1997 768 2025 De
789 1998 839 2025 hac
854 1998 945 2025 divina
964 2006 1013 2025 ex-

231 2032 339 2059 cellenti
355 2033 542 2061 similitudine.
556 2040 641 2067 pauca
659 2033 780 2068 qttmdam
798 2033 832 2059 ad
848 2041 944 2060 novam
959 2033 1013 2060 Ca-

231 2068 342 2094 tecliesin
354 2068 457 2100 Basilii,
475 2068 502 2094 in
515 2068 574 2095 Vita
585 2069 680 2103 ipsius,
697 2073 808 2096 auctore
822 2069 1012 2104 Amphilocbio

229 2106 334 2130 nostro.

265 2138 321 2172 (9|)
338 2137 487 2165 Servavere.
505 2138 668 2173 Ἐτήρησαν.
681 2137 719 2165 Ita
732 2138 874 2170 legendum
892 2142 964 2172 patet
979 2147 1011 2166 ex

230 2173 290 2207 ipso
306 2177 380 2200 textu
400 2173 520 2208 Josephi.
535 2181 615 2208 quem
628 2173 726 2200 melius
743 2173 898 2201 ilmschelio
915 2174 1011 2209 legisse

227 2212 256 2235 et
271 2208 432 2243 expendisse
447 2208 610 2236 Methodium
630 2209 777 2236 verisimile
790 2213 842 2237 est.
857 2212 883 2234 et
899 2216 931 2235 ex
944 2208 1011 2235 'om-

1073 1674 1127 1700 τῶν
1143 1674 1193 1709 (ὲν)
1218 1673 1256 1709 τῷ
1273 1673 1321 1708 βίῳ
1339 1673 1552 1709 πεπραγμένων·
1577 1673 1630 1699 τῶν
1650 1673 1678 1699 δὲ
1696 1673 1862 1709 ἀκριϐεστέ-

1074 1729 1137 1757 ρωψ
1153 1721 1213 1747 ἐπεὶ
1229 1720 1296 1756 μετὰ
1312 1720 1360 1755 τὴν
1374 1721 1519 1747 ἀνάστασιν
1541 1720 1625 1752 οὐδεὶς
1649 1720 1678 1747 ἐν
1700 1720 1751 1756 βίῳ
1778 1729 1862 1747 κατα-

1072 1766 1203 1795 λείπεται.
1220 1766 1270 1792 οὐκ
1284 1766 1312 1792 ἐν
1325 1768 1358 1802 τῇ
1370 1766 1514 1793 ἀναστάσει
1529 1766 1658 1800 οἰομένων
1674 1765 1762 1792 ταῦτα
1776 1774 1861 1800 γεγοη

1069 1899 1130 1919 rum
1155 1892 1340 1927 apparitiones
1363 1892 1475 1927 exponit
1500 1900 1506 1918 :
1533 1899 1594 1926 quae
1620 1896 1692 1919 certe
1717 1893 1860 1920 crassiora

1069 1932 1143 1959 sunt,
1155 1928 1302 1963 putidaque
1311 1932 1337 1955 et
1352 1928 1478 1955 haeretica
1491 1937 1498 1959 ;
1515 1934 1669 1962 quanquam
1683 1927 1754 1954 forte
1765 1929 1859 1955 minus

1068 1963 1152 1990 solide
1167 1971 1182 1990 a
1198 1969 1292 1990 nostro
1307 1963 1442 1990 Methodio
1457 1963 1613 1998 impugnata
1627 1963 1687 1997 :qui
1701 1967 1728 1989 et
1746 1963 1807 1996 ipse
1821 1963 1855 1989 ad

1068 2005 1183 2033 corpora
1196 2002 1331 2029 recurrat,
1345 1999 1392 2025 sed
1407 1998 1482 2025 velut
1497 2002 1624 2031 cognata,
1634 2002 1661 2024 et
1675 1998 1734 2024 sine
1752 1998 1857 2032 quibus

1067 2034 1179 2060 minime
1198 2034 1332 2061 exsistant
1355 2034 1468 2068 spiritus
1493 2033 1615 2063 humani.
1633 2037 1730 2067 suapte
1753 2038 1853 2059 natura

1065 2069 1200 2103 corporei,
1224 2076 1378 2103 quanquam
1407 2076 1521 2102 corpore
1547 2069 1658 2095 alterius
1682 2068 1799 2095 rationis
1818 2069 1855 2094 ab

1065 2104 1128 2133 isto.
1144 2104 1216 2139 quod
1232 2112 1280 2132 cett
1292 2104 1481 2130 indumentum
1492 2107 1633 2130 externum
1652 2107 1790 2137 gestemus
1801 2123 1808 2134 ,
1824 2107 1854 2129 et

1064 2138 1246 2174 corruptibili.
1273 2139 1350 2166 Esset
1367 2146 1435 2173 opus
1452 2139 1574 2174 longiori
1595 2138 1792 2173 disputatione,
1815 2138 1852 2165 ad

1064 2173 1260 2202 ostendendum
1282 2175 1418 2208 quomodo
1449 2175 1506 2200 veri
1536 2173 1658 2208 spiritus,
1689 2178 1853 2208 naturzeque

1064 2216 1175 2243 prorsus
1202 2210 1369 2244 incorporeze
1390 2209 1538 2244 patiantur,
1570 2209 1720 2243 pra-serti":
1743 2209 1778 2236 ab
1793 2209 1848 2243 igni

228 2244 309 2279 nibus
327 2243 476 2273 historicis.
496 2244 566 2279 apud
582 2251 652 2278 quos
674 2251 808 2278 nusquam
836 2243 880 2270 illa
901 2248 1010 2279 exstant
1027 2252 1049 2279 ι)
1063 2252 1195 2279 corporeo
1210 2253 1216 2270 :
1229 2245 1274 2272 sed
1283 2243 1372 2272 inerit
1386 2248 1471 2270 metas
1490 2244 1631 2274 excedere,
1647 2243 1748 2279 quibus
1773 2251 1849 2271 unus

227 2277 610 2314 Hierosolymorumrexcidia:
624 2277 891 2313 excepto’primoillo
901 2277 1012 2314 Babylo—
1030 2277 1043 2279 ⁷
1063 2277 1191 2306 Methodii
1213 2283 1302 2306 textus
1321 2279 1499 2307 elucidandus
1520 2277 1675 2313 propositus
1697 2283 1750 2305 est.
1770 2278 1849 2305 Miris

227 2314 290 2341 nico
312 2318 339 2341 et
358 2313 458 2341 ultimo
482 2313 612 2340 Romano.
643 2314 823 2349 Κατεπράφη
853 2321 917 2348 ergo
946 2315 1011 2342 urbs

227 2349 284 2381 illa.
297 2350 408 2376 subacta
422 2353 464 2376 est
478 2354 503 2376 et
520 2353 598 2383 capta
608 2349 696 2376 sexies
707 2359 713 2376 :
723 2349 857 2384 ἠρημώοη
869 2349 1011 2380 6é,eversa

226 2389 254 2412 et
271 2385 361 2412 excisa
372 2388 414 2411 est
426 2384 533 2411 tandem
546 2385 643 2411 iterum
654 2385 774 2412 secundo
790 2384 894 2419 imperii
910 2384 1010 2419 Vespa-

227 2420 296 2446 siani
312 2427 400 2453 anno;
422 2419 493 2454 quod
508 2423 534 2446 et
547 2419 605 2454 ipse
618 2419 807 2446 Methodianus
820 2423 920 2451 textus,
935 2421 1009 2447 clare

226 2457 303 2483 satis.
315 2455 402 2490 inrsna
417 2455 499 2482 etiam
511 2455 669 2487 vitiositatc,
682 2458 868 2490 reprzesentat.

262 2490 317 2524 (92)
329 2489 396 2517 Cum
409 2491 700 2525 postresurrectionem,
710 2494 763 2517 etc.
781 2489 893 2516 Videtur
907 2489 1009 2524 signiﬁ-

225 2525 281 2552 cari
299 2526 421 2552 absolnta
434 2526 477 2552 illa
490 2525 651 2560 Origeniana
665 2525 897 2555 ἀποκατάστασις,
918 2530 944 2552 et
964 2533 1007 2551 re-

226 2559 331 2595 stitutio
342 2561 369 2587 in
382 2561 526 2595 integrum.
540 2561 566 2588 in
579 2568 632 2595 qua
645 2561 736 2588 nullus
755 2561 791 2587 sit
813 2561 1006 2594 relinquendus

225 2593 342 2631 invita;
358 2593 487 2631 intellige,
503 2593 636 2630 passiliili.
650 2603 697 2622 seu
726 2597 806 2627 etiam
825 2596 852 2622 in
867 2593 981 2630 cdrpore
996 2604 1003 2627 ;

225 2629 268 2656 cui
283 2630 306 2657 is
322 2629 553 2665 alligatosﬁcen’set
573 2631 685 2665 spiritus
712 2631 738 2657 in
757 2638 875 2665 pinnam.
891 2629 936 2658 sed
961 2630 1006 2656 illa

224 2664 331 2702 tandem
342 2664 460 2702 solubili.
473 2671 499 2693 et
518 2664 645 2693 omnibus
656 2664 819 2702 quandoque
834 2665 1004 2692 remittenda.

225 2697 341 2730 Exponit
354 2709 419 2735 ergo
429 2701 570 2736 Origenes.
581 2705 610 2727 ut
619 2697 707 2728 istain
719 2697 879 2735 corporibus
892 2709 906 2726 a
919 2704 1005 2727 morte

224 2736 360 2768 acceptis;
378 2736 405 2762 in
432 2737 531 2770 quibus
555 2743 641 2770 usque
663 2736 695 2762 ad
721 2736 947 2763 resurrectionem
977 2739 1005 2762 et

223 2769 405 2796 omnimodam
415 2769 449 2796 ab
466 2771 519 2797 illis
527 2769 736 2803 absolutionem,
754 2772 796 2798 vel
808 2771 950 2805 refrigerio
962 2770 1004 2797 vel

222 2809 314 2840 pmna,
331 2805 442 2840 spiritus
458 2806 621 2838 emigrantes
646 2807 801 2839 potiantur;
828 2810 903 2840 gesta
917 2805 1004 2831 dicta-

222 2845 276 2871 que,
290 2838 361 2874 sint;
376 2839 508 2872 ejusmodi
521 2839 609 2866 adhuc
621 2838 792 2874 corporibus,
811 2838 897 2866 instar
909 2847 1003 2867 carce-

223 2880 284 2899 rum
297 2880 312 2900 a
323 2872 378 2901 Deo
393 2873 532 2906 adhibitis,
547 2872 684 2909 quomodo
698 2875 779 2902 etiam
792 2875 860 2902 alias
880 2879 1002 2902 mortuo-

1062 2321 1145 2345 ccrte.
1165 2314 1212 2341 sed
1235 2315 1307 2342 veris
1333 2314 1421 2341 modis
1437 2314 1527 2341 divina
1554 2314 1660 2348 justitia
1688 2321 1756 2340 suos
1784 2314 1852 2342 illos

1061 2358 1122 2377 reos
1139 2354 1247 2384 torquet
1263 2358 1269 2375 ε
1290 2357 1340 2377 nec
1355 2349 1431 2376 deest
1449 2353 1619 2376 utextraneo
1648 2356 1764 2383 corpore
1793 2353 1850 2376 tur-

1059 2390 1150 2420 queat,
1166 2393 1226 2419 quae
1245 2386 1326 2412 torsit
1343 2385 1500 2418 conjunrto.
1519 2384 1662 2411 l‘lxtensior
1674 2384 1768 2410 divina
1787 2393 1846 2411 ma-

1059 2429 1121 2451 nus.
1138 2428 1218 2456 quam
1244 2426 1273 2447 ut
1294 2428 1353 2448 eam
1379 2420 1849 2456 subtilissimusrquisqne‘spiritus

1059 2453 1160 2491 l'ugiat';
1173 2463 1205 2483 eo
1222 2463 1276 2483 non
1302 2455 1382 2491 male,
1401 2459 1427 2482 et
1443 2455 1645 2491 comparatione
1660 2455 1692 2481 ad
1710 2453 1796 2481 Deum
1814 2457 1845 2482 il~

1058 2489 1112 2518 lunt
1136 2491 1278 2526 Spiritum,
1297 2496 1324 2518 et
1340 2490 1423 2526 Deum
1449 2490 1608 2526 spirituum,
1628 2489 1800 2516 Damaseeno
1820 2494 1848 2517 et

1058 2526 1135 2558 aliis;
1150 2523 1212 2553 dum
1227 2527 1263 2553 ita
1278 2527 1321 2561 pie
1336 2534 1398 2554 cum
1409 2523 1552 2552 D.Thoma
1562 2526 1676 2552 velimus
1688 2532 1844 2560 exponere;

1057 2562 1146 2589 dictus
1167 2570 1325 2596 corporeus.

1094 2608 1149 2643 (95)
1171 2607 1497 2641 Ἐξουσιαστικώτερον.
1523 2605 1556 2633 Η.
1586 2605 1637 2637 St.,
1671 2604 1845 2638 ὲξουσιαστιο

1056 2643 1124 2670 utin:
1129 2652 1169 2679 ροι
1176 2667 1182 2673 ,

1091 2690 1146 2725 (96)
1167 2687 1359 2725 “llam-(iw.
1372 2687 1404 2714 Η.
1421 2687 1473 2725 SL.
1491 2687 1578 2714 ἄλλων
1592 2686 1686 2714 ἐθνῶν.

1090 2723 1146 2757 (ὐεὶ)
1165 2725 1298 2751 Miiller.
1312 2723 1375 2758 ch.
1388 2723 1460 2749 ναόν.

1090 2760 1146 2794 (93)
1166 2761 1244 2786 Ἔτει
1273 2756 1361 2785 δευτξ
1370 2759 1464 2793 Suppl.
1487 2766 1518 2785 ex
1536 2757 1646 2792 Ioseph.
1665 2756 1736 2783 ἑάλω
1757 2757 1842 2794 Ἱερο-

1055 2796 1116 2822 σόλυ
1121 2803 1169 2829 μα.

1089 2841 1149 2876 (97)
1165 2839 1395 2873 Ἀπ.ιουστέρων.
1420 2838 1475 2872 ΑΙ..
1504 2839 1696 2876 ἁπλούστερον,
1721 2843 1749 2867 et
1765 2846 1842 2873 mox,

1054 2875 1256 2912 ἀκριϐέστερον.
