1911 3072
64 117 109 147 τιἹὸ

625 122 673 150 EX
692 122 794 150 LIBRO
814 121 858 149 DE
877 121 1182 150 RESURREC‘I‘IONE.

1663 121 1715 150 526

73 177 146 207 Vivat.
162 175 245 210 Λέγει
266 176 325 213 γὰρ
348 178 365 204 ὁ
384 179 522 211 πλούσιος,
546 179 587 205 δτι
605 179 698 205 Πέντε
719 178 866 213 ἀδελφοὺς

923 178 1022 212 fratres
1034 186 1043 204 :
1067 186 1098 204 ne
1113 183 1137 204 et
1152 177 1202 212 ipsi
1223 178 1330 205 veniant
1349 178 1375 204 in
1394 178 1461 204 hunc
1473 177 1559 204 locum
1575 181 1715 206 tormento-

80 226 137 260 ἔχω,
156 222 205 250 καὶ
225 222 279 249 ira
293 223 340 258 μὴ
359 225 495 252 ἔλθωσιν
517 226 560 258 εις
575 225 629 251 τὸν
650 225 743 250 τόπον
763 225 870 251 τοῦτον

78 270 126 305 τῆς
137 267 291 301 βασάνου,
310 269 439 304 πέμψον
454 269 586 304 Λάζαρον
602 269 808 304 ἀπαγγέλλοντα
823 270 870 296 αὺ-

79 317 129 348 τοῖς
141 315 176 342 τὰ
189 314 319 342 ἐνταῦθα.
333 316 394 342 Καὶ
407 316 451 342 διὰ
463 316 540 342 τοῦτο
555 315 707 352 ζητούντων
718 316 767 351 τὴν
783 315 871 350 γλῶσ-

78 371 135 394 σαν,
153 362 201 388 καὶ
217 361 262 388 τὸν
278 362 425 394 δάκτυλον,
445 362 492 388 καὶ
506 363 568 394 τοὺς
593 362 710 393 κόλπους
733 361 869 398 Ἀϐραὰμ,

77 408 122 434 καὶ
131 408 181 442 τὴν
196 407 348 443 ἀνάκλησιν
359 408 427 443 (98),
436 409 483 434 καὶ
490 408 561 443 τάχα
575 408 605 435 τὸ
616 409 664 444 τῆς
673 408 761 444 ψυχῆς
771 409 829 444 ἅμα
837 410 869 444 τῇ

75 453 222 488 ἀπαλλαγῇ
250 454 346 488 σχῆμα
360 454 480 489 ὁμοειδὲς
502 454 531 481 ὃν
550 454 589 489 τῷ
615 456 697 490 παχεῖ
718 455 765 481 καὶ
783 456 871 490 γηΐνῳ

75 499 194 534 σώματι,
223 499 337 526 δύναται
363 499 434 526 οὕτω
458 499 654 535 λαμΰὰνεσθαι.
684 501 718 527 Εἴ
735 509 800 527 ποτε
824 499 871 527 οὖν

75 545 219 581 ἱστόρηταί
229 554 271 577 τις
281 545 336 572 τῶν
349 547 556 581 κεκοιμημένων
566 546 738 582 φαινόμενος,
770 546 871 582 ὁμοίως

74 591 129 625 (99)
146 591 272 627 ἑώραται
288 591 327 626 τῷ
342 592 388 618 ὅτε
403 592 450 628 τὴν
466 592 553 628 σάρκα
573 590 639 627 εἶχε,
656 593 706 628 σχή
713 589 872 627 ματι.Εἷτα·

70 636 140 664 ἀλλὰ
180 638 253 665 ’καὶ
273 639 287 664 ὁ
308 638 437 673 Σαμουὴλ
450 638 622 673 φαινόμενος,
637 638 674 670 ὡς
697 638 775 674 δῆλόν
798 640 872 666 ἐστιν

70 684 172 718 ὁρατὸς
182 683 234 715 ὥν,
247 683 424 719 παρίστησιν,
435 685 475 710 ὅτι
489 684 567 720 σῶμα
578 685 740 721 περιέκειτο·
756 686 872 721 μάλιστα

73 728 121 754 ἐὰν
139 727 363 764 ἀναγκασθῶμεν
386 729 437 756 ὑπὸ
452 729 506 755 τῶν
528 730 691 764 ἀποδείξεων
712 730 761 766 τὴν
778 731 872 757 οὐσίαν

72 775 121 810 τῆς
135 775 229 810 ψυχῆς
241 776 386 812 ἀσώματον
399 774 531 808 εἶναι,καὶ
555 774 657 809 ταυτὴν
670 777 870 812 ἀποφήνασθαι.

67 820 136 847 ἀλλὰ
155 823 164 831 ⁹
179 821 230 847 καὶ
244 822 258 848 ό
275 821 455 857 κολαζόμενος
472 821 607 854 πλούσιος,
623 821 670 848 καὶ
684 823 698 848 ὀ
712 823 741 848 ὲν
761 822 872 854 κόλποις

78 865 212 902 Ἀϐραὰμ
227 867 314 903 πένης
336 867 553 903 ἀναπαυόμενος,
577 867 629 902 πρὸ
651 867 701 902 τῆς
722 867 872 903 παρουσίας

70 911 118 938 τοῦ
137 913 270 948 Σωτῆρος
281 914 328 940 καὶ
343 914 396 950 πρὸ
408 913 458 948 τῆς
475 914 628 945 συντελείας
638 914 684 940 τοῦ
701 913 807 946 αἰῶνος,
824 914 872 940 καὶ

70 958 115 986 διὰ
132 958 217 985 τοῦτο
239 959 295 994 πρὸ
316 959 366 995 τῆς
389 959 563 991 ἀναστάσεως
577 959 716 995 λεγόμενοι
733 960 747 986 ό
766 959 816 994 μὲν
841 960 870 986 ἐν

71 1005 136 1041 ᾅδου
168 1005 347 1038 κολάζεσθαι,
367 1006 381 1031 ό
406 1006 434 1032 δὲ
458 1007 486 1032 ὲν
513 1005 624 1037 κόλποις
656 1005 781 1041 Ἀϐραὰμ
806 1007 872 1033 ἀνα-

71 1051 221 1083 παύεσθαι,
232 1051 415 1083 διδάσκουσιν,
427 1052 467 1078 ὅτι
481 1051 529 1078 καὶ
552 1050 600 1078 νῦν
611 1052 644 1087 τῇ
660 1051 802 1088 ἀπαλλαγῇ
820 1052 869 1089 (1),

72 1097 181 1133 σώματι
207 1098 308 1133 χρῆται
333 1098 350 1132 ἠ
373 1098 455 1133 ψυχή.
482 1097 554 1133 Πρὸς
569 1096 655 1124 ταῦτα
677 1098 691 1124 ὁ
716 1097 793 1132 ἅγιος
807 1098 870 1125 τάδε

71 1144 154 1179 φησί’
172 1143 275 1178 Σχῆμα
292 1143 356 1170 ἄλλο
371 1143 493 1179 ὁμοειδὲς
507 1143 546 1179 τῷ
560 1143 681 1179 αἰσθητῷ
698 1144 785 1179 τούτῳ
801 1145 871 1179 μετά

72 1189 121 1223 τὴν
133 1189 266 1217 ἐντεῦθεν
283 1190 415 1225 ἐκδημίαν
430 1189 499 1225 ἔχειν
514 1188 688 1225 ἐκτιθέμενος
704 1190 754 1226 τὴν
770 1189 868 1226 ψυχήν-

74 1235 223 1271 ἀσὼματον
242 1237 297 1263 ὑπὸ
322 1237 349 1264 τί
367 1237 547 1269 Πλατωνικῶς
566 1237 744 1272 ἀποφαίνεται
766 1239 868 1274 αὺτὴν;

75 1281 109 1307 Τὸ
126 1282 182 1317 γὰρ
204 1283 255 1310 καὶ
279 1282 349 1318 μετά
368 1283 416 1319 τὴν
432 1282 486 1309 ἀπὸ
499 1283 546 1309 τοῦ
564 1283 668 1318 κόσμου
691 1285 870 1321 ὰποφοίτησιν

75 1327 212 1363 ὀχήματος
223 1329 310 1365 αὐτὴν
323 1329 432 1356 δέεσθαι
446 1328 493 1356 καὶ
507 1328 655 1364 περιϐολῆς
675 1330 774 1365 λέγειν,
790 1331 827 1362 ὡς
838 1331 869 1358 οὐ

75 1372 228 1410 δυναμένην
252 1374 455 1409 κατασχεθῆναι
477 1375 594 1411 γυμνὴν,
616 1374 675 1406 πῶς
691 1376 740 1401 οὐκ
760 1375 794 1402 ἂν
807 1377 868 1403 καθ’

76 1419 175 1455 ἑαυτὴν
189 1420 338 1456 ἀσώματος
352 1422 413 1457 atq;
436 1422 593 1458 ’Δσώματος
606 1423 635 1449 δὲ
651 1420 727 1455 οὖσα,
744 1423 803 1455 πῶς
819 1424 868 1450 οὐκ

76 1465 150 1493 ἔσται
175 1467 225 1494 καὶ
244 1467 420 1499 ἀνεπίδεκτος
440 1468 554 1501 παθῶν;
583 1469 735 1496 Ἀκολουθεϊ
755 1469 809 1506 γὰρ
829 1469 868 1506 τῷ

76 1511 222 1548 ἀσώματοι
247 1513 333 1549 αὐτὴν
350 1513 484 1550 ὑπάρχειν
506 1515 554 1542 καὶ
576 1515 607 1542 τὸ
621 1515 713 1551 ἀπαθῆ
729 1514 801 1544 εἶναι
821 1517 868 1543 καὶ

76 1558 293 1593 ἀπερίσπαστον.
310 1560 342 1586 Εἰ
355 1560 404 1595 μὲν
418 1558 465 1587 οὖν
481 1560 534 1587 ὑπὸ
549 1561 646 1595 ἀλόγου
659 1561 688 1588 οὺ
705 1561 868 1597 παρείλκετο

888 943 908 970 Β

923 232 992 254 rum.
1011 225 1084 250 mille
1099 223 1233 250 Lazarum
1243 228 1269 250 ut
1283 223 1336 250 illis
1348 223 1499 256 denuntiet,
1509 232 1569 259 qua:
1579 224 1624 251 hic
1633 224 1711 253 liunt.

925 271 1014 306 Atque
1030 271 1098 298 adeo
1114 271 1137 298 si
1152 277 1305 306 quaaramus
1323 270 1441 304 linguam
1454 271 1526 296 illam
1542 275 1570 298 et
1584 270 1712 306 digitum,

923 316 1068 351 sinumque
1082 316 1198 343 Abrahae
1207 320 1233 343 et
1248 315 1400 343 recubitum
1414 324 1421 341 :
1436 315 1503 342 forte
1513 323 1578 342 vero
1592 319 1619 343 et
1629 324 1712 351 quam
1738 340 1742 356 ε

922 363 1014 390 statim
1030 370 1045 389 a
1062 367 1166 394 morte,
1182 370 1277 389 crasso
1305 363 1367 388 huic
1384 365 1410 389 et
1424 365 1533 388 terreno
1550 363 1657 397 corpori
1675 362 1713 389 si—

922 408 1013 435 milem
1039 408 1153 435 formam
1178 408 1268 434 anima
1287 407 1389 440 induit;
1414 407 1453 434 sic
1472 410 1561 442 potest
1588 407 1711 442 intelligi.

923 454 951 481 Si
969 455 1079 489 quando
1101 455 1183 489 igitur
1209 454 1330 481 historiis
1343 454 1479 489 proditum
1499 458 1540 480 est
1554 455 1712 489 apparuisse

923 500 1040 535 aliquem
1056 506 1205 531 mortuum.
1222 500 1303 527 simili
1323 499 1410 526 forma
1428 508 1458 526 ac
1472 499 1536 527 dum
1557 503 1713 528 versaretur

923 546 950 573 in
976 554 1069 578 carne,
1094 546 1231 582 apparuit.
1249 545 1382 573 Praeterea
1399 555 1405 572 ε
1422 545 1562 573 enimvero
1581 548 1589 556 ”
1604 545 1714 574 Samuel

923 599 1061 627 apparens
1076 592 1115 627 (2)
1130 593 1204 619 velut
1214 592 1301 619 oculis
1317 593 1485 627 conspicuus
1497 592 1530 623 ⁸⁵,
1549 591 1672 618 indutum
1685 599 1715 618 se

922 646 1024 673 corpus
1037 637 1157 665 ostendit
1174 648 1180 665 :
1205 639 1356 673 prarsertim
1370 639 1392 665 si
1408 638 1661 666 demonstrantibus
1671 646 1716 665 ur-

923 692 1036 719 geamur
1052 684 1130 712 fateri
1147 692 1209 712 esse
1220 685 1339 712 animam
1352 689 1450 711 natura
1467 685 1668 720 incorpoream,
1683 693 1716 712 ac

922 730 1057 762 eamdem,
1070 731 1201 766 nullaque
1210 731 1341 758 varietate
1353 731 1471 765 partium
1482 731 1531 766 (5).
1546 731 1596 757 Sed
1607 731 1716 758 etdives

922 778 1046 812 punitus,
1062 781 1088 808 et
1101 785 1205 812 pauper
1220 778 1246 804 in
1261 778 1324 804 sinit
1340 777 1467 809 Abrahae,
1486 782 1549 805 ante
1563 777 1715 805 Salvatoris

923 823 1069 851 adventum
1088 824 1235 859 saaculiquc
1255 823 1538 854 consummationem,
1555 828 1635 859 atque
1648 823 1716 851 adeo

924 874 987 898 ante
998 871 1224 898 resurrectionem
1235 870 1325 905 quiete
1334 870 1437 905 potitus
1449 878 1455 902 ;
1465 870 1537 904 quod
1546 870 1613 896 alter
1624 869 1716 904 puniri

924 916 952 943 in
983 915 1105 947 inferno,
1129 916 1197 943 alter
1214 916 1241 943 in
1264 916 1325 944 sinu
1345 915 1459 943 Abrahae
1480 915 1588 942 dicatur
1606 916 1716 950 requie-

922 970 1012 995 scere;
1031 962 1058 989 id
1073 962 1182 994 docent,
1199 962 1281 989 etiam
1299 962 1389 991 modo.
1409 961 1500 988 statim
1513 968 1527 987 a
1542 961 1715 996 migratione,

922 1009 962 1036 uti
987 1009 1105 1035 animam
1123 1016 1247 1044 corpore.
1267 1007 1308 1034 Ad
1325 1016 1386 1042 quae
1412 1008 1449 1034 ita
1477 1008 1519 1034 vir
1534 1012 1645 1034 sanctus
1670 1015 1715 1034 re-

922 1054 1052 1089 spondet:
1069 1053 1182 1085 docens,
1195 1054 1294 1081 habere
1305 1053 1421 1080 animam
1439 1053 1484 1080 ubi
1501 1061 1516 1079 a
1532 1060 1648 1087 corpore
1663 1053 1715 1080 mi-

921 1100 1010 1135 gravit
1021 1120 1029 1132 ,
1052 1099 1168 1126 formam
1185 1099 1267 1126 aliam
1281 1120 1288 1131 ,
1307 1099 1403 1127 huicce
1424 1099 1564 1133 sensibili,
1578 1100 1668 1134 specie
1681 1107 1715 1127 ac

922 1146 1017 1173 habitu
1038 1146 1166 1173 similem.
1183 1145 1321 1178 Quorsum
1340 1153 1404 1172 vero
1417 1146 1547 1176 animam,
1565 1146 1713 1181 inquitﬂ),

920 1191 1061 1220 Platonico
1073 1192 1261 1227 incorpoream
1277 1191 1430 1228 (Origenes)
1444 1192 1554 1220 deﬁnit?
1563 1195 1628 1225 Qua:
1638 1193 1713 1221 enim

920 1243 983 1273 post
1006 1239 1088 1266 etiam
1112 1246 1254 1266 excessum
1271 1246 1286 1266 e
1303 1239 1370 1270 vita,
1393 1239 1519 1266 vehiculo
1540 1244 1618 1274 egeat
1631 1243 1658 1266 et
1671 1247 1713 1266 vc-

922 1288 975 1318 ste,
992 1285 1067 1312 velut
1081 1284 1155 1311 nuda
1168 1283 1361 1319 comprehendi
1377 1292 1432 1312 non
1448 1285 1535 1320 possit
1553 1290 1600 1312 aut
1614 1285 1712 1317 teneri,

920 1331 1057 1366 quomodo
1069 1338 1124 1358 non
1137 1331 1195 1365 ipsa
1204 1338 1253 1366 per
1267 1338 1297 1358 se
1310 1331 1471 1365 incorporea
1483 1331 1536 1358 sit?
1549 1331 1713 1366 lncorporea

919 1384 996 1408 vero.
1007 1376 1055 1412 qui
1067 1385 1122 1404 non
1136 1378 1217 1404 etiam
1228 1377 1261 1404 ab
1275 1376 1349 1403 omni
1374 1376 1500 1411 passione
1516 1376 1645 1404 immunis
1658 1376 1714 1404 sit?

919 1422 1105 1458 Consequitur
1123 1422 1196 1450 enim
1209 1440 1216 1452 ,
1237 1425 1267 1447 ut
1281 1422 1442 1456 incorporea
1453 1422 1499 1454 sit,
1508 1426 1535 1449 et
1545 1426 1573 1448 ut
1582 1429 1635 1449 non
1647 1429 1712 1457 pos-

919 1468 955 1495 sit
963 1467 1032 1495 afﬁci
1043 1475 1075 1495 ac
1092 1468 1259 1502 perturbari.
1272 1466 1300 1494 Si
1309 1467 1383 1494 nulla
1396 1474 1462 1502 ergo
1469 1467 1584 1498 ratione,
1597 1467 1686 1494 alieno
1695 1474 1711 1494 λ

919 1514 1025 1541 ratione
1036 1514 1158 1549 appetitu
1171 1513 1342 1546 trahebatur,
1360 1513 1441 1547 plane
1458 1521 1509 1540 nec
1524 1513 1642 1540 dolentis
1649 1521 1712 1540 cor-

918 1559 994 1594 poris
1002 1559 1273 1594 patientisquesensu
1285 1559 1340 1585 ullo
1350 1558 1554 1586 immutabatur.
1565 1558 1710 1594 Nunquam

76 1603 141 1636 ὅλως
160 1604 322 1641 ἐπιθυμίας,
343 1606 403 1633 οὐδὲ
419 1606 654 1643 συμμετεϐάλλετο
676 1606 802 1642 ἀλγοῦντι
821 1608 866 1634 καὶ

921 1605 991 1632 enim
1006 1605 1080 1640 quod
1095 1609 1174 1632 vacat
1184 1598 1308 1640 cbrpore,
1324 1613 1378 1632 una
1394 1613 1457 1632 cum
1469 1612 1594 1639 corpore,
1612 1613 1644 1632 ac
1659 1614 1711 1633 nec

77 1650 207 1686 πάσχοντι
236 1651 276 1687 τῷ
300 1651 417 1688 σώματι.
447 1653 603 1689 Ἀσὼματον
627 1653 681 1689 γὰρ
707 1653 823 1689 σώματι,
846 1654 864 1689 ἢ

78 1696 157 1732 σῶμα
169 1697 311 1733 ἀσωμάτῳ
324 1698 374 1724 οὐκ
390 1698 422 1725 ἀν
437 1707 501 1724 ποτε
523 1698 671 1733 συμπὰθοι,
689 1699 732 1725 ἵνα
747 1697 781 1725 ἂν
795 1697 866 1724 ἀσώ-

111 1777 121 1786 '
135 1776 431 1819 lZZJJZ‘éiILEMVEO‘iﬁV
445 1778 562 1819 corrupi
572 1779 621 1815 τῆς
634 1778 865 1816 Ἐνγαστριμύθου

77 1811 204 1847 ἁνιχθὲν,
216 1813 273 1839 ἀλλ’
283 1811 332 1848 οὐχ
345 1814 359 1839 ὁ
376 1811 510 1850 Σαμουὴλ.

111 1880 134 1896 ’³
151 1881 160 1907 l
175 1880 239 1916 Reg.
253 1889 351 1914 xxvnt,
364 1881 408 1908 12.

111 1949 166 1983 (98)
189 1950 383 1984 Ἀνάκλησιν.
401 1950 481 1978 Forte
493 1951 641 1978 ἁνάκλισιν.

112 1985 168 2020 (99)
188 1986 320 2020 Ὁμοίως.
335 1986 389 2018 AL,
404 1986 505 2021 ὅμοιος.

112 2022 150 2055 (1)
163 2020 202 2055 Τῇ
215 2022 328 2047 ﬁrm/1.1.
347 2020 426 2047 Deest
440 2021 507 2055 ἅμα.

113 2023 135 2055 (1
163 2023 201 2055 Τῇ
215 2023 328 2047 (irrit/1.1.
347 2023 425 2047 Deest
440 2023 507 2055 ἅμα.

113 2023 151 2091 (ᾖ)
167 2056 276 2083 Samuel
289 2065 428 2091 apparens.
445 2056 543 2083 Paucis
562 2056 686 2084 scholion
703 2057 866 2084 sententiam

79 2091 207 2120 Hethodii
221 2091 285 2118 huic
297 2091 469 2126 Origeuiana:
477 2093 619 2118 adversam
629 2092 762 2126 explicat;
773 2098 802 2118 ut
812 2100 866 2119 non

80 2127 200 2159 Samuel,
214 2127 261 2154 sed
277 2127 382 2154 datmon
405 2126 478 2153 Sauli
496 2127 638 2157 illusurus.
656 2128 785 2154 ementita
805 2127 866 2161 ejus

81 2163 181 2196 specie,
200 2167 331 2189 evocatus
342 2162 499 2197 apparuerit
514 2169 590 2196 :qua
604 2166 644 2189 est
655 2169 784 2196 perquam
796 2170 868 2189 eom-

80 2206 169 2225 mums
196 2201 353 2224 sanctorum
370 2197 515 2228 sententia,
542 2198 568 2224 in
584 2205 666 2231 quam
683 2198 761 2232 plura
787 2197 866 2225 docte

918 1659 1020 1687 corpus
1036 1659 1090 1679 una
1103 1659 1165 1679 cum
1179 1659 1212 1679 eo
1237 1651 1308 1686 quod
1321 1652 1368 1678 illo
1383 1655 1470 1683 vacat,
1484 1651 1609 1678 habuerit
1620 1651 1688 1678 allici
1700 1661 1709 1686 ;

921 1701 950 1725 ut
966 1698 1004 1727 ita
1018 1705 1084 1726 sane
1098 1701 1282 1726 eonsentance
1295 1698 1376 1725 dictis
1390 1697 1428 1733 (5)
1447 1697 1609 1732 incorporea
1622 1697 1709 1726 videri

955 1778 966 1789 θ
986 1776 1074 1804 Schol.
1097 1776 1264 1803 Dmmonium
1285 1779 1344 1803 erat
1363 1775 1434 1811 quod
1455 1775 1505 1802 fuit
1525 1779 1669 1803 evocatum
1692 1783 1708 1803 a

919 1813 1091 1847 ventriloqua
1104 1816 1131 1840 et
1145 1811 1319 1847 Pythonissa,
1331 1819 1385 1838 non
1397 1819 1460 1839 vero
1474 1811 1604 1846 Samuel”

960 1950 997 1986 (4)
1010 1947 1142 1983 Quorsum
1150 1957 1208 1986 vero
1221 1950 1348 1986 animum,
1364 1949 1460 1986 inquit,
1472 1952 1525 1975 etc.
1548 1948 1706 1986 ’ᾼσὼματον

920 1986 977 2013 ὑπὸ
988 1983 1013 2012 τι
1029 1985 1209 2016 Πλατωνικῶς
1227 1984 1406 2018 ἀποφαίνεται
1431 1984 1532 2018 αὑτήν;
1553 1983 1598 2010 Sic
1618 1985 1706 2011 inter-

919 2022 1040 2056 rogative
1063 2021 1206 2056 legendum
1224 2020 1282 2056 ipsa
1298 2023 1388 2046 textus
1406 2019 1492 2046 series
1506 2019 1647 2056 exigituut
1661 2020 1706 2046 hic

920 2054 1034 2091 incipiat
1053 2054 1127 2090 loqui
1146 2055 1299 2082 Methodius
1315 2059 1341 2081 et
1355 2055 1573 2091 arguere‘priora
1595 2054 1705 2089 (Photio

919 2084 1011 2119 verbis
1037 2084 1170 2125 proitimis
1191 2094 1344 2124 exponentc
1365 2084 1704 2125 Methodiiasententiam),

919 2134 979 2162 quae
1004 2124 1133 2153 Schottus
1150 2129 1186 2162 uti
1203 2125 1332 2162 Methodii
1348 2124 1501 2162 confundit,
1525 2124 1563 2151 illi
1584 2126 1704 2159 ascripta

919 2159 1065 2192 sententia,
1081 2168 1161 2195 quam
1181 2161 1204 2188 is
1221 2161 1273 2187 sibi
1298 2159 1512 2195 impugnandam
1539 2161 1700 2194 assumpsit.

918 2200 945 2224 et
969 2197 1104 2224 sententia
1129 2196 1188 2230 ipsa
1209 2195 1334 2230 Origenis
1353 2204 1360 2222 :
1384 2199 1412 2221 ut
1430 2195 1559 2222 nimirum
1582 2195 1663 2221 etiam
1686 2204 1703 2223 a

79 2233 200 2267 disputat
215 2232 268 2259 Leo
283 2232 400 2258 Allatius
415 2233 441 2259 in
457 2240 507 2259 suo
520 2230 671 2262 Eustathio.
683 2230 803 2259 tractatu
820 2240 867 2266 pe-
883 2230 904 2257 D
919 2237 1018 2261 morte.
1042 2233 1097 2259 sint
1121 2232 1265 2258 animabus
1291 2235 1420 2265 tanquam
1452 2230 1652 2267 spiritualibus,
1676 2235 1704 2258 et

79 2268 174 2295 cuhari
193 2267 227 2294 de
237 2275 269 2294 ea
286 2275 315 2294 re
330 2268 358 2295 in
372 2267 526 2303 Origeuem,
543 2267 650 2302 qualem
664 2268 745 2303 etiam
776 2273 870 2294 noster

79 2303 232 2330 )lethodius
254 2302 429 2334 elaboravit,’
443 2302 491 2330 sed
513 2304 644 2329 hactenus
668 2302 869 2330 desideramus.

80 2339 139 2373 Ipse
154 2338 186 2364 υ.
204 2337 324 2365 Thomas
339 2338 398 2370 2-2,
414 2346 441 2372 (ι.
457 2337 502 2368 95.
515 2345 540 2366 a.
552 2338 580 2368 4,
596 2337 666 2373 ἓινει
682 2337 784 2372 (1.174,
803 2345 827 2364 a.
841 2338 868 2369 5,

79 2372 106 2405 Ι,
118 2374 145 2401 in
161 2381 193 2402 ea
206 2374 280 2400 velut
294 2373 430 2400 solutione
445 2373 572 2407 quiescit.
586 2377 616 2399 ut
627 2372 709 2399 fuerit
721 2373 800 2399 lictus
819 2372 869 2400 Sa-

81 2410 161 2439 muel.
177 2416 209 2436 ea
222 2409 360 2436 solutione
375 2408 519 2443 utrobique
544 2409 639 2434 ultimo
657 2408 716 2435 loco
731 2407 820 2440 allata,
837 2416 869 2436 ac

81 2453 130 2472 nec
140 2446 200 2480 ipsa
217 2444 378 2471 auctoritate
389 2444 450 2471 libri
464 2443 568 2480 Eccles.
581 2443 707 2480 quaesola
725 2443 866 2480 videbatur

81 2478 190 2542 pbstare
209 2480 238 2506 in
254 2487 261 2506 ι
277 2487 304 2514 p.
322 2479 416 2512 tacita,
435 2479 483 2506 sed
503 2483 529 2506 et
550 2479 610 2514 ipsa
623 2478 718 2505 ultimo
740 2478 799 2505 loco
820 2487 867 2506 so-

92 2521 144 2542 uta.

92 2521 144 2543 uta.

116 2552 152 2585 (5)
167 2550 206 2577 Ac
232 2549 361 2582 eamdem,
384 2549 508 2584 nullaque
525 2549 651 2577 varietate
673 2549 798 2583 partium.
826 2548 865 2575 Ita

83 2587 241 2620 exponimus
262 2585 335 2619 quod
358 2585 499 2618 legendum
520 2585 648 2612 duximus
664 2585 775 2620 ταυτήν,
794 2585 866 2611 velut

81 2622 128 2657 τὴν
141 2622 236 2656 αὐτήν.
250 2622 366 2657 errantem
382 2622 466 2654 ipsum
481 2621 531 2647 sibi
546 2628 555 2647 :
570 2629 624 2655 quo
641 2620 720 2657 lenge
736 2621 812 2657 abest
836 2623 865 2646 ut

82 2655 162 2684 videri
183 2655 269 2691 possit
288 2664 319 2683 ea
335 2655 433 2684 forma.
450 2664 503 2690 qua
519 2664 548 2683 se
573 2656 752 2690 aspectaudas
768 2655 865 2681 animae

84 2700 133 2719 non
150 2690 212 2719 raro
234 2691 425 2726 praebuerunt;
446 2692 518 2718 velut
543 2695 645 2718 retenta
665 2690 747 2724 priori
774 2691 864 2724 specie

84 2732 107 2754 et
120 2727 211 2755 habitu
225 2735 272 2754 seu
290 2727 473 2756 lineamentis.
492 2730 601 2760 totaque
615 2727 737 2760 corporis
753 2733 864 2760 compo-

86 2763 186 2794 sitione,
199 2770 260 2797 qua!
278 2762 395 2796 partium
407 2762 628 2797 dissimiliariuui
658 2761 775 2796 propriis
791 2761 862 2788 notis

86 2799 212 2826 consistit.
241 2798 384 2825 Schottus,
403 2796 479 2823 Hanc
495 2797 576 2823 videri
601 2797 860 2828 demonstrationem,

87 2833 110 2859 iu
121 2835 215 2869 quibus
244 2840 296 2869 ego
317 2832 408 2869 verbis
423 2839 466 2869 due
490 2832 573 2869 hilum
592 2840 689 2860 sensus
704 2832 793 2864 video,
811 2839 861 2858 nec

87 2867 136 2897 Scio
149 2878 182 2897 an
197 2867 388 2905 perspicacior
404 2867 472 2895 alius
488 2867 595 2895 viderit.

920 2275 980 2302 qua:
996 2275 1049 2294 non
1067 2267 1171 2301 possint
1187 2268 1264 2293 aliter
1284 2266 1380 2296 teneri,
1396 2273 1444 2302 sua
1463 2265 1586 2302 vehicula
1600 2269 1630 2302 et
1638 2272 1704 2302 eor-

920 2300 986 2337 pora
1000 2311 1007 2335 ;
1023 2300 1104 2336 quam
1124 2302 1168 2328 ille
1180 2302 1413 2336 spiritualitatem.
1430 2300 1603 2337 incommodo
1615 2300 1701 2331 ducit,

919 2336 1080 2364 existimans
1102 2337 1147 2364 illa
1170 2344 1310 2369 concessa,
1329 2344 1383 2363 non
1402 2343 1480 2370 posse
1503 2336 1622 2361 animam
1639 2343 1702 2362 cum

919 2380 1035 2408 corpore
1052 2376 1079 2399 et
1107 2372 1298 2399 allectiouibus
1323 2371 1458 2406 corporis.
1476 2371 1549 2398 velut
1566 2371 1699 2408 extranei,

919 2403 987 2435 allici
1003 2418 1008 2434 :
1025 2408 1096 2442 quod
1120 2411 1146 2434 et
1161 2408 1333 2442 experientia:
1355 2403 1553 2442 advel-saturet
1575 2403 1700 2440 Scriptu-

918 2444 968 2470 ris.
985 2441 1100 2474 more
1115 2442 1151 2472 τί,
1167 2441 1322 2477 quanquam
1347 2443 1448 2472 rarius.
1467 2441 1618 2475 accipimus
1641 2441 1701 2468 ἀντὶ

917 2479 973 2511 τοῦ,
990 2479 1064 2514 παρὰ
1077 2478 1112 2505 τί.
1132 2477 1213 2514 Forte
1239 2476 1302 2503 v'u-ro
1322 2478 1463 2514 scripserit
1487 2476 1640 2504 Methodius
1657 2476 1702 2503 ἵνα

916 2514 952 2539 τέ’
969 2514 1010 2541 sic
1030 2513 1086 2540 'uos
1116 2513 1216 2547 passim
1237 2513 1475 2548 παραγράμματα,
1495 2515 1521 2538 in
1543 2516 1701 2547 pottentosa

917 2550 1039 2584 quaedam
1057 2549 1209 2582 impellunt,
1233 2556 1372 2581 uuuquam
1398 2548 1556 2584 auctoribus
1570 2547 1698 2584 cogitata.

953 2583 1039 2618 (5H1!
1060 2584 1097 2610 ita
1118 2591 1181 2609 sane
1206 2588 1376 2609 conscntauee
1394 2582 1482 2608 dictis.
1499 2583 1557 2608 Ἵνα
1579 2582 1612 2609 ἂν
1628 2582 1698 2608 ἀσώ-

918 2628 999 2654 ματον
1015 2618 1088 2651 δόξαι
1111 2619 1206 2654 αὑτήν.
1228 2617 1398 2654 Ηυξειῆιιίιίυε
1422 2621 1508 2654 putat
1522 2617 1552 2643 τὸ
1577 2618 1621 2654 i'_vat
1645 2626 1698 2645 non

916 2652 1009 2682 carere
1021 2656 1101 2686 vitio;
1119 2652 1239 2680 sed'non
1260 2652 1361 2687 detegit
1378 2657 1424 2678 aut
1439 2653 1562 2687 corrigit.
1579 2652 1698 2680 Putave—

914 2691 965 2716 rim
981 2697 1030 2724 ego
1048 2689 1189 2723 legendum
1204 2689 1241 2720 ὡς
1260 2688 1310 2724 vel
1325 2687 1389 2722 quid
1407 2688 1506 2724 simiie,
1523 2691 1552 2714 ut
1563 2688 1620 2724 sit;
1633 2695 1699 2724 con-

914 2722 1009 2752 clusio
1024 2722 1097 2750 illata
1112 2723 1221 2758 quidem
1240 2723 1368 2757 legitime.
1383 2727 1412 2748 ut
1435 2722 1544 2758 quidem
1563 2722 1698 2758 Methodio

913 2760 1037 2793 videtur;
1051 2760 1097 2786 sed
1113 2757 1145 2786 ex
1161 2759 1229 2785 l'also
1242 2757 1423 2789 antecedenti,
1443 2757 1513 2792 quod
1526 2757 1623 2786 deinde
1638 2757 1697 2786 vel-

913 2800 942 2822 ut
960 2795 1146 2829 assumptione
1172 2794 1306 2826 destruat,
1324 2797 1429 2820 asserta
1443 2799 1542 2829 rinutua
1564 2793 1607 2819 illa
1623 2794 1697 2829 velut

913 2831 1030 2865 partium
1054 2828 1069 2857 a
1085 2835 1182 2857 natura
1212 2830 1350 2857 unitarum
1377 2828 1504 2864 passione
1525 2835 1606 2863 quam
1632 2828 1696 2855 ΟΝ·-

912 2873 993 2901 senes
1009 2866 1132 2901 negabat.
