1911 3072
197 142 250 169 5?”

683 140 711 167 S.
734 137 901 166 lllETllODll
922 137 1076 166 EPISCOPI
1097 137 1141 164 ET
1161 136 1342 164 MARTYRIS

1777 135 1833 162 3'35

197 202 293 238 possit.
311 202 358 228 Sin
371 206 460 230 autem
475 210 527 229 una
540 209 602 229 cum
618 209 733 236 corpore
748 201 877 236 patiatur,
894 205 922 228 ut
941 209 983 228 e0<

1047 208 1125 226 ιατον
1141 199 1215 232 δόξαι
1229 199 1313 234 αὐτὴν
1326 197 1480 230 ἀκολούθως
1494 200 1549 230 τοῖς
1564 197 1730 233 εἰρημένοις.
1751 196 1785 222 Et
1801 195 1835 222 δὲ

198 253 258 273 rum
270 246 315 279 qui
332 250 518 282 apparuerunt
531 246 686 274 testimonia
703 247 837 281 probant,
850 246 929 281 plane
945 246 986 272 iu—

197 299 328 326 corporea
339 300 399 319 esse
411 292 515 326 nequit.
535 291 605 327 Ergo
625 293 701 320 solus
719 292 808 323 Deus,
830 296 927 318 natura
941 291 984 318 in-

196 335 297 369 genita,
311 335 412 363 nullius
423 343 514 370 egens,
529 344 560 362 ac
578 335 712 364 indefessa
721 337 874 363 celebratur
884 345 890 369 ;
901 336 983 368 velut,

197 388 230 408 eo
247 381 411 412 invisibilis,
426 381 497 416 quod
513 382 690 417 incorporeus
708 393 714 410 :
733 383 816 409 Deum
843 383 915 410 enim
937 391 985 409 ne-

199 435 240 452 mo
257 426 321 453 vidit
337 427 371 454 ".
387 427 490 454 Anima:
506 435 570 454 vero
585 429 619 454 ab
631 428 753 454 omnium
768 431 879 455 auctore
895 433 985 462 patre-

197 479 260 508 que,
273 479 388 508 corpora
401 473 569 508 intelligendi
584 473 712 501 facultate
726 474 836 508 pmdita
851 477 944 504 editae,
959 474 987 500 in

197 518 320 545 membra
348 519 462 546 rationis
487 520 567 546 oculo
597 520 788 554 aspectabilia,
820 519 988 554 ejuscemodi

197 564 380 592 delineatioue
403 569 526 600 accepta,
552 565 664 601 digesta:
686 569 760 593 sunt.
776 565 854 593 Unde
872 569 899 592 et
916 565 989 600 apud

198 610 319 643 inferos,
338 615 367 638 ut
390 615 417 639 ct
442 612 469 639 in
491 611 594 639 Lazaro
611 617 638 639 et
653 613 736 640 divite
757 613 850 640 videre
865 616 917 643 est,
934 612 988 638 lin-

196 665 289 693 guam,
299 661 326 684 et
335 658 460 692 digitum,
471 663 497 685 et
508 659 560 685 alia
572 659 692 686 membra
705 658 860 685 referuntur
867 658 982 685 habere:

196 712 251 731 non
263 704 334 739 quod
344 705 461 732 alienum
471 712 570 739 corpus
580 713 641 732 cum
659 705 713 733 illis
722 707 835 732 exsistat
852 705 966 731 informe
976 725 983 737 ,

196 751 243 778 scd
257 752 329 786 quod
345 751 410 786 ipsae
425 751 522 778 anima:
536 751 571 778 ab
593 752 667 778 omni
685 755 842 786 legumento
857 751 983 785 nudatae,

197 801 295 825 natura
310 806 359 825 sua
371 801 398 825 et
413 798 563 825 secundum
579 797 760 825 substantiam
776 799 830 826 sint
846 798 924 826 tales.

1041 245 1195 281 συμπάσχοι
1217 246 1256 280 τῷ
1278 245 1401 280 σώματι,
1423 245 1548 280 καθάπερ
1571 245 1618 271 καὶ
1638 243 1682 270 διὰ
1703 243 1754 278 τῆς
1771 243 1835 268 ἐπι-

1040 292 1236 327 μαρτυρήσεως
1262 291 1316 317 τῶν
1335 291 1504 326 φαινομένων
1532 290 1731 320 ἀποδείκνυται,
1756 286 1836 315 ἀσώ-

1040 347 1124 373 ματος
1140 335 1208 364 εῐναι
1225 338 1255 364 οὺ
1270 337 1390 364 δύναται.
1417 337 1520 371 Ἤγουν
1536 336 1666 371 ἀγένητος
1683 335 1730 362 καὶ
1750 335 1835 361 ἀνεν-

1037 383 1099 418 δεὴς
1114 383 1160 409 καὶ
1174 383 1315 418 ἀκάματος
1329 382 1408 417 φύσις
1423 383 1437 408 ὁ
1450 381 1516 414 Θεὸς
1534 381 1612 417 μόνος
1630 381 1721 416 ᾄδεται
1731 388 1737 394 ·
1755 379 1836 407 ἀσώ-

1039 438 1123 464 ματος
1137 429 1183 458 ὢν,
1197 429 1238 456 διὸ
1251 429 1299 456 κει)⁵
1313 429 1436 463 ἀόρατος.
1449 427 1516 454 Θεὸν
1528 427 1582 463 γὰρ
1593 427 1680 458 οὐδεὶς
1693 426 1831 462 ἑώρακεν.

1037 475 1068 500 At
1083 474 1111 500 δὲ
1127 475 1210 510 ψυχαὶ
1238 474 1292 500 ἀπὺ
1316 473 1362 500 τοῦ
1382 473 1547 510 δημιουργοῦ
1571 474 1619 500 καὶ
1644 473 1750 509 Πατρὸς
1771 473 1833 499 τῶν

1037 520 1115 553 ὅλων,
1129 520 1243 555 σώματα
1264 520 1347 556 νοερὰ
1362 520 1544 556 ὑπάρχουσαι,
1558 521 1597 551 εἰς
1613 519 1684 554 λόγῳ
1700 519 1833 554 θεωρητᾶ

1041 566 1108 601 μέλη
1135 566 1374 602 διακεκόσμηνται,
1399 566 1500 602 ταύτην
1518 565 1649 593 λαϐοῦσαι
1668 565 1717 600 τὴν
1733 565 1833 592 διατύ-

1038 618 1136 636 πωσιν.
1159 609 1240 637 Ὅθεν
1263 610 1309 637 καὶ
1329 611 1357 637 ἐν
1371 610 1409 646 τῷ
1431 611 1492 647 ᾅδῃ,
1513 611 1638 646 καθάπερ
1652 610 1698 637 καὶ
1716 611 1763 636 ἐπὶ
1779 610 1832 637 τοῦ

1039 657 1166 694 Λαζάρου
1184 659 1231 685 καὶ
1241 658 1287 685 τοῦ
1304 658 1442 689 πλουσίου.
1455 659 1502 686 καὶ
1515 658 1649 693 γλῶσσαν,
1664 659 1712 686 καὶ
1724 659 1831 685 δάκτυ-

1037 704 1092 736 λον,
1106 705 1153 731 καὶ
1165 704 1199 731 τὰ
1211 704 1276 731 ἄλλα
1294 704 1359 740 μέλη
1376 704 1542 740 ἱστοροῦνται
1553 704 1624 740 ἔχειν
1633 713 1641 720 ·
1656 705 1704 740 οὐχ
1716 704 1754 736 ὡς
1769 703 1834 731 ἑτέ-

1040 759 1086 787 ρου
1107 750 1231 786 σώματος
1246 751 1463 786 συνυπάρχοντος
1477 751 1572 783 αὑταῖς
1585 750 1700 783 ἀειδοῦς,
1715 750 1774 778 ἀλλ’
1786 751 1832 777 ὅτι

1038 793 1119 824 αὗται
1138 796 1217 831 φύσει
1233 797 1260 823 αἱ
1281 797 1376 832 ψυχαὶ,
1394 798 1502 829 πάντως
1519 797 1758 832 ἀπογυμνωθεῖσαι
1779 805 1834 822 πε-

1038 844 1214 880 ριϐλήματος,
1234 844 1356 872 τοιαῦται
1374 844 1444 872 κατὰ
1459 844 1509 880 τὴν
1529 844 1623 871 οὐσίαν
1645 844 1830 879 ὑπάρχουσιν.

230 887 289 915 ΧΧ.
304 887 383 915 Addit
403 888 429 915 in
452 888 505 916 fine
519 888 561 916 vir
580 893 693 916 sanctus
710 898 716 916 :
733 888 762 916 Id
786 890 858 925 quod
881 889 983 918 dictum

1071 892 1106 918 Κ.
1129 891 1190 917 ’Ότι
1203 891 1284 927 φησὶν
1299 893 1313 918 ὁ
1326 892 1401 926 ἅγιος
1417 893 1446 918 ὲν
1461 891 1546 918 τέλει·
1563 891 1646 916 Ὥστε
1659 888 1752 916 mata
1766 888 1832 915 τοῦ-

196 934 269 960 est"
283 943 289 961 :
306 933 337 960 lu
352 934 400 961 hoc
422 933 544 962 Christus
567 939 685 962 mortuus
703 939 751 967 est,
768 940 795 961 ut
818 941 981 964 marmorum

195 983 220 1005 el
232 979 348 1006 rivorum
364 979 536 1007 dominetur:
555 980 588 1008 de
611 980 756 1008 animabus
768 984 795 1008 et
820 982 984 1017 corporibus

195 1025 384 1060 accipiendum
398 1034 459 1053 esse
475 1036 481 1053 :
496 1027 566 1054 vivis
585 1026 692 1054 scilicet
714 1027 868 1061 animabus,
891 1033 985 1064 utpote

194 1071 412 1105 immortalibus;
429 1072 543 1101 mortuis
555 1080 619 1100 vero
637 1074 809 1108 corporibus.

231 1116 300 1144 XXI.
315 1117 394 1150 Cum,
411 1118 509 1153 inquit,
528 1119 676 1146 humanum
693 1127 792 1154 corpus
804 1119 854 1155 (6).
870 1120 986 1148 aliorum

196 1163 355 1190 animalium
375 1164 540 1199 corporibus
556 1164 592 1191 sit
610 1164 739 1196 nobilius,
757 1165 831 1192 velut
847 1165 920 1200 quod
938 1165 985 1193 Dei

199 1210 326 1237 manibus
348 1209 458 1237 dicatur
474 1210 621 1238 formatum
632 1231 639 1243 ,
662 1211 825 1246 habeatque,
841 1215 871 1238 ut
888 1212 985 1239 anima:

195 1255 338 1282 rationalis
356 1263 416 1289 quae
433 1259 474 1282 est
486 1255 613 1287 nobilior,
629 1255 665 1283 sit
681 1256 835 1283 vehiculum
849 1265 855 1282 :
867 1264 984 1292 quomo-

195 1301 231 1328 do
246 1301 335 1336 ipsum
354 1301 464 1336 quidem
484 1306 539 1329 tam
555 1302 645 1330 brevis
667 1306 709 1330 est
729 1302 790 1335 aevi,
809 1311 870 1331 cum
888 1303 985 1331 bruto—

196 1354 257 1373 rum
275 1347 458 1381 quorumdam
480 1346 606 1383 corpora,
626 1349 688 1376 vitae
707 1349 762 1376 sint
780 1350 866 1376 multo
881 1349 986 1384 longio-

197 1392 255 1419 ris?
268 1391 338 1419 Num
351 1393 449 1428 palam,
473 1393 545 1428 quod
563 1401 578 1420 a
595 1395 807 1427 resurrectione,
832 1394 985 1422 substantia

196 1437 257 1472 ejus
268 1437 388 1473 longaeva
404 1439 495 1465 futura
506 1438 561 1466 sit?
780 1437 784 1440 ’

1035 947 1065 965 το
1087 938 1203 975 Χριστὸς
1228 937 1580 974 ἀπέθανε»λεγόμενον,αἴνα
1594 935 1702 969 ζώντων
1721 935 1768 961 καὶ
1784 943 1833 961 νε-

1037 985 1110 1021 κρῶν
1133 985 1338 1021 κυριεύσῃτιὲπὶ
1353 985 1406 1011 τῶν
1425 984 1518 1020 ψυχῶν
1538 982 1585 1009 καὶ
1601 982 1648 1008 ἐπὶ
1664 981 1720 1007 τῶν
1734 980 1834 1015 σωμά-

1037 1039 1091 1057 των
1118 1031 1324 1067 παραληπτέον⁶
1349 1030 1458 1062 ζώντων
1489 1029 1537 1065 μὲν
1561 1027 1616 1054 τῶν
1631 1026 1735 1062 ψυχῶν,
1761 1025 1834 1053 καοδ

1039 1076 1168 1104 ἀθάνατοι
1178 1085 1185 1092 ·
1199 1077 1303 1113 νεκρῶν
1314 1076 1342 1103 δὲ
1354 1076 1407 1103 τῶν
1424 1076 1566 1111 σωμάτων.

1074 1123 1140 1149 KA'.
1161 1123 1222 1149 ’Ότι
1238 1122 1285 1159 [εἰ]
1297 1121 1457 1158 τιμιώτερον
1472 1121 1551 1156 σῶμα
1561 1119 1704 1156 ἀνθρώπου
1716 1118 1771 1145 τῶν
1783 1117 1834 1144 ἆλ-

1039 1167 1092 1195 λων
1106 1167 1192 1201 ζώων,
1206 1169 1247 1195 ὅτι
1261 1168 1339 1204 χερσί
1351 1177 1381 1194 τε
1395 1167 1463 1194 Θεοῦ
1475 1167 1584 1202 λέγεται
1600 1165 1767 1196 πεπλάσθαι,
1783 1164 1834 1191 καὶ

1038 1214 1078 1241 ὅτι
1092 1215 1255 1250 τιμιωτέρου
1275 1215 1325 1251 τῆς
1343 1214 1456 1249 λογικῆς
1470 1213 1560 1249 ψυχῆς
1576 1213 1708 1248 τετύχηκε
1726 1212 1835 1246 ὀχήμα-

1038 1267 1100 1292 τος·
1113 1261 1186 1293 ,πῶς
1209 1260 1288 1288 τοῦτο
1312 1261 1362 1296 μὲν
1377 1260 1568 1296 ὀλιγοχρόνιον,
1585 1257 1693 1294 ἀλόγων
1706 1258 1736 1284 δέ
1748 1265 1834 1284 τινων

1039 1306 1290 1341 πολυχρονιόηερα;
1308 1307 1343 1333 Ἦ
1356 1306 1434 1341 δῆλον
1449 1306 1486 1338 ὡς
1504 1307 1521 1341 ἡ
1540 1305 1635 1332 τούτου
1652 1303 1834 1341 πολυχρόνιος

1039 1353 1155 1389 ὖπαρξις
1168 1353 1237 1389 μετὰ
1251 1353 1301 1390 τὴν
1313 1353 1461 1381 ἀνάστασιν
1478 1351 1552 1379 ἔσται
1564 1360 1571 1386 ;

500 1573 534 1606 S.
553 1571 773 1604 METHODII
789 1572 844 1603 DE
858 1572 979 1605 JON/E
996 1573 1197 1605 HISTORIA
1214 1574 1523 1607 FRAGMENTUM.

770 1649 818 1680 Ex
835 1649 918 1681 libro
937 1651 983 1681 De
1004 1651 1256 1682 resurrectione.

201 1769 389 1801 (Fragmentum
411 1767 479 1801 istud
500 1767 590 1801 Latine

613 1767 709 1799 profert
721 1767 881 1793 Combeﬁsius
892 1768 916 1792 in
935 1767 1079 1794 Bibliotheca
1091 1767 1279 1799 concionqtoria.
1291 1770 1349 1791 tom.
1364 1767 1393 1794 Π,
1417 1774 1440 1797 p.
1455 1765 1501 1790 263
1512 1772 1562 1799 seq.
1579 1768 1605 1799 et
1616 1772 1647 1799 ex
1660 1765 1833 1799 gorGajland,

227 1796 310 1824 Gr§:ca
330 1805 360 1823 ex
373 1799 428 1823 cod.
450 1799 530 1823 Vatic.
548 1798 589 1822 161
599 1798 604 1822 l
614 1796 726 1823 ‘exhibet
738 1799 822 1823 Simon
834 1800 865 1823 de
886 1799 1009 1829 Magistris
1020 1799 1044 1824 in
1059 1799 1121 1824 libro
1132 1800 1171 1824 cui
1185 1797 1272 1823 titulus
1284 1805 1290 1822 :
1303 1800 1363 1822 Acta
1377 1796 1512 1829 martyrum
1529 1797 1561 1821 ad
1581 1796 1645 1822 Ostia
1659 1796 1777 1822 Tiberina
1787 1798 1835 1822 sub

227 1829 330 1856 Claudio
338 1829 444 1855 Gothico.
457 1830 540 1854 Romae
551 1829 621 1860 1792,
634 1831 660 1854 in
671 1830 724 1859 fol.,
733 1830 848 1861 Append.
862 1837 885 1861 p.
899 1830 966 1860 £62.;

364 1963 492 1991 Methodii
504 1964 617 1999 episcopi
635 1963 807 1992 Patarorum.

231 2009 252 2038 1.
266 2010 393 2046 Magnum
416 2018 525 2046 quoque
545 2010 667 2038 continet
681 2011 839 2046 mysterium
851 2009 927 2038 Jonaa
941 2011 985 2039 hi-

197 2057 295 2084 storia.
317 2056 431 2084 Videtur
452 2057 524 2084 enim
546 2065 593 2092 per
615 2061 705 2084 cctum
726 2061 833 2092 tempus
860 2058 986 2093 intelligi,

198 2103 271 2139 quod
288 2110 429 2138 nunquam
445 2104 589 2135 consistat,
605 2102 652 2130 sed
668 2111 777 2139 semper
792 2104 911 2137 labatur,
928 2105 987 2131 lon-

198 2149 295 2184 gisque
308 2156 341 2176 ac
358 2149 529 2176 brevioribus
540 2149 696 2178 iulerstitiis
711 2154 810 2177 cuncta
831 2154 984 2177 consumat.

198 2195 249 2229 Qui
265 2199 355 2223 autem
374 2194 458 2224 Jonas
474 2195 567 2231 fugita
583 2195 652 2224 facie
666 2196 724 2227 Dei,
741 2196 799 2231 ipse
818 2196 864 2224 ille
881 2197 985 2231 primus

198 2242 280 2270 homo
293 2245 346 2274 est,
359 2242 416 2278 qui,
427 2241 585 2270 mandatum
598 2247 797 2278 transgressus,
815 2250 847 2270 ac
861 2250 909 2278 per
923 2250 986 2278 pec-

197 2293 289 2316 catum
311 2289 412 2317 amissa
430 2288 563 2316 adversus
584 2288 668 2316 Deum
691 2288 799 2322 fiducia,
821 2289 912 2316 nudus
934 2289 986 2315 im-

197 2335 365 2363 mortalitate
375 2335 415 2362 illi
427 2342 457 2362 se
473 2342 565 2362 coram
580 2335 677 2363 sistere
689 2334 800 2369 refugit.
809 2334 892 2362 Navis
901 2342 985 2370 quam

198 2381 388 2410 conscendens
413 2385 572 2417 tempestate
589 2381 708 2416 jactatus
734 2385 787 2413 est,
809 2381 899 2408 brevis
927 2381 985 2407 haec

198 2431 241 2455 est
267 2435 300 2455 ac
315 2435 424 2455 morosa
447 2427 591 2462 prmsenlis
612 2427 742 2463 temporis
760 2428 834 2461 vita;
855 2431 985 2463 tanquam

200 2474 328 2500 nimirum
345 2477 502 2501 nostrarum
525 2481 617 2501 rerum
632 2477 738 2502 mutato
754 2478 840 2506 statu,
855 2481 888 2501 ac
908 2473 955 2508 qui
970 2481 986 2500 a

201 2519 340 2552 felicitate,
357 2524 471 2556 tutaque
495 2520 542 2547 illa
562 2528 577 2547 a
593 2521 723 2555 periculis
743 2521 810 2553 vita,
834 2519 867 2547 ad
891 2521 988 2547 turbu-

201 2565 301 2592 lentam
316 2573 348 2592 ac
361 2565 516 2594 instabilem
534 2566 605 2594 hanc
622 2566 705 2594 veluti
721 2574 736 2593 a
748 2571 820 2594 terra
833 2566 859 2593 in
875 2567 988 2594 navicu-

242 2642 266 2659 ’⁸
276 2642 358 2671 Joan.
370 2651 389 2677 t,
411 2644 455 2672 18.
507 2645 530 2660 ⁸⁷
545 2643 622 2671 Rom.
638 2652 694 2676 xtv,
713 2643 740 2671 9.

239 2720 278 2755 (6)
291 2720 357 2757 cum
372 2721 468 2756 inquit,
483 2722 627 2748 humanum
636 2729 741 2756 corpus.
756 2719 817 2748 Ὀτι
833 2720 881 2757 [εἰ]
891 2721 992 2757 τιμιὼ-

204 2763 293 2790 τερον.
310 2755 368 2782 Non
391 2757 473 2784 habet
487 2756 570 2784 Sirm.
585 2756 626 2787 τὸ,
644 2755 722 2788 ει,⁷ει
739 2755 991 2790 impressa—habent

205 2791 340 2827 clausum.
359 2790 479 2827 Scitotto
487 2791 596 2827 videtur
610 2791 752 2826 legendum
770 2791 798 2827 ﬁ.
815 2796 926 2827 propter
942 2798 987 2817 se-

205 2833 303 2859 quens,
328 2826 425 2858 inquit.
440 2825 457 2860 ἦ
471 2825 561 2859 δῆλον
578 2825 658 2860 quem
675 2831 764 2852 tamen
781 2825 852 2853 inde
874 2833 986 2853 sensum

205 2861 299 2888 eliciat
313 2864 339 2888 ct
354 2860 428 2894 velit,
452 2860 518 2887 mihi
533 2860 675 2895 hactenus
691 2861 903 2897 imperspectum
925 2864 987 2896 est;

1272 1959 1418 1988 Μεθοδίου
1434 1958 1585 1993 Πατάρων.

1073 2009 1112 2035 A'.
1134 2007 1259 2043 Περιέχει
1281 2006 1310 2032 δὲ
1330 2006 1377 2032 καὶ
1404 2005 1474 2040 μέγα
1493 2005 1639 2041 μυστήριον
1661 2006 1677 2041 ἡ
1697 2005 1768 2032 κατά
1783 2005 1832 2032 τὸν

1044 2056 1136 2082 Ἶωνᾶν
1159 2053 1274 2090 ἱστορία.
1289 2053 1380 2079 Ἐοικε
1394 2052 1448 2088 γὰρ
1471 2052 1502 2078 τὸ
1521 2053 1569 2087 μὲν
1584 2052 1666 2087 κῆτος
1681 2053 1801 2080 νοεῖσθαι
1815 2053 1833 2080 ὁ

1038 2103 1142 2139 χρόνος,
1157 2102 1204 2128 ἅτε
1223 2100 1355 2136 μηδέποτε
1370 2098 1465 2131 ἑστὼς,
1481 2098 1548 2125 ἀλλὰ
1569 2099 1753 2134 πορευόμενος
1772 2099 1832 2132 ἀεὶ,

1038 2149 1085 2176 καὶ
1099 2147 1294 2175 καταδαπανῶν
1306 2147 1340 2173 τὰ
1351 2147 1506 2181 γεννώμενα
1525 2147 1640 2182 μακροῖς
1655 2155 1684 2172 τε
1700 2146 1749 2173 καὶ
1763 2146 1833 2182 βρα-

1038 2195 1161 2230 χυτέροις
1173 2195 1364 2229 διαστήμασιν.
1373 2193 1402 2219 '0
1411 2193 1440 2218 δὲ
1454 2192 1561 2226 φεύγων
1577 2193 1666 2224 Ἰωνᾶς
1677 2192 1732 2218 ἀπὸ
1745 2200 1835 2227 προσ-

1038 2241 1113 2268 ώπου
1133 2240 1180 2267 τοῦ
1204 2240 1283 2272 Θεοῦ,
1295 2239 1374 2271 αὐτὸς
1395 2239 1497 2270 ἐκεῖνος
1520 2239 1534 2265 ὁ
1554 2238 1661 2274 πρῶτος
1684 2238 1832 2274 ἄνθρωπος

1038 2287 1174 2322 ἀθετήσας
1204 2285 1252 2321 τὴν
1276 2285 1387 2321 ἐντολὴν
1411 2285 1509 2320 ἔφυγεν
1535 2284 1686 2321 ἀφθαρσίας
1712 2284 1831 2320 ὀφθῆναι

1038 2333 1152 2368 γυμνὸς,
1166 2331 1215 2367 τὴν
1230 2332 1298 2368 πρὸς
1312 2331 1343 2357 τὸ
1356 2331 1433 2358 Θεῖον
1447 2331 1499 2358 ὑπὸ
1512 2331 1561 2367 τῆς
1572 2330 1709 2366 ἁμαρτίας
1720 2331 1833 2367 παρρη-

1039 2380 1099 2406 σίαν
1114 2379 1301 2414 ἀφῃρημένος.
1316 2378 1353 2404 Τὸ
1374 2378 1402 2404 δὲ
1417 2377 1508 2404 πλοῖον
1522 2378 1562 2409 εἰς
1576 2377 1590 2403 ὃ
1604 2377 1702 2409 ἐπιϐὰς
1719 2377 1834 2412 ἐχειμά-

1039 2426 1135 2462 ζετο,ή
1148 2425 1217 2452 κατὰ
1227 2425 1271 2452 τὸν
1283 2424 1403 2460 παρόντα
1415 2424 1508 2461 καιρδν
1517 2423 1664 2459 βραχύόιὸς
1672 2424 1747 2449 ἐστιν
1761 2423 1833 2458 αὕτη

1040 2475 1087 2501 καὶ
1102 2474 1265 2510 δυσάρεστος
1281 2473 1336 2508 ζωή
1346 2481 1352 2487 ·
1368 2470 1422 2499 οἷον
1436 2471 1592 2507 τραπέντων
1606 2470 1752 2506 ἡμῶν,καὶ
1767 2480 1835 2506 μετ-

1041 2520 1263 2547 αναστευσάντων
1285 2519 1339 2546 ἀπὸ
1361 2518 1411 2553 τῆς
1444 2518 1644 2554 μακαριότητος
1660 2517 1771 2551 ἐκείνης
1788 2517 1837 2543 καὶ

1041 2567 1183 2594 ἀκινδύνου
1206 2566 1278 2602 ζωῆς
1299 2567 1340 2597 εἰς
1362 2566 1408 2592 τὸν
1431 2564 1713 2600 πολυχειμαστότατον
1739 2563 1838 2589 τοῦτον

1045 2720 1146 2755 alioqui
1163 2720 1237 2747 clara
1260 2720 1362 2750 littera.
1385 2720 1442 2747 sive
1467 2721 1531 2747 illud
1545 2721 1569 2747 et
1589 2721 1760 2752 retineatur,
1777 2721 1835 2748 sive

1045 2764 1099 2782 non
1114 2764 1120 2780 :
1137 2763 1191 2790 quo
1215 2761 1307 2791 tamen
1329 2757 1431 2783 omiSSo
1445 2776 1452 2787 ,
1473 2762 1546 2782 esset
1572 2757 1761 2783 Sltbnt‘clcltda
1782 2756 1835 2791 τῷ,

1044 2790 1112 2826 πῶς,
1128 2791 1261 2826 particula
1281 2790 1321 2826 δέ.
1338 2795 1385 2816 aut
1404 2791 1509 2818 similis.
1528 2790 1700 2818 Postremum
1722 2799 1789 2818 vero
1804 2792 1834 2826 ἦ,

1044 2825 1135 2862 liquet
1148 2825 1336 2862 accipiendum
1359 2826 1562 2862 interrogative,
1591 2827 1716 2862 solvique
1735 2834 1772 2855 eo
1791 2825 1832 2854 iu-

1042 2861 1151 2889 ductam
1166 2860 1372 2888 dubitationem.
