1911 3072
58 117 105 144 ΞΞΘ

608 114 653 141 EX
674 113 773 140 LIBRO
789 112 831 139 DE
850 110 1150 139 RESURRECTIONE.
1624 111 1658 135 3'5

60 176 112 212 βίον
129 175 177 201 καὶ
199 173 406 206 ἀκατάστατον,
418 174 541 208 καθάπερ
555 173 607 199 ἀπὸ
622 173 673 207 γῆς
691 174 729 204 είς
746 173 845 198 πλοῖον.

913 177 951 196 am
966 167 1245 204 commigraverimus.
1261 166 1338 200 Quod
1351 165 1422 194 enim
1439 169 1512 193 terra
1528 162 1561 192 ad
1575 165 1677 198 navim,

65 224 94 248 ὐ
104 222 155 256 γὰρ
170 220 266 247 πλοῖον
279 220 348 255 πρὸς
363 221 426 255 γῆν,
438 219 515 246 τοῦτο
525 221 538 245 ό
553 218 646 253 παρὼν
663 218 716 253 βίος
729 218 795 253 πρὸς
807 218 851 244 τὸν

65 268 240 295 ἀθάνατον-’0
261 267 289 293 δὲ
308 267 413 301 χειμὼν
435 267 480 292 καὶ
497 267 523 293 αἱ
539 264 776 299 ἑπισυνιστάμεναι
790 263 851 290 καθ’

67 314 137 348 ἡμῶν
150 313 287 344 λαίλαπες
299 313 368 338 εἰσιν
379 313 402 338 οἱ
417 311 531 338 ἐνταῦθα
545 309 691 345 πειρασμοί
701 318 707 324 ·
720 309 813 344 ὥσπερ
824 310 852 334 ἐν

68 360 176 387 κλύδωνι
199 358 242 393 τῷ
263 359 369 393 κόσμῳ,
384 357 493 388 ἀλύπως
515 357 713 392 εὐθυδμμῆσαι
730 355 774 382 τὸν
797 355 853 389 βίον

69 405 136 440 ἡμᾶς
152 405 182 429 ὲν
195 404 303 439 γαλήνῃ
313 403 360 429 καὶ
373 402 487 438 νηνεμίᾳ
497 402 587 428 κακῶν
602 401 638 436 μὴ
650 401 852 436 ἐπιτρέποντες.

73 450 102 475 Ἦ
117 449 145 474 δὲ
161 448 216 474 ἀπὸ
233 447 281 473 τοῦ
299 447 391 473 πλοίου
407 448 445 478 εἰς
463 447 511 481 τὴν
532 445 668 472 θάλασσαν
688 445 793 481 ἔκριψις
807 445 853 472 τοῦ

76 494 148 520 Ὶωνᾶ
160 492 334 528 γεγενημένη
350 492 399 526 τὴν
413 492 466 517 ἀπὸ
479 491 524 517 τοῦ
542 490 590 525 ζῇν
602 491 640 521 είς
652 490 682 516 τὸ
696 491 853 525 τελευτῆσαι

70 538 113 564 τοῦ
130 538 347 573 πρωτοπλάστου
360 537 434 572 δηλοῖ
446 537 625 571 μετάπτωσιν,
640 536 800 570 ἀποφάσεως
813 545 856 562 τυ-

72 585 170 619 χόντος,
188 583 247 610 ἀνθ’
263 581 300 610 ὧν
321 584 480 619 ἁμαρτήσας
494 583 598 618 ἀπέδρα
612 582 661 616 τῆς
675 582 854 616 δικαιοσύνης,

70 629 109 660 τὸ,
125 627 168 661 Γῆ
183 627 214 655 εἷ
225 629 274 655 καὶ
288 630 331 661 εἱς
349 628 407 663 γῆν
422 629 585 661 ἀπελεύσῃ.
604 628 642 653 Τὸ
657 628 685 654 δὲ
702 627 856 662 καταποθῆ-

71 683 112 701 ναι
125 675 208 700 αὑτὸν
221 675 275 700 ὑπὸ
289 674 334 700 τοῦ
351 674 459 709 κήτους,
472 674 520 708 τὴν
542 674 594 699 ὑπὸ
608 673 653 699 τοῦ
668 673 762 708 χρόνου
781 682 858 707 γεγε-

73 720 190 755 νημένην
214 720 402 754 ἀπαραίτητον
425 719 500 754 ἡμῶν
514 719 587 754 δηλοῖ
601 720 747 755 ἀναίρεσιν.
757 719 787 745 'H
804 719 857 754 γὰρ

72 765 167 796 κοιλία,
187 765 233 798 ὑφ’
249 762 284 799 ἦς
300 764 436 799 ὲκαλύφθη
452 765 614 796 καταποοεὶς
626 766 639 790 ὁ
654 766 752 796 Ἰωνᾶς,
763 766 779 800 ἡ
792 773 858 790 παν-

73 810 178 844 τοδόχος
193 810 254 836 ἐστὶ
273 811 319 846 γῆ,
335 810 368 837 τὰ
384 810 436 836 ὑπὸ
450 810 495 837 τοῦ
509 811 604 846 χρόνου
624 811 684 836 5.2:.
710 811 800 845 «ἔδμενα
816 810 857 836 δε-

72 857 184 890 χυμένη.

105 902 142 928 B'.
164 901 301 936 Καθάπερ
324 899 370 928 οὖν
391 901 491 934 Ἰωνᾶς,
507 902 535 927 ἐν
551 903 583 937 τῇ
599 901 686 936 κοιλίᾳ
697 900 743 927 τοῦ
760 901 858 936 κήτους

73 948 144 982 τρεῖς
160 947 270 982 ἡμέρας
287 946 456 982 ὲνδιατρίψας
471 947 518 973 καὶ
533 946 632 978 νύκτας
651 946 793 979 τοσαύτας,
809 944 857 973 αὖ·

72 993 113 1026 θες
129 993 210 1028 ὑγιὴς
234 993 368 1029 ἀπεδόθη·
385 993 455 1020 οὕτω
477 993 504 1019 δὲ
527 994 573 1020 καὶ
596 994 705 1025 πάντες,
723 989 771 1025 τάξ
786 995 858 1028 τρεῖς

74 1039 118 1065 τοῦ
129 1039 266 1074 παρόντος
277 1039 373 1070 αἰῶνος
385 1039 537 1070 διαστάσεις
551 1040 712 1074 ποιήσαντες
726 1040 754 1065 ὲν
766 1041 798 1074 τῇ
812 1041 857 1075 γῇ,

75 1084 158 1119 ἀρχὴν
175 1084 259 1118 λέγω,
278 1085 325 1110 καὶ
339 1085 473 1120 μεσότητα
486 1085 533 1111 καὶ
550 1085 634 1116 τέλος,
649 1085 677 1118 ἐξ
698 1082 736 1111 ὧν
752 1086 859 1119 σύγκει-

74 1137 116 1155 ται
133 1127 281 1161 τᾶςνοῦτος
301 1130 315 1156 ὁ
338 1129 432 1165 παρὼν
444 1130 545 1165 χρόνος,
561 1130 776 1166 ἀναστησόμεθα.
792 1131 860 1166 Τρία

74 1175 126 1210 γὰρ
148 1175 283 1202 καθολικὰ
303 1175 399 1211 χρόνου
420 1176 597 1212 διαστήματα,
616 1176 796 1212 παρῳχηκὼς,
815 1177 860 1203 καὶ

79 1221 190 1255 μέλλων,
208 1222 257 1248 καὶ
273 1221 376 1256 παρών.
397 1222 450 1248 Καὶ
466 1222 508 1248 διὰ
523 1222 600 1248 τοῦτο
617 1223 662 1248 καὶ
679 1223 693 1248 ὁ
706 1222 806 1258 Κύριος
818 1231 862 1249 το-

78 1267 176 1298 σαύτας
192 1267 302 1302 ἡμέρας
316 1267 484 1302 συμϐολικῶς
498 1268 612 1302 ποιήσας
628 1269 656 1294 ἐν
666 1269 697 1303 τῇ
713 1269 746 1303 γῇ
761 1268 861 1305 ἐδίδαξε

78 1313 183 1347 ςαφῶς,
210 1314 263 1345 ὅτι,
287 1313 482 1348 πληρωθέντων
505 1313 559 1340 τῶν
585 1314 789 1349 προειρημένων
815 1314 861 1340 τοῦ

78 1359 169 1393 χρόνου
192 1359 396 1394 διαστημάτων,
416 1359 490 1386 ἔσται
512 1361 588 1395 ἡμῶν
606 1361 622 1395 ὴ
641 1360 797 1391 ἀνάστασις,
815 1359 861 1386 τοῦ

80 1404 221 1439 μέλλοντος
248 1405 298 1440 μὲν
323 1405 393 1441 ἀρχὴ
415 1406 510 1437 αἰῶνος
534 1406 700 1441 ὑπάρχουσα,
716 1406 810 1432 τούτου
834 1406 863 1433 δὲ

78 1450 160 1481 τέλος.
170 1450 216 1476 Ἐν
234 1451 312 1476 αίῶνι
325 1451 379 1487 γὰρ
394 1450 455 1477 οὗτε
472 1451 618 1487 παρῴχηκὲ
634 1461 670 1484 τι,
686 1452 745 1478 οὔτε
761 1452 861 1487 μέλλει,

79 1494 144 1521 ἀλλὰ
161 1495 241 1529 μόνον
255 1495 481 1531 ύςρέστηκεν.”Ετι
493 1498 506 1523 ὁ
519 1498 618 1528 Ἰωνᾶς,
633 1498 660 1523 ἐν
674 1499 705 1533 τῇ
717 1497 804 1533 κοιλίᾳ
816 1497 862 1534 τοῦ

80 1542 177 1576 κήτους
192 1543 269 1577 τρεῖς
284 1543 390 1578 ἡμέρας
408 1544 454 1569 xui.
475 1545 548 1580 τρεῖς
568 1543 667 1575 νύκτας
688 1545 812 1580 ποιήσας,
834 1545 863 1570 οὔ

81 1587 248 1623 κατεφθάρη,
266 1589 470 1623 συντηκομένων
492 1588 565 1623 αὐτῷ
588 1589 641 1616 τῶν
666 1590 772 1625 σαρκῶν
795 1590 864 1617 κατὰ

81 1634 127 1668 τὴν
142 1634 170 1658 ὲν
187 1634 220 1668 τῇ
237 1633 326 1669 κοιλίᾳ
346 1635 493 1670 γενομένην
517 1635 632 1671 φυσικὴν
651 1637 729 1672 σῆψιν
741 1637 795 1663 τῶν
809 1638 865 1663 εἰσ-

81 1679 240 1713 φερομένων
263 1680 415 1714 βρωμάτων
437 1680 480 1706 διὰ
506 1682 556 1716 τὴν
572 1681 681 1708 πλείονα
701 1683 730 1708 ἐν
750 1684 806 1713 τοῖς
826 1683 865 1708 ἐν-

82 1724 169 1758 ύδφις
184 1723 350 1759 θερμότητα,
361 1725 405 1752 ἵνα
418 1725 520 1761 δειχθῇ,
534 1727 573 1753 ὅτι
585 1727 695 1754 δύναται
709 1726 776 1754 εἶναι
788 1727 865 1763 ἡμῶν

83 1769 115 1795 τὰ
134 1770 250 1805 σώματα
264 1772 351 1797 ταῦτα.
368 1772 516 1807 ἀνώλεθρα.
532 1773 594 1799 Νόει
608 1773 661 1809 γάρ
686 1782 729 1809 μοι
741 1774 786 1800 τὸν
800 1774 865 1800 Θεὸν

84 1815 130 1847 τὰς
147 1816 196 1850 μὲν
215 1815 252 1847 ὡς
266 1816 320 1842 ἀπὸ
335 1816 434 1852 χρυσοῦ
446 1819 701 1853 κατεσκευασμένας
717 1818 786 1853 ἔχειν
799 1819 867 1845 είκό-

83 1869 129 1891 νας
141 1861 237 1887 ἑαυτοῦ
251 1862 305 1888 ἀπὸ
321 1862 371 1897 τῆς
393 1863 578 1898 πνευματικῆς
602 1863 796 1900 καθαρωτέρας
820 1865 865 1891 οὺ-

85 1905 151 1937 σίας,
164 1904 219 1932 οἷον
234 1907 297 1938 τοὺς
310 1907 439 1941 ἀγγέλους
451 1917 456 1922 -
474 1908 523 1941 τὰς
536 1908 563 1934 δὲ
577 1908 670 1944 ὥσπερ
683 1909 737 1935 ἀπὸ
750 1909 835 1944 γύψου
849 1910 864 1945 ἦ

84 1952 193 1986 χαλκοῦ,
210 1951 266 1978 οἷον
280 1954 365 1988 ἡμᾶς.
384 1953 428 1988 Τῷ
443 1954 528 1990 γηΐνῳ
541 1954 595 1990 γὰρ
614 1955 663 1989 τὴν
678 1955 764 1990 ψυχὴν
778 1956 865 1990 ἧνωσε

84 1994 131 2030 τὴν
145 1996 204 2021 κατ’
221 1996 314 2022 εἰκόνα
340 1996 406 2023 Θεοῦ
432 1999 677 2034 γεγενημένην.Ὠς
707 1998 752 2026 οὖν
779 2001 868 2031 πάσας

84 2040 198 2067 ἐνταῦθα
213 2041 260 2068 τοῦ
276 2042 407 2076 βασιλέως
419 2044 467 2074 τὰς
487 2045 594 2076 εἰκόνας
607 2045 735 2080 τιμᾶσθαι
750 2046 801 2081 χρὴ
824 2046 868 2072 διὰ

84 2087 132 2122 τὴν
147 2087 176 2113 ἐν
191 2087 288 2119 αὑταῖς
306 2081 420 2124 μορξςὴν,
436 2089 505 2115 οὓτω
518 2090 549 2125 δὴ
563 2091 608 2116 καὶ
622 2091 694 2126 ἡμᾶς
714 2091 868 2118 ἀνένδεκτόν

86 2133 140 2158 ἐστι
156 2133 224 2159 Θεοῦ
240 2134 347 2164 είκόνας
357 2136 526 2170 ὑπάρχοντας
539 2137 605 2172 πρὸς
616 2137 750 2164 ἀπώλειαν
762 2138 799 2169 ὡς
815 2139 869 2172 ἠτι-

901 214 953 242 hoc
967 222 1087 250 prmsens
1107 213 1161 240 vita
1175 216 1227 244 est,
1245 213 1268 240 si
1287 215 1458 247 comparetur
1479 219 1541 238 eum
1561 211 1607 238 illa
1625 211 1677 237 im-

901 261 1020 288 mortali.
1035 260 1194 295 Tempestas
1211 263 1299 286 autem
1323 266 1355 285 ac
1377 259 1499 286 turbines
1515 257 1606 284 navim
1625 265 1677 284 un-

902 306 983 340 dique
998 308 1224 340 conquassantes,
1243 304 1405 331 tentationes
1419 307 1492 336 sunt,
1509 311 1568 338 quae
1581 303 1608 330 in
1624 302 1677 329 hoc

904 349 1015 381 mundo,
1034 353 1161 384 tanquam
1186 348 1213 374 in
1235 352 1353 375 aestuoso
1376 355 1406 374 ac
1420 348 1573 374 turbulento
1597 347 1676 378 mari.

903 397 1007 420 rectum
1023 401 1073 420 nos
1087 394 1148 420 vita:
1162 400 1273 420 cursum
1290 392 1384 420 faciles
1399 397 1501 423 tenere.
1519 393 1678 428 tranquillo—

904 447 956 474 que
971 446 985 465 a
1000 439 1080 466 malis
1102 442 1160 465 tum
1181 445 1299 472 aequore,
1318 444 1373 465 tum
1399 438 1468 465 cmlo
1482 439 1598 473 gaudere
1624 446 1678 466 non

905 485 1008 512 sinunt.
1029 483 1103 510 Jona:
1128 483 1156 510 in
1177 491 1252 510 mare
1272 483 1458 518 praecipitatio.
1486 484 1644 518 protoplasti
1665 492 1685 521 ιι¹

905 529 959 556 vita
974 529 1001 555 in
1023 532 1137 555 mortem
1157 528 1262 562 lapsum
1277 527 1420 562 designat:
1438 528 1484 562 qui
1500 527 1602 554 idcirco
1617 528 1680 562 quia

905 574 1042 609 peccando
1060 582 1073 600 a
1093 573 1199 608 justitia
1219 573 1337 606 deﬂexit,
1357 574 1429 600 illam
1444 574 1551 608 excepit
1572 577 1682 601 senten-

906 621 970 647 tiam
985 630 991 647 ε
1007 619 1087 647 Tell:
1101 628 1128 646 es
1146 624 1170 646 et
1189 620 1217 646 in
1231 624 1326 646 terram
1342 620 1476 646 reverteris
1487 619 1519 645 ’⁸.
1538 619 1625 654 Ipsius
1636 627 1682 647 au-

907 670 960 692 tem
977 673 991 692 a
1008 670 1068 693 ceto
1089 665 1226 700 absorptio
1243 665 1377 700 signiﬁcat
1398 665 1580 693 inevitabilem
1607 666 1680 693 illam

907 709 1004 741 nostri,
1019 716 1079 743 qua:
1098 716 1113 735 a
1128 714 1246 744 tempore
1266 709 1305 740 lit.
1321 708 1523 737 demolitionem
1546 717 1577 737 ac
1599 710 1684 738 inter-

908 753 993 787 itum;
1011 758 1104 781 venter
1118 754 1189 781 enim
1205 762 1258 788 quo
1271 754 1414 789 absorptus
1435 754 1518 783 Jonas
1531 755 1682 784 absconsus

908 800 960 827 est,
976 801 1055 824 terra;
1068 801 1110 824 est
1127 798 1249 824 omnium
1266 803 1409 833 susceptor
1429 800 1517 832 sinus,
1538 808 1593 834 quo
1613 808 1681 828 con-

872 843 896 873 B
909 841 1006 868 dantur
1020 850 1189 877 quaecunque
1205 843 1273 870 edax
1293 847 1398 878 tempus
1413 845 1558 872 consumit.

943 885 973 913 ll.
989 886 1219 920 Quemadmodum
1235 887 1316 923 igitur
1324 888 1408 916 Jonas
1422 890 1449 916 in
1465 894 1558 917 ventre
1566 891 1618 918 ceti
1629 895 1684 919 tres

908 935 967 962 dies
981 938 1007 961 et
1031 935 1142 962 totidem
1165 939 1258 962 noctes
1278 939 1472 968 commoratus,
1492 944 1588 965 rursus
1602 945 1686 966 sanus

909 979 971 1006 inde
987 987 1018 1006 ac
1038 979 1142 1014 integer
1163 979 1264 1011 evasit;
1285 980 1325 1006 sic
1338 984 1364 1007 et
1387 987 1482 1007 omnes
1506 981 1550 1008 ubi
1566 981 1617 1008 tria
1637 983 1686 1009 aevi

909 1025 1051 1061 praesentis
1064 1026 1203 1052 intervalla
1226 1024 1398 1060 (principium
1422 1026 1545 1057 scilicet,
1568 1028 1685 1055 medium

909 1080 942 1099 ac
962 1072 1051 1102 tinem,
1069 1071 1168 1106 quibus
1189 1079 1308 1105 presens
1331 1071 1381 1098 hoc
1399 1076 1503 1106 tempus
1521 1080 1600 1100 omne
1621 1080 1687 1101 con-

910 1118 974 1152 stat)
995 1116 1047 1144 sub
1071 1122 1141 1143 terra
1158 1116 1304 1151 egerimus,
1324 1123 1506 1151 resurgemus.
1530 1116 1559 1144 In
1576 1118 1688 1145 univer—

911 1170 970 1190 sum
983 1162 1054 1190 enim
1067 1163 1116 1189 tria
1131 1165 1194 1189 sunt
1203 1161 1330 1197 temporis
1345 1162 1495 1194 intervalla,
1511 1164 1686 1198 praeteritum.

911 1210 1043 1241 futurum,
1067 1213 1095 1236 et
1115 1217 1233 1244 prasens
1251 1219 1258 1236 ε
1281 1212 1391 1243 propter
1413 1209 1485 1244 quod
1506 1213 1532 1236 el
1558 1209 1688 1239 Dominus

911 1257 1023 1284 totidem
1035 1256 1095 1283 dies
1115 1256 1141 1282 in
1157 1259 1229 1282 terra
1245 1260 1438 1286 commoratus,
1456 1255 1508 1282 hoe
1523 1256 1644 1291 symbolo
1656 1264 1689 1283 ac

913 1302 997 1337 ﬁgura
1013 1301 1155 1328 maniis-ste
1176 1308 1227 1328 nos
1241 1300 1344 1331 docuit.
1360 1305 1422 1335 post
1442 1305 1537 1328 exacta
1560 1310 1619 1336 qua:
1633 1302 1689 1329 dixi

913 1348 1043 1382 temporis
1057 1348 1154 1382 spatia,
1172 1353 1293 1374 nostram
1310 1347 1367 1374 fore
1382 1348 1615 1380 resurrectionem,
1630 1356 1691 1383 qua:

914 1393 996 1421 futuri
1007 1393 1099 1421 saeculi
1114 1393 1229 1424 initium,
1245 1393 1326 1427 hujus
1341 1392 1402 1420 ﬁnis
1413 1394 1536 1421 exsistat.
1549 1393 1578 1421 In
1591 1395 1690 1422 saeculo

913 1440 985 1467 enim
1001 1440 1047 1466 illo
1066 1447 1153 1474 neque
1174 1439 1303 1474 praeteriit
1329 1439 1442 1473 aliquid,
1461 1447 1549 1474 neque
1569 1439 1690 1466 futurum

914 1489 966 1518 est,
985 1486 1031 1513 sed
1048 1493 1168 1520 prresens
1182 1485 1314 1511 duntaxat
1329 1484 1462 1511 consistit.
1484 1484 1567 1512 Jonas
1580 1485 1692 1519 insuper

915 1533 1002 1559 tribus
1016 1532 1111 1559 diebus
1120 1534 1145 1558 et
1153 1531 1240 1558 tribus
1255 1530 1381 1557 noctibus
1392 1531 1418 1557 in
1433 1534 1526 1558 ventre
1536 1531 1588 1558 ceti
1601 1535 1691 1557 trans-

914 1579 994 1610 actis,
1018 1586 1072 1605 uon
1094 1581 1135 1605 est
1150 1580 1305 1611 corruptus,
1318 1580 1364 1603 aut
1379 1576 1438 1610 ejus
1453 1581 1619 1611 consumptae
1633 1584 1693 1604 car-

915 1631 981 1656 nes;
999 1623 1038 1649 uti
1054 1626 1167 1649 caeteros
1195 1621 1270 1648 cibos
1284 1621 1312 1647 in
1333 1624 1455 1648 ventrem
1478 1620 1530 1647 ceti
1555 1620 1693 1648 immissos

915 1668 1032 1696 naturali
1056 1668 1230 1702 corruptione
1251 1667 1387 1694 consumit
1411 1667 1563 1701 digeritque
1594 1666 1691 1694 bellum

916 1713 1028 1740 marina:
1041 1713 1146 1740 auctior
1159 1712 1265 1739 nativus
1280 1711 1373 1738 calor:
1385 1711 1418 1738 ad
1434 1711 1624 1738 declarandum
1637 1711 1694 1739 fieri

916 1767 1007 1794 posse,
1024 1763 1052 1785 ut
1067 1762 1094 1786 et
1109 1763 1202 1786 nostra
1217 1758 1272 1785 haec
1282 1764 1397 1791 corpora
1413 1757 1553 1792 superiora
1568 1755 1692 1787 evadant,

916 1813 997 1840 quam
1013 1810 1043 1833 ut
1058 1813 1176 1840 unquam
1195 1805 1337 1832 intereant.
1352 1803 1446 1838 Cogita
1461 1804 1543 1834 enim,
1560 1803 1642 1830 Deum
1657 1803 1695 1829 di-

917 1859 1009 1880 versas
1029 1852 1072 1879 Sui
1088 1851 1187 1878 habere
1202 1851 1342 1885 imagines.
1360 1849 1427 1877 alias
1442 1850 1550 1883 quidem
1564 1849 1646 1876 veluti
1661 1857 1693 1876 ex

918 1905 985 1925 auro
1000 1897 1155 1928 fabricatas,
1173 1904 1233 1930 quae
1246 1896 1351 1923 scilicet
1365 1902 1397 1921 ex
1414 1895 1529 1929 spiritali
1544 1902 1575 1921 ac
1592 1894 1695 1929 pnriori

918 1943 1069 1970 substantia
1085 1943 1248 1973 consistant.
1272 1941 1310 1967 uti
1334 1942 1462 1976 angelos:
1485 1941 1551 1967 alias
1574 1947 1638 1967 vero
1661 1947 1693 1967 ex

917 1995 1001 2023 gypso
1014 1989 1055 2015 vel
1069 1995 1132 2019 aere,
1152 1987 1189 2014 uti
1207 1987 1339 2014 homines.
1355 1987 1479 2012 Animam
1495 1986 1566 2012 enim
1582 1992 1642 2020 qua:
1662 1984 1696 2011 ad

918 2034 964 2061 Dei
981 2034 1124 2069 imaginem
1142 2033 1248 2061 condita
1273 2034 1318 2065 sit,
1336 2038 1449 2060 terrena:
1469 2032 1627 2060 substantia:
1649 2040 1696 2058 (·ο‹

918 2080 1029 2115 pulavit.
1044 2080 1082 2115 (7)
1095 2079 1170 2106 Sicut
1189 2079 1271 2114 igitur
1286 2078 1328 2105 hic
1344 2080 1414 2113 regis
1437 2085 1533 2105 omnes
1553 2077 1695 2112 imagines,

919 2129 1030 2162 propter
1055 2125 1114 2159 ejus
1126 2133 1179 2160 qua
1204 2129 1268 2152 sunt
1282 2125 1417 2160 insignitae
1429 2123 1552 2159 cmgiem,
1568 2123 1595 2150 in
1610 2123 1697 2158 pretio

87 2178 226 2212 μωμένους
249 2180 371 2214 χωρῆσαι
391 2181 602 2217 παντελῆ.’¹0οεν
617 2183 662 2209 καὶ
678 2183 810 2217 κατῆλθεν
829 2185 861 2215 εἰς

921 2177 984 2200 sunt
1008 2179 1040 2198 ac
1064 2171 1193 2198 honorem
1218 2171 1331 2203 habent;
1354 2171 1390 2197 ita
1417 2171 1527 2197 minime
1548 2169 1696 2204 putandun‘.

85 2224 131 2259 τὴν
150 2224 211 2250 καθ’
224 2226 298 2260 ἡμᾶς
312 2226 472 2262 οἰκουμένην
486 2228 499 2253 ό
513 2227 606 2261 Λόγος,
618 2228 664 2254 καὶ
677 2228 819 2264 ὲσαρκώθη
836 2230 868 2255 ἐκ

84 2269 128 2296 τοῦ
145 2270 271 2304 σώματος
289 2271 376 2306 ἡμῶν,
388 2273 460 2303 ὅπως
476 2273 515 2303 εἰς
531 2273 560 2298 τὸ
578 2272 806 2309 θεοπρεπέστερον
821 2274 868 2308 τὴν

84 2316 175 2342 εἰκόνα
190 2316 384 2348 ἐπισκευάσας,
402 2318 526 2353 καθάπερ
537 2318 588 2345 ὑπὸ
603 2320 697 2354 χρόνου
713 2319 869 2354 διαλελυμέ-

84 2370 141 2395 νην,
157 2362 298 2397 ἀναστήσῃ
314 2362 463 2398 ἀνώλεθρον
489 2364 544 2390 Καὶ
555 2364 618 2398 γοῦν
630 2365 679 2400 τὴν
692 2365 738 2391 ἐπὶ
751 2365 797 2391 τοῦ
809 2373 871 2401 προ-

86 2407 169 2441 φήτου
195 2408 390 2442 μυστηριοκῖῶς
416 2411 696 2446 πεπραγματευμένην
716 2412 869 2447 οἰκονομίαν

85 2451 238 2487 δηλοῦντες,
257 2453 365 2479 ἅπαντα
388 2453 427 2484 είς
444 2454 522 2480 τοῦτο
536 2455 684 2489 ἀναφανδὸν
701 2455 870 2482 συντείνοντα

86 2497 202 2534 εὕρομεν
215 2498 262 2524 τὸν
279 2498 366 2532 λόγονὲ

132 2665 155 2681 ⁵⁸
167 2665 350 2697 Gen.nl,19.

91 2767 170 2795 ϐλιι..

921 2222 973 2250 est,
989 2225 1039 2245 nos
1053 2218 1100 2253 qui
1115 2217 1161 2245 Dei
1177 2218 1264 2253 imago
1282 2225 1376 2244 sunms
1390 2225 1422 2244 eo
1434 2224 1520 2251 usque
1535 2215 1702 2242 inhonoran-

921 2264 971 2292 dos
986 2272 1055 2295 esse,
1073 2267 1101 2291 ut
1117 2263 1224 2298 penitus
1237 2265 1321 2291 simus
1333 2263 1466 2290 abolendi.
1479 2261 1611 2294 Quocirca
1620 2260 1700 2287 etiam

923 2312 1063 2341 descendit
1081 2310 1196 2338 Verbum
1208 2311 1234 2337 in
1250 2314 1373 2336 nostrum
1389 2309 1462 2335 hunc
1481 2307 1584 2337 orbem,
1601 2313 1632 2332 ac
1650 2306 1699 2332 hu-

923 2366 1030 2386 manam
1048 2364 1157 2384 carnem
1174 2356 1331 2390 assumpsit,
1352 2358 1380 2381 ut
1402 2353 1532 2380 divinitus
1558 2350 1701 2385 imaginem

923 2411 1099 2439 componens,
1118 2407 1244 2437 tanquam
1269 2405 1390 2435 tempore
1419 2398 1588 2429 dissolutam,
1611 2395 1702 2422 incor-

923 2453 1030 2481 ruptam
1043 2449 1126 2480 illam,
1147 2451 1277 2482 extraque
1296 2452 1404 2473 omnem
1420 2444 1547 2471 interitus
1563 2442 1648 2469 aleam
1661 2448 1703 2466 rc-

925 2496 1080 2522 suseitaret.
1093 2494 1133 2521 Ae
1148 2500 1213 2521 sane
1229 2490 1359 2526 quidquid
1373 2490 1488 2524 mystica
1503 2486 1703 2521 dispensatione

926 2542 952 2568 in
967 2541 1097 2576 propheta
1111 2543 1215 2574 gestum
1234 2542 1284 2568 est,
1307 2537 1330 2564 si
1347 2535 1462 2562 velimus
1483 2539 1628 2567 exponere,
1650 2531 1702 2557 huc

925 2586 1068 2613 manifeste
1084 2585 1229 2612 collineare
1243 2582 1421 2610 inveniemus.

124 2733 161 2766 (7)
178 2732 240 2760 llaec
254 2732 383 2760 conferas
397 2731 477 2759 velim
494 2739 555 2758 cum
568 2736 694 2767 excerpto
709 2739 740 2758 ex
757 2731 784 2758 S.
795 2731 872 2759 Joan.
886 2732 1023 2767 Damasc.,
1041 2734 1136 2761 ονοιῶ
1153 2733 1189 2760 De
1200 2733 1278 2767 imag.
1297 2732 1422 2767 superius
1451 2730 1536 2757 relato
1558 2727 1612 2755 col.
1638 2725 1704 2756 289.

189 2872 326 2901 PATROL.
345 2870 403 2900 Gn.
421 2868 534 2899 XVIII.

1511 2867 1544 2895 11
