1911 3072
73 102 138 130 3'33

690 103 737 130 EX
756 103 858 131 LIBRO
877 103 922 130 DE
942 103 1101 131 CREATIS.

1659 107 1710 133 551

75 172 154 197 ρων,
171 163 208 196 ὡς
231 164 350 200 ἐρρήθη·
368 165 386 201 ἥ
412 166 519 198 τούτου,
534 166 571 198 ὡς
591 166 698 202 ἐλέχθη,
719 167 872 203 νοουμένου,

928 166 991 202 cipi,
1006 171 1035 193 ut
1048 165 1150 193 dictum
1173 169 1234 193 est:
1252 169 1298 192 aut
1314 166 1365 194 hoc
1381 166 1416 193 ita
1440 171 1551 202 accepto
1567 171 1596 194 ut
1616 173 1657 195 est
1671 169 1714 195 di-

77 210 188 245 ὰνάγκη
215 211 292 246 ἡμεῖς
317 211 420 245 λέγειν,
438 212 476 243 ὡς
497 212 584 238 οὐδενὶ
601 211 656 238 τῶν
677 212 808 244 ἀπίστων,
831 212 878 245 οὓς

78 255 183 292 χαίροις
198 257 401 292 ἀπεικάζομεν,
419 257 450 283 ἐκ
476 257 529 284 τῶν
547 257 731 285 ἀποστολικῶν
744 258 876 293 διδαγμά-

80 311 148 334 των,
166 303 349 340 μαργαριτῶν
361 304 441 340 δίκην
455 304 504 336 τὰς
516 303 603 338 ψυχὰς
619 303 877 340 καταυγαζόντων,ἠ

79 349 257 384 ιιςΧριστὸν
274 350 377 382 πίστις,
403 350 484 385 καὶὴ
507 344 555 384 τῆς
583 349 708 381 ἀσεϐείας
739 349 878 385 ἐλευθερία

80 394 241 430 γεγένηται.
262 395 429 430 Βλάσφημον
445 395 473 422 δὲ
485 395 571 422 τοῦτο.
589 395 712 430 οὑκ¹ἄρα
724 395 763 421 δεῖ
774 404 879 431 μαργα-

85 440 162 475 ρίτας
181 441 232 476 μὲν
259 441 294 468 τὰ
322 441 511 477 μυστικώτερα
523 441 576 468 τῶν
591 440 758 476 μαθημάτων
775 441 879 476 ἐκλαμο

86 487 178 513 ϐανειν
194 486 329 519 ἐνταῦθα,
344 488 451 523 χοίρους
475 488 503 514 δὲ
527 489 588 519 τοὺς
616 488 737 519 ἀσεϐεῖς·
762 487 822 514 οὐδὲ
837 487 878 519 to;

83 533 134 566 Μὴ
145 533 268 568 ,ϐάλητε
281 535 352 568 τοὺς
359 536 542 569 Imp-rapitur;
549 535 808 570 ὺμῶφχὲμπροσθεν
821 534 880 561 τῶν

85 581 208 614 χοίρων,
237 581 280 612 εἰς
305 581 346 615 τὺ,
358 581 394 617 μὴ
413 581 599 617 παραϐάλλετε
620 583 676 612 τοῖς
698 581 806 607 ἀσεϐέσι
832 581 880 607 καὶ

84 626 215 658 ἀπίστοις
231 627 268 654 τὰ
284 627 402 662 μυστικᾶ
414 628 461 653 καὶ
477 627 628 654 τελειοποιὰ
648 627 697 661 τῆς
710 628 749 658 εἰς
765 626 879 662 Χριστὸν

85 672 207 704 πὶστεως
222 672 618 708 διδάγματα,παραλαμ6άνειν
630 681 636 687 ·
658 672 725 700 ἀλλὰ
748 672 881 707 μαργαρί-

84 725 134 748 τας
159 717 212 751 μὲν
228 717 281 748 τὰς
297 717 397 752 ἀρετὰς
412 717 567 752 ἐκδέχεσθαι
582 717 645 753 χρὴ,
664 714 707 748 αἷς
721 716 814 751 ὥσπερ
831 715 879 742 πο-

85 763 211 798 λυτίμοις
228 763 412 799 μαργαρίταις
425 764 441 798 ἡ
455 764 526 799 ψυχὴ
539 762 750 799 καθωραῖζεται·
775 763 811 798 μὴ
830 771 881 788 πα-

87 809 216 845 ραϐαλεῖν
233 809 264 836 δὲ
280 810 379 841 αὐτοὺς
395 811 450 841 τοῖς
464 808 572 845 χοῖροις,
591 809 723 839 τουτέστι,
743 808 779 844 μὴ
793 816 881 844 παρα-

930 217 1015 244 ctum,
1034 219 1206 246 consequens
1226 211 1255 238 fit
1273 216 1302 239 ut
1317 212 1456 245 dicamus,
1478 214 1544 240 nulli
1563 213 1713 241 infidelium

930 267 999 293 quos
1011 259 1101 294 porcis
1115 265 1316 293 comparamus,
1332 266 1379 293 per
1394 260 1541 293 apostolica
1551 260 1715 287 documenta

930 313 990 340 quae
1004 305 1109 332 animas
1130 304 1217 331 instar
1233 304 1440 339 margaritarum
1459 305 1622 338 illuminant,
1634 306 1714 333 fidem

931 352 958 378 in
971 351 1108 378 Christum
1123 355 1149 378 et
1160 350 1342 385 abjmpietate
1357 351 1509 378 libertatem
1523 356 1627 386 partam
1641 360 1712 379 esse.

932 396 985 424 Sed
1008 401 1050 424 est
1077 397 1265 431 blasphemum
1281 397 1333 423 hoc
1353 397 1453 424 dicere.
1475 397 1545 431 Ergo
1562 399 1716 432 margarita:

929 444 982 471 hoc
998 443 1058 470 loco
1072 451 1126 470 non
1139 447 1202 471 sunt
1213 442 1376 478 accipienda:
1388 443 1538 470 sanctiores
1550 442 1713 477 disciplina);

931 489 1071 523 porcique,
1089 489 1164 523 impii
1179 497 1185 515 :
1200 496 1287 523 neque
1303 488 1367 514 illud
1382 496 1388 513 ε
1410 487 1499 514 Nolite
1510 488 1635 522 projicere
1645 496 1715 515 mar-

930 535 1032 569 garitas
1050 539 1149 561 vestras
1162 538 1222 561 ante
1240 542 1343 568 parcos,
1363 535 1397 560 ita
1414 533 1604 568 explicandum
1618 538 1669 566 est,
1685 537 1715 560 ut

932 580 1072 615 prohibeat
1090 580 1201 614 proponi
1217 580 1308 614 impiis
1330 579 1553 614 inlidelibusque,
1570 587 1646 607 saera
1670 580 1715 606 illa

930 629 957 652 et
971 626 1186 652 consummativa
1202 625 1227 652 in
1240 625 1377 653 Christum
1388 626 1550 653 documenta
1563 634 1569 651 :
1585 626 1631 653 sed
1644 633 1715 652 mar-

932 673 1025 707 garitae
1042 672 1143 710 fuerint
1158 672 1282 704 virtutes,
1297 673 1395 707 quibus
1407 673 1480 699 velut
1496 673 1649 707 margaritis
1658 681 1718 708 pre-

932 719 1011 746 tiosis
1029 722 1143 746 ornatur
1159 718 1277 745 animus.
1296 718 1354 745 Non
1375 718 1541 752 abjiciendas
1563 722 1652 746 autem
1669 726 1715 746 cas

932 765 1039 798 porcis;
1061 763 1112 790 hoc
1133 767 1185 795 est,
1210 772 1264 790 non
1290 763 1471 798 projiciendas
1494 765 1628 795 virtutes,
1650 769 1715 799 puta

932 811 1095 841 castitatem,
1122 810 1344 843 temperantiam,
1371 809 1523 844 justitiam,
1554 811 1713 842 veritatem,

85 855 176 882 ϐαλεῖν
195 855 286 887 αὑτὰς
303 855 351 887 τὰς
366 855 475 890 ἀρετὰς,
488 852 542 881 οἷον
552 855 671 889 ἁγνείαν,
683 855 730 881 καὶ
744 853 872 889 σωφροσύη

931 855 1076 890 ejusmodi,
1095 855 1216 890 inquam,
1237 855 1362 886 virtutes.
1381 864 1433 882 non
1446 857 1613 890 objiciendas
1627 857 1715 892 impu-

85 910 143 936 νην,
152 902 204 927 καὶ
217 900 404 936 δικαιοσύνην,
420 902 465 927 καὶ
475 900 611 936 ἀλήθειαν,
626 900 727 931 ταύτας
736 900 767 935 δὴ
782 901 818 936 μὴ
829 908 880 926 πα-

87 947 216 983 ραΰαλεῖν
230 948 292 978 ταῖς
303 946 458 982 μαχλιὶηαις
467 947 574 982 ἡδοναῖς
593 947 705 983 (χοίροις
719 947 774 982 γὰρ
791 947 881 973 ἐοίκα-

86 1002 127 1019 σιν
142 991 254 1026 αὗται),
269 993 315 1020 ἶνα
332 993 379 1029 μὴ,
392 993 441 1025 τὰς
455 993 555 1029 ἀρετὰς
568 991 647 1020 αὗται
664 993 878 1027 καταφαγοῦσαι,

85 1038 203 1074 χοιρώδη
219 1038 278 1073 βίον
296 1040 342 1066 καὶ
356 1039 498 1075 πολυπαθῆ
513 1039 562 1075 τὴν
574 1039 662 1075 ψυχὴν
680 1039 811 1074 βιοτεύειν
827 1048 880 1066 πα-

85 1085 311 1120 ρασκευάσωσιν.

120 1131 159 1156 Β¹.
178 1131 244 1156 Ὀτι
261 1131 275 1156 ὁ
295 1130 451 1165 Ὠριγένης,
469 1131 498 1158 ὃν
521 1130 669 1166 κένταυρον
693 1130 785 1163 καλεῖ,
803 1130 879 1165 ἔλεγε

85 1176 224 1203 συναῗδιον
243 1174 314 1202 εἶναι
335 1176 374 1212 τῷ
397 1177 468 1212 μόνῳ
490 1176 564 1213 σοφῷ
587 1177 634 1203 καὶ⁸
654 1176 799 1211 ἀπροσδεΞῖ
821 1177 879 1213 Θεῷ

83 1222 116 1248 τὸ
127 1223 194 1249 πᾶν.
213 1223 340 1257 Ἔφασκε
357 1223 421 1258 γάρ·
444 1223 475 1249 Et
492 1212 541 1249 οὐκ
559 1222 615 1249 ἐστι
631 1222 796 1259 δημιουργὸς
816 1223 878 1250 ἄνευ

83 1267 350 1304 δημιουργημὸπων,
367 1268 383 1303 ἢ
403 1269 515 1304 ποιητὴς
540 1269 603 1296 ἄνευ
625 1268 801 1304 ποιημάτων,
819 1269 879 1295 οὐδὲ

86 1314 291 1350 παντοκράτωρ
310 1314 374 1341 ἄνευ
395 1314 449 1341 τῶν
471 1315 670 1350 κρατουμένων·
694 1314 739 1341 τὸν
763 1314 816 1350 γὰρ
830 1314 878 1350 δη-

84 1360 220 1396 μιουργὸν
243 1360 288 1387 διὰ
305 1360 339 1387 τὰ
365 1360 593 1396 δημιουργήματα
618 1360 742 1396 ἀνάγκη,
766 1361 812 1387 καὶ
833 1360 878 1387 τὸν

85 1408 204 1441 ποιητὴν
220 1406 265 1433 διὰ
278 1406 312 1433 τὰ
325 1407 475 1442 ποιήματα,
492 1408 538 1434 καὶ
551 1407 596 1433 τὸν
611 1407 816 1443 παντοκράτορα
835 1407 878 1434 διὰ

84 1453 120 1480 τὰ
143 1453 320 1488 κρατούμενα
346 1452 488 1486 λέγεσθαι·
515 1452 621 1488 ἀνάγκη
641 1453 670 1486 ἐξ
695 1453 782 1488 ἀρχῆς
809 1453 878 1480 αὐτὰ

86 1497 139 1523 ὑπὸ
154 1497 201 1523 τοῦ
218 1496 288 1523 Θεοῦ
306 1497 478 1532 γεγενῆσθαι,
496 1499 542 1524 καὶ
560 1498 596 1533 μὴ
619 1495 688 1524 εἶναι
710 1498 814 1534 χρόνον,
831 1498 876 1525 ὅτε

85 1543 136 1569 οὐκ
159 1541 194 1579 ἦν
221 1543 318 1570 ταῦτα.
341 1543 373 1569 Εἰ
390 1543 443 1578 γὰρ
467 1541 501 1578 ἦν
525 1543 629 1579 χρόνος,
655 1544 698 1570 ὅτε
721 1544 771 1570 οὐκ
794 1541 827 1579 ἦν
842 1543 877 1570 τὰ

85 1590 242 1624 ποιήματα,
258 1590 318 1615 ἐπεὶ
333 1589 386 1615 τῶν
399 1589 556 1624 ποιημάτων
575 1589 611 1624 μὴ
627 1589 720 1622 ὄντων,
733 1589 792 1615 οὐδὲ
803 1598 878 1624 ποιη-

84 1635 136 1670 τής
154 1637 240 1667 ἐστιν,
261 1635 312 1671 ὅρα
327 1633 382 1661 οἷον
398 1635 494 1666 ἀσεϐὲς
510 1635 660 1662 ἀκολουθεῖ.
679 1635 759 1662 Ἀλλὰ
770 1635 816 1662 καὶ
829 1635 876 1662 ἀλ-

85 1679 225 1707 λοιοῦσθαι
246 1681 293 1707 καὶ
316 1680 492 1716 μεταϐάλλειν
507 1681 553 1707 τὸν
575 1681 709 1717 ἄτρεπτον
735 1681 781 1708 καὶ
797 1681 878 1708 ἀναλ-

83 1725 196 1752 λοίωτον
209 1727 382 1761 συμῦήσεται
400 1726 474 1752 Θεόν.
488 1727 520 1752 Et
539 1726 593 1762 γὰρ
614 1727 726 1762 ὕστερον
744 1727 876 1762 πεποίηκε

85 1771 116 1797 τὸ
135 1772 200 1803 πᾶν,
223 1771 304 1805 δῆλον
322 1771 363 1797 ὅτι
382 1771 435 1798 ἀπὸ
452 1771 498 1797 τοῦ
515 1772 552 1807 μὴ
574 1773 659 1798 ποιεῖν
681 1773 721 1804 εἰς
737 1773 767 1799 τὸ
790 1774 876 1800 ποιεῖν

87 1817 230 1852 μετέϐαλε.
248 1816 335 1843 Τοῦτο
351 1817 379 1843 δὲ
392 1818 489 1844 ἄτοπον
506 1818 574 1853 μετὰ
587 1817 640 1844 τῶν
651 1819 812 1854 εἰρημένων·
827 1819 876 1846 οὐκ

86 1863 138 1899 ἄρα
155 1862 268 1889 δυνατὸν
291 1863 392 1897 λέγειν,
409 1863 445 1899 μὴ
467 1862 536 1890 εἶναι
550 1865 666 1899 ἄναρχον
684 1864 730 1890 καὶ
744 1864 875 1892 συναῖδιον

85 1908 123 1943 τῷ
136 1908 196 1943 Θεῷ
212 1909 243 1934 τὸ
254 1909 319 1935 πᾶν.
335 1909 406 1943 Πρὸς
429 1909 457 1935 ὄν
478 1918 544 1944 φησι
568 1910 601 1935 δι’
618 1909 711 1944 ἑτέρου
729 1909 875 1945 προσώπου

85 1955 207 1988 όἋγιος
231 1954 351 1989 ἐρωτῶν·
367 1952 439 1990 τΛριὶ
461 1963 492 1989 γε
517 1955 612 1989 σοφίας
638 1956 685 1982 καὶ
711 1956 805 1992 δόξης,
830 1958 876 1983 καὶ

88 2001 239 2036 συλλήϐδην
264 2001 355 2036 πάσης
370 2001 469 2037 ἀρετῆς
491 2002 577 2038 ἀρχὴν
594 2003 640 2028 καὶ
665 2002 757 2038 πηγὴν
780 2003 876 2029 οὑσιω-

85 2045 148 2077 δὼς,
162 2046 231 2072 ἀλλὰ
248 2046 284 2081 μὴ
307 2047 460 2081 ὲπικτήτως
475 2048 527 2082 ἡγῇ
550 2047 594 2073 τὸν
608 2047 690 2079 Θεόνς
712 2048 742 2073 '0
755 2047 792 2073 δὲ·
811 2048 874 2074 Ναί.

85 2090 118 2116 ΤΞ
142 2091 170 2117 δὲ
196 2091 264 2125 πρὸς
279 2091 402 2122 τούτοις
419 2092 485 2126 Οὐχὶ
506 2092 607 2123 τέλειος
624 2092 712 2126 πάντη
729 2092 761 2118 δι’
779 2093 875 2119 ἑαυτὸν

86 2135 133 2162 καὶ
148 2136 315 2171 ἀπροσδεήςς
338 2135 445 2172 Ἀληθῆ·
462 2137 602 2172 ἀμήχανον
617 2137 671 2173 γὰρ
683 2138 714 2164 τὸ
727 2138 874 2173 ἀπροσδεὲς

87 2182 118 2208 δι’
132 2182 224 2217 ἕτερον
247 2179 316 2208 εἷναί
333 2191 359 2208 τι
379 2183 528 2218 ἀπροσδεές
560 2182 736 2220 [ἁμήχανον].
746 2185 803 2210 Πᾶν
819 2185 873 2220 γὰρ
890 2204 912 2231 D

85 2227 118 2253 Et’
139 2227 232 2263 ἕτερον
256 2228 358 2263 πλῆρες
378 2228 417 2260 ὃν,
438 2229 484 2255 καὶ
506 2229 600 2260 ἀτελὲς
621 2229 730 2256 λεκτέον
752 2230 872 2265 ἀνάγκη.

86 2273 123 2299 Τῦ
133 2273 188 2309 γὰρ
205 2274 271 2300 αὐτὸ
288 2273 321 2300 δι’
333 2274 411 2300 ἑαυτὸ
426 2274 521 2301 ἑαυτοῦ
539 2274 676 2310 πλήρωμα
688 2275 727 2306 ὃν,
742 2276 788 2302 καὶ
807 2276 872 2302 αὐτὸ

86 2321 115 2348 ἓν
128 2321 217 2356 ἑαυτῷ
233 2321 323 2356 μόνον,
337 2321 438 2347 τέλειον
449 2319 518 2348 εἶναι
533 2321 611 2348 τοῦτο
627 2322 705 2356 μόνον
718 2322 868 2354 δοξαστέον.

90 2366 274 2402 ’Δληθέστατα
286 2366 383 2402 λέγεις.
400 2367 436 2393 Τὸ
448 2367 475 2393 δὲ
493 2367 562 2403 μήτε
578 2368 643 2394 αὐτὸ
655 2368 687 2394 δι’
699 2368 790 2400 ἑαυτὸ,
804 2369 871 2404 μήτε

119 2441 175 2476 (10)
191 2441 234 2469 Ne
253 2442 300 2469 has
323 2442 515 2469 conculcantes.
538 2441 602 2476 Leg.
636 2442 662 2468 in
686 2441 732 2468 Gr.
746 2450 779 2469 ex
796 2446 870 2470 textu

86 2476 185 2512 Evang.
210 2476 426 2504 καταπατοῦσαι.
444 2478 537 2504 Amica
562 2481 603 2504 est
627 2477 761 2505 Melhodio
790 2486 871 2512 para-

87 2512 201 2546 pbrasis.
222 2514 279 2539 Vox
298 2520 406 2547 quoque
421 2516 482 2547 apta
497 2513 675 2547 metaphorte,
691 2513 734 2539 cui
759 2513 872 2540 mendo-

87 2556 142 2574 sum
157 2547 224 2574 illud
239 2549 313 2582 quod
328 2551 524 2581 repraesentant
539 2548 684 2582 impressa,
697 2548 870 2582 καταφαγοῦ-

87 2590 136 2610 σαι.
154 2584 248 2610 minus
263 2583 398 2617 congruit.

117 2618 171 2652 (tl)
200 2617 258 2645 Nec
272 2622 378 2653 preator
403 2618 459 2644 sine
479 2622 613 2650 creatura,
634 2618 650 2653 ἢ
674 2617 787 2653 ποιητὴς
807 2618 870 2644 ἄνευ

83 2654 252 2688 ποιημάτων.
272 2651 301 2679 1η
317 2653 399 2680 Deum
413 2653 522 2683 dicitur.
543 2658 571 2679 ut
593 2659 619 2680 et
643 2651 804 2680 antecedens
826 2653 872 2689 δη-
894 2657 896 2659 ⁷

83 2689 221 2728 μιουργτξς,
237 2695 270 2715 ac
284 2696 456 2726 consequens
474 2689 668 2728 παντοκράτωρ
682 2698 688 2714 :
702 2696 786 2728 quare
799 2688 871 2728 jeju-

82 2723 140 2750 nius
153 2723 301 2754 Schottus,
316 2728 393 2756 poeta
408 2724 463 2750 sine
478 2724 614 2757 poematis.
632 2723 782 2750 Discrimen
799 2725 870 2751 inter

81 2759 192 2795 ποιητὴν
206 2759 255 2786 καὶ
267 2758 434 2793 δημιουργόν
444 2778 450 2789 ,
468 2766 500 2785 ex
516 2757 636 2785 Platonis
654 2759 799 2791 sententia,
814 2764 870 2785 tra-

931 901 969 929 ris
991 901 1173 936 voluptatibus
1195 909 1201 927 :
1223 901 1263 928 lla:
1284 902 1357 928 enim
1385 903 1572 930 assiiuilantur
1595 904 1685 938 porcis
1706 912 1713 931 :

931 955 965 974 ne
978 947 1027 975 has
1040 947 1234 975 conculcantes
1249 947 1316 982 (10),
1331 948 1356 974 in
1374 948 1457 975 vitam
1475 956 1620 983 porcorum
1639 949 1715 976 simi-

930 993 982 1020 lem
994 994 1121 1029 omnique
1140 993 1265 1020 vitiorum
1280 1001 1377 1028 genere
1394 995 1512 1028 plenam,
1534 996 1653 1022 animam
1669 1003 1716 1022 eo-

931 1042 1005 1073 gant.

966 1126 997 1155 Π.
1014 1127 1156 1161 Origenes,
1172 1128 1270 1162 inquit,
1283 1135 1362 1163 quem
1376 1133 1536 1156 centaurum
1554 1131 1715 1161 vocat,uni-

930 1182 1038 1201 versum
1062 1174 1124 1206 hoc,
1155 1175 1205 1201 soli
1235 1175 1351 1209 sapienti
1369 1175 1525 1210 nulliusque
1540 1176 1630 1211 egenti
1648 1176 1714 1209 Deo,

930 1223 1093 1246 coaeternum
1107 1219 1236 1246 asseruit.
1262 1219 1330 1245 Nam
1344 1220 1382 1246 ait
1394 1230 1400 1247 z
1414 1219 1482 1247 Cum
1497 1228 1551 1247 non
1568 1221 1603 1247 sit
1623 1221 1713 1256 opifex

930 1265 989 1292 sine
1005 1265 1128 1299 opificio,
1139 1273 1189 1292 nec
1206 1269 1314 1293 creator
1325 1266 1384 1293 sine
1400 1270 1524 1293 creatura
1537 1267 1592 1302 (ll)
1602 1287 1612 1300 ,
1627 1261 1715 1303 neque

930 1311 1092 1337 universalis
1120 1310 1251 1338 Dominus
1278 1310 1336 1337 sine
1357 1311 1477 1345 subjecta
1507 1312 1684 1340 universitate
1706 1323 1713 1340 :

928 1356 1027 1391 quippe
1047 1363 1160 1384 necesse
1176 1360 1229 1383 est-
1240 1362 1269 1383 ut
1287 1356 1376 1391 opifex
1389 1358 1423 1384 ab
1439 1357 1546 1392 opificio
1557 1377 1564 1389 ,
1579 1362 1686 1385 creator
1700 1367 1715 1385 a

929 1407 1078 1435 creatura,
1116 1403 1278 1431 universalis
1310 1403 1441 1431 Dominus
1472 1404 1506 1430 ab
1539 1405 1716 1432 universitate

929 1449 1052 1483 subjecta
1078 1450 1257 1477 nominetur:
1286 1451 1409 1485 sequitur
1431 1450 1586 1478 necessario
1602 1455 1631 1477 ut
1659 1451 1716 1477 inec

890 1516 911 1544 C
930 1495 1000 1523 Deus
1015 1504 1029 1522 a
1043 1496 1175 1531 principio
1187 1497 1331 1528 creaverit,
1343 1504 1393 1523 nec
1417 1496 1451 1524 sit
1467 1497 1551 1523 ullum
1567 1501 1674 1531 tempus
1688 1497 1716 1523 in

928 1550 982 1577 quo
999 1542 1044 1568 illa
1057 1550 1112 1569 non
1129 1542 1241 1569 fuerint.
1258 1542 1326 1569 Nam
1343 1542 1365 1570 si
1382 1542 1442 1574 fuit,
1459 1542 1568 1577 quando
1583 1547 1716 1570 creatura:

927 1595 981 1614 non
999 1592 1093 1621 erant;
1110 1595 1172 1615 cum
1189 1589 1324 1616 creaturis
1344 1596 1397 1615 non
1414 1587 1617 1620 exsistentibus,
1628 1597 1716 1624 neque

927 1633 1008 1661 etiam
1025 1634 1060 1661 sit
1075 1639 1184 1662 creator
1204 1643 1211 1661 ε
1227 1635 1289 1662 vide
1312 1639 1412 1669 quanta
1432 1638 1561 1669 sequatur
1576 1635 1713 1669 impietas.

927 1678 998 1711 Quin
1012 1684 1039 1706 et
1052 1680 1163 1706 alterari
1180 1680 1334 1714 mutarique
1350 1679 1488 1714 continget
1518 1679 1714 1707 immutabilem

927 1724 1011 1752 Deum
1028 1733 1061 1752 ac
1086 1725 1284 1753 invariabilem.
1302 1725 1330 1752 Si
1350 1725 1422 1753 enim
1446 1725 1554 1752 tandem
1569 1726 1714 1761 aliquando

926 1771 1029 1798 creavit
1055 1771 1223 1803 universum,
1242 1771 1314 1798 haud
1344 1771 1436 1803 dubie.
1464 1779 1478 1798 a
1504 1779 1558 1799 non
1583 1773 1712 1803 creando,

927 1821 1048 1843 mutatus
1063 1817 1190 1844 transivit
1204 1817 1237 1844 ad
1256 1817 1414 1844 creandum.
1431 1816 1487 1845 Hoc
1507 1821 1596 1844 autem
1618 1818 1714 1845 absur-

926 1861 990 1887 dum
1007 1865 1059 1893 est,
1078 1866 1106 1889 ut
1122 1865 1148 1888 et
1165 1870 1219 1896 quo
1248 1862 1378 1894 infertur;
1398 1869 1450 1889 non
1469 1870 1534 1897 ergo
1554 1862 1607 1889 dici
1624 1867 1714 1898 potest

926 1915 980 1934 non
995 1915 1056 1935 CSSB
1071 1908 1105 1935 ab
1121 1913 1223 1936 aeterno
1239 1917 1331 1936 rerum
1360 1910 1561 1936 nntVCl’SilﬂlClll
1575 1930 1581 1940 ,
1604 1917 1634 1936 ac
1660 1909 1713 1936 DI'O

926 1959 1099 1981 comternam.
1115 1955 1155 1982 Ad
1175 1963 1257 1990 quem
1273 1954 1402 1988 Sanctus,
1418 1963 1452 1982 ex
1467 1955 1579 1983 alterius
1596 1963 1714 1990 persona

927 2001 1099 2036 interrogans
1117 2011 1123 2028 :
1140 2000 1236 2028 Nonne
1259 2000 1354 2032 Deum,
1373 2001 1536 2036 principium
1560 2002 1712 2034 existimas,

927 2046 1085 2082 fontemque
1097 2048 1238 2082 sapientia
1253 2055 1284 2074 ac
1298 2048 1401 2082 gloria,
1417 2048 1512 2079 verbo,
1527 2048 1636 2075 virtutis
1650 2049 1713 2075 uni-

926 2099 1022 2124 versae,
1035 2092 1250 2119 substantialiter
1259 2096 1286 2119 et
1302 2100 1356 2119 non
1371 2092 1506 2120 ascititie?
1516 2092 1597 2126 Sane,
1615 2094 1711 2129 inquit.

926 2137 997 2170 Quid
1024 2144 1089 2164 vero
1105 2137 1253 2172 praeterea?
1267 2137 1361 2165 Nonne
1378 2139 1490 2166 omnino
1507 2147 1522 2165 a
1534 2147 1563 2167 se
1578 2139 1713 2174 perfectus

927 2188 980 2216 est,
1001 2191 1033 2210 ac
1048 2184 1151 2211 nullius
1172 2183 1313 2219 indigens?
1328 2185 1367 2210 Ita
1382 2189 1423 2212 est
1436 2194 1441 2211 :
1459 2185 1626 2219 impossibile
1639 2186 1712 2212 enim

926 2234 978 2260 est.
996 2234 1026 2256 ut
1043 2230 1115 2264 quod
1132 2229 1233 2257 nullius
1250 2229 1362 2265 indiget,
1379 2231 1413 2257 ab
1426 2230 1516 2265 aliquo
1528 2231 1582 2257 alio
1594 2239 1649 2258 non
1670 2231 1712 2257 in-

926 2276 1074 2310 digentiam
1089 2276 1222 2310 ejusmodi
1235 2276 1340 2304 habeat.
1363 2276 1430 2303 Nam
1456 2277 1588 2312 quidquid
1603 2277 1636 2303 ab
1658 2277 1712 2304 alio

926 2321 1036 2356 plenum
1060 2325 1103 2349 est
1125 2325 1153 2349 et
1173 2321 1334 2357 perfectum,
1363 2323 1450 2357 ipsum
1478 2329 1585 2357 quoque
1613 2323 1712 2356 imper-

926 2367 1026 2395 fectum
1046 2368 1100 2395 dici
1126 2376 1238 2396 necesse
1264 2373 1314 2396 est.
1346 2368 1438 2397 Solum
1467 2368 1616 2404 siquidem,
1639 2369 1711 2404 quod

925 2443 964 2470 dit
975 2442 1099 2470 Justinus
1114 2442 1216 2478 Martyr
1232 2443 1270 2478 (a)
1286 2451 1292 2468 ε
1306 2447 1336 2470 ut
1360 2443 1404 2470 ille
1420 2443 1522 2470 nullius
1545 2441 1656 2469 alterius
1673 2442 1710 2478 in<

925 2479 1030 2513 digeris,
1048 2486 1081 2504 ex
1099 2485 1147 2505 sua
1171 2478 1256 2512 ipsius
1274 2478 1374 2505 virtute
1399 2483 1426 2505 et
1451 2478 1570 2512 potentia
1583 2485 1650 2512 opus
1671 2477 1711 2504 fa-

926 2514 996 2546 ciat;
1015 2513 1058 2548 hic
1072 2517 1162 2539 autem
1174 2532 1181 2544 ,
1208 2517 1349 2540 mutuatus
1365 2521 1379 2540 a
1404 2514 1517 2548 materia
1540 2513 1640 2548 opilicii
1655 2514 1711 2540 vir-

927 2553 1022 2575 tutem.
1039 2547 1096 2575 Hoc
1107 2555 1187 2582 porro
1201 2552 1389 2582 argumentum
1399 2547 1603 2582 Origenianmn,
1620 2548 1712 2575 Achil-

926 2584 966 2610 les
978 2587 1020 2610 est
1035 2584 1116 2610 etiam
1129 2583 1278 2613 Aristoteli,
1293 2583 1326 2609 ad
1341 2583 1463 2609 eamdem
1479 2584 1571 2610 mundi
1586 2587 1711 2610 etmotus

924 2619 1101 2645 aeternitatem
1126 2618 1319 2650 astruendam;
1347 2618 1436 2652 ipsum
1467 2619 1544 2644 valde
1572 2619 1711 2645 infirmum

925 2661 975 2681 nec
1004 2653 1071 2679 satis
1098 2652 1208 2686 digituli)
1235 2653 1300 2679 tanti
1323 2653 1442 2678 nominis
1470 2653 1643 2687 philosopho,
1665 2653 1710 2681 cui

924 2688 995 2723 Deus
1010 2689 1050 2714 sic
1059 2687 1190 2723 ἐμπαθῶς
1208 2691 1278 2722 agat.
1296 2688 1381 2723 Aliter
1395 2687 1543 2723 Christiani
1560 2693 1587 2714 et
1599 2688 1710 2723 dignius

922 2721 977 2750 Deo
990 2723 1031 2758 (ut
1044 2727 1086 2750 est
1100 2723 1158 2750 sola
1175 2722 1230 2750 Deo
1251 2722 1332 2758 digna
1348 2722 1504 2749 Christiana
1517 2722 1622 2758 religio)
1632 2721 1710 2751 'didi—

920 2766 1020 2786 CHHUS.

107 2817 141 2848 (α)
155 2817 239 2850 L_oc_u_s
250 2815 468 2850 Justini_iﬂartyris
477 2816 509 2850 ad
520 2823 596 2850 quem
606 2816 646 2850 hie
656 2817 758 2850 respicit
769 2816 940 2849 Combetisius,
954 2820 1039 2850 eastat
1058 2817 1085 2842 in
1106 2816 1204 2843 Cohort.
1223 2817 1255 2842 ad
1273 2818 1361 2848 Gram,
1373 2817 1386 2848 §
1396 2816 1437 2847 22,
1449 2818 1523 2848 atque
1535 2818 1638 2848 egregie
1650 2818 1696 2842 illa
1710 2815 1714 2836 ί

78 2846 192 2873 stratur’a
204 2846 332 2872 Mamchio
343 2846 373 2871 Υ.
385 2846 411 2872 C.
424 2846 453 2871 ad
466 2846 566 2872 Λείας.
584 2846 673 2873 lustim'
686 2846 720 2872 Μ.
735 2848 807 2873 ὓΔιι..
823 2876 825 2878 ι
