1911 3072
205 131 255 141 Ι--υ

206 142 256 159 ι)ὸῦ

691 129 719 157 S.
742 129 908 157 METHODII
928 129 1080 158 EPISCOPI
1103 130 1144 157 ET
1166 130 1345 163 MARTYRIS

1768 133 1823 159 336

203 194 292 228 ipsum
309 200 322 218 a
339 199 378 224 se.
392 191 433 219 sui
451 191 536 226 ipsius
551 190 689 225 plenitudo
705 195 746 217 est
760 195 903 226 manetque
919 192 945 218 in
959 199 985 218 se

1039 191 1103 218 αὐτὸ
1117 191 1212 218 ἑαυτοῦ
1230 192 1365 227 πλήρωμα
1381 191 1425 223 ὃν,
1441 191 1521 227 φαίης
1537 191 1570 218 ἂν
1588 191 1751 227 ἀπροσδεές;
1768 193 1825 218 Οὑ-

203 239 273 273 ipso,
290 238 438 272 perfectum
456 237 621 263 censendum
639 241 690 263 est.
703 235 850 264 Verissime
878 245 983 264 censes.

202 284 271 312 Num
287 292 361 316 vero,
377 283 449 318 quod
471 290 557 317 neque
571 290 584 309 a
601 290 639 314 se,
656 290 743 317 neque
767 283 810 309 sui
828 283 913 317 ipsius
930 283 987 317 ple-

203 329 299 356 nitudo
316 333 367 361 est,
390 328 491 355 nullius
512 327 632 362 indigum
649 327 769 355 dixeris?
785 327 894 355 Minime
910 336 983 355 vero.

203 377 275 402 Deus
290 384 354 410 ergo
371 384 434 403 num
449 375 484 401 ab
499 375 551 401 alio
565 375 701 409 perfectus
712 375 909 402 testimabitur?
919 374 984 402 Nam

203 422 276 457 quod
291 422 440 457 perfectum
456 425 497 448 est
521 421 555 448 ab
580 421 643 453 alio,
662 429 751 448 nonne
767 421 855 455 ipsum
880 429 927 456 per
955 427 984 446 se

203 468 358 496 necessario
375 466 561 502 imperfectum
575 467 635 494 est?
648 466 694 493 Est
715 468 802 501 plane.
824 467 894 494 Deus
909 475 983 501 ergo,

202 522 216 540 a
231 521 270 545 se,
280 521 333 540 non
349 513 383 540 ab
397 513 450 539 alio
465 512 777 547 perfectusjudicabitur
787 513 799 539 ?
811 512 984 540 Rectissime.

202 558 296 585 Nonne
321 558 394 585 aliud
421 562 462 585 est
488 557 559 585 Deus
583 566 597 584 a
622 558 723 586 mundo
754 559 828 594 (12),
859 560 986 594 aliudque

202 599 650 631 mundusaDeo?0mnino.'Nuni
675 604 757 638 igitur
781 604 852 632 Deus
876 609 986 639 propter

202 649 332 676 mundum
350 648 420 677 Deus
437 653 462 676 et
475 650 622 685 perfectus,
634 654 659 677 et
674 649 774 684 opifex,
787 654 812 677 et
824 650 985 678 universalis

202 693 332 721 Dominus
356 694 486 722 dicendus
515 695 574 723 est?
596 695 772 730 Nequaquam
799 696 874 731 (l5);
900 700 929 722 ut
952 704 986 724 ne

202 747 311 775 proper
325 741 467 773 mundum,
485 741 634 776 praesertim
648 742 816 773 mutabilem,
829 750 882 769 non
898 742 955 776 ipse
970 749 984 769 a

201 794 239 818 se,
253 794 301 821 per
311 794 339 813 se
353 786 488 822 perfectus
498 787 660 814 inveniatur.
669 787 793 822 Congrue
801 791 873 814 Vero.
885 787 985 820 Quam-

199 844 292 870 obrem
318 843 394 871 dires
421 852 509 871 nonne
537 849 646 878 propter
668 844 778 871 divitias
794 844 869 872 dives
891 845 983 880 appel-

200 889 297 915 landus
311 888 372 916 est?
396 888 488 917 Recte.
501 889 571 921 Quid
587 897 649 916 vero
677 890 797 924 sapiens,
814 898 904 917 nonne
920 890 985 917 sul)-

200 933 335 960 stantialis
351 933 423 960 illius
441 933 580 968 sapientia
602 934 756 969 participio,
776 941 830 961 non
847 935 982 963 exsisteus

200 980 257 1014 ipse
276 980 419 1014 sapientia,
436 981 543 1015 sapiens
570 981 762 1016 nuncupatur?
780 982 818 1008 Ita
841 990 915 1009 sane.
942 982 983 1009 An

200 1033 265 1060 ergo
279 1029 306 1052 et
320 1024 402 1057 Deus,
413 1026 458 1060 qui
484 1026 519 1052 sit
533 1026 606 1052 aliud
618 1033 633 1052 a
647 1026 764 1059 mundo,
778 1034 810 1053 ea
829 1026 944 1058 ratione,
957 1030 984 1054 et

199 1072 274 1100 dives
284 1077 394 1107 propter
411 1073 541 1101 mundum
558 1078 584 1101 et
601 1074 748 1106 beneficus,
771 1078 799 1102 et
813 1074 914 1109 opifex,
936 1083 984 1101 vo-

198 1119 303 1147 candus
315 1119 412 1147 fuerit?
427 1119 617 1154 Nequaquam;
635 1128 729 1156 apage.
745 1119 805 1155 ipse
832 1121 914 1156 igitur
928 1128 984 1148 sua;

199 1165 298 1192 divitiae
317 1169 368 1197 est,
388 1170 468 1199 atque
483 1173 498 1192 a
517 1173 546 1192 se
565 1165 624 1200 ipso
638 1166 714 1192 dives
727 1170 770 1193 est
785 1170 809 1192 cl
824 1169 930 1200 potens.
945 1166 984 1193 Ita

199 1211 314 1239 videtur.
333 1210 431 1238 Eratne
450 1213 530 1238 etiam
544 1215 606 1238 ante
628 1211 722 1238 mundi
740 1212 907 1238 molitionem
924 1212 984 1238 nul-

199 1258 254 1284 lius
274 1257 408 1291 indigens,
423 1258 495 1285 velut
508 1258 554 1292 qui
575 1257 665 1291 Pater,
682 1262 708 1285 et
729 1257 860 1286 Dominus
877 1260 985 1286 univer-

200 1304 278 1335 salis,
295 1303 439 1338 opifexque
453 1308 539 1336 esset;
558 1304 626 1331 adeo
648 1307 687 1336 ut,
704 1312 719 1330 a
731 1312 769 1335 se,
787 1313 841 1332 non
872 1305 906 1332 ab
932 1305 985 1332 alio

199 1350 236 1377 sit
263 1349 355 1376 omnia
379 1349 453 1376 tunc?
470 1348 515 1377 Sic
530 1353 603 1377 certe
625 1358 737 1377 necesse
761 1355 810 1378 est.
829 1350 897 1378 Nam
925 1351 947 1378 si
970 1359 985 1377 a

201 1394 313 1425 mundo,
337 1402 391 1421 non
411 1395 468 1429 ipse
483 1402 498 1421 a
514 1403 543 1423 se
557 1417 563 1428 ,
587 1396 633 1429 qui
651 1396 686 1423 sit
704 1397 774 1424 alius
786 1404 800 1423 a
816 1397 928 1429 mundo,
944 1397 986 1424 iu-

201 1439 368 1474 telligeretur
385 1439 514 1467 Dominus
534 1441 722 1469 universorum
738 1441 815 1477 (pace
833 1446 889 1475 tua,
903 1442 985 1476 Deus,

201 1492 284 1519 cogor
311 1484 351 1511 sic
373 1483 472 1520 loqui),
485 1485 542 1519 ipse
564 1492 612 1519 per
639 1492 668 1512 se
695 1485 869 1520 imperfectus
900 1491 985 1517 esset,

202 1531 288 1566 iisque
315 1529 462 1565 indigeret,
491 1538 506 1557 a
531 1531 630 1565 quibus
665 1531 796 1559 Dominus
824 1531 986 1559 universalis

1000 867 1020 894 Β

1036 238 1137 272 δαμῶς.
1152 238 1207 264 Οὐκ
1222 236 1275 273 ἆρα
1291 239 1305 264 ὁ
1318 237 1383 269 Θεὸς
1397 237 1496 269 τέλειος
1511 237 1554 264 διά
1567 245 1591 263 τι
1607 237 1822 273 νομισθήσεται;

1039 285 1070 311 Ὃ
1087 284 1140 320 γὰρ
1153 285 1197 311 διὰ
1214 293 1239 310 τι
1258 284 1358 310 τέλειόν
1379 285 1461 314 ἐστιν,
1477 284 1541 310 αὐτὸ
1556 283 1616 310 καθ’
1631 284 1711 310 ἑαυτὸ
1723 284 1822 315 ἀτελὲς

1035 331 1142 366 ἀνάγκη
1155 331 1306 366 τυγχάνειν.
1324 329 1426 356 Οὐκοῦν
1441 330 1485 355 καὶ
1501 331 1514 356 ὁ
1532 330 1596 361 Θεὸς
1614 330 1693 361 αὐτὸς
1706 330 1739 356 δι’
1753 331 1822 356 ἑαυ-

1035 376 1079 402 τὸν
1093 376 1204 408 τέλειος,
1221 375 1277 402 ἀλλ’
1295 376 1325 402 οὺ
1346 375 1378 401 δι’
1391 375 1482 412 ἕτερον
1499 375 1701 411 λογισθήσεται;
1722 375 1821 411 Ὀρθόο

1035 431 1112 449 τατα.
1131 423 1242 457 Ἕτερον
1255 421 1318 453 Θεὸς
1333 421 1444 456 κόσμου,
1457 421 1502 447 καὶ
1514 421 1604 457 ἕτερον
1621 421 1721 456 κόσμος
1732 421 1821 453 Θεοῦ;

1035 469 1187 501 Παντελῶς.
1205 469 1261 495 Οὐκ
1273 467 1327 505 ἄρα
1341 469 1443 495 τέλειον
1456 468 1566 502 φατέον,
1581 468 1627 494 καὶ
1641 468 1821 503 δημιουργὸν,

1035 520 1082 547 καὶ
1098 520 1315 555 παντοκράτορα,
1332 518 1375 545 διὰ
1397 519 1497 553 κόσμον
1519 517 1563 543 τὸν
1579 516 1659 546 Θεόν;
1678 513 1726 540 Οῧο
1744 514 1823 544 ὅπως

1036 567 1098 603 [μὴ]
1120 568 1152 594 δι’
1171 567 1282 599 ἑαυτὸν,
1297 566 1364 593 ἁλλά
1383 565 1444 602 [μὴ]
1467 563 1510 591 διὰ
1531 563 1642 598 κόσμον,
1663 561 1710 587 καὶ
1731 559 1821 586 ταῦτα

1034 613 1159 648 τρεπτὸν,
1173 613 1253 644 αὐτὸς
1270 612 1328 639 καθ’
1340 611 1434 638 ἑαυτὸν
1446 610 1544 640 τέλειος
1557 608 1717 643 εὑρίσκοιτο.
1730 605 1822 641 Προσ-

1036 659 1165 694 ηκὸντως.
1176 659 1207 685 Τί
1220 658 1263 690 δέ;
1278 659 1323 684 τὸν
1333 657 1456 684 πλούσιον
1466 656 1508 682 διὰ
1521 655 1565 682 τὸν
1580 653 1693 680 πλοῦτον
1706 650 1821 678 λεκτέον

1036 705 1177 737 πλούσιον;
1194 704 1306 740 Ὀρθῶς.
1317 705 1371 731 Καὶ
1386 704 1429 730 τὸν
1449 702 1529 737 σοφὸν
1544 700 1613 727 κατά
1633 697 1748 734 μετοχὴν
1767 696 1820 732 τῆς

1035 751 1177 782 οὐσιώδους
1187 751 1290 785 σοφίας,
1302 750 1351 776 οὑκ
1361 750 1442 777 αὑτὸν
1453 747 1546 782 σοφίαν
1556 746 1628 777 ὄντα,
1641 744 1721 778 σοφὸν
1730 751 1802 778 προα
1810 757 1820 763 -

1035 796 1176 833 γορευτέον
1187 796 1216 831 ([.
1225 797 1364 832 προσαγ-);
1373 794 1437 821 Ναί·
1449 794 1481 820 Τί
1490 793 1516 819 δέ
1525 801 1531 825 ς
1540 793 1586 819 καὶ
1597 792 1641 818 τὸν
1650 790 1715 817 Θεὸν
1724 790 1820 824 ἕτερον

1035 843 1099 870 ὄντα
1112 844 1225 878 κόσμου,
1246 842 1289 868 διά
1302 841 1402 876 κόσμον
1421 840 1507 876 ταύτῃ
1527 838 1651 865 πλούσιον
1674 837 1722 863 καὶ
1739 835 1819 869 εὐερ-

1035 889 1116 925 γέτην
1141 889 1187 914 καὶ
1203 887 1366 923 δημιουργὸν
1386 885 1514 921 κλητέον;
1540 883 1680 919 Οὐδαμῶς·
1706 881 1818 915 ἄπαγεῐ

1035 934 1139 961 Οὐκοῦν
1159 934 1239 964 αὐτὸς
1257 932 1352 959 ἑαυτοῦ
1367 931 1490 962 πλοῦτος,
1506 931 1552 957 καὶ
1571 930 1604 956 δι’
1620 928 1714 956 ἑαυτὸν
1737 926 1822 953 πλού-

1035 990 1091 1012 σιος
1108 980 1155 1006 καὶ
1170 980 1278 1010 δυνατὸς
1290 978 1426 1013 τυγχάνει.
1440 978 1558 1003 Ἔοικεν.
1573 974 1626 1002 Ἦν
1637 976 1691 1011 ἄρα
1703 975 1752 1001 καὶ
1765 973 1819 1008 πρὸ

1035 1026 1136 1061 κόσμου
1154 1025 1241 1060 πάντη
1262 1024 1423 1060 ἀπροσδεὴς,
1437 1023 1474 1050 ὢν
1491 1023 1536 1049 καὶ
1550 1022 1625 1057 Πατὴ
1629 1030 1644 1057 ρ
1656 1021 1703 1047 καὶ
1717 1028 1820 1046 παντο-

1034 1074 1154 1108 κράτωρ,
1167 1071 1212 1098 καὶ
1221 1070 1393 1106 δημιουργὸς,
1406 1070 1478 1100 ὅπως
1492 1068 1570 1099 αὐτὸς
1583 1067 1615 1093 δι’
1629 1066 1735 1098 ἑαυτὸν,
1750 1064 1819 1092 ἀλλὰ

1036 1119 1073 1154 μὴ
1085 1118 1116 1145 δι’
1131 1118 1221 1153 ἕτερον
1234 1116 1321 1143 ταῦτα
1334 1114 1366 1152 ᾖ;
1391 1115 1518 1149 Ἀνάγκη.
1532 1115 1562 1143 Εἰ
1574 1113 1627 1148 γὰρ
1642 1113 1684 1140 διὰ
1702 1112 1818 1147 κόσμον,

1035 1165 1081 1191 καὶ
1094 1165 1153 1199 οὐχὶ
1166 1164 1198 1190 δι’
1214 1163 1308 1189 ἑαυτὸν
1328 1162 1419 1197 ἕτερος
1440 1160 1477 1188 ὢν
1493 1160 1562 1196 [καὶ]
1583 1160 1684 1195 κόσμου
1694 1180 1701 1191 ,
1716 1167 1819 1185 παντο-

1034 1210 1145 1246 κράτωρ
1161 1209 1320 1245 γνωρίζοιτο
1334 1207 1508 1243 (συγγνώμην
1523 1208 1537 1233 ὁ
1555 1206 1620 1238 Θεὸς
1630 1226 1638 1237 ,
1665 1204 1820 1238 ἀναγκάζο-

1037 1266 1085 1293 μαι
1098 1256 1151 1291 γὰρ
1165 1255 1242 1282 τοῦτο
1258 1254 1366 1289 είπεῐν),
1378 1253 1457 1285 αὐτὸς
1473 1252 1531 1279 καθ’
1548 1252 1640 1278 ἑαυτὸν
1648 1250 1746 1286 ἀτελὴς
1758 1249 1817 1286 [ἂν]

1035 1303 1082 1329 καὶ
1099 1301 1231 1338 προσδεὴς
1255 1300 1366 1332 τούτων,
1392 1300 1425 1326 δι’
1449 1299 1466 1325 ἃ
1489 1298 1684 1332 παντοκράτωρ
1704 1297 1752 1323 καὶ
1770 1296 1802 1330 δη

1037 1347 1165 1383 μιουργός
1177 1348 1250 1373 ἐστιν
1265 1345 1418 1381 ὑπερφυῶς.
1438 1345 1493 1370 Οὺκ
1510 1344 1563 1379 ἄρα
1577 1342 1736 1370 ἀποδεκτέον
1751 1340 1820 1368 ταύ-

1035 1404 1084 1430 την
1097 1395 1146 1430 τὴν
1163 1393 1281 1428 ὀλέθριον
1295 1393 1430 1428 ἁμαρτίαν
1446 1401 1478 1418 πε
1485 1391 1509 1427 ρὶ
1524 1390 1590 1417 Θεοῦ
1604 1390 1657 1416 τῶν
1673 1389 1818 1423 λεγόντων,

1036 1440 1242 1475 παντοκράτορα
1266 1439 1312 1466 καὶ
1335 1438 1496 1473 δημιουργὸν
1521 1438 1564 1464 διὰ
1587 1438 1620 1464 τὰ
1644 1435 1818 1473 κρατούμενα

1036 1486 1083 1512 καὶ
1097 1484 1331 1521 δημιουργούμενα
1344 1483 1456 1520 τρεπτὰ,
1472 1482 1528 1509 ἀλλῒ
1543 1483 1573 1509 οὐ
1591 1482 1624 1508 δι’
1640 1481 1733 1508 ἑαυτὸν
1745 1478 1818 1509 εἷναι

1037 1533 1081 1558 τὸν
1096 1532 1171 1559 Θεόν.

201 1583 349 1613 auctorque
361 1578 477 1605 mirabili
493 1579 598 1606 ratione
608 1582 690 1606 esset.
709 1579 756 1607 Est
767 1587 831 1614 ergo
848 1580 1017 1614 perniciosus
1035 1580 1080 1607 ille
1096 1587 1173 1607 error
1199 1579 1374 1614 rejiciendus.
1405 1578 1552 1607 dicentium
1574 1577 1602 1604 in
1629 1575 1713 1604 Deum
1727 1594 1735 1609 ,
1761 1580 1820 1603 non

202 1627 289 1662 ipsum
314 1634 329 1653 ε
348 1633 387 1660 oe,
402 1626 449 1654 sed
465 1634 479 1652 a
495 1626 625 1661 subjectis
650 1627 730 1655 rebus
753 1632 778 1654 et
797 1628 907 1659 creatis,
925 1635 985 1662 qum
1012 1632 1076 1655 sunt
1092 1627 1233 1655 mutationi
1259 1627 1392 1659 obnoxiae,
1410 1626 1590 1653 universalem
1611 1624 1754 1652 Dominum
1785 1630 1820 1651 ac

200 1678 350 1702 creatorem
361 1682 431 1702 esse.

236 1720 281 1748 lll.
296 1721 381 1747 Etiam
397 1721 434 1747 ita
448 1721 622 1749 ratiocinare.
636 1720 665 1748 Si
686 1723 806 1754 tandem,
821 1723 923 1757 inquis,
936 1723 985 1750 ali-

1072 1721 1108 1747 I".
1127 1720 1195 1754 Ὅρα
1212 1719 1240 1746 δὲ
1253 1719 1299 1746 καὶ
1314 1717 1375 1746 ὦδε.
1391 1719 1422 1745 Εἰ
1440 1718 1560 1753 ὕστερον.
1577 1717 1653 1753 ἔφης,
1670 1718 1818 1752 πεποίηται

201 1766 310 1802 quando
326 1771 434 1794 creatus
450 1771 491 1794 est
507 1767 635 1800 mundus,
655 1775 716 1795 cum
734 1769 809 1802 prius
826 1777 880 1796 non
894 1772 983 1802 esset;

202 1820 316 1840 necesse
338 1817 390 1844 cst,
405 1813 551 1841 imnmnem
567 1813 651 1840 Deum
667 1821 680 1840 a
699 1816 825 1848 passione
840 1819 867 1842 et
887 1815 986 1841 altera-

202 1860 285 1892 tione,
303 1859 412 1885 minari.
435 1857 540 1893 Quippe
557 1863 673 1893 oportet,
690 1859 832 1886 mutationi
848 1860 986 1886 alteratio-

203 1906 285 1939 nique
297 1905 445 1938 subiaceat,
463 1905 508 1939 qui
524 1904 558 1931 ab
572 1905 627 1932 otio
657 1905 828 1940 postmodum
855 1905 890 1931 ad
917 1913 985 1939 opus

205 1950 335 1984 procedit.
359 1949 426 1976 Nam
442 1949 564 1976 dicebam
590 1949 645 1985 (i4)
663 1949 859 1984 :Requievitne
873 1950 944 1977 Deus
970 1958 985 1977 a

204 1996 297 2023 mundi
320 1996 467 2028 creatione,
495 1996 601 2023 necne?
619 1995 690 2023 Sane
715 1996 865 2030 requievit:
885 1996 985 2031 alioqui

203 2041 276 2068 enim
290 2042 406 2068 necdum
421 2041 444 2068 is
469 2044 542 2068 esset
567 2041 715 2076 perfectus.
734 2040 772 2067 ita
788 2046 840 2068 est.
868 2040 896 2068 Si
921 2048 984 2076 ergo

204 2086 306 2113 creatio
330 2093 345 2112 a
372 2094 426 2113 non
449 2086 587 2114 creatione
610 2086 664 2113 Deo
686 2086 870 2113 alterationem
898 2086 983 2119 affert,

204 2138 294 2158 nonne
308 2130 388 2158 etiam
405 2138 458 2157 non
476 2130 578 2157 creatio
595 2137 609 2156 a
634 2130 788 2157 creatione?
804 2129 841 2156 Ita
861 2137 983 2164 prorsus.

204 2177 311 2204 Dixeris
327 2183 390 2203 vero
403 2180 549 2209 mutatum,
566 2176 638 2210 quod
665 2183 719 2203 non
746 2179 819 2203 creet
835 2176 925 2209 hodie,
953 2184 986 2203 eo

204 2223 276 2257 quod
298 2221 444 2256 aliquando
460 2221 581 2248 crearet?
610 2220 796 2256 Nequaquam.
814 2221 905 2256 Neque
921 2229 986 2256 ergo

204 2273 246 2296 est
273 2269 432 2295 necessitate
454 2272 572 2295 mutatus
597 2267 715 2295 creando
743 2267 891 2300 mundum,
914 2267 986 2303 quod

202 2314 285 2346 fuerit
299 2313 407 2349 quando
422 2320 475 2340 non
490 2318 605 2340 crearet.
621 2313 707 2347 Atque
732 2313 799 2339 adeo
814 2320 868 2339 non
893 2321 986 2341 neces-

240 2369 296 2430 gi‘l)
315 2367 408 2396 Nonne
423 2367 497 2394 aliud
511 2373 549 2395 est
564 2367 635 2394 Deus
656 2377 672 2394 α
687 2367 795 2399 mundo,
811 2371 878 2399 ete.,
892 2368 985 2429 ἓτεῧον

258 2413 270 2430 ς
287 2403 406 2430 κόσμουῑ
424 2403 493 2430 Ouid
510 2403 634 2430 planius?
649 2403 773 2430 Ostendit
787 2411 842 2430 non
858 2411 918 2430 esse
961 2403 985 2430 ei

204 2403 270 2436 θεὸς
287 2403 406 2438 κόσμου;
424 2403 493 2435 Quid
510 2403 634 2437 planius?
649 2403 773 2430 Ostendit
787 2411 842 2430 non
858 2411 918 2430 esse
940 2403 986 2430 Dei

205 2439 397 2472 perfectionem
416 2447 430 2464 a
446 2439 557 2469 mundo,
577 2439 624 2472 qui
641 2439 677 2465 sit
699 2438 771 2464 aliud
786 2439 819 2465 ab
836 2438 894 2472 ipso
905 2449 912 2471 ;
924 2445 985 2465 cum

205 2474 295 2501 divina
311 2478 338 2501 et
352 2473 476 2504 absoluta
495 2473 641 2507 perfectio,
663 2474 697 2499 ab
720 2473 780 2507 ipso
804 2472 882 2507 cujus
897 2477 938 2500 est
961 2476 987 2499 et

205 2513 314 2544 propter
338 2509 426 2543 ipsum
453 2508 548 2544 debeat
576 2516 644 2544 esse.
674 2507 822 2544 Schottus:
841 2507 934 2544 Nonne
950 2513 987 2534 est

205 2543 278 2570 aliud
297 2543 362 2570 Deus
377 2543 477 2575 mundi,
494 2548 558 2576 etc.,
577 2543 646 2570 [ιεὼς
665 2547 738 2570 certe
749 2543 881 2570 barbarie.

243 2578 298 2613 (i3)
314 2577 495 2613 Nequaquam,
511 2578 542 2604 οὺ
560 2579 608 2613 μή.
641 2577 686 2604 Sic
707 2577 785 2605 facile
805 2582 894 2613 potest
909 2577 990 2604 resti-

208 2618 246 2640 tui
262 2615 360 2644 littera,
374 2614 478 2640 reddita
491 2614 621 2646 particula
637 2614 673 2647 μή
689 2620 739 2640 suo
755 2613 823 2645 loco,
837 2621 922 2647 eoque
933 2619 985 2639 non

208 2649 306 2674 inutili.
322 2647 401 2675 Velut
422 2648 569 2676 adversarii
593 2648 735 2682 responsio
760 2648 795 2675 sit
810 2649 843 2674 ab
856 2647 890 2675 iis
901 2647 986 2681 parti-

208 2683 380 2718 culisrusque
390 2683 422 2709 ad
443 2683 554 2710 verbum
569 2682 732 2718 εὑρίσκοιτο,
750 2684 793 2709 cui
810 2683 882 2709 velut
895 2686 987 2718 gratu-

209 2718 268 2744 lans
284 2716 434 2744 Methodius
448 2716 647 2753 subjungat'to
670 2718 871 2753 προσηκόντως,
892 2724 924 2743 ac
949 2716 986 2743 ita

210 2753 377 2786 interrogare
392 2758 493 2786 pergat.

246 2787 300 2826 illi)
318 2787 387 2812 Nam
408 2787 533 2826 dicebant,
554 2787 644 2826 ἔλεγον
661 2787 726 2826 γᾴρ.
744 2787 854 2821 Replica
875 2791 917 2814 est
931 2786 988 2826 yie-

210 2821 306 2857 thodii,
324 2829 375 2857 qua
387 2821 420 2847 ad
435 2823 567 2857 hominem
583 2821 706 2856 infringit
716 2827 903 2857 argumentum
927 2821 988 2848 Ori-

211 2855 296 2890 genis,
310 2855 457 2890 probatque
471 2856 540 2883 idem
552 2857 628 2891 sequi
643 2855 844 2884 incommodum
859 2864 889 2884 cx
903 2857 987 2891 ipsius

1002 2394 1023 2420 D

1036 1768 1050 1793 ὁ
1067 1767 1176 1801 κόσμος,
1197 1766 1233 1801 μὴ
1249 1766 1378 1801 πρότερον
1391 1765 1439 1796 ὢν,
1457 1764 1633 1799 μεταϐάλλειν
1648 1764 1753 1800 ἀνάγκη
1771 1765 1819 1791 τὸν

1036 1811 1129 1845 ἀπαθῆ
1155 1810 1201 1836 καὶ
1233 1810 1406 1836 ἀναλλοίωτον
1435 1808 1511 1835 Θεόν.
1536 1809 1587 1834 Τὸν
1611 1809 1664 1842 γὰρ
1687 1808 1819 1835 ποιοῦντα

1036 1857 1166 1893 πρότερον
1183 1855 1280 1891 μηδὲν,
1297 1854 1407 1889 ὕστερον
1429 1855 1457 1881 δὲ
1478 1854 1530 1880 ἀπὸ
1547 1854 1592 1881 τοῦ
1617 1854 1654 1889 μὴ
1669 1855 1756 1881 ποιεῖν
1777 1855 1818 1886 εἰς

1035 1903 1065 1929 τὸ
1083 1904 1168 1929 ποιεῖν
1186 1902 1251 1937 (15),
1267 1900 1439 1936 μεταϐάλλειν
1455 1901 1501 1927 καὶ
1515 1899 1682 1927 ἀλλοιοῦσθαι
1697 1900 1816 1936 ἀνάγκη.

1038 1948 1149 1982 Ἔλεγον
1162 1948 1224 1983 γάρ·
1243 1947 1382 1973 Πέπαυται
1402 1946 1430 1972 δὲ
1452 1946 1498 1972 τοῦ
1514 1948 1599 1973 ποιεῖν
1616 1946 1660 1972 τὸν
1680 1946 1781 1981 κόσμον
1802 1947 1818 1972 ὁ

1035 1994 1110 2026 Θεὸς,
1128 1994 1144 2028 ἢ
1160 1992 1209 2025 ob;
1228 1993 1382 2020 Πέπαυται·
1401 1991 1476 2018 οὔπω
1491 1992 1545 2027 γὰρ
1559 1990 1593 2028 ἦν
1608 1992 1818 2027 τετελειωμένος

1036 2040 1077 2066 ἄν.
1099 2039 1218 2075 Ἀληθές.
1234 2039 1266 2065 Εἰ
1282 2037 1327 2065 οὖν
1347 2039 1377 2064 τὺ
1392 2039 1477 2065 ποιεῖν
1491 2039 1523 2065 ὲκ
1540 2038 1586 2064 τοῦ
1608 2038 1644 2073 μὴ
1660 2039 1746 2064 ποιεῖν
1770 2038 1818 2064 ἁλ-

1035 2087 1142 2113 λοίωσιν
1164 2085 1211 2112 τοῦ
1234 2085 1302 2112 Θεοῦ
1325 2085 1554 2120 καταψηφίζεται,
1576 2085 1636 2120 οὐχὶ
1660 2085 1706 2111 καὶ
1730 2085 1760 2111 τὸ
1778 2085 1818 2120 μὴ

1036 2135 1120 2160 ποιεῖν
1134 2134 1165 2159 ἐκ
1179 2132 1226 2159 τοῦ
1249 2134 1352 2163 ποιεῖν;
1373 2132 1500 2167 Ἀνάγκη.
1522 2131 1695 2158 Ἦλλοιῶσθαι
1718 2131 1747 2158 δὲ
1768 2132 1818 2158 αὑ-

1036 2179 1080 2205 τὸν
1107 2179 1188 2213 φαίης
1217 2178 1254 2214 μὴ
1281 2178 1407 2204 ποιοῦντα
1441 2180 1557 2213 σήμερον
1581 2179 1644 2213 παρ’
1671 2177 1685 2204 ὃ
1708 2176 1742 2213 ἦν
1772 2179 1818 2205 ὅτε

1036 2224 1138 2255 ἐποίει;
1155 2224 1296 2259 Οὐδαμῶς.
1321 2224 1381 2250 οὐδ’
1406 2224 1459 2259 ἄρα
1479 2224 1522 2250 ὅτε
1547 2225 1618 2250 ποιεῖ
1637 2224 1682 2250 τὸν
1699 2225 1816 2260 κόσμον,

1036 2270 1196 2304 ἠλλοιῶσθαι
1213 2270 1292 2296 αὐτὸν
1307 2270 1422 2304 ἀνάγκη,
1438 2270 1501 2305 παρ’
1516 2269 1529 2295 ὃ
1542 2267 1574 2305 ἦν
1589 2270 1632 2296 ὅτε
1655 2270 1709 2296 οὐκ
1718 2270 1815 2297 ἐποίει·

1037 2317 1083 2343 καὶ
1099 2316 1159 2343 οὔτε
1179 2316 1285 2350 ἀνάγκη
1302 2316 1482 2351 συνυπάρχειν
1505 2316 1579 2350 αὑτῷ
1598 2316 1628 2342 τὺ
1648 2317 1701 2342 πᾶν
1720 2316 1761 2342 δεῖ
1774 2316 1819 2343 λέ-

1038 2372 1187 2404 sententia,
1214 2372 1247 2398 ab
1266 2372 1336 2402 otio.
1361 2375 1489 2406 sequente
1509 2379 1587 2406 opus,
1605 2371 1675 2406 quod
1696 2371 1754 2405 ipse
1772 2380 1820 2399 os-

1039 2407 1124 2433 tendit
1135 2407 1169 2433 ab
1197 2406 1301 2438 eodem,
1328 2406 1353 2433 id
1376 2408 1463 2441 ipsum
1484 2407 1660 2441 praecedente.
1686 2407 1819 2434 Srhottus

1038 2442 1110 2469 nulla
1124 2442 1315 2468 consecutione
1336 2442 1362 2468 in
1378 2440 1457 2469 tertia
1472 2440 1570 2475 accipit
1585 2451 1590 2467 :
1610 2440 1817 2473 dicebantcnim,

1038 2478 1091 2504 nisi
1103 2478 1205 2511 prelum
1222 2477 1291 2503 male
1303 2477 1422 2508 sudavit,
1435 2477 1598 2510 scripsitque
1609 2477 1666 2510 ipse
1680 2475 1818 2503 dicebant:

1039 2520 1118 2546 quam
1137 2517 1225 2538 tamen
1239 2511 1310 2545 piam
1326 2512 1509 2546 conjecturam
1525 2511 1643 2545 depellit.
1660 2511 1731 2545 quod
1751 2519 1818 2545 pau—

1039 2545 1079 2573 eis
1095 2551 1154 2580 post
1180 2547 1259 2573 lineis
1275 2546 1367 2573 eadem
1380 2545 1528 2573 'oscitantia
1553 2550 1654 2580 peccat,
1676 2545 1720 2571 ubi
1735 2547 1819 2572 etiam

1040 2589 1137 2608 noram
1162 2581 1350 2608 transitionem
1373 2581 1445 2607 illam
1470 2581 1642 2607 Methodiiad
1666 2581 1821 2607 novainin»

1041 2617 1167 2643 stantiam
1182 2615 1247 2642 :Kat
1263 2624 1307 2650 μοι
1322 2615 1386 2649 φάθι
1401 2616 1448 2642 καὶ
1468 2613 1529 2647 ὦδε,
1553 2617 1592 2642 sic
1610 2615 1697 2642 reddit
1715 2624 1721 2641 :
1739 2616 1821 2648 Atqui

1039 2651 1077 2678 sic
1106 2659 1204 2677 meum:
1235 2650 1379 2684 disputant.
1406 2651 1565 2685 Quanquam
1592 2650 1662 2677 enim
1688 2654 1761 2676 notat
1791 2651 1820 2677 in

1040 2693 1136 2721 niarg.,
1153 2685 1200 2711 ἄλ.
1213 2686 1298 2719 φασί,
1312 2685 1421 2721 planum
1439 2691 1527 2712 tamen
1543 2689 1583 2711 est
1597 2693 1657 2712 esse
1674 2685 1818 2711 lectionem

1040 2719 1112 2747 illuni
1136 2719 1380 2751 mendosam.7nec
1407 2719 1598 2755 Origcnianum
1628 2725 1818 2754 argumentum

1039 2754 1172 2786 inchoari,
1190 2755 1236 2782 Sed
1254 2754 1464 2782 Methodianum;

1076 2790 1130 2831 (f5)
1144 2792 1194 2830 Etc
1207 2790 1238 2817 τὸ
1251 2790 1355 2831 {ratein
1378 2790 1456 2818 Deest
1474 2789 1683 2825 προεληλυθότα,
1707 2793 1754 2816 aut
1769 2789 1820 2816 ali-

1040 2826 1104 2860 quid
1123 2826 1288 2860 bujusmodi.
