1911 3072
40 125 87 154 357

593 129 709 156 SEHMO
729 129 773 156 DE
793 130 944 158 SllllEONE
963 131 1007 158 ET
1028 131 1130 159 ANNA.

1612 139 1662 167 558

44 180 179 213 ἀνάδειξιν,
196 180 279 208 ἅτινα
294 181 382 218 δηλοῖ,
398 184 429 210 τὸ
448 185 495 220 μὲν
506 205 512 216 ,
530 185 581 212 Ἐν
589 187 673 220 μέσῳ
685 187 739 214 δύο
755 187 831 217 ζώων

889 188 949 215 dum
969 194 1068 224 tempus
1089 189 1190 221 aderit,
1207 191 1349 218 ostenderis
1365 192 1397 218 ¹⁰.
1416 192 1521 228 Inspice
1542 202 1606 221 vero
1619 203 1664 222 ac-

45 226 214 263 τνωσθήσῃ,
228 228 279 262 τήν
290 237 318 254 τε
337 229 411 256 κατὰ
419 231 500 266 νόμον
513 233 542 258 ἐν
557 233 611 264 τοῖς
628 233 733 265 ἀδύτοις
755 234 834 268 ὑπερ-

46 271 140 298 mea:
156 271 206 298 τοῦ
222 272 384 308 ἱλαστηρίου
401 275 450 310 τῆς
471 275 586 302 κιϐωτοῦ
601 277 703 311 μεταξὺ
717 278 770 304 τῶν
787 287 832 305 τυ-

47 318 126 344 πικῶν
150 319 292 353 χερουὸὶμ
315 320 472 347 ὲπισκίασιν
483 322 533 357 τῆς
556 322 630 354 θείας
647 324 729 349 αὑτοῦ
745 323 832 358 δόξης,

46 364 78 396 ὧς
91 372 156 399 ςησι
172 364 243 400 πρὸς
269 366 390 402 Μωῦσῆν
402 386 409 398 ,
432 367 584 394 Ἑντεῦθέν
596 375 645 394 σοι
661 369 834 403 γνωσθήσο-

43 419 108 445 μαι,
139 411 192 446 τήν
222 419 253 436 τε
284 412 493 447 καταντήσασαν
523 413 557 439 τὰ
581 413 628 440 νῦν
644 414 686 441 διὰ
703 415 751 450 τὴν
765 415 834 442 κατὰ

45 455 130 492 σάρκα
154 456 334 492 πανὺμνητον
361 458 443 485 αὑτοῦ
461 459 507 486 τοῦ
530 461 653 496 Σωτῆρος
677 456 834 495 θεοφὰνειαν

43 502 192 538 ἀγγελικὴν
213 503 379 536 συνέλευσιν,
398 505 421 530 εί
438 506 484 532 καὶ
499 507 565 542 πρὸς
580 507 657 542 ἡμῶν
672 507 834 542 ἀθεώρητος,

44 548 132 580 καθὼς
156 549 361 585 προδεδήλωκεν
387 551 514 584 Ἡσαΐαςθ
529 553 558 579 τὸ
574 553 613 585 δὲ,
639 554 687 579 ‘Er
701 553 740 586 τῷ
759 553 836 588 ἐγγί-

44 595 102 625 ζειν
121 595 158 622 τὰ
189 596 254 629 ἐτη,
280 597 506 633 ἑπιγνωσθήσῃ,
531 599 580 634 τὴν
603 599 770 631 πανένδοξον,
798 599 836 632 ὡς

44 640 219 676 προείρηται,
233 643 303 668 κατὰ
326 642 414 678 σάρκα
427 643 573 677 ἐπίγνωσιν
590 644 636 670 τοῦ
653 644 768 680 ἀοράτου
783 645 835 670 Σω-

44 687 126 721 τῆρος
141 686 223 721 ἡμῶν
238 686 317 719 Θεοῦ,
331 688 367 719 ὧς
382 697 431 714 που
447 689 528 724 φησιν
543 690 556 715 ὁ
572 689 656 724 μέγας
675 689 836 725 ίερομύστης

45 732 152 763 Παῦλος
163 741 170 747 ·
197 733 268 760 ”Οτε
280 733 314 760 δὲ
332 732 406 768 ἦλθε
422 735 455 761 τὸ
475 735 621 770 πλήρωμα
644 735 696 762 τοῦ
713 736 834 770 χρόνον,

45 778 264 810 ἐξαπέστειλεν
280 781 296 806 ό
312 779 383 812 Θεὸς
405 780 457 806 τὸν
479 780 548 807 Υὶὸν
561 781 664 812 αὑτοῦ,
677 782 836 816 γενεῖμενον

45 825 75 851 ἐκ
93 825 248 859 γυναικὸς,
262 827 423 861 γενόμενον
435 826 494 853 ὑπὸ
504 827 607 861 νόμον,
624 828 673 854 ἵνα
695 827 765 860 τοὺς
776 827 834 854 ὑπὸ

884 239 1006 263 curatam
1034 237 1142 271 penitus
1169 235 1288 271 Spiritus
1314 238 1490 273 diligentiam.
1520 239 1663 269 Notionem

884 282 962 315 dixit,
980 283 1144 317 agnitionem
1163 286 1189 309 et
1207 284 1408 317 ostensionem;
1427 294 1541 320 quorum
1556 287 1664 322 singula

884 329 941 356 inec
952 328 1104 362 declarant;
1121 328 1185 356 illud
1198 329 1306 364 quidem
1326 340 1332 357 :
1346 330 1377 357 )n
1391 332 1473 358 medio
1483 333 1593 359 duorum
1609 334 1654 364 ani

884 375 994 401 molium
1009 375 1176 407 noseerisﬂn
1194 376 1299 410 primis,
1314 376 1411 403 divina:
1423 378 1516 412 ipsius,
1534 379 1609 412 juxta
1626 380 1663 406 le-

884 429 955 456 gem,
971 422 998 448 in
1013 422 1113 457 adytis,
1125 430 1207 458 super
1219 430 1289 450 areae
1298 423 1525 458 propitiatorium,
1536 425 1561 451 in
1574 426 1664 453 medio

884 467 1037 502 typicorum
1055 467 1207 499 cherubim,
1220 467 1313 502 glorim
1325 468 1395 495 velut
1409 469 1640 496 olmmbrationem
1653 479 1662 504 ;

883 520 947 538 nam
968 512 1005 539 ait
1032 513 1065 539 ad
1082 512 1189 548 Moysen
1208 522 1213 539 :
1231 513 1296 540 Inde
1310 513 1358 540 tibi
1377 514 1584 542 innotescunt“:
1599 524 1664 550 prae.

885 562 959 584 terea
971 558 1063 589 etiam,
1081 566 1155 585 nunc
1170 559 1258 592 nobis,
1283 567 1331 593 per
1351 559 1500 588 Salvatoris
1525 561 1609 595 ipsius
1621 570 1663 589 se—

885 604 1004 631 cundum
1022 611 1141 636 carnem,
1155 605 1273 631 divinam
1292 605 1470 640 laudibusque
1483 607 1608 634 omnibus
1620 615 1664 634 ce-

885 648 1043 675 lebrandam
1059 649 1265 684 apparitionem,
1276 649 1374 676 factum
1387 650 1494 677 obvium
1508 652 1663 686 angelorum

887 701 1049 721 concursum
1066 704 1072 721 ε
1089 703 1243 730 quanquam
1264 695 1297 727 is,
1318 700 1414 722 natura
1438 704 1498 729 sua,
1523 697 1601 724 nobis
1623 697 1665 723 in-

886 743 1061 778 aspectabilis
1072 749 1123 775 est,
1137 747 1166 770 ut
1176 745 1230 778 jam
1245 748 1307 772 ante
1319 744 1402 772 Isaias
1415 745 1572 772 declaravit.
1586 745 1664 778 Quod

885 794 975 816 autem
988 791 1025 816 ait
1037 800 1042 816 :
1057 790 1124 816 Dum
1136 791 1397 826 appropinquaverint
1409 791 1481 822 (mni,
1495 791 1641 825 agnosceris
1654 798 1664 818 :

887 836 998 863 omnino
1014 836 1140 872 inclytam
1155 836 1239 869 illam,
1256 842 1285 864 ut
1304 838 1358 872 jam
1376 837 1478 864 dictum
1494 842 1546 870 est,
1564 845 1663 864 secun-

46 872 138 904 νόμην
149 870 331 905 ἐξαγοράσῃ
341 872 391 898 ἵνα
401 871 457 905 τὴν
464 873 617 899 υἱοθεσίαν
628 872 832 907 ἀπολάϐωμεν.

889 882 949 909 dum
966 890 1086 914 carnem,
1108 882 1252 910 invisibilis
1275 883 1376 918 alioqui
1393 883 1439 909 Dei
1457 882 1605 910 Salvatoris
1621 891 1665 909 no-

46 917 79 943 Τὸ
87 917 114 943 δὲ
127 917 311 952 ἐπαγόμενον,
320 918 367 943 Ἐν
377 918 409 944 τὸ
418 918 448 952 (Ῑ.
457 917 505 952 τῷ)
519 917 653 951 παρεῖναι
660 918 712 944 τὸν
722 917 832 951 καιρὸν,

46 962 263 996 ἀναδειχθήσῃ,
281 963 362 994 ποίας
385 963 416 989 ἂν
432 964 478 989 καὶ
491 963 576 990 δέοιτο
596 964 781 1000 ἀντιφράσεως
795 964 833 1000 τῷ

47 1008 178 1034 εὖσκοπον
209 1008 278 1044 πρὸς
312 1008 342 1034 τὸ
376 1009 568 1044 ὲορταζόμενον
597 1010 772 1037 ἀπευθύνοντι
805 1011 834 1037 τὸ

47 1054 135 1089 δμμεις
154 1054 351 1091 Ἀναδειχθήσῃ
361 1055 424 1091 γὰρ,
443 1056 577 1091 φησὶνιὼς
593 1057 638 1083 ἐπὶ
653 1057 744 1083 πίνακι
759 1057 835 1092 βασις

48 1099 123 1135 λικῴ,
136 1101 189 1126 ὑπὸ
212 1100 263 1135 τῆς
285 1101 418 1136 τεκούσης
439 1110 468 1127 σε
485 1101 619 1136 ἁχράντου
636 1103 736 1138 μητρὸς
749 1104 777 1129 ἐν
796 1103 834 1139 τῷ

49 1145 111 1181 ναῷ,
127 1147 157 1172 ὲν
171 1148 205 1182 τῇ
231 1146 280 1181 τῆς
298 1146 461 1181 σαρκώσεώς
482 1155 528 1173 σου
559 1147 719 1183 εὐπρεπείᾳ.
743 1148 835 1174 Ταῦτα

49 1192 75 1218 δὲ
86 1192 371 1228 ἁνακεφαλαιούμενος
389 1194 403 1219 ὁ
423 1194 564 1229 προφήτης
583 1195 652 1230 πρὸς
663 1194 693 1220 τὸ
706 1195 832 1229 σαφέστε-

54 1246 104 1273 ρον,
123 1238 299 1274 ἁνακὲκραγε
326 1238 428 1272 λέγων·
446 1240 552 1274 Κύριος
569 1240 604 1266 ἐν
621 1240 682 1273 ναῷ
700 1241 772 1275 ἁγίῳ
786 1241 834 1267 αὑ-

53 1283 114 1310 τοῦ·
127 1284 313 1310 εὐλαϐείσθω
321 1284 380 1311 ἀπὸ
392 1285 553 1318 προσώπου
564 1286 656 1313 αὑτοῦ
667 1286 750 1314 πᾶσα
758 1287 774 1320 ἡ
783 1285 828 1321 γῆ.

886 929 935 956 stri
950 928 1114 962 agnitionem
1127 928 1277 963 signiﬁcat;
1291 934 1319 954 ut
1335 927 1451 963 quodam
1468 929 1535 958 loco,
1551 936 1664 963 magnus

886 973 931 1000 ille
946 981 1085 1000 sacrorum
1115 976 1216 1008 mystes
1241 972 1341 1000 I’aulus
1366 973 1425 999 ait:
1443 973 1554 1005 Quando
1579 978 1664 1000 autent

887 1019 955 1046 venit
969 1017 1102 1052 plenitudo
1120 1019 1254 1053 temporis,
1271 1019 1358 1045 emisit
1378 1019 1447 1046 Deus
1461 1018 1561 1045 Filium
1577 1027 1663 1052 suum,

887 1065 986 1099 factum
1000 1072 1032 1091 ea:
1056 1064 1172 1096 muliere,
1189 1065 1289 1099 factum
1304 1065 1351 1091 sub
1367 1065 1431 1099 tege,
1454 1069 1481 1090 ut
1502 1073 1545 1091 eos
1560 1066 1603 1100 qui
1618 1065 1665 1092 sub

888 1111 940 1145 lege
950 1115 1024 1136 erant
1040 1109 1189 1140 redimeret;
1202 1114 1230 1136 ut
1246 1110 1408 1144 adoptionem
1415 1109 1531 1143 filiorum
1542 1111 1667 1144 recipere—

887 1164 945 1182 mus
957 1155 990 1182 ³¹.
1009 1155 1085 1187 Quod
1097 1159 1186 1182 autem
1209 1155 1380 1190 subjungitur
1396 1165 1402 1183 :
1421 1155 1490 1182 Dum
1506 1161 1603 1189 tempus
1619 1155 1667 1182 ad-

886 1202 946 1234 erit,
967 1201 1130 1233 ostenderis;
1147 1201 1221 1228 nulla
1243 1202 1336 1236 utique
1357 1202 1526 1237 expositione
1552 1202 1664 1237 indiget,

887 1249 910 1277 si
923 1249 984 1283 quis
999 1249 1123 1279 solerter,
1142 1247 1175 1274 ad
1196 1248 1293 1275 festum
1310 1248 1381 1283 quod
1396 1256 1468 1276 nunc
1487 1249 1664 1280 celebramus,

886 1296 979 1323 oculos
1000 1294 1264 1321 meutismtenderit.
1286 1293 1443 1321 Osteuderis
1462 1295 1543 1326 enim,
1568 1294 1665 1328 inquit,

54 1344 177 1375 tanquam
199 1340 226 1368 in
245 1340 323 1368 disco
346 1341 473 1376 quopiam
501 1350 549 1370 ceu
578 1343 680 1371 ferculo
695 1343 779 1378 regio,
811 1343 845 1369 ab
865 1342 1026 1368 intemerata
1057 1343 1102 1366 tua
1125 1339 1210 1367 Matre
1232 1341 1258 1366 in
1285 1339 1396 1374 templo,
1419 1339 1500 1374 idque
1523 1339 1551 1365 in
1577 1338 1668 1365 carnis

54 1384 97 1412 abs
111 1389 137 1412 te
148 1390 296 1421 assumpta;
306 1387 403 1414 decore
418 1391 444 1414 et
459 1386 555 1416 forma.
573 1389 637 1422 Qum
657 1389 812 1416 summatim
830 1387 959 1421 colligens
973 1386 1117 1421 Propheta,
1146 1386 1285 1420 amplioris
1308 1386 1439 1413 claritatis
1459 1385 1555 1420 gratia,
1570 1385 1597 1411 in
1611 1385 1666 1412 haec

54 1431 210 1458 exclamavit
220 1433 302 1460 verba
318 1443 324 1460 :
347 1433 475 1460 Dominus
492 1434 519 1460 in
535 1435 627 1469 templo
638 1440 728 1462 sancto
747 1435 827 1462 sua"
845 1444 850 1460 :
866 1437 1012 1461 revereatur
1027 1441 1043 1458 a
1058 1432 1123 1466 {acie
1137 1431 1192 1466 ejus
1210 1432 1293 1458 omnis
1310 1431 1419 1458 terra“.

85 1477 121 1503 E'.
139 1477 255 1512 Φρικτδν
267 1478 322 1514 γὰρ
336 1479 419 1511 ὅντως
432 1479 462 1506 τὸ
477 1480 540 1516 περὶ
556 1481 584 1507 σὲ
600 1481 757 1517 μυστήριον,
770 1482 832 1516 Μῆ-

921 1478 954 1506 ν.
978 1478 1157 1506 Tremendum
1183 1478 1254 1505 enim
1279 1485 1371 1504 revera
1386 1496 1393 1508 .
1421 1485 1437 1503 ο
1463 1476 1547 1504 Mater
1565 1475 1666 1512 Virgo,

53 1532 96 1558 τερ
112 1524 245 1560 Παρθένε,
260 1525 306 1551 καὶ
320 1526 397 1560 νοητὲ
414 1526 501 1561 θρόνε,
514 1526 690 1562 δεδοξασμένε
708 1528 754 1554 καὶ
769 1527 835 1554 Θεοῦ

889 1524 965 1552 sedes
986 1524 1127 1559 spiritalis,
1143 1523 1290 1558 glorilicata
1309 1522 1414 1557 Deoqne
1433 1523 1521 1557 digna,
1538 1526 1612 1549 tuum
1632 1523 1667 1549 il-

54 1570 153 1603 ὲπὰξιε.
176 1571 339 1606 Προὴγαγες
356 1571 409 1607 γὰρ
430 1571 521 1608 θαῦμα
535 1573 705 1608 ἐπουρανίοις
722 1573 767 1600 καὶ
782 1574 837 1600 ἑπι-

53 1616 131 1649 γείοις
144 1616 273 1649 ἐξαίσιον.
288 1618 343 1644 Καὶ
358 1619 531 1654 παράδειγμα
545 1619 646 1646 τούτων
656 1620 702 1646 xal.
715 1620 838 1656 ἀρραγὴς

54 1661 169 1696 ἐλεγχος·
180 1663 211 1689 τὺ
219 1663 291 1690 κατὰ
302 1664 335 1690 τὸ
349 1664 440 1690 καινὸν
448 1665 497 1700 τῆς
509 1666 664 1701 ὑπερφυοῦς
676 1675 721 1692 σου
731 1665 838 1700 λοχείας

54 1707 180 1741 ἀγγέλους
204 1709 250 1735 ἐπὶ
268 1709 320 1744 γῆς
343 1709 430 1745 ᾅδειν·
453 1711 530 1743 Δόξα
550 1711 585 1737 ἐν
602 1712 742 1745 ὑψίστοις
759 1711 836 1744 Θεῷ,

54 1755 98 1780 καὶ
125 1755 173 1781 ἐπὶ
206 1755 264 1790 γῆς
290 1755 414 1790 εἰρήνη,
449 1757 483 1783 ἐν
508 1756 673 1791 ἀνθρώποις
697 1757 835 1784 εὐδοκία·

53 1800 88 1835 τῷ
109 1801 323 1837 τριπλασιασμῷ
339 1803 387 1838 τῆς
403 1802 474 1838 ᾠδῆς
496 1803 542 1829 τὸν
559 1803 774 1839 τριπλασιασμὸν
789 1804 838 1839 τῆς

54 1847 193 1882 ἁγιότητος
205 1848 261 1883 (50)
274 1849 477 1883 είσαγαγόντες.
495 1850 626 1885 Μακαρία
642 1850 674 1876 σὺ
690 1851 718 1876 ἐν
734 1851 839 1884 γενεαῖς

54 1894 195 1925 γυναικῶν,
210 1892 412 1929 θεομακάριστε
422 1903 428 1909 ·
442 1895 482 1921 om
495 1895 539 1921 διὰ
553 1895 598 1922 σοῦ
612 1895 756 1931 ἐπληρώθη
772 1896 788 1930 ή
802 1895 838 1929 γῆ

56 1937 98 1972 τῆς
114 1938 190 1970 Θείας
203 1938 283 1973 δόξης
298 1938 345 1964 τοῦ
358 1938 435 1971 Θεοῦ,
444 1940 481 1971 ὡς
492 1940 539 1966 καὶ
552 1940 580 1966 ἐν
592 1940 717 1975 Ψαλμοῖς
737 1940 837 1976 ᾅδεταιο

56 1983 225 2018 Εὐλογητὸς
235 1984 342 2018 Κύριος
357 1986 373 2011 ὁ
390 1984 461 2018 Θεὸς
476 1985 606 2019 Ἰσραὴλ,
619 1985 667 2011 καὶ
684 1985 839 2018 πληρωθή-

56 2038 133 2057 σεται
142 2030 197 2064 τῆς
205 2030 398 2065 δόξης-αὑτοῦ
408 2030 490 2058 πᾶσα
497 2032 515 2066 ή
524 2031 571 2066 γῆ·
581 2032 706 2066 γένοιτο,
714 2032 838 2067 γένοιτο.

56 2076 103 2103 Kal
119 2076 236 2110 ἐπήρθη
246 2097 253 2108 ,
274 2077 358 2111 φησὶ,
373 2077 406 2103 τὸ
419 2077 588 2111 ὑπέρθυρον
601 2077 659 2104 ἀπὸ
672 2077 725 2112 τῆς
739 2079 840 2113 φωνῆς

56 2120 88 2156 ἧς
96 2123 275 2156 ἑκέκραγνον·
290 2122 304 2148 ὃ
316 2122 443 2158 σημαίνει
458 2123 504 2149 τοῦ
516 2122 579 2149 ναοῦ
590 2123 620 2149 τὸ
632 2123 838 2158 καταπέτασμα,

56 2168 83 2194 τὸ
98 2168 245 2200 συσκιάζον
262 2167 332 2194 κατὰ
348 2168 492 2204 πρόσωπον
514 2169 563 2204 τῆς
577 2169 794 2205 προτυπωσάσης
811 2177 840 2195 σε

57 2213 168 2240 κιϐωτοῦ
182 2213 332 2249 Διαθήκης,
349 2213 393 2240 ἵνα
411 2223 454 2249 μοι
468 2214 613 2250 φανερωθῇ
629 2214 747 2250 τάληθὲς
765 2214 839 2250 (51),

56 2260 98 2285 καὶ
122 2259 167 2286 διὰ
188 2259 244 2287 τῶν
273 2261 510 2296 προηγησαμένων
536 2261 628 2287 τύπων
653 2269 683 2287 τε
704 2261 750 2287 καὶ
776 2261 841 2287 ὑπο.

55 2304 204 2341 ᾱιγμάτων
225 2306 428 2342 παιδαγωγηθῶ
443 2306 512 2333 αἰδοῖ
527 2307 573 2333 καὶ
587 2306 680 2342 τρόμῳ
699 2307 780 2342 τιμᾷν
794 2307 841 2334 καὶ

26 2346 36 2363 ί
57 2353 214 2386 προσκυνεῖν
228 2352 259 2378 τὸ
276 2352 341 2388 περὶ
356 2353 385 2378 σὲ
404 2353 563 2388 μυστήριον,
584 2352 797 2388 χαλιναγωγηθῶ
810 2361 840 2379 τε

56 2394 85 2422 αὖ
100 2397 143 2423 διὰ
164 2397 215 2432 τῆς
232 2398 347 2433 νομικῆς
370 2398 554 2434 σκιατραφίας
571 2398 622 2433 τῆς
642 2398 779 2433 τολμηρᾱς
793 2398 840 2424 καὶ

56 2441 175 2474 ἀναιδοῠς
199 2441 430 2479 ἀσκαρδαμύκτου
453 2442 676 2478 ἀντοφθαλμῆσαι
702 2443 840 2475 ἁντωπίας

103 2519 124 2535 ³⁸
139 2519 209 2547 Hab.
223 2528 266 2551 ut,
282 2519 310 2547 2.
363 2520 385 2536 "
403 2520 486 2548 Exod.
500 2529 563 2553 xxv,
577 2520 621 2550 22.

56 2553 153 2583 ³⁵Ρεα1.
169 2563 246 2589 un,
264 2555 309 2582 18.
348 2555 368 2571 ³⁷
380 2555 437 2583 Ῑδα.
451 2556 524 2588 “,4.

86 2644 137 2681 (50)
158 2645 214 2681 Τρν
225 2643 471 2681 τριπλασιασμὸν
487 2643 538 2678 τῆς
556 2645 724 2681 ἁγιότητοςῖ
739 2643 840 2681 Panti-

55 2687 110 2710 nus.
126 2679 259 2713 triplicem
277 2679 430 2707 sanctitatis
446 2680 584 2710 rationem,
612 2679 701 2706 minus
719 2679 744 2706 id
764 2679 840 2706 theo-

55 2715 141 2750 logice.
164 2715 272 2743 Alludit
291 2715 324 2742 ad
353 2715 489 2741 canticum
517 2714 690 2749 seraphicum
713 2714 773 2741 Isai.
800 2722 837 2745 vn,

53 2749 117 2784 quod
132 2752 273 2786 praecipue
291 2750 419 2784 explicat.
432 2750 585 2786 triplieique
601 2750 625 2786 in
640 2757 672 2786 eo
686 2749 839 2786 sanctitatis

53 2785 251 2817 acclaiiiationi,
280 2785 310 2819 in
335 2786 442 2819 signum
464 2786 541 2811 trina:
568 2785 686 2815 deitatis,
706 2785 838 2819 triplicem

51 2825 75 2847 et
93 2822 179 2856 ipsum
192 2821 311 2848 Christo
327 2820 521 2856 natoLdietum
540 2820 692 2856 angelicum
708 2820 837 2856 hymnum

51 2854 211 2892 respondere
227 2855 385 2884 contendit.
396 2854 525 2890 Sicjnxta
539 2854 643 2889 Graeca,
656 2854 760 2883 Latinis
776 2862 839 2882 vero

674 2522 696 2538 "
717 2521 779 2550 Gal.
797 2531 833 2554 iv,
849 2522 909 2550 4~5.

888 1571 932 1597 lud
951 1575 1160 1597 sacramentum.
1178 1568 1331 1596 Produxisti
1348 1568 1419 1594 enim
1435 1568 1590 1595 cmlestibus
1613 1572 1667 1595 ter-

888 1617 1086 1651 restribusque,
1102 1616 1290 1650 exsuperantia
1303 1615 1465 1649 stupendum
1482 1614 1643 1641 miraculum
1659 1623 1665 1641 :

888 1663 968 1697 cujus
989 1662 1028 1689 rei
1049 1662 1178 1689 indicium
1205 1665 1247 1687 est
1271 1661 1431 1695 ﬁrmumque
1452 1662 1665 1694 argumentum,

891 1709 962 1744 quod
976 1709 1002 1735 in
1019 1713 1101 1739 terra,
1117 1707 1150 1734 ad
1168 1714 1265 1734 novum
1285 1707 1359 1733 illum
1375 1707 1483 1741 augusti
1502 1707 1539 1732 tui
1557 1713 1668 1740 puerpe-

888 1757 921 1783 rii
946 1756 1064 1786 modum,
1086 1754 1172 1789 angeli
1189 1751 1458 1789 concinuntzGloria
1479 1753 1506 1779 in
1531 1752 1667 1779 altissimis

888 1801 961 1832 Deo;
976 1805 1000 1827 et
1020 1801 1046 1826 in
1065 1805 1133 1826 terra
1149 1807 1212 1834 paw,
1237 1799 1385 1826 hominibus
1403 1798 1470 1826 bona
1493 1798 1612 1825 voluntas
1624 1799 1667 1825 5".

888 1846 987 1881 triplici
1003 1846 1130 1872 nimirum
1149 1845 1264 1875 cantico,
1281 1845 1380 1871 trinam
1397 1845 1554 1872 inducentes
1567 1845 1669 1872 sanati-

889 1891 1090 1919 tateszeata
1112 1896 1140 1918 tu
1166 1891 1193 1917 in
1217 1890 1358 1917 mulierum
1385 1890 1616 1924 generationibus,
1652 1896 1668 1916 a

890 1939 944 1966 Deo
960 1939 1114 1966 beatissima
1129 1947 1135 1965 :
1151 1945 1212 1965 nam
1237 1945 1285 1972 per
1299 1942 1325 1964 te
1341 1937 1449 1972 impleta
1474 1941 1515 1963 est
1535 1941 1606 1963 terra
1627 1936 1669 1963 di-

889 1986 952 2012 vina
977 1985 1022 2011 illa
1039 1984 1085 2011 Dei
1104 1985 1199 2019 gloria,
1226 1984 1297 2011 sicut.
1320 1983 1399 2010 etiam
1422 1983 1529 2009 canitur
1545 1983 1572 2009 in
1593 1981 1670 2009 Psal-

890 2032 942 2058 mis
957 2031 978 2046 "
992 2040 998 2057 ξ
1011 2030 1166 2057 Benedictus
1179 2029 1307 2057 Dominus
1318 2029 1386 2055 Deus
1402 2029 1487 2056 Israel
1500 2038 1508 2056 :
1520 2034 1543 2056 et
1557 2029 1669 2062 replebi-

892 2081 934 2104 tur
947 2077 1084 2112 majestate
1101 2079 1157 2110 ejus
1173 2077 1256 2103 omm's
1271 2081 1361 2102 terra:
1377 2076 1434 2110 ﬁat,
1452 2076 1509 2110 ﬁat.
1527 2091 1561 2095 —
1573 2075 1605 2102 Et
1618 2076 1670 2103 ele-

890 2128 978 2150 uatum
992 2127 1041 2155 est,
1064 2123 1152 2158 inquit.
1174 2122 1304 2158 propheta
1320 2122 1352 2154 ³⁷,
1370 2122 1594 2156 superliminarea
1612 2130 1670 2148 uoce

891 2178 942 2205 qua
970 2169 1120 2196 clamabant
1142 2177 1150 2196 :
1171 2177 1225 2204 quo
1249 2168 1427 2204 signiﬁcatur,
1458 2169 1550 2203 templi
1580 2169 1668 2195 velum

892 2215 1053 2242 inumbrans
1075 2222 1166 2242 coram
1192 2222 1254 2242 arca
1271 2215 1436 2246 testamenti,
1453 2222 1513 2249 quae
1527 2218 1553 2241 te
1577 2215 1671 2249 priesi-

890 2262 1010 2297 gnabat;
1027 2265 1056 2288 ut
1073 2261 1139 2288 milii
1160 2261 1259 2289 veritas
1276 2261 1448 2296 panderetur,
1467 2260 1602 2295 simulque
1621 2261 1670 2287 do-

892 2314 969 2334 cerer
991 2314 1040 2342 per
1053 2310 1130 2342 lypos
1152 2311 1178 2334 et
1198 2306 1298 2342 ﬁguras
1322 2314 1382 2341 qua:
1401 2306 1614 2341 praeessissent,
1640 2309 1670 2332 ut

893 2361 955 2380 cum
970 2352 1120 2380 reverentia
1140 2356 1166 2380 et
1180 2356 1308 2384 tremore,
1327 2352 1359 2379 ad
1382 2357 1580 2380 sacramentum
1597 2352 1669 2386 quod

892 2399 920 2426 in
937 2403 963 2427 te
977 2399 1120 2426 exhibetur
1141 2398 1320 2431 adorandum,
1341 2398 1498 2426 accederem
1515 2406 1521 2423 :
1539 2402 1619 2432 atque
1634 2398 1671 2424 le-

892 2445 945 2480 gali
962 2445 1014 2472 hac
1035 2445 1125 2480 priore
1141 2445 1332 2477 delineatione,
1350 2445 1383 2472 ab
1403 2452 1436 2472 eo
1452 2444 1498 2480 qui
1518 2445 1671 2479 ineompre-

961 2523 984 2539 ³³
995 2523 1071 2550 Psal.
1086 2523 1150 2553 x.5.
1187 2522 1210 2538 "
1227 2522 1302 2549 Psal.
1316 2529 1375 2554 xcv,
1391 2521 1416 2549 9.
1457 2521 1479 2537 ³⁵
1496 2520 1561 2548 Luc.
1578 2529 1609 2554 ιι,
1627 2521 1670 2550 14.

895 2646 937 2670 est
951 2642 1050 2677 duplex
1068 2641 1104 2667 ita
1120 2641 1314 2677 punctantibus
1334 2650 1340 2667 :
1361 2640 1452 2677 Gloria
1479 2641 1507 2677 in
1534 2640 1673 2668 altissimis

895 2678 959 2708 Deo.
976 2675 1000 2704 et
1012 2678 1039 2703 in
1052 2681 1122 2702 terra
1136 2683 1189 2709 pax
1203 2675 1349 2702 hominibus
1364 2675 1436 2702 bona:
1450 2676 1601 2702 voluntatis.

928 2713 983 2748 (5i)
1003 2713 1063 2739 Ἵνα
1075 2719 1125 2748 μοι
1140 2711 1292 2745 φανερωθῇ
1315 2711 1452 2748 τᾴληθές.
1481 2710 1519 2748 Ut
1533 2710 1673 2748 utriusque

894 2745 1026 2776 rationem
1044 2746 1148 2777 reddat,
1163 2751 1189 2773 et
1201 2746 1370 2776 elevationis,
1400 2747 1472 2773 velut
1488 2745 1520 2771 ad
1537 2745 1671 2772 ostensio-

894 2792 953 2811 nem
967 2784 1096 2818 aliquam,
1113 2781 1204 2809 divina
1230 2781 1489 2818 dispensatione;et
1502 2780 1564 2813 veli,
1583 2781 1616 2807 ad
1631 2788 1673 2809 re-

892 2820 1050 2848 verentiam.
