1911 3072
214 123 263 151 539

695 123 724 152 S.
745 123 909 152 METIIODII
930 122 1081 150 EPlSCOPl
1103 122 1145 148 ET
1165 122 1342 150 SlARTYltlS

1778 120 1833 147 3250

213 185 358 218 ipsammet
379 183 520 210 statuam?
544 182 571 209 Si
597 182 706 217 quidem
724 191 788 209 vero
807 182 991 218 propter'arli-

1050 181 1099 217 μὲν
1122 181 1175 216 γὰρ
1198 181 1241 207 διὰ
1259 181 1304 208 τὸν
1327 180 1460 215 τεχνίτην,
1482 180 1540 211 πῶς
1560 180 1690 215 ἀγένητος
1708 178 1747 205 ὢν
1763 178 1835 213 πρὸς

214 230 300 261 ﬁcem,
315 230 361 264 qui
385 230 441 261 illa,
455 237 516 256 cum
532 229 568 256 sit
581 236 635 255 non
650 228 718 256 facta
728 249 735 261 ,
752 229 886 263 eftingitur
900 229 933 256 ab
950 236 994 254 ar-

211 277 304 303 tifice?
319 277 346 303 Si
360 277 433 303 enim
448 276 559 302 omnino
577 276 759 303 necessariam
777 276 857 302 habet
873 275 994 301 metalla-

212 325 281 350 riam
299 329 395 355 artem,
411 327 440 349 ut
467 323 580 358 recipiat
595 331 787 358 quamcunque
807 322 903 350 artifex
919 322 994 349 malit

214 370 337 404 figuram.
352 378 405 405 qtta
419 370 524 396 ratione
538 370 590 396 erit
606 377 659 396 non
676 369 756 402 facta,
768 377 828 404 qum
841 374 866 396 et
877 369 994 404 patiatur

212 417 367 448 abartilice,
381 420 407 443 et
425 415 488 443 fiat?
503 415 550 442 Sin
567 420 667 447 autent,
681 416 753 443 velut
766 424 780 442 a
796 424 824 443 se
839 416 895 450 ipsa
911 416 992 442 abso-

211 462 340 489 lutionem
358 462 470 494 habens,
487 466 514 489 et
538 462 637 489 infecta
663 462 853 497 increataque,
881 466 910 488 ut
932 469 994 496 per-

210 508 313 536 niciosa
328 513 417 535 Vestra
432 508 513 535 habet
526 508 671 540 sententia,
699 508 805 535 dicatur
822 516 875 534 non
894 507 993 534 habere

210 557 294 580 artem
308 553 487 580 necessariam
499 562 507 586 ;
522 561 665 580 necessum
681 557 732 585 est,
746 552 893 583 fateamini,
903 560 991 580 rerum

211 606 224 624 ft
237 607 266 625 se
282 603 307 624 Ol.
319 604 496 633 spontaneum
509 603 599 625 ortum
617 609 622 626 ζ
636 599 677 625 vel
698 604 780 630 certe,
806 607 893 633 "(‘tllle
921 599 992 624 ll‘lllC

210 643 279 670 forte
296 643 468 670 admittentes
492 651 656 674 sermonem,
673 643 818 670 absurdius
835 643 992 678 responsuri

211 693 290 721 sunt;
310 693 338 715 ut
365 693 482 716 statuam
505 689 613 723 quidem
638 689 764 716 infectam
795 697 847 715 non
879 689 990 722 dicant;

211 733 310 760 factam
325 741 389 761 vero
400 733 546 768 ejusmodi,
563 737 591 760 ut
610 741 662 760 non
674 733 771 760 habent
785 737 861 760 ortus
872 733 991 763 initium,

210 784 239 806 ut
261 784 391 806 aeternum
417 779 511 806 artifex
526 778 625 806 habere
649 779 755 806 dicatur
774 778 845 813 quod
866 779 992 805 moliatur

209 825 356 859 opilicimn.
371 824 443 852 lleus
463 833 511 852 vos
528 832 601 858 ergo,
618 825 755 857 dicemus,
772 825 794 852 si
820 832 907 859 neque
922 829 990 851 tem-

209 879 260 906 pus
286 878 372 905 neque
388 877 473 897 :cvum
496 874 568 896 retro
596 869 678 896 ullum
704 870 864 904 reperiatur,
885 870 992 905 quando

210 920 298 943 statua
318 915 435 950 perfecta
461 923 515 942 non
538 914 628 946 ftterit,
645 915 719 950 quid.
738 923 815 950 rogo,
830 915 868 942 illi
894 915 990 942 artifex

209 961 344 996 prmstitit,
366 960 464 995 quidve
484 960 511 986 in
528 960 572 987 illa
590 960 663 995 egit?
687 959 753 987 Nam
772 962 794 988 si
818 961 875 996 ipsa
891 961 992 988 nullius

208 1015 300 1042 egens,
316 1006 440 1042 principii
454 1010 530 1033 ortus
544 1013 640 1040 expers
654 1012 713 1040 est;
730 1014 868 1041 nunquam
891 1008 991 1042 potius,

207 1053 235 1079 in
257 1052 389 1079 sententia
404 1055 504 1083 vestra.
521 1051 610 1086 opifex
633 1052 777 1085 efﬁnxerit,
795 1057 841 1080 aut
865 1053 992 1082 inventus

207 1098 296 1132 opifex
324 1097 414 1124 interit.
431 1098 518 1133 Atque
543 1097 579 1124 ita
605 1105 700 1125 rursus
725 1099 751 1125 in
777 1099 848 1126 idem
871 1100 992 1127 revoluta

207 1145 307 1176 oratio,
321 1148 416 1179 sponte
443 1151 491 1171 sua
521 1142 620 1170 factum
638 1151 723 1178 opus.
742 1144 820 1172 fateri
846 1150 933 1179 coget.
963 1145 992 1172 Si

207 1190 279 1216 cnitn
292 1189 386 1216 artifex
403 1189 444 1216 vel
461 1189 609 1216 exilissime
622 1192 738 1216 statuam
748 1191 866 1218 movisse
880 1191 991 1224 dicitur,

208 1235 301 1270 utique
318 1235 441 1270 subjacet
453 1235 596 1269 principio,
613 1243 665 1270 qua
682 1235 705 1262 is
722 1236 827 1263 ratione
849 1237 992 1265 informem

207 1281 271 1307 olitn
283 1285 309 1308 et
324 1281 382 1308 sine
394 1285 478 1312 motu,
505 1288 613 1308 movere
630 1281 712 1315 cmpit
727 1285 807 1316 atque
825 1282 919 1317 polire.
938 1283 992 1310 Nec

206 1334 271 1361 ergo
289 1332 356 1358 erat,
372 1334 422 1353 nec
435 1330 477 1354 est
500 1326 608 1353 futurtts
626 1326 694 1354 idem
718 1331 846 1362 perpetuo
863 1329 992 1358 mundus.

206 1371 412 1406 Comparandus
424 1373 496 1399 enim
516 1376 557 1399 est
574 1372 670 1399 artifex
682 1372 747 1404 Deo,
764 1377 790 1400 et
808 1378 897 1401 statua
912 1383 992 1402 mun-

208 1417 253 1445 do.
284 1417 426 1450 Quomodo
450 1418 540 1452 igitur,
568 1426 584 1445 ο
609 1419 808 1453 stupidissimi,
839 1425 991 1448 creaturam

206 1463 366 1490 existimatis
379 1464 494 1491 creatori
509 1467 681 1497 cozeternam,
699 1465 759 1499 ejus
775 1473 857 1500 opera
874 1475 928 1494 non
950 1467 992 1494 in-

207 1509 316 1544 digere?
330 1509 406 1542 Quod
424 1510 496 1536 enim
519 1515 561 1537 est
575 1514 749 1542 cozeternum,
766 1519 827 1538 cutn
845 1512 918 1539 nulla
946 1521 992 1540 ra-

210 1555 284 1582 tione
300 1555 398 1583 babeat
411 1556 558 1583 creationis
577 1560 707 1590 ortusque
722 1557 895 1592 principium.
910 1559 990 1585 etiam

165 1594 170 1596 ’
207 1601 358 1635 oportuerit
385 1608 445 1628 esse
469 1600 674 1632 coincreatum,
701 1601 851 1636 eademque
879 1602 990 1631 virtute.

207 1645 301 1678 Porro,
314 1645 386 1681 quod
401 1646 483 1673 semel
497 1646 647 1673 increatum
669 1651 749 1681 atque
768 1654 782 1673 a
798 1655 827 1674 se
839 1647 989 1682 perfectum

205 1695 232 1718 et
252 1691 418 1718 immutabile
434 1691 521 1718 visum
548 1692 599 1723 sit,
616 1692 717 1719 nullius
748 1692 828 1719 etiam
853 1701 935 1727 egens
962 1698 990 1721 et

1044 228 1090 254 τοῦ
1104 228 1225 262 τεχνίτου
1245 227 1465 262 δημιουργεῖται;
1485 227 1508 252 εἰ
1531 226 1585 261 γὰρ
1601 225 1668 257 ὅλως
1691 227 1720 251 ὲν
1740 224 1834 258 ἐνδείᾳ

1045 274 1093 309 τῆς
1117 274 1213 308 τέχνης
1238 273 1389 307 καθέστηκε
1420 271 1668 307 χαλκουργούμενος
1700 270 1770 306 πρὸς
1803 269 1836 295 τὸ

1045 320 1117 354 σχεῖν
1139 320 1230 345 ὁποῖον
1243 321 1257 346 6
1270 318 1434 354 δημιουργὸς
1449 317 1534 343 ὲϐἐλοι
1558 317 1735 352 χαρακτῆρα,
1759 316 1834 350 ποίῳ

1043 366 1135 402 τρόπῳ
1154 365 1283 400 ἀγένητος
1299 365 1372 391 ἔσται
1395 364 1505 399 πάσχων
1523 372 1551 390 τε
1569 363 1614 389 καὶ
1634 362 1789 398 ὁρώμενος
1807 363 1834 387 ει

1043 413 1071 439 δὲ
1086 410 1119 439 αὖ
1143 411 1175 438 δι’
1197 410 1293 437 ἑαυτὸν
1315 410 1416 442 τέλειος
1440 410 1486 436 καὶ
1511 409 1641 444 ἀγένητος
1664 408 1772 442 λέγοιτο
1792 407 1833 442 μὴ

1042 457 1145 484 δεῖσθαι
1158 457 1206 492 τῆς
1228 457 1326 492 τέχνης
1343 457 1356 483 6
1372 456 1493 491 ἀνδριὰς,
1516 455 1585 481 κατὰ
1603 454 1631 480 τὺ
1651 453 1772 489 ὀλέθριον
1787 453 1835 479 δό-

1043 512 1111 539 γμα,
1126 503 1230 538 ἀνάγκη
1246 502 1448 538 αὐτοματισμὸν
1471 501 1623 536 ὁμολογεῖν.
1641 501 1675 526 Ἥ
1693 499 1752 526 οὐδὲ
1768 499 1818 526 τοῦ
1831 515 1835 519 -

1042 560 1086 577 τον
1112 551 1175 583 ἴσως
1195 550 1371 584 ἐθελήσαντες
1397 548 1585 584 προσήκασθαι
1608 547 1653 573 τὸν
1671 547 1761 581 λόγον.
1783 556 1834 573 πι-

1043 599 1169 634 κρότερον
1186 598 1241 633 (25)
1262 596 1486 632 ἀποκρινοῦνται,
1505 596 1535 622 τὸ
1553 595 1600 631 μὲν
1618 595 1715 630 βρέτας
1730 595 1834 629 ἀγένη-

1041 653 1086 670 τον
1101 645 1149 671 οὐκ
1164 642 1232 670 εἶναι
1246 643 1377 677 λέγοντες·
1393 643 1504 677 γενητὸν
1516 642 1543 668 δὲ
1559 640 1626 668 εἶναι
1639 642 1681 669 ἀεὶ
1694 641 1832 675 γενέσεως

1042 690 1127 725 ἀρχὴν
1142 689 1190 716 οὐκ
1205 689 1275 724 ἕχον,
1290 689 1364 720 ὅπως
1385 689 1509 724 ἀνάρχως
1530 687 1635 722 λέγοιτο
1649 688 1761 723 κρατεῖν
1781 686 1831 712 τοῦ

1041 734 1226 770 τεχνάσματος
1247 735 1261 760 6
1283 733 1416 769 τεχνίτης.
1431 732 1544 765 υὺκοῦν,
1563 730 1584 759 ὧ
1605 731 1687 764 οὗτοι,
1712 732 1833 766 λέξομεν

1042 780 1142 810 αὐτοῖς,
1167 779 1190 804 εἱ
1205 778 1242 814 μὴ
1264 778 1368 814 χρόνος,
1390 779 1458 814 μήτε
1471 778 1538 804 αἰὼν
1556 778 1707 814 εὑρίσκοιτο
1724 777 1831 807 ἐπάνω,

1043 826 1086 851 ὅτε
1110 825 1159 850 οὐκ
1180 822 1214 859 ἦν
1231 824 1331 856 τέλειος
1350 825 1364 850 6
1385 824 1508 860 ἀνδριὰς,
1526 824 1551 850 τί
1573 824 1706 859 παρέσχεν
1724 824 1799 858 αὐτῷ
1816 823 1833 850 ὁ

1009 859 1028 886 Β
1042 870 1175 905 τεχνίτης,
1190 869 1206 905 ἢ
1219 869 1244 896 τί
1259 870 1410 906 ἐνῆργησεν
1426 859 1466 901 εἰς
1482 870 1579 901 αὑτὸν,
1598 870 1681 904 em;
1697 870 1728 895 Et
1744 870 1799 904 γὰρ
1817 870 1833 896 ὁ

1043 916 1122 948 αὐτὸς
1147 915 1272 950 ἀνενδεὴς
1293 915 1340 946 ὢν,
1366 915 1412 942 καὶ
1434 916 1483 941 οὐκ
1506 914 1574 950 ἔχων
1593 915 1678 950 ἀρχὴν
1695 915 1834 948 γενέσεως

1042 962 1179 997 τυγχάνει,
1197 961 1283 997 ταύτῃ
1298 961 1396 996 μᾶλλον
1410 961 1471 988 καθ’
1487 961 1557 996 ὑμᾶς
1573 962 1586 987 6
1601 961 1767 996 δημιουργὸς
1784 960 1834 986 οὺ-

1043 1008 1136 1036 δὲποτε
1159 1009 1379 1044 δημιουργήσας,
1407 1007 1468 1034 οὔτε
1492 1007 1663 1043 δημιουργῶν
1682 1006 1832 1042 εὑρεθήσε-

1042 1064 1096 1082 ται.
1112 1056 1165 1081 Καὶ
1179 1055 1257 1081 πάλιν
1274 1055 1313 1086 εἰς
1328 1054 1392 1081 αὐτὸ
1411 1053 1497 1080 ἔοικεν
1511 1054 1524 1079 6
1538 1052 1614 1087 λόγος
1629 1052 1832 1088 περιδεδραμη-

1043 1101 1134 1132 κέναι,
1161 1100 1363 1136 αὐτοματισμὸν
1388 1101 1537 1136 ὁμολογεῖν.
1563 1100 1624 1126 Ἐὰν
1648 1099 1702 1135 γὰρ
1728 1099 1779 1125 κᾶν
1798 1098 1832 1125 τδ

1043 1147 1234 1182 ἀκαριαίτατον
1249 1147 1392 1182 ἀνδριάντα
1408 1147 1520 1182 κινήσας
1534 1147 1547 1172 ὁ
1559 1145 1722 1181 δημιουργὸς
1733 1144 1830 1179 λεχθῇ,

1043 1193 1112 1228 ἀρχῇ
1128 1194 1312 1224 ὑποπεσείται,
1334 1192 1392 1219 καθ’
1414 1192 1447 1227 ἣν
1462 1192 1591 1227 πρότερον
1612 1191 1691 1218 αὑτὸν
1707 1191 1833 1225 ἄκοσμον

1043 1240 1089 1266 καὶ
1103 1240 1230 1274 ἀκίνητον
1244 1239 1322 1270 ὅντα,
1338 1238 1438 1274 ἤρξατο
1458 1239 1541 1264 κινεῖν
1558 1238 1603 1264 καὶ
1619 1239 1740 1272 κοσμεῖν.
1756 1237 1832 1262 Οὐκ-

1043 1284 1088 1310 οῦν
1105 1284 1152 1310 καὶ
1170 1282 1204 1319 ἦν
1224 1284 1270 1310 καὶ
1286 1283 1361 1309 ἔσται
1381 1282 1511 1318 διηνεκῶς
1526 1283 1540 1308 ὁ
1558 1281 1638 1312 αὑτὸς
1658 1281 1700 1307 ἀεὶ
1714 1280 1830 1315 κόσμος.

1049 1330 1238 1356 ’Λπεικαστέον
1259 1329 1312 1365 γὰρ
1331 1329 1370 1364 τῷ
1386 1329 1434 1364 μὲν
1456 1328 1515 1363 Θεῷ
1529 1328 1573 1354 τὸν
1588 1327 1724 1362 τεχνίτην,
1737 1326 1782 1352 τὸν
1799 1326 1831 1352 δὲ

1043 1375 1187 1410 ἀνδριάντα
1203 1375 1243 1410 τῷ
1259 1375 1362 1409 κόσμῳ.
1385 1374 1426 1409 Πῆ
1449 1373 1470 1400 δ’
1491 1372 1548 1405 οὖν,
1574 1370 1596 1400 ὦ
1615 1372 1722 1407 ἠλίθιοι,
1739 1371 1831 1403 οἴεσθε

1042 1421 1090 1456 τὴν
1105 1421 1193 1447 κτίσιν
1219 1420 1419 1456 συναπὲραντον
1443 1417 1524 1446 οὖσαν
1546 1419 1585 1454 τῷ
1606 1417 1771 1453 δημιουργῷ,
1791 1417 1831 1453 μὴ

1042 1466 1145 1492 δεῖσθαι
1168 1466 1214 1492 τοῦ
1233 1465 1414 1502 δημι.ουργοῦ;
1430 1465 1466 1491 Τὸ
1485 1465 1539 1500 γὰρ
1554 1465 1753 1499 συναπέραντον
1777 1472 1834 1498 μη-

1043 1512 1135 1547 δαμῶς
1159 1511 1244 1547 ἀρχὴν
1263 1511 1395 1545 γενέσεως
1416 1510 1492 1546 ἕχον,
1510 1510 1556 1537 καὶ
1584 1509 1760 1544 συναγένητον
1779 1508 1831 1535 καὶ

1046 1558 1204 1592 ἱσοδὺναμον
1216 1557 1321 1591 ἀνάγκη
1338 1557 1490 1592 τυγχάνειν.
1503 1556 1539 1582 Τὸ
1550 1555 1577 1582 δὲ
1593 1555 1732 1590 ἀγένητον,
1747 1555 1833 1582 αὑτο-

1043 1604 1119 1636 τελὲς
1130 1604 1177 1630 καὶ
1189 1603 1320 1638 ἄτρεπτον
1334 1602 1443 1637 φανθὲν.
1460 1603 1506 1628 καὶ
1524 1601 1670 1636 ἀπροσδεὲς
1685 1600 1732 1627 καὶ
1745 1599 1834 1634 ἄφθον-

1045 1659 1090 1685 ρον
1113 1649 1170 1685 [ἂν]
1195 1650 1283 1676 ἔσται’
1304 1649 1350 1675 καὶ
1369 1649 1393 1674 εἰ
1416 1647 1493 1674 τοῦτο
1512 1646 1597 1679 οὕτως
1615 1647 1687 1682 ἔχει,
1706 1645 1799 1672 οὐκέτι
1816 1646 1834 1671 6

1043 1697 1144 1730 κόσμος
1158 1696 1272 1731 τρεπτὸς
1286 1695 1345 1722 καθ’
1359 1696 1441 1730 ὑμᾶς.

207 1736 326 1763 immttne
340 1744 355 1763 a
373 1737 546 1771 corruptione
570 1737 643 1765 erit:
663 1742 743 1773 atque
765 1737 843 1770 adeo,
870 1738 933 1765 dum
956 1747 1000 1768 res
1022 1742 1061 1769 sic
1076 1741 1182 1773 habeat,
1200 1740 1252 1767 erit
1272 1740 1389 1767 mundus
1403 1740 1431 1767 in
1460 1743 1550 1767 vestra
1570 1738 1702 1767 sententia
1729 1738 1834 1764 immu-

207 1784 308 1811 labilis.

243 1829 286 1857 V'l.
301 1835 308 1842 '
323 1830 481 1864 Ecclesium,
499 1832 532 1859 ab
561 1832 739 1867 appellandis,
753 1841 784 1860 ac
800 1841 849 1860 ceu
878 1834 911 1861 ad
927 1842 989 1862 cer-

206 1880 296 1903 tamen
313 1877 442 1904 vocandis
458 1878 640 1913 voluptatibus
657 1878 714 1914 (2|)
731 1879 830 1906 dictam
846 1880 894 1906 ait.

244 1921 299 1950 VII.
314 1923 359 1950 Ait
373 1923 490 1952 Sanctus
518 1934 525 1952 :
541 1924 611 1952 Duas
629 1933 710 1959 porro
741 1925 808 1961 (ΩΔ),
829 1926 856 1952 in
883 1927 917 1954 iis
930 1935 990 1962 quae

225 2001 252 2042 _‘
269 2001 505 2042 Schol.Qttomt)d_0
517 2002 543 2030 id
558 2003 637 2042 dicis,
655 2008 749 2031 sancte
768 2004 825 2036 Dei,
843 2005 865 2031 si
883 2005 990 2039 quidem

206 2038 340 2071 ejusmodi
357 2041 403 2064 tua
417 2039 510 2072 opinio
528 2039 589 2065 est?

241 2114 296 2148 (ΞΗ
312 2115 350 2141 ΑΙ)
364 2115 526 2149 appellandis
545 2124 576 2142 ac
591 2124 636 2142 ceu
660 2116 695 2142 ad
719 2121 849 2143 certamen
866 2115 987 2143 vetandis

207 2150 381 2186 uoluptatibus
397 2170 404 2181 ,
429 2151 504 2186 παρὰ
537 2151 566 2177 τὸ
585 2152 780 2186 ἐκκεκληκέναι
809 2153 858 2182 τὰς
883 2151 989 2185 ἡδονάς.

208 2183 344 2221 Vixeerte
362 2185 442 2221 fuerit
457 2183 584 2213 subtilius
596 2183 727 2221 etymum.
753 2183 917 2220 digniusqtie
935 2186 990 2212 Me-

205 2220 300 2246 tbodio
312 2228 343 2246 ac
352 2229 384 2248 eo
397 2220 497 2247 Christi
510 2220 678 2255 athleta,'qui
689 2221 734 2247 tali
753 2221 816 2248 olitn
832 2222 990 2251 certamine,

205 2255 239 2291 ad
254 2255 387 2289 insignem
405 2256 476 2282 illam
491 2257 524 2282 de
535 2259 649 2291 tyranno
665 2257 817 2286 victoriam,
835 2263 916 2290 quam
932 2260 993 2281 tan-

203 2289 266 2316 dem
281 2296 381 2325 martyr
401 2291 516 2317 illustris
529 2289 657 2322 obtinuit,
678 2299 736 2318 scsu
756 2289 866 2317 strenue
881 2298 992 2325 compa-

205 2328 314 2357 rasset;
334 2326 407 2352 velut
430 2326 499 2360 apttd
525 2330 661 2353 nostrates
683 2326 780 2352 Petrus
809 2326 854 2352 ille
879 2329 990 2359 martyr.

204 2367 267 2386 vere
278 2360 380 2396 Christi
402 2366 428 2387 et.
452 2365 515 2396 ante
546 2362 703 2396 martyrium
731 2361 836 2396 hostia)
859 2361 993 2396 pauloque

204 2395 326 2422 anterior
353 2403 384 2422 ac
402 2395 487 2430 gradu
501 2395 623 2422 vicinior
642 2395 789 2425 Mt‘lllntlin,
808 2395 929 2421 Thomas
947 2395 993 2422 ille

205 2433 294 2490 genus
316 2430 476 2464 Anglorum.
505 2430 607 2457 utinam
633 2430 743 2456 \‘ll‘lllllS
768 2431 871 2456 a-mulae
894 2430 989 2456 decus.

219 2463 379 2490 Iireaccintt
391 2474 466 2490 imus
479 2466 523 2490 ille
536 2465 822 2490 Amnhilochiushom.
840 2464 875 2490 De
889 2465 989 2490 omni!"

219 2463 379 2491 Iireaccinit
391 2474 466 2491 ιιιριιιδ
479 2466 523 2492 ille
536 2465 822 2499 Amphilochiushom.
840 2464 875 2491 De
889 2465 991 2497 pwnit.,

204 2501 319 2535 tannjta
333 2500 367 2526 tle
380 2500 488 2527 diabolo
499 2505 657 2527 succentore
672 2501 840 2535 passionum,
860 2499 991 2534 loquitur,

203 2541 231 2568 p.
245 2534 280 2560 95
291 2544 300 2571 νς
315 2535 408 2571 Φθονεῖ
422 2535 476 2571 γὰρ
493 2535 562 2571 ὑπὲρ
583 2535 686 2566 πάντας
708 2535 738 2561 τὸ
752 2535 829 2571 γένος
852 2534 906 2560 τῶν
931 2535 994 2571 Χρι-

205 2569 331 2599 στιανῶν.
345 2570 382 2602 ὡς
400 2569 636 2605 άποὰτρεφὸμενον
662 2571 712 2605 τῆς
730 2569 827 2596 ἑαυτοῦ
847 2569 993 2604 ματαιότη-

204 2611 250 2634 τος
265 2605 382 2632 πάντων.
403 2605 465 2632 Prw
482 2604 637 2632 mortalibus
662 2607 730 2632 enim
757 2604 888 2634 omnibus,
913 2604 993 2630 livore

205 2638 289 2675 fertur
304 2641 329 2666 iu
341 2640 521 2667 Christianum
535 2649 615 2675 genus
631 2647 654 2667 et
675 2648 779 2669 nomen,
801 2639 869 2666 velut
883 2639 952 2673 quod
962 2647 994 2665 ex

205 2674 324 2700 ontnibux
354 2683 408 2702 stur
435 2676 516 2710 ipsius
537 2674 679 2703 dementia:
707 2675 844 2702 adrersum
868 2674 992 2700 noverit:

205 2710 362 2742 alqueaden
380 2712 451 2737 velut
469 2711 542 2738 solos
566 2712 662 2737 haheat
687 2711 877 2742 adversarios;
893 2709 993 2743 quibus

205 2743 318 2779 pnoinde
339 2745 409 2772 velut
425 2747 491 2773 solis
507 2746 544 2772 illi
560 2747 680 2773 tnititaus
699 2746 867 2779 voluptatum
883 2751 991 2777 agmen,

208 2778 354 2815 objectth
371 2780 455 2807 videri
473 2782 569 2815 posSit,
595 2785 686 2815 aperta
707 2778 842 2815 baptismo
859 2779 932 2815 velut
950 2786 993 2813 pa-

206 2811 310 2849 la-stra;
336 2813 455 2841 Ecclesia
473 2811 533 2849 'qna
561 2811 761 2849 depugnetnus';
778 2824 810 2841 co
838 2814 920 2841 etiam
935 2811 992 2840 tum

206 2847 392 2879 caerimoniali,
411 2853 467 2875 tum
481 2847 569 2881 sacro,
589 2847 615 2876 in
630 2847 672 2882 eo,
688 2851 776 2877 unctis
788 2851 863 2881 oleo;
884 2848 992 2883 quando

1080 1835 1208 1867 C’.‘"0:t
1242 1833 1389 1868 Ἐκκλησία
1411 1833 1487 1869 παρὰ
1509 1833 1539 1859 τὸ
1561 1832 1754 1867 ἐκκεκληκὲναι
1779 1833 1834 1864 τὶς

1043 1880 1139 1916 ἡδονὰς
1153 1880 1279 1914 λέγεσθαί
1293 1888 1383 1915 φησιν.

1079 1928 1115 1953 Ζ¹.
1135 1928 1195 1952 Ὅτι
1211 1927 1290 1961 φησιν
1306 1927 1320 1952 6
1333 1926 1436 1960 ’Ἄγιος
1460 1925 1512 1951 Δύο
1532 1924 1560 1951 δὲ
1583 1923 1710 1959 δυνάμεις
1728 1924 1757 1950 ἐν
1772 1924 1834 1955 τοῖς

1080 2005 1088 2013 '
1106 2005 1244 2037 Σχόλιυν.
1259 2003 1322 2035 Πῶς
1343 2003 1421 2030 τοῦτο
1441 2003 1503 2039 φῂς,
1520 2003 1580 2037 ἇγιε
1595 2002 1641 2029 τοῦ
1656 2002 1733 2035 Θεοῦ,
1749 2002 1834 2037 εἴπερ

1046 2039 1094 2066 καὶ
1109 2040 1150 2065 σοὶ
1196 2040 1307 2075 τοιαύτη
1325 2039 1404 2071 565.1;

1042 2120 1068 2143 et
1084 2124 1203 2147 sacrum,
1220 2116 1329 2150 ejuscst
1343 2116 1414 2143 velttt
1429 2115 1637 2144 consummatio.
1657 2113 1833 2150 llmschelius

1044 2151 1128 2178 hocce
1141 2149 1259 2186 etymniu
1278 2152 1314 2177 ita
1332 2152 1452 2184 exponit,
1470 2155 1499 2176 ut
1516 2151 1630 2177 voluerit
1646 2150 1746 2176 dictum
1765 2149 1832 2175 Ἐκ-

1045 2186 1157 2221 κλησίαν
1171 2185 1249 2221 φημὶ
1272 2185 1419 2217 ἐκκλισίαν,
1435 2195 1450 2212 a
1466 2187 1528 2220 fuga
1543 2186 1703 2221 voluptatum
1718 2205 1726 2217 ,
1740 2192 1833 2221 eoque

1046 2219 1187 2255 legendum
1212 2221 1423 2247 ἐκκεκλικέναιε
1455 2219 1582 2254 adquod
1613 2220 1693 2255 etiam
1720 2219 1834 2246 videtur

1045 2254 1196 2290 respexisse
1214 2255 1344 2283 Schuttus
1360 2257 1404 2282 illa
1429 2255 1583 2290 parenthesi
1608 2254 1666 2290 (hoc
1676 2259 1714 2281 est
1732 2254 1834 2290 exstirf

1044 2288 1161 2325 paridis).
1176 2290 1319 2317 Enimvero
1338 2291 1378 2318 sic
1403 2288 1456 2318 non
1479 2288 1618 2325 egregium
1632 2293 1762 2324 etymum,
1781 2288 1833 2316 sed

1045 2327 1136 2360 inepta
1167 2326 1248 2352 fuerit
1275 2326 1473 2360 arquivecatio,
1499 2324 1610 2359 dignior
1638 2324 1696 2360 rudi
1730 2324 1833 2358 lingua:

1044 2359 1155 2392 Graeca},
1168 2369 1248 2395 quam
1267 2359 1463 2388 facundissime
1477 2361 1504 2387 in
1532 2368 1562 2387 ea
1581 2359 1728 2389 Methodio.
1744 2367 1831 2393 quem

1044 2396 1124 2430 plane
1140 2404 1193 2422 non
1209 2396 1286 2430 fugit.
1301 2404 1380 2430 quam
1398 2396 1521 2423 deditnus
1538 2403 1591 2422 non
1614 2395 1649 2420 ita
1667 2395 1833 2421 insolentem

1044 2429 1268 2466 aptissimumque
1280 2429 1428 2466 proposito.
1437 2431 1482 2458 illa
1496 2430 1542 2457 τοῦ
1551 2430 1676 2456 ἐκκαλεῖν
1692 2429 1828 2464 acceptio.

1080 2476 1136 2512 (22)
1155 2476 1226 2504 Duas
1239 2485 1327 2512 porro,
1350 2481 1402 2504 etc.
1423 2477 1495 2503 Duas
1518 2476 1668 2512 hypostasi,
1693 2482 1774 2502 unam
1802 2482 1834 2502 re

1044 2512 1103 2546 ipsa
1111 2517 1255 2544 etnatura,
1271 2520 1358 2547 eoque
1374 2520 1426 2539 una
1442 2511 1556 2538 indivisa
1573 2511 1679 2538 actione
1692 2514 1721 2547 et.
1733 2517 1835 2536 creau-

1045 2552 1086 2574 tes
1103 2548 1256 2578 materiam,
1269 2551 1295 2574 et
1311 2546 1485 2575 distinctione
1503 2550 1641 2574 ornantes.
1659 2546 1717 2572 sola
1729 2552 1835 2579 appro-

1046 2582 1180 2617 priatione
1197 2583 1281 2609 altera
1299 2583 1349 2610 sibi
1365 2583 1490 2612 alterum,
1505 2583 1589 2607 altera
1603 2581 1717 2617 alterum
1740 2580 1835 2617 vindi-

1044 2615 1123 2644 cante
1143 2628 1149 2644 :
1166 2617 1246 2645 Patre
1260 2618 1442 2647 creationem.
1470 2621 1499 2643 ut
1513 2617 1538 2642 in
1557 2624 1608 2650 qua
1634 2615 1752 2650 maxime
1777 2615 1837 2640 elu-

1044 2656 1104 2679 ceat
1121 2653 1212 2679 divina
1243 2654 1364 2688 potentia
1381 2661 1387 2679 :
1403 2651 1472 2679 Filio
1495 2648 1620 2688 ornatum
1633 2648 1838 2688 _el_per_fe_etio—

1044 2695 1117 2720 nem,
1136 2692 1165 2715 ut
1179 2684 1320 2723 proprium
1341 2687 1458 2715 maxime
1469 2687 1537 2714 artis
1553 2684 1703 2713 etrationis
1718 2684 1833 2745 (ιιι-Ἐκ.

1797 2725 1833 2745 ox

1797 2725 1835 2745 OX

1410 2746 1420 2766 1

1061 2812 1136 2874 δοῖ)
1150 2813 1334 2847 Πικρίτεμιν,
1350 2811 1440 2842 Fottc,
1464 2808 1639 2844 ἀλογώτερον,
1658 2806 1691 2834 Et.
1703 2814 1764 2834 mox
1780 2806 1832 2838 ab,

1076 2857 1088 2874 ν
1101 2856 1182 2874 ακαο.

1045 2856 1088 2874 τον
1101 2856 1182 2883 ακαρ.
