  <div class='ocr_page' id='page_1' title='image "/cluster/home/n/w/nwhite01/storage/ocr_20150623/18/njp.32101077772455/257.png"; bbox 0 0 1911 3072; ppageno 0'>
   <div class='ocr_carea' id='block_1_1' title="bbox 197 142 1321 175">
    <p class='ocr_par' dir='ltr' id='par_1_1' title="bbox 197 142 1321 175">
     <span class='ocr_line' id='line_1_1' title="bbox 197 142 1321 175; baseline 0.003 -6"><span class='ocrx_word' id='word_1_1' title='bbox 197 143 248 169; x_wconf 63' lang='grc' dir='ltr'><strong>Ἶῖὅ</strong></span> <span class='ocrx_word' id='word_1_2' title='bbox 671 148 698 175; x_wconf 78' lang='lat' dir='ltr'><strong>S.</strong></span> <span class='ocrx_word' id='word_1_3' title='bbox 721 146 886 174; x_wconf 80' lang='lat' dir='ltr'><strong>METHODII</strong></span> <span class='ocrx_word' id='word_1_4' title='bbox 906 145 1059 174; x_wconf 84' lang='lat' dir='ltr'><strong>EPISCOPI</strong></span> <span class='ocrx_word' id='word_1_5' title='bbox 1080 145 1124 172; x_wconf 86' lang='lat' dir='ltr'><strong>ET</strong></span> <span class='ocrx_word' id='word_1_6' title='bbox 1142 142 1321 172; x_wconf 79' lang='lat' dir='ltr'><strong>MARTYRIS</strong></span> 
     </span>
    </p>
   </div>
   <div class='ocr_carea' id='block_1_2' title="bbox 1772 144 1826 173">
    <p class='ocr_par' dir='ltr' id='par_1_2' title="bbox 1772 144 1826 173">
     <span class='ocr_line' id='line_1_2' title="bbox 1772 144 1826 173; baseline 0 0"><span class='ocrx_word' id='word_1_7' title='bbox 1772 144 1826 173; x_wconf 71' lang='grc'><strong>584</strong></span> 
     </span>
    </p>
   </div>
   <div class='ocr_carea' id='block_1_3' title="bbox 191 205 968 243">
    <p class='ocr_par' dir='ltr' id='par_1_3' title="bbox 191 206 968 241">
     <span class='ocr_line' id='line_1_3' title="bbox 191 206 968 241; baseline 0.001 -7"><span class='ocrx_word' id='word_1_8' title='bbox 191 211 218 234; x_wconf 87' lang='lat' dir='ltr'><strong>et</strong></span> <span class='ocrx_word' id='word_1_9' title='bbox 237 206 324 235; x_wconf 85' lang='lat' dir='ltr'><strong>homo.</strong></span> <span class='ocrx_word' id='word_1_10' title='bbox 341 207 488 238; x_wconf 58' lang='lat' dir='ltr'><strong>Aecinxisti</strong></span> <span class='ocrx_word' id='word_1_11' title='bbox 503 210 585 241; x_wconf 85' lang='lat' dir='ltr'><strong>enim.</strong></span> <span class='ocrx_word' id='word_1_12' title='bbox 601 209 693 237; x_wconf 77' lang='lat' dir='ltr'><strong>divina</strong></span> <span class='ocrx_word' id='word_1_13' title='bbox 712 213 755 235; x_wconf 86' lang='lat' dir='ltr'><strong>tua</strong></span> <span class='ocrx_word' id='word_1_14' title='bbox 780 208 968 235; x_wconf 85' lang='lat' dir='ltr'><strong>lucarnatione</strong></span> 
     </span>
    </p>
   </div>
   <div class='ocr_carea' id='block_1_4' title="bbox 1021 205 1826 243">
    <p class='ocr_par' dir='ltr' id='par_1_4' title="bbox 1033 205 1826 243">
     <span class='ocr_line' id='line_1_4' title="bbox 1033 205 1826 243; baseline -0.004 -9"><span class='ocrx_word' id='word_1_15' title='bbox 1033 208 1188 243; x_wconf 77' lang='grc' dir='ltr'>ἀγαλλίαμα</span> <span class='ocrx_word' id='word_1_16' title='bbox 1204 207 1257 234; x_wconf 83' lang='grc' dir='ltr'>τῶν</span> <span class='ocrx_word' id='word_1_17' title='bbox 1275 207 1410 234; x_wconf 75' lang='grc' dir='ltr'>ἁπάντων.</span> <span class='ocrx_word' id='word_1_18' title='bbox 1433 205 1582 242; x_wconf 77' lang='grc' dir='ltr'>Τοιγαροῦν</span> <span class='ocrx_word' id='word_1_19' title='bbox 1603 205 1786 242; x_wconf 73' lang='grc' dir='ltr'>εὐφρανϐήτω</span> <span class='ocrx_word' id='word_1_20' title='bbox 1811 206 1826 231; x_wconf 87' lang='grc' dir='ltr'><strong>ὀ</strong></span> 
     </span>
    </p>
   </div>
   <div class='ocr_carea' id='block_1_5' title="bbox 194 252 978 286">
    <p class='ocr_par' dir='ltr' id='par_1_5' title="bbox 194 252 978 286">
     <span class='ocr_line' id='line_1_5' title="bbox 194 252 978 286; baseline 0.003 -8"><span class='ocrx_word' id='word_1_21' title='bbox 194 253 296 279; x_wconf 77' lang='lat' dir='ltr'><strong>lumbos</strong></span> <span class='ocrx_word' id='word_1_22' title='bbox 313 252 434 286; x_wconf 86' lang='lat' dir='ltr'><strong>quidem,</strong></span> <span class='ocrx_word' id='word_1_23' title='bbox 445 252 554 286; x_wconf 71' lang='lat' dir='ltr'><strong>justilia</strong></span> <span class='ocrx_word' id='word_1_24' title='bbox 571 260 580 278; x_wconf 91' lang='lat'><em>:</em></span> <span class='ocrx_word' id='word_1_25' title='bbox 597 253 726 280; x_wconf 71' lang='lat' dir='ltr'><strong>inunxisti</strong></span> <span class='ocrx_word' id='word_1_26' title='bbox 741 262 800 280; x_wconf 66' lang='lat' dir='ltr'><strong>vero</strong></span> <span class='ocrx_word' id='word_1_27' title='bbox 821 259 844 280; x_wconf 85' lang='lat' dir='ltr'><strong>et</strong></span> <span class='ocrx_word' id='word_1_28' title='bbox 862 255 978 286; x_wconf 77' lang='lat' dir='ltr'><strong>veritate,</strong></span> 
     </span>
    </p>
   </div>
   <div class='ocr_carea' id='block_1_6' title="bbox 192 299 978 334">
    <p class='ocr_par' dir='ltr' id='par_1_6' title="bbox 192 299 978 334">
     <span class='ocr_line' id='line_1_6' title="bbox 192 299 978 334; baseline -0.001 -8"><span class='ocrx_word' id='word_1_29' title='bbox 192 299 277 326; x_wconf 77' lang='lat' dir='ltr'><strong>latera</strong></span> <span class='ocrx_word' id='word_1_30' title='bbox 292 299 326 331; x_wconf 80' lang='lat'><strong>“,</strong></span> <span class='ocrx_word' id='word_1_31' title='bbox 343 299 389 334; x_wconf 88' lang='lat' dir='ltr'><strong>qui</strong></span> <span class='ocrx_word' id='word_1_32' title='bbox 403 299 471 334; x_wconf 85' lang='lat' dir='ltr'><strong>ipse,</strong></span> <span class='ocrx_word' id='word_1_33' title='bbox 488 299 546 333; x_wconf 90' lang='lat' dir='ltr'><strong>ipsa</strong></span> <span class='ocrx_word' id='word_1_34' title='bbox 563 306 591 326; x_wconf 91' lang='lat' dir='ltr'><strong>re</strong></span> <span class='ocrx_word' id='word_1_35' title='bbox 605 306 667 326; x_wconf 83' lang='lat' dir='ltr'><strong>vera</strong></span> <span class='ocrx_word' id='word_1_36' title='bbox 685 299 793 332; x_wconf 87' lang='lat' dir='ltr'><strong>justitia</strong></span> <span class='ocrx_word' id='word_1_37' title='bbox 809 300 847 327; x_wconf 89' lang='lat' dir='ltr'><strong>sis</strong></span> <span class='ocrx_word' id='word_1_38' title='bbox 863 303 890 326; x_wconf 83' lang='lat' dir='ltr'><strong>et</strong></span> <span class='ocrx_word' id='word_1_39' title='bbox 907 300 978 326; x_wconf 79' lang='lat' dir='ltr'><strong>veri-</strong></span> 
     </span>
    </p>
   </div>
   <div class='ocr_carea' id='block_1_7' title="bbox 190 343 978 379">
    <p class='ocr_par' dir='ltr' id='par_1_7' title="bbox 190 343 978 379">
     <span class='ocr_line' id='line_1_7' title="bbox 190 343 978 379; baseline -0.001 -8"><span class='ocrx_word' id='word_1_40' title='bbox 190 350 244 375; x_wconf 85' lang='lat' dir='ltr'><strong>tas.</strong></span> <span class='ocrx_word' id='word_1_41' title='bbox 262 344 511 379; x_wconf 85' lang='lat' dir='ltr'><strong>universorumque</strong></span> <span class='ocrx_word' id='word_1_42' title='bbox 521 343 679 371; x_wconf 76' lang='lat' dir='ltr'><strong>exsultatio.</strong></span> <span class='ocrx_word' id='word_1_43' title='bbox 694 343 812 371; x_wconf 66' lang='lat' dir='ltr'><strong>Laetetur</strong></span> <span class='ocrx_word' id='word_1_44' title='bbox 825 345 907 378; x_wconf 81' lang='lat' dir='ltr'><strong>igitur</strong></span> <span class='ocrx_word' id='word_1_45' title='bbox 923 352 978 372; x_wconf 91' lang='lat' dir='ltr'><strong>me—</strong></span> 
     </span>
    </p>
   </div>
   <div class='ocr_carea' id='block_1_8' title="bbox 189 389 979 424">
    <p class='ocr_par' dir='ltr' id='par_1_8' title="bbox 189 389 979 424">
     <span class='ocr_line' id='line_1_8' title="bbox 189 389 979 424; baseline -0.001 -7"><span class='ocrx_word' id='word_1_46' title='bbox 189 398 251 417; x_wconf 87' lang='lat' dir='ltr'><strong>cum</strong></span> <span class='ocrx_word' id='word_1_47' title='bbox 277 390 358 417; x_wconf 87' lang='lat' dir='ltr'><strong>hodie</strong></span> <span class='ocrx_word' id='word_1_48' title='bbox 376 391 488 421; x_wconf 72' lang='lat' dir='ltr'><strong>cmlum.</strong></span> <span class='ocrx_word' id='word_1_49' title='bbox 514 390 642 424; x_wconf 87' lang='lat' dir='ltr'><strong>quoniam</strong></span> <span class='ocrx_word' id='word_1_50' title='bbox 662 390 808 417; x_wconf 77' lang='lat' dir='ltr'><strong>miseratus</strong></span> <span class='ocrx_word' id='word_1_51' title='bbox 821 394 863 417; x_wconf 89' lang='lat' dir='ltr'><strong>est</strong></span> <span class='ocrx_word' id='word_1_52' title='bbox 886 389 979 416; x_wconf 90' lang='lat' dir='ltr'><strong>Domi—</strong></span> 
     </span>
    </p>
   </div>
   <div class='ocr_carea' id='block_1_9' title="bbox 189 435 976 471">
    <p class='ocr_par' dir='ltr' id='par_1_9' title="bbox 189 435 976 471">
     <span class='ocr_line' id='line_1_9' title="bbox 189 435 976 471; baseline -0.001 -9"><span class='ocrx_word' id='word_1_53' title='bbox 189 444 241 463; x_wconf 89' lang='lat' dir='ltr'><strong>nus</strong></span> <span class='ocrx_word' id='word_1_54' title='bbox 257 437 388 471; x_wconf 87' lang='lat' dir='ltr'><strong>populum</strong></span> <span class='ocrx_word' id='word_1_55' title='bbox 406 443 496 463; x_wconf 88' lang='lat' dir='ltr'><strong>suum.</strong></span> <span class='ocrx_word' id='word_1_56' title='bbox 513 435 617 463; x_wconf 75' lang='lat' dir='ltr'><strong>ﬂorent</strong></span> <span class='ocrx_word' id='word_1_57' title='bbox 631 444 695 463; x_wconf 88' lang='lat' dir='ltr'><strong>vero</strong></span> <span class='ocrx_word' id='word_1_58' title='bbox 716 436 803 463; x_wconf 85' lang='lat' dir='ltr'><strong>nubes</strong></span> <span class='ocrx_word' id='word_1_59' title='bbox 816 436 919 462; x_wconf 88' lang='lat' dir='ltr'><strong>mundo</strong></span> <span class='ocrx_word' id='word_1_60' title='bbox 930 436 976 470; x_wconf 85' lang='lat' dir='ltr'><strong>ju—</strong></span> 
     </span>
    </p>
   </div>
   <div class='ocr_carea' id='block_1_10' title="bbox 189 482 977 517">
    <p class='ocr_par' dir='ltr' id='par_1_10' title="bbox 189 482 977 517">
     <span class='ocr_line' id='line_1_10' title="bbox 189 482 977 517; baseline -0.001 -8"><span class='ocrx_word' id='word_1_61' title='bbox 189 483 292 510; x_wconf 89' lang='lat' dir='ltr'><strong>stitiam</strong></span> <span class='ocrx_word' id='word_1_62' title='bbox 307 483 329 498; x_wconf 74' lang='lat'>&quot;</span> <span class='ocrx_word' id='word_1_63' title='bbox 348 493 353 509; x_wconf 96' lang='lat'>:</span> <span class='ocrx_word' id='word_1_64' title='bbox 371 483 418 510; x_wconf 89' lang='lat' dir='ltr'><strong>sed</strong></span> <span class='ocrx_word' id='word_1_65' title='bbox 432 487 459 510; x_wconf 88' lang='lat' dir='ltr'><strong>et</strong></span> <span class='ocrx_word' id='word_1_66' title='bbox 475 483 651 510; x_wconf 78' lang='lat' dir='ltr'><strong>fundamenta</strong></span> <span class='ocrx_word' id='word_1_67' title='bbox 672 487 761 515; x_wconf 72' lang='lat' dir='ltr'><strong>terrae,</strong></span> <span class='ocrx_word' id='word_1_68' title='bbox 780 482 878 517; x_wconf 84' lang='lat' dir='ltr'><strong>positis</strong></span> <span class='ocrx_word' id='word_1_69' title='bbox 892 482 918 509; x_wconf 90' lang='lat' dir='ltr'><strong>in</strong></span> <span class='ocrx_word' id='word_1_70' title='bbox 935 483 977 508; x_wconf 91' lang='lat' dir='ltr'><strong>in-</strong></span> 
     </span>
    </p>
   </div>
   <div class='ocr_carea' id='block_1_11' title="bbox 188 528 976 564">
    <p class='ocr_par' dir='ltr' id='par_1_11' title="bbox 188 528 976 564">
     <span class='ocr_line' id='line_1_11' title="bbox 188 528 976 564; baseline -0.001 -8"><span class='ocrx_word' id='word_1_71' title='bbox 188 528 278 561; x_wconf 75' lang='lat' dir='ltr'><strong>ferno,</strong></span> <span class='ocrx_word' id='word_1_72' title='bbox 292 530 364 556; x_wconf 88' lang='lat' dir='ltr'><strong>velut</strong></span> <span class='ocrx_word' id='word_1_73' title='bbox 379 530 521 564; x_wconf 84' lang='lat' dir='ltr'><strong>clangente</strong></span> <span class='ocrx_word' id='word_1_74' title='bbox 536 530 611 560; x_wconf 85' lang='lat' dir='ltr'><strong>tuba.</strong></span> <span class='ocrx_word' id='word_1_75' title='bbox 627 537 723 564; x_wconf 82' lang='lat' dir='ltr'><strong>pacem</strong></span> <span class='ocrx_word' id='word_1_76' title='bbox 738 529 864 564; x_wconf 84' lang='lat' dir='ltr'><strong>ingerant</strong></span> <span class='ocrx_word' id='word_1_77' title='bbox 876 538 883 556; x_wconf 84' lang='lat'><strong>:</strong></span> <span class='ocrx_word' id='word_1_78' title='bbox 897 528 976 556; x_wconf 89' lang='lat' dir='ltr'><strong>adest</strong></span> 
     </span>
    </p>
   </div>
   <div class='ocr_carea' id='block_1_12' title="bbox 189 574 976 602">
    <p class='ocr_par' dir='ltr' id='par_1_12' title="bbox 189 574 976 602">
     <span class='ocr_line' id='line_1_12' title="bbox 189 574 976 602; baseline 0.001 -1"><span class='ocrx_word' id='word_1_79' title='bbox 189 574 262 602; x_wconf 84' lang='lat' dir='ltr'><strong>enim</strong></span> <span class='ocrx_word' id='word_1_80' title='bbox 275 575 442 602; x_wconf 81' lang='lat' dir='ltr'><strong>resurrectio</strong></span> <span class='ocrx_word' id='word_1_81' title='bbox 457 574 663 601; x_wconf 83' lang='lat' dir='ltr'><strong>dormientium.</strong></span> <span class='ocrx_word' id='word_1_82' title='bbox 679 574 763 602; x_wconf 93' lang='lat' dir='ltr'><strong>Terra</strong></span> <span class='ocrx_word' id='word_1_83' title='bbox 777 575 858 602; x_wconf 87' lang='lat' dir='ltr'><strong>etiam</strong></span> <span class='ocrx_word' id='word_1_84' title='bbox 877 575 976 602; x_wconf 85' lang='lat' dir='ltr'><strong>incolis</strong></span> 
     </span>
    </p>
   </div>
   <div class='ocr_carea' id='block_1_13' title="bbox 189 619 1567 658">
    <p class='ocr_par' dir='ltr' id='par_1_13' title="bbox 189 619 1567 658">
     <span class='ocr_line' id='line_1_13' title="bbox 189 619 1567 658; baseline -0.004 -9"><span class='ocrx_word' id='word_1_85' title='bbox 189 621 247 649; x_wconf 87' lang='lat' dir='ltr'><strong>suis</strong></span> <span class='ocrx_word' id='word_1_86' title='bbox 267 619 484 648; x_wconf 83' lang='lat' dir='ltr'><strong>misericordiam</strong></span> <span class='ocrx_word' id='word_1_87' title='bbox 508 620 650 654; x_wconf 86' lang='lat' dir='ltr'><strong>producat.</strong></span> <span class='ocrx_word' id='word_1_88' title='bbox 677 620 803 655; x_wconf 63' lang='lat' dir='ltr'><strong>Impietas</strong></span> <span class='ocrx_word' id='word_1_89' title='bbox 825 621 976 658; x_wconf 45' lang='lat' dir='ltr'><strong>enim‘sum</strong></span> <span class='ocrx_word' id='word_1_90' title='bbox 995 619 1389 655; x_wconf 73' lang='lat' dir='ltr'><strong>consolatione;superabundo</strong></span> <span class='ocrx_word' id='word_1_91' title='bbox 1403 619 1536 654; x_wconf 76' lang='lat' dir='ltr'><strong>gaudio&quot;</strong></span> <span class='ocrx_word' id='word_1_92' title='bbox 1557 623 1567 643; x_wconf 90' lang='lat'><strong><em>:</em></strong></span> 
     </span>
    </p>
   </div>
   <div class='ocr_carea' id='block_1_14' title="bbox 188 666 569 695">
    <p class='ocr_par' dir='ltr' id='par_1_14' title="bbox 188 666 569 695">
     <span class='ocr_line' id='line_1_14' title="bbox 188 666 569 695; baseline -0.005 0"><span class='ocrx_word' id='word_1_93' title='bbox 188 675 253 695; x_wconf 90' lang='lat' dir='ltr'><strong>num</strong></span> <span class='ocrx_word' id='word_1_94' title='bbox 266 666 433 694; x_wconf 85' lang='lat' dir='ltr'><strong>Salvatorem</strong></span> <span class='ocrx_word' id='word_1_95' title='bbox 450 666 569 694; x_wconf 80' lang='lat' dir='ltr'><strong>videam.</strong></span> 
     </span>
    </p>
   </div>
   <div class='ocr_carea' id='block_1_15' title="bbox 225 724 974 760">
    <p class='ocr_par' dir='ltr' id='par_1_15' title="bbox 225 724 974 760">
     <span class='ocr_line' id='line_1_15' title="bbox 225 724 974 760; baseline 0.001 -9"><span class='ocrx_word' id='word_1_96' title='bbox 225 724 278 752; x_wconf 69' lang='lat' dir='ltr'><strong>VII.</strong></span> <span class='ocrx_word' id='word_1_97' title='bbox 301 724 346 751; x_wconf 88' lang='lat' dir='ltr'><strong>Sic</strong></span> <span class='ocrx_word' id='word_1_98' title='bbox 367 732 431 752; x_wconf 87' lang='lat' dir='ltr'><strong>vero</strong></span> <span class='ocrx_word' id='word_1_99' title='bbox 455 724 569 751; x_wconf 86' lang='lat' dir='ltr'><strong>saliente</strong></span> <span class='ocrx_word' id='word_1_100' title='bbox 591 731 676 755; x_wconf 83' lang='lat' dir='ltr'><strong>sene.</strong></span> <span class='ocrx_word' id='word_1_101' title='bbox 702 724 849 760; x_wconf 87' lang='lat' dir='ltr'><strong>divinoque</strong></span> <span class='ocrx_word' id='word_1_102' title='bbox 876 726 974 760; x_wconf 67' lang='lat' dir='ltr'><strong>gaudio</strong></span> 
     </span>
    </p>
   </div>
   <div class='ocr_carea' id='block_1_16' title="bbox 187 770 973 806">
    <p class='ocr_par' dir='ltr' id='par_1_16' title="bbox 187 770 973 806">
     <span class='ocr_line' id='line_1_16' title="bbox 187 770 973 806; baseline 0.001 -9"><span class='ocrx_word' id='word_1_103' title='bbox 187 771 336 805; x_wconf 83' lang='lat' dir='ltr'><strong>impensius</strong></span> <span class='ocrx_word' id='word_1_104' title='bbox 353 770 524 802; x_wconf 79' lang='lat' dir='ltr'><strong>exsultante;</strong></span> <span class='ocrx_word' id='word_1_105' title='bbox 542 771 612 805; x_wconf 84' lang='lat' dir='ltr'><strong>quod</strong></span> <span class='ocrx_word' id='word_1_106' title='bbox 630 775 708 798; x_wconf 82' lang='lat' dir='ltr'><strong>antea</strong></span> <span class='ocrx_word' id='word_1_107' title='bbox 724 778 771 806; x_wconf 81' lang='lat' dir='ltr'><strong>per</strong></span> <span class='ocrx_word' id='word_1_108' title='bbox 783 771 895 806; x_wconf 82' lang='lat' dir='ltr'><strong>ﬁguram</strong></span> <span class='ocrx_word' id='word_1_109' title='bbox 909 779 973 805; x_wconf 85' lang='lat' dir='ltr'><strong>pro-</strong></span> 
     </span>
    </p>
   </div>
   <div class='ocr_carea' id='block_1_17' title="bbox 186 815 973 850">
    <p class='ocr_par' dir='ltr' id='par_1_17' title="bbox 186 815 973 850">
     <span class='ocr_line' id='line_1_17' title="bbox 186 815 973 850; baseline 0.001 -7"><span class='ocrx_word' id='word_1_110' title='bbox 186 816 265 850; x_wconf 83' lang='lat' dir='ltr'><strong>pheta</strong></span> <span class='ocrx_word' id='word_1_111' title='bbox 282 816 365 843; x_wconf 86' lang='lat' dir='ltr'><strong>Isaias</strong></span> <span class='ocrx_word' id='word_1_112' title='bbox 389 815 475 843; x_wconf 81' lang='lat' dir='ltr'><strong>fuerat</strong></span> <span class='ocrx_word' id='word_1_113' title='bbox 493 817 656 843; x_wconf 73' lang='lat' dir='ltr'><strong>vaticinatus</strong></span> <span class='ocrx_word' id='word_1_114' title='bbox 674 816 706 848; x_wconf 80' lang='lat'><strong>“,</strong></span> <span class='ocrx_word' id='word_1_115' title='bbox 723 824 801 843; x_wconf 85' lang='lat' dir='ltr'><strong>sacra</strong></span> <span class='ocrx_word' id='word_1_116' title='bbox 825 816 870 844; x_wconf 88' lang='lat' dir='ltr'><strong>Dei</strong></span> <span class='ocrx_word' id='word_1_117' title='bbox 890 817 973 844; x_wconf 80' lang='lat' dir='ltr'><strong>Mater</strong></span> 
     </span>
    </p>
   </div>
   <div class='ocr_carea' id='block_1_18' title="bbox 186 861 974 898">
    <p class='ocr_par' dir='ltr' id='par_1_18' title="bbox 186 861 974 898">
     <span class='ocr_line' id='line_1_18' title="bbox 186 861 974 898; baseline 0.004 -11"><span class='ocrx_word' id='word_1_118' title='bbox 186 862 329 896; x_wconf 80' lang='lat' dir='ltr'><strong>perspicue</strong></span> <span class='ocrx_word' id='word_1_119' title='bbox 346 869 374 888; x_wconf 91' lang='lat' dir='ltr'><strong>rc</strong></span> <span class='ocrx_word' id='word_1_120' title='bbox 398 862 455 896; x_wconf 87' lang='lat' dir='ltr'><strong>ipsa</strong></span> <span class='ocrx_word' id='word_1_121' title='bbox 478 861 551 889; x_wconf 83' lang='lat' dir='ltr'><strong>fecit.</strong></span> <span class='ocrx_word' id='word_1_122' title='bbox 580 863 724 897; x_wconf 82' lang='lat' dir='ltr'><strong>Accipiens</strong></span> <span class='ocrx_word' id='word_1_123' title='bbox 738 863 831 894; x_wconf 90' lang='lat' dir='ltr'><strong>enim,</strong></span> <span class='ocrx_word' id='word_1_124' title='bbox 857 871 889 890; x_wconf 76' lang='lat' dir='ltr'><strong>ex</strong></span> <span class='ocrx_word' id='word_1_125' title='bbox 907 871 974 898; x_wconf 79' lang='lat' dir='ltr'><strong>puro</strong></span> 
     </span>
    </p>
   </div>
   <div class='ocr_carea' id='block_1_19' title="bbox 1032 248 1826 289">
    <p class='ocr_par' dir='ltr' id='par_1_19' title="bbox 1032 248 1826 289">
     <span class='ocr_line' id='line_1_19' title="bbox 1032 248 1826 289; baseline -0.004 -9"><span class='ocrx_word' id='word_1_126' title='bbox 1032 254 1144 289; x_wconf 73' lang='grc' dir='ltr'>οὐρανὸς</span> <span class='ocrx_word' id='word_1_127' title='bbox 1165 254 1283 289; x_wconf 79' lang='grc' dir='ltr'><strong>σήμερον</strong></span> <span class='ocrx_word' id='word_1_128' title='bbox 1296 253 1354 288; x_wconf 75' lang='grc' dir='ltr'>ἅμα</span> <span class='ocrx_word' id='word_1_129' title='bbox 1368 252 1445 289; x_wconf 72' lang='grc' dir='ltr'>ἐμοί’</span> <span class='ocrx_word' id='word_1_130' title='bbox 1467 253 1508 279; x_wconf 83' lang='grc' dir='ltr'>ὅτι</span> <span class='ocrx_word' id='word_1_131' title='bbox 1521 252 1636 287; x_wconf 78' lang='grc' dir='ltr'>ἠλέησεν</span> <span class='ocrx_word' id='word_1_132' title='bbox 1657 252 1671 277; x_wconf 81' lang='grc' dir='ltr'>ὁ</span> <span class='ocrx_word' id='word_1_133' title='bbox 1697 251 1763 282; x_wconf 77' lang='grc' dir='ltr'>θεὸς</span> <span class='ocrx_word' id='word_1_134' title='bbox 1778 248 1826 277; x_wconf 69' lang='grc' dir='ltr'><strong>τὸν</strong></span> 
     </span>
    </p>
   </div>
   <div class='ocr_carea' id='block_1_20' title="bbox 1032 296 1824 334">
    <p class='ocr_par' dir='ltr' id='par_1_20' title="bbox 1032 296 1824 334">
     <span class='ocr_line' id='line_1_20' title="bbox 1032 296 1824 334; baseline -0.003 -10"><span class='ocrx_word' id='word_1_135' title='bbox 1032 299 1095 325; x_wconf 62' lang='grc' dir='ltr'>λαὸν</span> <span class='ocrx_word' id='word_1_136' title='bbox 1110 299 1203 326; x_wconf 77' lang='grc' dir='ltr'>αὐτοῦ.</span> <span class='ocrx_word' id='word_1_137' title='bbox 1227 299 1399 325; x_wconf 83' lang='grc' dir='ltr'>Ῥανάτωσαν</span> <span class='ocrx_word' id='word_1_138' title='bbox 1417 298 1450 334; x_wconf 82' lang='grc' dir='ltr'><strong>δὴ</strong></span> <span class='ocrx_word' id='word_1_139' title='bbox 1479 299 1525 324; x_wconf 73' lang='grc' dir='ltr'>καὶ</span> <span class='ocrx_word' id='word_1_140' title='bbox 1544 298 1572 324; x_wconf 86' lang='grc' dir='ltr'>αἱ</span> <span class='ocrx_word' id='word_1_141' title='bbox 1590 297 1700 332; x_wconf 81' lang='grc' dir='ltr'><strong>νεφέλαι</strong></span> <span class='ocrx_word' id='word_1_142' title='bbox 1721 296 1824 323; x_wconf 73' lang='grc' dir='ltr'>δικαιο-</span> 
     </span>
    </p>
   </div>
   <div class='ocr_carea' id='block_1_21' title="bbox 1034 342 1825 380">
    <p class='ocr_par' dir='ltr' id='par_1_21' title="bbox 1034 342 1825 380">
     <span class='ocr_line' id='line_1_21' title="bbox 1034 342 1825 380; baseline -0.004 -9"><span class='ocrx_word' id='word_1_143' title='bbox 1034 345 1115 380; x_wconf 81' lang='grc' dir='ltr'>σύνην</span> <span class='ocrx_word' id='word_1_144' title='bbox 1138 344 1176 379; x_wconf 79' lang='grc' dir='ltr'>τῷ</span> <span class='ocrx_word' id='word_1_145' title='bbox 1199 344 1312 379; x_wconf 80' lang='grc' dir='ltr'>κόσμῳ·</span> <span class='ocrx_word' id='word_1_146' title='bbox 1339 344 1496 370; x_wconf 74' lang='grc' dir='ltr'>σαλπισάτω</span> <span class='ocrx_word' id='word_1_147' title='bbox 1519 344 1567 370; x_wconf 71' lang='grc' dir='ltr'>καὶ</span> <span class='ocrx_word' id='word_1_148' title='bbox 1585 343 1619 370; x_wconf 80' lang='grc' dir='ltr'>τὰ</span> <span class='ocrx_word' id='word_1_149' title='bbox 1635 342 1749 377; x_wconf 84' lang='grc' dir='ltr'>θεμέλια</span> <span class='ocrx_word' id='word_1_150' title='bbox 1773 342 1825 376; x_wconf 77' lang='grc' dir='ltr'><strong>τῆς</strong></span> 
     </span>
    </p>
   </div>
   <div class='ocr_carea' id='block_1_22' title="bbox 1031 388 1825 426">
    <p class='ocr_par' dir='ltr' id='par_1_22' title="bbox 1031 388 1825 426">
     <span class='ocr_line' id='line_1_22' title="bbox 1031 388 1825 426; baseline -0.004 -10"><span class='ocrx_word' id='word_1_151' title='bbox 1031 391 1081 426; x_wconf 82' lang='grc' dir='ltr'><strong>γῆς</strong></span> <span class='ocrx_word' id='word_1_152' title='bbox 1096 391 1207 426; x_wconf 78' lang='grc' dir='ltr'><strong>εἰρήνην</strong></span> <span class='ocrx_word' id='word_1_153' title='bbox 1223 392 1279 419; x_wconf 77' lang='grc' dir='ltr'>τοῖς</span> <span class='ocrx_word' id='word_1_154' title='bbox 1293 391 1322 416; x_wconf 85' lang='grc' dir='ltr'>ὲν</span> <span class='ocrx_word' id='word_1_155' title='bbox 1336 389 1399 425; x_wconf 78' lang='grc' dir='ltr'>ᾅδου</span> <span class='ocrx_word' id='word_1_156' title='bbox 1410 398 1417 405; x_wconf 77' lang='grc' dir='ltr'><strong>ο</strong></span> <span class='ocrx_word' id='word_1_157' title='bbox 1436 390 1549 425; x_wconf 69' lang='grc' dir='ltr'>πάρεστι</span> <span class='ocrx_word' id='word_1_158' title='bbox 1564 389 1618 424; x_wconf 81' lang='grc' dir='ltr'>γὰρ</span> <span class='ocrx_word' id='word_1_159' title='bbox 1637 390 1653 424; x_wconf 85' lang='grc' dir='ltr'>ἠ</span> <span class='ocrx_word' id='word_1_160' title='bbox 1674 388 1825 418; x_wconf 77' lang='grc' dir='ltr'>ἀνάπασις</span> 
     </span>
    </p>
   </div>
   <div class='ocr_carea' id='block_1_23' title="bbox 1030 432 1825 470">
    <p class='ocr_par' dir='ltr' id='par_1_23' title="bbox 1030 432 1825 470">
     <span class='ocr_line' id='line_1_23' title="bbox 1030 432 1825 470; baseline -0.006 -8"><span class='ocrx_word' id='word_1_161' title='bbox 1030 435 1085 462; x_wconf 82' lang='grc' dir='ltr'>τῶν</span> <span class='ocrx_word' id='word_1_162' title='bbox 1102 435 1318 470; x_wconf 68' lang='grc' dir='ltr'><strong>κεκοιμημένων.</strong></span> <span class='ocrx_word' id='word_1_163' title='bbox 1339 434 1518 462; x_wconf 77' lang='grc' dir='ltr'>Ἀνατειλάτω</span> <span class='ocrx_word' id='word_1_164' title='bbox 1531 434 1578 460; x_wconf 67' lang='grc' dir='ltr'>καὶ</span> <span class='ocrx_word' id='word_1_165' title='bbox 1594 433 1658 469; x_wconf 85' lang='grc' dir='ltr'><strong>ήγῆ</strong></span> <span class='ocrx_word' id='word_1_166' title='bbox 1676 433 1752 464; x_wconf 72' lang='grc' dir='ltr'>ἔλεος</span> <span class='ocrx_word' id='word_1_167' title='bbox 1764 432 1825 463; x_wconf 71' lang='grc' dir='ltr'>τοῖς</span> 
     </span>
    </p>
   </div>
   <div class='ocr_carea' id='block_1_24' title="bbox 1032 477 1825 517">
    <p class='ocr_par' dir='ltr' id='par_1_24' title="bbox 1032 477 1825 517">
     <span class='ocr_line' id='line_1_24' title="bbox 1032 477 1825 517; baseline -0.005 -9"><span class='ocrx_word' id='word_1_168' title='bbox 1032 481 1204 508; x_wconf 76' lang='grc' dir='ltr'><strong>κατοικοῦσιν</strong></span> <span class='ocrx_word' id='word_1_169' title='bbox 1217 482 1310 517; x_wconf 82' lang='grc' dir='ltr'>αὑτήν.</span> <span class='ocrx_word' id='word_1_170' title='bbox 1332 480 1529 515; x_wconf 73' lang='grc' dir='ltr'>Πεπλήρωμαι</span> <span class='ocrx_word' id='word_1_171' title='bbox 1543 479 1598 515; x_wconf 82' lang='grc' dir='ltr'><strong>γὰρ</strong></span> <span class='ocrx_word' id='word_1_172' title='bbox 1614 478 1652 513; x_wconf 79' lang='grc' dir='ltr'>τῇ</span> <span class='ocrx_word' id='word_1_173' title='bbox 1663 477 1825 512; x_wconf 68' lang='grc' dir='ltr'>παρακλή-</span> 
     </span>
    </p>
   </div>
   <div class='ocr_carea' id='block_1_25' title="bbox 1032 521 1825 560">
    <p class='ocr_par' dir='ltr' id='par_1_25' title="bbox 1032 521 1825 560">
     <span class='ocr_line' id='line_1_25' title="bbox 1032 521 1825 560; baseline -0.006 -6"><span class='ocrx_word' id='word_1_174' title='bbox 1032 535 1078 554; x_wconf 86' lang='grc' dir='ltr'><strong>σει</strong></span> <span class='ocrx_word' id='word_1_175' title='bbox 1089 547 1096 559; x_wconf 87' lang='grc'><strong>,</strong></span> <span class='ocrx_word' id='word_1_176' title='bbox 1111 527 1158 553; x_wconf 77' lang='grc' dir='ltr'>καὶ</span> <span class='ocrx_word' id='word_1_177' title='bbox 1175 527 1468 560; x_wconf 77' lang='grc' dir='ltr'><strong>ὑπερπερισσεύομαι</strong></span> <span class='ocrx_word' id='word_1_178' title='bbox 1482 524 1518 559; x_wconf 79' lang='grc' dir='ltr'>τῇ</span> <span class='ocrx_word' id='word_1_179' title='bbox 1531 523 1625 559; x_wconf 81' lang='grc' dir='ltr'>χαρᾷ’</span> <span class='ocrx_word' id='word_1_180' title='bbox 1644 524 1686 550; x_wconf 85' lang='grc' dir='ltr'>ὅτι</span> <span class='ocrx_word' id='word_1_181' title='bbox 1703 521 1774 550; x_wconf 81' lang='grc' dir='ltr'>εἶδόν</span> <span class='ocrx_word' id='word_1_182' title='bbox 1793 531 1825 549; x_wconf 75' lang='grc' dir='ltr'>σι</span> 
     </span>
    </p>
   </div>
   <div class='ocr_carea' id='block_1_26' title="bbox 1028 572 1453 610">
    <p class='ocr_par' dir='ltr' id='par_1_26' title="bbox 1028 572 1453 610">
     <span class='ocr_line' id='line_1_26' title="bbox 1028 572 1453 610; baseline -0.005 -10"><span class='ocrx_word' id='word_1_183' title='bbox 1028 573 1074 600; x_wconf 73' lang='grc' dir='ltr'><strong>τὸν</strong></span> <span class='ocrx_word' id='word_1_184' title='bbox 1091 574 1205 609; x_wconf 76' lang='grc' dir='ltr'>Σωτῆρα</span> <span class='ocrx_word' id='word_1_185' title='bbox 1220 573 1274 600; x_wconf 84' lang='grc' dir='ltr'>τῶν</span> <span class='ocrx_word' id='word_1_186' title='bbox 1292 572 1453 610; x_wconf 84' lang='grc' dir='ltr'>ἀνθρώπων.</span> 
     </span>
    </p>
   </div>
   <div class='ocr_carea' id='block_1_27' title="bbox 1595 616 1821 653">
    <p class='ocr_par' dir='ltr' id='par_1_27' title="bbox 1595 616 1821 653">
     <span class='ocr_line' id='line_1_27' title="bbox 1595 616 1821 653; baseline -0.009 -8"><span class='ocrx_word' id='word_1_187' title='bbox 1595 617 1669 653; x_wconf 90' lang='lat' dir='ltr'><strong>quod</strong></span> <span class='ocrx_word' id='word_1_188' title='bbox 1688 621 1716 644; x_wconf 88' lang='lat' dir='ltr'><strong>te</strong></span> <span class='ocrx_word' id='word_1_189' title='bbox 1730 616 1821 644; x_wconf 84' lang='lat' dir='ltr'><strong>homi-</strong></span> 
     </span>
    </p>
   </div>
   <div class='ocr_carea' id='block_1_28' title="bbox 1063 720 1823 759">
    <p class='ocr_par' dir='ltr' id='par_1_28' title="bbox 1063 720 1823 759">
     <span class='ocr_line' id='line_1_28' title="bbox 1063 720 1823 759; baseline -0.005 -8"><span class='ocrx_word' id='word_1_190' title='bbox 1063 726 1099 751; x_wconf 85' lang='lat' dir='ltr'><strong>Z’.</strong></span> <span class='ocrx_word' id='word_1_191' title='bbox 1116 723 1281 759; x_wconf 82' lang='grc' dir='ltr'>Χορεύοντος</span> <span class='ocrx_word' id='word_1_192' title='bbox 1297 722 1325 749; x_wconf 76' lang='grc' dir='ltr'><strong>δὲ</strong></span> <span class='ocrx_word' id='word_1_193' title='bbox 1339 721 1409 749; x_wconf 72' lang='grc' dir='ltr'>οὕτω</span> <span class='ocrx_word' id='word_1_194' title='bbox 1423 720 1470 748; x_wconf 79' lang='grc' dir='ltr'>τοῦ</span> <span class='ocrx_word' id='word_1_195' title='bbox 1491 721 1654 757; x_wconf 75' lang='grc' dir='ltr'>πρεσϐύτου,</span> <span class='ocrx_word' id='word_1_196' title='bbox 1671 722 1718 748; x_wconf 74' lang='grc' dir='ltr'>καὶ</span> <span class='ocrx_word' id='word_1_197' title='bbox 1737 730 1823 756; x_wconf 86' lang='grc' dir='ltr'>γανυ-</span> 
     </span>
    </p>
   </div>
   <div class='ocr_carea' id='block_1_29' title="bbox 1029 767 1825 805">
    <p class='ocr_par' dir='ltr' id='par_1_29' title="bbox 1029 767 1825 805">
     <span class='ocr_line' id='line_1_29' title="bbox 1029 767 1825 805; baseline -0.004 -9"><span class='ocrx_word' id='word_1_198' title='bbox 1029 770 1109 805; x_wconf 84' lang='grc' dir='ltr'>μένου</span> <span class='ocrx_word' id='word_1_199' title='bbox 1129 771 1161 804; x_wconf 81' lang='grc' dir='ltr'>τῇ</span> <span class='ocrx_word' id='word_1_200' title='bbox 1186 769 1245 804; x_wconf 78' lang='grc' dir='ltr'>θείᾳ</span> <span class='ocrx_word' id='word_1_201' title='bbox 1260 767 1405 804; x_wconf 77' lang='grc' dir='ltr'>εὐφρασίᾳ,</span> <span class='ocrx_word' id='word_1_202' title='bbox 1427 767 1461 794; x_wconf 81' lang='grc' dir='ltr'><strong>τὰ</strong></span> <span class='ocrx_word' id='word_1_203' title='bbox 1479 767 1721 803; x_wconf 77' lang='grc' dir='ltr'>κεχρηματισμένα</span> <span class='ocrx_word' id='word_1_204' title='bbox 1745 777 1825 794; x_wconf 81' lang='grc' dir='ltr'>τυπι-</span> 
     </span>
    </p>
   </div>
   <div class='ocr_carea' id='block_1_30' title="bbox 1027 813 1825 851">
    <p class='ocr_par' dir='ltr' id='par_1_30' title="bbox 1027 813 1825 851">
     <span class='ocr_line' id='line_1_30' title="bbox 1027 813 1825 851; baseline -0.003 -9"><span class='ocrx_word' id='word_1_205' title='bbox 1027 817 1082 848; x_wconf 80' lang='grc' dir='ltr'><strong>κῶς</strong></span> <span class='ocrx_word' id='word_1_206' title='bbox 1092 816 1130 851; x_wconf 85' lang='grc' dir='ltr'>τῷ</span> <span class='ocrx_word' id='word_1_207' title='bbox 1141 817 1266 851; x_wconf 76' lang='grc' dir='ltr'><strong>προφήτῃ</strong></span> <span class='ocrx_word' id='word_1_208' title='bbox 1284 814 1390 849; x_wconf 76' lang='grc' dir='ltr'>Ἡσαΐᾳ,</span> <span class='ocrx_word' id='word_1_209' title='bbox 1403 814 1586 850; x_wconf 73' lang='grc' dir='ltr'>περιφανῶςὴ</span> <span class='ocrx_word' id='word_1_210' title='bbox 1601 813 1661 848; x_wconf 76' lang='grc' dir='ltr'>ἱερὰ</span> <span class='ocrx_word' id='word_1_211' title='bbox 1670 813 1825 850; x_wconf 79' lang='grc' dir='ltr'>Θεομήτωρ</span> 
     </span>
    </p>
   </div>
   <div class='ocr_carea' id='block_1_31' title="bbox 1028 858 1825 896">
    <p class='ocr_par' dir='ltr' id='par_1_31' title="bbox 1028 858 1825 896">
     <span class='ocr_line' id='line_1_31' title="bbox 1028 858 1825 896; baseline -0.004 -8"><span class='ocrx_word' id='word_1_212' title='bbox 1028 861 1152 893; x_wconf 75' lang='grc' dir='ltr'>ἐξετέλει.</span> <span class='ocrx_word' id='word_1_213' title='bbox 1169 861 1224 888; x_wconf 76' lang='grc' dir='ltr'><strong>Καὶ</strong></span> <span class='ocrx_word' id='word_1_214' title='bbox 1236 861 1268 896; x_wconf 82' lang='grc' dir='ltr'><strong>δὴ</strong></span> <span class='ocrx_word' id='word_1_215' title='bbox 1285 860 1421 895; x_wconf 78' lang='grc' dir='ltr'>λαϐομένη</span> <span class='ocrx_word' id='word_1_216' title='bbox 1440 860 1486 886; x_wconf 82' lang='grc' dir='ltr'>τὸν</span> <span class='ocrx_word' id='word_1_217' title='bbox 1510 860 1541 886; x_wconf 83' lang='grc' dir='ltr'>ὲκ</span> <span class='ocrx_word' id='word_1_218' title='bbox 1557 859 1604 885; x_wconf 82' lang='grc' dir='ltr'>τοῦ</span> <span class='ocrx_word' id='word_1_219' title='bbox 1624 860 1761 894; x_wconf 84' lang='grc' dir='ltr'>ἀχράντου</span> <span class='ocrx_word' id='word_1_220' title='bbox 1775 858 1825 887; x_wconf 58' lang='grc' dir='ltr'><strong>καὶ⁵</strong></span> 
     </span>
    </p>
   </div>
   <div class='ocr_carea' id='block_1_32' title="bbox 183 907 968 944">
    <p class='ocr_par' dir='ltr' id='par_1_32' title="bbox 183 908 968 942">
     <span class='ocr_line' id='line_1_32' title="bbox 183 908 968 942; baseline 0.003 -8"><span class='ocrx_word' id='word_1_221' title='bbox 183 908 412 942; x_wconf 83' lang='lat' dir='ltr'><strong>iinmacnlatoque</strong></span> <span class='ocrx_word' id='word_1_222' title='bbox 423 908 500 934; x_wconf 83' lang='lat' dir='ltr'><strong>altari</strong></span> <span class='ocrx_word' id='word_1_223' title='bbox 516 916 576 940; x_wconf 90' lang='lat' dir='ltr'><strong>suo,</strong></span> <span class='ocrx_word' id='word_1_224' title='bbox 589 909 734 936; x_wconf 82' lang='lat' dir='ltr'><strong>carbonem</strong></span> <span class='ocrx_word' id='word_1_225' title='bbox 749 908 823 935; x_wconf 92' lang='lat' dir='ltr'><strong>illum</strong></span> <span class='ocrx_word' id='word_1_226' title='bbox 838 909 968 936; x_wconf 70' lang='lat' dir='ltr'><strong>virilicnm</strong></span> 
     </span>
    </p>
   </div>
   <div class='ocr_carea' id='block_1_33' title="bbox 1021 907 1821 944">
    <p class='ocr_par' dir='ltr' id='par_1_33' title="bbox 1026 907 1821 944">
     <span class='ocr_line' id='line_1_33' title="bbox 1026 907 1821 944; baseline -0.003 -9"><span class='ocrx_word' id='word_1_227' title='bbox 1026 909 1196 944; x_wconf 75' lang='grc' dir='ltr'>παναμώμου</span> <span class='ocrx_word' id='word_1_228' title='bbox 1219 908 1302 943; x_wconf 78' lang='grc' dir='ltr'>αὐτῆς</span> <span class='ocrx_word' id='word_1_229' title='bbox 1326 907 1516 942; x_wconf 78' lang='grc' dir='ltr'><strong>θυσιαστηρίου</strong></span> <span class='ocrx_word' id='word_1_230' title='bbox 1538 907 1729 942; x_wconf 86' lang='grc' dir='ltr'>σαρκωθέντα,</span> <span class='ocrx_word' id='word_1_231' title='bbox 1754 908 1821 940; x_wconf 78' lang='grc' dir='ltr'>ζωο-</span> 
     </span>
    </p>
   </div>
   <div class='ocr_carea' id='block_1_34' title="bbox 183 954 968 986">
    <p class='ocr_par' dir='ltr' id='par_1_34' title="bbox 183 954 968 986">
     <span class='ocr_line' id='line_1_34' title="bbox 183 954 968 986; baseline 0.001 -5"><span class='ocrx_word' id='word_1_232' title='bbox 183 954 394 985; x_wconf 78' lang='lat' dir='ltr'><strong>etinclfabilcm,</strong></span> <span class='ocrx_word' id='word_1_233' title='bbox 414 961 495 981; x_wconf 84' lang='lat' dir='ltr'><strong>carne</strong></span> <span class='ocrx_word' id='word_1_234' title='bbox 510 955 651 986; x_wconf 85' lang='lat' dir='ltr'><strong>indutum.</strong></span> <span class='ocrx_word' id='word_1_235' title='bbox 674 959 830 982; x_wconf 78' lang='lat' dir='ltr'><strong>sanctarum</strong></span> <span class='ocrx_word' id='word_1_236' title='bbox 858 963 968 982; x_wconf 89' lang='lat' dir='ltr'><strong>suarum</strong></span> 
     </span>
    </p>
   </div>
   <div class='ocr_carea' id='block_1_35' title="bbox 183 992 970 1036">
    <p class='ocr_par' dir='ltr' id='par_1_35' title="bbox 183 992 970 1036">
     <span class='ocr_line' id='line_1_35' title="bbox 183 992 970 1036; baseline 0.001 -10"><span class='ocrx_word' id='word_1_237' title='bbox 183 992 311 1026; x_wconf 81' lang='lat' dir='ltr'><strong>manuum</strong></span> <span class='ocrx_word' id='word_1_238' title='bbox 324 999 477 1033; x_wconf 80' lang='lat' dir='ltr'><strong>complexu.</strong></span> <span class='ocrx_word' id='word_1_239' title='bbox 490 1003 618 1034; x_wconf 86' lang='lat' dir='ltr'><strong>tanquam</strong></span> <span class='ocrx_word' id='word_1_240' title='bbox 637 999 750 1034; x_wconf 76' lang='lat' dir='ltr'><strong>forcipe,</strong></span> <span class='ocrx_word' id='word_1_241' title='bbox 762 1000 838 1034; x_wconf 80' lang='lat' dir='ltr'><strong>justo</strong></span> <span class='ocrx_word' id='word_1_242' title='bbox 855 1001 892 1027; x_wconf 89' lang='lat' dir='ltr'><strong>illi</strong></span> <span class='ocrx_word' id='word_1_243' title='bbox 907 1009 970 1036; x_wconf 87' lang='lat' dir='ltr'><strong>por-</strong></span> 
     </span>
    </p>
   </div>
   <div class='ocr_carea' id='block_1_36' title="bbox 182 1045 969 1081">
    <p class='ocr_par' dir='ltr' id='par_1_36' title="bbox 182 1045 969 1081">
     <span class='ocr_line' id='line_1_36' title="bbox 182 1045 969 1081; baseline 0.001 -9"><span class='ocrx_word' id='word_1_244' title='bbox 182 1046 252 1072; x_wconf 81' lang='lat' dir='ltr'><strong>rexit</strong></span> <span class='ocrx_word' id='word_1_245' title='bbox 267 1056 273 1072; x_wconf 89' lang='lat'>:</span> <span class='ocrx_word' id='word_1_246' title='bbox 291 1049 318 1072; x_wconf 85' lang='lat' dir='ltr'><strong>ut</strong></span> <span class='ocrx_word' id='word_1_247' title='bbox 338 1046 404 1072; x_wconf 89' lang='lat' dir='ltr'><strong>mihi</strong></span> <span class='ocrx_word' id='word_1_248' title='bbox 417 1045 526 1080; x_wconf 87' lang='lat' dir='ltr'><strong>quidem</strong></span> <span class='ocrx_word' id='word_1_249' title='bbox 550 1045 667 1074; x_wconf 86' lang='lat' dir='ltr'><strong>videtur.</strong></span> <span class='ocrx_word' id='word_1_250' title='bbox 685 1047 820 1081; x_wconf 86' lang='lat' dir='ltr'><strong>ejusmodi</strong></span> <span class='ocrx_word' id='word_1_251' title='bbox 836 1048 969 1074; x_wconf 88' lang='lat' dir='ltr'><strong>sermoni-</strong></span> 
     </span>
    </p>
   </div>
   <div class='ocr_carea' id='block_1_37' title="bbox 182 1091 969 1127">
    <p class='ocr_par' dir='ltr' id='par_1_37' title="bbox 182 1091 969 1127">
     <span class='ocr_line' id='line_1_37' title="bbox 182 1091 969 1127; baseline 0.003 -8"><span class='ocrx_word' id='word_1_252' title='bbox 182 1091 234 1119; x_wconf 87' lang='lat' dir='ltr'><strong>bus</strong></span> <span class='ocrx_word' id='word_1_253' title='bbox 251 1092 329 1118; x_wconf 83' lang='lat' dir='ltr'><strong>all‘ata</strong></span> <span class='ocrx_word' id='word_1_254' title='bbox 350 1092 452 1127; x_wconf 90' lang='lat' dir='ltr'><strong>pariter</strong></span> <span class='ocrx_word' id='word_1_255' title='bbox 466 1096 492 1119; x_wconf 89' lang='lat' dir='ltr'><strong>et</strong></span> <span class='ocrx_word' id='word_1_256' title='bbox 507 1092 614 1119; x_wconf 84' lang='lat' dir='ltr'><strong>hortata</strong></span> <span class='ocrx_word' id='word_1_257' title='bbox 629 1103 635 1120; x_wconf 73' lang='grc' dir='ltr'><strong>ε</strong></span> <span class='ocrx_word' id='word_1_258' title='bbox 654 1093 736 1120; x_wconf 86' lang='lat' dir='ltr'><strong>Sume</strong></span> <span class='ocrx_word' id='word_1_259' title='bbox 747 1114 754 1126; x_wconf 85' lang='lat'><em>,</em></span> <span class='ocrx_word' id='word_1_260' title='bbox 782 1102 864 1121; x_wconf 75' lang='lat' dir='ltr'><strong>senex</strong></span> <span class='ocrx_word' id='word_1_261' title='bbox 881 1095 969 1121; x_wconf 89' lang='lat' dir='ltr'><strong>bono-</strong></span> 
     </span>
    </p>
   </div>
   <div class='ocr_carea' id='block_1_38' title="bbox 181 1139 970 1173">
    <p class='ocr_par' dir='ltr' id='par_1_38' title="bbox 181 1139 970 1173">
     <span class='ocr_line' id='line_1_38' title="bbox 181 1139 970 1173; baseline 0.004 -9"><span class='ocrx_word' id='word_1_262' title='bbox 181 1143 250 1169; x_wconf 82' lang='lat' dir='ltr'><strong>rate,</strong></span> <span class='ocrx_word' id='word_1_263' title='bbox 267 1139 494 1173; x_wconf 83' lang='lat' dir='ltr'><strong>sacerdotumque</strong></span> <span class='ocrx_word' id='word_1_264' title='bbox 509 1139 627 1173; x_wconf 85' lang='lat' dir='ltr'><strong>optime,</strong></span> <span class='ocrx_word' id='word_1_265' title='bbox 647 1147 724 1167; x_wconf 85' lang='lat' dir='ltr'><strong>sume</strong></span> <span class='ocrx_word' id='word_1_266' title='bbox 736 1139 895 1173; x_wconf 87' lang='lat' dir='ltr'><strong>Dominum;</strong></span> <span class='ocrx_word' id='word_1_267' title='bbox 909 1146 970 1167; x_wconf 86' lang='lat' dir='ltr'><strong>tua-</strong></span> 
     </span>
    </p>
   </div>
   <div class='ocr_carea' id='block_1_39' title="bbox 181 1185 970 1221">
    <p class='ocr_par' dir='ltr' id='par_1_39' title="bbox 181 1185 970 1221">
     <span class='ocr_line' id='line_1_39' title="bbox 181 1185 970 1221; baseline 0.003 -11"><span class='ocrx_word' id='word_1_268' title='bbox 181 1192 234 1218; x_wconf 83' lang='lat' dir='ltr'><strong>que</strong></span> <span class='ocrx_word' id='word_1_269' title='bbox 249 1185 293 1211; x_wconf 83' lang='lat' dir='ltr'><strong>illa</strong></span> <span class='ocrx_word' id='word_1_270' title='bbox 311 1193 364 1212; x_wconf 87' lang='lat' dir='ltr'><strong>non</strong></span> <span class='ocrx_word' id='word_1_271' title='bbox 382 1185 462 1212; x_wconf 81' lang='lat' dir='ltr'><strong>vidua</strong></span> <span class='ocrx_word' id='word_1_272' title='bbox 477 1193 526 1219; x_wconf 88' lang='lat' dir='ltr'><strong>spe</strong></span> <span class='ocrx_word' id='word_1_273' title='bbox 540 1190 567 1211; x_wconf 90' lang='lat' dir='ltr'><strong>et</strong></span> <span class='ocrx_word' id='word_1_274' title='bbox 583 1185 716 1217; x_wconf 86' lang='lat' dir='ltr'><strong>desolata.</strong></span> <span class='ocrx_word' id='word_1_275' title='bbox 733 1185 832 1212; x_wconf 82' lang='lat' dir='ltr'><strong>fruere.</strong></span> <span class='ocrx_word' id='word_1_276' title='bbox 855 1186 970 1221; x_wconf 88' lang='lat' dir='ltr'><strong>Suscipe</strong></span> 
     </span>
    </p>
   </div>
   <div class='ocr_carea' id='block_1_40' title="bbox 182 1230 970 1265">
    <p class='ocr_par' dir='ltr' id='par_1_40' title="bbox 182 1230 970 1265">
     <span class='ocr_line' id='line_1_40' title="bbox 182 1230 970 1265; baseline 0.001 -8"><span class='ocrx_word' id='word_1_277' title='bbox 182 1231 340 1257; x_wconf 81' lang='lat' dir='ltr'><strong>thesaurum</strong></span> <span class='ocrx_word' id='word_1_278' title='bbox 375 1231 610 1264; x_wconf 80' lang='lat' dir='ltr'><strong>indefectibilem,</strong></span> <span class='ocrx_word' id='word_1_279' title='bbox 646 1230 811 1265; x_wconf 83' lang='lat' dir='ltr'><strong>divitiasque</strong></span> <span class='ocrx_word' id='word_1_280' title='bbox 840 1230 970 1258; x_wconf 66' lang='lat' dir='ltr'><strong>inaul‘eri-</strong></span> 
     </span>
    </p>
   </div>
   <div class='ocr_carea' id='block_1_41' title="bbox 181 1276 971 1312">
    <p class='ocr_par' dir='ltr' id='par_1_41' title="bbox 181 1276 971 1312">
     <span class='ocr_line' id='line_1_41' title="bbox 181 1276 971 1312; baseline 0.001 -9"><span class='ocrx_word' id='word_1_281' title='bbox 181 1277 259 1307; x_wconf 80' lang='lat' dir='ltr'><strong>biles,</strong></span> <span class='ocrx_word' id='word_1_282' title='bbox 277 1277 317 1303; x_wconf 76' lang='lat' dir='ltr'><strong>vir</strong></span> <span class='ocrx_word' id='word_1_283' title='bbox 329 1276 551 1312; x_wconf 75' lang='lat' dir='ltr'><strong>generosissime.</strong></span> <span class='ocrx_word' id='word_1_284' title='bbox 575 1276 736 1310; x_wconf 80' lang='lat' dir='ltr'><strong>Amplexare</strong></span> <span class='ocrx_word' id='word_1_285' title='bbox 759 1276 906 1311; x_wconf 88' lang='lat' dir='ltr'><strong>potentiam</strong></span> <span class='ocrx_word' id='word_1_286' title='bbox 928 1277 971 1304; x_wconf 90' lang='lat' dir='ltr'><strong>in-</strong></span> 
     </span>
    </p>
   </div>
   <div class='ocr_carea' id='block_1_42' title="bbox 180 1321 970 1357">
    <p class='ocr_par' dir='ltr' id='par_1_42' title="bbox 180 1321 970 1357">
     <span class='ocr_line' id='line_1_42' title="bbox 180 1321 970 1357; baseline 0 -7"><span class='ocrx_word' id='word_1_287' title='bbox 180 1323 360 1350; x_wconf 83' lang='lat' dir='ltr'><strong>enarrabiletn</strong></span> <span class='ocrx_word' id='word_1_288' title='bbox 376 1322 483 1356; x_wconf 88' lang='lat' dir='ltr'><strong>vimque</strong></span> <span class='ocrx_word' id='word_1_289' title='bbox 509 1321 829 1356; x_wconf 86' lang='lat' dir='ltr'><strong>incomprehensibilem,</strong></span> <span class='ocrx_word' id='word_1_290' title='bbox 853 1330 913 1357; x_wconf 66' lang='lat' dir='ltr'><strong>quae</strong></span> <span class='ocrx_word' id='word_1_291' title='bbox 944 1327 970 1350; x_wconf 84' lang='lat' dir='ltr'><strong>te</strong></span> 
     </span>
    </p>
   </div>
   <div class='ocr_carea' id='block_1_43' title="bbox 182 1368 968 1403">
    <p class='ocr_par' dir='ltr' id='par_1_43' title="bbox 182 1368 968 1403">
     <span class='ocr_line' id='line_1_43' title="bbox 182 1368 968 1403; baseline -0.001 -7"><span class='ocrx_word' id='word_1_292' title='bbox 182 1370 286 1400; x_wconf 79' lang='lat' dir='ltr'><strong>l&#39;uiciat,</strong></span> <span class='ocrx_word' id='word_1_293' title='bbox 303 1369 345 1394; x_wconf 77' lang='lat' dir='ltr'><strong>vir</strong></span> <span class='ocrx_word' id='word_1_294' title='bbox 359 1368 570 1403; x_wconf 85' lang='lat' dir='ltr'><strong>sapientissime.</strong></span> <span class='ocrx_word' id='word_1_295' title='bbox 587 1368 819 1403; x_wconf 84' lang='lat' dir='ltr'><strong>Circumplectere</strong></span> <span class='ocrx_word' id='word_1_296' title='bbox 835 1369 968 1396; x_wconf 72' lang='lat' dir='ltr'><strong>infinitam</strong></span> 
     </span>
    </p>
   </div>
   <div class='ocr_carea' id='block_1_44' title="bbox 180 1413 968 1449">
    <p class='ocr_par' dir='ltr' id='par_1_44' title="bbox 180 1413 968 1449">
     <span class='ocr_line' id='line_1_44' title="bbox 180 1413 968 1449; baseline 0 -7"><span class='ocrx_word' id='word_1_297' title='bbox 180 1414 414 1449; x_wconf 81' lang='lat' dir='ltr'><strong>magnitudinem.</strong></span> <span class='ocrx_word' id='word_1_298' title='bbox 444 1413 684 1448; x_wconf 81' lang='lat' dir='ltr'><strong>fortitudinemque</strong></span> <span class='ocrx_word' id='word_1_299' title='bbox 708 1414 946 1448; x_wconf 89' lang='lat' dir='ltr'><strong>incomparabilem</strong></span> <span class='ocrx_word' id='word_1_300' title='bbox 960 1436 968 1448; x_wconf 87' lang='grc'><strong>,</strong></span> 
     </span>
    </p>
   </div>
   <div class='ocr_carea' id='block_1_45' title="bbox 180 1460 970 1496">
    <p class='ocr_par' dir='ltr' id='par_1_45' title="bbox 180 1460 970 1496">
     <span class='ocr_line' id='line_1_45' title="bbox 180 1460 970 1496; baseline -0.001 -8"><span class='ocrx_word' id='word_1_301' title='bbox 180 1468 320 1488; x_wconf 81' lang='lat' dir='ltr'><strong>sacrorum</strong></span> <span class='ocrx_word' id='word_1_302' title='bbox 339 1460 446 1487; x_wconf 73' lang='lat' dir='ltr'><strong>aeJitne.</strong></span> <span class='ocrx_word' id='word_1_303' title='bbox 463 1460 677 1495; x_wconf 84' lang='lat' dir='ltr'><strong>Circumplicare</strong></span> <span class='ocrx_word' id='word_1_304' title='bbox 687 1461 739 1496; x_wconf 89' lang='lat' dir='ltr'><strong>ipsi</strong></span> <span class='ocrx_word' id='word_1_305' title='bbox 757 1469 804 1496; x_wconf 89' lang='lat' dir='ltr'><strong>per</strong></span> <span class='ocrx_word' id='word_1_306' title='bbox 823 1469 853 1489; x_wconf 86' lang='lat' dir='ltr'><strong>se</strong></span> <span class='ocrx_word' id='word_1_307' title='bbox 864 1461 970 1492; x_wconf 70' lang='lat' dir='ltr'><strong>\&#39;it2e,ct</strong></span> 
     </span>
    </p>
   </div>
   <div class='ocr_carea' id='block_1_46' title="bbox 179 1507 968 1542">
    <p class='ocr_par' dir='ltr' id='par_1_46' title="bbox 179 1507 968 1542">
     <span class='ocr_line' id='line_1_46' title="bbox 179 1507 968 1542; baseline 0.001 -9"><span class='ocrx_word' id='word_1_308' title='bbox 179 1507 250 1538; x_wconf 79' lang='lat' dir='ltr'><strong>vive,</strong></span> <span class='ocrx_word' id='word_1_309' title='bbox 266 1507 306 1534; x_wconf 80' lang='lat' dir='ltr'><strong>vir</strong></span> <span class='ocrx_word' id='word_1_310' title='bbox 329 1507 570 1534; x_wconf 84' lang='lat' dir='ltr'><strong>venerabilissime.</strong></span> <span class='ocrx_word' id='word_1_311' title='bbox 599 1507 707 1535; x_wconf 85' lang='lat' dir='ltr'><strong>Arctius</strong></span> <span class='ocrx_word' id='word_1_312' title='bbox 737 1508 968 1542; x_wconf 86' lang='lat' dir='ltr'><strong>incorruptionem</strong></span> 
     </span>
    </p>
   </div>
   <div class='ocr_carea' id='block_1_47' title="bbox 179 1552 968 1587">
    <p class='ocr_par' dir='ltr' id='par_1_47' title="bbox 179 1552 968 1587">
     <span class='ocr_line' id='line_1_47' title="bbox 179 1552 968 1587; baseline 0.003 -10"><span class='ocrx_word' id='word_1_313' title='bbox 179 1553 346 1586; x_wconf 75' lang='lat' dir='ltr'><strong>constringe,</strong></span> <span class='ocrx_word' id='word_1_314' title='bbox 362 1556 388 1579; x_wconf 90' lang='lat' dir='ltr'><strong>et</strong></span> <span class='ocrx_word' id='word_1_315' title='bbox 404 1559 544 1585; x_wconf 82' lang='lat' dir='ltr'><strong>renovare,</strong></span> <span class='ocrx_word' id='word_1_316' title='bbox 560 1553 601 1579; x_wconf 83' lang='lat' dir='ltr'><strong>vir</strong></span> <span class='ocrx_word' id='word_1_317' title='bbox 617 1552 779 1587; x_wconf 88' lang='lat' dir='ltr'><strong>justissime.</strong></span> <span class='ocrx_word' id='word_1_318' title='bbox 796 1552 867 1580; x_wconf 85' lang='lat' dir='ltr'><strong>Nihil</strong></span> <span class='ocrx_word' id='word_1_319' title='bbox 881 1552 968 1579; x_wconf 80' lang='lat' dir='ltr'><strong>audax</strong></span> 
     </span>
    </p>
   </div>
   <div class='ocr_carea' id='block_1_48' title="bbox 1028 952 1825 989">
    <p class='ocr_par' dir='ltr' id='par_1_48' title="bbox 1028 952 1825 989">
     <span class='ocr_line' id='line_1_48' title="bbox 1028 952 1825 989; baseline -0.003 -8"><span class='ocrx_word' id='word_1_320' title='bbox 1028 955 1103 981; x_wconf 79' lang='grc' dir='ltr'>ποιὸν</span> <span class='ocrx_word' id='word_1_321' title='bbox 1117 955 1163 981; x_wconf 67' lang='grc' dir='ltr'>καὶ</span> <span class='ocrx_word' id='word_1_322' title='bbox 1180 955 1365 989; x_wconf 73' lang='grc' dir='ltr'>ἁνέκφραστον</span> <span class='ocrx_word' id='word_1_323' title='bbox 1379 952 1514 988; x_wconf 84' lang='grc' dir='ltr'>ἄνθρακα,</span> <span class='ocrx_word' id='word_1_324' title='bbox 1529 953 1566 984; x_wconf 88' lang='grc' dir='ltr'><em>ὼς</em></span> <span class='ocrx_word' id='word_1_325' title='bbox 1578 952 1666 979; x_wconf 74' lang='grc' dir='ltr'>λαῧίδι</span> <span class='ocrx_word' id='word_1_326' title='bbox 1678 954 1712 988; x_wconf 77' lang='grc' dir='ltr'><strong>τῇ</strong></span> <span class='ocrx_word' id='word_1_327' title='bbox 1727 953 1825 984; x_wconf 80' lang='grc' dir='ltr'>συζεύ-</span> 
     </span>
    </p>
   </div>
   <div class='ocr_carea' id='block_1_49' title="bbox 1025 998 1824 1034">
    <p class='ocr_par' dir='ltr' id='par_1_49' title="bbox 1025 998 1824 1034">
     <span class='ocr_line' id='line_1_49' title="bbox 1025 998 1824 1034; baseline -0.004 -7"><span class='ocrx_word' id='word_1_328' title='bbox 1025 1001 1064 1033; x_wconf 82' lang='grc' dir='ltr'>ξει</span> <span class='ocrx_word' id='word_1_329' title='bbox 1084 1000 1138 1028; x_wconf 83' lang='grc' dir='ltr'>τῶν</span> <span class='ocrx_word' id='word_1_330' title='bbox 1160 1000 1245 1034; x_wconf 87' lang='grc' dir='ltr'><strong>ἁγίων</strong></span> <span class='ocrx_word' id='word_1_331' title='bbox 1262 999 1347 1034; x_wconf 74' lang='grc' dir='ltr'>αὐτῆς</span> <span class='ocrx_word' id='word_1_332' title='bbox 1363 999 1473 1034; x_wconf 84' lang='grc' dir='ltr'>χειρῶν,</span> <span class='ocrx_word' id='word_1_333' title='bbox 1490 998 1530 1033; x_wconf 81' lang='grc' dir='ltr'>τῷ</span> <span class='ocrx_word' id='word_1_334' title='bbox 1549 998 1644 1034; x_wconf 86' lang='grc' dir='ltr'>δικαίῳ</span> <span class='ocrx_word' id='word_1_335' title='bbox 1667 998 1824 1034; x_wconf 77' lang='grc' dir='ltr'><strong>προέτεινε,</strong></span> 
     </span>
    </p>
   </div>
   <div class='ocr_carea' id='block_1_50' title="bbox 1023 1044 1822 1081">
    <p class='ocr_par' dir='ltr' id='par_1_50' title="bbox 1023 1044 1822 1081">
     <span class='ocr_line' id='line_1_50' title="bbox 1023 1044 1822 1081; baseline -0.004 -8"><span class='ocrx_word' id='word_1_336' title='bbox 1023 1046 1146 1078; x_wconf 81' lang='grc' dir='ltr'>τοιαῦτα,</span> <span class='ocrx_word' id='word_1_337' title='bbox 1160 1046 1222 1081; x_wconf 75' lang='grc' dir='ltr'>ἐμοὶ</span> <span class='ocrx_word' id='word_1_338' title='bbox 1237 1045 1320 1077; x_wconf 83' lang='grc' dir='ltr'>δοκεῖ,</span> <span class='ocrx_word' id='word_1_339' title='bbox 1338 1044 1453 1079; x_wconf 83' lang='grc' dir='ltr'>λέγουσά</span> <span class='ocrx_word' id='word_1_340' title='bbox 1467 1053 1498 1071; x_wconf 88' lang='grc' dir='ltr'><strong>τε</strong></span> <span class='ocrx_word' id='word_1_341' title='bbox 1513 1044 1571 1079; x_wconf 68' lang='grc' dir='ltr'>ἅμα</span> <span class='ocrx_word' id='word_1_342' title='bbox 1589 1044 1636 1071; x_wconf 80' lang='grc' dir='ltr'>καὶ</span> <span class='ocrx_word' id='word_1_343' title='bbox 1649 1044 1822 1079; x_wconf 80' lang='grc' dir='ltr'>παρακελεύ-</span> 
     </span>
    </p>
   </div>
   <div class='ocr_carea' id='block_1_51' title="bbox 1024 1090 1821 1126">
    <p class='ocr_par' dir='ltr' id='par_1_51' title="bbox 1024 1090 1821 1126">
     <span class='ocr_line' id='line_1_51' title="bbox 1024 1090 1821 1126; baseline -0.003 -8"><span class='ocrx_word' id='word_1_344' title='bbox 1024 1101 1106 1119; x_wconf 89' lang='grc' dir='ltr'>ουσα·</span> <span class='ocrx_word' id='word_1_345' title='bbox 1129 1091 1271 1122; x_wconf 79' lang='grc' dir='ltr'>Ἀπόλαϐε,</span> <span class='ocrx_word' id='word_1_346' title='bbox 1289 1090 1428 1126; x_wconf 73' lang='grc' dir='ltr'>πρεσϐύτα</span> <span class='ocrx_word' id='word_1_347' title='bbox 1443 1090 1526 1125; x_wconf 88' lang='grc' dir='ltr'>τίμιε,</span> <span class='ocrx_word' id='word_1_348' title='bbox 1544 1090 1590 1117; x_wconf 77' lang='grc' dir='ltr'><strong>καὶ</strong></span> <span class='ocrx_word' id='word_1_349' title='bbox 1605 1090 1699 1126; x_wconf 84' lang='grc' dir='ltr'><strong>ἱερέων</strong></span> <span class='ocrx_word' id='word_1_350' title='bbox 1713 1090 1821 1126; x_wconf 80' lang='grc' dir='ltr'>ἄριστε,</span> 
     </span>
    </p>
   </div>
   <div class='ocr_carea' id='block_1_52' title="bbox 1024 1135 1822 1172">
    <p class='ocr_par' dir='ltr' id='par_1_52' title="bbox 1024 1135 1822 1172">
     <span class='ocr_line' id='line_1_52' title="bbox 1024 1135 1822 1172; baseline -0.003 -8"><span class='ocrx_word' id='word_1_351' title='bbox 1024 1137 1144 1164; x_wconf 80' lang='grc' dir='ltr'>ἀπόλαϐε</span> <span class='ocrx_word' id='word_1_352' title='bbox 1157 1137 1201 1163; x_wconf 84' lang='grc' dir='ltr'>τὸν</span> <span class='ocrx_word' id='word_1_353' title='bbox 1216 1136 1327 1172; x_wconf 76' lang='grc' dir='ltr'>Κύριον,</span> <span class='ocrx_word' id='word_1_354' title='bbox 1343 1136 1390 1163; x_wconf 68' lang='grc' dir='ltr'>καὶ</span> <span class='ocrx_word' id='word_1_355' title='bbox 1403 1136 1521 1162; x_wconf 83' lang='grc' dir='ltr'>ἀπόλαυε</span> <span class='ocrx_word' id='word_1_356' title='bbox 1537 1135 1586 1170; x_wconf 81' lang='grc' dir='ltr'><strong>τῆς</strong></span> <span class='ocrx_word' id='word_1_357' title='bbox 1601 1136 1630 1162; x_wconf 82' lang='grc' dir='ltr'><strong>ού</strong></span> <span class='ocrx_word' id='word_1_358' title='bbox 1646 1136 1822 1172; x_wconf 78' lang='grc' dir='ltr'>χηρευσάσης</span> 
     </span>
    </p>
   </div>
   <div class='ocr_carea' id='block_1_53' title="bbox 1026 1182 1823 1218">
    <p class='ocr_par' dir='ltr' id='par_1_53' title="bbox 1026 1182 1823 1218">
     <span class='ocr_line' id='line_1_53' title="bbox 1026 1182 1823 1218; baseline -0.003 -7"><span class='ocrx_word' id='word_1_359' title='bbox 1026 1193 1072 1211; x_wconf 87' lang='grc' dir='ltr'><strong>σου</strong></span> <span class='ocrx_word' id='word_1_360' title='bbox 1097 1184 1212 1215; x_wconf 70' lang='grc' dir='ltr'>ἐλπίδος.</span> <span class='ocrx_word' id='word_1_361' title='bbox 1235 1182 1377 1215; x_wconf 81' lang='grc' dir='ltr'>Ύπόδεξαι</span> <span class='ocrx_word' id='word_1_362' title='bbox 1405 1182 1539 1218; x_wconf 84' lang='grc' dir='ltr'>θησαυρὸν</span> <span class='ocrx_word' id='word_1_363' title='bbox 1563 1182 1741 1214; x_wconf 81' lang='grc' dir='ltr'>ἀνέκλειπον,</span> <span class='ocrx_word' id='word_1_364' title='bbox 1774 1182 1823 1209; x_wconf 75' lang='grc' dir='ltr'>καὶ</span> 
     </span>
    </p>
   </div>
   <div class='ocr_carea' id='block_1_54' title="bbox 1024 1228 1822 1264">
    <p class='ocr_par' dir='ltr' id='par_1_54' title="bbox 1024 1228 1822 1264">
     <span class='ocr_line' id='line_1_54' title="bbox 1024 1228 1822 1264; baseline -0.003 -7"><span class='ocrx_word' id='word_1_365' title='bbox 1024 1230 1137 1256; x_wconf 79' lang='grc' dir='ltr'>πλοῦτον</span> <span class='ocrx_word' id='word_1_366' title='bbox 1154 1229 1345 1264; x_wconf 83' lang='grc' dir='ltr'>ἀναφαίρετον,</span> <span class='ocrx_word' id='word_1_367' title='bbox 1362 1228 1609 1264; x_wconf 61' lang='grc' dir='ltr'>μγαλοφυὲστατε.</span> <span class='ocrx_word' id='word_1_368' title='bbox 1627 1228 1822 1262; x_wconf 83' lang='grc' dir='ltr'>Ἐναγκάλισαι</span> 
     </span>
    </p>
   </div>
   <div class='ocr_carea' id='block_1_55' title="bbox 1025 1274 1822 1311">
    <p class='ocr_par' dir='ltr' id='par_1_55' title="bbox 1025 1274 1822 1311">
     <span class='ocr_line' id='line_1_55' title="bbox 1025 1274 1822 1311; baseline -0.001 -9"><span class='ocrx_word' id='word_1_369' title='bbox 1025 1276 1124 1311; x_wconf 81' lang='grc' dir='ltr'>κράτος</span> <span class='ocrx_word' id='word_1_370' title='bbox 1149 1275 1361 1310; x_wconf 82' lang='grc' dir='ltr'>ἀνεκδιήγητον,</span> <span class='ocrx_word' id='word_1_371' title='bbox 1393 1274 1441 1300; x_wconf 72' lang='grc' dir='ltr'>καὶ</span> <span class='ocrx_word' id='word_1_372' title='bbox 1458 1274 1584 1310; x_wconf 50' lang='grc' dir='ltr'>ηδύναμιν</span> <span class='ocrx_word' id='word_1_373' title='bbox 1610 1274 1822 1310; x_wconf 66' lang='grc' dir='ltr'>ἀνεξερεύνητον</span> 
     </span>
    </p>
   </div>
   <div class='ocr_carea' id='block_1_56' title="bbox 1025 1320 1824 1357">
    <p class='ocr_par' dir='ltr' id='par_1_56' title="bbox 1025 1320 1824 1357">
     <span class='ocr_line' id='line_1_56' title="bbox 1025 1320 1824 1357; baseline 0 -10"><span class='ocrx_word' id='word_1_374' title='bbox 1025 1322 1180 1357; x_wconf 80' lang='grc' dir='ltr'>ἐρείδουσάν</span> <span class='ocrx_word' id='word_1_375' title='bbox 1203 1330 1243 1352; x_wconf 87' lang='grc' dir='ltr'><strong>σε,</strong></span> <span class='ocrx_word' id='word_1_376' title='bbox 1270 1321 1419 1355; x_wconf 81' lang='grc' dir='ltr'>σοφώτατε.</span> <span class='ocrx_word' id='word_1_377' title='bbox 1439 1320 1572 1356; x_wconf 82' lang='grc' dir='ltr'>Περίλαόε</span> <span class='ocrx_word' id='word_1_378' title='bbox 1590 1320 1705 1357; x_wconf 62' lang='grc' dir='ltr'>μέγεθος</span> <span class='ocrx_word' id='word_1_379' title='bbox 1724 1321 1824 1356; x_wconf 73' lang='grc' dir='ltr'>ἀπεμ-</span> 
     </span>
    </p>
   </div>
   <div class='ocr_carea' id='block_1_57' title="bbox 1024 1365 1824 1404">
    <p class='ocr_par' dir='ltr' id='par_1_57' title="bbox 1024 1365 1824 1404">
     <span class='ocr_line' id='line_1_57' title="bbox 1024 1365 1824 1404; baseline -0.004 -10"><span class='ocrx_word' id='word_1_380' title='bbox 1024 1368 1141 1404; x_wconf 74' lang='grc' dir='ltr'>ύριστον,</span> <span class='ocrx_word' id='word_1_381' title='bbox 1164 1368 1211 1395; x_wconf 79' lang='grc' dir='ltr'><strong>καὶ</strong></span> <span class='ocrx_word' id='word_1_382' title='bbox 1227 1368 1303 1403; x_wconf 78' lang='grc' dir='ltr'>ἰσχὺν</span> <span class='ocrx_word' id='word_1_383' title='bbox 1320 1368 1494 1399; x_wconf 83' lang='grc' dir='ltr'>ἀνείκαστον,</span> <span class='ocrx_word' id='word_1_384' title='bbox 1516 1367 1637 1403; x_wconf 79' lang='grc' dir='ltr'>ἱεροκόρε</span> <span class='ocrx_word' id='word_1_385' title='bbox 1655 1367 1723 1402; x_wconf 84' lang='lat'><strong>(57).</strong></span> <span class='ocrx_word' id='word_1_386' title='bbox 1739 1365 1824 1403; x_wconf 74' lang='grc' dir='ltr'>Περί-</span> 
     </span>
    </p>
   </div>
   <div class='ocr_carea' id='block_1_58' title="bbox 1025 1412 1821 1449">
    <p class='ocr_par' dir='ltr' id='par_1_58' title="bbox 1025 1412 1821 1449">
     <span class='ocr_line' id='line_1_58' title="bbox 1025 1412 1821 1449; baseline 0.001 -9"><span class='ocrx_word' id='word_1_387' title='bbox 1025 1413 1142 1449; x_wconf 76' lang='grc' dir='ltr'>πλάκηθι</span> <span class='ocrx_word' id='word_1_388' title='bbox 1162 1414 1194 1449; x_wconf 85' lang='grc' dir='ltr'>τῇ</span> <span class='ocrx_word' id='word_1_389' title='bbox 1217 1413 1285 1449; x_wconf 80' lang='grc' dir='ltr'><strong>αύτῇ</strong></span> <span class='ocrx_word' id='word_1_390' title='bbox 1304 1414 1437 1449; x_wconf 76' lang='grc' dir='ltr'>αὑτοζωῇ,</span> <span class='ocrx_word' id='word_1_391' title='bbox 1453 1413 1499 1440; x_wconf 78' lang='grc' dir='ltr'>καὶ</span> <span class='ocrx_word' id='word_1_392' title='bbox 1517 1413 1590 1449; x_wconf 78' lang='grc' dir='ltr'>ζῆθι.</span> <span class='ocrx_word' id='word_1_393' title='bbox 1609 1412 1821 1448; x_wconf 73' lang='grc' dir='ltr'>αἱδεσιμὼτατσ.</span> 
     </span>
    </p>
   </div>
   <div class='ocr_carea' id='block_1_59' title="bbox 1024 1458 1820 1496">
    <p class='ocr_par' dir='ltr' id='par_1_59' title="bbox 1024 1458 1820 1496">
     <span class='ocr_line' id='line_1_59' title="bbox 1024 1458 1820 1496; baseline 0.001 -11"><span class='ocrx_word' id='word_1_394' title='bbox 1024 1458 1191 1494; x_wconf 76' lang='grc' dir='ltr'>Περίπτυξαι</span> <span class='ocrx_word' id='word_1_395' title='bbox 1209 1460 1258 1494; x_wconf 84' lang='grc' dir='ltr'>τὴν</span> <span class='ocrx_word' id='word_1_396' title='bbox 1283 1459 1450 1495; x_wconf 71' lang='grc' dir='ltr'>ἀφθαρσίαν,</span> <span class='ocrx_word' id='word_1_397' title='bbox 1478 1460 1525 1486; x_wconf 68' lang='grc' dir='ltr'>καὶ</span> <span class='ocrx_word' id='word_1_398' title='bbox 1546 1459 1820 1496; x_wconf 81' lang='grc' dir='ltr'>ἀνακαινοποιήθητι,</span> 
     </span>
    </p>
   </div>
   <div class='ocr_carea' id='block_1_60' title="bbox 1023 1505 1821 1542">
    <p class='ocr_par' dir='ltr' id='par_1_60' title="bbox 1023 1505 1821 1542">
     <span class='ocr_line' id='line_1_60' title="bbox 1023 1505 1821 1542; baseline 0.004 -12"><span class='ocrx_word' id='word_1_399' title='bbox 1023 1505 1185 1532; x_wconf 78' lang='grc' dir='ltr'>δικαιότατε.</span> <span class='ocrx_word' id='word_1_400' title='bbox 1202 1505 1238 1532; x_wconf 83' lang='grc' dir='ltr'><strong>Ού</strong></span> <span class='ocrx_word' id='word_1_401' title='bbox 1262 1505 1396 1540; x_wconf 81' lang='grc' dir='ltr'>τολμηρὸν</span> <span class='ocrx_word' id='word_1_402' title='bbox 1418 1505 1448 1531; x_wconf 79' lang='grc' dir='ltr'>τὸ</span> <span class='ocrx_word' id='word_1_403' title='bbox 1469 1505 1636 1541; x_wconf 74' lang='grc' dir='ltr'>ἐγχείρημα·</span> <span class='ocrx_word' id='word_1_404' title='bbox 1655 1506 1693 1542; x_wconf 79' lang='grc' dir='ltr'>μὴ</span> <span class='ocrx_word' id='word_1_405' title='bbox 1707 1505 1821 1539; x_wconf 74' lang='grc' dir='ltr'>ὅκλαζι,</span> 
     </span>
    </p>
   </div>
   <div class='ocr_carea' id='block_1_61' title="bbox 1024 1550 1820 1586">
    <p class='ocr_par' dir='ltr' id='par_1_61' title="bbox 1024 1550 1820 1586">
     <span class='ocr_line' id='line_1_61' title="bbox 1024 1550 1820 1586; baseline 0.003 -9"><span class='ocrx_word' id='word_1_406' title='bbox 1024 1551 1163 1577; x_wconf 81' lang='grc' dir='ltr'>ὁσιώτατε.</span> <span class='ocrx_word' id='word_1_407' title='bbox 1184 1550 1367 1586; x_wconf 72' lang='grc' dir='ltr'>Ἐμφορήθητι</span> <span class='ocrx_word' id='word_1_408' title='bbox 1389 1551 1435 1577; x_wconf 81' lang='grc' dir='ltr'>τοῦ</span> <span class='ocrx_word' id='word_1_409' title='bbox 1464 1551 1642 1586; x_wconf 74' lang='grc' dir='ltr'>ποθουμένου,</span> <span class='ocrx_word' id='word_1_410' title='bbox 1662 1552 1709 1578; x_wconf 71' lang='grc' dir='ltr'>καὶ</span> <span class='ocrx_word' id='word_1_411' title='bbox 1730 1560 1820 1579; x_wconf 76' lang='grc' dir='ltr'>κατα-</span> 
     </span>
    </p>
   </div>
   <div class='ocr_carea' id='block_1_62' title="bbox 180 1596 968 1632">
    <p class='ocr_par' dir='ltr' id='par_1_62' title="bbox 180 1597 968 1630">
     <span class='ocr_line' id='line_1_62' title="bbox 180 1597 968 1630; baseline 0 -6"><span class='ocrx_word' id='word_1_412' title='bbox 180 1598 301 1630; x_wconf 79' lang='lat' dir='ltr'><strong>facinus;</strong></span> <span class='ocrx_word' id='word_1_413' title='bbox 319 1605 352 1625; x_wconf 88' lang='lat' dir='ltr'><strong>ne</strong></span> <span class='ocrx_word' id='word_1_414' title='bbox 375 1598 508 1625; x_wconf 76' lang='lat' dir='ltr'><strong>deieceris</strong></span> <span class='ocrx_word' id='word_1_415' title='bbox 533 1599 635 1630; x_wconf 82' lang='lat' dir='ltr'><strong>animo,</strong></span> <span class='ocrx_word' id='word_1_416' title='bbox 652 1599 694 1626; x_wconf 93' lang='lat' dir='ltr'><strong>vir</strong></span> <span class='ocrx_word' id='word_1_417' title='bbox 718 1599 901 1626; x_wconf 88' lang='lat' dir='ltr'><strong>sanctissime.</strong></span> <span class='ocrx_word' id='word_1_418' title='bbox 920 1597 968 1625; x_wconf 91' lang='lat' dir='ltr'><strong>Sa-</strong></span> 
     </span>
    </p>
   </div>
   <div class='ocr_carea' id='block_1_63' title="bbox 1021 1596 1820 1632">
    <p class='ocr_par' dir='ltr' id='par_1_63' title="bbox 1021 1596 1820 1632">
     <span class='ocr_line' id='line_1_63' title="bbox 1021 1596 1820 1632; baseline 0.004 -10"><span class='ocrx_word' id='word_1_419' title='bbox 1021 1596 1158 1632; x_wconf 83' lang='grc' dir='ltr'>τρύφησον</span> <span class='ocrx_word' id='word_1_420' title='bbox 1175 1596 1221 1623; x_wconf 77' lang='grc' dir='ltr'>τοῦ</span> <span class='ocrx_word' id='word_1_421' title='bbox 1241 1596 1437 1632; x_wconf 75' lang='grc' dir='ltr'>ἑπιδιδομένου,</span> <span class='ocrx_word' id='word_1_422' title='bbox 1453 1597 1553 1632; x_wconf 74' lang='grc' dir='ltr'>μᾶλλον</span> <span class='ocrx_word' id='word_1_423' title='bbox 1572 1597 1600 1624; x_wconf 73' lang='grc' dir='ltr'><strong>δὲ</strong></span> <span class='ocrx_word' id='word_1_424' title='bbox 1618 1597 1713 1624; x_wconf 78' lang='grc' dir='ltr'>ἑαυτὸν</span> <span class='ocrx_word' id='word_1_425' title='bbox 1727 1598 1820 1625; x_wconf 80' lang='grc' dir='ltr'>ἐπιδι-</span> 
     </span>
    </p>
   </div>
   <div class='ocr_carea' id='block_1_64' title="bbox 177 1643 969 1680">
    <p class='ocr_par' dir='ltr' id='par_1_64' title="bbox 177 1643 969 1680">
     <span class='ocr_line' id='line_1_64' title="bbox 177 1643 969 1680; baseline 0 -10"><span class='ocrx_word' id='word_1_426' title='bbox 177 1643 248 1670; x_wconf 85' lang='lat' dir='ltr'><strong>tiare</strong></span> <span class='ocrx_word' id='word_1_427' title='bbox 263 1643 310 1670; x_wconf 90' lang='lat' dir='ltr'><strong>illo</strong></span> <span class='ocrx_word' id='word_1_428' title='bbox 329 1651 409 1678; x_wconf 89' lang='lat' dir='ltr'><strong>quem</strong></span> <span class='ocrx_word' id='word_1_429' title='bbox 431 1643 652 1678; x_wconf 77' lang='lat' dir='ltr'><strong>desideraveras,</strong></span> <span class='ocrx_word' id='word_1_430' title='bbox 679 1645 813 1680; x_wconf 87' lang='lat' dir='ltr'><strong>planeque</strong></span> <span class='ocrx_word' id='word_1_431' title='bbox 833 1644 969 1672; x_wconf 85' lang='lat' dir='ltr'><strong>delectare</strong></span> 
     </span>
    </p>
   </div>
   <div class='ocr_carea' id='block_1_65' title="bbox 177 1689 966 1725">
    <p class='ocr_par' dir='ltr' id='par_1_65' title="bbox 177 1689 966 1725">
     <span class='ocr_line' id='line_1_65' title="bbox 177 1689 966 1725; baseline 0.001 -10"><span class='ocrx_word' id='word_1_432' title='bbox 177 1689 226 1716; x_wconf 80' lang='lat' dir='ltr'><strong>tibi</strong></span> <span class='ocrx_word' id='word_1_433' title='bbox 240 1689 313 1720; x_wconf 79' lang='lat' dir='ltr'><strong>dato,</strong></span> <span class='ocrx_word' id='word_1_434' title='bbox 330 1697 378 1716; x_wconf 82' lang='lat' dir='ltr'><strong>seu</strong></span> <span class='ocrx_word' id='word_1_435' title='bbox 394 1691 491 1725; x_wconf 82' lang='lat' dir='ltr'><strong>magis.</strong></span> <span class='ocrx_word' id='word_1_436' title='bbox 505 1690 586 1718; x_wconf 89' lang='lat' dir='ltr'><strong>dante</strong></span> <span class='ocrx_word' id='word_1_437' title='bbox 601 1699 630 1718; x_wconf 84' lang='lat' dir='ltr'><strong>se</strong></span> <span class='ocrx_word' id='word_1_438' title='bbox 647 1691 712 1723; x_wconf 81' lang='lat' dir='ltr'><strong>tibi,</strong></span> <span class='ocrx_word' id='word_1_439' title='bbox 729 1691 770 1718; x_wconf 89' lang='lat' dir='ltr'><strong>vir</strong></span> <span class='ocrx_word' id='word_1_440' title='bbox 786 1691 966 1718; x_wconf 80' lang='lat' dir='ltr'><strong>diriuissime.</strong></span> 
     </span>
    </p>
   </div>
   <div class='ocr_carea' id='block_1_66' title="bbox 179 1734 969 1770">
    <p class='ocr_par' dir='ltr' id='par_1_66' title="bbox 179 1734 969 1770">
     <span class='ocr_line' id='line_1_66' title="bbox 179 1734 969 1770; baseline 0.001 -9"><span class='ocrx_word' id='word_1_441' title='bbox 179 1734 280 1762; x_wconf 79' lang='lat' dir='ltr'><strong>LGtius</strong></span> <span class='ocrx_word' id='word_1_442' title='bbox 305 1735 442 1762; x_wconf 85' lang='lat' dir='ltr'><strong>illustrare</strong></span> <span class='ocrx_word' id='word_1_443' title='bbox 468 1735 530 1763; x_wconf 84' lang='lat' dir='ltr'><strong>Sole</strong></span> <span class='ocrx_word' id='word_1_444' title='bbox 556 1737 692 1770; x_wconf 64' lang='lat' dir='ltr'><strong>justitiat,</strong></span> <span class='ocrx_word' id='word_1_445' title='bbox 724 1737 757 1765; x_wconf 91' lang='lat' dir='ltr'><strong>de</strong></span> <span class='ocrx_word' id='word_1_446' title='bbox 788 1737 969 1764; x_wconf 83' lang='lat' dir='ltr'><strong>mundissimo</strong></span> 
     </span>
    </p>
   </div>
   <div class='ocr_carea' id='block_1_67' title="bbox 179 1780 968 1817">
    <p class='ocr_par' dir='ltr' id='par_1_67' title="bbox 179 1780 968 1817">
     <span class='ocr_line' id='line_1_67' title="bbox 179 1780 968 1817; baseline 0.001 -11"><span class='ocrx_word' id='word_1_447' title='bbox 179 1780 270 1807; x_wconf 81' lang='lat' dir='ltr'><strong>carnis</strong></span> <span class='ocrx_word' id='word_1_448' title='bbox 285 1782 397 1816; x_wconf 83' lang='lat' dir='ltr'><strong>speculo</strong></span> <span class='ocrx_word' id='word_1_449' title='bbox 412 1781 636 1816; x_wconf 77' lang='lat' dir='ltr'><strong>circumfulgente</strong></span> <span class='ocrx_word' id='word_1_450' title='bbox 647 1802 654 1813; x_wconf 84' lang='lat'>,</span> <span class='ocrx_word' id='word_1_451' title='bbox 682 1783 723 1809; x_wconf 77' lang='lat' dir='ltr'><strong>vir</strong></span> <span class='ocrx_word' id='word_1_452' title='bbox 750 1782 968 1817; x_wconf 77' lang='lat' dir='ltr'><strong>religiosissime.</strong></span> 
     </span>
    </p>
   </div>
   <div class='ocr_carea' id='block_1_68' title="bbox 179 1827 966 1862">
    <p class='ocr_par' dir='ltr' id='par_1_68' title="bbox 179 1827 966 1862">
     <span class='ocr_line' id='line_1_68' title="bbox 179 1827 966 1862; baseline -0.001 -7"><span class='ocrx_word' id='word_1_453' title='bbox 179 1827 219 1855; x_wconf 81' lang='lat' dir='ltr'><strong>Ne</strong></span> <span class='ocrx_word' id='word_1_454' title='bbox 235 1828 283 1854; x_wconf 88' lang='lat' dir='ltr'><strong>tibi</strong></span> <span class='ocrx_word' id='word_1_455' title='bbox 301 1828 476 1862; x_wconf 87' lang='lat' dir='ltr'><strong>tranquillum</strong></span> <span class='ocrx_word' id='word_1_456' title='bbox 506 1827 630 1856; x_wconf 89' lang='lat' dir='ltr'><strong>timorem</strong></span> <span class='ocrx_word' id='word_1_457' title='bbox 649 1828 780 1859; x_wconf 84' lang='lat' dir='ltr'><strong>incutiat,</strong></span> <span class='ocrx_word' id='word_1_458' title='bbox 804 1836 872 1855; x_wconf 74' lang='lat' dir='ltr'><strong>neve</strong></span> <span class='ocrx_word' id='word_1_459' title='bbox 888 1836 966 1854; x_wconf 81' lang='lat' dir='ltr'><strong>tuan-</strong></span> 
     </span>
    </p>
   </div>
   <div class='ocr_carea' id='block_1_69' title="bbox 179 1873 967 1908">
    <p class='ocr_par' dir='ltr' id='par_1_69' title="bbox 179 1873 967 1908">
     <span class='ocr_line' id='line_1_69' title="bbox 179 1873 967 1908; baseline 0 -8"><span class='ocrx_word' id='word_1_460' title='bbox 179 1873 296 1901; x_wconf 85' lang='lat' dir='ltr'><strong>suetndo</strong></span> <span class='ocrx_word' id='word_1_461' title='bbox 320 1877 486 1908; x_wconf 79' lang='lat' dir='ltr'><strong>perterrent,</strong></span> <span class='ocrx_word' id='word_1_462' title='bbox 507 1874 550 1900; x_wconf 81' lang='lat' dir='ltr'><strong>vir</strong></span> <span class='ocrx_word' id='word_1_463' title='bbox 568 1874 734 1901; x_wconf 85' lang='lat' dir='ltr'><strong>beatissime.</strong></span> <span class='ocrx_word' id='word_1_464' title='bbox 759 1873 798 1900; x_wconf 84' lang='lat' dir='ltr'><strong>Ne</strong></span> <span class='ocrx_word' id='word_1_465' title='bbox 825 1873 967 1900; x_wconf 75' lang='lat' dir='ltr'><strong>inliorreas</strong></span> 
     </span>
    </p>
   </div>
   <div class='ocr_carea' id='block_1_70' title="bbox 179 1919 967 1951">
    <p class='ocr_par' dir='ltr' id='par_1_70' title="bbox 179 1919 967 1951">
     <span class='ocr_line' id='line_1_70' title="bbox 179 1919 967 1951; baseline -0.001 -5"><span class='ocrx_word' id='word_1_466' title='bbox 179 1919 327 1951; x_wconf 85' lang='lat' dir='ltr'><strong>lenitatem,</strong></span> <span class='ocrx_word' id='word_1_467' title='bbox 342 1927 409 1946; x_wconf 75' lang='lat' dir='ltr'><strong>neve</strong></span> <span class='ocrx_word' id='word_1_468' title='bbox 420 1919 564 1947; x_wconf 84' lang='lat' dir='ltr'><strong>clementia</strong></span> <span class='ocrx_word' id='word_1_469' title='bbox 580 1920 720 1951; x_wconf 83' lang='lat' dir='ltr'><strong>terrearis,</strong></span> <span class='ocrx_word' id='word_1_470' title='bbox 736 1920 777 1946; x_wconf 78' lang='lat' dir='ltr'><strong>vir</strong></span> <span class='ocrx_word' id='word_1_471' title='bbox 795 1919 967 1947; x_wconf 87' lang='lat' dir='ltr'><strong>modestissi-</strong></span> 
     </span>
    </p>
   </div>
   <div class='ocr_carea' id='block_1_71' title="bbox 178 1964 966 2000">
    <p class='ocr_par' dir='ltr' id='par_1_71' title="bbox 178 1964 966 2000">
     <span class='ocr_line' id='line_1_71' title="bbox 178 1964 966 2000; baseline 0.001 -9"><span class='ocrx_word' id='word_1_472' title='bbox 178 1973 232 1992; x_wconf 85' lang='lat' dir='ltr'><strong>me.</strong></span> <span class='ocrx_word' id='word_1_473' title='bbox 249 1964 354 1992; x_wconf 80' lang='lat' dir='ltr'><strong>Alacris</strong></span> <span class='ocrx_word' id='word_1_474' title='bbox 371 1965 550 2000; x_wconf 79' lang='lat' dir='ltr'><strong>adglutinare,</strong></span> <span class='ocrx_word' id='word_1_475' title='bbox 564 1973 613 1992; x_wconf 89' lang='lat' dir='ltr'><strong>nec</strong></span> <span class='ocrx_word' id='word_1_476' title='bbox 632 1965 748 1992; x_wconf 87' lang='lat' dir='ltr'><strong>ntoreris</strong></span> <span class='ocrx_word' id='word_1_477' title='bbox 762 1965 885 2000; x_wconf 89' lang='lat' dir='ltr'><strong>obsequi.</strong></span> <span class='ocrx_word' id='word_1_478' title='bbox 907 1965 966 1992; x_wconf 90' lang='lat' dir='ltr'><strong>Non</strong></span> 
     </span>
    </p>
   </div>
   <div class='ocr_carea' id='block_1_72' title="bbox 178 2009 966 2045">
    <p class='ocr_par' dir='ltr' id='par_1_72' title="bbox 178 2009 966 2045">
     <span class='ocr_line' id='line_1_72' title="bbox 178 2009 966 2045; baseline 0.001 -9"><span class='ocrx_word' id='word_1_479' title='bbox 178 2010 259 2036; x_wconf 88' lang='lat' dir='ltr'><strong>habet</strong></span> <span class='ocrx_word' id='word_1_480' title='bbox 275 2009 416 2036; x_wconf 85' lang='lat' dir='ltr'><strong>audaciam</strong></span> <span class='ocrx_word' id='word_1_481' title='bbox 430 2009 501 2044; x_wconf 86' lang='lat' dir='ltr'><strong>quod</strong></span> <span class='ocrx_word' id='word_1_482' title='bbox 518 2009 619 2036; x_wconf 89' lang='lat' dir='ltr'><strong>dicitur</strong></span> <span class='ocrx_word' id='word_1_483' title='bbox 629 2009 736 2044; x_wconf 88' lang='lat' dir='ltr'><strong>quodve</strong></span> <span class='ocrx_word' id='word_1_484' title='bbox 752 2010 900 2045; x_wconf 77' lang='lat' dir='ltr'><strong>porrigitur</strong></span> <span class='ocrx_word' id='word_1_485' title='bbox 913 2020 918 2037; x_wconf 93' lang='lat'>:</span> <span class='ocrx_word' id='word_1_486' title='bbox 930 2018 966 2037; x_wconf 89' lang='lat' dir='ltr'><strong>ne</strong></span> 
     </span>
    </p>
   </div>
   <div class='ocr_carea' id='block_1_73' title="bbox 177 2053 965 2090">
    <p class='ocr_par' dir='ltr' id='par_1_73' title="bbox 177 2053 965 2090">
     <span class='ocr_line' id='line_1_73' title="bbox 177 2053 965 2090; baseline 0.003 -10"><span class='ocrx_word' id='word_1_487' title='bbox 177 2061 242 2089; x_wconf 69' lang='lat' dir='ltr'><strong>ergo</strong></span> <span class='ocrx_word' id='word_1_488' title='bbox 253 2054 402 2086; x_wconf 87' lang='lat' dir='ltr'><strong>relucteris.</strong></span> <span class='ocrx_word' id='word_1_489' title='bbox 413 2054 454 2081; x_wconf 86' lang='lat' dir='ltr'><strong>vir</strong></span> <span class='ocrx_word' id='word_1_490' title='bbox 466 2054 657 2082; x_wconf 84' lang='lat' dir='ltr'><strong>urbanissime.</strong></span> <span class='ocrx_word' id='word_1_491' title='bbox 672 2053 731 2081; x_wconf 87' lang='lat' dir='ltr'><strong>Non</strong></span> <span class='ocrx_word' id='word_1_492' title='bbox 744 2055 881 2082; x_wconf 87' lang='lat' dir='ltr'><strong>comburit</strong></span> <span class='ocrx_word' id='word_1_493' title='bbox 895 2055 965 2090; x_wconf 80' lang='lat' dir='ltr'><strong>ignis</strong></span> 
     </span>
    </p>
   </div>
   <div class='ocr_carea' id='block_1_74' title="bbox 178 2100 964 2136">
    <p class='ocr_par' dir='ltr' id='par_1_74' title="bbox 178 2100 964 2136">
     <span class='ocr_line' id='line_1_74' title="bbox 178 2100 964 2136; baseline 0.004 -10"><span class='ocrx_word' id='word_1_494' title='bbox 178 2101 272 2135; x_wconf 76' lang='lat' dir='ltr'><strong>gratia:</strong></span> <span class='ocrx_word' id='word_1_495' title='bbox 288 2100 394 2128; x_wconf 90' lang='lat' dir='ltr'><strong>Domini</strong></span> <span class='ocrx_word' id='word_1_496' title='bbox 420 2100 472 2128; x_wconf 90' lang='lat' dir='ltr'><strong>mei</strong></span> <span class='ocrx_word' id='word_1_497' title='bbox 485 2120 492 2133; x_wconf 86' lang='grc'><strong>,</strong></span> <span class='ocrx_word' id='word_1_498' title='bbox 515 2101 564 2128; x_wconf 87' lang='lat' dir='ltr'><strong>sed</strong></span> <span class='ocrx_word' id='word_1_499' title='bbox 582 2101 727 2133; x_wconf 86' lang='lat' dir='ltr'><strong>illuminat,</strong></span> <span class='ocrx_word' id='word_1_500' title='bbox 745 2101 787 2128; x_wconf 70' lang='lat' dir='ltr'><strong>vir</strong></span> <span class='ocrx_word' id='word_1_501' title='bbox 801 2101 964 2136; x_wconf 87' lang='lat' dir='ltr'><strong>justissitne.</strong></span> 
     </span>
    </p>
   </div>
   <div class='ocr_carea' id='block_1_75' title="bbox 178 2146 965 2182">
    <p class='ocr_par' dir='ltr' id='par_1_75' title="bbox 178 2146 965 2182">
     <span class='ocr_line' id='line_1_75' title="bbox 178 2146 965 2182; baseline 0.003 -9"><span class='ocrx_word' id='word_1_502' title='bbox 178 2146 272 2174; x_wconf 72' lang='lat' dir='ltr'><strong>ltubus</strong></span> <span class='ocrx_word' id='word_1_503' title='bbox 287 2147 332 2174; x_wconf 85' lang='lat' dir='ltr'><strong>ille</strong></span> <span class='ocrx_word' id='word_1_504' title='bbox 347 2148 380 2179; x_wconf 74' lang='grc'><strong>⁵⁷,</strong></span> <span class='ocrx_word' id='word_1_505' title='bbox 392 2147 446 2174; x_wconf 87' lang='lat' dir='ltr'><strong>tnei</strong></span> <span class='ocrx_word' id='word_1_506' title='bbox 460 2146 627 2182; x_wconf 77' lang='lat' dir='ltr'><strong>ﬁguram,ad</strong></span> <span class='ocrx_word' id='word_1_507' title='bbox 640 2147 711 2182; x_wconf 81' lang='lat' dir='ltr'><strong>ignis</strong></span> <span class='ocrx_word' id='word_1_508' title='bbox 722 2147 795 2175; x_wconf 88' lang='lat' dir='ltr'><strong>illius</strong></span> <span class='ocrx_word' id='word_1_509' title='bbox 808 2147 965 2182; x_wconf 87' lang='lat' dir='ltr'><strong>apparentis</strong></span> 
     </span>
    </p>
   </div>
   <div class='ocr_carea' id='block_1_76' title="bbox 176 2193 964 2228">
    <p class='ocr_par' dir='ltr' id='par_1_76' title="bbox 176 2193 964 2228">
     <span class='ocr_line' id='line_1_76' title="bbox 176 2193 964 2228; baseline 0 -8"><span class='ocrx_word' id='word_1_510' title='bbox 176 2194 318 2220; x_wconf 70' lang='lat' dir='ltr'><strong>veritatem</strong></span> <span class='ocrx_word' id='word_1_511' title='bbox 335 2197 547 2227; x_wconf 76' lang='lat' dir='ltr'><strong>repncsentans,</strong></span> <span class='ocrx_word' id='word_1_512' title='bbox 562 2193 658 2220; x_wconf 80' lang='lat' dir='ltr'><strong>doceat</strong></span> <span class='ocrx_word' id='word_1_513' title='bbox 672 2196 712 2225; x_wconf 84' lang='lat' dir='ltr'><strong>te,</strong></span> <span class='ocrx_word' id='word_1_514' title='bbox 732 2193 774 2220; x_wconf 90' lang='lat' dir='ltr'><strong>vir</strong></span> <span class='ocrx_word' id='word_1_515' title='bbox 798 2193 866 2228; x_wconf 85' lang='lat' dir='ltr'><strong>legis</strong></span> <span class='ocrx_word' id='word_1_516' title='bbox 890 2193 964 2228; x_wconf 88' lang='lat' dir='ltr'><strong>peri-</strong></span> 
     </span>
    </p>
   </div>
   <div class='ocr_carea' id='block_1_77' title="bbox 176 2239 966 2268">
    <p class='ocr_par' dir='ltr' id='par_1_77' title="bbox 176 2239 966 2268">
     <span class='ocr_line' id='line_1_77' title="bbox 176 2239 966 2268; baseline -0.001 -1"><span class='ocrx_word' id='word_1_517' title='bbox 176 2240 293 2268; x_wconf 81' lang='lat' dir='ltr'><strong>tissime.</strong></span> <span class='ocrx_word' id='word_1_518' title='bbox 309 2239 439 2266; x_wconf 87' lang='lat' dir='ltr'><strong>Caminus</strong></span> <span class='ocrx_word' id='word_1_519' title='bbox 455 2239 500 2266; x_wconf 89' lang='lat' dir='ltr'><strong>ille</strong></span> <span class='ocrx_word' id='word_1_520' title='bbox 515 2239 538 2255; x_wconf 82' lang='grc'><strong>⁵⁸</strong></span> <span class='ocrx_word' id='word_1_521' title='bbox 557 2239 629 2266; x_wconf 84' lang='lat' dir='ltr'><strong>velut</strong></span> <span class='ocrx_word' id='word_1_522' title='bbox 657 2243 755 2267; x_wconf 70' lang='lat' dir='ltr'><strong>ventus</strong></span> <span class='ocrx_word' id='word_1_523' title='bbox 783 2239 855 2266; x_wconf 81' lang='lat' dir='ltr'><strong>roris</strong></span> <span class='ocrx_word' id='word_1_524' title='bbox 869 2247 966 2267; x_wconf 90' lang='lat' dir='ltr'><strong>susur-</strong></span> 
     </span>
    </p>
   </div>
   <div class='ocr_carea' id='block_1_78' title="bbox 176 2317 418 2381">
    <p class='ocr_par' dir='ltr' id='par_1_78' title="bbox 176 2317 418 2381">
     <span class='ocr_line' id='line_1_78' title="bbox 176 2317 418 2381; baseline 0 -37"><span class='ocrx_word' id='word_1_525' title='bbox 176 2318 236 2381; x_wconf 52' lang='lat' dir='ltr'><strong>Eif&#39;</strong></span> <span class='ocrx_word' id='word_1_526' title='bbox 257 2317 313 2344; x_wconf 73' lang='lat' dir='ltr'><strong>Im.</strong></span> <span class='ocrx_word' id='word_1_527' title='bbox 334 2325 371 2350; x_wconf 73' lang='lat' dir='ltr'><strong>ri,</strong></span> <span class='ocrx_word' id='word_1_528' title='bbox 392 2317 418 2344; x_wconf 83' lang='lat'><strong>5.</strong></span> 
     </span>
    </p>
   </div>
   <div class='ocr_carea' id='block_1_79' title="bbox 471 2316 709 2349">
    <p class='ocr_par' dir='ltr' id='par_1_79' title="bbox 471 2316 709 2349">
     <span class='ocr_line' id='line_1_79' title="bbox 471 2316 709 2349; baseline 0 -5"><span class='ocrx_word' id='word_1_529' title='bbox 471 2317 494 2333; x_wconf 75' lang='lat'>“</span> <span class='ocrx_word' id='word_1_530' title='bbox 515 2316 571 2344; x_wconf 63' lang='lat' dir='ltr'><strong>Ita.</strong></span> <span class='ocrx_word' id='word_1_531' title='bbox 600 2325 662 2349; x_wconf 69' lang='lat' dir='ltr'><strong>XLV,</strong></span> <span class='ocrx_word' id='word_1_532' title='bbox 682 2317 709 2344; x_wconf 90' lang='lat'><strong>8.</strong></span> 
     </span>
    </p>
   </div>
   <div class='ocr_carea' id='block_1_80' title="bbox 766 2316 1019 2349">
    <p class='ocr_par' dir='ltr' id='par_1_80' title="bbox 766 2316 1019 2349">
     <span class='ocr_line' id='line_1_80' title="bbox 766 2316 1019 2349; baseline 0.008 -7"><span class='ocrx_word' id='word_1_533' title='bbox 766 2317 788 2332; x_wconf 83' lang='lat'><strong>&quot;</strong></span> <span class='ocrx_word' id='word_1_534' title='bbox 807 2316 827 2342; x_wconf 79' lang='lat' dir='ltr'><strong>il</strong></span> <span class='ocrx_word' id='word_1_535' title='bbox 848 2316 910 2344; x_wconf 87' lang='lat' dir='ltr'><strong>Cor.</strong></span> <span class='ocrx_word' id='word_1_536' title='bbox 929 2326 977 2349; x_wconf 77' lang='lat' dir='ltr'><strong>\‘ll,</strong></span> <span class='ocrx_word' id='word_1_537' title='bbox 993 2318 1019 2344; x_wconf 74' lang='grc'><strong>4.</strong></span> 
     </span>
    </p>
   </div>
   <div class='ocr_carea' id='block_1_81' title="bbox 1022 1642 1820 1679">
    <p class='ocr_par' dir='ltr' id='par_1_81' title="bbox 1022 1642 1820 1679">
     <span class='ocr_line' id='line_1_81' title="bbox 1022 1642 1820 1679; baseline 0.003 -10"><span class='ocrx_word' id='word_1_538' title='bbox 1022 1643 1122 1674; x_wconf 78' lang='grc' dir='ltr'>δόντος,</span> <span class='ocrx_word' id='word_1_539' title='bbox 1148 1643 1388 1678; x_wconf 75' lang='grc' dir='ltr'>ἱεροπρεπέστατε.</span> <span class='ocrx_word' id='word_1_540' title='bbox 1408 1642 1614 1679; x_wconf 81' lang='grc' dir='ltr'>Ἐναγλαῖσθητι</span> <span class='ocrx_word' id='word_1_541' title='bbox 1634 1643 1674 1679; x_wconf 82' lang='grc' dir='ltr'>τῷ</span> <span class='ocrx_word' id='word_1_542' title='bbox 1700 1643 1745 1671; x_wconf 77' lang='grc' dir='ltr'>διὰ</span> <span class='ocrx_word' id='word_1_543' title='bbox 1769 1644 1820 1671; x_wconf 80' lang='grc' dir='ltr'>τοῦ</span> 
     </span>
    </p>
   </div>
   <div class='ocr_carea' id='block_1_82' title="bbox 1022 1688 1820 1725">
    <p class='ocr_par' dir='ltr' id='par_1_82' title="bbox 1022 1688 1820 1725">
     <span class='ocr_line' id='line_1_82' title="bbox 1022 1688 1820 1725; baseline 0.003 -11"><span class='ocrx_word' id='word_1_544' title='bbox 1022 1688 1187 1724; x_wconf 80' lang='grc' dir='ltr'>ἀκηλιδώτου</span> <span class='ocrx_word' id='word_1_545' title='bbox 1220 1689 1352 1724; x_wconf 78' lang='grc' dir='ltr'>ἐσόπτρου</span> <span class='ocrx_word' id='word_1_546' title='bbox 1390 1689 1439 1724; x_wconf 82' lang='grc' dir='ltr'>τῆς</span> <span class='ocrx_word' id='word_1_547' title='bbox 1478 1689 1579 1724; x_wconf 81' lang='grc' dir='ltr'>σαρκὸς</span> <span class='ocrx_word' id='word_1_548' title='bbox 1614 1689 1820 1725; x_wconf 82' lang='grc' dir='ltr'>περιστίλϐοντι</span> 
     </span>
    </p>
   </div>
   <div class='ocr_carea' id='block_1_83' title="bbox 1028 1734 1818 1772">
    <p class='ocr_par' dir='ltr' id='par_1_83' title="bbox 1028 1734 1818 1772">
     <span class='ocr_line' id='line_1_83' title="bbox 1028 1734 1818 1772; baseline 0.004 -11"><span class='ocrx_word' id='word_1_549' title='bbox 1028 1734 1110 1770; x_wconf 83' lang='grc' dir='ltr'>Ἡλίῳ</span> <span class='ocrx_word' id='word_1_550' title='bbox 1122 1735 1172 1770; x_wconf 82' lang='grc' dir='ltr'><strong>τῆς</strong></span> <span class='ocrx_word' id='word_1_551' title='bbox 1185 1734 1366 1769; x_wconf 75' lang='grc' dir='ltr'>δικαιοσύνης,</span> <span class='ocrx_word' id='word_1_552' title='bbox 1390 1734 1580 1762; x_wconf 78' lang='grc' dir='ltr'>εύλαὸέστατε.</span> <span class='ocrx_word' id='word_1_553' title='bbox 1602 1735 1647 1771; x_wconf 85' lang='grc' dir='ltr'><strong>Μὴ</strong></span> <span class='ocrx_word' id='word_1_554' title='bbox 1663 1735 1750 1762; x_wconf 87' lang='grc' dir='ltr'>δειλία</span> <span class='ocrx_word' id='word_1_555' title='bbox 1766 1737 1818 1772; x_wconf 78' lang='grc' dir='ltr'>τὴν</span> 
     </span>
    </p>
   </div>
   <div class='ocr_carea' id='block_1_84' title="bbox 1022 1781 1818 1818">
    <p class='ocr_par' dir='ltr' id='par_1_84' title="bbox 1022 1781 1818 1818">
     <span class='ocr_line' id='line_1_84' title="bbox 1022 1781 1818 1818; baseline 0.003 -11"><span class='ocrx_word' id='word_1_556' title='bbox 1022 1781 1202 1817; x_wconf 76' lang='grc' dir='ltr'>γαληνότητα,</span> <span class='ocrx_word' id='word_1_557' title='bbox 1222 1781 1288 1817; x_wconf 84' lang='grc' dir='ltr'>μηδὲ</span> <span class='ocrx_word' id='word_1_558' title='bbox 1305 1781 1482 1817; x_wconf 79' lang='grc' dir='ltr'>καταπλαγῇς</span> <span class='ocrx_word' id='word_1_559' title='bbox 1505 1781 1554 1817; x_wconf 82' lang='grc' dir='ltr'>τὴν</span> <span class='ocrx_word' id='word_1_560' title='bbox 1581 1782 1749 1818; x_wconf 67' lang='grc' dir='ltr'>ἡμερότητα,</span> <span class='ocrx_word' id='word_1_561' title='bbox 1766 1791 1818 1818; x_wconf 83' lang='grc' dir='ltr'>μα-</span> 
     </span>
    </p>
   </div>
   <div class='ocr_carea' id='block_1_85' title="bbox 1023 1827 1818 1865">
    <p class='ocr_par' dir='ltr' id='par_1_85' title="bbox 1023 1827 1818 1865">
     <span class='ocr_line' id='line_1_85' title="bbox 1023 1827 1818 1865; baseline 0.004 -12"><span class='ocrx_word' id='word_1_562' title='bbox 1023 1827 1185 1862; x_wconf 72' lang='grc' dir='ltr'>καριώτατε.</span> <span class='ocrx_word' id='word_1_563' title='bbox 1199 1828 1244 1863; x_wconf 84' lang='grc' dir='ltr'><strong>Μὴ</strong></span> <span class='ocrx_word' id='word_1_564' title='bbox 1260 1827 1365 1863; x_wconf 81' lang='grc' dir='ltr'>πτήξῃς</span> <span class='ocrx_word' id='word_1_565' title='bbox 1380 1827 1410 1853; x_wconf 83' lang='grc' dir='ltr'>τὸ</span> <span class='ocrx_word' id='word_1_566' title='bbox 1424 1827 1547 1863; x_wconf 75' lang='grc' dir='ltr'>εὐμενὲς,</span> <span class='ocrx_word' id='word_1_567' title='bbox 1563 1828 1631 1864; x_wconf 81' lang='grc' dir='ltr'>μηδὲ</span> <span class='ocrx_word' id='word_1_568' title='bbox 1647 1829 1770 1865; x_wconf 76' lang='grc' dir='ltr'>πτοηθῇς</span> <span class='ocrx_word' id='word_1_569' title='bbox 1786 1829 1818 1856; x_wconf 77' lang='grc' dir='ltr'>τὸ</span> 
     </span>
    </p>
   </div>
   <div class='ocr_carea' id='block_1_86' title="bbox 1022 1873 1815 1911">
    <p class='ocr_par' dir='ltr' id='par_1_86' title="bbox 1022 1873 1815 1911">
     <span class='ocr_line' id='line_1_86' title="bbox 1022 1873 1815 1911; baseline 0.003 -12"><span class='ocrx_word' id='word_1_570' title='bbox 1022 1874 1164 1909; x_wconf 78' lang='grc' dir='ltr'>προσηνὲς,</span> <span class='ocrx_word' id='word_1_571' title='bbox 1192 1873 1390 1900; x_wconf 77' lang='grc' dir='ltr'>ὲπιεικέστατε.</span> <span class='ocrx_word' id='word_1_572' title='bbox 1422 1873 1555 1909; x_wconf 76' lang='grc' dir='ltr'>Εὐθύμως</span> <span class='ocrx_word' id='word_1_573' title='bbox 1586 1875 1815 1911; x_wconf 77' lang='grc' dir='ltr'>προσκολλήθητι,</span> 
     </span>
    </p>
   </div>
   <div class='ocr_carea' id='block_1_87' title="bbox 1021 1918 1814 1957">
    <p class='ocr_par' dir='ltr' id='par_1_87' title="bbox 1021 1918 1814 1957">
     <span class='ocr_line' id='line_1_87' title="bbox 1021 1918 1814 1957; baseline 0.003 -11"><span class='ocrx_word' id='word_1_574' title='bbox 1021 1919 1067 1946; x_wconf 71' lang='grc' dir='ltr'>καὶ</span> <span class='ocrx_word' id='word_1_575' title='bbox 1089 1918 1126 1954; x_wconf 78' lang='grc' dir='ltr'>μὴ</span> <span class='ocrx_word' id='word_1_576' title='bbox 1142 1919 1291 1946; x_wconf 79' lang='grc' dir='ltr'>ἁναϐάλλου</span> <span class='ocrx_word' id='word_1_577' title='bbox 1314 1919 1382 1955; x_wconf 70' lang='grc' dir='ltr'>πρὸς</span> <span class='ocrx_word' id='word_1_578' title='bbox 1395 1920 1425 1946; x_wconf 64' lang='grc' dir='ltr'>τὸ</span> <span class='ocrx_word' id='word_1_579' title='bbox 1441 1920 1562 1955; x_wconf 77' lang='grc' dir='ltr'>εὖήκοον.</span> <span class='ocrx_word' id='word_1_580' title='bbox 1591 1920 1628 1947; x_wconf 79' lang='grc' dir='ltr'><strong>Οὐ</strong></span> <span class='ocrx_word' id='word_1_581' title='bbox 1645 1920 1814 1957; x_wconf 74' lang='grc' dir='ltr'>θρασύτητος</span> 
     </span>
    </p>
   </div>
   <div class='ocr_carea' id='block_1_88' title="bbox 1019 1965 1812 2003">
    <p class='ocr_par' dir='ltr' id='par_1_88' title="bbox 1019 1965 1812 2003">
     <span class='ocr_line' id='line_1_88' title="bbox 1019 1965 1812 2003; baseline 0.003 -11"><span class='ocrx_word' id='word_1_582' title='bbox 1019 1966 1050 1992; x_wconf 81' lang='grc' dir='ltr'>τὸ</span> <span class='ocrx_word' id='word_1_583' title='bbox 1066 1965 1239 2000; x_wconf 81' lang='grc' dir='ltr'>λαλούμενον,</span> <span class='ocrx_word' id='word_1_584' title='bbox 1255 1965 1355 1992; x_wconf 75' lang='grc' dir='ltr'>οὐδὲτὸ</span> <span class='ocrx_word' id='word_1_585' title='bbox 1374 1966 1579 2001; x_wconf 79' lang='grc' dir='ltr'>προτεινόμενον</span> <span class='ocrx_word' id='word_1_586' title='bbox 1589 1975 1595 1981; x_wconf 90' lang='grc'><strong><em>“</em></strong></span> <span class='ocrx_word' id='word_1_587' title='bbox 1615 1967 1652 2003; x_wconf 86' lang='grc' dir='ltr'>μὴ</span> <span class='ocrx_word' id='word_1_588' title='bbox 1667 1968 1812 2002; x_wconf 72' lang='grc' dir='ltr'>ἀφηνίαζε,</span> 
     </span>
    </p>
   </div>
   <div class='ocr_carea' id='block_1_89' title="bbox 1018 2010 1813 2048">
    <p class='ocr_par' dir='ltr' id='par_1_89' title="bbox 1018 2010 1813 2048">
     <span class='ocr_line' id='line_1_89' title="bbox 1018 2010 1813 2048; baseline 0.003 -11"><span class='ocrx_word' id='word_1_589' title='bbox 1018 2010 1196 2037; x_wconf 84' lang='grc' dir='ltr'>ἀστικώτατε.</span> <span class='ocrx_word' id='word_1_590' title='bbox 1215 2011 1252 2037; x_wconf 82' lang='grc' dir='ltr'>Ού</span> <span class='ocrx_word' id='word_1_591' title='bbox 1268 2010 1433 2045; x_wconf 74' lang='grc' dir='ltr'>καταφλέγει</span> <span class='ocrx_word' id='word_1_592' title='bbox 1456 2010 1487 2038; x_wconf 77' lang='grc' dir='ltr'>τὸ</span> <span class='ocrx_word' id='word_1_593' title='bbox 1510 2011 1564 2047; x_wconf 69' lang='grc' dir='ltr'>π’ἇρ</span> <span class='ocrx_word' id='word_1_594' title='bbox 1580 2011 1629 2047; x_wconf 84' lang='grc' dir='ltr'><strong>τῆς</strong></span> <span class='ocrx_word' id='word_1_595' title='bbox 1647 2012 1694 2039; x_wconf 76' lang='grc' dir='ltr'>τοῦ</span> <span class='ocrx_word' id='word_1_596' title='bbox 1708 2013 1813 2048; x_wconf 80' lang='grc' dir='ltr'>Κυρίου</span> 
     </span>
    </p>
   </div>
   <div class='ocr_carea' id='block_1_90' title="bbox 1020 2057 1813 2093">
    <p class='ocr_par' dir='ltr' id='par_1_90' title="bbox 1020 2057 1813 2093">
     <span class='ocr_line' id='line_1_90' title="bbox 1020 2057 1813 2093; baseline 0.004 -10"><span class='ocrx_word' id='word_1_597' title='bbox 1020 2066 1070 2092; x_wconf 85' lang='grc' dir='ltr'><strong>μου</strong></span> <span class='ocrx_word' id='word_1_598' title='bbox 1093 2058 1213 2093; x_wconf 76' lang='grc' dir='ltr'>χάριτος,</span> <span class='ocrx_word' id='word_1_599' title='bbox 1244 2057 1312 2084; x_wconf 77' lang='grc' dir='ltr'>ἀλλὰ</span> <span class='ocrx_word' id='word_1_600' title='bbox 1344 2057 1466 2092; x_wconf 81' lang='grc' dir='ltr'>φωτίζει,</span> <span class='ocrx_word' id='word_1_601' title='bbox 1485 2057 1648 2087; x_wconf 74' lang='grc' dir='ltr'>δικαιότατε.</span> <span class='ocrx_word' id='word_1_602' title='bbox 1677 2059 1764 2091; x_wconf 80' lang='grc' dir='ltr'>Βάτος</span> <span class='ocrx_word' id='word_1_603' title='bbox 1783 2068 1813 2086; x_wconf 81' lang='grc' dir='ltr'><strong>σε</strong></span> 
     </span>
    </p>
   </div>
   <div class='ocr_carea' id='block_1_91' title="bbox 1019 2103 1814 2140">
    <p class='ocr_par' dir='ltr' id='par_1_91' title="bbox 1019 2103 1814 2140">
     <span class='ocr_line' id='line_1_91' title="bbox 1019 2103 1814 2140; baseline 0.004 -11"><span class='ocrx_word' id='word_1_604' title='bbox 1019 2103 1149 2136; x_wconf 78' lang='grc' dir='ltr'>πεισάτω,</span> <span class='ocrx_word' id='word_1_605' title='bbox 1167 2105 1185 2139; x_wconf 80' lang='grc' dir='ltr'>ἡ</span> <span class='ocrx_word' id='word_1_606' title='bbox 1200 2103 1245 2130; x_wconf 78' lang='grc' dir='ltr'>τὸν</span> <span class='ocrx_word' id='word_1_607' title='bbox 1260 2103 1344 2129; x_wconf 84' lang='grc' dir='ltr'>τύπον</span> <span class='ocrx_word' id='word_1_608' title='bbox 1358 2112 1408 2138; x_wconf 87' lang='grc' dir='ltr'><strong>μου</strong></span> <span class='ocrx_word' id='word_1_609' title='bbox 1421 2104 1642 2140; x_wconf 80' lang='grc' dir='ltr'>περιστησαμένη</span> <span class='ocrx_word' id='word_1_610' title='bbox 1661 2104 1729 2140; x_wconf 79' lang='grc' dir='ltr'>πρὸς</span> <span class='ocrx_word' id='word_1_611' title='bbox 1745 2105 1814 2132; x_wconf 81' lang='grc' dir='ltr'>ὑπό-</span> 
     </span>
    </p>
   </div>
   <div class='ocr_carea' id='block_1_92' title="bbox 1019 2148 1811 2186">
    <p class='ocr_par' dir='ltr' id='par_1_92' title="bbox 1019 2148 1811 2186">
     <span class='ocr_line' id='line_1_92' title="bbox 1019 2148 1811 2186; baseline 0.003 -11"><span class='ocrx_word' id='word_1_612' title='bbox 1019 2157 1112 2176; x_wconf 79' lang='grc' dir='ltr'>στασιν</span> <span class='ocrx_word' id='word_1_613' title='bbox 1129 2149 1175 2176; x_wconf 82' lang='grc' dir='ltr'>τοῦ</span> <span class='ocrx_word' id='word_1_614' title='bbox 1191 2148 1376 2175; x_wconf 80' lang='grc' dir='ltr'>ἀνυποστάτου</span> <span class='ocrx_word' id='word_1_615' title='bbox 1393 2148 1478 2184; x_wconf 78' lang='grc' dir='ltr'>πυρὸς</span> <span class='ocrx_word' id='word_1_616' title='bbox 1496 2148 1561 2185; x_wconf 80' lang='grc'>(58),</span> <span class='ocrx_word' id='word_1_617' title='bbox 1579 2150 1811 2186; x_wconf 80' lang='grc' dir='ltr'>νομομσιθέστατε.</span> 
     </span>
    </p>
   </div>
   <div class='ocr_carea' id='block_1_93' title="bbox 1016 2195 1811 2232">
    <p class='ocr_par' dir='ltr' id='par_1_93' title="bbox 1016 2195 1811 2232">
     <span class='ocr_line' id='line_1_93' title="bbox 1016 2195 1811 2232; baseline 0.005 -12"><span class='ocrx_word' id='word_1_618' title='bbox 1016 2195 1246 2231; x_wconf 67' lang='grc' dir='ltr'>Δροσοσυρίξουσα</span> <span class='ocrx_word' id='word_1_619' title='bbox 1261 2195 1374 2231; x_wconf 83' lang='grc' dir='ltr'>κάμινος</span> <span class='ocrx_word' id='word_1_620' title='bbox 1388 2195 1504 2222; x_wconf 79' lang='grc' dir='ltr'>πειθέτω</span> <span class='ocrx_word' id='word_1_621' title='bbox 1522 2204 1561 2228; x_wconf 87' lang='grc' dir='ltr'><strong>σε,</strong></span> <span class='ocrx_word' id='word_1_622' title='bbox 1577 2197 1746 2232; x_wconf 71' lang='grc' dir='ltr'>παιδοτρίδα,</span> <span class='ocrx_word' id='word_1_623' title='bbox 1764 2196 1811 2224; x_wconf 83' lang='grc' dir='ltr'>τοῦ</span> 
     </span>
    </p>
   </div>
   <div class='ocr_carea' id='block_1_94' title="bbox 1018 2241 1812 2280">
    <p class='ocr_par' dir='ltr' id='par_1_94' title="bbox 1018 2241 1812 2280">
     <span class='ocr_line' id='line_1_94' title="bbox 1018 2241 1812 2280; baseline 0.005 -14"><span class='ocrx_word' id='word_1_624' title='bbox 1018 2241 1166 2276; x_wconf 76' lang='grc' dir='ltr'>μυστηρίου</span> <span class='ocrx_word' id='word_1_625' title='bbox 1186 2241 1235 2276; x_wconf 81' lang='grc' dir='ltr'>τὴν</span> <span class='ocrx_word' id='word_1_626' title='bbox 1248 2242 1414 2277; x_wconf 80' lang='grc' dir='ltr'>οἰκονομίαν.</span> <span class='ocrx_word' id='word_1_627' title='bbox 1438 2241 1509 2277; x_wconf 82' lang='grc' dir='ltr'><strong>Πρὸς</strong></span> <span class='ocrx_word' id='word_1_628' title='bbox 1527 2242 1573 2268; x_wconf 76' lang='grc' dir='ltr'><strong>ἐπὶ</strong></span> <span class='ocrx_word' id='word_1_629' title='bbox 1589 2242 1694 2274; x_wconf 81' lang='grc' dir='ltr'>τούτοις</span> <span class='ocrx_word' id='word_1_630' title='bbox 1716 2243 1732 2279; x_wconf 85' lang='grc' dir='ltr'>ὴ</span> <span class='ocrx_word' id='word_1_631' title='bbox 1756 2242 1812 2280; x_wconf 76' lang='grc' dir='ltr'><strong>ὲμὴ</strong></span> 
     </span>
    </p>
   </div>
   <div class='ocr_carea' id='block_1_95' title="bbox 1076 2317 1273 2351">
    <p class='ocr_par' dir='ltr' id='par_1_95' title="bbox 1076 2317 1273 2351">
     <span class='ocr_line' id='line_1_95' title="bbox 1076 2317 1273 2351; baseline 0.01 -7"><span class='ocrx_word' id='word_1_632' title='bbox 1076 2318 1097 2334; x_wconf 75' lang='grc' dir='ltr'><strong>ἐ</strong></span> <span class='ocrx_word' id='word_1_633' title='bbox 1114 2317 1170 2345; x_wconf 77' lang='lat' dir='ltr'><strong>Im.</strong></span> <span class='ocrx_word' id='word_1_634' title='bbox 1192 2326 1230 2351; x_wconf 79' lang='lat' dir='ltr'><strong>rt.</strong></span> <span class='ocrx_word' id='word_1_635' title='bbox 1246 2319 1273 2346; x_wconf 89' lang='lat'><strong>6.</strong></span> 
     </span>
    </p>
   </div>
   <div class='ocr_carea' id='block_1_96' title="bbox 1329 2319 1807 2355">
    <p class='ocr_par' dir='ltr' id='par_1_96' title="bbox 1329 2319 1807 2355">
     <span class='ocr_line' id='line_1_96' title="bbox 1329 2319 1807 2355; baseline 0.004 -9"><span class='ocrx_word' id='word_1_636' title='bbox 1329 2319 1351 2335; x_wconf 89' lang='lat'><strong>&quot;</strong></span> <span class='ocrx_word' id='word_1_637' title='bbox 1372 2319 1459 2346; x_wconf 73' lang='lat' dir='ltr'><strong>Exod.</strong></span> <span class='ocrx_word' id='word_1_638' title='bbox 1480 2327 1522 2352; x_wconf 91' lang='grc' dir='ltr'>ιιι,</span> <span class='ocrx_word' id='word_1_639' title='bbox 1543 2319 1570 2347; x_wconf 76' lang='grc'><strong>2.</strong></span> <span class='ocrx_word' id='word_1_640' title='bbox 1623 2320 1647 2336; x_wconf 68' lang='grc'><strong>³⁸</strong></span> <span class='ocrx_word' id='word_1_641' title='bbox 1666 2319 1738 2348; x_wconf 84' lang='lat' dir='ltr'><strong>Dan.</strong></span> <span class='ocrx_word' id='word_1_642' title='bbox 1761 2327 1807 2355; x_wconf 87' lang='lat' dir='ltr'><strong>tn,</strong></span> 
     </span>
    </p>
   </div>
   <div class='ocr_carea' id='block_1_97' title="bbox 212 2411 1808 2451">
    <p class='ocr_par' dir='ltr' id='par_1_97' title="bbox 212 2411 1808 2451">
     <span class='ocr_line' id='line_1_97' title="bbox 212 2411 1808 2451; baseline 0.002 -12"><span class='ocrx_word' id='word_1_643' title='bbox 212 2413 267 2451; x_wconf 65' lang='lat'><strong>(57)</strong></span> <span class='ocrx_word' id='word_1_644' title='bbox 290 2413 447 2451; x_wconf 61' lang='lat' dir='ltr'><strong>&#39;lspoxdps._</strong></span> <span class='ocrx_word' id='word_1_645' title='bbox 466 2413 612 2451; x_wconf 82' lang='lat' dir='ltr'><strong>Sequimur</strong></span> <span class='ocrx_word' id='word_1_646' title='bbox 635 2413 744 2451; x_wconf 73' lang='lat' dir='ltr'><strong>Paulini</strong></span> <span class='ocrx_word' id='word_1_647' title='bbox 767 2411 965 2451; x_wconf 79' lang='lat' dir='ltr'><strong>conjecturam,</strong></span> <span class='ocrx_word' id='word_1_648' title='bbox 983 2415 1004 2442; x_wconf 73' lang='grc' dir='ltr'><strong>Β</strong></span> <span class='ocrx_word' id='word_1_649' title='bbox 1020 2421 1074 2451; x_wconf 78' lang='lat' dir='ltr'><strong>non</strong></span> <span class='ocrx_word' id='word_1_650' title='bbox 1092 2414 1251 2451; x_wconf 75' lang='grc' dir='ltr'>ὑπόστασιν,</span> <span class='ocrx_word' id='word_1_651' title='bbox 1262 2416 1465 2451; x_wconf 72' lang='lat' dir='ltr'><strong>_apparenliam,</strong></span> <span class='ocrx_word' id='word_1_652' title='bbox 1491 2424 1542 2443; x_wconf 85' lang='lat' dir='ltr'><strong>non</strong></span> <span class='ocrx_word' id='word_1_653' title='bbox 1567 2416 1635 2451; x_wconf 69' lang='lat' dir='ltr'><strong>ignis</strong></span> <span class='ocrx_word' id='word_1_654' title='bbox 1659 2416 1808 2443; x_wconf 75' lang='lat' dir='ltr'><strong>veritatem.</strong></span> 
     </span>
    </p>
   </div>
   <div class='ocr_carea' id='block_1_98' title="bbox 178 2448 966 2484">
    <p class='ocr_par' dir='ltr' id='par_1_98' title="bbox 178 2448 966 2484">
     <span class='ocr_line' id='line_1_98' title="bbox 178 2448 966 2484; baseline 0 -10"><span class='ocrx_word' id='word_1_655' title='bbox 178 2452 207 2474; x_wconf 91' lang='lat' dir='ltr'><strong>ut</strong></span> <span class='ocrx_word' id='word_1_656' title='bbox 224 2449 264 2482; x_wconf 84' lang='lat' dir='ltr'><strong>leg</strong></span> <span class='ocrx_word' id='word_1_657' title='bbox 276 2449 366 2484; x_wconf 78' lang='lat' dir='ltr'><strong>-nduiu</strong></span> <span class='ocrx_word' id='word_1_658' title='bbox 389 2449 424 2474; x_wconf 90' lang='lat' dir='ltr'><strong>sit</strong></span> <span class='ocrx_word' id='word_1_659' title='bbox 441 2449 577 2484; x_wconf 75' lang='grc' dir='ltr'>ἱεροκόμε,</span> <span class='ocrx_word' id='word_1_660' title='bbox 600 2448 716 2483; x_wconf 88' lang='lat' dir='ltr'><strong>quadrat</strong></span> <span class='ocrx_word' id='word_1_661' title='bbox 733 2448 807 2484; x_wconf 77' lang='lat' dir='ltr'><strong>enim</strong></span> <span class='ocrx_word' id='word_1_662' title='bbox 830 2448 966 2484; x_wconf 67' lang='lat' dir='ltr'><strong>tuatcrize;</strong></span> 
     </span>
    </p>
   </div>
   <div class='ocr_carea' id='block_1_99' title="bbox 178 2482 967 2518">
    <p class='ocr_par' dir='ltr' id='par_1_99' title="bbox 178 2482 967 2518">
     <span class='ocr_line' id='line_1_99' title="bbox 178 2482 967 2518; baseline 0.001 -10"><span class='ocrx_word' id='word_1_663' title='bbox 178 2486 207 2508; x_wconf 91' lang='lat' dir='ltr'><strong>ut</strong></span> <span class='ocrx_word' id='word_1_664' title='bbox 219 2491 268 2509; x_wconf 78' lang='lat' dir='ltr'><strong>ceu</strong></span> <span class='ocrx_word' id='word_1_665' title='bbox 283 2483 374 2517; x_wconf 82' lang='lat' dir='ltr'><strong>templi</strong></span> <span class='ocrx_word' id='word_1_666' title='bbox 391 2482 564 2518; x_wconf 65' lang='lat' dir='ltr'><strong>praepositum</strong></span> <span class='ocrx_word' id='word_1_667' title='bbox 583 2482 703 2515; x_wconf 80' lang='lat' dir='ltr'><strong>inducat,</strong></span> <span class='ocrx_word' id='word_1_668' title='bbox 718 2482 752 2509; x_wconf 86' lang='lat' dir='ltr'><strong>ad</strong></span> <span class='ocrx_word' id='word_1_669' title='bbox 765 2482 896 2518; x_wconf 77' lang='lat' dir='ltr'><strong>inﬁnitam</strong></span> <span class='ocrx_word' id='word_1_670' title='bbox 910 2491 967 2509; x_wconf 88' lang='lat' dir='ltr'><strong>ma-</strong></span> 
     </span>
    </p>
   </div>
   <div class='ocr_carea' id='block_1_100' title="bbox 178 2517 965 2553">
    <p class='ocr_par' dir='ltr' id='par_1_100' title="bbox 178 2517 965 2553">
     <span class='ocr_line' id='line_1_100' title="bbox 178 2517 965 2553; baseline 0.001 -10"><span class='ocrx_word' id='word_1_671' title='bbox 178 2518 345 2551; x_wconf 78' lang='lat' dir='ltr'><strong>gnitudinem</strong></span> <span class='ocrx_word' id='word_1_672' title='bbox 359 2518 432 2544; x_wconf 91' lang='lat' dir='ltr'><strong>illam</strong></span> <span class='ocrx_word' id='word_1_673' title='bbox 443 2517 563 2553; x_wconf 79' lang='lat' dir='ltr'><strong>suscepti</strong></span> <span class='ocrx_word' id='word_1_674' title='bbox 577 2518 653 2548; x_wconf 79' lang='lat' dir='ltr'><strong>Jesu.</strong></span> <span class='ocrx_word' id='word_1_675' title='bbox 667 2517 759 2551; x_wconf 89' lang='lat' dir='ltr'><strong>templi</strong></span> <span class='ocrx_word' id='word_1_676' title='bbox 775 2517 908 2553; x_wconf 81' lang='lat' dir='ltr'><strong>angustiis</strong></span> <span class='ocrx_word' id='word_1_677' title='bbox 924 2518 965 2544; x_wconf 93' lang='lat' dir='ltr'><strong>in-</strong></span> 
     </span>
    </p>
   </div>
   <div class='ocr_carea' id='block_1_101' title="bbox 177 2552 967 2588">
    <p class='ocr_par' dir='ltr' id='par_1_101' title="bbox 177 2552 967 2588">
     <span class='ocr_line' id='line_1_101' title="bbox 177 2552 967 2588; baseline 0.001 -10"><span class='ocrx_word' id='word_1_678' title='bbox 177 2553 350 2588; x_wconf 73' lang='lat' dir='ltr'><strong>cludendam.</strong></span> <span class='ocrx_word' id='word_1_679' title='bbox 366 2553 436 2585; x_wconf 73' lang='lat' dir='ltr'><strong>Quid</strong></span> <span class='ocrx_word' id='word_1_680' title='bbox 450 2553 474 2581; x_wconf 87' lang='lat' dir='ltr'><strong>si</strong></span> <span class='ocrx_word' id='word_1_681' title='bbox 487 2552 637 2581; x_wconf 86' lang='lat' dir='ltr'><strong>retineatur</strong></span> <span class='ocrx_word' id='word_1_682' title='bbox 650 2552 870 2588; x_wconf 26' lang='lat' dir='ltr'><strong>ispoxépspvelut</strong></span> <span class='ocrx_word' id='word_1_683' title='bbox 885 2552 967 2587; x_wconf 79' lang='lat' dir='ltr'><strong>signi-</strong></span> 
     </span>
    </p>
   </div>
   <div class='ocr_carea' id='block_1_102' title="bbox 179 2586 965 2623">
    <p class='ocr_par' dir='ltr' id='par_1_102' title="bbox 179 2586 965 2623">
     <span class='ocr_line' id='line_1_102' title="bbox 179 2586 965 2623; baseline 0.001 -10"><span class='ocrx_word' id='word_1_684' title='bbox 179 2587 248 2623; x_wconf 82' lang='lat' dir='ltr'><strong>licet</strong></span> <span class='ocrx_word' id='word_1_685' title='bbox 259 2587 378 2614; x_wconf 82' lang='lat' dir='ltr'><strong>futurum</strong></span> <span class='ocrx_word' id='word_1_686' title='bbox 403 2588 530 2622; x_wconf 83' lang='lat' dir='ltr'><strong>juvenem</strong></span> <span class='ocrx_word' id='word_1_687' title='bbox 554 2586 745 2623; x_wconf 46' lang='lat' dir='ltr'><strong>puerutuque{</strong></span> <span class='ocrx_word' id='word_1_688' title='bbox 761 2586 864 2623; x_wconf 76' lang='lat' dir='ltr'><strong>Christi</strong></span> <span class='ocrx_word' id='word_1_689' title='bbox 888 2587 965 2621; x_wconf 85' lang='lat' dir='ltr'><strong>pueri</strong></span> 
     </span>
    </p>
   </div>
   <div class='ocr_carea' id='block_1_103' title="bbox 179 2621 965 2663">
    <p class='ocr_par' dir='ltr' id='par_1_103' title="bbox 179 2621 965 2663">
     <span class='ocr_line' id='line_1_103' title="bbox 179 2621 965 2663; baseline 0.003 -16"><span class='ocrx_word' id='word_1_690' title='bbox 179 2622 314 2663; x_wconf 60' lang='lat' dir='ltr'><strong>amplexu,</strong></span> <span class='ocrx_word' id='word_1_691' title='bbox 341 2621 466 2663; x_wconf 82' lang='lat' dir='ltr'><strong>sanctum</strong></span> <span class='ocrx_word' id='word_1_692' title='bbox 482 2621 597 2663; x_wconf 60' lang='lat' dir='ltr'><strong>senem.</strong></span> <span class='ocrx_word' id='word_1_693' title='bbox 615 2621 701 2663; x_wconf 77' lang='lat' dir='ltr'><strong>eoque</strong></span> <span class='ocrx_word' id='word_1_694' title='bbox 718 2621 826 2662; x_wconf 79' lang='lat' dir='ltr'><strong>nomine</strong></span> <span class='ocrx_word' id='word_1_695' title='bbox 842 2623 965 2663; x_wconf 54' lang='lat' dir='ltr'><strong>liortett_ir</strong></span> 
     </span>
    </p>
   </div>
   <div class='ocr_carea' id='block_1_104' title="bbox 180 2655 963 2692">
    <p class='ocr_par' dir='ltr' id='par_1_104' title="bbox 180 2655 963 2692">
     <span class='ocr_line' id='line_1_104' title="bbox 180 2655 963 2692; baseline 0.004 -10"><span class='ocrx_word' id='word_1_696' title='bbox 180 2655 322 2690; x_wconf 72' lang='lat' dir='ltr'><strong>S..Maria,</strong></span> <span class='ocrx_word' id='word_1_697' title='bbox 340 2661 371 2684; x_wconf 88' lang='lat' dir='ltr'><strong>ut</strong></span> <span class='ocrx_word' id='word_1_698' title='bbox 388 2658 518 2692; x_wconf 82' lang='lat' dir='ltr'><strong>suscipiat</strong></span> <span class='ocrx_word' id='word_1_699' title='bbox 535 2663 610 2685; x_wconf 89' lang='lat' dir='ltr'><strong>totus</strong></span> <span class='ocrx_word' id='word_1_700' title='bbox 625 2655 721 2692; x_wconf 86' lang='lat' dir='ltr'><strong>spiritu</strong></span> <span class='ocrx_word' id='word_1_701' title='bbox 737 2657 899 2684; x_wconf 84' lang='lat' dir='ltr'><strong>innovatus?</strong></span> <span class='ocrx_word' id='word_1_702' title='bbox 918 2657 963 2685; x_wconf 90' lang='lat' dir='ltr'><strong>Sic</strong></span> 
     </span>
    </p>
   </div>
   <div class='ocr_carea' id='block_1_105' title="bbox 178 2691 965 2727">
    <p class='ocr_par' dir='ltr' id='par_1_105' title="bbox 178 2691 965 2727">
     <span class='ocr_line' id='line_1_105' title="bbox 178 2691 965 2727; baseline 0.001 -10"><span class='ocrx_word' id='word_1_703' title='bbox 178 2691 349 2726; x_wconf 70' lang='lat' dir='ltr'><strong>Augustinus</strong></span> <span class='ocrx_word' id='word_1_704' title='bbox 363 2700 447 2720; x_wconf 89' lang='lat' dir='ltr'><strong>scrm.</strong></span> <span class='ocrx_word' id='word_1_705' title='bbox 464 2691 498 2720; x_wconf 67' lang='grc'><strong>15</strong></span> <span class='ocrx_word' id='word_1_706' title='bbox 511 2693 542 2720; x_wconf 85' lang='lat' dir='ltr'><strong>de</strong></span> <span class='ocrx_word' id='word_1_707' title='bbox 559 2691 649 2726; x_wconf 56' lang='lat' dir='ltr'><strong>tempf,</strong></span> <span class='ocrx_word' id='word_1_708' title='bbox 665 2700 690 2719; x_wconf 87' lang='lat' dir='ltr'><strong>c.</strong></span> <span class='ocrx_word' id='word_1_709' title='bbox 703 2692 720 2719; x_wconf 74' lang='grc' dir='ltr'>ὅ</span> <span class='ocrx_word' id='word_1_710' title='bbox 734 2701 740 2718; x_wconf 89' lang='lat'>:</span> <span class='ocrx_word' id='word_1_711' title='bbox 753 2692 862 2727; x_wconf 76' lang='lat' dir='ltr'><strong>Agnorit</strong></span> <span class='ocrx_word' id='word_1_712' title='bbox 875 2693 965 2727; x_wconf 79' lang='lat' dir='ltr'><strong>infan-</strong></span> 
     </span>
    </p>
   </div>
   <div class='ocr_carea' id='block_1_106' title="bbox 180 2728 964 2762">
    <p class='ocr_par' dir='ltr' id='par_1_106' title="bbox 180 2728 964 2762">
     <span class='ocr_line' id='line_1_106' title="bbox 180 2728 964 2762; baseline 0.004 -11"><span class='ocrx_word' id='word_1_713' title='bbox 180 2730 230 2752; x_wconf 81' lang='lat' dir='ltr'><strong>tem</strong></span> <span class='ocrx_word' id='word_1_714' title='bbox 249 2735 336 2755; x_wconf 71' lang='lat' dir='ltr'><strong>senex.</strong></span> <span class='ocrx_word' id='word_1_715' title='bbox 357 2728 444 2760; x_wconf 74' lang='lat' dir='ltr'><strong>[actus</strong></span> <span class='ocrx_word' id='word_1_716' title='bbox 461 2732 500 2754; x_wconf 74' lang='lat' dir='ltr'><strong>est</strong></span> <span class='ocrx_word' id='word_1_717' title='bbox 519 2728 544 2754; x_wconf 82' lang='lat' dir='ltr'><strong>in</strong></span> <span class='ocrx_word' id='word_1_718' title='bbox 569 2736 648 2762; x_wconf 81' lang='lat' dir='ltr'><strong>puero</strong></span> <span class='ocrx_word' id='word_1_719' title='bbox 665 2735 745 2762; x_wconf 46' lang='lat' dir='ltr'><strong>inter.</strong></span> <span class='ocrx_word' id='word_1_720' title='bbox 771 2728 915 2754; x_wconf 76' lang='lat' dir='ltr'><strong>lunovatus</strong></span> <span class='ocrx_word' id='word_1_721' title='bbox 937 2728 964 2754; x_wconf 82' lang='lat' dir='ltr'><strong>in</strong></span> 
     </span>
    </p>
   </div>
   <div class='ocr_carea' id='block_1_107' title="bbox 179 2761 963 2797">
    <p class='ocr_par' dir='ltr' id='par_1_107' title="bbox 179 2761 963 2797">
     <span class='ocr_line' id='line_1_107' title="bbox 179 2761 963 2797; baseline 0.005 -11"><span class='ocrx_word' id='word_1_722' title='bbox 179 2766 266 2791; x_wconf 65' lang='lat' dir='ltr'><strong>(tmte.</strong></span> <span class='ocrx_word' id='word_1_723' title='bbox 281 2765 324 2796; x_wconf 83' lang='lat' dir='ltr'><strong>qui</strong></span> <span class='ocrx_word' id='word_1_724' title='bbox 342 2763 432 2795; x_wconf 80' lang='lat' dir='ltr'><strong>plenus</strong></span> <span class='ocrx_word' id='word_1_725' title='bbox 453 2767 510 2788; x_wconf 77' lang='lat' dir='ltr'><strong>erat</strong></span> <span class='ocrx_word' id='word_1_726' title='bbox 532 2763 637 2797; x_wconf 80' lang='lat' dir='ltr'><strong>pietate.</strong></span> <span class='ocrx_word' id='word_1_727' title='bbox 663 2761 755 2789; x_wconf 81' lang='lat' dir='ltr'><strong>Fuerit</strong></span> <span class='ocrx_word' id='word_1_728' title='bbox 769 2767 842 2790; x_wconf 83' lang='lat' dir='ltr'><strong>certe</strong></span> <span class='ocrx_word' id='word_1_729' title='bbox 855 2767 881 2789; x_wconf 87' lang='lat' dir='ltr'><strong>et</strong></span> <span class='ocrx_word' id='word_1_730' title='bbox 897 2763 963 2790; x_wconf 85' lang='lat' dir='ltr'><strong>illud</strong></span> 
     </span>
    </p>
   </div>
   <div class='ocr_carea' id='block_1_108' title="bbox 179 2797 490 2822">
    <p class='ocr_par' dir='ltr' id='par_1_108' title="bbox 179 2797 490 2822">
     <span class='ocr_line' id='line_1_108' title="bbox 179 2797 490 2822; baseline 0.003 -1"><span class='ocrx_word' id='word_1_731' title='bbox 179 2804 233 2822; x_wconf 81' lang='lat' dir='ltr'><strong>non</strong></span> <span class='ocrx_word' id='word_1_732' title='bbox 250 2797 285 2822; x_wconf 85' lang='lat' dir='ltr'><strong>ita</strong></span> <span class='ocrx_word' id='word_1_733' title='bbox 301 2798 490 2822; x_wconf 89' lang='lat' dir='ltr'><strong>inconsonum.</strong></span> 
     </span>
    </p>
   </div>
   <div class='ocr_carea' id='block_1_109' title="bbox 216 2830 963 2865">
    <p class='ocr_par' dir='ltr' id='par_1_109' title="bbox 216 2830 963 2865">
     <span class='ocr_line' id='line_1_109' title="bbox 216 2830 963 2865; baseline 0.005 -10"><span class='ocrx_word' id='word_1_734' title='bbox 216 2830 271 2865; x_wconf 76' lang='grc'>(58)</span> <span class='ocrx_word' id='word_1_735' title='bbox 289 2831 366 2863; x_wconf 71' lang='grc' dir='ltr'><strong>Πρὸς</strong></span> <span class='ocrx_word' id='word_1_736' title='bbox 382 2831 552 2857; x_wconf 82' lang='grc' dir='ltr'>ὑπόστασιν</span> <span class='ocrx_word' id='word_1_737' title='bbox 566 2831 618 2858; x_wconf 81' lang='grc' dir='ltr'>τοῦ</span> <span class='ocrx_word' id='word_1_738' title='bbox 635 2830 845 2858; x_wconf 79' lang='grc' dir='ltr'>ἀνυποστάτου</span> <span class='ocrx_word' id='word_1_739' title='bbox 860 2832 963 2865; x_wconf 64' lang='grc' dir='ltr'>πιφός.</span> 
     </span>
    </p>
   </div>
   <div class='ocr_carea' id='block_1_110' title="bbox 181 2864 963 2901">
    <p class='ocr_par' dir='ltr' id='par_1_110' title="bbox 181 2864 963 2901">
     <span class='ocr_line' id='line_1_110' title="bbox 181 2864 963 2901; baseline 0.003 -9"><span class='ocrx_word' id='word_1_740' title='bbox 181 2864 256 2892; x_wconf 72' lang='lat' dir='ltr'><strong>Illius</strong></span> <span class='ocrx_word' id='word_1_741' title='bbox 270 2865 397 2892; x_wconf 88' lang='lat' dir='ltr'><strong>nimirum</strong></span> <span class='ocrx_word' id='word_1_742' title='bbox 409 2865 455 2899; x_wconf 89' lang='lat' dir='ltr'><strong>qui</strong></span> <span class='ocrx_word' id='word_1_743' title='bbox 470 2865 496 2892; x_wconf 92' lang='lat' dir='ltr'><strong>in</strong></span> <span class='ocrx_word' id='word_1_744' title='bbox 509 2866 576 2893; x_wconf 91' lang='lat' dir='ltr'><strong>rubo</strong></span> <span class='ocrx_word' id='word_1_745' title='bbox 590 2866 689 2894; x_wconf 73' lang='lat' dir='ltr'><strong>ardens</strong></span> <span class='ocrx_word' id='word_1_746' title='bbox 701 2865 819 2901; x_wconf 70' lang='grc' dir='ltr'>ἔμφασιν</span> <span class='ocrx_word' id='word_1_747' title='bbox 835 2864 963 2901; x_wconf 80' lang='lat' dir='ltr'><strong>habebat,</strong></span> 
     </span>
    </p>
   </div>
   <div class='ocr_carea' id='block_1_111' title="bbox 1020 2449 1808 2486">
    <p class='ocr_par' dir='ltr' id='par_1_111' title="bbox 1020 2449 1808 2486">
     <span class='ocr_line' id='line_1_111' title="bbox 1020 2449 1808 2486; baseline 0.004 -11"><span class='ocrx_word' id='word_1_748' title='bbox 1020 2449 1065 2486; x_wconf 84' lang='lat' dir='ltr'><strong>Sic</strong></span> <span class='ocrx_word' id='word_1_749' title='bbox 1078 2450 1151 2477; x_wconf 87' lang='lat' dir='ltr'><strong>enim</strong></span> <span class='ocrx_word' id='word_1_750' title='bbox 1167 2458 1237 2485; x_wconf 60' lang='lat' dir='ltr'><strong>srpe</strong></span> <span class='ocrx_word' id='word_1_751' title='bbox 1262 2449 1350 2486; x_wconf 44' lang='lat' dir='ltr'><strong>Deus.</strong></span> <span class='ocrx_word' id='word_1_752' title='bbox 1368 2451 1443 2477; x_wconf 93' lang='lat' dir='ltr'><strong>nullo</strong></span> <span class='ocrx_word' id='word_1_753' title='bbox 1467 2449 1620 2486; x_wconf 74' lang='lat' dir='ltr'><strong>mendacio,</strong></span> <span class='ocrx_word' id='word_1_754' title='bbox 1646 2451 1808 2486; x_wconf 81' lang='lat' dir='ltr'><strong>apparentia</strong></span> 
     </span>
    </p>
   </div>
   <div class='ocr_carea' id='block_1_112' title="bbox 1017 2485 1806 2520">
    <p class='ocr_par' dir='ltr' id='par_1_112' title="bbox 1017 2485 1806 2520">
     <span class='ocr_line' id='line_1_112' title="bbox 1017 2485 1806 2520; baseline 0.004 -9"><span class='ocrx_word' id='word_1_755' title='bbox 1017 2485 1107 2520; x_wconf 66' lang='lat' dir='ltr'><strong>aliqua</strong></span> <span class='ocrx_word' id='word_1_756' title='bbox 1123 2486 1250 2512; x_wconf 84' lang='lat' dir='ltr'><strong>sensibus</strong></span> <span class='ocrx_word' id='word_1_757' title='bbox 1268 2485 1376 2520; x_wconf 79' lang='lat' dir='ltr'><strong>ingerit,</strong></span> <span class='ocrx_word' id='word_1_758' title='bbox 1392 2487 1425 2512; x_wconf 83' lang='lat' dir='ltr'><strong>ad</strong></span> <span class='ocrx_word' id='word_1_759' title='bbox 1439 2485 1518 2513; x_wconf 82' lang='lat' dir='ltr'><strong>Iidem</strong></span> <span class='ocrx_word' id='word_1_760' title='bbox 1534 2485 1708 2514; x_wconf 82' lang='lat' dir='ltr'><strong>astruendain</strong></span> <span class='ocrx_word' id='word_1_761' title='bbox 1721 2487 1806 2514; x_wconf 74' lang='lat' dir='ltr'><strong>veris.</strong></span> 
     </span>
    </p>
   </div>
   <div class='ocr_carea' id='block_1_113' title="bbox 1018 2518 1808 2556">
    <p class='ocr_par' dir='ltr' id='par_1_113' title="bbox 1018 2518 1808 2556">
     <span class='ocr_line' id='line_1_113' title="bbox 1018 2518 1808 2556; baseline 0.004 -11"><span class='ocrx_word' id='word_1_762' title='bbox 1018 2518 1131 2556; x_wconf 56' lang='lat' dir='ltr'><strong>Videtur</strong></span> <span class='ocrx_word' id='word_1_763' title='bbox 1147 2529 1212 2556; x_wconf 78' lang='lat' dir='ltr'><strong>ergo</strong></span> <span class='ocrx_word' id='word_1_764' title='bbox 1228 2518 1432 2556; x_wconf 17' lang='lat' dir='ltr'><strong>ancturrludere</strong></span> <span class='ocrx_word' id='word_1_765' title='bbox 1450 2521 1476 2547; x_wconf 93' lang='lat' dir='ltr'><strong>in</strong></span> <span class='ocrx_word' id='word_1_766' title='bbox 1494 2522 1651 2556; x_wconf 88' lang='lat' dir='ltr'><strong>paronomia</strong></span> <span class='ocrx_word' id='word_1_767' title='bbox 1667 2521 1739 2548; x_wconf 80' lang='lat' dir='ltr'><strong>illitis</strong></span> <span class='ocrx_word' id='word_1_768' title='bbox 1758 2529 1808 2548; x_wconf 84' lang='lat' dir='ltr'><strong>vo-</strong></span> 
     </span>
    </p>
   </div>
   <div class='ocr_carea' id='block_1_114' title="bbox 1016 2555 1807 2591">
    <p class='ocr_par' dir='ltr' id='par_1_114' title="bbox 1016 2555 1807 2591">
     <span class='ocr_line' id='line_1_114' title="bbox 1016 2555 1807 2591; baseline 0.004 -10"><span class='ocrx_word' id='word_1_769' title='bbox 1016 2555 1070 2591; x_wconf 84' lang='lat' dir='ltr'><strong>cis;</strong></span> <span class='ocrx_word' id='word_1_770' title='bbox 1086 2555 1169 2591; x_wconf 17' lang='lat' dir='ltr'><strong>rvelut</strong></span> <span class='ocrx_word' id='word_1_771' title='bbox 1194 2556 1276 2587; x_wconf 77' lang='lat' dir='ltr'><strong>dicat.</strong></span> <span class='ocrx_word' id='word_1_772' title='bbox 1303 2555 1336 2582; x_wconf 88' lang='lat' dir='ltr'><strong>ad</strong></span> <span class='ocrx_word' id='word_1_773' title='bbox 1364 2555 1545 2582; x_wconf 87' lang='lat' dir='ltr'><strong>substantiam</strong></span> <span class='ocrx_word' id='word_1_774' title='bbox 1568 2557 1638 2591; x_wconf 79' lang='lat' dir='ltr'><strong>ignis</strong></span> <span class='ocrx_word' id='word_1_775' title='bbox 1657 2557 1731 2583; x_wconf 86' lang='lat' dir='ltr'><strong>illius</strong></span> <span class='ocrx_word' id='word_1_776' title='bbox 1750 2564 1807 2584; x_wconf 91' lang='lat' dir='ltr'><strong>non</strong></span> 
     </span>
    </p>
   </div>
   <div class='ocr_carea' id='block_1_115' title="bbox 1017 2590 1806 2626">
    <p class='ocr_par' dir='ltr' id='par_1_115' title="bbox 1017 2590 1806 2626">
     <span class='ocr_line' id='line_1_115' title="bbox 1017 2590 1806 2626; baseline 0.003 -10"><span class='ocrx_word' id='word_1_777' title='bbox 1017 2590 1209 2626; x_wconf 77' lang='lat' dir='ltr'><strong>subsistentis;</strong></span> <span class='ocrx_word' id='word_1_778' title='bbox 1235 2598 1265 2618; x_wconf 85' lang='lat' dir='ltr'><strong>ac</strong></span> <span class='ocrx_word' id='word_1_779' title='bbox 1294 2591 1367 2618; x_wconf 81' lang='lat' dir='ltr'><strong>velut</strong></span> <span class='ocrx_word' id='word_1_780' title='bbox 1390 2591 1498 2626; x_wconf 81' lang='lat' dir='ltr'><strong>objecta</strong></span> <span class='ocrx_word' id='word_1_781' title='bbox 1515 2591 1561 2618; x_wconf 93' lang='lat' dir='ltr'><strong>illo</strong></span> <span class='ocrx_word' id='word_1_782' title='bbox 1581 2590 1653 2626; x_wconf 81' lang='lat' dir='ltr'><strong>igne.</strong></span> <span class='ocrx_word' id='word_1_783' title='bbox 1676 2592 1722 2626; x_wconf 88' lang='lat' dir='ltr'><strong>qui</strong></span> <span class='ocrx_word' id='word_1_784' title='bbox 1740 2599 1806 2619; x_wconf 84' lang='lat' dir='ltr'><strong>vere</strong></span> 
     </span>
    </p>
   </div>
   <div class='ocr_carea' id='block_1_116' title="bbox 1016 2625 1805 2658">
    <p class='ocr_par' dir='ltr' id='par_1_116' title="bbox 1016 2625 1805 2658">
     <span class='ocr_line' id='line_1_116' title="bbox 1016 2625 1805 2658; baseline 0.001 -6"><span class='ocrx_word' id='word_1_785' title='bbox 1016 2625 1113 2652; x_wconf 85' lang='lat' dir='ltr'><strong>rubum</strong></span> <span class='ocrx_word' id='word_1_786' title='bbox 1135 2626 1243 2652; x_wconf 82' lang='lat' dir='ltr'><strong>ﬂamma</strong></span> <span class='ocrx_word' id='word_1_787' title='bbox 1257 2626 1406 2653; x_wconf 86' lang='lat' dir='ltr'><strong>illustraret</strong></span> <span class='ocrx_word' id='word_1_788' title='bbox 1420 2630 1446 2654; x_wconf 85' lang='lat' dir='ltr'><strong>et</strong></span> <span class='ocrx_word' id='word_1_789' title='bbox 1461 2625 1636 2658; x_wconf 75' lang='lat' dir='ltr'><strong>adlamberet,</strong></span> <span class='ocrx_word' id='word_1_790' title='bbox 1664 2625 1691 2654; x_wconf 80' lang='lat' dir='ltr'><strong>et</strong></span> <span class='ocrx_word' id='word_1_791' title='bbox 1711 2631 1805 2653; x_wconf 89' lang='lat' dir='ltr'><strong>tamen</strong></span> 
     </span>
    </p>
   </div>
   <div class='ocr_carea' id='block_1_117' title="bbox 1015 2660 1806 2721">
    <p class='ocr_par' dir='ltr' id='par_1_117' title="bbox 1015 2660 1806 2721">
     <span class='ocr_line' id='line_1_117' title="bbox 1015 2660 1806 2721; baseline 0.003 -35"><span class='ocrx_word' id='word_1_792' title='bbox 1015 2666 1147 2721; x_wconf 74' lang='lat' dir='ltr'><strong>apparens</strong></span> <span class='ocrx_word' id='word_1_793' title='bbox 1163 2665 1246 2688; x_wconf 81' lang='lat' dir='ltr'><strong>esset.</strong></span> <span class='ocrx_word' id='word_1_794' title='bbox 1261 2660 1419 2688; x_wconf 72' lang='lat' dir='ltr'><strong>Odendcbat</strong></span> <span class='ocrx_word' id='word_1_795' title='bbox 1443 2661 1483 2693; x_wconf 69' lang='grc' dir='ltr'><strong>τὸ,</strong></span> <span class='ocrx_word' id='word_1_796' title='bbox 1508 2661 1705 2694; x_wconf 76' lang='grc' dir='ltr'>ἀνυποπάτου,</span> <span class='ocrx_word' id='word_1_797' title='bbox 1729 2662 1806 2689; x_wconf 85' lang='lat' dir='ltr'><strong>velut</strong></span> 
     </span>
     <span class='ocr_line' id='line_1_118' title="bbox 1015 2696 1804 2721; baseline 0 0"><span class='ocrx_word' id='word_1_798' title='bbox 1015 2702 1044 2721; x_wconf 84' lang='lat' dir='ltr'><strong>re</strong></span> <span class='ocrx_word' id='word_1_799' title='bbox 1057 2696 1187 2721; x_wconf 79' lang='lat' dir='ltr'><strong>erenduin</strong></span> <span class='ocrx_word' id='word_1_800' title='bbox 1210 2700 1281 2721; x_wconf 85' lang='lat' dir='ltr'><strong>esset</strong></span> <span class='ocrx_word' id='word_1_801' title='bbox 1305 2696 1339 2721; x_wconf 88' lang='lat' dir='ltr'><strong>ad</strong></span> <span class='ocrx_word' id='word_1_802' title='bbox 1363 2696 1506 2721; x_wconf 73' lang='lat' dir='ltr'><strong>ﬁguratum</strong></span> <span class='ocrx_word' id='word_1_803' title='bbox 1522 2701 1548 2721; x_wconf 83' lang='lat' dir='ltr'><strong>et</strong></span> <span class='ocrx_word' id='word_1_804' title='bbox 1563 2697 1685 2721; x_wconf 87' lang='lat' dir='ltr'><strong>divinum</strong></span> <span class='ocrx_word' id='word_1_805' title='bbox 1701 2698 1804 2721; x_wconf 71' lang='lat' dir='ltr'><strong>ignem.</strong></span> 
     </span>
    </p>
   </div>
   <div class='ocr_carea' id='block_1_118' title="bbox 1015 2696 1804 2731">
    <p class='ocr_par' dir='ltr' id='par_1_118' title="bbox 1015 2696 1804 2731">
     <span class='ocr_line' id='line_1_119' title="bbox 1015 2696 1804 2731; baseline 0.003 -10"><span class='ocrx_word' id='word_1_806' title='bbox 1015 2696 1187 2731; x_wconf 79' lang='lat' dir='ltr'><strong>referendum</strong></span> <span class='ocrx_word' id='word_1_807' title='bbox 1210 2700 1281 2723; x_wconf 84' lang='lat' dir='ltr'><strong>esset</strong></span> <span class='ocrx_word' id='word_1_808' title='bbox 1305 2696 1339 2723; x_wconf 86' lang='lat' dir='ltr'><strong>ad</strong></span> <span class='ocrx_word' id='word_1_809' title='bbox 1363 2696 1506 2730; x_wconf 84' lang='lat' dir='ltr'><strong>ﬁguratum</strong></span> <span class='ocrx_word' id='word_1_810' title='bbox 1522 2701 1548 2724; x_wconf 89' lang='lat' dir='ltr'><strong>et</strong></span> <span class='ocrx_word' id='word_1_811' title='bbox 1563 2697 1685 2724; x_wconf 90' lang='lat' dir='ltr'><strong>divinum</strong></span> <span class='ocrx_word' id='word_1_812' title='bbox 1701 2698 1804 2731; x_wconf 81' lang='lat' dir='ltr'><strong>ignem.</strong></span> 
     </span>
    </p>
   </div>
   <div class='ocr_carea' id='block_1_119' title="bbox 1015 2730 1803 2766">
    <p class='ocr_par' dir='ltr' id='par_1_119' title="bbox 1015 2730 1803 2766">
     <span class='ocr_line' id='line_1_120' title="bbox 1015 2730 1803 2766; baseline 0.003 -11"><span class='ocrx_word' id='word_1_813' title='bbox 1015 2730 1196 2766; x_wconf 21' lang='grc' dir='ltr'>ὲνυλπόστατον</span> <span class='ocrx_word' id='word_1_814' title='bbox 1220 2731 1294 2757; x_wconf 91' lang='lat' dir='ltr'><strong>illum</strong></span> <span class='ocrx_word' id='word_1_815' title='bbox 1312 2735 1339 2758; x_wconf 86' lang='lat' dir='ltr'><strong>et</strong></span> <span class='ocrx_word' id='word_1_816' title='bbox 1354 2732 1581 2764; x_wconf 81' lang='grc' dir='ltr'>αὐτοῡπόστατον,</span> <span class='ocrx_word' id='word_1_817' title='bbox 1603 2730 1737 2766; x_wconf 86' lang='lat' dir='ltr'><strong>nusquain</strong></span> <span class='ocrx_word' id='word_1_818' title='bbox 1753 2732 1803 2758; x_wconf 87' lang='grc' dir='ltr'><strong>ἀν-</strong></span> 
     </span>
    </p>
   </div>
   <div class='ocr_carea' id='block_1_120' title="bbox 1015 2764 1806 2801">
    <p class='ocr_par' dir='ltr' id='par_1_120' title="bbox 1015 2764 1806 2801">
     <span class='ocr_line' id='line_1_121' title="bbox 1015 2764 1806 2801; baseline 0.004 -11"><span class='ocrx_word' id='word_1_819' title='bbox 1015 2764 1172 2801; x_wconf 59' lang='grc' dir='ltr'>υπόστατον</span> <span class='ocrx_word' id='word_1_820' title='bbox 1183 2774 1212 2792; x_wconf 88' lang='lat' dir='ltr'><strong>re</strong></span> <span class='ocrx_word' id='word_1_821' title='bbox 1224 2771 1313 2801; x_wconf 84' lang='lat' dir='ltr'><strong>tamen</strong></span> <span class='ocrx_word' id='word_1_822' title='bbox 1326 2766 1422 2794; x_wconf 82' lang='lat' dir='ltr'><strong>melius</strong></span> <span class='ocrx_word' id='word_1_823' title='bbox 1432 2772 1572 2801; x_wconf 86' lang='lat' dir='ltr'><strong>perspecta</strong></span> <span class='ocrx_word' id='word_1_824' title='bbox 1581 2764 1697 2795; x_wconf 83' lang='lat' dir='ltr'><strong>solidum</strong></span> <span class='ocrx_word' id='word_1_825' title='bbox 1713 2767 1806 2793; x_wconf 83' lang='lat' dir='ltr'><strong>visum</strong></span> 
     </span>
    </p>
   </div>
   <div class='ocr_carea' id='block_1_121' title="bbox 1015 2800 1805 2837">
    <p class='ocr_par' dir='ltr' id='par_1_121' title="bbox 1015 2800 1805 2837">
     <span class='ocr_line' id='line_1_122' title="bbox 1015 2800 1805 2837; baseline 0.004 -11"><span class='ocrx_word' id='word_1_826' title='bbox 1015 2805 1066 2837; x_wconf 72' lang='lat' dir='ltr'><strong>est,</strong></span> <span class='ocrx_word' id='word_1_827' title='bbox 1076 2805 1102 2827; x_wconf 89' lang='lat' dir='ltr'><strong>et</strong></span> <span class='ocrx_word' id='word_1_828' title='bbox 1112 2800 1282 2837; x_wconf 72' lang='lat' dir='ltr'><strong>referendum</strong></span> <span class='ocrx_word' id='word_1_829' title='bbox 1292 2800 1325 2828; x_wconf 83' lang='lat' dir='ltr'><strong>ad</strong></span> <span class='ocrx_word' id='word_1_830' title='bbox 1341 2800 1486 2835; x_wconf 79' lang='lat' dir='ltr'><strong>ipsuntiuet</strong></span> <span class='ocrx_word' id='word_1_831' title='bbox 1497 2800 1589 2837; x_wconf 82' lang='lat' dir='ltr'><strong>ignem</strong></span> <span class='ocrx_word' id='word_1_832' title='bbox 1606 2802 1738 2837; x_wconf 72' lang='lat' dir='ltr'><strong>typicuut,</strong></span> <span class='ocrx_word' id='word_1_833' title='bbox 1753 2809 1805 2829; x_wconf 77' lang='lat' dir='ltr'><strong>cu-</strong></span> 
     </span>
    </p>
   </div>
   <div class='ocr_carea' id='block_1_122' title="bbox 1012 2834 1804 2874">
    <p class='ocr_par' dir='ltr' id='par_1_122' title="bbox 1012 2834 1804 2874">
     <span class='ocr_line' id='line_1_123' title="bbox 1012 2834 1804 2874; baseline 0.005 -14"><span class='ocrx_word' id='word_1_834' title='bbox 1012 2834 1058 2874; x_wconf 78' lang='lat' dir='ltr'><strong>jus</strong></span> <span class='ocrx_word' id='word_1_835' title='bbox 1080 2835 1190 2874; x_wconf 78' lang='lat' dir='ltr'><strong>modum</strong></span> <span class='ocrx_word' id='word_1_836' title='bbox 1210 2835 1319 2874; x_wconf 72' lang='lat' dir='ltr'><strong>divinus</strong></span> <span class='ocrx_word' id='word_1_837' title='bbox 1342 2834 1387 2863; x_wconf 87' lang='lat' dir='ltr'><strong>ille</strong></span> <span class='ocrx_word' id='word_1_838' title='bbox 1409 2836 1480 2870; x_wconf 78' lang='lat' dir='ltr'><strong>ignis</strong></span> <span class='ocrx_word' id='word_1_839' title='bbox 1499 2834 1648 2867; x_wconf 61' lang='lat' dir='ltr'><strong>scrvaveri&#39;t</strong></span> <span class='ocrx_word' id='word_1_840' title='bbox 1663 2837 1690 2864; x_wconf 92' lang='lat' dir='ltr'><strong>in</strong></span> <span class='ocrx_word' id='word_1_841' title='bbox 1705 2836 1804 2870; x_wconf 79' lang='lat' dir='ltr'><strong>Maria,</strong></span> 
     </span>
    </p>
   </div>
   <div class='ocr_carea' id='block_1_123' title="bbox 1014 2868 1519 2905">
    <p class='ocr_par' dir='ltr' id='par_1_123' title="bbox 1014 2868 1519 2905">
     <span class='ocr_line' id='line_1_124' title="bbox 1014 2868 1519 2905; baseline 0.006 -9"><span class='ocrx_word' id='word_1_842' title='bbox 1014 2868 1084 2898; x_wconf 73' lang='lat' dir='ltr'><strong>idem</strong></span> <span class='ocrx_word' id='word_1_843' title='bbox 1101 2869 1158 2905; x_wconf 82' lang='lat' dir='ltr'><strong>ipse</strong></span> <span class='ocrx_word' id='word_1_844' title='bbox 1173 2870 1200 2897; x_wconf 91' lang='lat' dir='ltr'><strong>iu</strong></span> <span class='ocrx_word' id='word_1_845' title='bbox 1214 2870 1338 2898; x_wconf 64' lang='lat' dir='ltr'><strong>Simeoue</strong></span> <span class='ocrx_word' id='word_1_846' title='bbox 1351 2868 1519 2900; x_wconf 61' lang='lat' dir='ltr'><strong>serviturus.</strong></span> 
     </span>
    </p>
   </div>
  </div>
