1911 3072
115 113 164 141 365

659 114 776 142 SERMO
795 113 838 140 DE
859 113 1008 142 SIMEONE
1025 111 1069 140 ET
1089 113 1191 142 ANNA.

1687 115 1744 145 566

114 170 215 206 γαστήρ
236 179 267 197 σε
291 171 438 203 διδαξάτω,
456 172 484 197 ἐν
538 172 663 208 ἐχωρήθη
679 173 694 198 ὁ
710 173 858 208 ἀχώρητος,
873 173 891 198 ἐς

953 179 1040 203 rans,
1065 171 1223 199 oeconomiae
1251 171 1299 198 tibi
1325 177 1525 200 sacramentum
1556 174 1741 208 persuadeat,

111 213 140 252 ἧς
157 217 201 243 καὶ
223 217 374 253 ὲσαρκώθη
393 219 407 244 ὀ
422 218 540 253 ἄσαρκος
565 219 659 252 Λόγος.
677 219 714 244 Ob
735 218 814 244 πάλιν
838 219 901 244 σάλ-

110 271 201 296 πιγγες
227 264 423 298 ἐκδειματοῦσι
448 265 509 296 τοὺς
533 265 703 300 προσιόντας,
719 266 773 292 οὐδ’
787 264 821 292 αὖ
841 265 903 300 ὄρος

111 307 307 342 καπνιζόμενον
323 308 381 340 δέος
394 309 502 344 ἐμποιεῖ
513 310 567 340 τοῖς
584 309 826 345 προσπελάζουσιν,
841 309 902 335 οὔτε

112 354 157 388 μὴν
180 354 261 388 νόμος
283 354 394 386 κολάζει
417 354 532 388 ἀφειδῶς
551 354 596 380 τὸν
622 355 731 389 θίγοντα
749 355 901 391 τολμηρῶς.

109 398 312 434 Φιλανθρωπὶας
339 399 392 434 γὰρ
415 399 448 426 τὰ
469 400 598 435 παρόντα,
615 401 843 434 συγκαταὸάσεως
868 400 902 427 τὰ

109 444 261 479 φαινόμενα.
282 445 461 481 Εὐχαρίςτως
476 445 594 472 ἀπόλαϐε
606 446 651 472 τὸν
665 447 731 483 πρὸς
749 447 778 473 σὲ
792 447 902 474 ἐλθόντα

109 490 182 516 Θεόν·
202 488 287 521 αὐτὸς
306 491 361 526 γὰρ
378 492 471 525 ἀφελεί
496 492 544 523 τὰς
566 492 680 527 ἀνομίας
703 501 761 523 σου,
785 493 831 518 καὶ
852 492 901 524 τὰς

109 535 236 571 ἁμαρτίας
255 545 306 562 σου
331 537 517 573 περικαθαρεῖ.
538 539 580 565 Ἐν
605 539 646 565 σοὶ
666 538 900 574 προτυπωθήτωή

108 581 148 608 τοῦ
175 581 281 616 κόσμου
308 583 452 618 κάθαρσις.
473 585 516 610 Ἐν
539 585 580 611 σο).
598 584 644 611 καὶ
661 585 704 611 διὰ
725 583 770 610 σοῦ
792 592 900 619 προμη-

108 628 206 664 ννθὴτω
219 629 277 660 τοῖς
292 629 399 655 ἔθνεσιν
411 631 427 665 ὴ
442 630 511 656 κατὰ
522 631 599 665 χάριν
613 630 760 661 δικαίωσις.
777 630 811 656 Σὺ
827 630 900 662 ἄξιος

107 673 150 709 τῆς
175 675 313 706 ζωοποιοῦ
339 676 475 711 ἀπαρχῆς.
505 677 677 712 Ἀπήλαυσας
703 677 801 712 νόμου;
834 676 900 702 ἀπό-

107 719 195 748 laudat
220 722 269 748 καὶ
293 722 344 758 τῆς
365 723 483 758 χάριτος.
501 723 652 759 Κέκμηκας
675 724 714 759 τῷ
738 723 897 759 γράμματι;

107 766 310 802 ἁνακαινίσθητι
328 768 357 793 ὲν
374 767 411 802 τῷ
428 767 573 803 πνεύματι.
595 769 756 796 Ἀπέκδυσαι
773 769 821 804 τὴν
846 778 898 796 πα-

107 811 226 847 λαιότητα
247 814 297 839 καὶ
317 813 425 839 ἔνδυσαι
446 814 495 849 τὴν
521 815 674 851 καινότητα.
692 814 783 842 Ταῦτα
803 815 856 851 γάρ
869 823 897 841 σε

106 856 264 891 ἠγνοηκέναι
281 857 314 883 οὐ
329 857 410 884 δοκῶ.

955 218 1083 253 magister
1104 218 1215 252 optime.
1247 217 1323 245 Meus
1346 218 1461 253 denique
1478 223 1571 247 uterus
1589 219 1637 247 tibi
1654 221 1740 248 docu-
1759 232 1760 235 η

954 268 1046 290 mento
1062 264 1108 295 sit,
1124 264 1151 291 in
1162 273 1216 299 quo
1235 263 1284 291 fuit
1296 268 1451 295 contentus,
1464 266 1509 300 qui
1523 273 1659 301 nusquam
1674 267 1741 294 alio-

954 310 1000 344 qui
1014 314 1103 345 potest
1123 310 1256 337 contineri
1271 319 1277 336 :
1295 318 1328 337 ex
1344 318 1398 345 quo
1417 311 1496 338 etiam
1515 309 1611 339 Sermo
1622 311 1667 340 ille
1680 319 1741 340 car-

955 356 997 383 nis
1017 363 1123 391 expers,
1140 356 1289 390 assumpsit
1303 363 1423 383 carnem.
1452 355 1510 383 Non
1526 356 1581 391 jam
1597 358 1669 385 tuba:
1689 364 1740 386 ter-

953 402 1036 428 ritant
1060 401 1219 428 accedentes
1237 402 1279 428 "2
1299 409 1353 428 non
1378 402 1475 429 iterum
1502 410 1580 430 mons
1605 403 1741 440 fumigans

954 446 1236 481 appropinquantibus
1253 445 1340 480 injicit
1367 451 1467 473 metum
1484 456 1489 473 :
1506 454 1537 473 ac
1564 455 1651 483 neque
1679 450 1741 481 lex,

953 492 1085 521 audacius
1100 493 1299 528 contingentem
1312 492 1435 520 severius
1451 492 1529 527 punit
1545 493 1577 520 ‘°.
1593 493 1742 523 Pratsentia

952 539 1024 565 enim
1052 539 1238 574 propensioris
1264 543 1328 566 sunt
1354 539 1381 565 in
1412 539 1536 567 homines
1553 540 1650 574 studii;
1677 545 1742 569 sunt

953 592 1012 619 qua:
1025 589 1167 620 geruntur,
1182 585 1280 612 divinae
1293 586 1325 612 ad
1340 593 1390 612 nos
1414 585 1614 620 inclinationis;
1631 587 1740 615 bonita-

951 631 997 662 tis,
1016 638 1075 665 qua
1091 635 1232 666 apparent.
1253 631 1353 665 Excipe
1367 632 1484 666 gratanti
1501 632 1594 660 animo
1609 633 1643 660 ad
1655 637 1679 660 te
1694 641 1742 661 ve-

951 676 1070 703 nientem
1089 676 1172 704 Deum
1188 687 1193 704 :
1213 678 1270 712 ipse
1284 678 1356 704 enim
1379 677 1483 705 auferet
1497 677 1655 713 iniquitates
1668 683 1741 712 tuas.

949 726 977 749 et
990 722 1110 756 expiabit
1132 727 1242 757 peccata
1261 727 1317 750 tua.
1346 722 1375 750 In
1398 727 1425 750 te
1442 723 1559 758 primum
1580 724 1742 753 informetur

950 768 1046 794 mundi
1061 769 1180 796 universi
1208 769 1344 796 lustratio.
1357 768 1385 795 ln
1402 773 1428 796 te
1442 774 1468 797 ct
1483 778 1531 805 per
1545 775 1588 803 te,
1613 771 1741 806 gentibus

950 814 1130 849 pranuntiata
1146 814 1309 846 innotescat,
1321 823 1380 850 qua:
1396 817 1543 844 secundum
1556 817 1671 852 gratiam
1683 822 1737 850 est,

948 860 1116 894 justiﬁcatio.
1132 860 1235 895 Dignus
1261 868 1291 888 es
1315 861 1431 890 vivificis
1455 862 1593 897 primitiis.
1619 861 1692 891 Usus
1707 871 1738 891 es

107 901 177 937 lege?
204 907 283 931 utere
311 908 339 931 ct
353 905 449 939 gratia.
474 904 613 940 Fatigatus
640 915 670 935 es
693 908 800 935 littera?
831 914 962 935 renovare
979 908 1087 943 spiritu.
1105 908 1180 936 Exue
1202 912 1380 942 vetustatem;
1398 914 1424 938 et
1450 911 1597 938 novitatem
1614 910 1738 940 induere.

107 946 158 975 Non
171 949 243 976 enim
257 954 327 985 puto
342 955 367 978 te
385 951 442 979 haec
455 953 572 980 nescire.

137 1010 175 1036 H'.
196 1011 258 1038 Ἐπὶ
272 1012 381 1045 τούτοις
398 1014 464 1040 πᾶσι
487 1015 743 1050 παρρησιασάμενος
758 1016 771 1041 ὁ
787 1014 888 1046 δίκαιος

987 1014 1054 1042 Vill.
1075 1014 1116 1041 Ab
1138 1014 1180 1041 his
1204 1014 1350 1046 omnibus,
1380 1019 1487 1049 sumpta
1502 1014 1594 1049 justus
1618 1015 1736 1048 ﬁducia,

107 1056 146 1082 ml
159 1057 190 1091 τῇ
206 1060 353 1094 προτροπῇ
372 1057 445 1090 εἴξας
457 1059 505 1095 τῆς
517 1059 749 1095 διακονησαμένης
760 1060 818 1095 Θεῷ
829 1061 897 1096 πρὸς

107 1102 260 1136 ἀνθρώπους
282 1103 465 1139 Θεομήτορος,
491 1105 638 1137 ὑπεδέξατο
665 1106 713 1140 μὲν
734 1107 792 1137 ταῖς
811 1114 897 1140 γηρα-
916 1096 919 1099 Ι

106 1147 172 1179 illm;
185 1148 324 1182 ἀγκάλαις
340 1150 395 1177 τὸν
409 1150 438 1176 ὲν
454 1151 596 1186 νηπιότητι
610 1152 740 1178 παλαιὸν
755 1152 814 1178 τῶν
827 1153 897 1186 ἡμε-

107 1192 169 1224 ρῶν,
181 1193 319 1229 εὐλόγησε
328 1194 356 1220 δὲ
371 1195 415 1221 τὸν
431 1195 496 1222 Θεὸν
514 1196 561 1222 καὶ
575 1194 635 1223 εἷπε
646 1205 652 1211 ·
676 1197 741 1224 Νῦν
754 1197 896 1229 ἀπολύεις

108 1239 154 1264 τὸν
167 1239 282 1266 δοῦλόν
297 1249 367 1271 σου,
385 1241 529 1272 Δέσποτα,
547 1242 621 1269 κατὰ
641 1242 674 1268 τὸ
687 1242 770 1276 ῥῆμά
781 1250 849 1274 σου,
862 1243 897 1269 ἐν

107 1284 212 1319 ﬁmi”).
228 1286 292 1312 ’Ότι
310 1284 392 1313 εἶδον
409 1289 435 1314 οι
456 1288 604 1322 ὀφθαλμοί
624 1296 682 1322 μου
697 1287 730 1314 τὸ
749 1287 897 1321 σωτήριόν

106 1336 167 1362 σου,
182 1330 197 1356 ὃ
216 1332 388 1366 ἡτοίμασας
411 1333 485 1360 κατὰ
507 1335 669 1367 πρόσωπον
691 1333 813 1360 πάντων
837 1333 896 1360 τῶν

107 1374 196 1401 λαῶν’
223 1376 291 1410 φῶς
315 1379 358 1411 εις
384 1379 578 1413 ἀποκάλυψιν
603 1379 707 1411 ἐθνῶν,
732 1379 780 1406 καὶ
803 1379 896 1411 δόξαν

106 1421 176 1448 λαοῦ
191 1429 250 1449 σου
271 1423 402 1457 Ἰσραήλ.
422 1424 568 1451 ’Δπέλαὸον
581 1425 629 1460 τὴν
641 1425 716 1460 παρὰ
732 1424 778 1451 σοῦ
794 1425 895 1452 ἄλυπον

107 1467 202 1502 χαρά-ι’
228 1469 355 1496 ἁπόλαὸέ
380 1479 413 1505 με
435 1471 594 1506 χαιρόμενον
617 1470 683 1506 (59),
708 1471 755 1497 καὶ
775 1471 894 1505 ἀνευφη-

108 1511 200 1548 pax-ivra
215 1514 250 1541 τὰ
270 1514 335 1550 ἐλέη
352 1523 408 1548 σου,
423 1516 518 1552 Κύριε.
540 1516 693 1548 Ἀπέδωκάς
710 1525 754 1551 μοι
779 1517 828 1551 τὴν
851 1516 895 1542 εὑ-

107 1558 212 1593 ουμίαν·
242 1561 395 1596 ἀποδίδωμί
423 1570 463 1588 σοι
485 1562 611 1597 εὐθύμως
630 1562 663 1589 τὰ
685 1562 892 1598 εὐχαριστήρια.

108 1604 204 1638 Ἐγνων
221 1607 336 1642 ἀγάπης
352 1607 419 1634 Θεοῦ
435 1608 560 1644 δύναμιν.
575 1610 612 1635 Δι’
625 1609 674 1644 ἐμὲ
694 1608 748 1644 γὰρ
768 1607 823 1643 (60)
837 1609 850 1634 ὁ
863 1609 893 1634 ἐκ

107 1652 148 1678 σοῦ
169 1652 244 1686 Θεὸς,
266 1655 476 1690 ἀνερμηνεύτως
502 1656 548 1682 καὶ
572 1650 727 1691 iraeadem;
743 1655 892 1690 γεννηθεὶς,

948 1059 1123 1094 Βοίριινωςιιε
1143 1058 1197 1086 Deo
1220 1058 1376 1086 ancillantis
1390 1059 1417 1085 in
1433 1059 1466 1086 iis
1479 1066 1539 1093 qua:
1556 1064 1679 1094 spectant
1703 1061 1738 1089 ad

946 1105 1081 1137 homines,
1093 1105 1276 1132 exhortationi
1291 1112 1324 1132 ac
1339 1105 1448 1132 monitis
1461 1105 1561 1133 cedens
1574 1127 1581 1138 ,
1594 1106 1737 1142 Antiquam

946 1148 1021 1174 illum
1038 1147 1140 1174 dierum
1157 1148 1178 1163 ⁶¹
1194 1147 1324 1174 infantem
1335 1167 1343 1178 ,
1370 1147 1501 1174 senilibus
1517 1147 1588 1175 ulnis
1604 1150 1734 1184 suscepit,

946 1192 1084 1227 Deumque
1095 1192 1240 1220 dilaudans
1256 1193 1294 1220 ait
1306 1202 1312 1220 ε
1323 1191 1401 1219 Nunc
1417 1192 1531 1220 dimitti;
1539 1202 1641 1221 servum
1650 1199 1734 1226 tuum,

946 1239 1065 1272 Domine,
1075 1239 1216 1266 secundum
1231 1238 1335 1266 verbum
1348 1244 1421 1265 tuum
1442 1239 1469 1266 in
1485 1247 1558 1274 pace.
1576 1240 1647 1273 Quia
1663 1241 1735 1268 vide-

946 1288 1007 1311 runt
1031 1284 1100 1311 oculi
1123 1292 1174 1311 met
1198 1284 1324 1311 Salutare
1348 1289 1442 1311 tuum:
1458 1284 1528 1319 quod
1546 1285 1650 1319 parasti
1671 1291 1737 1314 aut:

946 1330 1040 1365 faciem
1060 1331 1177 1356 omnium
1194 1329 1368 1364 populorum;
1395 1330 1482 1356 lumen
1498 1330 1532 1357 ad
1551 1331 1735 1358 reuelationem

945 1377 1070 1412 gentium,
1081 1381 1107 1403 et
1127 1376 1240 1411 gloriam
1259 1375 1340 1410 plebis
1357 1381 1409 1402 tum
1424 1375 1511 1403 Israel
1525 1376 1557 1404 °'.
1574 1376 1671 1412 Accepi
1685 1377 1735 1405 abs

945 1428 971 1451 te
986 1423 1146 1450 inoffensam
1160 1426 1187 1450 et
1203 1429 1315 1449 vacuant
1334 1421 1437 1449 doloris
1467 1421 1587 1449 laetitiam
1604 1431 1610 1450 ε
1630 1426 1660 1450 tu
1679 1430 1733 1454 me,

945 1469 1069 1500 Domine,
1085 1469 1229 1499 laetantem,
1244 1471 1360 1502 tuasque
1384 1467 1612 1502 depraedicantem
1626 1468 1735 1496 miseri-

945 1515 1054 1542 cordias
1070 1515 1173 1549 accipe.
1190 1513 1231 1540 Tu
1256 1513 1384 1549 gaudium
1408 1512 1460 1539 hoc
1482 1513 1572 1539 animo
1589 1513 1731 1541 indidisti:

945 1559 1066 1594 gaudens
1080 1567 1129 1594 ego
1143 1559 1235 1586 animo
1251 1558 1399 1593 gratiarum
1422 1558 1470 1585 tibi
1490 1565 1588 1586 munus
1600 1559 1731 1594 rependo.

945 1604 1065 1640 Cognovi
1081 1605 1135 1632 vim
1159 1604 1257 1631 divina
1275 1603 1437 1630 dilectionis.
1453 1602 1567 1638 Propter
1595 1611 1638 1630 me
1658 1605 1731 1632 enim

944 1649 1017 1678 Deus
1032 1650 1088 1683 ille,
1104 1649 1234 1677 ineffabili
1251 1650 1355 1676 ratione
1371 1656 1403 1675 ac
1418 1649 1477 1676 sine
1500 1648 1676 1682 corruptione
1696 1657 1731 1677 ex

105 1697 238 1732 ἄνθρωπος
256 1700 377 1734 γέγονεν.
394 1701 497 1735 Ἔγνων
516 1701 565 1736 τῆς
584 1701 633 1736 σῆς
650 1701 714 1737 περὶ
728 1701 802 1736 ἡμᾶς
818 1701 891 1736 κηδε-

947 1700 972 1724 te
988 1696 1104 1731 genitus,
1119 1696 1209 1723 tactus
1233 1699 1275 1722 est
1295 1695 1387 1721 homo.
1412 1694 1530 1729 Cognovi
1559 1697 1631 1720 tuam
1656 1694 1730 1721 illam

106 1744 191 1777 μονίας
215 1745 250 1772 τὸ
275 1746 462 1781 ἀνέκερραστον
478 1747 601 1782 μέγεθος,
621 1746 661 1772 ὃτι
684 1745 717 1772 τὰ
734 1746 767 1772 σὰ
788 1746 892 1779 σπλάγι-

105 1796 148 1822 χνα
160 1790 356 1823 ἐξαπέστειλας
369 1793 408 1823 εἰς
417 1792 541 1828 βοήθειαν
556 1792 644 1828 ἡμῶν.
660 1793 765 1826 Ἐγνων
777 1793 791 1818 ὂ
805 1792 890 1819 ἐδιδά-

107 1834 164 1870 χθην
177 1836 228 1863 ὑπὸ
246 1838 432 1873 Σολομῶντος,
446 1839 585 1872 Κραταιὰ,
601 1839 734 1872 λέγοντος,
745 1839 784 1871 ὡς
801 1838 891 1866 θάνα-

105 1889 149 1913 ιος
165 1883 183 1916 ὴ
204 1882 319 1917 ἀγάπη.
343 1884 392 1910 Διὰ
414 1884 513 1920 ταύτης
537 1885 591 1919 γὰρ
615 1884 822 1920 συντριϐήσεται
844 1884 890 1910 τοῦ

105 1924 210 1954 θανάτου
223 1929 258 1954 τὸ
269 1929 390 1965 κέντρον·
402 1930 446 1957 διὰ
460 1931 560 1966 ταύτης
571 1930 661 1966 νεκροὶ
676 1929 748 1966 ζωὴν
763 1929 872 1964 δψονται
882 1937 888 1943 ·

105 1971 142 1999 διὰ
158 1974 261 2010 ταύτης
279 1974 392 2007 θάνατος
412 1976 562 2011 μαθήσεται
576 1976 701 2009 θάνατον,
715 1976 890 2010 παυσάμενος

105 2017 147 2052 τῆς
157 2019 214 2045 καθ’
233 2020 311 2055 ἡμῶν
323 2021 495 2057 ἐπικρατείας
505 2031 511 2037 ⁸
525 2022 568 2048 διὰ
578 2021 678 2058 ταύτης
690 2022 734 2048 καὶ
747 2023 761 2048 ὁ
773 2021 891 2057 ἀρχέκα-

106 2069 146 2093 κος
168 2063 231 2098 ὄφις
265 2066 436 2101 αἰχμάλωτος
464 2069 606 2103 γενήσεται
638 2068 684 2094 καὶ
714 2066 888 2102 ὑποϐρύχιος.

110 2107 285 2144 Ἔτνώρισας
308 2112 388 2146 ἡμῖν,
403 2113 502 2147 Κύριε,
519 2114 552 2140 τὸ
574 2113 721 2147 σωτήριόν
737 2121 805 2144 σου,
822 2114 888 2139 ἀνα-

106 2154 195 2188 στήσας
211 2158 278 2193 ἡμῖν
292 2157 374 2190 φυτὸν
385 2158 495 2193 εἰρήνης
506 2168 512 2174 ·
527 2159 574 2184 καὶ
587 2159 676 2185 οὐκέτι
689 2159 806 2194 ἐσόμεθα
821 2159 889 2185 πλα-

105 2197 221 2233 νώμενοι.
243 2201 408 2238 Ἐγνώρισας
428 2205 504 2238 ἡμῖν,
518 2203 614 2239 Κύριε,
631 2205 671 2230 ὅτι
694 2205 743 2230 οὐκ
762 2205 800 2235 εἰς
814 2204 889 2235 τέλος

105 2243 236 2280 ὑπερεῖδες
263 2249 326 2280 τοὺς
347 2249 454 2281 δούλους
483 2258 539 2282 σοι),
558 2250 652 2284 ἀγαθὲ,
678 2251 738 2277 οὐδὲ
757 2250 887 2277 ἐπελάθου

105 2288 164 2324 ἔργα
195 2293 296 2328 χειρῶν
321 2303 378 2322 σου.
407 2296 639 2331 Κατοικτειρήσας
660 2296 714 2331 γὰρ
738 2296 816 2331 ἡμῶν
839 2295 887 2331 τὴν

105 2335 275 2374 ἐλεεινότητα,
290 2340 406 2374 δαψιλῶς
422 2341 532 2377 ἐξέχεας
551 2342 592 2376 ἐφ’
604 2343 676 2377 ἡμᾶς
697 2342 745 2377 τὴν
769 2341 887 2377 ἔμφυτον

944 1742 1160 1776 inexplicabilem
1184 1740 1271 1769 nostri
1298 1747 1391 1767 curam
1419 1740 1605 1775 studiumque,
1622 1741 1668 1776 qui
1683 1744 1730 1767 tua

942 1790 1001 1824 ipse
1019 1789 1122 1816 viscera
1136 1787 1261 1815 emiseris
1279 1787 1306 1814 in
1332 1791 1454 1814 nostrum
1484 1786 1624 1814 auxilium.
1651 1787 1730 1814 Nunc

942 1835 1050 1861 demum
1067 1833 1187 1869 intelligo
1199 1832 1271 1868 quod
1282 1840 1297 1859 a
1309 1832 1454 1859 Salomone
1467 1832 1617 1859 didiceram
1633 1842 1639 1859 ε
1658 1832 1729 1859 For-

943 1880 976 1907 tis
991 1884 1019 1906 ut
1041 1888 1110 1906 mors
1138 1880 1243 1906 dilectio
1258 1879 1291 1906 ".
1321 1878 1372 1906 Per
1397 1885 1456 1905 eam
1480 1878 1552 1905 enim
1572 1882 1730 1906 conteretur

941 1926 1038 1954 mortis
1056 1925 1198 1957 stimulus,
1212 1932 1259 1960 per
1274 1931 1333 1952 eam
1356 1923 1457 1950 mortui
1475 1923 1605 1951 videbunt
1623 1924 1704 1951 vitam
1718 1944 1727 1956 ,

941 1979 989 2006 per
1005 1979 1065 1999 eam
1079 1978 1152 1998 mors
1163 1974 1277 1997 mortem
1294 1968 1458 2003 experietur,
1473 1968 1587 2003 imperio
1605 1969 1677 2004 quod
1699 1970 1728 1997 in

941 2025 992 2045 nos
1005 2017 1148 2044 exercebat
1165 2015 1282 2048 abolito;
1300 2022 1347 2050 per
1357 2023 1416 2042 eam
1430 2018 1457 2042 et
1467 2021 1580 2049 serpens
1592 2015 1727 2042 malorum

942 2067 1038 2090 auctor
1054 2063 1177 2097 capietur
1200 2065 1226 2087 et
1243 2060 1442 2100 submergetur.
1456 2059 1555 2087 Notum
1570 2060 1656 2093 nobis,
1672 2060 1728 2088 Do-

941 2110 1018 2141 mine,
1030 2109 1115 2143 fecisti
1131 2107 1254 2134 Salutare
1265 2111 1337 2133 tuum
1353 2107 1385 2139 “,
1397 2106 1476 2134 nobis
1491 2106 1663 2134 exsuscitans
1677 2114 1727 2140 pa-

940 2157 980 2183 cis
993 2155 1179 2190 propaginem,
1195 2161 1245 2180 nec
1263 2153 1378 2188 amplius
1393 2153 1585 2180 erraverimus.
1610 2152 1703 2179 Palam
1716 2172 1724 2183 ,

941 2200 1064 2232 Domine,
1080 2198 1182 2230 fecisti,
1207 2202 1237 2225 ut
1250 2206 1305 2225 non
1323 2198 1350 2224 in
1364 2197 1444 2225 linem
1460 2196 1617 2233 despexeris
1630 2204 1726 2224 servos

939 2251 1018 2279 tuos;
1034 2253 1121 2280 neque
1134 2252 1216 2279 opera
1228 2251 1358 2271 manuum
1374 2248 1493 2276 tuarum,
1507 2251 1523 2271 ο
1534 2243 1615 2276 bone,
1623 2243 1725 2271 oblitus

939 2293 988 2320 sis.
1004 2291 1147 2319 Misera‘tus
1165 2290 1236 2317 enim
1259 2290 1440 2317 miserabilem
1468 2293 1568 2318 sortem
1593 2292 1723 2317 nostram.

939 2342 1082 2373 cognatam
1100 2337 1147 2364 tibi
1163 2337 1404 2370 inexhaustamque
1431 2335 1505 2362 illam
1522 2335 1669 2362 bonitatem
1696 2332 1724 2359 in

106 2382 144 2408 καὶ
159 2369 356 2421 augebant?»
376 2369 423 2413 σου
442 2369 682 2422 ἑιῖαθᾶτηέα,”διὲι
703 2369 749 2413 τοῦ
766 2369 886 2420 Νίονογε-

945 2369 990 2410 nos
1006 2381 1140 2414 etTudisti';
1156 2381 1304 2416 redemptis
1329 2369 1407 2407 nobis
1423 2387 1471 2415 per
1486 2379 1668 2415 Unigenitum,
1682 2378 1724 2404 in-

107 2427 158 2460 νηῦς
178 2431 226 2456 καὶ
248 2431 456 2467 ὰπαραλλάκτοι)
481 2433 535 2467 (61)
556 2433 604 2459 καὶ
626 2433 767 2468 ὀμοουσίου
788 2431 885 2463 Παιδός

106 2480 145 2498 σου
157 2475 204 2510 τὴν
221 2475 354 2512 λύτρωσιν
369 2479 446 2514 ἡμῶν
463 2479 653 2514 ποιησάμενος,
672 2477 777 2509 ἀνάξιον
789 2479 883 2513 κρίνας

939 2426 1167 2455 commutabiliter
1178 2426 1295 2453 similem
1309 2429 1335 2452 et
1350 2424 1472 2460 ejusdem
1492 2429 1582 2452 tecum
1596 2424 1724 2452 substan-

937 2475 990 2506 tiae,
1008 2472 1122 2500 Filium:
1138 2475 1183 2498 tua
1199 2472 1285 2506 ipsius
1301 2471 1443 2506 majestate
1469 2474 1495 2498 et
1511 2471 1632 2498 bonitate
1649 2468 1723 2496 indi-

134 2532 154 2548 "
172 2533 259 2574 Egod.
275 2543 331 2567 nx,
353 2535 396 2563 16.
443 2537 473 2574 ⁴⁶⁰
494 2536 514 2563 ll
533 2536 593 2571 Reg.
616 2545 652 2568 vi,
674 2537 700 2563 6.
740 2537 761 2552 θ’
775 2536 842 2562 Dan.
865 2543 891 2562 Ill

945 2535 971 2560 5.
1010 2533 1032 2548 ⁶¹
1049 2531 1112 2559 Luc.
1135 2539 1164 2563 Il,
1180 2530 1277 2557 29-32.
1316 2530 1338 2546 ⁸³
1359 2528 1437 2556 Cant.
1458 2536 1517 2561 vui,
1538 2529 1565 2556 6.
1603 2528 1625 2544 “
1645 2527 1720 2556 Paul.

105 2574 176 2599 xcvn,
195 2569 223 2596 2.

136 2627 184 2663 (59)
201 2630 392 2663 Χαιρόμενον.
412 2628 504 2660 Forte,
523 2628 659 2663 χαίροντα.

137 2661 186 2699 (60)
203 2661 310 2698 Δι”ὲιὶὲ
323 2662 387 2699 γάρ.
403 2663 499 2693 Habet,
520 2661 560 2690 sic
572 2661 703 2698 proprius
726 2663 814 2699 factus
834 2661 879 2699 J9-

107 2703 156 2734 glls.
179 2697 283 2734 aliquid
303 2697 410 2734 sanctis
436 2699 557 2726 suavius.
584 2699 629 2725 Sic
651 2699 753 2734 passim
780 2697 876 2734 David.

107 2729 205 2765 Paulus,
223 2729 275 2761 etc.
301 2733 385 2760 Deum
407 2735 482 2761 velut
505 2734 557 2760 sibi
579 2729 696 2767 rapiunt.
721 2732 877 2766 Theologus

106 2766 175 2795 etiam
190 2773 260 2796 orat.
273 2769 301 2794 in
317 2773 408 2795 sancta
423 2768 545 2798 Lumina,
561 2766 640 2795 πάλιν
652 2769 667 2794 ὁ
681 2768 746 2803 ἐμὸς
764 2767 876 2803 ἰηειοῖιςἵ

108 2809 151 2838 qua
172 2803 204 2831 de
231 2812 260 2831 I'e
283 2804 433 2831 luculenter
450 2803 663 2838 Clirysnstonius
687 2801 713 2829 in
736 2801 829 2836 cup."
843 2801 878 2827 ad

109 2834 158 2865 Gal.
181 2839 240 2867 Non
262 2839 352 2873 itaque
375 2839 452 2867 facile
467 2834 548 2866 fuerit
565 2839 592 2866 in
609 2838 753 2873 ejusmodi,
769 2834 878 2864 mutan-

931 2626 995 2653 dum
1010 2626 1148 2661 singulare
1164 2625 1191 2651 in
1202 2623 1315 2659 plurale.
1331 2623 1462 2651 Pantinus
1476 2623 1532 2655 hic,
1547 2626 1638 2649 nostra
1650 2623 1719 2649 enim

932 2669 1022 2688 causa.

967 2695 1023 2730 (6i)
1048 2694 1300 2729 Ἀπαραλλάκτου.
1323 2693 1403 2722 Velut
1418 2701 1465 2728 per
1479 2693 1716 2730 omniaqsimilgm,

931 2736 958 2759 et
970 2727 1083 2766 qualem
1108 2727 1226 2766 sequens
1243 2730 1324 2766 illud,
1340 2727 1493 2765 ὀμοοιῑσίον.
1513 2728 1639 2763 explicat.
1660 2727 1715 2766 v9:

932 2764 1243 2804 tlieologica_Gregorio,
1257 2764 1519 2804 Damascenoqetc"
1536 2771 1664 2804 perquam
1681 2764 1717 2804 fa:

933 2799 1057 2828 miliaris.
1080 2799 1223 2831 Paulinus.
1248 2800 1327 2830 male,
1353 2799 1521 2829 immobilem.
1547 2799 1599 2827 nisi
1615 2799 1715 2827 erravi'

932 2837 1047 2873 prelum,
1063 2840 1089 2864 et
1103 2841 1196 2864 notare
1213 2836 1297 2863 voluit
1316 2834 1559 2862 incommutabilem.
