1911 3072
103 83 160 111 569

657 81 774 109 SERMO
797 81 839 108 DE
859 80 1008 109 SIMEONE
1028 81 1070 108 ET
1091 81 1194 109 ANNA.

1676 83 1727 110 570

104 140 175 177 πρὸς
192 140 222 166 σὲ
239 139 402 176 φθέγξομαι,
419 137 442 167 ὧ
457 141 552 177 Μῆτερ
573 140 704 176 Παρθένε,
720 140 767 167 καὶ
781 140 900 176 Παρθένε

958 145 978 167 Le
992 147 1055 167 vero
1069 140 1132 175 quid
1145 140 1242 172 dicam,
1255 147 1271 166 ο
1288 139 1372 167 Mater
1381 139 1472 175 Virgo,
1490 143 1516 168 et
1532 139 1612 176 Virgo
1629 140 1729 169 Mater?

104 181 216 220 Μῆτερ;
234 183 268 221 ἦς
282 185 336 220 γὰρ
349 185 379 211 τὸ
394 185 474 221 ἔργον
487 186 535 212 οὐκ
552 184 727 221 ἀνθρώπινον,
743 185 841 220 ταύτης
856 186 901 212 καὶ

104 234 119 259 ὁ
131 233 242 263 ἔπαινος
256 231 326 266 ὑπὲρ
343 231 496 267 ἄνθρωπον.
518 231 562 257 Διὺ
582 231 631 266 τῆς
654 230 767 266 ἀπορίας
785 231 815 257 τὸ
839 239 902 257 σκυ-

106 278 217 315 Ope)sz
241 278 274 304 ὲκ
299 277 354 303 τῶν
373 277 420 304 τοῦ
441 278 597 312 Πνεύματος
618 277 682 312 περὶ
708 277 737 303 σὲ
764 277 902 313 καταλαμ-

107 323 204 359 πρυνῶ
217 322 318 359 γερῶν,
335 323 382 349 καὶ
405 323 439 349 τὰ
459 322 492 348 σά
514 331 554 348 σοι
575 322 775 357 προσκομίζων,
799 323 830 349 ἐκ
851 322 903 349 λει-

110 370 209 406 μώνων
240 369 383 396 ἀθανάτων
403 369 452 404 τὴν
475 369 547 404 ἱεράν
569 377 615 396 σου
638 368 684 395 καὶ
703 367 833 403 Θεοστεφῆ
858 370 902 395 ἁν-

109 415 226 450 υμνήσω
255 414 353 449 κάραν.
383 414 527 449 Πατρικοῐς
554 422 583 440 σε
607 413 700 448 ὕμνοις
721 413 903 449 προσφθέγξο-

109 468 172 494 μαι,
190 459 310 495 Θύγατερ
323 459 413 491 Δαὸὶδ,
428 459 474 486 καὶ
494 459 579 496 μῆτερ
592 459 637 485 τοῦ
654 459 756 496 Κυρίου
775 460 821 486 καὶ
836 459 902 487 Θεοῦ

109 505 202 532 Δαϐἱδ.
224 506 341 541 Αἰσχρὸν
357 505 410 540 γὰρ
429 505 486 540 ἅμα
506 505 552 532 καὶ
577 505 731 540 ἀνεύφημον
756 505 904 540 ἀλλοτρίοις

109 552 226 586 κόσμοις
241 551 379 587 κοσμῆσαι
398 550 446 586 τὴν
468 552 499 586 τῇ
521 551 608 586 οἰκείᾳ
630 551 693 587 δόξῃ
715 550 902 587 διαφέρουσαν.

110 597 196 632 Δέχου
211 597 309 629 τοίνυν,
325 596 517 632 εὐμενεστάτη,
533 595 606 632 δῶρα
618 597 705 631 τίμια,
719 597 765 622 καὶ
783 597 822 622 σοὶ
837 596 904 631 μόνῃ

110 643 242 677 ἁρμόδια,
256 639 280 669 ὦ
301 642 396 669 πασῶν
417 642 517 676 γενεῶν
543 642 704 677 ὑψηλοτέρα,
730 642 776 669 καὶ
795 642 903 668 πάντων

110 688 220 723 ὁρατῶν
233 697 262 714 τε
282 689 329 715 καὶ
347 689 470 723 ἀοράτων
488 688 733 723 δημιουργημάτων
755 689 904 724 τιμιωτέρα

112 735 241 768 φανεῖσα.
255 734 412 769 Μακαρίαὴ
425 733 485 769 ῥίζα
498 733 543 760 τοῦ
564 734 674 765 Ἰεσσαὶ,
693 734 740 760 καὶ
752 734 904 769 τρισμακά-

102 788 207 818 ριστος
223 780 237 805 ὁ
251 777 324 810 οἶκος
338 779 430 810 Δαϐὶδ,
445 780 472 806 ἐν
523 778 689 815 meum“;
702 779 767 815 (64).
789 781 819 806 '0
834 780 904 813 Θεὸς

111 826 148 853 ὲν
160 826 246 861 μέσῳ
262 834 329 858 σου,
344 826 394 852 καὶ
410 826 445 853 οὐ
461 826 652 860 σαλευθὴοῃ⁸
671 827 778 861 air/acre
798 827 852 861 γὰρ
871 826 903 854 τὸ
920 816 941 843 Β

112 872 263 906 σκήνωμα
287 871 380 898 αὐτοῦ
398 873 414 898 ό
437 872 587 905 Ὕψιστος,
611 872 654 898 Ἑν
678 873 720 898 σο).
743 873 797 908 γὰρ
814 873 906 908 διαθῆ-

113 925 161 942 και
175 916 231 951 (65)
252 916 300 942 καὶ
320 916 486 951 ὁρκωμοσίαι
510 916 576 943 Θεοῦ
606 917 673 952 πρὸς
697 917 761 949 τοὺς
785 918 906 954 πατέρας

114 961 204 996 ἡμῶν,
221 960 298 992 τέλος
312 960 501 987 εὐκλεέστατον
525 960 656 993 ἐδέξαντο·
674 962 714 988 ὅτι
735 961 778 988 διὰ
801 961 847 988 σοῦ
859 961 905 996 γέ-

114 1015 177 1041 γονε
190 1007 303 1042 Κύριος,
318 1007 332 1033 ὁ
352 1007 417 1038 Θεὸς
432 1007 485 1032 τῶν
501 1006 640 1042 δυνάμεων
661 1007 720 1042 μεθ’
740 1007 829 1043 ἡμῶν.
854 1007 905 1034 Τὸν

117 1052 162 1077 σὸν
175 1050 417 1086 προδιαγράφουσα
431 1050 565 1086 θεοπρεπῆ
579 1052 748 1087 χαρακτῆρα,
765 1052 831 1078 Θεὸν
846 1051 906 1086 ἔφε-

117 1105 163 1132 ρεν
178 1097 320 1130 ἀφλέκτως
341 1098 358 1132 ὴ
380 1096 514 1130 ἄψαυστος
532 1096 619 1131 βάτος,
640 1097 853 1133 ὲμφανιζόμενον
868 1096 906 1132 τῷ

117 1143 246 1178 προφήτῃ
274 1141 312 1174 ὼς
334 1142 463 1177 ὁραθῆναι
487 1142 629 1178 ηὐδόκησε.
653 1143 815 1179 Στερέμνιος
830 1143 852 1170 δ’
872 1141 905 1170 αὖ

117 1188 165 1215 καὶ
179 1187 268 1223 πέτρα
288 1187 438 1223 ἁκρότομος
454 1188 502 1224 τὴν
519 1189 686 1224 παγκόσμιον
703 1189 734 1215 ἐκ
756 1188 801 1215 σοῦ
819 1189 907 1224 πηγά-

120 1243 203 1262 σασαν
222 1234 302 1270 χάριν
323 1234 371 1261 καὶ
394 1234 522 1269 ἁνάψυξιν
542 1234 800 1270 προεξεικονίζουσα,
819 1243 907 1270 παρα-

120 1281 214 1316 μύθιον
240 1281 309 1317 ιάμα
330 1281 480 1308 ὲκλείποντι
499 1281 556 1317 λαῷ
577 1282 608 1308 ὲκ
630 1281 749 1315 λαγόνων
773 1281 860 1317 ξηρῶν
878 1282 906 1308 ἐν

118 1329 212 1364 ἐρήμῳ
226 1327 344 1362 δαψιλῶς
364 1329 528 1363 προήγαγεν.
545 1328 582 1354 Οὐ
602 1327 654 1363 μὴν
668 1328 695 1354 δὲ
717 1327 783 1354 ἀλλὰ
799 1327 846 1354 καὶ
860 1327 905 1354 τοῦ

120 1373 214 1408 ἱερέως
234 1374 250 1407 ή
267 1373 376 1408 ῥάϐδος,
397 1373 445 1400 οὐκ
464 1373 591 1408 ἀδόκιμον
614 1373 751 1409 σύσσημον
766 1373 820 1409 (66)
837 1382 906 1409 παρ-

119 1419 212 1454 έσχετο
226 1419 276 1454 τῆς
293 1419 446 1455 ὑπερφυοῦς
461 1427 506 1445 σου
521 1420 637 1454 λοχείας,
651 1419 824 1455 ἀγεώργητον
841 1428 906 1455 καρ-

121 1466 168 1491 πὸν
187 1464 368 1499 ὲξανθήσαονα,
387 1465 520 1500 ἱερατείας
537 1464 688 1499 ἐνδελεχοῦς
704 1464 858 1499 ἀρραϐῶνα.
874 1465 905 1490 Τί

952 186 1031 220 cujus
1042 186 1113 213 enim
1131 193 1199 221 opus
1214 193 1267 213 non
1282 186 1428 213 humanum
1441 190 1501 219 est,
1525 186 1584 221 ejus
1599 192 1624 214 et
1637 188 1729 215 lauda-

952 232 1024 258 datio
1037 231 1142 258 excedit
1155 231 1300 258 hominem.
1314 231 1492 264 Quamobrem
1506 234 1673 267 paupertatis
1687 233 1730 260 hic

953 284 1018 303 mete
1030 276 1235 309 obscuritatem,
1257 277 1310 304 luis
1324 284 1338 303 a
1357 275 1457 311 Spiritu
1474 276 1621 306 honoribus
1636 278 1729 306 donis-

954 331 1004 358 que
1026 323 1188 351 illustrabo:
1210 327 1309 357 tuaque
1330 321 1377 348 tibi
1404 321 1518 350 oﬁerens
1536 331 1551 350 e
1565 324 1650 356 pratis
1680 325 1731 350 im-

954 370 1122 402 mortalibus,
1133 373 1208 396 tuum
1220 375 1326 396 sacrum
1342 372 1368 395 et
1382 375 1396 394 a
1411 367 1465 396 Deo
1477 374 1633 396 coronatum
1650 374 1731 404 caput

953 416 1107 443 dilaudabo.
1121 414 1220 442 Patriis
1230 419 1256 442 te
1265 413 1390 445 canticis,
1399 412 1466 440 Filia
1482 413 1576 446 David,
1594 414 1731 450 Materque

953 462 1060 489 Domini
1078 465 1105 489 et
1121 461 1168 489 Dei
1187 460 1280 492 David,
1295 461 1428 488 salutabo.
1444 460 1533 495 Turpe
1553 461 1624 488 enim
1640 460 1730 493 fuerit,

953 508 1075 542 adeoque
1089 506 1299 541 inauspicatum,
1314 510 1344 533 ut
1357 506 1453 533 alienis
1468 506 1583 537 orneris.
1597 514 1657 541 quae
1669 515 1731 541 pro-

954 553 1011 587 pria
1023 552 1107 587 gloria
1120 551 1268 586 pmcellas.
1284 551 1383 585 Accipe
1407 551 1506 586 igitur,
1524 551 1730 587 benignissima,

953 596 1024 623 dona
1039 597 1167 631 pretiosa,
1181 596 1284 631 tibique
1299 597 1344 623 uni
1362 597 1550 624 convenientia
1563 618 1570 630 ,
1597 605 1612 624 ο
1628 599 1733 625 cunctis

954 643 1053 670 celsior
1064 643 1295 677 generationibus,
1307 651 1421 678 qumque
1441 643 1512 669 inter
1526 647 1616 670 creata
1631 645 1732 676 omnia,

955 692 1011 716 tum
1027 689 1154 721 visibilia,
1173 693 1228 715 tum
1255 689 1412 720 invisibilia,
1430 688 1522 716 multis
1539 690 1659 717 numeris
1684 690 1734 716 ho-

955 734 1104 761 norabilior
1116 734 1247 761 enituisti.
1266 733 1339 762 Felix
1363 734 1439 761 radix
1459 733 1545 766 Jesse,
1561 739 1586 761 et
1602 739 1643 762 ter
1658 736 1733 762 beata

955 780 1052 807 domus
1062 779 1147 807 David
1170 780 1196 806 in
1211 788 1263 815 qua
1276 780 1444 815 germinasti.
1458 781 1526 807 Deus
1543 782 1569 807 in
1585 782 1667 808 media
1682 784 1735 814 tui,

954 830 979 853 et
993 834 1043 853 non
1055 825 1252 853 commoveberis
1267 835 1276 852 :
1292 826 1464 860 sanctiﬁcavit
1478 827 1544 854 enim
1563 832 1597 858 te,
1614 827 1735 855 taberna-

955 871 1043 898 culum
1057 879 1143 904 suum,
1155 871 1306 898 Altissimus
1320 871 1342 887 ⁷³
1358 881 1364 897 :
1382 871 1409 898 in
1424 875 1450 899 te
1461 872 1532 898 enim
1544 871 1588 899 Dei
1601 871 1634 898 ad
1647 876 1737 907 patres

955 920 1114 944 testamenta
1126 918 1333 953 juramentaque
1353 917 1432 944 ﬁnem
1448 917 1674 953 gloriosissimum
1690 926 1736 945 ac-

955 967 1098 998 ceperunt;
1115 964 1176 998 quia
1194 971 1242 999 per
1262 967 1288 990 te
1317 964 1447 991 Dominus
1463 964 1551 992 factus
1577 968 1637 998 est,
1666 963 1737 992 Deus

955 1009 1086 1037 virtutum
1102 1009 1254 1037 nobiscum.
1281 1007 1375 1037 Bubus
1392 1010 1436 1036 ille
1460 1009 1579 1036 intactus
1592 1010 1626 1041 ",
1645 1010 1737 1037 divina

955 1054 1070 1090 quadam
1086 1055 1227 1090 majestate
1238 1055 1344 1090 plenam
1359 1055 1415 1090 jam
1433 1058 1488 1082 tum
1501 1055 1651 1084 infommns
1663 1060 1737 1083 tuam

957 1100 1080 1134 ﬁguram,
1096 1099 1180 1127 Deum
1210 1099 1349 1134 prophetae
1375 1103 1558 1134 apparentem,
1573 1099 1649 1138 juxta
1664 1100 1737 1134 quod

956 1146 980 1173 ei
1004 1145 1168 1180 conspicuus
1196 1145 1254 1172 ﬁeri
1278 1145 1380 1177 voluit,
1406 1145 1593 1173 incombustus
1622 1145 1736 1175 ferebat.

957 1191 1028 1218 Dura
1052 1195 1142 1218 autem
1155 1199 1251 1218 rursus
1264 1198 1296 1218 ac
1309 1195 1446 1226 praerupta
1461 1187 1545 1226 petra,
1560 1191 1631 1226 quod
1655 1199 1688 1218 ex
1711 1196 1736 1218 te

957 1237 984 1264 in
999 1237 1154 1264 universum
1167 1236 1261 1264 orbem
1281 1236 1376 1272 gratiae
1400 1244 1499 1264 munus
1515 1237 1737 1272 refrigeratioquc

956 1282 1142 1318 promanavit,
1165 1286 1191 1310 et
1205 1283 1264 1318 ipsa
1280 1283 1415 1317 quondam
1433 1283 1586 1318 exprimens
1613 1283 1737 1317 praeﬁgu-

956 1337 1084 1364 ransque,
1105 1328 1241 1357 deﬁcienti
1269 1329 1296 1356 in
1323 1328 1449 1362 deserto,
1477 1329 1574 1364 populo
1597 1329 1736 1363 copiosum

957 1375 1086 1402 auxilium
1103 1383 1136 1403 ex
1150 1375 1270 1403 hiatibus
1292 1376 1372 1403 siccis
1389 1375 1516 1410 produxit
1534 1376 1567 1403 ⁷⁵,
1588 1374 1640 1402 Sed
1655 1379 1681 1402 et
1695 1383 1738 1402 sa-

957 1421 1074 1448 cerdotis
1086 1420 1162 1456 virga
1177 1420 1210 1451 ⁷⁸,
1228 1420 1256 1447 in
1279 1419 1396 1447 fructum
1418 1420 1476 1447 sine
1496 1420 1613 1450 cultura,
1626 1423 1737 1454 sponta-

958 1474 1092 1502 neumque
1119 1465 1263 1494 sacerdotii
1293 1465 1421 1500 perennis
1445 1465 1624 1492 arrhabonem
1638 1485 1645 1497 ,
1666 1464 1739 1491 efllo-

120 1511 162 1543 δέ;
178 1511 224 1537 καὶ
237 1512 251 1537 ὁ
269 1511 356 1546 μέγας
370 1511 487 1546 Μωῡσῆς
509 1511 539 1537 οὐ
564 1511 659 1546 κομιδῆ
684 1510 848 1546 παρέστησε,
863 1503 906 1537 διὰ

958 1521 1021 1541 rens
1036 1501 1069 1544 ⁷⁷,
1083 1513 1150 1540 nihil
1178 1511 1322 1547 reprobum
1339 1511 1430 1538 eximii
1448 1511 1486 1538 tui
1513 1515 1607 1546 partus
1630 1510 1739 1545 symbo-

121 1557 181 1588 τοὺς
195 1566 228 1583 πε
234 1556 260 1593 pl
274 1556 304 1582 σὲ
315 1556 551 1592 δυσκαταλήπτους
563 1557 663 1588 τύπους
679 1556 833 1593 ἐγχρονίςαι
850 1556 905 1592 (67)

122 1603 158 1637 τῷ
172 1603 229 1638 ὄρει
246 1602 316 1636 ἔγνω
335 1602 369 1628 τὰ
385 1602 449 1638 περὶ
465 1602 515 1637 τῆς
531 1601 615 1636 ἁγνῆς
634 1602 835 1628 ἐκδιδάσκεσθαι
857 1611 907 1637 μυσ

123 1650 234 1685 στήριας
256 1648 342 1684 Πῆξαι
368 1647 421 1683 γὰρ
447 1648 516 1675 κατὰ
537 1647 667 1684 σύμϐολον
696 1649 741 1676 καὶ
767 1648 834 1684 πρὸς
856 1648 907 1682 ἀφ-

123 1695 248 1730 ομοὶωσιν
265 1694 381 1720 κιόωτδν
399 1694 446 1720 καὶ
463 1694 562 1729 ταύτην
587 1694 772 1729 προσταχθεὶς,
790 1694 820 1720 οὺ
836 1702 906 1730 παρ-

124 1741 209 1775 έργως
222 1741 358 1775 ἐχρήσατο
370 1741 424 1772 τοῖς
444 1740 694 1775 προστεταγμένοις,
710 1740 732 1766 εί
757 1740 803 1767 καὶ
824 1749 908 1775 τραγ-

124 1787 259 1822 ῳδούμενα
271 1795 302 1812 συ
307 1785 442 1821 μόἐὸηκεν
451 1786 495 1812 ἐπὶ
505 1787 536 1821 τῇ
549 1786 706 1818 καταὸάσει,
715 1786 771 1813 ἀλλ’
780 1787 819 1817 είς
829 1786 908 1812 πέντε

123 1833 206 1869 ἡμίση
223 1833 321 1868 πήχεις
339 1832 438 1868 ταύτην
449 1833 617 1864 συντελέσας,
626 1832 765 1868 νομοδόχον
780 1832 907 1864 ἀνέδειξε,

124 1881 176 1910 τοῖς
196 1879 329 1914 χερουὸὶμ
347 1877 618 1913 συγκαλυπτομένηνι
641 1877 862 1912 ὲκφαντικώτατά
879 1886 908 1904 σε

125 1926 170 1960 τὴν
183 1925 312 1952 θεοτὸκον
330 1925 576 1960 προσημαίνουσαν,
590 1924 637 1959 τὴν
651 1924 774 1960 ἁφθόρως
789 1925 908 1959 ἐγκυμοι-

125 1972 252 2006 νήσαςαν,
265 1971 312 1997 καὶ
327 1971 472 2005 ἀφράστως
481 1971 674 2005 ἁποκυήσασαν
685 1970 733 2006 τὴν
744 1971 792 2004 τῆς
805 1970 909 2006 ἀφθαρ-

126 2018 182 2048 σίας
200 2016 329 2043 σύστασιν
349 2017 394 2043 ἐπὶ
408 2016 477 2042 τέλει
490 2016 542 2042 τῶν
564 2016 642 2043 πέντε
659 2017 778 2051 ἡμίσεως
795 2016 841 2042 τοῦ
864 2016 909 2042 κό-

127 2071 190 2097 σμου
213 2063 331 2089 κύκλων.
356 2062 405 2089 Διὰ
422 2063 460 2095 σὲ,
478 2064 524 2090 καὶ
539 2063 585 2098 τὴν
603 2064 633 2089 ἐκ
650 2062 695 2088 σοῦ
711 2063 843 2098 ἄχραντον
862 2062 908 2088 τοῦ

960 1560 1014 1586 lum
1031 1560 1154 1594 praebuit.
1173 1559 1240 1592 Quid
1256 1558 1341 1585 vero?
1356 1558 1451 1586 Nonne
1476 1565 1589 1592 magnus
1605 1557 1650 1584 ille
1664 1556 1738 1591 Moy—

961 1613 1005 1634 ses
1033 1606 1103 1633 idem
1114 1606 1265 1633 luculenter
1276 1604 1433 1635 declaravit,
1443 1608 1552 1638 propter
1567 1603 1603 1629 tui
1617 1602 1738 1629 difﬁciles

960 1652 1100 1680 intellectu
1128 1651 1248 1687 ﬁguras,
1272 1650 1375 1678 diutius
1396 1650 1422 1676 in
1447 1652 1564 1676 montem
1587 1655 1738 1675 commora—

961 1701 1005 1726 tus
1017 1698 1050 1729 ”,
1063 1701 1093 1725 ut
1108 1697 1199 1732 ignota
1211 1701 1257 1724 tua
1269 1700 1448 1728 sacramenta,
1462 1703 1478 1722 ο
1492 1699 1577 1727 casta,
1592 1694 1739 1722 edisceret?

960 1743 989 1770 In
1007 1744 1045 1771 rei
1056 1744 1127 1771 enim
1139 1743 1220 1778 hujus
1232 1743 1349 1778 signum,
1362 1746 1389 1770 et
1403 1741 1437 1768 ad
1448 1741 1650 1776 exprimendam
1667 1740 1739 1767 simi-

962 1789 1112 1820 litudinem,
1126 1789 1220 1824 jussus
1242 1789 1375 1815 fabricare
1396 1794 1497 1820 arcam,
1513 1794 1566 1813 non
1587 1786 1675 1813 obiter
1691 1793 1740 1812 ne-

961 1834 1128 1869 glectiusquc
1142 1834 1276 1862 mandatis
1294 1833 1507 1868 obtemperavit:
1525 1839 1678 1866 quanquam
1694 1838 1739 1857 ae-

961 1878 1084 1905 cidcrunt
1099 1879 1201 1914 tragica
1218 1879 1340 1914 quaedam
1356 1880 1383 1906 in
1404 1880 1536 1906 descensu
1556 1885 1570 1904 a
1591 1876 1715 1904 monte"
1731 1886 1736 1902 :

960 1925 1005 1952 sed
1021 1926 1140 1960 quinque
1154 1926 1306 1953 cubitorum
1322 1929 1348 1952 et
1363 1924 1464 1952 dimidii
1480 1920 1642 1954 confectam,
1654 1923 1737 1953 illam,

958 1972 1025 2006 legis
1050 1972 1259 2006 susceptrieem,
1278 1971 1431 1998 cheruhieis
1447 1970 1497 1996 alis
1528 1969 1689 2004 cooperuit:
1715 1972 1740 1994 te

961 2017 1100 2052 Deiparam
1114 2017 1284 2052 apertissime
1301 2017 1507 2052 prmsiguantcm
1520 2037 1527 2048 ,
1543 2023 1602 2050 qua:
1614 2015 1672 2042 sine
1682 2022 1741 2040 cor-

959 2063 1085 2098 ruptione
1105 2070 1166 2090 eum
1195 2062 1360 2097 concepisti.
1391 2061 1619 2095 inenarrabilique
1636 2059 1740 2086 ratione

125 2109 188 2135 θεοῦ
197 2109 283 2143 Λόγου
300 2109 446 2143 σάρκωσιν,
461 2109 510 2144 τὴν
533 2110 572 2141 εἰς
593 2110 635 2135 ἀεὶ
656 2109 796 2144 ἀτρέπτως
810 2117 839 2135 τε
863 2110 906 2135 καὶ

961 2109 1098 2144 peperisti,
1113 2109 1157 2143 qui
1171 2109 1228 2143 ipse
1240 2108 1454 2143 incon'uptionis
1464 2108 1536 2135 velut
1549 2106 1687 2134 concretio
1699 2110 1741 2132 est

125 2155 277 2189 ἁμερίττως
292 2155 319 2180 ἐν
336 2155 410 2190 αὐτῷ
425 2155 611 2190 διαμένουσαν,
627 2155 673 2181 κα).
686 2156 702 2190 ἡ
723 2155 808 2190 χρυσῆ
826 2154 910 2189 στάμ-

352 2195 362 2206 ι

158 2232 180 2246 ⁷³
202 2231 278 2259 Psal.
299 2239 369 2265 va,
390 2232 421 2264 6,
443 2233 468 2260 5.
507 2233 530 2248 ⁷⁵
552 2232 636 2260 Exod.
670 2241 719 2264 Ill,
744 2232 770 2259 2.

126 2266 145 2281 ⁷⁸
165 2266 251 2293 Εαυά.
273 2276 325 2294 xxv
338 2289 345 2300 ,
364 2269 390 2295 8.
429 2268 451 2283 ⁷⁸
471 2268 556 2295 Exod.
576 2276 666 2298 xxxn,
686 2268 713 2295 4.

159 2322 214 2357 (64)
236 2324 284 2349 Ἑν
297 2320 321 2356 ᾦ
335 2323 533 2357 ἐϐλάστησιις.
551 2323 583 2350 In
594 2332 655 2358 qua,
672 2325 742 2357 quod
758 2328 862 2358 spectat
873 2324 904 2351 ad

125 2358 222 2385 lineam
237 2359 443 2390 sacerdotalem,
457 2360 483 2385 in
495 2359 600 2385 Nathan
613 2359 658 2392 qui
673 2359 722 2385 fuit
734 2358 803 2386 Uria:
815 2367 906 2386 sacer-

125 2394 195 2420 dotis
210 2393 293 2424 lilius,
316 2394 407 2421 domui
425 2398 451 2420 et
469 2394 576 2428 innuba:
597 2393 679 2420 David
702 2394 845 2428 adoptione
863 2394 906 2420 in-

125 2433 241 2464 sertam;
257 2436 287 2464 ex
303 2436 357 2463 quo
377 2429 507 2455 Dominus
524 2427 613 2464 Iesus.
629 2433 710 2464 atque
726 2427 793 2456 adeo
811 2429 904 2459 Maria,

126 2463 256 2498 legaliter,
273 2463 350 2497 juxta
372 2470 525 2491 contextam
547 2471 562 2490 a
581 2463 655 2490 Luca
678 2464 763 2498 ipsius
783 2464 906 2498 genealo-

125 2506 204 2532 gam.
225 2497 302 2530 Quod
321 2503 410 2525 autem
426 2499 459 2526 ad
476 2499 576 2533 regiam
596 2506 642 2532 per
659 2497 840 2531 salomouem,
859 2507 907 2533 po-

125 2539 188 2565 nus,
204 2540 237 2559 ea:
248 2542 315 2568 qua;
327 2534 472 2561 carnaliter
483 2538 627 2568 propagata
635 2534 695 2567 ejus
711 2541 792 2561 carne
807 2542 838 2561 cx
854 2533 906 2560 Da-

123 2568 193 2604 vide,
213 2568 291 2604 juxta
312 2568 427 2596 Matthaai
443 2569 582 2596 historiam
599 2577 607 2595 :
621 2577 701 2604 quem
719 2569 827 2595 modum
839 2576 905 2596 con-

124 2603 232 2639 cordiae.
247 2603 439 2639 Hieronymus.
456 2603 637 2638 Augustinus,
654 2609 717 2639 etc,
743 2608 905 2638 acceperunt

126 2637 158 2673 ab
172 2638 321 2665 Africano:
342 2637 393 2673 qua
411 2639 443 2666 de
464 2637 650 2669 re’Baronius,
669 2637 830 2668 Torniellus.
852 2643 904 2666 etc.

125 2671 207 2704 Quam
224 2671 392 2709 Nicephorus
407 2682 440 2701 ex
455 2673 597 2708 Hippolyto
608 2677 725 2708 martyre
737 2674 811 2701 affert
822 2674 906 2700 Amne

124 2708 309 2743 genealogiam
326 2716 359 2735 ex
382 2713 457 2742 patre
475 2710 625 2740 sacerdote,
648 2712 675 2735 ct
692 2710 793 2743 passim
817 2710 905 2736 verior

126 2742 257 2773 habetur,
267 2743 348 2771 habet
358 2745 437 2771 etiam
451 2748 622 2778 pervelustus
636 2742 725 2778 regius
738 2744 834 2774 codex,
850 2744 906 2778 plu-

125 2778 198 2806 rimis
213 2778 330 2806 diversis
346 2780 504 2807 tractatibus
518 2787 566 2807 scu
579 2780 659 2807 etiam
673 2780 807 2813 excerplis
824 2779 905 2806 inl‘er-

817 2232 839 2248 ⁷⁵
859 2232 946 2260 Exod.
973 2240 1026 2259 xvn
1039 2253 1047 2265 ,
1068 2233 1093 2259 6.

962 2159 988 2182 ct
1000 2155 1191 2187 consistentia;
1219 2154 1299 2189 idque
1322 2155 1348 2181 in
1372 2154 1423 2181 ﬁne
1443 2154 1563 2188 quinque
1589 2157 1614 2180 et
1635 2150 1739 2178 dimidii

1150 2233 1173 2248 7°
1201 2231 1284 2258 Num.
1312 2240 1384 2265 xvu,
1405 2232 1437 2266 i8.
1477 2231 1498 2246 ⁷⁷
1519 2229 1599 2257 Hebr.
1630 2238 1678 2260 Ix,
1711 2229 1736 2257 4.

957 2324 1038 2355 citus,
1056 2324 1148 2359 ignoto
1164 2323 1324 2357 eollectore;
1344 2323 1481 2358 antiquior
1497 2322 1566 2349 forte
1586 2322 1644 2357 ipso
1661 2321 1740 2348 Nice-

977 2360 1052 2386 horo.

957 2367 1052 2429 Ρυῗθὲ)
1065 2392 1272 2429 AzaoﬁmuLSie
1282 2393 1383 2429 passim
1400 2394 1557 2429 interpretes
1572 2399 1655 2429 saera:
1662 2390 1739 2429 βοτῆ-

959 2426 1054 2463 plur-ai,
1081 2426 1191 2464 ipseque
1211 2426 1311 2455 Paulus
1336 2428 1369 2454 ad
1384 2426 1490 2464 rl-lebri,
1519 2435 1572 2455 non
1596 2426 1737 2464 συςέθῇκαι,

958 2461 1046 2498 pacta,
1072 2461 1180 2498 [ἀπῇα.
1205 2464 1275 2498 quod
1294 2467 1362 2490 tcstc
1381 2463 1545 2498 Hieronymo
1560 2470 1610 2489 vox
1627 2461 1738 2489 Hebraea

960 2497 1164 2533 videtur'magis
1180 2497 1279 2526 habere
1297 2506 1303 2523 :
1322 2497 1399 2532 cujus
1416 2499 1454 2525 rei
1469 2497 1628 2533 mysterium
1644 2502 1738 2532 prose-
1755 2518 1757 2527 λ

959 2538 1079 2570 (ιυιιῗηίιιιν
1093 2533 1213 2570 ejusdem
1228 2534 1302 2560 Pauli
1315 2533 1493 2570 expositores.

995 2569 1050 2603 (66)
1063 2570 1123 2595 Οὐκ
1132 2568 1274 2603 ἀδόκιμον
1283 2569 1453 2602 σύσσημον.
1463 2568 1611 2595 Commune
1621 2567 1741 2603 signum,

958 2603 1030 2638 quod
1043 2601 1179 2638 praecipue
1197 2601 1357 2638 a'inilitihus
1371 2601 1508 2634 statuitur,
1522 2603 1565 2629 cui
1582 2603 1682 2636 optime
1696 2601 1740 2627 ad-

956 2637 1056 2673 jectum
1080 2637 1203 2674 quadrat.
1222 2637 1363 2668 Pantinus,
1385 2646 1436 2674 non
1456 2638 1593 2674 obscuram
1606 2637 1740 2674 signi/ica-

959 2675 1063 2704 tianem,
1079 2672 1149 2708 quod
1164 2678 1236 2700 certe
1248 2681 1356 2700 sensum
1370 2673 1452 2699 altum
1465 2672 1586 2708 auctoris
1601 2673 1738 2708 obscurat.

995 2708 1050 2743 (67)
1072 2706 1267 2743 Ἐγ-χρονίσαι.
1286 2707 1365 2736 Forte
1380 2708 1548 2743 ἐγχρονίσας.
1567 2707 1599 2734 Ει
1630 2714 1691 2733 mox
1706 2706 1738 2733 ἅο

958 2753 1064 2778 γνωστα
1078 2752 1125 2779 pro
1139 2744 1217 2777 ἔγνω.
1566 2769 1583 2789 ⁸
