1911 3072
169 108 218 136 571

625 110 654 139 S.
674 109 837 138 METHODII
859 109 1013 138 EPISCOPI
1035 110 1078 138 ET
1100 109 1278 138 MARTYRIS

1734 109 1796 138 372

168 166 335 195 circulorum
355 166 457 194 mundi.
472 166 585 202 Propter
601 171 639 201 te,
654 176 685 196 ac
701 170 887 197 intemeratum
906 168 951 196 Dei

1006 178 1059 201 νος,
1076 169 1114 200 ὡς
1127 169 1210 200 τύπος
1224 168 1428 204 ᾶψευδέστατος,
1443 168 1472 195 τὸ
1489 168 1555 205 πρὸς
1571 168 1676 204 ἡμέραν
1690 168 1793 203 τρεπό-

169 213 251 241 Verbi
265 222 297 242 ex
320 218 346 240 te
362 218 529 249 assumptam
551 222 671 248 carnem,
687 215 893 242 immutabiliter
908 216 951 242 in-

169 259 309 294 divisaque
324 259 418 294 inipso
430 259 458 286 in
475 265 632 295 perpetuum
648 265 868 294 permanentem;
886 269 953 287 urna

170 305 214 332 illa
231 312 312 332 aurea
332 305 372 336 ⁸ο,
393 309 519 340 tanquam
538 307 708 334 certissimus
730 310 820 342 typus,
837 314 934 333 manna
945 326 952 339 ,

170 351 241 385 quod
258 351 358 386 alioqui
382 359 431 386 per
453 351 523 378 diem
549 351 748 383 invertebatur,
773 353 799 379 in
819 360 848 380 se
875 353 953 386 ipsa,

170 395 280 424 minime
296 400 447 428 mutatum,
472 396 519 424 sed
544 397 608 424 totis
634 398 739 425 szcculis
771 405 953 432 permanens,

168 442 362 470 conservabat.
382 442 447 470 Tute
467 443 547 470 etiam
566 444 699 472 castitatis
721 444 851 479 prmscius
873 448 954 479 atque

170 487 290 515 imitator
307 487 334 514 in
351 489 448 523 spiritu
474 488 547 516 Elias
577 489 707 524 propheta
731 489 771 521 3‘,
791 489 853 516 vitae
881 490 954 518 illius

169 533 291 568 ignifera:
315 533 366 561 sibi
380 533 513 561 rcdimivit
528 542 655 562 coronam
668 535 706 568 3’,
719 535 850 563 hactenus
863 535 954 563 divino

170 579 300 615 suil'ragio
325 579 479 606 declaratus
502 584 589 608 morte
603 581 736 615 superior.
755 580 793 608 Te
818 581 955 608 nihilomi-

169 633 222 654 nus
234 625 293 660 ejus
306 633 449 654 successor
467 625 578 654 Elismus
594 627 627 658 ¹¹³,
644 627 768 654 initiante
787 626 954 662 docenteque

169 672 294 707 sapiente
304 672 446 707 magistro,
460 680 509 700 ceu
526 681 645 708 praesens
659 673 769 701 adesses
781 693 789 705 ,
811 681 870 708 quae
890 681 954 700 nec-

169 717 234 744 dum
248 725 321 750 eras,
337 717 513 753 prteﬁgurans
524 728 531 752 ;
544 719 627 746 certis
646 727 735 747 rerum
758 727 817 755 qua:
834 726 896 746 vere
914 727 954 746 cs-

170 767 231 791 sent
250 763 347 791 futura.-
364 764 500 792 indicibus
515 765 612 800 signis,
625 765 755 792 auxilium
778 765 955 792 medicinam-

169 817 223 844 que
247 809 448 844 indigentibus,
471 810 567 846 majori
587 819 670 846 supra
693 816 819 838 naturam
834 811 951 840 virtute,

1007 223 1086 250 μενον
1106 215 1153 242 καὶ
1172 215 1358 250 ἀλλοιούμενον
1375 215 1471 250 μάννα,
1487 215 1620 250 ἄτρεπτον
1636 214 1682 240 καὶ
1701 214 1797 241 διαιω-

1005 261 1076 293 νίζον
1089 261 1161 287 ἔνδον
1177 261 1260 295 αὐτῆς
1273 260 1439 294 διεφύλαττε.
1456 261 1511 295 Τῆς
1526 261 1573 295 σῆς
1588 260 1698 294 ἁγνείας
1714 261 1763 287 καὶ
1779 260 1796 286 ό

1004 307 1146 343 προφήτης
1164 306 1256 338 Ἠλίας
1277 306 1430 342 προθεωρδς
1453 307 1500 333 καὶ
1520 305 1640 341 ζηλωτὴς
1663 306 1797 341 ὑπάρχων

1003 354 1046 380 διὰ
1066 354 1112 380 τοῦ
1136 353 1301 387 Πνεύματος,
1325 352 1463 388 πυρφόρον
1488 352 1623 384 πολιτείας
1645 352 1798 386 ἀνεδήσατο

1006 397 1144 431 στέφανον,
1165 397 1295 432 κρείττων
1316 397 1426 423 θανάτου
1447 396 1611 431 ἀναδειχθεὶς
1631 396 1691 432 θείᾳ
1710 396 1798 432 ψήφῳ

1004 443 1067 479 ἄχρι
1080 444 1128 479 τῆς
1145 443 1232 479 δεῦρο.
1251 443 1283 470 Σὲ
1306 443 1375 470 καὶὸ
1393 443 1486 470 τούτου
1503 443 1622 478 διάδοχος
1645 443 1799 475 Ἐλισσαῖος

1005 488 1079 524 παρὰ
1105 488 1187 523 σοφοῦ
1209 488 1367 515 διδασκάλου
1387 487 1510 522 μυηθεὶς,
1529 487 1575 514 καὶ
1596 487 1634 518 ὡς
1654 487 1799 522 παροῦεαν

1003 534 1051 570 τὴν
1076 535 1158 570 μήπω
1179 532 1260 561 οὖσαν
1286 533 1484 570 προδιατυπῶν,
1503 533 1649 569 ὑπερφυῶς
1671 534 1726 564 τοῖς
1751 542 1799 559 τε·

1004 581 1131 616 κμηρίοις
1146 579 1200 606 τῶν
1219 580 1352 615 ἀληθινῶν
1365 579 1413 611 τὰς
1431 579 1590 614 ἐπικουρίας
1609 577 1725 605 ἐποιεῖτο
1740 578 1798 604 τῶν

1003 626 1150 661 δεομένων·
1170 626 1208 661 πῆ
1225 627 1273 661 μὲν
1288 626 1320 653 δι’
1335 626 1428 662 ὑδρίας
1443 626 1548 661 καινῆς,
1565 627 1612 653 καὶ
1626 625 1689 657 τοὺς
1703 626 1797 651 νοστί-

1006 680 1071 707 μους
1087 672 1201 708 ἐχούσης
1217 672 1293 704 ἃλας,
1307 672 1342 698 τὰ
1355 672 1504 707 φθοροποιὰ
1517 671 1600 699 ὕδατα
1617 672 1739 707 ἰώμενος,
1755 672 1798 703 εἰς

1004 718 1114 752 ἔνδειξιν
1136 719 1182 745 τοῦ
1200 718 1397 754 ἁνασφήλοντος
1416 718 1470 754 (68)
1491 718 1593 754 κόσμου
1612 717 1655 744 διὰ
1677 717 1724 744 τοῦ
1747 717 1796 743 ἐπὶ

1004 765 1046 791 σοι
1063 764 1226 800 μυστηρίου·
1245 764 1282 800 πῆ
1297 764 1325 790 δὲ
1342 763 1449 800 ἀλεύρῳ
1463 763 1569 799 ἁξύμῳ.
1584 763 1692 798 λοχείας
1708 762 1796 788 ἀσπό-

1005 818 1051 846 ρου
1071 809 1216 845 ἀντιτύπῳ,
1234 809 1348 836 θανάτου
1365 809 1476 845 πικρίαν
1492 809 1660 835 ἀναστέλλων
1675 808 1729 835 ἀπὸ
1740 807 1809 833 τῶν.

169 855 336 883 adhibebat:
354 864 427 883 nunc
450 857 558 891 quidem
582 865 630 892 per
652 865 749 884 novam
775 856 898 893 hydriam
915 856 951 888 ⁸⁸,

1006 854 1139 890 ἐδωδίμων
1150 863 1157 871 ·
1173 855 1266 882 ἄλλοτε
1285 855 1313 882 δὲ
1329 857 1385 887 τοῖς
1408 854 1557 890 ὑπερφυέσι
1574 854 1607 881 τὰ
1627 854 1697 880 κατὰ
1714 853 1797 887 φύσιν

169 901 263 936 salque
277 901 395 929 salutare
416 902 442 928 in
461 910 490 930 se
515 903 713 935 continentem,
730 910 814 938 aquas
830 902 953 930 exitiales

169 955 271 976 sanans
287 956 294 975 :
313 947 345 974 ad
365 948 571 981 ostendendum,
587 957 648 977 esse
668 950 844 977 recreandum
871 956 952 975 mun-

169 993 245 1024 dum,
258 1000 306 1027 per
321 997 520 1020 sacramentum
533 993 558 1020 in
573 997 599 1021 te
613 994 765 1021 exhibitum
780 1003 786 1020 :
805 993 886 1020 modo
904 1001 953 1019 au-

168 1046 239 1070 tem,
262 1037 349 1066 farina
373 1046 466 1074 azyma
485 1039 525 1071 ⁸⁸,
550 1043 644 1074 partus
669 1039 708 1066 tui
738 1043 798 1067 satu
825 1039 953 1066 immunis

169 1087 233 1121 typo
253 1084 432 1120 respondente
443 1105 450 1117 ,
470 1086 565 1112 mortis
581 1085 757 1113 acerbitatem
773 1093 788 1112 a
805 1085 873 1112 cibis
889 1092 953 1120 pro-

168 1129 266 1166 ﬂigans
295 1141 301 1158 :

1006 901 1159 937 ὑπερνικῶν
1175 902 1203 928 ἐν
1215 902 1253 937 τῷ
1273 902 1401 938 Ἰορδάνῃ,
1416 901 1461 928 καὶ
1474 900 1517 927 διὰ
1530 900 1630 927 τούτων
1647 901 1695 936 τὴν
1710 901 1797 927 κατά-

1005 949 1078 975 δυσιν
1104 948 1149 975 τοῦ
1177 950 1278 985 Κυρίου
1304 949 1381 985 ὴμῶν
1407 950 1447 981 εἰς
1467 949 1551 985 ᾅδην,
1572 949 1619 976 καὶ
1643 948 1796 984 παράδοξον

1006 995 1152 1030 ἀνάρρυσιν
1170 995 1223 1022 τῶν
1238 996 1266 1022 ὲν
1283 995 1370 1032 φθορᾷ
1395 995 1582 1030 κατεχομένων
1612 993 1794 1030 προῖστορῶν.

1005 1039 1098 1066 Πάντα
1115 1039 1169 1075 γὰρ
1183 1037 1256 1065 εἶχόν
1275 1048 1304 1066 τε
1328 1040 1374 1066 καὶ
1394 1040 1548 1067 ὐπέκυπτον
1570 1041 1602 1075 τῇ
1627 1041 1659 1075 σῇ
1678 1039 1739 1074 θείᾳ
1756 1040 1795 1065 εί-

1006 1084 1063 1110 κὸνι
1077 1084 1252 1119 ἐκνικώμενα.

330 1139 525 1167 nonnunquam
547 1132 664 1167 denique
686 1132 768 1160 rebus
798 1140 880 1166 supra
905 1136 1047 1164 naturam,
1075 1140 1135 1167 quae
1158 1136 1264 1159 natura:
1295 1136 1478 1160 consentanea
1499 1137 1592 1160 essent
1617 1132 1643 1160 in
1670 1132 1793 1166 Jordane

168 1177 268 1204 eximie
284 1185 416 1212 superans
439 1178 479 1210 ‘°;
503 1185 589 1212 eoque
606 1177 713 1204 Domini
744 1178 770 1204 in
801 1177 936 1204 infernum
953 1176 1124 1209 descensum,
1147 1176 1352 1211 mirabilemque
1373 1181 1400 1203 ct
1420 1177 1586 1211 inopinatam
1632 1185 1726 1204 eorum
1744 1177 1793 1211 qui

166 1223 197 1250 in
225 1224 399 1258 corruptione
425 1224 612 1252 detinerentur
646 1223 833 1251 liberationem
861 1223 1040 1258 praesiguans.
1070 1222 1137 1250 Nam
1170 1227 1310 1251 cesserunt
1345 1223 1453 1255 omnia,
1482 1227 1589 1259 tuaeque
1615 1224 1652 1251 illi

168 1271 279 1307 imagini
295 1271 478 1307 exprimenda:
495 1271 606 1306 imparia
622 1271 835 1299 succubuerunt.

206 1318 239 1346 Χ.
255 1319 326 1352 Quid
343 1326 405 1346 vero
416 1318 506 1346 adhuc
521 1319 656 1347 sermonis
665 1319 786 1346 habenas
800 1319 884 1346 variis
899 1319 953 1346 illis

168 1363 409 1392 informationibus
431 1364 525 1391 laxans
541 1364 736 1398 involvensque
751 1367 777 1391 et
792 1363 934 1398 implicans
944 1382 951 1395 ,

167 1410 321 1438 orationem
346 1410 373 1436 in
399 1410 508 1445 longum
532 1410 677 1449 protraho;
701 1418 732 1437 ac
751 1412 793 1438 vel
817 1409 952 1441 maxime,

170 1464 232 1483 cum
251 1456 338 1484 instar
360 1456 493 1483 columna:
515 1457 604 1491 palam
625 1456 712 1483 oculis
733 1456 858 1491 objecta,
880 1456 907 1482 in
927 1459 954 1482 te

1692 1224 1793 1251 divina:

1043 1319 1070 1345 l’.
1088 1319 1143 1345 Καὶ
1157 1319 1182 1345 τί
1196 1318 1235 1345 ἔτι
1252 1318 1424 1354 περιπλέκων
1443 1317 1555 1354 μηκύνω
1571 1318 1616 1345 τὸν
1632 1318 1720 1352 λόγον,
1734 1318 1793 1350 τοῖς

1008 1364 1137 1397 ποικίλοις
1168 1366 1358 1400 προγράμμοις
1384 1365 1528 1399 ἐπαφήσας
1563 1363 1608 1390 τοῦ
1634 1363 1712 1397 λόγου
1740 1364 1793 1395 τὰς

1007 1411 1095 1444 ἡνίας,
1108 1411 1154 1437 καὶ
1171 1411 1287 1446 μάλιστα
1303 1410 1356 1446 πρὸ
1371 1410 1516 1445 ὀφθαλμῶν
1530 1409 1719 1445 ἐστηλωμένης
1733 1409 1791 1444 (69)

1007 1458 1055 1493 τῆς
1075 1457 1120 1483 ἐπὶ
1137 1456 1178 1483 σοι
1192 1456 1345 1491 ἀτρεκείας,
1399 1457 1445 1482 καὶ
1459 1456 1664 1492 κατατρυφῆσαι
1679 1456 1792 1491 ἄμεινον

169 1501 272 1528 veritas
287 1504 388 1536 pateat,
407 1501 434 1527 in
452 1507 504 1535 qua
520 1500 592 1527 velut
607 1500 754 1527 cluxuriari
771 1499 951 1534 delectarique

1006 1503 1052 1530 καὶ
1066 1501 1287 1537 ἐπικερδέστερον
1299 1509 1305 1534 ;
1319 1501 1477 1538 Τοιγαροῦν,
1490 1501 1594 1537 χαίρειν
1611 1501 1716 1537 φράσας
1733 1503 1792 1533 τοῖς

169 1546 328 1582 praestiterit
343 1554 375 1574 ac
393 1546 564 1574 commodius
579 1546 679 1574 fuerit?
692 1545 780 1579 Quare
795 1551 952 1574 sanctorum

169 1593 292 1620 omnium
309 1600 356 1628 per
368 1600 464 1620 omnes
478 1593 667 1627 generationes
680 1613 686 1624 ,
706 1592 876 1627 spiritalibus
891 1600 954 1619 nar-

169 1639 322 1666 rationibus
339 1638 473 1674 factisque
487 1637 651 1674 prodigiosis
666 1639 755 1665 valere
768 1635 865 1673 jussis,
882 1638 915 1665 ad
928 1645 953 1665 te

170 1685 232 1713 festi
249 1685 331 1719 hujus
346 1685 463 1711 convivii
479 1685 552 1711 velut
569 1684 675 1711 clavum
687 1704 694 1716 ,
717 1692 733 1711 0
755 1683 862 1712 ﬂorenti
881 1692 953 1712 sem-

169 1737 218 1765 per
237 1729 360 1757 habeuda
372 1730 521 1761 memoria,
540 1730 638 1764 dirigo.
654 1730 798 1758 Benedicta
817 1734 860 1763 tu,
875 1738 952 1765 pror-

169 1782 218 1803 sus
238 1774 380 1802 benedicta
400 1774 582 1809 omnibusque
599 1774 796 1802 desiderabilis.
817 1775 846 1802 in
868 1775 950 1801 benc-

170 1819 337 1847 dictionibus
366 1818 474 1847 Domini
504 1827 602 1847 nomen
631 1825 723 1852 tuum,
752 1820 842 1848 divina
865 1820 951 1855 gratia

169 1866 358 1900 plenissimum
371 1873 403 1893 ae
418 1874 523 1894 summe
543 1866 597 1894 Deo
610 1868 758 1902 gratiosum
770 1888 777 1900 ,
790 1867 836 1894 Dei
853 1867 951 1898 Mater,

169 1919 284 1946 qumque
296 1915 343 1939 tuo
365 1912 423 1947 ipsa
444 1912 588 1947 splendore
605 1913 731 1942 ﬁdelibus
748 1913 837 1941 lumen
857 1912 952 1947 praefe—

169 1966 224 1986 ras.
240 1957 280 1985 'l'u
300 1959 535 1994 circumscriptio,
556 1962 587 1986 ut
602 1959 639 1986 ita
654 1959 742 1986 dicam
754 1979 761 1990 ,
777 1959 836 1994 ejus
849 1959 894 1993 qui
910 1963 952 1986 est

169 1999 485 2036 incircixnscriptibilis:
504 2003 582 2030 radix
595 2002 669 2030 ﬂoris
689 2003 883 2038 speciosissimi
902 2003 924 2019 ⁸⁷
944 2013 949 2030 :

170 2043 256 2072 Mater
271 2046 458 2079 plasmatoris:
479 2047 574 2075 altoris
586 2048 679 2075 nutrix
692 2058 700 2076 :
715 2048 774 2082 ejus
788 2049 949 2084 complexio,

169 2091 214 2124 qui
244 2090 334 2118 omnia
355 2092 497 2127 complecti
522 2093 604 2121 habet
626 2104 632 2121 :
662 2099 774 2129 portans
795 2102 855 2122 eum
870 2115 877 2126 ,
906 2095 952 2128 qui

169 2134 249 2162 verbo
263 2140 351 2170 portat
372 2139 460 2164 omnia
475 2138 517 2166 '8:
532 2144 627 2174 porta,
647 2148 696 2175 per
717 2148 797 2175 quam
822 2140 893 2168 Deus
922 2140 948 2166 in

1004 1548 1057 1576 τῶν
1076 1548 1160 1582 ἁγίων
1173 1547 1243 1574 κατὰ
1262 1549 1351 1574 πᾶσαν
1371 1547 1467 1581 γενεὰν
1484 1549 1675 1582 πνευματικοῖς
1693 1547 1791 1582 διηγή-

1005 1603 1070 1630 μασι
1081 1595 1128 1621 καὶ
1142 1594 1392 1629 τερατουργήμασιν
1402 1614 1408 1626 ,
1427 1593 1472 1620 ἐπὶ
1485 1594 1514 1620 σὲ
1532 1594 1641 1629 μετάγω
1656 1594 1719 1625 τοὺς
1739 1593 1792 1627 τῆς

1003 1641 1119 1675 εὐωχίας
1135 1641 1248 1671 οἴακας,
1266 1639 1529 1675 παντομνημόνευτε.
1551 1639 1726 1675 Εὐλογημένη
1743 1640 1790 1671 σὺ,

1004 1685 1201 1721 παντευλὸγητε
1223 1686 1269 1712 καὶ
1288 1686 1354 1712 πᾶσι
1371 1685 1481 1721 ποθητέ.
1505 1686 1563 1712 Ἐπ’
1576 1685 1711 1720 εὐλογίαις
1730 1686 1792 1712 Κυ-

1005 1733 1060 1768 ρίου
1076 1732 1105 1759 τὸ
1122 1731 1348 1767 οεοχαριτώτατόν
1364 1740 1410 1758 σου
1425 1732 1520 1767 ὄνομα,
1534 1731 1724 1768 Θεογεννήτωρ
1741 1732 1790 1757 καὶ

1002 1778 1113 1814 δᾳδοῦχε
1127 1777 1181 1804 τῶν
1197 1778 1308 1804 πιστῶν.
1325 1778 1357 1804 Ἡ
1379 1778 1546 1814 περιγραφὴ,
1565 1778 1598 1804 't’v‘
1609 1777 1694 1809 οὕτως
1707 1777 1790 1808 εἴπω,

1001 1825 1048 1851 τοῦ
1069 1824 1287 1860 ἀπεριγράπτου·
1305 1824 1320 1858 ἡ
1345 1823 1407 1858 ῥίζα
1424 1823 1470 1850 τοῦ
1488 1823 1654 1859 ὡραιοτάτου
1674 1822 1789 1853 ἄνθους·

1002 1871 1018 1905 ἡ
1035 1871 1133 1906 Μήτηρ
1155 1869 1201 1895 τοῦ
1221 1869 1370 1900 πλάσαντος
1381 1877 1387 1884 ’
1403 1871 1419 1904 ἡ
1437 1869 1513 1904 τιτθὴ
1526 1869 1571 1895 τοῦ
1584 1869 1728 1904 τρέςοντος
1740 1877 1748 1883 ·
1772 1869 1789 1903 ἡ

1003 1915 1116 1950 περιοχὴ
1141 1914 1187 1941 τοῦ
1206 1915 1393 1950 περιέχοντος’
1417 1917 1432 1949 ἡ
1453 1915 1570 1949 φέρουσα
1593 1914 1638 1940 τὸν
1660 1914 1791 1948 φέροντα

1004 1961 1105 1995 ῥήματι
1120 1960 1155 1987 τὰ
1180 1959 1320 1996 πάνταηὴ
1343 1960 1413 1996 πύλη
1435 1961 1483 1995 τῆς
1498 1961 1527 1986 ὲν
1550 1959 1631 1995 σαρκὶ
1655 1958 1790 1993 ἀνατολῆς

1002 2006 1048 2033 τοῦ
1074 2006 1157 2032 Θεοῦ·
1183 2006 1200 2041 ἡ
1222 2006 1301 2037 λαϐὶς
1325 2006 1370 2032 τοῦ
1399 2005 1564 2040 καθαρτικοῦ
1593 2005 1743 2040 ἄνθρακος·
1773 2005 1790 2031 ὁ

1003 2050 1104 2087 βραχὺς
1131 2051 1229 2083 κόλπος
1253 2051 1299 2077 τοῦ
1324 2051 1432 2077 πάντων
1459 2051 1576 2077 κόλπων
1594 2050 1609 2076 ὀ
1630 2049 1713 2080 πόκος
1737 2049 1789 2083 τῆς

1002 2096 1194 2132 ἀκαταλήπτου
1221 2097 1315 2131 δρόσου
1337 2096 1408 2131 (70)·
1433 2097 1447 2122 ὁ
1470 2095 1519 2130 τῆς
1542 2094 1689 2128 ἐπιθυμίας
1706 2094 1789 2120 Δαῦὶδ

1003 2141 1132 2177 ζωοδὸχος
1160 2142 1214 2177 (7i)
1232 2142 1331 2173 λάκκος
1361 2142 1409 2177 τῆς
1425 2141 1563 2176 Βηθλεὲμ,
1592 2140 1636 2174 ἀφ’
1656 2137 1686 2166 οὗ
1711 2140 1788 2174 πόμα

165 2188 248 2208 carne
263 2181 351 2208 oritur
365 2183 398 2214 ",
415 2183 522 2219 forceps
539 2185 667 2212 carbonis
688 2185 761 2213 illius
781 2186 900 2220 purgarii
914 2186 947 2219 9°,

1006 2186 1149 2217 ἀθανασίας
1166 2185 1291 2217 ὲξέϐλυσε
1301 2195 1307 2201 ”
1323 2186 1352 2212 τὸ
1369 2186 1524 2221 ἱλαστήριον
1538 2184 1568 2217 ἐξ
1581 2183 1611 2212 οὗ
1623 2185 1688 2216 Θεὸς
1702 2183 1789 2217 ὲγνώ-

166 2226 244 2254 sinus
260 2227 375 2262 exiguus
386 2228 509 2257 immensi
526 2231 648 2258 omnium
667 2231 744 2258 sinus
755 2252 762 2263 ,
779 2231 864 2259 vollus
877 2231 949 2257 roris

165 2273 239 2300 illius
260 2273 543 2309 incomprehensibilis
559 2277 598 2310 “,
624 2278 701 2304 lacus
721 2277 766 2304 ille
790 2276 945 2304 Bcthlchcm

1004 2231 1052 2266 σθη
1069 2230 1220 2266 ἀνθρώποις
1243 2230 1496 2266 ἀνθρωπομόρφως·
1516 2230 1546 2256 τὺ
1560 2229 1672 2257 ἄσπιλον
1686 2228 1787 2263 ἔνδυμα

1002 2277 1054 2305 τοῦ
1068 2277 1311 2312 ἀναϐαλλομένου
1329 2277 1390 2311 φῶς
1401 2277 1441 2309 ὡς
1453 2276 1576 2311 Ιμάτιον.
1595 2276 1626 2302 Ἠ
1642 2275 1786 2302 δανείσασα

200 2350 313 2388 ‘°__Heb.
331 2359 378 2388 IX”.
399 2353 425 2388 ot.
474 2353 495 2368 ‘"
517 2352 549 2380 IV
574 2352 636 2388 Reg.
657 2361 689 2385 ιι,
710 2354 754 2380 Η.
792 2354 815 2369 ⁸¹
838 2353 920 2380 Errti.
945 2361 951 2379 1

1011 2361 1038 2385 ιι,
1061 2353 1085 2379 ι.
1138 2353 1160 2369 ιι
1177 2352 1211 2380 ιν
1231 2352 1291 2387 Reg.
1327 2361 1355 2380 11.
1395 2353 1417 2369 δ·
1437 2353 1501 2388 ibid.
1530 2353 1575 2379 eo.
1602 2353 1641 2388 κη·
1662 2351 1700 2379 IV
1719 2351 1785 2388 neg.

165 2394 202 2448 nl.
305 2387 329 2402 "
349 2387 382 2414 IV
399 2387 460 2423 Reg.
489 2397 514 2415 τ’.
554 2388 575 2403 ⁸⁷
596 2386 651 2416 lia.
671 2397 711 2419 xi,
733 2389 756 2415 1.
795 2388 818 2404 ⁸⁸
840 2389 919 2414 lleltr.
942 2396 948 2414 ι

164 2429 180 2448 ν
202 2441 210 2453 ,
268 2442 274 2448 .

1006 2409 1008 2414 .
1050 2389 1071 2403 ’⁸⁸
1091 2388 1186 2415 Ezeclt.
1208 2386 1291 2421 xuii,
1312 2388 1356 2414 41.
1395 2389 1417 2403 ⁵ο
1452 2387 1510 2415 lsa.
1530 2396 1575 2420 v1,
1595 2387 1621 2414 6.
1675 2388 1696 2404 ἰ
1718 2386 1786 2414 Iud.

211 2498 254 2536 68)
277 2500 525 2535 Ἄνασφήλοντος.
541 2500 621 2528 Forte
636 2502 847 2536 ἀνασφήλαντος.

211 2534 255 2567 69)
270 2536 329 2568 Πρὸ
347 2534 507 2570 ὀφθαλμῶν
522 2534 741 2570 ὲστηλωμένιρςζ
763 2535 842 2562 Velut
856 2539 945 2563 erecta

164 2569 301 2604 propalam
317 2571 344 2596 in
361 2569 469 2597 modum
487 2572 628 2600 columnae.
639 2569 675 2597 'ne
690 2579 768 2605 quem
786 2571 868 2597 latere
885 2578 947 2604 pos-

164 2605 207 2630 sit.
224 2604 314 2641 Altera
322 2605 493 2640 signiﬁcatio,
503 2611 533 2633 ut
547 2606 587 2637 τὸ,
602 2604 791 2641 ὲστηλώμένης
802 2606 838 2632 sit
850 2606 948 2639 conﬁr-

163 2644 247 2666 mata.
261 2640 366 2666 videtur
376 2641 467 2667 minus
481 2641 633 2667 commoda.

199 2673 254 2707 (70)
273 2673 327 2707 Τῆς
337 2674 549 2707 ἀκαταλήπτων
559 2676 680 2709 δρόσου.
695 2674 780 2708 Cujus
792 2675 947 2710 mysterium

165 2712 282 2742 nequeat
306 2710 372 2737 satis
398 2711 525 2745 perspici.
554 2710 696 2739 Pantinus.
727 2710 947 2744 imperrvptibilis,

164 2744 341 2787 quo‘d'u'i'int‘s
357 2744 482 2785 quadrat.
500 2745 745 2787 Planeﬂenim'fuit
764 2753 809 2773 ros
826 2747 869 2773 ille
888 2753 948 2785 pcr-

164 2778 371 2816 ceptihilisfqui
385 2786 532 2816 expressus
547 2781 655 2812 vellere,
678 2781 799 2816 lagonam
818 2778 893 2816 aqua
904 2781 950 2807 im-

165 2813 256 2846 plevit,
273 2814 366 2848 utique
381 2813 512 2840 sensibili.

1035 2501 1268 2536 (71)Ζωοὸόχος.
1292 2500 1343 2527 Seu
1368 2501 1429 2527 vitae
1449 2501 1689 2535 conceptaculum;
1709 2501 1736 2527 in
1753 2507 1787 2536 eo

1001 2536 1090 2563 Maria:
1102 2537 1265 2571 symbolum.
1284 2544 1343 2570 quae
1359 2535 1440 2563 vitam
1459 2536 1532 2565 illam
1550 2536 1582 2564 ad
1595 2544 1644 2563 nos
1663 2535 1787 2570 peregri-

1001 2577 1118 2601 nantem.
1140 2579 1188 2598 ceu
1205 2571 1313 2605 hospitii
1329 2571 1401 2605 jure,
1428 2571 1508 2597 etiam
1533 2575 1612 2598 utero
1639 2571 1784 2604 suscepit:

1001 2614 1080 2641 quam
1098 2607 1156 2640 ejus
1174 2607 1388 2641 prrcrogativam,
1406 2606 1432 2632 in
1445 2605 1546 2632 Martha
1565 2605 1706 2633 Dominum
1719 2613 1786 2640 sus:

1001 2641 1117 2676 ripientc
1136 2642 1162 2668 in
1179 2648 1255 2668 suam
1282 2641 1407 2676 domum,
1428 2641 1472 2667 die
1492 2641 1663 2676 migrationis
1684 2641 1785 2674 ipsius,

1001 2675 1121 2703 Ecclesia
1145 2681 1237 2703 sancte
1264 2676 1367 2703 recolit.
1394 2675 1534 2707 Paulinus,
1558 2677 1686 2710 uiuiﬁcus,
1709 2675 1787 2709 quod

1020 2711 1092 2737 otius
1106 2716 1177 2738 esset
1190 2710 1330 2745 ζωοδότης.
1344 2710 1429 2737 Simili
1441 2711 1560 2745 epitheto
1575 2711 1654 2745 patilo
1669 2710 1787 2738 inferius

1024 2746 1154 2772 imeonem
1182 2750 1277 2775 mnal,
1301 2746 1439 2780 appellans
1468 2746 1589 2781 Θεοδιιχον
1615 2745 1784 2781 πρεσόύτην,

1001 2789 1085 2807 senem
1104 2780 1150 2808 Dei
1164 2785 1346 2814 susceptam".
