1911 3072
104 75 165 103 375

646 70 763 99 SERMO
782 70 826 98 DE
844 69 993 98 SIMEONE
1013 69 1054 96 ΕΤ
1074 68 1177 95 ΑΝΝᾹ.

1687 69 1741 95 37a

106 132 171 169 Θεῷ
195 131 235 167 τῷ
250 132 373 159 ἀνενδεεῖ
396 131 486 167 σάρκα
509 131 598 166 ἤνπερ
616 131 666 157 οὐκ
692 128 778 165 εἶχεν,
802 126 898 165 ἴναῇί

957 125 1085 154 desiderii
1101 125 1183 152 David
1196 125 1217 141 ⁹¹
1229 145 1236 158 ,
1259 126 1320 152 vitae
1332 129 1474 160 susceptor
1483 146 1491 158 ,
1503 133 1536 152 ex
1546 133 1599 160 quo
1611 127 1738 161 poculum

108 176 320 213 παντοδύναμος
337 178 407 213 ὅπερ
426 177 570 213 ηὑδὸκησε.
589 175 621 203 Τί
641 175 735 202 τούτου
757 175 904 210 περιφανέ-

110 231 231 259 στερονς
247 223 281 249 Τί
297 222 394 250 τούτου
410 223 590 258 ὑψηλότερον;
612 223 640 248 '0
660 222 704 248 τὸν
724 221 837 257 οὐρανὸν
858 221 906 247 καὶ

109 270 163 305 τὴν
183 269 236 304 γῆν
263 268 388 305 πληρῶν,
404 265 435 295 οὗ
460 269 494 295 τὰ
518 269 663 304 σύμπαντα
688 268 831 303 κτήματα,
858 267 904 294 σοῦ

110 316 262 351 γεγένηται
292 316 416 351 ἐπιδεής-
443 317 475 343 σὺ
500 316 554 352 γὰρ
582 316 720 347 ὲδάνεισας
745 316 803 350 Θεῷ
830 315 904 342 θείαν

111 364 265 398 σάρκωσιν,
279 363 313 398 ῆν
327 363 378 389 οὐκ
395 361 461 398 εἶχε.
483 363 518 389 Σὺ
541 362 710 397 ὲθωράκισας
726 362 770 388 τὸν
794 362 904 389 δυνατὸν

109 409 163 444 τὴν
180 409 308 444 εὐπρεπῆ
327 408 373 435 τοῦ
392 408 517 443 σώματος
531 408 704 442 παντευχίαν,
723 408 756 434 δι’
774 406 808 444 ἦς
825 408 904 440 αὐτὸς

113 455 165 490 μὲν
181 454 299 489 ὀφθῆναι
311 454 433 490 χωρητὸς
444 455 504 490 ἐμοὶ
516 454 670 489 δεδύνηται,
687 453 741 488 ἐγὼ
755 454 783 480 δὲ
790 453 904 490 εὐπροσ-

113 501 180 532 ίτως
197 500 360 535 ἀντωπῆσαι
385 500 458 536 αὺτῷ
479 500 617 535 ἐνίσχυσα,
640 500 673 526 δι’
690 496 723 535 ἧς
742 499 789 526 καὶ
806 498 904 526 πάντα

111 545 168 571 τοῦ
185 545 322 579 πονηροῦ
335 545 372 572 τὰ
392 545 587 580 πεπυρωμένα
597 546 676 579 ,βέλη
693 544 901 579 σϐεσθήσεται.

111 588 202 624 Εὖγε,
221 589 284 626 εὖγε
295 611 303 623 ,
317 592 408 626 μήτηρ
428 591 495 618 Θεοῦ
516 591 563 618 καὶ
578 591 668 627 δούλη.
687 589 771 626 Εὖγε,
792 589 871 625 εὖγε,
886 592 903 627 ή

112 636 258 671 ὑπόχρεων
278 636 376 672 ἔχουσα
387 637 433 663 τὸν
449 637 556 663 πάντων
570 637 720 672 δανειστήν.
737 637 840 668 Πάντες
855 638 903 672 μὲν

112 681 173 717 Θεῷ
187 683 380 718 ἐποφείλομεν,
395 683 436 709 σοὶ
451 683 480 709 δὲ
495 684 676 718 ὲποφείλεται.
698 684 726 710 Ὀ
742 683 796 720 γὰρ
807 683 901 715 εἰπὼν,

115 728 189 762 Τίμα
215 727 270 755 τὸν
292 728 406 762 πατέρα
428 736 485 755 σου
514 729 562 755 καὶ
587 728 645 763 τὴν
666 728 790 763 μητέρα,
814 728 903 764 πολλῷ

114 774 219 809 μᾶλλον
235 774 317 806 αὐτὸς
337 775 366 801 ὲν
381 774 485 806 τούτοις
506 774 680 807 ἐξετάζεσθαι
699 775 835 811 ἑλόμενος,
853 784 902 810 φυ-

957 172 1168 200 immortalitatis
1179 171 1340 198 seaturivit:
1357 172 1575 206 propitiatorium
1591 172 1624 204 ³³,
1640 180 1672 199 ex
1685 181 1738 206 quo

956 217 1043 252 Deus,
1071 218 1157 245 forma
1183 218 1319 251 humana,
1340 220 1431 254 generi
1451 219 1569 246 humano
1597 219 1737 246 innotuit:

955 265 1038 292 vestis
1052 265 1110 291 sine
1127 264 1312 299 macula,ejus
1323 265 1367 300 qui
1382 264 1466 292 induit
1478 265 1564 292 lumen
1580 266 1646 292 sicut
1662 265 1738 292 cesti-

955 316 1070 337 mentum
1087 311 1120 338 ⁸⁵.
1134 310 1172 337 Tu
1184 311 1285 338 nullius
1303 311 1433 346 indigenti
1453 311 1516 342 Deo,
1533 319 1642 338 carnem
1656 319 1737 346 quatit

956 364 1009 383 non
1026 356 1159 388 habebat,
1176 356 1297 384 [onerata
1311 364 1349 389 es,
1364 364 1418 391 qua
1434 357 1540 384 tandem
1565 358 1738 392 omnipotens

954 401 1017 438 itle‘
1035 401 1106 436 quod
1119 402 1275 429 decreverat
1287 402 1345 429 ﬁeri
1357 422 1364 434 ,
1382 402 1461 429 homo
1482 407 1565 430 esset.
1593 403 1663 435 Quid
1686 403 1738 430 hoc

955 446 1142 481 splendidius?
1166 445 1236 478 Quid
1261 447 1312 473 hoc
1337 446 1501 474 sublimius?
1522 446 1573 478 Qui
1596 447 1738 474 coelumet

954 498 1054 520 terram
1071 492 1164 527 implet
1178 492 1215 523 9",
1239 492 1319 526 cujus
1340 491 1452 520 ditionis
1473 496 1536 520 sunt
1559 501 1603 520 res
1623 501 1736 524 onmes,

955 537 993 564 tui
1014 537 1123 571 indigus
1142 536 1255 564 eilicitur
1272 547 1278 564 ι
1294 537 1394 572 quippe
1416 537 1471 566 Deo
1491 538 1611 565 fencrata
1625 546 1655 566 es
1675 547 1738 566 car-

954 591 1027 614 nem,
1042 590 1122 618 quam
1136 591 1190 609 non
1203 583 1330 611 habebat.
1346 583 1386 610 Tu
1400 587 1537 618 potentem
1554 583 1628 610 illum
1640 584 1738 612 decora

954 631 1078 664 corporis
1091 634 1230 656 armatura
1245 630 1374 661 induisti,
1388 638 1440 665 qua
1456 634 1483 658 et
1494 631 1517 658 is
1530 631 1595 657 mihi
1615 631 1738 658 redditus

953 679 995 702 est
1015 675 1102 702 oculis
1124 674 1315 709 aspectabilis;
1339 674 1450 710 ipseque
1479 679 1508 702 ut
1525 675 1609 703 libere
1624 676 1738 702 intuitu-

954 728 1001 747 rus
1013 720 1116 755 possim
1132 720 1272 752 accedere,
1285 721 1388 755 accepi,
1398 728 1450 756 qua
1463 721 1543 748 etiam
1572 723 1660 748 onmia
1672 722 1737 748 mali

953 767 1027 794 illius
1042 767 1125 802 ignita
1141 766 1193 793 tela
1202 767 1334 801 exstingui
1348 766 1442 794 habent
1455 768 1487 795 '°.
1501 767 1584 803 Euge,
1601 776 1678 802 euge,
1690 767 1737 796 Dei

111 819 204 852 λάξειε
226 820 276 855 τὴν
293 820 373 856 χάριν
391 821 436 846 καὶ
455 820 485 847 τὸ
508 820 571 847 ἴδιον
589 820 676 855 δόγμα
694 822 726 856 τῇ
742 821 898 857 διακονησα-

954 811 1038 839 Mater
1054 812 1217 846 ancillaque.
1234 811 1317 846 Euge,
1331 820 1409 847 euge,
1426 813 1470 839 cui
1484 813 1529 840 ille
1544 813 1665 840 omnium
1681 821 1737 841 cre—

113 865 183 901 μένῃ
198 865 248 900 τὴν
266 865 427 900 αὐθαίρετον
446 865 581 900 γέννησιν,
594 866 640 892 καὶ
657 865 776 898 δοξάσειε
791 866 903 902 θεοπρε-

111 910 181 942 πῶς,
199 912 234 946 ἣν
255 911 429 946 ἐπεγράψατο
447 911 560 946 ἀπάτωρ
572 910 609 942 ὼς
633 911 761 947 ἄνανδρον
778 912 902 948 Μητέρα,

114 957 211 982 Ἔσται
237 957 326 983 τοίνυν
345 956 432 983 ταῦτα
454 957 550 989 οὕτως,
568 957 652 984 ἔσται.
670 958 706 984 Οὐ
726 958 780 993 γὰρ
801 958 903 993 κομψο-

112 1002 208 1033 επείας
217 1002 344 1038 ἀκάρπου
352 1003 376 1029 οί
387 1002 584 1038 προσαχθέντες
596 1011 637 1029 σοι
648 1004 712 1039 παρ’
724 1003 800 1039 ἡμῶν
812 1004 901 1039 ὕμνοι,

112 1047 320 1082 παναγιώτατον
336 1049 382 1075 καὶ
398 1049 561 1083 ἀξιὰγαστον
580 1050 626 1076 τοῦ
644 1050 710 1076 Θεοῦ
727 1050 900 1086 ὲνδιαίτημα’

111 1093 165 1120 οὐδ’
178 1091 214 1120 αὖ
229 1094 368 1129 κοσμικῆς
381 1094 554 1129 λογολεσχίας
571 1095 617 1121 καὶ
628 1094 838 1130 ψευδαρεσκείας
853 1096 901 1122 λα-

113 1139 290 1175 ρυγγίσματα
310 1140 323 1166 ὑ
339 1141 522 1176 πνευματικός
537 1150 583 1168 σου
599 1141 693 1176 ὕμνος,
712 1141 900 1174 Θεοὺπαίνετε,

112 1184 159 1210 καὶ
174 1184 242 1211 Θεὸν
259 1184 358 1220 ἔχουσα
373 1185 533 1220 ὑπομὰζιον,
549 1186 593 1213 τὸν
616 1187 674 1218 τοῖς
695 1186 799 1221 βροτοῖς
815 1187 901 1223 ἀρχὴν

112 1230 158 1256 τοῦ
174 1228 245 1257 εἶναι
267 1230 312 1257 διὰ
333 1231 485 1266 γεννήσεως
501 1232 670 1267 παρέχοντα,
695 1233 752 1259 ἀλλ’
770 1233 902 1268 ἐναργοῦς

113 1276 252 1312 ἀληθείας.
276 1276 424 1311 Ἐπιλείψει
449 1277 502 1312 γὰρ
523 1279 588 1313 ἡμῖν
610 1278 624 1304 ὁ
653 1279 746 1314 χρόνος
773 1279 819 1306 καὶ
842 1281 901 1311 ταῖς

115 1322 261 1356 μετέπειτα
277 1323 392 1356 γενεαῖς,
408 1323 453 1349 τὸν
469 1324 528 1350 κατ’
539 1323 617 1356 ἀξίαν
633 1333 673 1350 σοι
687 1324 830 1351 ἀποδοῦναι
849 1334 901 1361 μα-

113 1368 247 1403 καρισμὸν
263 1369 297 1403 τῇ
315 1367 406 1403 Μητρὶ
420 1368 471 1395 τοῦ
488 1369 639 1402 Βασιλέως
654 1368 711 1395 τῶν
724 1369 846 1401 αἰώνων,
863 1370 900 1402 ὤς

114 1421 163 1440 που
176 1413 259 1448 φησὶν
278 1414 292 1438 ὁ
307 1413 427 1449 ἀοίδιμος
442 1416 591 1450 προφήτης,
609 1415 644 1442 τὰ
659 1416 709 1451 τῆς
729 1417 777 1452 σῆς
797 1417 900 1443 ἀκατα-

113 1459 210 1494 ληψίας
233 1460 307 1493 ἡμᾶς
330 1455 514 1486 ὲιὲπαιδεύων·
536 1461 582 1493 Ὠς
605 1461 700 1496 μέγας
717 1464 733 1489 ό
750 1461 831 1496 οἶκος
846 1463 898 1490 τοῦ

953 858 1034 890 ditor,
1054 857 1160 885 debitor
1175 858 1220 885 sit.
1247 857 1301 884 Deo
1321 858 1451 886 debemus
1469 866 1562 886 omnes
1580 869 1586 886 ι
1607 859 1656 887 tibi
1678 860 1737 895 ipse

952 902 1100 930 obstrictus
1116 907 1168 930 est.
1182 902 1247 929 Nam
1266 903 1311 938 qui
1327 903 1395 930 dixit
1409 913 1416 931 :
1434 903 1542 931 Ilonora
1553 909 1735 939 patremtuum

951 954 976 976 et
991 955 1101 976 matrem
1114 949 1152 981 '7,
1170 949 1249 983 longe
1266 949 1355 983 potius
1368 969 1375 981 ,
1398 949 1498 977 talibus
1518 951 1576 985 ipse
1597 951 1736 979 acrenseri

952 996 1062 1029 volens,
1080 995 1195 1030 gratiam
1214 996 1406 1031 propriamque
1423 997 1481 1031 ipse
1495 997 1579 1032 legem
1591 1017 1598 1029 ,
1625 998 1651 1024 in
1675 1005 1735 1025 eam

952 1045 1115 1077 servaverit,
1142 1053 1202 1079 quas
1221 1045 1294 1072 ultro
1317 1047 1484 1078 assumptam
1499 1043 1549 1078 ipsi
1566 1043 1734 1071 nativitatem

951 1092 1131 1126 ministravit;
1144 1099 1294 1127 quamque,
1312 1091 1370 1119 sine
1387 1093 1478 1125 patre,
1497 1090 1569 1117 velut
1583 1089 1642 1116 sine
1664 1090 1733 1121 viro,

951 1138 1063 1165 Matrem
1088 1138 1229 1172 inscripsit
1249 1137 1487 1171 conﬁrmavitque;
1505 1136 1599 1164 divino
1616 1136 1734 1170 quodam

950 1184 1065 1216 decore,
1083 1188 1110 1211 et
1130 1192 1213 1219 supra
1233 1184 1369 1211 hominem
1383 1183 1584 1218 gloriﬁcaverit.
1603 1182 1641 1209 lta
1670 1191 1733 1210 vero

950 1229 1008 1256 haec
1024 1229 1172 1261 habebunt,
1190 1228 1328 1256 habebunt
1341 1229 1388 1256 ita.
1402 1228 1493 1262 Neque
1509 1229 1581 1255 enim
1593 1236 1652 1263 quae
1668 1228 1734 1255 clie-

950 1274 1036 1302 rimus
1051 1275 1168 1307 eantica,
1183 1275 1306 1302 inutilem
1319 1279 1423 1301 tantum
1440 1275 1582 1301 verborum
1595 1276 1732 1305 ornatum,

950 1329 967 1348 o
983 1321 1197 1349 sacratissimum
1219 1320 1543 1355 admirabilissimumque
1565 1320 1613 1347 Dei
1627 1320 1734 1347 habita-

949 1367 1052 1399 culum,
1062 1367 1162 1395 habent
1174 1376 1180 1394 :
1196 1374 1284 1402 neque
1296 1375 1404 1399 rursus,
1416 1367 1573 1394 saecularem
1588 1366 1733 1401 quamdam

949 1413 1151 1449 nugaeitatem,
1168 1413 1291 1449 falsaque
1312 1414 1506 1441 assentationis
1521 1413 1594 1441 velut
1616 1413 1734 1440 crocita-

949 1464 1051 1492 menta,
1070 1460 1201 1495 spiritalis
1214 1463 1260 1487 tua
1275 1459 1357 1487 habet
1370 1459 1502 1492 laudatio,
1518 1466 1535 1486 ο
1547 1458 1602 1486 Deo
1614 1459 1732 1490 laudata,

115 1503 196 1535 Θεοῦ,
213 1504 264 1530 καὶ
281 1503 415 1539 εὐμήκης
426 1506 442 1530 ὁ
458 1504 549 1538 τόπος
565 1505 620 1539 τῆς
642 1505 775 1540 κτήσεως
793 1508 895 1535 αὐτοῦ.

950 1513 1063 1541 quaeque
1075 1506 1158 1534 Deum
1172 1506 1230 1541 ipsa
1242 1506 1387 1533 lactentem
1400 1505 1516 1537 habeas;
1526 1512 1598 1536 eum,
1610 1505 1732 1539 inquam,

113 1550 220 1584 Μέγας,
235 1550 285 1576 καὶ
298 1551 353 1577 οὐκ
366 1551 427 1584 ἔχει
442 1550 585 1583 τελευτήν
596 1560 603 1566 ο
618 1553 738 1586 ὑψηλὸς
759 1553 808 1579 καὶ
828 1553 898 1588 ἀμέ-

113 1603 227 1628 τρητος.
239 1596 343 1627 Ὄντως
356 1595 419 1631 γὰρ,
436 1595 518 1628 ὅντως
534 1598 700 1632 προφητικὸς
715 1599 838 1634 χρησμὸς
850 1599 897 1626 καὶ

114 1641 229 1676 ἀψευδὴς
256 1641 332 1675 λόγος
358 1639 434 1674 οὗτος
458 1643 506 1677 τῆς
530 1644 594 1678 περὶ
616 1644 645 1669 σὲ
671 1644 894 1680 μεγαλειότητος·

113 1687 175 1714 διότι
188 1688 236 1714 καὶ
252 1688 318 1723 μόνη
337 1688 555 1724 συμμερίσασθαι
571 1689 630 1724 Θεῷ
639 1689 672 1716 τὰ
681 1690 728 1716 τοῦ
745 1690 812 1717 Θεοῦ
832 1699 897 1717 κατ-

114 1733 236 1767 τιξίωπαι,
253 1733 319 1759 Θεὸν
343 1734 497 1769 γεννήσασα
515 1735 595 1770 σαρκὶ
615 1735 681 1771 μόνη
692 1755 699 1768 ,
717 1735 762 1762 τὸν
779 1737 811 1762 ὲκ
828 1736 895 1763 Θεοῦ

114 1779 216 1814 Πατρὺς
242 1779 395 1814 μονογενῶς
419 1781 465 1806 καὶ
484 1781 623 1812 συναῐδίως
647 1781 817 1817 γεννηθέντα.
834 1783 896 1809 Φιλ-

115 1823 216 1860 αλήθως
233 1825 289 1861 (72)
311 1825 365 1852 οἵδε
386 1825 457 1860 λόγοι
477 1826 594 1858 πίστεως
608 1828 774 1863 ἀκραιφνοῦς
789 1828 897 1863 ἀντεχο-

116 1869 208 1904 μένων.

950 1554 996 1588 qui
1016 1553 1133 1588 primum
1149 1560 1210 1581 esse
1223 1552 1385 1579 mortalibus
1399 1551 1539 1579 nativitate
1557 1551 1666 1583 tribuit;
1686 1549 1733 1578 sed

950 1598 1092 1625 veritatem
1119 1597 1264 1633 quamdam
1287 1604 1401 1632 prorsus
1421 1596 1601 1631 perspicuam.
1621 1594 1733 1623 Deﬁciet

950 1645 1021 1673 enim
1038 1653 1089 1673 nos
1110 1649 1217 1679 tempus
1238 1644 1398 1679 futurasque
1420 1642 1592 1678 postmodum
1620 1649 1733 1677 genera-

949 1691 1048 1723 tiones,
1063 1691 1085 1719 si
1102 1694 1129 1718 te
1145 1690 1257 1717 Matrem
1273 1689 1350 1725 Regis
1365 1689 1522 1716 sazculorum
1539 1688 1560 1704 ³⁵
1576 1688 1665 1724 dignis
1680 1688 1734 1716 elo-

948 1738 1000 1772 giis
1012 1737 1176 1764 voluerimus
1191 1737 1297 1764 beatam
1309 1736 1473 1771 praedicare;
1489 1740 1518 1762 ut
1528 1735 1643 1770 quodam
1661 1735 1731 1766 loco,

949 1781 1076 1809 erudiens
1108 1789 1188 1816 quam
1216 1781 1255 1809 sis
1285 1781 1587 1816 incomprehensibilis,
1614 1780 1734 1815 inclytus

949 1827 1079 1862 propheta
1100 1827 1158 1854 ait:
1175 1826 1262 1860 Quam
1283 1835 1379 1861 magna
1401 1827 1496 1853 domus
1513 1826 1576 1858 Dei,
1596 1831 1619 1852 et
1644 1826 1733 1860 ingens

950 1874 1021 1900 locus
1032 1872 1205 1908 possessionis
1216 1873 1291 1908 ejus!
1307 1873 1431 1908 Magnus,
1448 1879 1473 1900 et
1486 1881 1536 1900 non
1549 1873 1626 1899 liabet
1637 1873 1732 1909 ﬁnem;

114 1916 231 1944 sublimis
261 1922 339 1953 atque
362 1918 503 1946 immensus
533 1918 566 1946 ".
594 1918 677 1946 Plane
709 1920 802 1950 enim,
829 1919 908 1955 plane
932 1919 1120 1954 propheticum
1147 1919 1308 1952 oraculum,
1331 1920 1546 1954 verissimusque
1577 1919 1623 1946 hic
1643 1925 1735 1946 sermo

115 1964 145 1991 de
160 1965 364 2001 magniﬁcentia
388 1966 434 1993 illa
455 1970 500 1993 tua
522 1971 549 1994 et
577 1967 720 2002 majestate
747 1968 893 2002 procedit:
922 1975 985 1994 nam
1013 1971 1040 1994 et
1064 1967 1138 1999 sola,
1160 1974 1255 1994 eorum
1275 1974 1336 2001 qua
1360 1970 1424 1994 sunt
1449 1965 1511 1998 Dei,
1539 1969 1645 2001 partem
1671 1972 1734 1993 cum

117 2013 166 2041 Deo
195 2014 295 2041 habere
328 2015 470 2048 meruisti;
495 2023 555 2050 quae
585 2015 642 2042 sola
667 2015 752 2043 Deum
781 2023 814 2043 ex
840 2014 894 2043 Deo
931 2015 1011 2042 Patre
1032 2015 1148 2049 unigene
1170 2022 1201 2041 ac
1223 2014 1387 2049 sempiterne
1410 2015 1547 2049 genitum,
1574 2020 1656 2040 carne
1686 2021 1734 2048 ge-

114 2061 214 2089 nueris.
236 2061 276 2089 ita
288 2064 423 2090 veraciter
440 2063 580 2095 sentiunt,
596 2064 642 2098 qui
659 2063 794 2090 sinceram
812 2063 891 2091 ﬁdem
908 2064 1118 2098 amplectuntur.

145 2109 196 2135 IA'.
222 2106 415 2143 ’Δπολάϐωμεν
431 2108 459 2135 δὲ
482 2109 583 2140 λοιπὸν,
607 2106 630 2136 ὧ
653 2109 894 2145 φιλομαθέστατοι,

982 2109 1027 2138 XI.
1040 2108 1184 2141 Czeterum,
1201 2108 1274 2144 quod
1289 2109 1423 2144 reliquum
1434 2112 1485 2139 est,
1505 2107 1657 2139 sciendum,
1674 2110 1738 2134 stus

114 2153 155 2180 τὸν
166 2153 287 2188 θεοδόχον
306 2154 471 2190 πρεσϐύτην,
488 2155 535 2181 καὶ
551 2155 648 2190 εὐσεϐῆ
663 2155 830 2188 διδάσκαλον,
846 2153 896 2183 ὦδὲ

115 2207 162 2225 που
174 2199 338 2235 διανήξαντα
352 2201 492 2236 σωτηρίως
504 2202 536 2227 ὲκ
558 2200 605 2227 τοῦ
630 2201 794 2237 παρθενικοῦ
812 2201 895 2228 πελά-

120 2253 188 2278 γους·
207 2245 256 2272 καὶ
278 2246 504 2282 διαναπαύσωμεν
526 2247 753 2283 ὲμπεφορημένον
770 2248 827 2282 ἅμα
847 2248 896 2282 τῆς

115 2290 184 2322 θείας
205 2291 336 2325 ἐφέσεως,
350 2292 396 2318 καὶ
418 2293 656 2329 ἐμπορευσάμενον
672 2295 739 2329 ἡμῖν
758 2294 806 2329 τὴν
826 2302 894 2321 παν-

115 2336 196 2363 όλϐιον
207 2337 346 2372 θεολογίαν
356 2346 363 2354 ·
375 2339 420 2366 καὶ
439 2339 522 2375 ἴωμεν
538 2340 619 2375 ἡμεῖς
632 2340 700 2376 πρὸς
719 2339 748 2367 τδ
771 2340 834 2376 ἑξῆς
849 2341 895 2368 τοῦ

115 2381 198 2417 λόγου,
210 2384 338 2416 ἀπλανῶς
357 2385 426 2420 πρὸς
440 2385 485 2411 τὸν
502 2387 681 2422 προκείμενον
697 2388 796 2414 σκοπὸν
813 2388 895 2413 ἀπευ-

116 2427 233 2460 θύνοντες
250 2430 298 2456 σὺν
313 2429 409 2465 ὁδηγίᾳ
424 2430 470 2456 τοῦ
484 2431 635 2467 κρείττονος
644 2431 692 2467 τὴν
707 2431 808 2467 τρίϐον,
822 2432 895 2463 ὅπως

117 2474 149 2510 μὴ
175 2475 264 2510 πάντη
290 2472 365 2511 ὦμεν
386 2476 505 2512 ἄκαρποι
525 2477 572 2504 καὶ
598 2478 752 2510 ἀσυντελεῖς
777 2478 845 2514 πρὸς
861 2478 894 2504 τὰ

116 2517 210 2545 δέοντα.
235 2519 312 2546 Ἐπεὶ
330 2517 375 2547 οὖν
393 2521 594 2557 συνεκλὴθησαν
611 2523 678 2558 πρὸς
699 2522 734 2549 τὰ
755 2523 834 2558 ἱερῶς
849 2532 894 2549 τε-

116 2563 227 2599 λούμενα
244 2565 378 2600 ἱερωσύνη
390 2574 419 2592 τε
434 2566 480 2592 καὶ
493 2568 659 2602 προφητεία,
678 2568 723 2594 καὶ
742 2570 895 2605 παρειστή-

146 2664 174 2702 '1
187 2664 207 2690 Il
221 2663 292 2702 [ἴσῃ.
320 2665 470 2702 ιξιιιηίᾋ
490 2666 530 2702 3‘
547 2665 632 2693 Exod.
656 2675 741 2699 xxxv,
764 2668 806 2695 i7.
845 2668 868 2683 “
889 2668 965 2695 Psal.
985 2677 1044 2702 Clll,
1065 2669 1093 2698 2.

947 2157 1104 2184 diosissima
1121 2156 1229 2189 concio,
1245 2163 1336 2184 senem
1352 2161 1477 2182 nostrum
1486 2153 1532 2181 Dei
1545 2156 1732 2188 susceptorem

947 2203 1078 2238 piumque
1092 2201 1242 2233 doctorem,
1262 2201 1315 2228 huc
1328 2201 1475 2229 salubriter
1489 2207 1504 2226 a
1518 2199 1643 2235 virginali
1657 2198 1732 2233 pela-

946 2257 981 2284 go
996 2249 1215 2283 adnavigantem,
1233 2247 1416 2282 suscipiamus
1429 2267 1436 2279 ,
1449 2247 1560 2282 jamque
1575 2246 1667 2273 divino
1682 2252 1733 2272 suo

947 2294 993 2321 illo
1005 2293 1142 2322 desiderio
1153 2297 1340 2321 exsaturatum
1354 2293 1456 2326 pariter
1465 2311 1472 2324 ,
1500 2299 1532 2318 ac
1547 2290 1731 2318 beatissimam

946 2340 1019 2367 illam
1039 2340 1201 2375 theologiam
1226 2339 1305 2367 nobis
1326 2338 1532 2370 advectantem,
1560 2344 1731 2369 recreemus;

946 2387 1054 2423 ipsique
1071 2394 1224 2414 sermonem
1239 2387 1375 2421 reliquum
1394 2393 1593 2420 prosequamur
1609 2384 1642 2411 ad
1663 2391 1732 2419 pra:-

947 2434 1070 2461 stitutum
1089 2434 1168 2461 nobis
1191 2441 1322 2468 scopum,
1348 2431 1393 2459 Dei
1420 2432 1515 2466 optimi
1537 2431 1639 2462 ductu,
1657 2433 1732 2457 certa

946 2479 1052 2507 ratione
1069 2486 1179 2506 cursum
1193 2478 1358 2513 dirigentes;
1375 2481 1406 2505 ut
1426 2484 1461 2504 ne
1483 2483 1615 2511 prorsus,
1640 2474 1673 2501 ad
1699 2482 1732 2501 ea

945 2532 1005 2559 qua:
1020 2525 1191 2556 incumbunt,
1208 2527 1235 2551 et
1249 2528 1405 2551 nostrarum
1418 2526 1482 2550 sunt
1497 2522 1630 2557 partium,
1644 2520 1733 2548 infru-

945 2571 1023 2606 giferi
1047 2571 1212 2605 inutilesque
1239 2569 1421 2596 inveniamur.
1447 2567 1515 2595 Cum
1534 2568 1625 2602 itaque
1643 2567 1676 2594 ad
1698 2574 1731 2595 ea

1145 2670 1168 2687 "
1186 2669 1243 2698 ler.
1265 2678 1353 2704 mn,
1372 2669 1418 2698 24.
1458 2669 1481 2686 ⁹⁶
1500 2668 1597 2704 Ephes.
1618 2676 1644 2697 vi
1657 2688 1666 2702 ,
1686 2668 1732 2698 16.

116 2699 134 2714 ’⁷
155 2698 236 2726 Exod.
257 2707 310 2731 xx,
334 2700 377 2726 12.
414 2700 437 2716 ⁸⁸
458 2701 467 2727 l
488 2701 556 2728 Tim.
579 2710 597 2734 ι,
618 2702 660 2731 17.
697 2703 720 2720 ⁹⁹
734 2703 890 2737 Baruclun,

958 2704 1001 2732 25.

147 2789 198 2825 (7"!)
214 2789 399 2823 Φιλαλήθεις.
415 2791 580 2828 Φιλαλήθεις.
