  <div class='ocr_page' id='page_1' title='image "/cluster/home/n/w/nwhite01/storage/ocr_20150623/18/njp.32101077772455/263.png"; bbox 0 0 1911 3072; ppageno 0'>
   <div class='ocr_carea' id='block_1_1' title="bbox 154 68 206 95">
    <p class='ocr_par' dir='ltr' id='par_1_1' title="bbox 154 68 206 95">
     <span class='ocr_line' id='line_1_1' title="bbox 154 68 206 95; baseline 0 0"><span class='ocrx_word' id='word_1_1' title='bbox 154 68 206 95; x_wconf 68' lang='grc'><strong>575</strong></span> 
     </span>
    </p>
   </div>
   <div class='ocr_carea' id='block_1_2' title="bbox 632 65 1279 94">
    <p class='ocr_par' dir='ltr' id='par_1_2' title="bbox 632 65 1279 94">
     <span class='ocr_line' id='line_1_2' title="bbox 632 65 1279 94; baseline 0.003 -2"><span class='ocrx_word' id='word_1_2' title='bbox 632 66 660 93; x_wconf 91' lang='lat' dir='ltr'><strong>S.</strong></span> <span class='ocrx_word' id='word_1_3' title='bbox 683 65 845 94; x_wconf 81' lang='lat' dir='ltr'><strong>METHODll</strong></span> <span class='ocrx_word' id='word_1_4' title='bbox 864 65 1018 93; x_wconf 82' lang='lat' dir='ltr'><strong>EPISCOP]</strong></span> <span class='ocrx_word' id='word_1_5' title='bbox 1040 66 1083 93; x_wconf 83' lang='lat' dir='ltr'>ET</span> <span class='ocrx_word' id='word_1_6' title='bbox 1103 66 1279 94; x_wconf 78' lang='lat' dir='ltr'><strong>MARTYRIS</strong></span> 
     </span>
    </p>
   </div>
   <div class='ocr_carea' id='block_1_3' title="bbox 1718 69 1772 97">
    <p class='ocr_par' dir='ltr' id='par_1_3' title="bbox 1718 69 1772 97">
     <span class='ocr_line' id='line_1_3' title="bbox 1718 69 1772 97; baseline 0 0"><span class='ocrx_word' id='word_1_7' title='bbox 1718 69 1772 97; x_wconf 77' lang='lat'><strong>576</strong></span> 
     </span>
    </p>
   </div>
   <div class='ocr_carea' id='block_1_4' title="bbox 153 126 941 164">
    <p class='ocr_par' dir='ltr' id='par_1_4' title="bbox 153 126 935 162">
     <span class='ocr_line' id='line_1_4' title="bbox 153 126 935 162; baseline -0.003 -6"><span class='ocrx_word' id='word_1_8' title='bbox 153 134 232 158; x_wconf 73' lang='lat' dir='ltr'><strong>sacra</strong></span> <span class='ocrx_word' id='word_1_9' title='bbox 245 148 251 160; x_wconf 93' lang='lat'><strong>,</strong></span> <span class='ocrx_word' id='word_1_10' title='bbox 265 126 461 155; x_wconf 71' lang='lat' dir='ltr'><strong>sacerdotium.</strong></span> <span class='ocrx_word' id='word_1_11' title='bbox 491 126 706 162; x_wconf 85' lang='lat' dir='ltr'><strong>prophetiaque.</strong></span> <span class='ocrx_word' id='word_1_12' title='bbox 724 128 824 162; x_wconf 84' lang='lat' dir='ltr'><strong>puriter</strong></span> <span class='ocrx_word' id='word_1_13' title='bbox 843 131 935 154; x_wconf 83' lang='lat' dir='ltr'><strong>vocata</strong></span> 
     </span>
    </p>
   </div>
   <div class='ocr_carea' id='block_1_5' title="bbox 994 126 1773 164">
    <p class='ocr_par' dir='ltr' id='par_1_5' title="bbox 994 127 1773 164">
     <span class='ocr_line' id='line_1_5' title="bbox 994 127 1773 164; baseline 0.001 -10"><span class='ocrx_word' id='word_1_14' title='bbox 994 136 1030 154; x_wconf 73' lang='grc' dir='ltr'>ιιει</span> <span class='ocrx_word' id='word_1_15' title='bbox 1045 127 1083 163; x_wconf 84' lang='grc' dir='ltr'>τῷ</span> <span class='ocrx_word' id='word_1_16' title='bbox 1107 127 1204 163; x_wconf 76' lang='grc' dir='ltr'>ἐνδόξῳ</span> <span class='ocrx_word' id='word_1_17' title='bbox 1218 129 1264 154; x_wconf 74' lang='grc' dir='ltr'><strong>καὶ</strong></span> <span class='ocrx_word' id='word_1_18' title='bbox 1286 127 1439 163; x_wconf 80' lang='grc' dir='ltr'>παρθενικῷ</span> <span class='ocrx_word' id='word_1_19' title='bbox 1465 127 1552 164; x_wconf 80' lang='grc' dir='ltr'>θρόνῳ</span> <span class='ocrx_word' id='word_1_20' title='bbox 1572 127 1687 162; x_wconf 76' lang='grc' dir='ltr'>ξυνωρὶς</span> <span class='ocrx_word' id='word_1_21' title='bbox 1709 128 1773 156; x_wconf 81' lang='grc' dir='ltr'>θεο-</span> 
     </span>
    </p>
   </div>
   <div class='ocr_carea' id='block_1_6' title="bbox 155 171 936 208">
    <p class='ocr_par' dir='ltr' id='par_1_6' title="bbox 155 171 936 208">
     <span class='ocr_line' id='line_1_6' title="bbox 155 171 936 208; baseline -0.001 -7"><span class='ocrx_word' id='word_1_22' title='bbox 155 177 247 201; x_wconf 85' lang='lat' dir='ltr'><strong>essent</strong></span> <span class='ocrx_word' id='word_1_23' title='bbox 261 172 433 208; x_wconf 81' lang='lat' dir='ltr'><strong>gloriosoque</strong></span> <span class='ocrx_word' id='word_1_24' title='bbox 449 171 570 206; x_wconf 68' lang='lat' dir='ltr'><strong>Virginis</strong></span> <span class='ocrx_word' id='word_1_25' title='bbox 581 172 691 204; x_wconf 87' lang='lat' dir='ltr'><strong>throno,</strong></span> <span class='ocrx_word' id='word_1_26' title='bbox 704 173 765 207; x_wconf 79' lang='lat' dir='ltr'><strong>biga</strong></span> <span class='ocrx_word' id='word_1_27' title='bbox 782 174 837 200; x_wconf 59' lang='lat' dir='ltr'><strong>haec</strong></span> <span class='ocrx_word' id='word_1_28' title='bbox 851 180 865 199; x_wconf 72' lang='grc' dir='ltr'><strong>ει</strong></span> <span class='ocrx_word' id='word_1_29' title='bbox 883 172 936 201; x_wconf 84' lang='lat' dir='ltr'><strong>Deo</strong></span> 
     </span>
    </p>
   </div>
   <div class='ocr_carea' id='block_1_7' title="bbox 155 217 934 253">
    <p class='ocr_par' dir='ltr' id='par_1_7' title="bbox 155 217 934 253">
     <span class='ocr_line' id='line_1_7' title="bbox 155 217 934 253; baseline -0.001 -7"><span class='ocrx_word' id='word_1_30' title='bbox 155 219 302 247; x_wconf 76' lang='lat' dir='ltr'><strong>electorum</strong></span> <span class='ocrx_word' id='word_1_31' title='bbox 320 218 473 252; x_wconf 84' lang='lat' dir='ltr'><strong>justorum;</strong></span> <span class='ocrx_word' id='word_1_32' title='bbox 493 217 638 251; x_wconf 84' lang='lat' dir='ltr'><strong>Simeonis,</strong></span> <span class='ocrx_word' id='word_1_33' title='bbox 657 218 778 253; x_wconf 87' lang='lat' dir='ltr'><strong>inquam,</strong></span> <span class='ocrx_word' id='word_1_34' title='bbox 797 223 824 246; x_wconf 87' lang='lat' dir='ltr'><strong>et</strong></span> <span class='ocrx_word' id='word_1_35' title='bbox 837 218 934 251; x_wconf 70' lang='lat' dir='ltr'><strong>Anum;</strong></span> 
     </span>
    </p>
   </div>
   <div class='ocr_carea' id='block_1_8' title="bbox 157 264 937 300">
    <p class='ocr_par' dir='ltr' id='par_1_8' title="bbox 157 264 937 300">
     <span class='ocr_line' id='line_1_8' title="bbox 157 264 937 300; baseline -0.001 -7"><span class='ocrx_word' id='word_1_36' title='bbox 157 265 343 300; x_wconf 87' lang='lat' dir='ltr'><strong>apertissimas</strong></span> <span class='ocrx_word' id='word_1_37' title='bbox 356 264 497 299; x_wconf 89' lang='lat' dir='ltr'><strong>utriusque</strong></span> <span class='ocrx_word' id='word_1_38' title='bbox 514 265 606 299; x_wconf 85' lang='lat' dir='ltr'><strong>populi</strong></span> <span class='ocrx_word' id='word_1_39' title='bbox 629 265 760 300; x_wconf 80' lang='lat' dir='ltr'><strong>imagines</strong></span> <span class='ocrx_word' id='word_1_40' title='bbox 782 265 808 291; x_wconf 94' lang='lat' dir='ltr'><strong>in</strong></span> <span class='ocrx_word' id='word_1_41' title='bbox 827 273 856 292; x_wconf 88' lang='lat' dir='ltr'><strong>se</strong></span> <span class='ocrx_word' id='word_1_42' title='bbox 868 273 937 300; x_wconf 69' lang='lat' dir='ltr'><strong>pra:-</strong></span> 
     </span>
    </p>
   </div>
   <div class='ocr_carea' id='block_1_9' title="bbox 156 309 937 345">
    <p class='ocr_par' dir='ltr' id='par_1_9' title="bbox 156 309 937 345">
     <span class='ocr_line' id='line_1_9' title="bbox 156 309 937 345; baseline -0.001 -6"><span class='ocrx_word' id='word_1_43' title='bbox 156 311 300 339; x_wconf 84' lang='lat' dir='ltr'><strong>ferentium</strong></span> <span class='ocrx_word' id='word_1_44' title='bbox 311 331 318 341; x_wconf 81' lang='lat'><em>.</em></span> <span class='ocrx_word' id='word_1_45' title='bbox 337 311 470 337; x_wconf 84' lang='lat' dir='ltr'><strong>astitissct</strong></span> <span class='ocrx_word' id='word_1_46' title='bbox 483 309 555 345; x_wconf 87' lang='lat' dir='ltr'><strong>(nam</strong></span> <span class='ocrx_word' id='word_1_47' title='bbox 571 318 653 338; x_wconf 77' lang='lat' dir='ltr'><strong>senex</strong></span> <span class='ocrx_word' id='word_1_48' title='bbox 665 311 773 345; x_wconf 88' lang='lat' dir='ltr'><strong>quidem</strong></span> <span class='ocrx_word' id='word_1_49' title='bbox 809 310 937 338; x_wconf 83' lang='lat' dir='ltr'><strong>Israeliti-</strong></span> 
     </span>
    </p>
   </div>
   <div class='ocr_carea' id='block_1_10' title="bbox 155 356 935 393">
    <p class='ocr_par' dir='ltr' id='par_1_10' title="bbox 155 356 935 393">
     <span class='ocr_line' id='line_1_10' title="bbox 155 356 935 393; baseline -0.003 -8"><span class='ocrx_word' id='word_1_50' title='bbox 155 366 216 386; x_wconf 90' lang='lat' dir='ltr'><strong>cum</strong></span> <span class='ocrx_word' id='word_1_51' title='bbox 235 358 380 393; x_wconf 79' lang='lat' dir='ltr'><strong>populum.</strong></span> <span class='ocrx_word' id='word_1_52' title='bbox 397 357 507 392; x_wconf 83' lang='lat' dir='ltr'><strong>jamque</strong></span> <span class='ocrx_word' id='word_1_53' title='bbox 531 361 716 384; x_wconf 87' lang='lat' dir='ltr'><strong>senescentem</strong></span> <span class='ocrx_word' id='word_1_54' title='bbox 732 361 759 383; x_wconf 87' lang='lat' dir='ltr'><strong>et</strong></span> <span class='ocrx_word' id='word_1_55' title='bbox 770 356 875 384; x_wconf 73' lang='lat' dir='ltr'><strong>eﬂ‘etam</strong></span> <span class='ocrx_word' id='word_1_56' title='bbox 896 357 935 383; x_wconf 90' lang='lat' dir='ltr'><strong>le—</strong></span> 
     </span>
    </p>
   </div>
   <div class='ocr_carea' id='block_1_11' title="bbox 155 401 935 438">
    <p class='ocr_par' dir='ltr' id='par_1_11' title="bbox 155 401 935 438">
     <span class='ocr_line' id='line_1_11' title="bbox 155 401 935 438; baseline -0.003 -8"><span class='ocrx_word' id='word_1_57' title='bbox 155 411 214 438; x_wconf 79' lang='lat' dir='ltr'><strong>gem</strong></span> <span class='ocrx_word' id='word_1_58' title='bbox 237 402 397 434; x_wconf 80' lang='lat' dir='ltr'><strong>exhibebat;</strong></span> <span class='ocrx_word' id='word_1_59' title='bbox 423 401 502 429; x_wconf 87' lang='lat' dir='ltr'><strong>vidua</strong></span> <span class='ocrx_word' id='word_1_60' title='bbox 524 406 612 428; x_wconf 89' lang='lat' dir='ltr'><strong>autem</strong></span> <span class='ocrx_word' id='word_1_61' title='bbox 642 401 790 429; x_wconf 80' lang='lat' dir='ltr'><strong>Ecclesiam</strong></span> <span class='ocrx_word' id='word_1_62' title='bbox 817 403 935 437; x_wconf 76' lang='lat' dir='ltr'><strong>gentium</strong></span> 
     </span>
    </p>
   </div>
   <div class='ocr_carea' id='block_1_12' title="bbox 155 446 937 481">
    <p class='ocr_par' dir='ltr' id='par_1_12' title="bbox 155 446 937 481">
     <span class='ocr_line' id='line_1_12' title="bbox 155 446 937 481; baseline -0.004 -6"><span class='ocrx_word' id='word_1_63' title='bbox 155 451 269 476; x_wconf 84' lang='lat' dir='ltr'><strong>eatenus</strong></span> <span class='ocrx_word' id='word_1_64' title='bbox 282 446 428 481; x_wconf 85' lang='lat' dir='ltr'><strong>viduam),</strong></span> <span class='ocrx_word' id='word_1_65' title='bbox 446 454 528 474; x_wconf 84' lang='lat' dir='ltr'><strong>senex</strong></span> <span class='ocrx_word' id='word_1_66' title='bbox 541 446 665 481; x_wconf 89' lang='lat' dir='ltr'><strong>quidem,</strong></span> <span class='ocrx_word' id='word_1_67' title='bbox 682 454 731 473; x_wconf 86' lang='lat' dir='ltr'><strong>ceu</strong></span> <span class='ocrx_word' id='word_1_68' title='bbox 750 447 776 473; x_wconf 93' lang='lat' dir='ltr'><strong>in</strong></span> <span class='ocrx_word' id='word_1_69' title='bbox 796 447 864 481; x_wconf 76' lang='lat' dir='ltr'><strong>legis</strong></span> <span class='ocrx_word' id='word_1_70' title='bbox 877 455 937 481; x_wconf 88' lang='lat' dir='ltr'><strong>pcr-</strong></span> 
     </span>
    </p>
   </div>
   <div class='ocr_carea' id='block_1_13' title="bbox 157 491 936 526">
    <p class='ocr_par' dir='ltr' id='par_1_13' title="bbox 157 491 936 526">
     <span class='ocr_line' id='line_1_13' title="bbox 157 491 936 526; baseline -0.003 -6"><span class='ocrx_word' id='word_1_71' title='bbox 157 501 242 524; x_wconf 86' lang='lat' dir='ltr'><strong>sona,</strong></span> <span class='ocrx_word' id='word_1_72' title='bbox 269 492 455 520; x_wconf 88' lang='lat' dir='ltr'><strong>dimissionem</strong></span> <span class='ocrx_word' id='word_1_73' title='bbox 477 492 633 526; x_wconf 64' lang='lat' dir='ltr'><strong>quaerebat;</strong></span> <span class='ocrx_word' id='word_1_74' title='bbox 651 491 731 518; x_wconf 88' lang='lat' dir='ltr'><strong>vidua</strong></span> <span class='ocrx_word' id='word_1_75' title='bbox 750 496 839 519; x_wconf 85' lang='lat' dir='ltr'><strong>autem</strong></span> <span class='ocrx_word' id='word_1_76' title='bbox 854 512 861 523; x_wconf 87' lang='lat'><strong>,</strong></span> <span class='ocrx_word' id='word_1_77' title='bbox 887 500 936 519; x_wconf 90' lang='lat' dir='ltr'><strong>ceu</strong></span> 
     </span>
    </p>
   </div>
   <div class='ocr_carea' id='block_1_14' title="bbox 157 537 937 573">
    <p class='ocr_par' dir='ltr' id='par_1_14' title="bbox 157 537 937 573">
     <span class='ocr_line' id='line_1_14' title="bbox 157 537 937 573; baseline -0.003 -7"><span class='ocrx_word' id='word_1_78' title='bbox 157 538 284 566; x_wconf 70' lang='lat' dir='ltr'><strong>Ecclesiae</strong></span> <span class='ocrx_word' id='word_1_79' title='bbox 298 545 441 573; x_wconf 77' lang='lat' dir='ltr'><strong>personam</strong></span> <span class='ocrx_word' id='word_1_80' title='bbox 454 545 561 572; x_wconf 78' lang='lat' dir='ltr'><strong>gerens,</strong></span> <span class='ocrx_word' id='word_1_81' title='bbox 572 537 771 564; x_wconf 89' lang='lat' dir='ltr'><strong>confessionem</strong></span> <span class='ocrx_word' id='word_1_82' title='bbox 786 540 880 564; x_wconf 79' lang='lat' dir='ltr'><strong>contra</strong></span> <span class='ocrx_word' id='word_1_83' title='bbox 896 537 937 564; x_wconf 89' lang='lat' dir='ltr'><strong>af-</strong></span> 
     </span>
    </p>
   </div>
   <div class='ocr_carea' id='block_1_15' title="bbox 158 582 938 619">
    <p class='ocr_par' dir='ltr' id='par_1_15' title="bbox 158 582 938 619">
     <span class='ocr_line' id='line_1_15' title="bbox 158 582 938 619; baseline -0.001 -8"><span class='ocrx_word' id='word_1_84' title='bbox 158 584 261 611; x_wconf 78' lang='lat' dir='ltr'><strong>ferebat</strong></span> <span class='ocrx_word' id='word_1_85' title='bbox 278 584 298 617; x_wconf 76' lang='lat'><strong>‘,</strong></span> <span class='ocrx_word' id='word_1_86' title='bbox 311 583 587 619; x_wconf 81' lang='lat' dir='ltr'><strong>exspectantibusque</strong></span> <span class='ocrx_word' id='word_1_87' title='bbox 612 583 825 617; x_wconf 80' lang='lat' dir='ltr'><strong>redemptionem</strong></span> <span class='ocrx_word' id='word_1_88' title='bbox 848 583 876 610; x_wconf 93' lang='lat' dir='ltr'><strong>in</strong></span> <span class='ocrx_word' id='word_1_89' title='bbox 893 582 938 610; x_wconf 80' lang='lat' dir='ltr'><strong>Je-</strong></span> 
     </span>
    </p>
   </div>
   <div class='ocr_carea' id='block_1_16' title="bbox 157 628 938 664">
    <p class='ocr_par' dir='ltr' id='par_1_16' title="bbox 157 628 938 664">
     <span class='ocr_line' id='line_1_16' title="bbox 157 628 938 664; baseline 0 -8"><span class='ocrx_word' id='word_1_90' title='bbox 157 630 291 662; x_wconf 88' lang='lat' dir='ltr'><strong>rusalem,</strong></span> <span class='ocrx_word' id='word_1_91' title='bbox 318 637 378 664; x_wconf 66' lang='lat' dir='ltr'><strong>quae</strong></span> <span class='ocrx_word' id='word_1_92' title='bbox 398 629 431 656; x_wconf 91' lang='lat' dir='ltr'><strong>de</strong></span> <span class='ocrx_word' id='word_1_93' title='bbox 449 629 507 663; x_wconf 87' lang='lat' dir='ltr'><strong>ipso</strong></span> <span class='ocrx_word' id='word_1_94' title='bbox 526 633 603 655; x_wconf 77' lang='lat' dir='ltr'><strong>erant</strong></span> <span class='ocrx_word' id='word_1_95' title='bbox 617 628 761 655; x_wconf 86' lang='lat' dir='ltr'><strong>edicebat:</strong></span> <span class='ocrx_word' id='word_1_96' title='bbox 778 628 848 655; x_wconf 85' lang='lat' dir='ltr'><strong>sicut</strong></span> <span class='ocrx_word' id='word_1_97' title='bbox 869 629 938 656; x_wconf 88' lang='lat' dir='ltr'><strong>bene</strong></span> 
     </span>
    </p>
   </div>
   <div class='ocr_carea' id='block_1_17' title="bbox 159 673 936 710">
    <p class='ocr_par' dir='ltr' id='par_1_17' title="bbox 159 673 936 710">
     <span class='ocr_line' id='line_1_17' title="bbox 159 673 936 710; baseline 0 -9"><span class='ocrx_word' id='word_1_98' title='bbox 159 680 241 710; x_wconf 81' lang='lat' dir='ltr'><strong>atque</strong></span> <span class='ocrx_word' id='word_1_99' title='bbox 255 675 378 710; x_wconf 87' lang='lat' dir='ltr'><strong>apposite</strong></span> <span class='ocrx_word' id='word_1_100' title='bbox 392 682 423 701; x_wconf 88' lang='lat' dir='ltr'><strong>ac</strong></span> <span class='ocrx_word' id='word_1_101' title='bbox 436 674 513 701; x_wconf 89' lang='lat' dir='ltr'><strong>valde</strong></span> <span class='ocrx_word' id='word_1_102' title='bbox 525 673 632 708; x_wconf 79' lang='lat' dir='ltr'><strong>egregie</strong></span> <span class='ocrx_word' id='word_1_103' title='bbox 643 695 650 706; x_wconf 86' lang='lat'><strong>,</strong></span> <span class='ocrx_word' id='word_1_104' title='bbox 664 678 691 701; x_wconf 83' lang='lat' dir='ltr'><strong>et</strong></span> <span class='ocrx_word' id='word_1_105' title='bbox 708 674 776 701; x_wconf 85' lang='lat' dir='ltr'><strong>festo</strong></span> <span class='ocrx_word' id='word_1_106' title='bbox 789 674 854 701; x_wconf 87' lang='lat' dir='ltr'><strong>huic</strong></span> <span class='ocrx_word' id='word_1_107' title='bbox 874 682 936 701; x_wconf 92' lang='lat' dir='ltr'><strong>cum</strong></span> 
     </span>
    </p>
   </div>
   <div class='ocr_carea' id='block_1_18' title="bbox 157 719 935 756">
    <p class='ocr_par' dir='ltr' id='par_1_18' title="bbox 157 719 935 756">
     <span class='ocr_line' id='line_1_18' title="bbox 157 719 935 756; baseline -0.001 -8"><span class='ocrx_word' id='word_1_108' title='bbox 157 722 253 756; x_wconf 85' lang='lat' dir='ltr'><strong>primis</strong></span> <span class='ocrx_word' id='word_1_109' title='bbox 267 728 396 756; x_wconf 78' lang='lat' dir='ltr'><strong>congrum,</strong></span> <span class='ocrx_word' id='word_1_110' title='bbox 409 721 443 747; x_wconf 89' lang='lat' dir='ltr'><strong>ab</strong></span> <span class='ocrx_word' id='word_1_111' title='bbox 462 726 576 755; x_wconf 86' lang='lat' dir='ltr'><strong>utroque</strong></span> <span class='ocrx_word' id='word_1_112' title='bbox 590 719 675 753; x_wconf 88' lang='lat' dir='ltr'><strong>dicta,</strong></span> <span class='ocrx_word' id='word_1_113' title='bbox 689 720 843 754; x_wconf 88' lang='lat' dir='ltr'><strong>conscripta</strong></span> <span class='ocrx_word' id='word_1_114' title='bbox 863 724 935 747; x_wconf 92' lang='lat' dir='ltr'><strong>sunt.</strong></span> 
     </span>
    </p>
   </div>
   <div class='ocr_carea' id='block_1_19' title="bbox 157 767 937 802">
    <p class='ocr_par' dir='ltr' id='par_1_19' title="bbox 157 767 937 802">
     <span class='ocr_line' id='line_1_19' title="bbox 157 767 937 802; baseline -0.001 -8"><span class='ocrx_word' id='word_1_115' title='bbox 157 767 304 802; x_wconf 79' lang='lat' dir='ltr'><strong>Oportebat</strong></span> <span class='ocrx_word' id='word_1_116' title='bbox 320 767 391 794; x_wconf 90' lang='lat' dir='ltr'><strong>enim</strong></span> <span class='ocrx_word' id='word_1_117' title='bbox 415 774 446 793; x_wconf 93' lang='lat' dir='ltr'><strong>ac</strong></span> <span class='ocrx_word' id='word_1_118' title='bbox 465 767 543 800; x_wconf 82' lang='lat' dir='ltr'><strong>plane</strong></span> <span class='ocrx_word' id='word_1_119' title='bbox 557 773 700 793; x_wconf 83' lang='lat' dir='ltr'><strong>necessum</strong></span> <span class='ocrx_word' id='word_1_120' title='bbox 714 770 791 798; x_wconf 90' lang='lat' dir='ltr'><strong>erat,</strong></span> <span class='ocrx_word' id='word_1_121' title='bbox 807 770 837 793; x_wconf 91' lang='lat' dir='ltr'><strong>ut</strong></span> <span class='ocrx_word' id='word_1_122' title='bbox 853 773 937 794; x_wconf 75' lang='lat' dir='ltr'><strong>senex</strong></span> 
     </span>
    </p>
   </div>
   <div class='ocr_carea' id='block_1_20' title="bbox 987 173 1760 210">
    <p class='ocr_par' dir='ltr' id='par_1_20' title="bbox 987 173 1760 210">
     <span class='ocr_line' id='line_1_20' title="bbox 987 173 1760 210; baseline 0.003 -11"><span class='ocrx_word' id='word_1_123' title='bbox 987 174 1093 208; x_wconf 82' lang='grc' dir='ltr'>κλήτων</span> <span class='ocrx_word' id='word_1_124' title='bbox 1105 173 1228 206; x_wconf 78' lang='grc' dir='ltr'>δικαίων,</span> <span class='ocrx_word' id='word_1_125' title='bbox 1257 174 1398 208; x_wconf 85' lang='grc' dir='ltr'>Συμεῶνός</span> <span class='ocrx_word' id='word_1_126' title='bbox 1414 182 1483 209; x_wconf 84' lang='grc' dir='ltr'>φημι</span> <span class='ocrx_word' id='word_1_127' title='bbox 1495 174 1541 200; x_wconf 78' lang='grc' dir='ltr'><strong>καὶ</strong></span> <span class='ocrx_word' id='word_1_128' title='bbox 1554 175 1662 210; x_wconf 80' lang='grc' dir='ltr'><strong>Ι’Λννης,</strong></span> <span class='ocrx_word' id='word_1_129' title='bbox 1677 175 1760 201; x_wconf 72' lang='grc' dir='ltr'>ἐκατέ</span> 
     </span>
    </p>
   </div>
   <div class='ocr_carea' id='block_1_21' title="bbox 987 218 1773 255">
    <p class='ocr_par' dir='ltr' id='par_1_21' title="bbox 987 218 1773 255">
     <span class='ocr_line' id='line_1_21' title="bbox 987 218 1773 255; baseline 0.001 -10"><span class='ocrx_word' id='word_1_130' title='bbox 987 228 1041 255; x_wconf 82' lang='grc' dir='ltr'><strong>ρων</strong></span> <span class='ocrx_word' id='word_1_131' title='bbox 1056 219 1108 246; x_wconf 81' lang='grc' dir='ltr'><strong>τῶν</strong></span> <span class='ocrx_word' id='word_1_132' title='bbox 1123 219 1193 245; x_wconf 83' lang='grc' dir='ltr'>λαῶν</span> <span class='ocrx_word' id='word_1_133' title='bbox 1215 218 1412 254; x_wconf 71' lang='grc' dir='ltr'>ἐναργεστάτας</span> <span class='ocrx_word' id='word_1_134' title='bbox 1434 219 1569 255; x_wconf 81' lang='grc' dir='ltr'><strong>φερόντων</strong></span> <span class='ocrx_word' id='word_1_135' title='bbox 1591 219 1640 251; x_wconf 72' lang='grc' dir='ltr'>τὰς</span> <span class='ocrx_word' id='word_1_136' title='bbox 1662 220 1773 252; x_wconf 71' lang='grc' dir='ltr'>εἰκόνας</span> 
     </span>
    </p>
   </div>
   <div class='ocr_carea' id='block_1_22' title="bbox 987 264 1772 301">
    <p class='ocr_par' dir='ltr' id='par_1_22' title="bbox 987 264 1772 301">
     <span class='ocr_line' id='line_1_22' title="bbox 987 264 1772 301; baseline 0 -9"><span class='ocrx_word' id='word_1_137' title='bbox 987 266 1017 300; x_wconf 86' lang='grc' dir='ltr'><strong>(ὁ</strong></span> <span class='ocrx_word' id='word_1_138' title='bbox 1034 266 1083 300; x_wconf 78' lang='grc' dir='ltr'>μὲν</span> <span class='ocrx_word' id='word_1_139' title='bbox 1098 265 1262 301; x_wconf 72' lang='grc' dir='ltr'>πρεσϐύτης,</span> <span class='ocrx_word' id='word_1_140' title='bbox 1280 265 1325 291; x_wconf 85' lang='grc' dir='ltr'>τοῦ</span> <span class='ocrx_word' id='word_1_141' title='bbox 1347 264 1453 300; x_wconf 84' lang='grc' dir='ltr'>Ἰσραὴλ</span> <span class='ocrx_word' id='word_1_142' title='bbox 1471 265 1517 291; x_wconf 77' lang='grc' dir='ltr'>καὶ</span> <span class='ocrx_word' id='word_1_143' title='bbox 1536 265 1582 292; x_wconf 86' lang='grc' dir='ltr'>τοῦ</span> <span class='ocrx_word' id='word_1_144' title='bbox 1597 266 1772 301; x_wconf 75' lang='grc' dir='ltr'><strong>γηράσαντος</strong></span> 
     </span>
    </p>
   </div>
   <div class='ocr_carea' id='block_1_23' title="bbox 986 310 1774 346">
    <p class='ocr_par' dir='ltr' id='par_1_23' title="bbox 986 310 1774 346">
     <span class='ocr_line' id='line_1_23' title="bbox 986 310 1774 346; baseline 0 -9"><span class='ocrx_word' id='word_1_145' title='bbox 986 312 1066 346; x_wconf 79' lang='grc' dir='ltr'>νόμου</span> <span class='ocrx_word' id='word_1_146' title='bbox 1077 319 1084 325; x_wconf 73' lang='grc'><strong><em>⁸</em></strong></span> <span class='ocrx_word' id='word_1_147' title='bbox 1101 312 1117 345; x_wconf 89' lang='grc' dir='ltr'><strong>ἡ</strong></span> <span class='ocrx_word' id='word_1_148' title='bbox 1134 311 1161 337; x_wconf 80' lang='grc' dir='ltr'>δὲ</span> <span class='ocrx_word' id='word_1_149' title='bbox 1178 311 1259 346; x_wconf 72' lang='grc' dir='ltr'>χήρα,</span> <span class='ocrx_word' id='word_1_150' title='bbox 1273 311 1322 346; x_wconf 75' lang='grc' dir='ltr'><strong>τῆς</strong></span> <span class='ocrx_word' id='word_1_151' title='bbox 1340 310 1369 342; x_wconf 79' lang='grc' dir='ltr'>ἐξ</span> <span class='ocrx_word' id='word_1_152' title='bbox 1382 310 1464 336; x_wconf 76' lang='grc' dir='ltr'>ἐθνῶν</span> <span class='ocrx_word' id='word_1_153' title='bbox 1478 311 1565 346; x_wconf 86' lang='grc' dir='ltr'>χήρας</span> <span class='ocrx_word' id='word_1_154' title='bbox 1581 310 1611 337; x_wconf 82' lang='grc' dir='ltr'>τὸ</span> <span class='ocrx_word' id='word_1_155' title='bbox 1621 311 1774 346; x_wconf 78' lang='grc' dir='ltr'>τηνικαῦτα</span> 
     </span>
    </p>
   </div>
   <div class='ocr_carea' id='block_1_24' title="bbox 993 355 1774 392">
    <p class='ocr_par' dir='ltr' id='par_1_24' title="bbox 993 355 1774 392">
     <span class='ocr_line' id='line_1_24' title="bbox 993 355 1774 392; baseline 0 -9"><span class='ocrx_word' id='word_1_156' title='bbox 993 356 1171 391; x_wconf 83' lang='grc' dir='ltr'>Ἐκκλησίας)</span> <span class='ocrx_word' id='word_1_157' title='bbox 1185 365 1191 371; x_wconf 90' lang='grc'>·</span> <span class='ocrx_word' id='word_1_158' title='bbox 1207 357 1220 382; x_wconf 87' lang='grc' dir='ltr'>ὁ</span> <span class='ocrx_word' id='word_1_159' title='bbox 1238 356 1286 391; x_wconf 86' lang='grc' dir='ltr'><strong>μὲν</strong></span> <span class='ocrx_word' id='word_1_160' title='bbox 1307 355 1354 382; x_wconf 75' lang='grc' dir='ltr'>οὖν</span> <span class='ocrx_word' id='word_1_161' title='bbox 1374 357 1527 392; x_wconf 78' lang='grc' dir='ltr'>πρεσϐύτης</span> <span class='ocrx_word' id='word_1_162' title='bbox 1548 357 1774 392; x_wconf 79' lang='grc' dir='ltr'>προσωποποιοὺ-</span> 
     </span>
    </p>
   </div>
   <div class='ocr_carea' id='block_1_25' title="bbox 989 402 1774 438">
    <p class='ocr_par' dir='ltr' id='par_1_25' title="bbox 989 402 1774 438">
     <span class='ocr_line' id='line_1_25' title="bbox 989 402 1774 438; baseline 0.003 -10"><span class='ocrx_word' id='word_1_163' title='bbox 989 411 1067 437; x_wconf 89' lang='grc' dir='ltr'>μενος</span> <span class='ocrx_word' id='word_1_164' title='bbox 1083 403 1128 429; x_wconf 83' lang='grc' dir='ltr'>τὸν</span> <span class='ocrx_word' id='word_1_165' title='bbox 1155 402 1245 437; x_wconf 83' lang='grc' dir='ltr'>νόμον,</span> <span class='ocrx_word' id='word_1_166' title='bbox 1265 402 1312 438; x_wconf 79' lang='grc' dir='ltr'>τὴν</span> <span class='ocrx_word' id='word_1_167' title='bbox 1338 403 1468 429; x_wconf 75' lang='grc' dir='ltr'>ἀπόλυσιν</span> <span class='ocrx_word' id='word_1_168' title='bbox 1489 403 1627 438; x_wconf 81' lang='grc' dir='ltr'>ὲξεζήτει·</span> <span class='ocrx_word' id='word_1_169' title='bbox 1645 404 1661 438; x_wconf 82' lang='grc' dir='ltr'>ἡ</span> <span class='ocrx_word' id='word_1_170' title='bbox 1677 403 1706 430; x_wconf 78' lang='grc' dir='ltr'>δὲ</span> <span class='ocrx_word' id='word_1_171' title='bbox 1722 404 1774 438; x_wconf 76' lang='grc' dir='ltr'>τῆς</span> 
     </span>
    </p>
   </div>
   <div class='ocr_carea' id='block_1_26' title="bbox 995 448 1773 484">
    <p class='ocr_par' dir='ltr' id='par_1_26' title="bbox 995 448 1773 484">
     <span class='ocr_line' id='line_1_26' title="bbox 995 448 1773 484; baseline 0.001 -10"><span class='ocrx_word' id='word_1_172' title='bbox 995 448 1155 483; x_wconf 87' lang='grc' dir='ltr'>Ἐκκλησίας</span> <span class='ocrx_word' id='word_1_173' title='bbox 1171 449 1376 484; x_wconf 73' lang='grc' dir='ltr'>προσωποποιὸς</span> <span class='ocrx_word' id='word_1_174' title='bbox 1391 449 1438 484; x_wconf 80' lang='grc' dir='ltr'>τὴν</span> <span class='ocrx_word' id='word_1_175' title='bbox 1457 449 1670 484; x_wconf 78' lang='grc' dir='ltr'>ὰνθομολόγησιν</span> <span class='ocrx_word' id='word_1_176' title='bbox 1685 457 1773 484; x_wconf 80' lang='grc' dir='ltr'>προσ-</span> 
     </span>
    </p>
   </div>
   <div class='ocr_carea' id='block_1_27' title="bbox 987 493 1773 529">
    <p class='ocr_par' dir='ltr' id='par_1_27' title="bbox 987 493 1773 529">
     <span class='ocr_line' id='line_1_27' title="bbox 987 493 1773 529; baseline 0 -9"><span class='ocrx_word' id='word_1_177' title='bbox 987 493 1096 529; x_wconf 80' lang='grc' dir='ltr'>εκόμιζε</span> <span class='ocrx_word' id='word_1_178' title='bbox 1114 493 1181 529; x_wconf 78' lang='grc'>(75),</span> <span class='ocrx_word' id='word_1_179' title='bbox 1203 494 1248 520; x_wconf 68' lang='grc' dir='ltr'><strong>καὶ</strong></span> <span class='ocrx_word' id='word_1_180' title='bbox 1263 495 1318 525; x_wconf 85' lang='grc' dir='ltr'>τοῖς</span> <span class='ocrx_word' id='word_1_181' title='bbox 1336 493 1561 529; x_wconf 79' lang='grc' dir='ltr'><strong>ἀπεκδεχομένοις</strong></span> <span class='ocrx_word' id='word_1_182' title='bbox 1584 494 1718 529; x_wconf 73' lang='grc' dir='ltr'><strong>λύτρωσιν</strong></span> <span class='ocrx_word' id='word_1_183' title='bbox 1743 494 1773 519; x_wconf 79' lang='grc' dir='ltr'>ἐν</span> 
     </span>
    </p>
   </div>
   <div class='ocr_carea' id='block_1_28' title="bbox 993 539 1776 575">
    <p class='ocr_par' dir='ltr' id='par_1_28' title="bbox 993 539 1776 575">
     <span class='ocr_line' id='line_1_28' title="bbox 993 539 1776 575; baseline -0.001 -9"><span class='ocrx_word' id='word_1_184' title='bbox 993 539 1168 575; x_wconf 81' lang='grc' dir='ltr'>Ἰερουσαλὴμ</span> <span class='ocrx_word' id='word_1_185' title='bbox 1190 539 1225 565; x_wconf 78' lang='grc' dir='ltr'>τὰ</span> <span class='ocrx_word' id='word_1_186' title='bbox 1248 541 1312 575; x_wconf 80' lang='grc' dir='ltr'>περὶ</span> <span class='ocrx_word' id='word_1_187' title='bbox 1333 539 1413 566; x_wconf 79' lang='grc' dir='ltr'>αὑτοῦ</span> <span class='ocrx_word' id='word_1_188' title='bbox 1433 539 1537 566; x_wconf 78' lang='grc' dir='ltr'><strong>ἐλάλει·</strong></span> <span class='ocrx_word' id='word_1_189' title='bbox 1559 539 1649 570; x_wconf 84' lang='grc' dir='ltr'>καθὼς</span> <span class='ocrx_word' id='word_1_190' title='bbox 1668 540 1776 574; x_wconf 81' lang='grc' dir='ltr'>γέγρα-</span> 
     </span>
    </p>
   </div>
   <div class='ocr_carea' id='block_1_29' title="bbox 987 584 1777 621">
    <p class='ocr_par' dir='ltr' id='par_1_29' title="bbox 987 584 1777 621">
     <span class='ocr_line' id='line_1_29' title="bbox 987 584 1777 621; baseline -0.003 -9"><span class='ocrx_word' id='word_1_191' title='bbox 987 595 1052 612; x_wconf 86' lang='grc' dir='ltr'>πται</span> <span class='ocrx_word' id='word_1_192' title='bbox 1068 584 1098 612; x_wconf 81' lang='grc' dir='ltr'><strong>εὖ</strong></span> <span class='ocrx_word' id='word_1_193' title='bbox 1121 585 1193 621; x_wconf 86' lang='grc' dir='ltr'>μάλα</span> <span class='ocrx_word' id='word_1_194' title='bbox 1212 586 1347 621; x_wconf 81' lang='grc' dir='ltr'><strong>ἁρμοδίως</strong></span> <span class='ocrx_word' id='word_1_195' title='bbox 1362 586 1408 612; x_wconf 74' lang='grc' dir='ltr'><strong>καὶ</strong></span> <span class='ocrx_word' id='word_1_196' title='bbox 1422 585 1566 620; x_wconf 81' lang='grc' dir='ltr'><strong>ὑπερφυῶς</strong></span> <span class='ocrx_word' id='word_1_197' title='bbox 1583 584 1617 611; x_wconf 78' lang='grc' dir='ltr'>τὰ</span> <span class='ocrx_word' id='word_1_198' title='bbox 1628 586 1692 620; x_wconf 79' lang='grc' dir='ltr'>παρ’</span> <span class='ocrx_word' id='word_1_199' title='bbox 1712 585 1777 610; x_wconf 78' lang='grc' dir='ltr'>ἐκα-</span> 
     </span>
    </p>
   </div>
   <div class='ocr_carea' id='block_1_30' title="bbox 987 628 1776 667">
    <p class='ocr_par' dir='ltr' id='par_1_30' title="bbox 987 628 1776 667">
     <span class='ocr_line' id='line_1_30' title="bbox 987 628 1776 667; baseline -0.003 -9"><span class='ocrx_word' id='word_1_200' title='bbox 987 632 1076 667; x_wconf 76' lang='grc' dir='ltr'>τέροις</span> <span class='ocrx_word' id='word_1_201' title='bbox 1086 631 1247 667; x_wconf 75' lang='grc' dir='ltr'><strong>λαλούμενα,</strong></span> <span class='ocrx_word' id='word_1_202' title='bbox 1257 631 1303 658; x_wconf 69' lang='grc' dir='ltr'><strong>καὶ</strong></span> <span class='ocrx_word' id='word_1_203' title='bbox 1317 633 1349 666; x_wconf 85' lang='grc' dir='ltr'>τῇ</span> <span class='ocrx_word' id='word_1_204' title='bbox 1364 632 1424 666; x_wconf 78' lang='grc' dir='ltr'>ἱερᾷ</span> <span class='ocrx_word' id='word_1_205' title='bbox 1435 631 1527 666; x_wconf 82' lang='grc' dir='ltr'>τελετῇ</span> <span class='ocrx_word' id='word_1_206' title='bbox 1543 631 1634 666; x_wconf 72' lang='grc' dir='ltr'>σύμφη</span> <span class='ocrx_word' id='word_1_207' title='bbox 1640 638 1687 665; x_wconf 79' lang='grc' dir='ltr'>μα.</span> <span class='ocrx_word' id='word_1_208' title='bbox 1699 628 1776 656; x_wconf 81' lang='grc' dir='ltr'>Ἔδει</span> 
     </span>
    </p>
   </div>
   <div class='ocr_carea' id='block_1_31' title="bbox 987 675 1777 713">
    <p class='ocr_par' dir='ltr' id='par_1_31' title="bbox 987 675 1777 713">
     <span class='ocr_line' id='line_1_31' title="bbox 987 675 1777 713; baseline -0.001 -10"><span class='ocrx_word' id='word_1_209' title='bbox 987 677 1051 713; x_wconf 73' lang='grc' dir='ltr'>γὰρ,</span> <span class='ocrx_word' id='word_1_210' title='bbox 1069 677 1122 703; x_wconf 77' lang='grc' dir='ltr'>ἔδει</span> <span class='ocrx_word' id='word_1_211' title='bbox 1140 677 1231 712; x_wconf 75' lang='grc' dir='ltr'>σαφῶς</span> <span class='ocrx_word' id='word_1_212' title='bbox 1246 677 1290 703; x_wconf 77' lang='grc' dir='ltr'><strong>τὸν</strong></span> <span class='ocrx_word' id='word_1_213' title='bbox 1312 677 1360 712; x_wconf 81' lang='grc' dir='ltr'>μὲν</span> <span class='ocrx_word' id='word_1_214' title='bbox 1377 677 1530 712; x_wconf 80' lang='grc' dir='ltr'>πρεσϐύτην</span> <span class='ocrx_word' id='word_1_215' title='bbox 1546 677 1727 711; x_wconf 80' lang='grc' dir='ltr'>ἐπιστάμενον</span> <span class='ocrx_word' id='word_1_216' title='bbox 1744 675 1777 702; x_wconf 74' lang='grc' dir='ltr'>τὸ</span> 
     </span>
    </p>
   </div>
   <div class='ocr_carea' id='block_1_32' title="bbox 987 720 1774 758">
    <p class='ocr_par' dir='ltr' id='par_1_32' title="bbox 987 720 1774 758">
     <span class='ocr_line' id='line_1_32' title="bbox 987 720 1774 758; baseline -0.004 -8"><span class='ocrx_word' id='word_1_217' title='bbox 987 724 1090 758; x_wconf 79' lang='grc' dir='ltr'>φάσκον</span> <span class='ocrx_word' id='word_1_218' title='bbox 1102 723 1147 749; x_wconf 79' lang='grc' dir='ltr'><strong>τοῦ</strong></span> <span class='ocrx_word' id='word_1_219' title='bbox 1164 723 1245 758; x_wconf 85' lang='grc' dir='ltr'>νόμου</span> <span class='ocrx_word' id='word_1_220' title='bbox 1266 723 1416 758; x_wconf 79' lang='grc' dir='ltr'><strong>διάταγμα,</strong></span> <span class='ocrx_word' id='word_1_221' title='bbox 1434 722 1531 750; x_wconf 80' lang='grc' dir='ltr'>Αὑτοῦ</span> <span class='ocrx_word' id='word_1_222' title='bbox 1553 722 1692 748; x_wconf 80' lang='grc' dir='ltr'>ἁκούετε’</span> <span class='ocrx_word' id='word_1_223' title='bbox 1708 720 1774 748; x_wconf 73' lang='grc' dir='ltr'>καί·</span> 
     </span>
    </p>
   </div>
   <div class='ocr_carea' id='block_1_33' title="bbox 988 767 1778 803">
    <p class='ocr_par' dir='ltr' id='par_1_33' title="bbox 988 767 1778 803">
     <span class='ocr_line' id='line_1_33' title="bbox 988 767 1778 803; baseline -0.003 -8"><span class='ocrx_word' id='word_1_224' title='bbox 988 767 1075 795; x_wconf 74' lang='grc' dir='ltr'>Πᾶσα</span> <span class='ocrx_word' id='word_1_225' title='bbox 1091 769 1175 803; x_wconf 71' lang='grc' dir='ltr'>ψυχὴ</span> <span class='ocrx_word' id='word_1_226' title='bbox 1199 769 1264 802; x_wconf 77' lang='grc' dir='ltr'>ἣτις</span> <span class='ocrx_word' id='word_1_227' title='bbox 1277 768 1315 795; x_wconf 86' lang='grc' dir='ltr'><strong>ἂν</strong></span> <span class='ocrx_word' id='word_1_228' title='bbox 1333 768 1376 802; x_wconf 76' lang='grc' dir='ltr'>μὴ</span> <span class='ocrx_word' id='word_1_229' title='bbox 1396 769 1513 801; x_wconf 76' lang='grc' dir='ltr'>ἀκούσῃ</span> <span class='ocrx_word' id='word_1_230' title='bbox 1538 768 1641 799; x_wconf 72' lang='grc' dir='ltr'>αὑτοῦ,</span> <span class='ocrx_word' id='word_1_231' title='bbox 1667 767 1778 798; x_wconf 71' lang='grc' dir='ltr'><strong>ἐξολο-</strong></span> 
     </span>
    </p>
   </div>
   <div class='ocr_carea' id='block_1_34' title="bbox 159 812 941 848">
    <p class='ocr_par' dir='ltr' id='par_1_34' title="bbox 159 812 935 848">
     <span class='ocr_line' id='line_1_34' title="bbox 159 812 935 848; baseline -0.003 -8"><span class='ocrx_word' id='word_1_232' title='bbox 159 813 286 847; x_wconf 85' lang='lat' dir='ltr'><strong>quidem,</strong></span> <span class='ocrx_word' id='word_1_233' title='bbox 303 812 348 848; x_wconf 85' lang='lat' dir='ltr'><strong>qui</strong></span> <span class='ocrx_word' id='word_1_234' title='bbox 370 812 437 847; x_wconf 76' lang='lat' dir='ltr'><strong>lcgis</strong></span> <span class='ocrx_word' id='word_1_235' title='bbox 455 812 519 839; x_wconf 87' lang='lat' dir='ltr'><strong>illud</strong></span> <span class='ocrx_word' id='word_1_236' title='bbox 538 812 635 840; x_wconf 90' lang='lat' dir='ltr'><strong>scitum</strong></span> <span class='ocrx_word' id='word_1_237' title='bbox 656 813 800 848; x_wconf 88' lang='lat' dir='ltr'><strong>perspicue</strong></span> <span class='ocrx_word' id='word_1_238' title='bbox 825 817 935 845; x_wconf 87' lang='lat' dir='ltr'><strong>nosset,</strong></span> 
     </span>
    </p>
   </div>
   <div class='ocr_carea' id='block_1_35' title="bbox 994 812 1780 848">
    <p class='ocr_par' dir='ltr' id='par_1_35' title="bbox 994 812 1780 848">
     <span class='ocr_line' id='line_1_35' title="bbox 994 812 1780 848; baseline -0.005 -7"><span class='ocrx_word' id='word_1_239' title='bbox 994 815 1142 848; x_wconf 63' lang='lat' dir='ltr'><strong>ipadaetat</strong></span> <span class='ocrx_word' id='word_1_240' title='bbox 1163 815 1196 841; x_wconf 75' lang='grc' dir='ltr'>ἐκ</span> <span class='ocrx_word' id='word_1_241' title='bbox 1217 814 1270 840; x_wconf 78' lang='grc' dir='ltr'>τοῦ</span> <span class='ocrx_word' id='word_1_242' title='bbox 1294 814 1370 840; x_wconf 72' lang='grc' dir='ltr'>λαοῦ</span> <span class='ocrx_word' id='word_1_243' title='bbox 1393 812 1502 847; x_wconf 82' lang='grc' dir='ltr'>αὐτῆς,</span> <span class='ocrx_word' id='word_1_244' title='bbox 1530 812 1658 838; x_wconf 81' lang='grc' dir='ltr'><strong>ἀπόλυσιν</strong></span> <span class='ocrx_word' id='word_1_245' title='bbox 1678 812 1780 846; x_wconf 51' lang='lat' dir='ltr'><strong>enim.</strong></span> 
     </span>
    </p>
   </div>
   <div class='ocr_carea' id='block_1_36' title="bbox 159 857 939 894">
    <p class='ocr_par' dir='ltr' id='par_1_36' title="bbox 159 857 939 894">
     <span class='ocr_line' id='line_1_36' title="bbox 159 857 939 894; baseline -0.003 -8"><span class='ocrx_word' id='word_1_246' title='bbox 159 867 213 894; x_wconf 86' lang='lat' dir='ltr'><strong>quo</strong></span> <span class='ocrx_word' id='word_1_247' title='bbox 232 859 332 886; x_wconf 89' lang='lat' dir='ltr'><strong>dicitur</strong></span> <span class='ocrx_word' id='word_1_248' title='bbox 348 868 354 886; x_wconf 89' lang='lat'><strong>:</strong></span> <span class='ocrx_word' id='word_1_249' title='bbox 370 858 459 893; x_wconf 77' lang='lat' dir='ltr'><strong>Ipsum</strong></span> <span class='ocrx_word' id='word_1_250' title='bbox 471 859 575 890; x_wconf 79' lang='lat' dir='ltr'><strong>audite;</strong></span> <span class='ocrx_word' id='word_1_251' title='bbox 591 861 619 886; x_wconf 91' lang='lat' dir='ltr'><strong>et</strong></span> <span class='ocrx_word' id='word_1_252' title='bbox 641 867 647 885; x_wconf 86' lang='lat'><strong>:</strong></span> <span class='ocrx_word' id='word_1_253' title='bbox 666 857 757 886; x_wconf 77' lang='lat' dir='ltr'><strong>Omnis</strong></span> <span class='ocrx_word' id='word_1_254' title='bbox 772 859 862 885; x_wconf 86' lang='lat' dir='ltr'><strong>anima</strong></span> <span class='ocrx_word' id='word_1_255' title='bbox 881 866 939 893; x_wconf 68' lang='lat' dir='ltr'><strong>qua:</strong></span> 
     </span>
    </p>
   </div>
   <div class='ocr_carea' id='block_1_37' title="bbox 160 904 937 939">
    <p class='ocr_par' dir='ltr' id='par_1_37' title="bbox 160 904 937 939">
     <span class='ocr_line' id='line_1_37' title="bbox 160 904 937 939; baseline -0.001 -8"><span class='ocrx_word' id='word_1_256' title='bbox 160 906 245 939; x_wconf 78' lang='lat' dir='ltr'><strong>ipsum</strong></span> <span class='ocrx_word' id='word_1_257' title='bbox 258 914 308 933; x_wconf 83' lang='lat' dir='ltr'><strong>non</strong></span> <span class='ocrx_word' id='word_1_258' title='bbox 320 905 442 937; x_wconf 83' lang='lat' dir='ltr'><strong>audierit,</strong></span> <span class='ocrx_word' id='word_1_259' title='bbox 458 905 676 932; x_wconf 62' lang='lat' dir='ltr'><strong>exterminabitur</strong></span> <span class='ocrx_word' id='word_1_260' title='bbox 693 904 724 932; x_wconf 78' lang='lat' dir='ltr'><strong>de</strong></span> <span class='ocrx_word' id='word_1_261' title='bbox 738 905 831 939; x_wconf 79' lang='lat' dir='ltr'><strong>populo</strong></span> <span class='ocrx_word' id='word_1_262' title='bbox 843 912 890 931; x_wconf 77' lang='lat' dir='ltr'><strong>suo</strong></span> <span class='ocrx_word' id='word_1_263' title='bbox 905 904 915 919; x_wconf 89' lang='grc'>¹</span> <span class='ocrx_word' id='word_1_264' title='bbox 930 913 937 931; x_wconf 90' lang='lat'>:</span> 
     </span>
    </p>
   </div>
   <div class='ocr_carea' id='block_1_38' title="bbox 160 949 940 986">
    <p class='ocr_par' dir='ltr' id='par_1_38' title="bbox 160 949 940 986">
     <span class='ocr_line' id='line_1_38' title="bbox 160 949 940 986; baseline 0 -8"><span class='ocrx_word' id='word_1_265' title='bbox 160 951 299 985; x_wconf 86' lang='lat' dir='ltr'><strong>paciﬁcam</strong></span> <span class='ocrx_word' id='word_1_266' title='bbox 315 959 330 978; x_wconf 88' lang='lat' dir='ltr'><strong>a</strong></span> <span class='ocrx_word' id='word_1_267' title='bbox 355 951 431 986; x_wconf 76' lang='lat' dir='ltr'><strong>legali</strong></span> <span class='ocrx_word' id='word_1_268' title='bbox 455 950 627 985; x_wconf 84' lang='lat' dir='ltr'><strong>postmodum</strong></span> <span class='ocrx_word' id='word_1_269' title='bbox 649 950 819 978; x_wconf 79' lang='lat' dir='ltr'><strong>institutione</strong></span> <span class='ocrx_word' id='word_1_270' title='bbox 844 949 940 978; x_wconf 85' lang='lat' dir='ltr'><strong>dimis-</strong></span> 
     </span>
    </p>
   </div>
   <div class='ocr_carea' id='block_1_39' title="bbox 160 996 939 1032">
    <p class='ocr_par' dir='ltr' id='par_1_39' title="bbox 160 996 939 1032">
     <span class='ocr_line' id='line_1_39' title="bbox 160 996 939 1032; baseline -0.001 -8"><span class='ocrx_word' id='word_1_271' title='bbox 160 998 264 1024; x_wconf 84' lang='lat' dir='ltr'><strong>sionem</strong></span> <span class='ocrx_word' id='word_1_272' title='bbox 279 1000 421 1032; x_wconf 78' lang='lat' dir='ltr'><strong>qmereret.</strong></span> <span class='ocrx_word' id='word_1_273' title='bbox 438 996 541 1024; x_wconf 80' lang='lat' dir='ltr'><strong>Revera</strong></span> <span class='ocrx_word' id='word_1_274' title='bbox 557 997 630 1024; x_wconf 90' lang='lat' dir='ltr'><strong>enim</strong></span> <span class='ocrx_word' id='word_1_275' title='bbox 646 996 745 1031; x_wconf 87' lang='lat' dir='ltr'><strong>injuria</strong></span> <span class='ocrx_word' id='word_1_276' title='bbox 758 1000 800 1023; x_wconf 86' lang='lat' dir='ltr'><strong>est</strong></span> <span class='ocrx_word' id='word_1_277' title='bbox 813 1000 840 1023; x_wconf 87' lang='lat' dir='ltr'><strong>et</strong></span> <span class='ocrx_word' id='word_1_278' title='bbox 855 1000 939 1023; x_wconf 86' lang='lat' dir='ltr'><strong>teme-</strong></span> 
     </span>
    </p>
   </div>
   <div class='ocr_carea' id='block_1_40' title="bbox 159 1041 938 1077">
    <p class='ocr_par' dir='ltr' id='par_1_40' title="bbox 159 1041 938 1077">
     <span class='ocr_line' id='line_1_40' title="bbox 159 1041 938 1077; baseline -0.003 -7"><span class='ocrx_word' id='word_1_279' title='bbox 159 1043 227 1070; x_wconf 74' lang='lat' dir='ltr'><strong>ritas</strong></span> <span class='ocrx_word' id='word_1_280' title='bbox 237 1063 245 1074; x_wconf 80' lang='lat'><strong>,</strong></span> <span class='ocrx_word' id='word_1_281' title='bbox 257 1047 302 1075; x_wconf 86' lang='lat' dir='ltr'><strong>ut,</strong></span> <span class='ocrx_word' id='word_1_282' title='bbox 317 1050 380 1077; x_wconf 82' lang='lat' dir='ltr'><strong>rege</strong></span> <span class='ocrx_word' id='word_1_283' title='bbox 401 1046 533 1077; x_wconf 71' lang='lat' dir='ltr'><strong>praesente</strong></span> <span class='ocrx_word' id='word_1_284' title='bbox 548 1049 578 1069; x_wconf 78' lang='lat' dir='ltr'><strong>ac</strong></span> <span class='ocrx_word' id='word_1_285' title='bbox 591 1043 672 1069; x_wconf 84' lang='lat' dir='ltr'><strong>verba</strong></span> <span class='ocrx_word' id='word_1_286' title='bbox 687 1042 793 1076; x_wconf 82' lang='lat' dir='ltr'><strong>publice</strong></span> <span class='ocrx_word' id='word_1_287' title='bbox 806 1041 938 1073; x_wconf 74' lang='lat' dir='ltr'><strong>faciente,</strong></span> 
     </span>
    </p>
   </div>
   <div class='ocr_carea' id='block_1_41' title="bbox 160 1086 940 1124">
    <p class='ocr_par' dir='ltr' id='par_1_41' title="bbox 160 1086 940 1124">
     <span class='ocr_line' id='line_1_41' title="bbox 160 1086 940 1124; baseline -0.003 -9"><span class='ocrx_word' id='word_1_288' title='bbox 160 1088 306 1116; x_wconf 80' lang='lat' dir='ltr'><strong>satellitum</strong></span> <span class='ocrx_word' id='word_1_289' title='bbox 321 1088 419 1124; x_wconf 84' lang='lat' dir='ltr'><strong>aliquis</strong></span> <span class='ocrx_word' id='word_1_290' title='bbox 436 1096 468 1116; x_wconf 80' lang='lat' dir='ltr'><strong>ex</strong></span> <span class='ocrx_word' id='word_1_291' title='bbox 488 1089 605 1116; x_wconf 83' lang='lat' dir='ltr'><strong>adverso</strong></span> <span class='ocrx_word' id='word_1_292' title='bbox 620 1088 757 1122; x_wconf 85' lang='lat' dir='ltr'><strong>loquatur,</strong></span> <span class='ocrx_word' id='word_1_293' title='bbox 770 1091 854 1122; x_wconf 87' lang='lat' dir='ltr'><strong>utque</strong></span> <span class='ocrx_word' id='word_1_294' title='bbox 872 1086 940 1114; x_wconf 84' lang='lat' dir='ltr'><strong>sub-</strong></span> 
     </span>
    </p>
   </div>
   <div class='ocr_carea' id='block_1_42' title="bbox 161 1132 938 1161">
    <p class='ocr_par' dir='ltr' id='par_1_42' title="bbox 161 1132 938 1161">
     <span class='ocr_line' id='line_1_42' title="bbox 161 1132 938 1161; baseline -0.004 0"><span class='ocrx_word' id='word_1_295' title='bbox 161 1133 210 1161; x_wconf 88' lang='lat' dir='ltr'><strong>diti</strong></span> <span class='ocrx_word' id='word_1_296' title='bbox 227 1134 252 1161; x_wconf 90' lang='lat' dir='ltr'><strong>ei</strong></span> <span class='ocrx_word' id='word_1_297' title='bbox 267 1133 374 1161; x_wconf 87' lang='lat' dir='ltr'><strong>interim</strong></span> <span class='ocrx_word' id='word_1_298' title='bbox 393 1141 474 1161; x_wconf 84' lang='lat' dir='ltr'><strong>aures</strong></span> <span class='ocrx_word' id='word_1_299' title='bbox 495 1133 712 1160; x_wconf 78' lang='lat' dir='ltr'><strong>accommodent.</strong></span> <span class='ocrx_word' id='word_1_300' title='bbox 728 1132 781 1159; x_wconf 90' lang='lat' dir='ltr'><strong>Sed</strong></span> <span class='ocrx_word' id='word_1_301' title='bbox 792 1137 818 1159; x_wconf 76' lang='lat' dir='ltr'><strong>et</strong></span> <span class='ocrx_word' id='word_1_302' title='bbox 830 1132 938 1159; x_wconf 81' lang='lat' dir='ltr'><strong>viduam</strong></span> 
     </span>
    </p>
   </div>
   <div class='ocr_carea' id='block_1_43' title="bbox 159 1179 938 1214">
    <p class='ocr_par' dir='ltr' id='par_1_43' title="bbox 159 1179 938 1214">
     <span class='ocr_line' id='line_1_43' title="bbox 159 1179 938 1214; baseline -0.003 -8"><span class='ocrx_word' id='word_1_303' title='bbox 159 1187 221 1214; x_wconf 67' lang='lat' dir='ltr'><strong>que</strong></span> <span class='ocrx_word' id='word_1_304' title='bbox 249 1179 329 1206; x_wconf 88' lang='lat' dir='ltr'><strong>donis</strong></span> <span class='ocrx_word' id='word_1_305' title='bbox 355 1180 549 1213; x_wconf 86' lang='lat' dir='ltr'><strong>superantibus</strong></span> <span class='ocrx_word' id='word_1_306' title='bbox 578 1179 711 1206; x_wconf 88' lang='lat' dir='ltr'><strong>rationem</strong></span> <span class='ocrx_word' id='word_1_307' title='bbox 741 1181 820 1205; x_wconf 85' lang='lat' dir='ltr'><strong>aucta</strong></span> <span class='ocrx_word' id='word_1_308' title='bbox 847 1180 938 1209; x_wconf 77' lang='lat' dir='ltr'><strong>esset.</strong></span> 
     </span>
    </p>
   </div>
   <div class='ocr_carea' id='block_1_44' title="bbox 161 1221 941 1258">
    <p class='ocr_par' dir='ltr' id='par_1_44' title="bbox 161 1221 941 1258">
     <span class='ocr_line' id='line_1_44' title="bbox 161 1221 941 1258; baseline 0 -8"><span class='ocrx_word' id='word_1_309' title='bbox 161 1223 240 1252; x_wconf 82' lang='lat' dir='ltr'><strong>festis</strong></span> <span class='ocrx_word' id='word_1_310' title='bbox 252 1223 369 1251; x_wconf 87' lang='lat' dir='ltr'><strong>canticis</strong></span> <span class='ocrx_word' id='word_1_311' title='bbox 386 1222 440 1250; x_wconf 86' lang='lat' dir='ltr'><strong>Deo</strong></span> <span class='ocrx_word' id='word_1_312' title='bbox 451 1223 553 1258; x_wconf 78' lang='lat' dir='ltr'><strong>gratias</strong></span> <span class='ocrx_word' id='word_1_313' title='bbox 567 1231 645 1258; x_wconf 82' lang='lat' dir='ltr'><strong>agere</strong></span> <span class='ocrx_word' id='word_1_314' title='bbox 659 1230 708 1258; x_wconf 87' lang='lat' dir='ltr'><strong>par</strong></span> <span class='ocrx_word' id='word_1_315' title='bbox 726 1227 784 1249; x_wconf 79' lang='lat' dir='ltr'><strong>erat</strong></span> <span class='ocrx_word' id='word_1_316' title='bbox 799 1231 804 1248; x_wconf 93' lang='lat'><strong>:</strong></span> <span class='ocrx_word' id='word_1_317' title='bbox 821 1221 941 1256; x_wconf 83' lang='lat' dir='ltr'><strong>adeoque</strong></span> 
     </span>
    </p>
   </div>
   <div class='ocr_carea' id='block_1_45' title="bbox 159 1268 942 1303">
    <p class='ocr_par' dir='ltr' id='par_1_45' title="bbox 159 1268 942 1303">
     <span class='ocr_line' id='line_1_45' title="bbox 159 1268 942 1303; baseline -0.001 -7"><span class='ocrx_word' id='word_1_318' title='bbox 159 1269 215 1296; x_wconf 87' lang='lat' dir='ltr'><strong>illic</strong></span> <span class='ocrx_word' id='word_1_319' title='bbox 235 1272 329 1303; x_wconf 74' lang='lat' dir='ltr'><strong>gesta,</strong></span> <span class='ocrx_word' id='word_1_320' title='bbox 351 1269 404 1303; x_wconf 72' lang='lat' dir='ltr'><strong>legi</strong></span> <span class='ocrx_word' id='word_1_321' title='bbox 430 1276 550 1295; x_wconf 88' lang='lat' dir='ltr'><strong>consona</strong></span> <span class='ocrx_word' id='word_1_322' title='bbox 575 1273 661 1296; x_wconf 86' lang='lat' dir='ltr'><strong>erant.</strong></span> <span class='ocrx_word' id='word_1_323' title='bbox 691 1268 824 1295; x_wconf 66' lang='lat' dir='ltr'><strong>Caeterum</strong></span> <span class='ocrx_word' id='word_1_324' title='bbox 853 1275 942 1303; x_wconf 74' lang='lat' dir='ltr'><strong>operte</strong></span> 
     </span>
    </p>
   </div>
   <div class='ocr_carea' id='block_1_46' title="bbox 161 1314 941 1350">
    <p class='ocr_par' dir='ltr' id='par_1_46' title="bbox 161 1314 941 1350">
     <span class='ocr_line' id='line_1_46' title="bbox 161 1314 941 1350; baseline -0.001 -8"><span class='ocrx_word' id='word_1_325' title='bbox 161 1315 278 1350; x_wconf 86' lang='lat' dir='ltr'><strong>pretium</strong></span> <span class='ocrx_word' id='word_1_326' title='bbox 304 1314 406 1346; x_wconf 85' lang='lat' dir='ltr'><strong>fuerit,</strong></span> <span class='ocrx_word' id='word_1_327' title='bbox 428 1314 616 1349; x_wconf 87' lang='lat' dir='ltr'><strong>inquiramus;</strong></span> <span class='ocrx_word' id='word_1_328' title='bbox 635 1322 696 1341; x_wconf 91' lang='lat' dir='ltr'><strong>cum</strong></span> <span class='ocrx_word' id='word_1_329' title='bbox 723 1314 886 1349; x_wconf 71' lang='lat' dir='ltr'><strong>propheticae</strong></span> <span class='ocrx_word' id='word_1_330' title='bbox 903 1314 941 1341; x_wconf 92' lang='lat' dir='ltr'><strong>in-</strong></span> 
     </span>
    </p>
   </div>
   <div class='ocr_carea' id='block_1_47' title="bbox 163 1359 940 1394">
    <p class='ocr_par' dir='ltr' id='par_1_47' title="bbox 163 1359 940 1394">
     <span class='ocr_line' id='line_1_47' title="bbox 163 1359 940 1394; baseline 0.001 -8"><span class='ocrx_word' id='word_1_331' title='bbox 163 1360 340 1387; x_wconf 80' lang='lat' dir='ltr'><strong>t&#39;ormationcs</strong></span> <span class='ocrx_word' id='word_1_332' title='bbox 353 1362 379 1386; x_wconf 90' lang='lat' dir='ltr'><strong>et</strong></span> <span class='ocrx_word' id='word_1_333' title='bbox 390 1359 483 1394; x_wconf 66' lang='lat' dir='ltr'><strong>figura:</strong></span> <span class='ocrx_word' id='word_1_334' title='bbox 501 1360 535 1386; x_wconf 86' lang='lat' dir='ltr'><strong>ad</strong></span> <span class='ocrx_word' id='word_1_335' title='bbox 549 1359 663 1387; x_wconf 81' lang='lat' dir='ltr'><strong>eximias</strong></span> <span class='ocrx_word' id='word_1_336' title='bbox 683 1360 765 1387; x_wconf 86' lang='lat' dir='ltr'><strong>hasce</strong></span> <span class='ocrx_word' id='word_1_337' title='bbox 779 1360 940 1388; x_wconf 76' lang='lat' dir='ltr'><strong>festivitates</strong></span> 
     </span>
    </p>
   </div>
   <div class='ocr_carea' id='block_1_48' title="bbox 162 1405 943 1441">
    <p class='ocr_par' dir='ltr' id='par_1_48' title="bbox 162 1405 943 1441">
     <span class='ocr_line' id='line_1_48' title="bbox 162 1405 943 1441; baseline 0 -8"><span class='ocrx_word' id='word_1_338' title='bbox 162 1413 310 1441; x_wconf 75' lang='lat' dir='ltr'><strong>congruam</strong></span> <span class='ocrx_word' id='word_1_339' title='bbox 325 1405 470 1441; x_wconf 83' lang='lat' dir='ltr'><strong>quamdam</strong></span> <span class='ocrx_word' id='word_1_340' title='bbox 482 1406 638 1434; x_wconf 83' lang='lat' dir='ltr'><strong>relationem</strong></span> <span class='ocrx_word' id='word_1_341' title='bbox 657 1406 795 1438; x_wconf 87' lang='lat' dir='ltr'><strong>haberent,</strong></span> <span class='ocrx_word' id='word_1_342' title='bbox 813 1407 943 1440; x_wconf 86' lang='lat' dir='ltr'><strong>quemad-</strong></span> 
     </span>
    </p>
   </div>
   <div class='ocr_carea' id='block_1_49' title="bbox 161 1451 940 1487">
    <p class='ocr_par' dir='ltr' id='par_1_49' title="bbox 161 1451 940 1487">
     <span class='ocr_line' id='line_1_49' title="bbox 161 1451 940 1487; baseline -0.001 -8"><span class='ocrx_word' id='word_1_343' title='bbox 161 1452 270 1479; x_wconf 85' lang='lat' dir='ltr'><strong>modum</strong></span> <span class='ocrx_word' id='word_1_344' title='bbox 288 1451 390 1479; x_wconf 88' lang='lat' dir='ltr'><strong>dictum</strong></span> <span class='ocrx_word' id='word_1_345' title='bbox 406 1455 448 1479; x_wconf 88' lang='lat' dir='ltr'><strong>est</strong></span> <span class='ocrx_word' id='word_1_346' title='bbox 462 1472 469 1484; x_wconf 93' lang='lat'><strong>,</strong></span> <span class='ocrx_word' id='word_1_347' title='bbox 483 1453 620 1487; x_wconf 89' lang='lat' dir='ltr'><strong>quomodo</strong></span> <span class='ocrx_word' id='word_1_348' title='bbox 635 1452 731 1479; x_wconf 89' lang='lat' dir='ltr'><strong>domus</strong></span> <span class='ocrx_word' id='word_1_349' title='bbox 749 1451 824 1479; x_wconf 87' lang='lat' dir='ltr'><strong>fumo</strong></span> <span class='ocrx_word' id='word_1_350' title='bbox 840 1452 940 1486; x_wconf 88' lang='lat' dir='ltr'><strong>repleta</strong></span> 
     </span>
    </p>
   </div>
   <div class='ocr_carea' id='block_1_50' title="bbox 989 858 1778 896">
    <p class='ocr_par' dir='ltr' id='par_1_50' title="bbox 989 858 1778 896">
     <span class='ocr_line' id='line_1_50' title="bbox 989 858 1778 896; baseline -0.005 -10"><span class='ocrx_word' id='word_1_351' title='bbox 989 859 1071 894; x_wconf 78' lang='grc' dir='ltr'>τῆσαι</span> <span class='ocrx_word' id='word_1_352' title='bbox 1091 860 1230 896; x_wconf 79' lang='grc' dir='ltr'>εἰρηνικὴν</span> <span class='ocrx_word' id='word_1_353' title='bbox 1251 859 1299 894; x_wconf 77' lang='grc' dir='ltr'><strong>τῆς</strong></span> <span class='ocrx_word' id='word_1_354' title='bbox 1320 858 1434 893; x_wconf 78' lang='grc' dir='ltr'><strong>νομικῆς</strong></span> <span class='ocrx_word' id='word_1_355' title='bbox 1461 858 1655 892; x_wconf 71' lang='grc' dir='ltr'><strong>παιδαγωγίας.</strong></span> <span class='ocrx_word' id='word_1_356' title='bbox 1675 858 1778 893; x_wconf 78' lang='grc' dir='ltr'>’Ύὸρις</span> 
     </span>
    </p>
   </div>
   <div class='ocr_carea' id='block_1_51' title="bbox 990 903 1779 942">
    <p class='ocr_par' dir='ltr' id='par_1_51' title="bbox 990 903 1779 942">
     <span class='ocr_line' id='line_1_51' title="bbox 990 903 1779 942; baseline -0.006 -9"><span class='ocrx_word' id='word_1_357' title='bbox 990 906 1043 942; x_wconf 83' lang='grc' dir='ltr'><strong>γὰρ</strong></span> <span class='ocrx_word' id='word_1_358' title='bbox 1069 906 1126 941; x_wconf 74' lang='grc' dir='ltr'>ἅμα</span> <span class='ocrx_word' id='word_1_359' title='bbox 1155 906 1201 932; x_wconf 70' lang='grc' dir='ltr'>καὶ</span> <span class='ocrx_word' id='word_1_360' title='bbox 1224 905 1389 940; x_wconf 79' lang='grc' dir='ltr'>προπέτεια,</span> <span class='ocrx_word' id='word_1_361' title='bbox 1419 903 1548 939; x_wconf 81' lang='grc' dir='ltr'>βασιλέως</span> <span class='ocrx_word' id='word_1_362' title='bbox 1571 903 1702 939; x_wconf 77' lang='grc' dir='ltr'>παρόντος</span> <span class='ocrx_word' id='word_1_363' title='bbox 1727 903 1779 928; x_wconf 80' lang='grc' dir='ltr'><strong>καὶ</strong></span> 
     </span>
    </p>
   </div>
   <div class='ocr_carea' id='block_1_52' title="bbox 990 949 1780 988">
    <p class='ocr_par' dir='ltr' id='par_1_52' title="bbox 990 949 1780 988">
     <span class='ocr_line' id='line_1_52' title="bbox 990 949 1780 988; baseline -0.005 -9"><span class='ocrx_word' id='word_1_364' title='bbox 990 951 1224 988; x_wconf 73' lang='grc' dir='ltr'><strong>δημηγοροῦντος,</strong></span> <span class='ocrx_word' id='word_1_365' title='bbox 1242 951 1414 985; x_wconf 78' lang='grc' dir='ltr'>ὑπασπιστὴν</span> <span class='ocrx_word' id='word_1_366' title='bbox 1436 950 1616 986; x_wconf 82' lang='grc' dir='ltr'>κατάντικρυς</span> <span class='ocrx_word' id='word_1_367' title='bbox 1631 949 1780 984; x_wconf 63' lang='grc' dir='ltr'>ἀντιςνθέγ-</span> 
     </span>
    </p>
   </div>
   <div class='ocr_carea' id='block_1_53' title="bbox 990 993 1777 1032">
    <p class='ocr_par' dir='ltr' id='par_1_53' title="bbox 990 993 1777 1032">
     <span class='ocr_line' id='line_1_53' title="bbox 990 993 1777 1032; baseline -0.003 -8"><span class='ocrx_word' id='word_1_368' title='bbox 990 998 1095 1032; x_wconf 85' lang='grc' dir='ltr'>γεσΟαι,</span> <span class='ocrx_word' id='word_1_369' title='bbox 1116 997 1162 1024; x_wconf 78' lang='grc' dir='ltr'>καὶ</span> <span class='ocrx_word' id='word_1_370' title='bbox 1176 998 1263 1032; x_wconf 83' lang='grc' dir='ltr'>τούτῳ</span> <span class='ocrx_word' id='word_1_371' title='bbox 1279 996 1414 1023; x_wconf 74' lang='grc' dir='ltr'>ἐπικλῖναι</span> <span class='ocrx_word' id='word_1_372' title='bbox 1429 997 1492 1027; x_wconf 81' lang='grc' dir='ltr'>τοὺς</span> <span class='ocrx_word' id='word_1_373' title='bbox 1505 996 1641 1031; x_wconf 81' lang='grc' dir='ltr'>ὑπηκόους</span> <span class='ocrx_word' id='word_1_374' title='bbox 1657 996 1692 1022; x_wconf 77' lang='grc' dir='ltr'>τὰ</span> <span class='ocrx_word' id='word_1_375' title='bbox 1707 993 1777 1022; x_wconf 79' lang='grc' dir='ltr'>ὦτα.</span> 
     </span>
    </p>
   </div>
   <div class='ocr_carea' id='block_1_54' title="bbox 992 1041 1778 1078">
    <p class='ocr_par' dir='ltr' id='par_1_54' title="bbox 992 1041 1778 1078">
     <span class='ocr_line' id='line_1_54' title="bbox 992 1041 1778 1078; baseline -0.003 -9"><span class='ocrx_word' id='word_1_376' title='bbox 992 1043 1066 1070; x_wconf 83' lang='grc' dir='ltr'>Ἔδει</span> <span class='ocrx_word' id='word_1_377' title='bbox 1080 1043 1108 1069; x_wconf 80' lang='grc' dir='ltr'>δὲ</span> <span class='ocrx_word' id='word_1_378' title='bbox 1124 1043 1171 1069; x_wconf 76' lang='grc' dir='ltr'>καὶ</span> <span class='ocrx_word' id='word_1_379' title='bbox 1186 1042 1233 1078; x_wconf 85' lang='grc' dir='ltr'>τὴν</span> <span class='ocrx_word' id='word_1_380' title='bbox 1256 1043 1353 1077; x_wconf 83' lang='grc' dir='ltr'>χήραν,</span> <span class='ocrx_word' id='word_1_381' title='bbox 1369 1041 1501 1076; x_wconf 83' lang='grc' dir='ltr'>τυχοῦσαν</span> <span class='ocrx_word' id='word_1_382' title='bbox 1521 1041 1574 1068; x_wconf 86' lang='grc' dir='ltr'><strong>τῶν</strong></span> <span class='ocrx_word' id='word_1_383' title='bbox 1590 1041 1660 1076; x_wconf 77' lang='grc' dir='ltr'>ὑπὲρ</span> <span class='ocrx_word' id='word_1_384' title='bbox 1685 1041 1778 1075; x_wconf 76' lang='grc' dir='ltr'>λόγον,</span> 
     </span>
    </p>
   </div>
   <div class='ocr_carea' id='block_1_55' title="bbox 990 1086 1781 1124">
    <p class='ocr_par' dir='ltr' id='par_1_55' title="bbox 990 1086 1781 1124">
     <span class='ocr_line' id='line_1_55' title="bbox 990 1086 1781 1124; baseline -0.004 -8"><span class='ocrx_word' id='word_1_385' title='bbox 990 1089 1025 1116; x_wconf 77' lang='grc' dir='ltr'>τὰ</span> <span class='ocrx_word' id='word_1_386' title='bbox 1040 1090 1236 1124; x_wconf 84' lang='grc' dir='ltr'>εὑχαριστήρια</span> <span class='ocrx_word' id='word_1_387' title='bbox 1249 1089 1377 1124; x_wconf 77' lang='grc' dir='ltr'>ἑορτάσαι</span> <span class='ocrx_word' id='word_1_388' title='bbox 1388 1087 1427 1122; x_wconf 85' lang='grc' dir='ltr'>τῷ</span> <span class='ocrx_word' id='word_1_389' title='bbox 1439 1087 1511 1122; x_wconf 85' lang='grc' dir='ltr'><strong>Θεῷ-</strong></span> <span class='ocrx_word' id='word_1_390' title='bbox 1525 1086 1595 1113; x_wconf 85' lang='grc' dir='ltr'>ὦστε</span> <span class='ocrx_word' id='word_1_391' title='bbox 1616 1087 1722 1122; x_wconf 80' lang='grc' dir='ltr'>συνῳδὰ</span> <span class='ocrx_word' id='word_1_392' title='bbox 1737 1086 1781 1122; x_wconf 78' lang='grc' dir='ltr'>τῷ</span> 
     </span>
    </p>
   </div>
   <div class='ocr_carea' id='block_1_56' title="bbox 990 1130 1781 1170">
    <p class='ocr_par' dir='ltr' id='par_1_56' title="bbox 990 1130 1781 1170">
     <span class='ocr_line' id='line_1_56' title="bbox 990 1130 1781 1170; baseline -0.003 -9"><span class='ocrx_word' id='word_1_393' title='bbox 990 1134 1064 1170; x_wconf 83' lang='grc' dir='ltr'>νόμῳ</span> <span class='ocrx_word' id='word_1_394' title='bbox 1080 1133 1113 1160; x_wconf 78' lang='grc' dir='ltr'>τὰ</span> <span class='ocrx_word' id='word_1_395' title='bbox 1128 1130 1179 1162; x_wconf 84' lang='grc' dir='ltr'>ὦδε</span> <span class='ocrx_word' id='word_1_396' title='bbox 1192 1134 1349 1169; x_wconf 75' lang='grc' dir='ltr'>τελούμενα.</span> <span class='ocrx_word' id='word_1_397' title='bbox 1375 1133 1553 1168; x_wconf 79' lang='grc' dir='ltr'>Ἑπιζητῆσαι</span> <span class='ocrx_word' id='word_1_398' title='bbox 1568 1132 1597 1159; x_wconf 81' lang='grc' dir='ltr'>δὲ</span> <span class='ocrx_word' id='word_1_399' title='bbox 1612 1132 1703 1158; x_wconf 81' lang='grc' dir='ltr'>λοιπὸν</span> <span class='ocrx_word' id='word_1_400' title='bbox 1723 1131 1781 1159; x_wconf 84' lang='grc' dir='ltr'>τῶν</span> 
     </span>
    </p>
   </div>
   <div class='ocr_carea' id='block_1_57' title="bbox 991 1178 1781 1215">
    <p class='ocr_par' dir='ltr' id='par_1_57' title="bbox 991 1178 1781 1215">
     <span class='ocr_line' id='line_1_57' title="bbox 991 1178 1781 1215; baseline -0.004 -8"><span class='ocrx_word' id='word_1_401' title='bbox 991 1180 1146 1214; x_wconf 82' lang='grc' dir='ltr'>ἀναγκαίων</span> <span class='ocrx_word' id='word_1_402' title='bbox 1159 1179 1322 1215; x_wconf 82' lang='grc' dir='ltr'>καθέστηκε,</span> <span class='ocrx_word' id='word_1_403' title='bbox 1339 1179 1397 1210; x_wconf 81' lang='grc' dir='ltr'><strong>πῶς</strong></span> <span class='ocrx_word' id='word_1_404' title='bbox 1414 1179 1467 1205; x_wconf 85' lang='grc' dir='ltr'><strong>τῶν</strong></span> <span class='ocrx_word' id='word_1_405' title='bbox 1484 1178 1659 1214; x_wconf 76' lang='grc' dir='ltr'>προφητικῶν</span> <span class='ocrx_word' id='word_1_406' title='bbox 1676 1186 1781 1213; x_wconf 67' lang='grc' dir='ltr'>προτυ-</span> 
     </span>
    </p>
   </div>
   <div class='ocr_carea' id='block_1_58' title="bbox 992 1224 1779 1259">
    <p class='ocr_par' dir='ltr' id='par_1_58' title="bbox 992 1224 1779 1259">
     <span class='ocr_line' id='line_1_58' title="bbox 992 1224 1779 1259; baseline -0.004 -6"><span class='ocrx_word' id='word_1_407' title='bbox 992 1226 1115 1259; x_wconf 83' lang='grc' dir='ltr'>πώσεων,</span> <span class='ocrx_word' id='word_1_408' title='bbox 1144 1225 1235 1257; x_wconf 82' lang='grc' dir='ltr'>καθὼς</span> <span class='ocrx_word' id='word_1_409' title='bbox 1269 1225 1466 1257; x_wconf 79' lang='grc' dir='ltr'>ἀποδέδεικται,</span> <span class='ocrx_word' id='word_1_410' title='bbox 1487 1226 1534 1252; x_wconf 64' lang='grc' dir='ltr'>ἐπὶ</span> <span class='ocrx_word' id='word_1_411' title='bbox 1558 1225 1611 1252; x_wconf 83' lang='grc' dir='ltr'>τῶν</span> <span class='ocrx_word' id='word_1_412' title='bbox 1629 1224 1779 1259; x_wconf 65' lang='grc' dir='ltr'>ἐξαιρέτων</span> 
     </span>
    </p>
   </div>
   <div class='ocr_carea' id='block_1_59' title="bbox 991 1271 1780 1307">
    <p class='ocr_par' dir='ltr' id='par_1_59' title="bbox 991 1271 1780 1307">
     <span class='ocr_line' id='line_1_59' title="bbox 991 1271 1780 1307; baseline -0.003 -9"><span class='ocrx_word' id='word_1_413' title='bbox 991 1272 1092 1299; x_wconf 81' lang='grc' dir='ltr'>τούτων</span> <span class='ocrx_word' id='word_1_414' title='bbox 1107 1271 1300 1307; x_wconf 79' lang='grc' dir='ltr'>ἑορτασμάτων</span> <span class='ocrx_word' id='word_1_415' title='bbox 1319 1271 1460 1306; x_wconf 82' lang='grc' dir='ltr'>ἀραρότως</span> <span class='ocrx_word' id='word_1_416' title='bbox 1480 1271 1594 1305; x_wconf 76' lang='grc' dir='ltr'>ἑχόντων</span> <span class='ocrx_word' id='word_1_417' title='bbox 1610 1272 1658 1305; x_wconf 78' lang='grc' dir='ltr'>τὴν</span> <span class='ocrx_word' id='word_1_418' title='bbox 1675 1271 1780 1304; x_wconf 76' lang='grc' dir='ltr'>ἀναφο-</span> 
     </span>
    </p>
   </div>
   <div class='ocr_carea' id='block_1_60' title="bbox 993 1315 1780 1354">
    <p class='ocr_par' dir='ltr' id='par_1_60' title="bbox 993 1315 1780 1354">
     <span class='ocr_line' id='line_1_60' title="bbox 993 1315 1780 1354; baseline -0.005 -9"><span class='ocrx_word' id='word_1_419' title='bbox 993 1319 1053 1354; x_wconf 81' lang='grc' dir='ltr'>ρὰν,</span> <span class='ocrx_word' id='word_1_420' title='bbox 1071 1318 1173 1345; x_wconf 80' lang='grc' dir='ltr'>καπνοῦ</span> <span class='ocrx_word' id='word_1_421' title='bbox 1195 1319 1238 1344; x_wconf 83' lang='grc' dir='ltr'>τὸν</span> <span class='ocrx_word' id='word_1_422' title='bbox 1262 1316 1334 1344; x_wconf 79' lang='grc' dir='ltr'>οἶκον</span> <span class='ocrx_word' id='word_1_423' title='bbox 1359 1316 1550 1352; x_wconf 70' lang='grc' dir='ltr'>ἐμπεπλῆσθαι</span> <span class='ocrx_word' id='word_1_424' title='bbox 1567 1316 1705 1342; x_wconf 77' lang='grc' dir='ltr'>λέλεκται·</span> <span class='ocrx_word' id='word_1_425' title='bbox 1730 1315 1780 1342; x_wconf 80' lang='grc' dir='ltr'>καὶ</span> 
     </span>
    </p>
   </div>
   <div class='ocr_carea' id='block_1_61' title="bbox 991 1360 1779 1399">
    <p class='ocr_par' dir='ltr' id='par_1_61' title="bbox 991 1360 1779 1399">
     <span class='ocr_line' id='line_1_61' title="bbox 991 1360 1779 1399; baseline -0.004 -9"><span class='ocrx_word' id='word_1_426' title='bbox 991 1364 1070 1391; x_wconf 81' lang='grc' dir='ltr'>τοῦτο</span> <span class='ocrx_word' id='word_1_427' title='bbox 1086 1364 1117 1390; x_wconf 77' lang='grc' dir='ltr'>οὐ</span> <span class='ocrx_word' id='word_1_428' title='bbox 1139 1363 1389 1399; x_wconf 62' lang='grc' dir='ltr'>παρενθέτωςῦιι),</span> <span class='ocrx_word' id='word_1_429' title='bbox 1410 1363 1466 1389; x_wconf 83' lang='grc' dir='ltr'>ἀλλ’</span> <span class='ocrx_word' id='word_1_430' title='bbox 1489 1361 1697 1396; x_wconf 79' lang='grc' dir='ltr'>ὲνσημάντρως,</span> <span class='ocrx_word' id='word_1_431' title='bbox 1717 1360 1779 1388; x_wconf 70' lang='grc' dir='ltr'><strong>ἀπὸ</strong></span> 
     </span>
    </p>
   </div>
   <div class='ocr_carea' id='block_1_62' title="bbox 992 1405 1779 1446">
    <p class='ocr_par' dir='ltr' id='par_1_62' title="bbox 992 1405 1779 1446">
     <span class='ocr_line' id='line_1_62' title="bbox 992 1405 1779 1446; baseline -0.005 -10"><span class='ocrx_word' id='word_1_432' title='bbox 992 1410 1045 1444; x_wconf 81' lang='grc' dir='ltr'>τῆς</span> <span class='ocrx_word' id='word_1_433' title='bbox 1058 1410 1201 1445; x_wconf 84' lang='grc' dir='ltr'>τρισαγίας</span> <span class='ocrx_word' id='word_1_434' title='bbox 1215 1409 1316 1443; x_wconf 66' lang='grc' dir='ltr'>φωνῆς</span> <span class='ocrx_word' id='word_1_435' title='bbox 1329 1409 1440 1442; x_wconf 74' lang='grc' dir='ltr'>φάσκων</span> <span class='ocrx_word' id='word_1_436' title='bbox 1457 1409 1472 1434; x_wconf 88' lang='grc' dir='ltr'>ὁ</span> <span class='ocrx_word' id='word_1_437' title='bbox 1488 1407 1644 1446; x_wconf 79' lang='grc' dir='ltr'>εἰσῃγητὴς.</span> <span class='ocrx_word' id='word_1_438' title='bbox 1659 1405 1697 1441; x_wconf 85' lang='grc' dir='ltr'>ἧς</span> <span class='ocrx_word' id='word_1_439' title='bbox 1711 1405 1779 1432; x_wconf 75' lang='grc' dir='ltr'><strong>ἐκέ-</strong></span> 
     </span>
    </p>
   </div>
   <div class='ocr_carea' id='block_1_63' title="bbox 994 1450 1782 1489">
    <p class='ocr_par' dir='ltr' id='par_1_63' title="bbox 994 1450 1782 1489">
     <span class='ocr_line' id='line_1_63' title="bbox 994 1450 1782 1489; baseline -0.005 -8"><span class='ocrx_word' id='word_1_440' title='bbox 994 1463 1105 1489; x_wconf 62' lang='lat' dir='ltr'><strong>amaror</strong></span> <span class='ocrx_word' id='word_1_441' title='bbox 1128 1455 1152 1480; x_wconf 84' lang='grc' dir='ltr'><strong>οἱ</strong></span> <span class='ocrx_word' id='word_1_442' title='bbox 1191 1454 1244 1480; x_wconf 84' lang='grc' dir='ltr'><strong>τῶν</strong></span> <span class='ocrx_word' id='word_1_443' title='bbox 1275 1454 1442 1489; x_wconf 74' lang='grc' dir='ltr'>ἐπουρανίων</span> <span class='ocrx_word' id='word_1_444' title='bbox 1476 1453 1585 1488; x_wconf 82' lang='grc' dir='ltr'>μύσται.</span> <span class='ocrx_word' id='word_1_445' title='bbox 1624 1450 1782 1478; x_wconf 55' lang='lat' dir='ltr'><strong>mmmam</strong></span> 
     </span>
    </p>
   </div>
   <div class='ocr_carea' id='block_1_64' title="bbox 163 1497 941 1535">
    <p class='ocr_par' dir='ltr' id='par_1_64' title="bbox 163 1498 941 1529">
     <span class='ocr_line' id='line_1_64' title="bbox 163 1498 941 1529; baseline -0.001 -4"><span class='ocrx_word' id='word_1_446' title='bbox 163 1498 248 1526; x_wconf 84' lang='lat' dir='ltr'><strong>fuisse</strong></span> <span class='ocrx_word' id='word_1_447' title='bbox 262 1498 397 1526; x_wconf 88' lang='lat' dir='ltr'><strong>referatur</strong></span> <span class='ocrx_word' id='word_1_448' title='bbox 417 1508 423 1526; x_wconf 89' lang='lat'>:</span> <span class='ocrx_word' id='word_1_449' title='bbox 442 1506 492 1526; x_wconf 90' lang='lat' dir='ltr'><strong>nec</strong></span> <span class='ocrx_word' id='word_1_450' title='bbox 509 1499 534 1526; x_wconf 92' lang='lat' dir='ltr'><strong>id</strong></span> <span class='ocrx_word' id='word_1_451' title='bbox 551 1499 624 1526; x_wconf 90' lang='lat' dir='ltr'><strong>velut</strong></span> <span class='ocrx_word' id='word_1_452' title='bbox 647 1499 807 1529; x_wconf 84' lang='lat' dir='ltr'><strong>incidenter,</strong></span> <span class='ocrx_word' id='word_1_453' title='bbox 834 1498 880 1525; x_wconf 88' lang='lat' dir='ltr'><strong>sed</strong></span> <span class='ocrx_word' id='word_1_454' title='bbox 905 1498 941 1525; x_wconf 88' lang='lat' dir='ltr'><strong>si-</strong></span> 
     </span>
    </p>
   </div>
   <div class='ocr_carea' id='block_1_65' title="bbox 994 1497 1780 1535">
    <p class='ocr_par' dir='ltr' id='par_1_65' title="bbox 994 1497 1780 1535">
     <span class='ocr_line' id='line_1_65' title="bbox 994 1497 1780 1535; baseline -0.008 -8"><span class='ocrx_word' id='word_1_455' title='bbox 994 1501 1014 1527; x_wconf 79' lang='grc' dir='ltr'>δ’</span> <span class='ocrx_word' id='word_1_456' title='bbox 1035 1499 1096 1531; x_wconf 79' lang='grc' dir='ltr'>οὖν,</span> <span class='ocrx_word' id='word_1_457' title='bbox 1111 1497 1133 1526; x_wconf 83' lang='grc' dir='ltr'><strong>ὦ</strong></span> <span class='ocrx_word' id='word_1_458' title='bbox 1158 1500 1289 1535; x_wconf 58' lang='grc' dir='ltr'>φιλήκοε,</span> <span class='ocrx_word' id='word_1_459' title='bbox 1319 1500 1367 1534; x_wconf 82' lang='grc' dir='ltr'>τῆς</span> <span class='ocrx_word' id='word_1_460' title='bbox 1393 1499 1511 1534; x_wconf 78' lang='grc' dir='ltr'>ἱστορίας</span> <span class='ocrx_word' id='word_1_461' title='bbox 1533 1498 1564 1524; x_wconf 80' lang='grc' dir='ltr'><strong>τὸ</strong></span> <span class='ocrx_word' id='word_1_462' title='bbox 1590 1497 1780 1531; x_wconf 71' lang='grc' dir='ltr'>ἐπαγόμενον.</span> 
     </span>
    </p>
   </div>
   <div class='ocr_carea' id='block_1_66' title="bbox 163 1542 943 1581">
    <p class='ocr_par' dir='ltr' id='par_1_66' title="bbox 163 1542 943 1581">
     <span class='ocr_line' id='line_1_66' title="bbox 163 1542 943 1581; baseline -0.003 -9"><span class='ocrx_word' id='word_1_463' title='bbox 163 1549 288 1580; x_wconf 78' lang='lat' dir='ltr'><strong>gnanter,</strong></span> <span class='ocrx_word' id='word_1_464' title='bbox 301 1545 388 1580; x_wconf 89' lang='lat' dir='ltr'><strong>inquit</strong></span> <span class='ocrx_word' id='word_1_465' title='bbox 399 1546 495 1573; x_wconf 84' lang='lat' dir='ltr'><strong>doctor</strong></span> <span class='ocrx_word' id='word_1_466' title='bbox 511 1546 705 1581; x_wconf 74' lang='lat' dir='ltr'><strong>prophetaque,</strong></span> <span class='ocrx_word' id='word_1_467' title='bbox 722 1553 737 1571; x_wconf 82' lang='grc' dir='ltr'><strong>α</strong></span> <span class='ocrx_word' id='word_1_468' title='bbox 749 1553 806 1571; x_wconf 79' lang='lat' dir='ltr'><strong>voce</strong></span> <span class='ocrx_word' id='word_1_469' title='bbox 823 1548 863 1571; x_wconf 89' lang='lat' dir='ltr'><strong>ter</strong></span> <span class='ocrx_word' id='word_1_470' title='bbox 874 1542 943 1571; x_wconf 87' lang='lat' dir='ltr'><strong>San-</strong></span> 
     </span>
    </p>
   </div>
   <div class='ocr_carea' id='block_1_67' title="bbox 163 1589 943 1626">
    <p class='ocr_par' dir='ltr' id='par_1_67' title="bbox 163 1589 943 1626">
     <span class='ocr_line' id='line_1_67' title="bbox 163 1589 943 1626; baseline -0.001 -9"><span class='ocrx_word' id='word_1_471' title='bbox 163 1593 224 1617; x_wconf 83' lang='lat' dir='ltr'><strong>ctus</strong></span> <span class='ocrx_word' id='word_1_472' title='bbox 252 1599 303 1625; x_wconf 84' lang='lat' dir='ltr'><strong>qua</strong></span> <span class='ocrx_word' id='word_1_473' title='bbox 326 1591 478 1619; x_wconf 73' lang='lat' dir='ltr'><strong>caelestium</strong></span> <span class='ocrx_word' id='word_1_474' title='bbox 494 1591 532 1618; x_wconf 88' lang='lat' dir='ltr'><strong>illi</strong></span> <span class='ocrx_word' id='word_1_475' title='bbox 557 1595 649 1626; x_wconf 58' lang='lat' dir='ltr'><strong>mysta;</strong></span> <span class='ocrx_word' id='word_1_476' title='bbox 670 1590 854 1618; x_wconf 72' lang='lat' dir='ltr'><strong>domabant‘.</strong></span> <span class='ocrx_word' id='word_1_477' title='bbox 872 1589 943 1616; x_wconf 83' lang='lat' dir='ltr'><strong>Sane</strong></span> 
     </span>
    </p>
   </div>
   <div class='ocr_carea' id='block_1_68' title="bbox 162 1635 941 1670">
    <p class='ocr_par' dir='ltr' id='par_1_68' title="bbox 162 1635 941 1670">
     <span class='ocr_line' id='line_1_68' title="bbox 162 1635 941 1670; baseline -0.001 -8"><span class='ocrx_word' id='word_1_478' title='bbox 162 1636 276 1670; x_wconf 78' lang='lat' dir='ltr'><strong>hujusce</strong></span> <span class='ocrx_word' id='word_1_479' title='bbox 288 1637 326 1663; x_wconf 87' lang='lat' dir='ltr'><strong>rei</strong></span> <span class='ocrx_word' id='word_1_480' title='bbox 351 1644 476 1669; x_wconf 82' lang='lat' dir='ltr'><strong>causam,</strong></span> <span class='ocrx_word' id='word_1_481' title='bbox 502 1637 624 1664; x_wconf 85' lang='lat' dir='ltr'><strong>studiose</strong></span> <span class='ocrx_word' id='word_1_482' title='bbox 651 1636 767 1667; x_wconf 83' lang='lat' dir='ltr'><strong>auditor,</strong></span> <span class='ocrx_word' id='word_1_483' title='bbox 787 1635 941 1666; x_wconf 84' lang='lat' dir='ltr'><strong>inveneris,</strong></span> 
     </span>
    </p>
   </div>
   <div class='ocr_carea' id='block_1_69' title="bbox 164 1681 943 1718">
    <p class='ocr_par' dir='ltr' id='par_1_69' title="bbox 164 1681 943 1718">
     <span class='ocr_line' id='line_1_69' title="bbox 164 1681 943 1718; baseline 0.003 -12"><span class='ocrx_word' id='word_1_484' title='bbox 164 1681 244 1708; x_wconf 87' lang='lat' dir='ltr'><strong>modo</strong></span> <span class='ocrx_word' id='word_1_485' title='bbox 257 1689 288 1709; x_wconf 88' lang='lat' dir='ltr'><strong>ea</strong></span> <span class='ocrx_word' id='word_1_486' title='bbox 309 1690 367 1716; x_wconf 70' lang='lat' dir='ltr'><strong>qua:</strong></span> <span class='ocrx_word' id='word_1_487' title='bbox 386 1687 584 1718; x_wconf 85' lang='lat' dir='ltr'><strong>consequenter</strong></span> <span class='ocrx_word' id='word_1_488' title='bbox 602 1683 682 1709; x_wconf 88' lang='lat' dir='ltr'><strong>habet</strong></span> <span class='ocrx_word' id='word_1_489' title='bbox 703 1682 824 1709; x_wconf 87' lang='lat' dir='ltr'><strong>narratio</strong></span> <span class='ocrx_word' id='word_1_490' title='bbox 848 1689 943 1717; x_wconf 68' lang='grc' dir='ltr'>ρει-οε-</span> 
     </span>
    </p>
   </div>
   <div class='ocr_carea' id='block_1_70' title="bbox 164 1726 944 1762">
    <p class='ocr_par' dir='ltr' id='par_1_70' title="bbox 164 1726 944 1762">
     <span class='ocr_line' id='line_1_70' title="bbox 164 1726 944 1762; baseline 0.001 -9"><span class='ocrx_word' id='word_1_491' title='bbox 164 1727 245 1761; x_wconf 84' lang='lat' dir='ltr'><strong>peris.</strong></span> <span class='ocrx_word' id='word_1_492' title='bbox 256 1726 356 1753; x_wconf 80' lang='lat' dir='ltr'><strong>Audilu</strong></span> <span class='ocrx_word' id='word_1_493' title='bbox 369 1728 452 1760; x_wconf 85' lang='lat' dir='ltr'><strong>enim,</strong></span> <span class='ocrx_word' id='word_1_494' title='bbox 468 1728 565 1761; x_wconf 86' lang='lat' dir='ltr'><strong>inuuit,</strong></span> <span class='ocrx_word' id='word_1_495' title='bbox 577 1728 701 1759; x_wconf 80' lang='lat' dir='ltr'><strong>audietis,</strong></span> <span class='ocrx_word' id='word_1_496' title='bbox 717 1733 741 1755; x_wconf 78' lang='lat' dir='ltr'><strong>et</strong></span> <span class='ocrx_word' id='word_1_497' title='bbox 757 1737 807 1755; x_wconf 87' lang='lat' dir='ltr'><strong>nan</strong></span> <span class='ocrx_word' id='word_1_498' title='bbox 819 1728 944 1762; x_wconf 79' lang='lat' dir='ltr'><strong>intellige-</strong></span> 
     </span>
    </p>
   </div>
   <div class='ocr_carea' id='block_1_71' title="bbox 165 1772 943 1809">
    <p class='ocr_par' dir='ltr' id='par_1_71' title="bbox 165 1772 943 1809">
     <span class='ocr_line' id='line_1_71' title="bbox 165 1772 943 1809; baseline 0.004 -11"><span class='ocrx_word' id='word_1_499' title='bbox 165 1772 216 1803; x_wconf 75' lang='lat' dir='ltr'><strong>tis;</strong></span> <span class='ocrx_word' id='word_1_500' title='bbox 232 1777 257 1799; x_wconf 86' lang='lat' dir='ltr'><strong>et</strong></span> <span class='ocrx_word' id='word_1_501' title='bbox 273 1773 385 1800; x_wconf 79' lang='lat' dir='ltr'><strong>videntes</strong></span> <span class='ocrx_word' id='word_1_502' title='bbox 398 1773 528 1807; x_wconf 79' lang='lat' dir='ltr'><strong>videbitis,</strong></span> <span class='ocrx_word' id='word_1_503' title='bbox 541 1779 627 1802; x_wconf 82' lang='lat' dir='ltr'><strong>etnon</strong></span> <span class='ocrx_word' id='word_1_504' title='bbox 642 1775 804 1809; x_wconf 73' lang='lat' dir='ltr'><strong>perspicietis</strong></span> <span class='ocrx_word' id='word_1_505' title='bbox 825 1775 845 1802; x_wconf 76' lang='grc'><strong>⁸.</strong></span> <span class='ocrx_word' id='word_1_506' title='bbox 865 1774 943 1802; x_wconf 81' lang='lat' dir='ltr'><strong>Post—</strong></span> 
     </span>
    </p>
   </div>
   <div class='ocr_carea' id='block_1_72' title="bbox 163 1818 945 1854">
    <p class='ocr_par' dir='ltr' id='par_1_72' title="bbox 163 1818 945 1854">
     <span class='ocr_line' id='line_1_72' title="bbox 163 1818 945 1854; baseline 0.005 -11"><span class='ocrx_word' id='word_1_507' title='bbox 163 1825 245 1852; x_wconf 79' lang='lat' dir='ltr'><strong>quam</strong></span> <span class='ocrx_word' id='word_1_508' title='bbox 259 1818 330 1845; x_wconf 90' lang='lat' dir='ltr'><strong>enim</strong></span> <span class='ocrx_word' id='word_1_509' title='bbox 345 1819 437 1846; x_wconf 86' lang='lat' dir='ltr'><strong>vesani</strong></span> <span class='ocrx_word' id='word_1_510' title='bbox 452 1818 548 1851; x_wconf 62' lang='lat' dir='ltr'><strong>Judaei,</strong></span> <span class='ocrx_word' id='word_1_511' title='bbox 563 1819 682 1854; x_wconf 81' lang='lat' dir='ltr'><strong>prodigia</strong></span> <span class='ocrx_word' id='word_1_512' title='bbox 694 1820 812 1854; x_wconf 77' lang='lat' dir='ltr'><strong>gloriosa</strong></span> <span class='ocrx_word' id='word_1_513' title='bbox 824 1828 882 1854; x_wconf 75' lang='lat' dir='ltr'><strong>qurz</strong></span> <span class='ocrx_word' id='word_1_514' title='bbox 893 1820 945 1847; x_wconf 77' lang='lat' dir='ltr'><strong>D0-</strong></span> 
     </span>
    </p>
   </div>
   <div class='ocr_carea' id='block_1_73' title="bbox 164 1864 944 1900">
    <p class='ocr_par' dir='ltr' id='par_1_73' title="bbox 164 1864 944 1900">
     <span class='ocr_line' id='line_1_73' title="bbox 164 1864 944 1900; baseline 0.005 -10"><span class='ocrx_word' id='word_1_515' title='bbox 164 1864 251 1891; x_wconf 80' lang='lat' dir='ltr'><strong>mimu</strong></span> <span class='ocrx_word' id='word_1_516' title='bbox 265 1864 376 1898; x_wconf 79' lang='lat' dir='ltr'><strong>ponebat</strong></span> <span class='ocrx_word' id='word_1_517' title='bbox 390 1873 467 1899; x_wconf 73' lang='lat' dir='ltr'><strong>super</strong></span> <span class='ocrx_word' id='word_1_518' title='bbox 481 1870 577 1892; x_wconf 77' lang='lat' dir='ltr'><strong>terram</strong></span> <span class='ocrx_word' id='word_1_519' title='bbox 587 1866 607 1897; x_wconf 83' lang='grc'>⁸,</span> <span class='ocrx_word' id='word_1_520' title='bbox 619 1866 690 1892; x_wconf 86' lang='lat' dir='ltr'><strong>sicut</strong></span> <span class='ocrx_word' id='word_1_521' title='bbox 700 1866 838 1893; x_wconf 85' lang='lat' dir='ltr'><strong>cecinerat</strong></span> <span class='ocrx_word' id='word_1_522' title='bbox 850 1866 944 1900; x_wconf 85' lang='lat' dir='ltr'><strong>David,</strong></span> 
     </span>
    </p>
   </div>
   <div class='ocr_carea' id='block_1_74' title="bbox 164 1908 946 1944">
    <p class='ocr_par' dir='ltr' id='par_1_74' title="bbox 164 1908 946 1944">
     <span class='ocr_line' id='line_1_74' title="bbox 164 1908 946 1944; baseline 0.003 -10"><span class='ocrx_word' id='word_1_523' title='bbox 164 1908 390 1943; x_wconf 75' lang='lat' dir='ltr'><strong>conspexissent;</strong></span> <span class='ocrx_word' id='word_1_524' title='bbox 403 1909 589 1944; x_wconf 86' lang='lat' dir='ltr'><strong>vidissentque</strong></span> <span class='ocrx_word' id='word_1_525' title='bbox 604 1909 711 1944; x_wconf 82' lang='lat' dir='ltr'><strong>signum</strong></span> <span class='ocrx_word' id='word_1_526' title='bbox 726 1918 759 1936; x_wconf 84' lang='lat' dir='ltr'><strong>ex</strong></span> <span class='ocrx_word' id='word_1_527' title='bbox 771 1909 906 1944; x_wconf 84' lang='lat' dir='ltr'><strong>profundo</strong></span> <span class='ocrx_word' id='word_1_528' title='bbox 919 1914 946 1937; x_wconf 90' lang='lat' dir='ltr'><strong>et</strong></span> 
     </span>
    </p>
   </div>
   <div class='ocr_carea' id='block_1_75' title="bbox 164 1953 944 1990">
    <p class='ocr_par' dir='ltr' id='par_1_75' title="bbox 164 1953 944 1990">
     <span class='ocr_line' id='line_1_75' title="bbox 164 1953 944 1990; baseline 0.004 -11"><span class='ocrx_word' id='word_1_529' title='bbox 164 1953 198 1979; x_wconf 90' lang='lat' dir='ltr'><strong>de</strong></span> <span class='ocrx_word' id='word_1_530' title='bbox 211 1953 319 1981; x_wconf 80' lang='lat' dir='ltr'><strong>excelso</strong></span> <span class='ocrx_word' id='word_1_531' title='bbox 329 1954 350 1986; x_wconf 76' lang='grc'>⁸,</span> <span class='ocrx_word' id='word_1_532' title='bbox 368 1955 540 1982; x_wconf 85' lang='lat' dir='ltr'><strong>inconfusum</strong></span> <span class='ocrx_word' id='word_1_533' title='bbox 553 1962 721 1982; x_wconf 84' lang='lat' dir='ltr'><strong>concurrens</strong></span> <span class='ocrx_word' id='word_1_534' title='bbox 734 1955 944 1990; x_wconf 87' lang='lat' dir='ltr'><strong>indivisumque,</strong></span> 
     </span>
    </p>
   </div>
   <div class='ocr_carea' id='block_1_76' title="bbox 163 2000 947 2037">
    <p class='ocr_par' dir='ltr' id='par_1_76' title="bbox 163 2000 947 2037">
     <span class='ocr_line' id='line_1_76' title="bbox 163 2000 947 2037; baseline 0.004 -12"><span class='ocrx_word' id='word_1_535' title='bbox 163 2000 391 2034; x_wconf 88' lang='lat' dir='ltr'><strong>quemadmodum</strong></span> <span class='ocrx_word' id='word_1_536' title='bbox 425 2003 505 2029; x_wconf 87' lang='lat' dir='ltr'><strong>etiam</strong></span> <span class='ocrx_word' id='word_1_537' title='bbox 520 2001 604 2030; x_wconf 85' lang='lat' dir='ltr'><strong>Isaias</strong></span> <span class='ocrx_word' id='word_1_538' title='bbox 632 2002 792 2037; x_wconf 77' lang='lat' dir='ltr'><strong>przedixerat</strong></span> <span class='ocrx_word' id='word_1_539' title='bbox 818 2011 823 2028; x_wconf 93' lang='lat'>:</span> <span class='ocrx_word' id='word_1_540' title='bbox 851 2010 947 2036; x_wconf 83' lang='lat' dir='ltr'><strong>nempe</strong></span> 
     </span>
    </p>
   </div>
   <div class='ocr_carea' id='block_1_77' title="bbox 165 2045 943 2083">
    <p class='ocr_par' dir='ltr' id='par_1_77' title="bbox 165 2045 943 2083">
     <span class='ocr_line' id='line_1_77' title="bbox 165 2045 943 2083; baseline 0.003 -11"><span class='ocrx_word' id='word_1_541' title='bbox 165 2045 276 2073; x_wconf 85' lang='lat' dir='ltr'><strong>Matrem</strong></span> <span class='ocrx_word' id='word_1_542' title='bbox 289 2055 369 2082; x_wconf 84' lang='lat' dir='ltr'><strong>supra</strong></span> <span class='ocrx_word' id='word_1_543' title='bbox 383 2052 527 2081; x_wconf 83' lang='lat' dir='ltr'><strong>naturam;</strong></span> <span class='ocrx_word' id='word_1_544' title='bbox 544 2048 680 2083; x_wconf 81' lang='lat' dir='ltr'><strong>fetumque</strong></span> <span class='ocrx_word' id='word_1_545' title='bbox 692 2056 773 2083; x_wconf 81' lang='lat' dir='ltr'><strong>supra</strong></span> <span class='ocrx_word' id='word_1_546' title='bbox 790 2048 921 2075; x_wconf 87' lang='lat' dir='ltr'><strong>rationem</strong></span> <span class='ocrx_word' id='word_1_547' title='bbox 938 2058 943 2074; x_wconf 95' lang='lat'>:</span> 
     </span>
    </p>
   </div>
   <div class='ocr_carea' id='block_1_78' title="bbox 166 2094 943 2127">
    <p class='ocr_par' dir='ltr' id='par_1_78' title="bbox 166 2094 943 2127">
     <span class='ocr_line' id='line_1_78' title="bbox 166 2094 943 2127; baseline 0.001 -8"><span class='ocrx_word' id='word_1_548' title='bbox 166 2096 280 2120; x_wconf 87' lang='lat' dir='ltr'><strong>matrem</strong></span> <span class='ocrx_word' id='word_1_549' title='bbox 300 2097 472 2127; x_wconf 82' lang='lat' dir='ltr'><strong>terrestrem;</strong></span> <span class='ocrx_word' id='word_1_550' title='bbox 497 2098 524 2122; x_wconf 89' lang='lat' dir='ltr'><strong>et</strong></span> <span class='ocrx_word' id='word_1_551' title='bbox 550 2094 634 2121; x_wconf 83' lang='lat' dir='ltr'><strong>tilium</strong></span> <span class='ocrx_word' id='word_1_552' title='bbox 656 2095 793 2122; x_wconf 74' lang='lat' dir='ltr'><strong>cmlestcm</strong></span> <span class='ocrx_word' id='word_1_553' title='bbox 808 2104 813 2121; x_wconf 92' lang='lat'>:</span> <span class='ocrx_word' id='word_1_554' title='bbox 831 2101 943 2126; x_wconf 81' lang='lat' dir='ltr'><strong>novatn,</strong></span> 
     </span>
    </p>
   </div>
   <div class='ocr_carea' id='block_1_79' title="bbox 166 2138 945 2175">
    <p class='ocr_par' dir='ltr' id='par_1_79' title="bbox 166 2138 945 2175">
     <span class='ocr_line' id='line_1_79' title="bbox 166 2138 945 2175; baseline 0 -9"><span class='ocrx_word' id='word_1_555' title='bbox 166 2139 292 2173; x_wconf 82' lang='lat' dir='ltr'><strong>inquam,</strong></span> <span class='ocrx_word' id='word_1_556' title='bbox 312 2138 358 2166; x_wconf 85' lang='lat' dir='ltr'><strong>Dei</strong></span> <span class='ocrx_word' id='word_1_557' title='bbox 376 2139 426 2168; x_wconf 84' lang='lat' dir='ltr'><strong>viri</strong></span> <span class='ocrx_word' id='word_1_558' title='bbox 443 2143 577 2171; x_wconf 87' lang='lat' dir='ltr'><strong>naturam,</strong></span> <span class='ocrx_word' id='word_1_559' title='bbox 595 2140 822 2175; x_wconf 85' lang='lat' dir='ltr'><strong>puerperiumque</strong></span> <span class='ocrx_word' id='word_1_560' title='bbox 837 2140 945 2174; x_wconf 83' lang='lat' dir='ltr'><strong>nuptia-</strong></span> 
     </span>
    </p>
   </div>
   <div class='ocr_carea' id='block_1_80' title="bbox 993 1542 1780 1582">
    <p class='ocr_par' dir='ltr' id='par_1_80' title="bbox 993 1542 1780 1582">
     <span class='ocr_line' id='line_1_80' title="bbox 993 1542 1780 1582; baseline -0.006 -10"><span class='ocrx_word' id='word_1_561' title='bbox 993 1547 1118 1582; x_wconf 79' lang='grc' dir='ltr'>εὑρήσεις</span> <span class='ocrx_word' id='word_1_562' title='bbox 1142 1546 1190 1581; x_wconf 80' lang='grc' dir='ltr'>τὴν</span> <span class='ocrx_word' id='word_1_563' title='bbox 1212 1545 1310 1572; x_wconf 75' lang='grc' dir='ltr'>αἰτίαν.</span> <span class='ocrx_word' id='word_1_564' title='bbox 1331 1544 1415 1577; x_wconf 75' lang='grc' dir='ltr'>Ἀκοῇ</span> <span class='ocrx_word' id='word_1_565' title='bbox 1429 1544 1493 1579; x_wconf 77' lang='grc' dir='ltr'>γὰρ,</span> <span class='ocrx_word' id='word_1_566' title='bbox 1509 1543 1600 1578; x_wconf 64' lang='grc' dir='ltr'>φησιν,</span> <span class='ocrx_word' id='word_1_567' title='bbox 1616 1542 1780 1573; x_wconf 74' lang='grc' dir='ltr'>ἀκούσητε,</span> 
     </span>
    </p>
   </div>
   <div class='ocr_carea' id='block_1_81' title="bbox 993 1585 1783 1625">
    <p class='ocr_par' dir='ltr' id='par_1_81' title="bbox 993 1585 1783 1625">
     <span class='ocr_line' id='line_1_81' title="bbox 993 1585 1783 1625; baseline -0.009 -7"><span class='ocrx_word' id='word_1_568' title='bbox 993 1593 1041 1618; x_wconf 74' lang='grc' dir='ltr'>καὶ</span> <span class='ocrx_word' id='word_1_569' title='bbox 1054 1593 1089 1618; x_wconf 86' lang='grc' dir='ltr'>οὺ</span> <span class='ocrx_word' id='word_1_570' title='bbox 1105 1590 1148 1625; x_wconf 78' lang='grc' dir='ltr'>μὴ</span> <span class='ocrx_word' id='word_1_571' title='bbox 1165 1591 1279 1624; x_wconf 81' lang='grc' dir='ltr'>συνῆτε</span> <span class='ocrx_word' id='word_1_572' title='bbox 1289 1598 1296 1602; x_wconf 85' lang='grc'><strong>·</strong></span> <span class='ocrx_word' id='word_1_573' title='bbox 1321 1591 1368 1616; x_wconf 79' lang='grc' dir='ltr'>καὶ</span> <span class='ocrx_word' id='word_1_574' title='bbox 1382 1589 1551 1621; x_wconf 75' lang='grc' dir='ltr'>,βλέποντες</span> <span class='ocrx_word' id='word_1_575' title='bbox 1566 1587 1714 1621; x_wconf 59' lang='grc' dir='ltr'>,ϐλέψητε,</span> <span class='ocrx_word' id='word_1_576' title='bbox 1730 1585 1783 1612; x_wconf 77' lang='grc' dir='ltr'>καὶ</span> 
     </span>
    </p>
   </div>
   <div class='ocr_carea' id='block_1_82' title="bbox 994 1630 1783 1672">
    <p class='ocr_par' dir='ltr' id='par_1_82' title="bbox 994 1630 1783 1672">
     <span class='ocr_line' id='line_1_82' title="bbox 994 1630 1783 1672; baseline -0.01 -8"><span class='ocrx_word' id='word_1_577' title='bbox 994 1639 1028 1665; x_wconf 83' lang='grc' dir='ltr'><strong>οὐ</strong></span> <span class='ocrx_word' id='word_1_578' title='bbox 1039 1637 1082 1672; x_wconf 77' lang='grc' dir='ltr'>μὴ</span> <span class='ocrx_word' id='word_1_579' title='bbox 1099 1637 1189 1671; x_wconf 79' lang='grc' dir='ltr'>ἴδητε.</span> <span class='ocrx_word' id='word_1_580' title='bbox 1206 1637 1281 1663; x_wconf 77' lang='grc' dir='ltr'>Ἐπεὶ</span> <span class='ocrx_word' id='word_1_581' title='bbox 1292 1637 1380 1662; x_wconf 86' lang='grc' dir='ltr'>τοίνυν</span> <span class='ocrx_word' id='word_1_582' title='bbox 1393 1633 1460 1661; x_wconf 72' lang='grc' dir='ltr'>εἶδον</span> <span class='ocrx_word' id='word_1_583' title='bbox 1477 1633 1632 1668; x_wconf 77' lang='grc' dir='ltr'>ἀγνώμονες</span> <span class='ocrx_word' id='word_1_584' title='bbox 1645 1630 1783 1658; x_wconf 78' lang='grc' dir='ltr'>Ἰουδαίων</span> 
     </span>
    </p>
   </div>
   <div class='ocr_carea' id='block_1_83' title="bbox 995 1676 1783 1717">
    <p class='ocr_par' dir='ltr' id='par_1_83' title="bbox 995 1676 1783 1717">
     <span class='ocr_line' id='line_1_83' title="bbox 995 1676 1783 1717; baseline -0.009 -7"><span class='ocrx_word' id='word_1_585' title='bbox 995 1684 1088 1715; x_wconf 84' lang='grc' dir='ltr'>παῖδες</span> <span class='ocrx_word' id='word_1_586' title='bbox 1100 1683 1206 1717; x_wconf 75' lang='grc' dir='ltr'>τέρατα</span> <span class='ocrx_word' id='word_1_587' title='bbox 1219 1682 1321 1714; x_wconf 79' lang='grc' dir='ltr'>ἔνδοξα,</span> <span class='ocrx_word' id='word_1_588' title='bbox 1334 1680 1352 1708; x_wconf 79' lang='grc' dir='ltr'><em>ἂ</em></span> <span class='ocrx_word' id='word_1_589' title='bbox 1368 1682 1450 1707; x_wconf 80' lang='grc' dir='ltr'>ἔθετο</span> <span class='ocrx_word' id='word_1_590' title='bbox 1465 1682 1481 1707; x_wconf 81' lang='grc' dir='ltr'><em>ὁ</em></span> <span class='ocrx_word' id='word_1_591' title='bbox 1494 1680 1565 1712; x_wconf 72' lang='grc' dir='ltr'>Θεὲς</span> <span class='ocrx_word' id='word_1_592' title='bbox 1582 1679 1631 1705; x_wconf 77' lang='grc' dir='ltr'><strong>ἐπὶ</strong></span> <span class='ocrx_word' id='word_1_593' title='bbox 1651 1677 1707 1711; x_wconf 82' lang='grc' dir='ltr'>τῆς</span> <span class='ocrx_word' id='word_1_594' title='bbox 1723 1676 1783 1712; x_wconf 79' lang='grc' dir='ltr'><strong>τῆς</strong></span> 
     </span>
    </p>
   </div>
   <div class='ocr_carea' id='block_1_84' title="bbox 995 1724 1783 1764">
    <p class='ocr_par' dir='ltr' id='par_1_84' title="bbox 995 1724 1783 1764">
     <span class='ocr_line' id='line_1_84' title="bbox 995 1724 1783 1764; baseline -0.01 -8"><span class='ocrx_word' id='word_1_595' title='bbox 995 1729 1065 1756; x_wconf 75' lang='grc' dir='ltr'>κατὰ</span> <span class='ocrx_word' id='word_1_596' title='bbox 1079 1729 1123 1755; x_wconf 70' lang='grc' dir='ltr'>τὸν</span> <span class='ocrx_word' id='word_1_597' title='bbox 1143 1728 1259 1764; x_wconf 79' lang='grc' dir='ltr'>μελῳδὸν</span> <span class='ocrx_word' id='word_1_598' title='bbox 1279 1727 1375 1754; x_wconf 76' lang='grc' dir='ltr'>Δαϐίδ·</span> <span class='ocrx_word' id='word_1_599' title='bbox 1393 1727 1538 1753; x_wconf 78' lang='grc' dir='ltr'>ἐθεάσαντο</span> <span class='ocrx_word' id='word_1_600' title='bbox 1551 1725 1580 1751; x_wconf 81' lang='grc' dir='ltr'><strong>δὲ</strong></span> <span class='ocrx_word' id='word_1_601' title='bbox 1601 1724 1647 1751; x_wconf 75' lang='grc' dir='ltr'>καὶ</span> <span class='ocrx_word' id='word_1_602' title='bbox 1668 1724 1783 1758; x_wconf 80' lang='grc' dir='ltr'>σημεῖον</span> 
     </span>
    </p>
   </div>
   <div class='ocr_carea' id='block_1_85' title="bbox 995 1770 1783 1810">
    <p class='ocr_par' dir='ltr' id='par_1_85' title="bbox 995 1770 1783 1810">
     <span class='ocr_line' id='line_1_85' title="bbox 995 1770 1783 1810; baseline -0.009 -8"><span class='ocrx_word' id='word_1_603' title='bbox 995 1777 1027 1802; x_wconf 80' lang='grc' dir='ltr'><strong>ὲκ</strong></span> <span class='ocrx_word' id='word_1_604' title='bbox 1045 1775 1142 1810; x_wconf 83' lang='grc' dir='ltr'>βάθους</span> <span class='ocrx_word' id='word_1_605' title='bbox 1158 1775 1204 1801; x_wconf 80' lang='grc' dir='ltr'>καὶ</span> <span class='ocrx_word' id='word_1_606' title='bbox 1222 1774 1251 1805; x_wconf 77' lang='grc' dir='ltr'><strong>ἐξ</strong></span> <span class='ocrx_word' id='word_1_607' title='bbox 1268 1773 1350 1807; x_wconf 67' lang='grc' dir='ltr'>ὕψους</span> <span class='ocrx_word' id='word_1_608' title='bbox 1366 1773 1436 1799; x_wconf 72' lang='grc' dir='ltr'>κατὰ</span> <span class='ocrx_word' id='word_1_609' title='bbox 1447 1772 1552 1798; x_wconf 72' lang='grc' dir='ltr'>σύνοδον</span> <span class='ocrx_word' id='word_1_610' title='bbox 1569 1771 1721 1805; x_wconf 80' lang='grc' dir='ltr'>ἀσύγχυτον</span> <span class='ocrx_word' id='word_1_611' title='bbox 1734 1770 1783 1796; x_wconf 62' lang='grc' dir='ltr'>καὶ</span> 
     </span>
    </p>
   </div>
   <div class='ocr_carea' id='block_1_86' title="bbox 995 1814 1783 1856">
    <p class='ocr_par' dir='ltr' id='par_1_86' title="bbox 995 1814 1783 1856">
     <span class='ocr_line' id='line_1_86' title="bbox 995 1814 1783 1856; baseline -0.009 -9"><span class='ocrx_word' id='word_1_612' title='bbox 995 1821 1145 1856; x_wconf 81' lang='grc' dir='ltr'>ἀδιαίρετον</span> <span class='ocrx_word' id='word_1_613' title='bbox 1158 1840 1165 1852; x_wconf 93' lang='grc'><strong>,</strong></span> <span class='ocrx_word' id='word_1_614' title='bbox 1182 1819 1210 1846; x_wconf 83' lang='grc' dir='ltr'><strong>ὃν</strong></span> <span class='ocrx_word' id='word_1_615' title='bbox 1237 1819 1337 1855; x_wconf 81' lang='grc' dir='ltr'>τρόπον</span> <span class='ocrx_word' id='word_1_616' title='bbox 1358 1817 1583 1854; x_wconf 76' lang='grc' dir='ltr'>προανεφώνησεν</span> <span class='ocrx_word' id='word_1_617' title='bbox 1606 1816 1718 1846; x_wconf 71' lang='grc' dir='ltr'>Ἡσαΐας</span> <span class='ocrx_word' id='word_1_618' title='bbox 1741 1814 1783 1850; x_wconf 87' lang='grc' dir='ltr'>(τι</span> 
     </span>
    </p>
   </div>
   <div class='ocr_carea' id='block_1_87' title="bbox 995 1861 1782 1902">
    <p class='ocr_par' dir='ltr' id='par_1_87' title="bbox 995 1861 1782 1902">
     <span class='ocr_line' id='line_1_87' title="bbox 995 1861 1782 1902; baseline -0.009 -9"><span class='ocrx_word' id='word_1_619' title='bbox 995 1867 1090 1898; x_wconf 58' lang='lat' dir='ltr'><strong>toﬁ-to;</strong></span> <span class='ocrx_word' id='word_1_620' title='bbox 1111 1866 1216 1902; x_wconf 78' lang='grc' dir='ltr'>μητέρα</span> <span class='ocrx_word' id='word_1_621' title='bbox 1229 1866 1299 1901; x_wconf 81' lang='grc' dir='ltr'>ὑπὲρ</span> <span class='ocrx_word' id='word_1_622' title='bbox 1317 1866 1408 1899; x_wconf 77' lang='grc' dir='ltr'>φύσιν,</span> <span class='ocrx_word' id='word_1_623' title='bbox 1428 1865 1474 1890; x_wconf 75' lang='grc' dir='ltr'><strong>καὶ</strong></span> <span class='ocrx_word' id='word_1_624' title='bbox 1489 1863 1566 1890; x_wconf 76' lang='grc' dir='ltr'>τόκον</span> <span class='ocrx_word' id='word_1_625' title='bbox 1596 1862 1665 1897; x_wconf 79' lang='grc' dir='ltr'>ὑπὲρ</span> <span class='ocrx_word' id='word_1_626' title='bbox 1682 1861 1782 1895; x_wconf 82' lang='grc' dir='ltr'>λόγον·</span> 
     </span>
    </p>
   </div>
   <div class='ocr_carea' id='block_1_88' title="bbox 999 1909 1782 1948">
    <p class='ocr_par' dir='ltr' id='par_1_88' title="bbox 999 1909 1782 1948">
     <span class='ocr_line' id='line_1_88' title="bbox 999 1909 1782 1948; baseline -0.009 -8"><span class='ocrx_word' id='word_1_627' title='bbox 999 1914 1103 1948; x_wconf 83' lang='grc' dir='ltr'>μητέρα</span> <span class='ocrx_word' id='word_1_628' title='bbox 1127 1913 1259 1946; x_wconf 74' lang='grc' dir='ltr'>ἐπίγειον,</span> <span class='ocrx_word' id='word_1_629' title='bbox 1287 1912 1333 1939; x_wconf 72' lang='grc' dir='ltr'>καὶ</span> <span class='ocrx_word' id='word_1_630' title='bbox 1357 1912 1413 1938; x_wconf 70' lang='grc' dir='ltr'>υἱὸν</span> <span class='ocrx_word' id='word_1_631' title='bbox 1439 1910 1572 1945; x_wconf 73' lang='grc' dir='ltr'>οὐράνιον,</span> <span class='ocrx_word' id='word_1_632' title='bbox 1587 1909 1683 1943; x_wconf 80' lang='grc' dir='ltr'>καινήν</span> <span class='ocrx_word' id='word_1_633' title='bbox 1709 1915 1782 1942; x_wconf 76' lang='grc' dir='ltr'>φημι</span> 
     </span>
    </p>
   </div>
   <div class='ocr_carea' id='block_1_89' title="bbox 997 1953 1782 1995">
    <p class='ocr_par' dir='ltr' id='par_1_89' title="bbox 997 1953 1782 1995">
     <span class='ocr_line' id='line_1_89' title="bbox 997 1953 1782 1995; baseline -0.009 -9"><span class='ocrx_word' id='word_1_634' title='bbox 997 1959 1217 1995; x_wconf 78' lang='grc' dir='ltr'>θεανδρίαν(75),</span> <span class='ocrx_word' id='word_1_635' title='bbox 1235 1959 1281 1985; x_wconf 66' lang='grc' dir='ltr'>καὶ</span> <span class='ocrx_word' id='word_1_636' title='bbox 1302 1958 1379 1993; x_wconf 70' lang='grc' dir='ltr'>λόχον</span> <span class='ocrx_word' id='word_1_637' title='bbox 1403 1956 1589 1991; x_wconf 78' lang='grc' dir='ltr'>ἀπειρόγαμον</span> <span class='ocrx_word' id='word_1_638' title='bbox 1605 1965 1613 1972; x_wconf 93' lang='grc'><strong>·</strong></span> <span class='ocrx_word' id='word_1_639' title='bbox 1627 1953 1665 1982; x_wconf 81' lang='grc' dir='ltr'>ὧν</span> <span class='ocrx_word' id='word_1_640' title='bbox 1685 1954 1711 1980; x_wconf 90' lang='grc' dir='ltr'><strong>τί</strong></span> <span class='ocrx_word' id='word_1_641' title='bbox 1734 1954 1782 1980; x_wconf 75' lang='grc' dir='ltr'>καὶ</span> 
     </span>
    </p>
   </div>
   <div class='ocr_carea' id='block_1_90' title="bbox 997 1999 1783 2040">
    <p class='ocr_par' dir='ltr' id='par_1_90' title="bbox 997 1999 1783 2040">
     <span class='ocr_line' id='line_1_90' title="bbox 997 1999 1783 2040; baseline -0.01 -8"><span class='ocrx_word' id='word_1_642' title='bbox 997 2005 1092 2038; x_wconf 77' lang='grc' dir='ltr'>γένοιτ’</span> <span class='ocrx_word' id='word_1_643' title='bbox 1104 2005 1136 2031; x_wconf 84' lang='grc' dir='ltr'>ἂν</span> <span class='ocrx_word' id='word_1_644' title='bbox 1153 2004 1318 2040; x_wconf 77' lang='grc' dir='ltr'>ἐνδοξότερον</span> <span class='ocrx_word' id='word_1_645' title='bbox 1339 2005 1384 2030; x_wconf 83' lang='grc' dir='ltr'><strong>καί</strong></span> <span class='ocrx_word' id='word_1_646' title='bbox 1403 2001 1625 2038; x_wconf 79' lang='grc' dir='ltr'>περιὸοητότερον</span> <span class='ocrx_word' id='word_1_647' title='bbox 1643 1999 1715 2035; x_wconf 70' lang='grc' dir='ltr'><strong>ἀμφὶ</strong></span> <span class='ocrx_word' id='word_1_648' title='bbox 1733 1999 1783 2034; x_wconf 81' lang='grc' dir='ltr'>τὴν</span> 
     </span>
    </p>
   </div>
   <div class='ocr_carea' id='block_1_91' title="bbox 998 2044 1783 2086">
    <p class='ocr_par' dir='ltr' id='par_1_91' title="bbox 998 2044 1783 2086">
     <span class='ocr_line' id='line_1_91' title="bbox 998 2044 1783 2086; baseline -0.006 -10"><span class='ocrx_word' id='word_1_649' title='bbox 998 2050 1129 2086; x_wconf 86' lang='grc' dir='ltr'>κτίσιν;)·</span> <span class='ocrx_word' id='word_1_650' title='bbox 1148 2051 1194 2077; x_wconf 65' lang='grc' dir='ltr'>καὶ</span> <span class='ocrx_word' id='word_1_651' title='bbox 1211 2051 1296 2077; x_wconf 81' lang='grc' dir='ltr'>ταῦτα</span> <span class='ocrx_word' id='word_1_652' title='bbox 1313 2050 1483 2084; x_wconf 75' lang='grc' dir='ltr'>θεασάμενοι,</span> <span class='ocrx_word' id='word_1_653' title='bbox 1500 2047 1655 2082; x_wconf 79' lang='grc' dir='ltr'>διετέθησαν</span> <span class='ocrx_word' id='word_1_654' title='bbox 1681 2046 1719 2077; x_wconf 86' lang='grc' dir='ltr'>ὼς</span> <span class='ocrx_word' id='word_1_655' title='bbox 1745 2044 1783 2080; x_wconf 82' lang='grc' dir='ltr'>μὴ</span> 
     </span>
    </p>
   </div>
   <div class='ocr_carea' id='block_1_92' title="bbox 999 2090 1783 2132">
    <p class='ocr_par' dir='ltr' id='par_1_92' title="bbox 999 2090 1783 2132">
     <span class='ocr_line' id='line_1_92' title="bbox 999 2090 1783 2132; baseline -0.01 -9"><span class='ocrx_word' id='word_1_656' title='bbox 999 2095 1178 2132; x_wconf 74' lang='grc' dir='ltr'>θεασάμενοι,</span> <span class='ocrx_word' id='word_1_657' title='bbox 1211 2096 1357 2131; x_wconf 81' lang='grc' dir='ltr'>μύσσοντες</span> <span class='ocrx_word' id='word_1_658' title='bbox 1377 2096 1423 2122; x_wconf 78' lang='grc' dir='ltr'>καὶ</span> <span class='ocrx_word' id='word_1_659' title='bbox 1449 2093 1623 2128; x_wconf 85' lang='grc' dir='ltr'>ὑπτιούμενοι</span> <span class='ocrx_word' id='word_1_660' title='bbox 1649 2091 1716 2127; x_wconf 84' lang='grc' dir='ltr'>πρὸς</span> <span class='ocrx_word' id='word_1_661' title='bbox 1735 2090 1783 2125; x_wconf 76' lang='grc' dir='ltr'>τὴν</span> 
     </span>
    </p>
   </div>
   <div class='ocr_carea' id='block_1_93' title="bbox 998 2137 1784 2176">
    <p class='ocr_par' dir='ltr' id='par_1_93' title="bbox 998 2137 1784 2176">
     <span class='ocr_line' id='line_1_93' title="bbox 998 2137 1784 2176; baseline -0.005 -10"><span class='ocrx_word' id='word_1_662' title='bbox 998 2141 1113 2168; x_wconf 80' lang='grc' dir='ltr'>αἰνεσιν·</span> <span class='ocrx_word' id='word_1_663' title='bbox 1133 2142 1176 2168; x_wconf 76' lang='grc' dir='ltr'>διὰ</span> <span class='ocrx_word' id='word_1_664' title='bbox 1200 2142 1277 2168; x_wconf 83' lang='grc' dir='ltr'>τοῦτο</span> <span class='ocrx_word' id='word_1_665' title='bbox 1294 2140 1414 2176; x_wconf 72' lang='grc' dir='ltr'>ἐπλήσθη</span> <span class='ocrx_word' id='word_1_666' title='bbox 1429 2142 1443 2166; x_wconf 86' lang='grc' dir='ltr'>ὁ</span> <span class='ocrx_word' id='word_1_667' title='bbox 1463 2138 1536 2170; x_wconf 81' lang='grc' dir='ltr'>οἶκος</span> <span class='ocrx_word' id='word_1_668' title='bbox 1553 2139 1602 2173; x_wconf 82' lang='grc' dir='ltr'>τῆς</span> <span class='ocrx_word' id='word_1_669' title='bbox 1623 2137 1784 2172; x_wconf 82' lang='grc' dir='ltr'>καυχήσεως</span> 
     </span>
    </p>
   </div>
   <div class='ocr_carea' id='block_1_94' title="bbox 165 2180 941 2222">
    <p class='ocr_par' dir='ltr' id='par_1_94' title="bbox 165 2186 941 2222">
     <span class='ocr_line' id='line_1_94' title="bbox 165 2186 941 2222; baseline -0.001 -9"><span class='ocrx_word' id='word_1_670' title='bbox 165 2193 225 2213; x_wconf 87' lang='lat' dir='ltr'><strong>rum</strong></span> <span class='ocrx_word' id='word_1_671' title='bbox 237 2194 333 2222; x_wconf 79' lang='lat' dir='ltr'><strong>expers</strong></span> <span class='ocrx_word' id='word_1_672' title='bbox 350 2196 356 2213; x_wconf 86' lang='lat'><strong>:</strong></span> <span class='ocrx_word' id='word_1_673' title='bbox 376 2186 485 2222; x_wconf 87' lang='lat' dir='ltr'><strong>quibus,</strong></span> <span class='ocrx_word' id='word_1_674' title='bbox 502 2187 565 2222; x_wconf 86' lang='lat' dir='ltr'><strong>quid</strong></span> <span class='ocrx_word' id='word_1_675' title='bbox 582 2193 699 2221; x_wconf 83' lang='lat' dir='ltr'><strong>unquam</strong></span> <span class='ocrx_word' id='word_1_676' title='bbox 711 2186 858 2221; x_wconf 81' lang='lat' dir='ltr'><strong>gloriosius</strong></span> <span class='ocrx_word' id='word_1_677' title='bbox 872 2186 941 2212; x_wconf 85' lang='lat' dir='ltr'><strong>circa</strong></span> 
     </span>
    </p>
   </div>
   <div class='ocr_carea' id='block_1_95' title="bbox 994 2180 1213 2222">
    <p class='ocr_par' dir='ltr' id='par_1_95' title="bbox 998 2187 1213 2214">
     <span class='ocr_line' id='line_1_95' title="bbox 998 2187 1213 2214; baseline 0.005 -1"><span class='ocrx_word' id='word_1_678' title='bbox 998 2188 1087 2214; x_wconf 73' lang='grc' dir='ltr'>αὐτῶν</span> <span class='ocrx_word' id='word_1_679' title='bbox 1101 2187 1213 2214; x_wconf 76' lang='grc' dir='ltr'>καπνοῦ.</span> 
     </span>
    </p>
   </div>
   <div class='ocr_carea' id='block_1_96' title="bbox 165 2230 1784 2268">
    <p class='ocr_par' dir='ltr' id='par_1_96' title="bbox 165 2230 1784 2268">
     <span class='ocr_line' id='line_1_96' title="bbox 165 2230 1784 2268; baseline -0.002 -9"><span class='ocrx_word' id='word_1_680' title='bbox 165 2237 337 2265; x_wconf 86' lang='lat' dir='ltr'><strong>creaturam,</strong></span> <span class='ocrx_word' id='word_1_681' title='bbox 354 2233 417 2268; x_wconf 91' lang='lat' dir='ltr'><strong>quid</strong></span> <span class='ocrx_word' id='word_1_682' title='bbox 436 2241 499 2260; x_wconf 88' lang='lat' dir='ltr'><strong>vero</strong></span> <span class='ocrx_word' id='word_1_683' title='bbox 513 2233 645 2260; x_wconf 87' lang='lat' dir='ltr'><strong>celcbrius</strong></span> <span class='ocrx_word' id='word_1_684' title='bbox 663 2232 748 2266; x_wconf 84' lang='lat' dir='ltr'><strong>possit</strong></span> <span class='ocrx_word' id='word_1_685' title='bbox 769 2231 845 2258; x_wconf 77' lang='lat' dir='ltr'><strong>fieri?</strong></span> <span class='ocrx_word' id='word_1_686' title='bbox 869 2232 941 2264; x_wconf 53' lang='lat' dir='ltr'><strong>hac,</strong></span> <span class='ocrx_word' id='word_1_687' title='bbox 958 2233 1066 2268; x_wconf 83' lang='lat' dir='ltr'><strong>inquam</strong></span> <span class='ocrx_word' id='word_1_688' title='bbox 1078 2254 1086 2266; x_wconf 94' lang='lat'><strong>,</strong></span> <span class='ocrx_word' id='word_1_689' title='bbox 1101 2234 1139 2260; x_wconf 88' lang='lat' dir='ltr'><strong>illi</strong></span> <span class='ocrx_word' id='word_1_690' title='bbox 1159 2242 1220 2261; x_wconf 91' lang='lat' dir='ltr'><strong>cum</strong></span> <span class='ocrx_word' id='word_1_691' title='bbox 1246 2234 1394 2264; x_wconf 83' lang='lat' dir='ltr'><strong>vidissent,</strong></span> <span class='ocrx_word' id='word_1_692' title='bbox 1423 2232 1536 2267; x_wconf 86' lang='lat' dir='ltr'><strong>perinde</strong></span> <span class='ocrx_word' id='word_1_693' title='bbox 1552 2230 1638 2258; x_wconf 73' lang='lat' dir='ltr'><strong>affecti</strong></span> <span class='ocrx_word' id='word_1_694' title='bbox 1660 2232 1725 2256; x_wconf 86' lang='lat' dir='ltr'><strong>sunt</strong></span> <span class='ocrx_word' id='word_1_695' title='bbox 1752 2235 1784 2256; x_wconf 83' lang='lat' dir='ltr'><strong>ac</strong></span> 
     </span>
    </p>
   </div>
   <div class='ocr_carea' id='block_1_97' title="bbox 166 2275 1784 2319">
    <p class='ocr_par' dir='ltr' id='par_1_97' title="bbox 166 2275 1784 2319">
     <span class='ocr_line' id='line_1_97' title="bbox 166 2275 1784 2319; baseline -0.004 -11"><span class='ocrx_word' id='word_1_696' title='bbox 166 2280 189 2308; x_wconf 87' lang='lat' dir='ltr'><strong>si</strong></span> <span class='ocrx_word' id='word_1_697' title='bbox 206 2289 259 2308; x_wconf 91' lang='lat' dir='ltr'><strong>non</strong></span> <span class='ocrx_word' id='word_1_698' title='bbox 274 2281 422 2314; x_wconf 84' lang='lat' dir='ltr'><strong>vidissent,</strong></span> <span class='ocrx_word' id='word_1_699' title='bbox 443 2282 600 2309; x_wconf 86' lang='lat' dir='ltr'><strong>claudentes</strong></span> <span class='ocrx_word' id='word_1_700' title='bbox 620 2282 730 2314; x_wconf 88' lang='lat' dir='ltr'><strong>oculos,</strong></span> <span class='ocrx_word' id='word_1_701' title='bbox 757 2284 784 2308; x_wconf 89' lang='lat' dir='ltr'><strong>et</strong></span> <span class='ocrx_word' id='word_1_702' title='bbox 812 2281 844 2307; x_wconf 85' lang='lat' dir='ltr'><strong>ad</strong></span> <span class='ocrx_word' id='word_1_703' title='bbox 865 2280 972 2319; x_wconf 78' lang='lat' dir='ltr'><strong>laudem</strong></span> <span class='ocrx_word' id='word_1_704' title='bbox 999 2283 1099 2317; x_wconf 89' lang='lat' dir='ltr'><strong>supini.</strong></span> <span class='ocrx_word' id='word_1_705' title='bbox 1122 2283 1266 2318; x_wconf 87' lang='lat' dir='ltr'><strong>Propterea</strong></span> <span class='ocrx_word' id='word_1_706' title='bbox 1289 2282 1389 2317; x_wconf 87' lang='lat' dir='ltr'><strong>repleta</strong></span> <span class='ocrx_word' id='word_1_707' title='bbox 1422 2285 1464 2308; x_wconf 88' lang='lat' dir='ltr'><strong>est</strong></span> <span class='ocrx_word' id='word_1_708' title='bbox 1489 2280 1587 2307; x_wconf 86' lang='lat' dir='ltr'><strong>domus</strong></span> <span class='ocrx_word' id='word_1_709' title='bbox 1613 2275 1784 2313; x_wconf 78' lang='lat' dir='ltr'><strong>gloriationis</strong></span> 
     </span>
    </p>
   </div>
   <div class='ocr_carea' id='block_1_98' title="bbox 165 2328 378 2356">
    <p class='ocr_par' dir='ltr' id='par_1_98' title="bbox 165 2328 378 2356">
     <span class='ocr_line' id='line_1_98' title="bbox 165 2328 378 2356; baseline 0 0"><span class='ocrx_word' id='word_1_710' title='bbox 165 2336 258 2356; x_wconf 88' lang='lat' dir='ltr'><strong>corum</strong></span> <span class='ocrx_word' id='word_1_711' title='bbox 294 2328 378 2356; x_wconf 89' lang='lat' dir='ltr'><strong>fumo.</strong></span> 
     </span>
    </p>
   </div>
   <div class='ocr_carea' id='block_1_99' title="bbox 221 2376 420 2410">
    <p class='ocr_par' dir='ltr' id='par_1_99' title="bbox 221 2376 420 2410">
     <span class='ocr_line' id='line_1_99' title="bbox 221 2376 420 2410; baseline 0.015 -8"><span class='ocrx_word' id='word_1_712' title='bbox 221 2377 228 2392; x_wconf 82' lang='lat'>&#39;</span> <span class='ocrx_word' id='word_1_713' title='bbox 251 2376 312 2404; x_wconf 85' lang='lat' dir='ltr'><strong>Luc.</strong></span> <span class='ocrx_word' id='word_1_714' title='bbox 332 2385 361 2410; x_wconf 90' lang='lat' dir='ltr'><strong>Il,</strong></span> <span class='ocrx_word' id='word_1_715' title='bbox 377 2378 420 2405; x_wconf 80' lang='lat'><strong>58.</strong></span> 
     </span>
    </p>
   </div>
   <div class='ocr_carea' id='block_1_100' title="bbox 166 2411 273 2442">
    <p class='ocr_par' dir='ltr' id='par_1_100' title="bbox 166 2411 273 2442">
     <span class='ocr_line' id='line_1_100' title="bbox 166 2411 273 2442; baseline 0.009 -5"><span class='ocrx_word' id='word_1_716' title='bbox 166 2411 273 2442; x_wconf 84' lang='lat' dir='ltr'><strong>vn,H.</strong></span> 
     </span>
    </p>
   </div>
   <div class='ocr_carea' id='block_1_101' title="bbox 201 2456 948 2492">
    <p class='ocr_par' dir='ltr' id='par_1_101' title="bbox 201 2456 948 2492">
     <span class='ocr_line' id='line_1_101' title="bbox 201 2456 948 2492; baseline 0 -9"><span class='ocrx_word' id='word_1_717' title='bbox 201 2456 256 2491; x_wconf 76' lang='lat'>(73)</span> <span class='ocrx_word' id='word_1_718' title='bbox 274 2457 332 2490; x_wconf 81' lang='grc' dir='ltr'><strong>Τὴν</strong></span> <span class='ocrx_word' id='word_1_719' title='bbox 342 2459 585 2492; x_wconf 71' lang='grc' dir='ltr'>ἀνθομολόγησιν</span> <span class='ocrx_word' id='word_1_720' title='bbox 597 2457 798 2492; x_wconf 64' lang='grc' dir='ltr'>πρε-(νεκὸμιζὲ.</span> <span class='ocrx_word' id='word_1_721' title='bbox 817 2458 863 2484; x_wconf 64' lang='lat' dir='ltr'><strong>list</strong></span> <span class='ocrx_word' id='word_1_722' title='bbox 878 2458 948 2492; x_wconf 84' lang='lat' dir='ltr'><strong>apud</strong></span> 
     </span>
    </p>
   </div>
   <div class='ocr_carea' id='block_1_102' title="bbox 166 2490 947 2528">
    <p class='ocr_par' dir='ltr' id='par_1_102' title="bbox 166 2490 947 2528">
     <span class='ocr_line' id='line_1_102' title="bbox 166 2490 947 2528; baseline 0.001 -11"><span class='ocrx_word' id='word_1_723' title='bbox 166 2490 472 2528; x_wconf 20' lang='grc' dir='ltr'>Ιιυνίξηὰνθιυμολογέῖτο.</span> <span class='ocrx_word' id='word_1_724' title='bbox 489 2490 560 2527; x_wconf 78' lang='lat' dir='ltr'><strong>quod</strong></span> <span class='ocrx_word' id='word_1_725' title='bbox 585 2490 681 2520; x_wconf 73' lang='lat' dir='ltr'><strong>auctor</strong></span> <span class='ocrx_word' id='word_1_726' title='bbox 700 2490 732 2518; x_wconf 75' lang='lat' dir='ltr'><strong>ut</strong></span> <span class='ocrx_word' id='word_1_727' title='bbox 751 2490 947 2518; x_wconf 73' lang='lat' dir='ltr'><strong>mlvcrsativum</strong></span> 
     </span>
    </p>
   </div>
   <div class='ocr_carea' id='block_1_103' title="bbox 167 2527 950 2562">
    <p class='ocr_par' dir='ltr' id='par_1_103' title="bbox 167 2527 950 2562">
     <span class='ocr_line' id='line_1_103' title="bbox 167 2527 950 2562; baseline 0 -10"><span class='ocrx_word' id='word_1_728' title='bbox 167 2527 303 2554; x_wconf 77' lang='lat' dir='ltr'><strong>subtiliter</strong></span> <span class='ocrx_word' id='word_1_729' title='bbox 317 2529 437 2562; x_wconf 76' lang='lat' dir='ltr'><strong>exponit.</strong></span> <span class='ocrx_word' id='word_1_730' title='bbox 455 2528 532 2562; x_wconf 70' lang='lat' dir='ltr'><strong>Vulg.</strong></span> <span class='ocrx_word' id='word_1_731' title='bbox 544 2533 660 2558; x_wconf 79' lang='lat' dir='ltr'><strong>tantum,</strong></span> <span class='ocrx_word' id='word_1_732' title='bbox 684 2528 866 2560; x_wconf 72' lang='lat' dir='ltr'><strong>confitebatur.</strong></span> <span class='ocrx_word' id='word_1_733' title='bbox 885 2528 950 2553; x_wconf 81' lang='lat' dir='ltr'><strong>Era-</strong></span> 
     </span>
    </p>
   </div>
   <div class='ocr_carea' id='block_1_104' title="bbox 167 2562 950 2597">
    <p class='ocr_par' dir='ltr' id='par_1_104' title="bbox 167 2562 950 2597">
     <span class='ocr_line' id='line_1_104' title="bbox 167 2562 950 2597; baseline 0.001 -10"><span class='ocrx_word' id='word_1_734' title='bbox 167 2568 254 2593; x_wconf 82' lang='lat' dir='ltr'><strong>smus,</strong></span> <span class='ocrx_word' id='word_1_735' title='bbox 279 2562 367 2595; x_wconf 81' lang='lat' dir='ltr'><strong>palum</strong></span> <span class='ocrx_word' id='word_1_736' title='bbox 389 2563 563 2597; x_wconf 80' lang='lat' dir='ltr'><strong>rouﬁlebatur</strong></span> <span class='ocrx_word' id='word_1_737' title='bbox 580 2572 589 2589; x_wconf 89' lang='lat'><em>:</em></span> <span class='ocrx_word' id='word_1_738' title='bbox 606 2563 678 2597; x_wconf 87' lang='lat' dir='ltr'><strong>quod</strong></span> <span class='ocrx_word' id='word_1_739' title='bbox 703 2563 847 2597; x_wconf 85' lang='lat' dir='ltr'><strong>adjectum,</strong></span> <span class='ocrx_word' id='word_1_740' title='bbox 873 2570 950 2589; x_wconf 84' lang='lat' dir='ltr'><strong>sacer</strong></span> 
     </span>
    </p>
   </div>
   <div class='ocr_carea' id='block_1_105' title="bbox 168 2598 614 2628">
    <p class='ocr_par' dir='ltr' id='par_1_105' title="bbox 168 2598 614 2628">
     <span class='ocr_line' id='line_1_105' title="bbox 168 2598 614 2628; baseline 0.002 -6"><span class='ocrx_word' id='word_1_741' title='bbox 168 2600 268 2628; x_wconf 80' lang='lat' dir='ltr'><strong>textus,</strong></span> <span class='ocrx_word' id='word_1_742' title='bbox 287 2598 375 2625; x_wconf 88' lang='lat' dir='ltr'><strong>minus</strong></span> <span class='ocrx_word' id='word_1_743' title='bbox 387 2598 487 2624; x_wconf 45' lang='lat' dir='ltr'><strong>habere</strong></span> <span class='ocrx_word' id='word_1_744' title='bbox 500 2598 614 2624; x_wconf 62' lang='lat' dir='ltr'><strong>videtur.</strong></span> 
     </span>
    </p>
   </div>
   <div class='ocr_carea' id='block_1_106' title="bbox 203 2631 953 2665">
    <p class='ocr_par' dir='ltr' id='par_1_106' title="bbox 203 2631 953 2665">
     <span class='ocr_line' id='line_1_106' title="bbox 203 2631 953 2665; baseline 0.003 -9"><span class='ocrx_word' id='word_1_745' title='bbox 203 2631 258 2665; x_wconf 67' lang='lat'><strong>(7-1)</strong></span> <span class='ocrx_word' id='word_1_746' title='bbox 275 2633 470 2665; x_wconf 75' lang='grc' dir='ltr'>Παρενθέτως.</span> <span class='ocrx_word' id='word_1_747' title='bbox 494 2631 573 2659; x_wconf 83' lang='lat' dir='ltr'><strong>Velut</strong></span> <span class='ocrx_word' id='word_1_748' title='bbox 595 2633 822 2663; x_wconf 80' lang='lat' dir='ltr'><strong>concomitanler;</strong></span> <span class='ocrx_word' id='word_1_749' title='bbox 839 2632 895 2658; x_wconf 78' lang='grc' dir='ltr'>ἀλλ’</span> <span class='ocrx_word' id='word_1_750' title='bbox 910 2633 953 2658; x_wconf 76' lang='grc' dir='ltr'><strong>ὲν-</strong></span> 
     </span>
    </p>
   </div>
   <div class='ocr_carea' id='block_1_107' title="bbox 168 2665 954 2701">
    <p class='ocr_par' dir='ltr' id='par_1_107' title="bbox 168 2665 954 2701">
     <span class='ocr_line' id='line_1_107' title="bbox 168 2665 954 2701; baseline 0.001 -9"><span class='ocrx_word' id='word_1_751' title='bbox 168 2665 340 2701; x_wconf 81' lang='grc' dir='ltr'>σημάντρως,</span> <span class='ocrx_word' id='word_1_752' title='bbox 356 2675 404 2701; x_wconf 88' lang='lat' dir='ltr'><strong>per</strong></span> <span class='ocrx_word' id='word_1_753' title='bbox 419 2676 447 2694; x_wconf 91' lang='lat' dir='ltr'><strong>sc</strong></span> <span class='ocrx_word' id='word_1_754' title='bbox 460 2672 486 2693; x_wconf 83' lang='lat' dir='ltr'><strong>et</strong></span> <span class='ocrx_word' id='word_1_755' title='bbox 498 2667 657 2699; x_wconf 85' lang='lat' dir='ltr'><strong>formaliter,</strong></span> <span class='ocrx_word' id='word_1_756' title='bbox 673 2675 730 2698; x_wconf 81' lang='lat' dir='ltr'><strong>seu,</strong></span> <span class='ocrx_word' id='word_1_757' title='bbox 748 2671 776 2693; x_wconf 84' lang='lat' dir='ltr'><strong>ut</strong></span> <span class='ocrx_word' id='word_1_758' title='bbox 791 2667 824 2693; x_wconf 80' lang='lat' dir='ltr'><strong>ab</strong></span> <span class='ocrx_word' id='word_1_759' title='bbox 840 2668 896 2700; x_wconf 56' lang='lat' dir='ltr'><strong>ipsa</strong></span> <span class='ocrx_word' id='word_1_760' title='bbox 908 2675 954 2693; x_wconf 83' lang='lat' dir='ltr'><strong>ca-</strong></span> 
     </span>
    </p>
   </div>
   <div class='ocr_carea' id='block_1_108' title="bbox 168 2700 953 2736">
    <p class='ocr_par' dir='ltr' id='par_1_108' title="bbox 168 2700 953 2736">
     <span class='ocr_line' id='line_1_108' title="bbox 168 2700 953 2736; baseline 0.001 -10"><span class='ocrx_word' id='word_1_761' title='bbox 168 2700 229 2727; x_wconf 85' lang='lat' dir='ltr'><strong>dem</strong></span> <span class='ocrx_word' id='word_1_762' title='bbox 245 2700 337 2732; x_wconf 81' lang='lat' dir='ltr'><strong>causa,</strong></span> <span class='ocrx_word' id='word_1_763' title='bbox 357 2700 371 2728; x_wconf 72' lang='grc' dir='ltr'>ἐι</span> <span class='ocrx_word' id='word_1_764' title='bbox 393 2710 445 2736; x_wconf 90' lang='lat' dir='ltr'><strong>qua</strong></span> <span class='ocrx_word' id='word_1_765' title='bbox 461 2709 514 2728; x_wconf 88' lang='lat' dir='ltr'><strong>non</strong></span> <span class='ocrx_word' id='word_1_766' title='bbox 531 2701 630 2733; x_wconf 79' lang='lat' dir='ltr'><strong>innuis,</strong></span> <span class='ocrx_word' id='word_1_767' title='bbox 649 2702 695 2728; x_wconf 82' lang='lat' dir='ltr'><strong>sed</strong></span> <span class='ocrx_word' id='word_1_768' title='bbox 712 2702 840 2736; x_wconf 83' lang='lat' dir='ltr'><strong>splendor</strong></span> <span class='ocrx_word' id='word_1_769' title='bbox 856 2707 881 2728; x_wconf 79' lang='lat' dir='ltr'><strong>et</strong></span> <span class='ocrx_word' id='word_1_770' title='bbox 897 2703 953 2727; x_wconf 81' lang='lat' dir='ltr'><strong>cla-</strong></span> 
     </span>
    </p>
   </div>
   <div class='ocr_carea' id='block_1_109' title="bbox 170 2735 952 2771">
    <p class='ocr_par' dir='ltr' id='par_1_109' title="bbox 170 2735 952 2771">
     <span class='ocr_line' id='line_1_109' title="bbox 170 2735 952 2771; baseline 0.003 -10"><span class='ocrx_word' id='word_1_771' title='bbox 170 2735 248 2765; x_wconf 83' lang='lat' dir='ltr'><strong>ritas,</strong></span> <span class='ocrx_word' id='word_1_772' title='bbox 267 2735 429 2763; x_wconf 80' lang='lat' dir='ltr'><strong>videbantur</strong></span> <span class='ocrx_word' id='word_1_773' title='bbox 450 2737 558 2763; x_wconf 87' lang='lat' dir='ltr'><strong>domum</strong></span> <span class='ocrx_word' id='word_1_774' title='bbox 579 2735 733 2771; x_wconf 71' lang='lat' dir='ltr'><strong>repleturai</strong></span> <span class='ocrx_word' id='word_1_775' title='bbox 752 2744 831 2763; x_wconf 79' lang='lat' dir='ltr'><strong>verso</strong></span> <span class='ocrx_word' id='word_1_776' title='bbox 847 2737 952 2763; x_wconf 73' lang='lat' dir='ltr'><strong>scilicet</strong></span> 
     </span>
    </p>
   </div>
   <div class='ocr_carea' id='block_1_110' title="bbox 171 2771 952 2803">
    <p class='ocr_par' dir='ltr' id='par_1_110' title="bbox 171 2771 952 2803">
     <span class='ocr_line' id='line_1_110' title="bbox 171 2771 952 2803; baseline 0.001 -6"><span class='ocrx_word' id='word_1_777' title='bbox 171 2772 198 2797; x_wconf 92' lang='lat' dir='ltr'><strong>in</strong></span> <span class='ocrx_word' id='word_1_778' title='bbox 220 2778 364 2803; x_wconf 80' lang='lat' dir='ltr'><strong>venenum,</strong></span> <span class='ocrx_word' id='word_1_779' title='bbox 388 2771 506 2797; x_wconf 86' lang='lat' dir='ltr'><strong>humana</strong></span> <span class='ocrx_word' id='word_1_780' title='bbox 526 2771 637 2803; x_wconf 83' lang='lat' dir='ltr'><strong>malitia,</strong></span> <span class='ocrx_word' id='word_1_781' title='bbox 661 2772 831 2799; x_wconf 76' lang='lat' dir='ltr'><strong>divinissimo</strong></span> <span class='ocrx_word' id='word_1_782' title='bbox 849 2772 893 2798; x_wconf 80' lang='lat' dir='ltr'><strong>illo</strong></span> <span class='ocrx_word' id='word_1_783' title='bbox 911 2779 952 2798; x_wconf 90' lang='lat' dir='ltr'><strong>re-</strong></span> 
     </span>
    </p>
   </div>
   <div class='ocr_carea' id='block_1_111' title="bbox 461 2377 768 2409">
    <p class='ocr_par' dir='ltr' id='par_1_111' title="bbox 461 2377 768 2409">
     <span class='ocr_line' id='line_1_111' title="bbox 461 2377 768 2409; baseline -0.003 -5"><span class='ocrx_word' id='word_1_784' title='bbox 461 2378 470 2392; x_wconf 85' lang='lat'>&#39;</span> <span class='ocrx_word' id='word_1_785' title='bbox 486 2377 561 2406; x_wconf 83' lang='lat' dir='ltr'><strong>Deut.</strong></span> <span class='ocrx_word' id='word_1_786' title='bbox 579 2378 708 2409; x_wconf 60' lang='lat' dir='ltr'><strong>vanJS,</strong></span> <span class='ocrx_word' id='word_1_787' title='bbox 726 2377 768 2403; x_wconf 82' lang='lat' dir='ltr'><strong>l9.</strong></span> 
     </span>
    </p>
   </div>
   <div class='ocr_carea' id='block_1_112' title="bbox 807 2376 974 2409">
    <p class='ocr_par' dir='ltr' id='par_1_112' title="bbox 807 2376 974 2409">
     <span class='ocr_line' id='line_1_112' title="bbox 807 2376 974 2409; baseline 0.006 -7"><span class='ocrx_word' id='word_1_788' title='bbox 807 2377 816 2391; x_wconf 79' lang='grc'><em>³</em></span> <span class='ocrx_word' id='word_1_789' title='bbox 832 2376 889 2403; x_wconf 79' lang='lat' dir='ltr'><strong>Isa.</strong></span> <span class='ocrx_word' id='word_1_790' title='bbox 899 2385 935 2409; x_wconf 81' lang='lat' dir='ltr'><strong>vi,</strong></span> <span class='ocrx_word' id='word_1_791' title='bbox 950 2377 974 2403; x_wconf 59' lang='grc' dir='ltr'><strong>Α.</strong></span> 
     </span>
    </p>
   </div>
   <div class='ocr_carea' id='block_1_113' title="bbox 1014 2370 1781 2408">
    <p class='ocr_par' dir='ltr' id='par_1_113' title="bbox 1014 2370 1781 2408">
     <span class='ocr_line' id='line_1_113' title="bbox 1014 2370 1781 2408; baseline -0.005 -6"><span class='ocrx_word' id='word_1_792' title='bbox 1014 2376 1024 2391; x_wconf 71' lang='grc'><strong><em>⁸</em></strong></span> <span class='ocrx_word' id='word_1_793' title='bbox 1042 2376 1104 2403; x_wconf 83' lang='lat' dir='ltr'><strong>ibid.</strong></span> <span class='ocrx_word' id='word_1_794' title='bbox 1117 2376 1149 2408; x_wconf 85' lang='lat'><strong>9;</strong></span> <span class='ocrx_word' id='word_1_795' title='bbox 1166 2376 1222 2402; x_wconf 75' lang='lat' dir='ltr'><strong>Act.</strong></span> <span class='ocrx_word' id='word_1_796' title='bbox 1244 2383 1338 2406; x_wconf 78' lang='lat' dir='ltr'><strong>xxvm,</strong></span> <span class='ocrx_word' id='word_1_797' title='bbox 1352 2375 1398 2401; x_wconf 69' lang='lat'><strong>&#39;26.</strong></span> <span class='ocrx_word' id='word_1_798' title='bbox 1435 2374 1445 2390; x_wconf 84' lang='grc'><strong><em>⁵</em></strong></span> <span class='ocrx_word' id='word_1_799' title='bbox 1458 2373 1533 2400; x_wconf 80' lang='lat' dir='ltr'><strong>Psal.</strong></span> <span class='ocrx_word' id='word_1_800' title='bbox 1551 2380 1612 2404; x_wconf 84' lang='lat' dir='ltr'><strong>va,</strong></span> <span class='ocrx_word' id='word_1_801' title='bbox 1632 2372 1659 2399; x_wconf 85' lang='lat'><strong>9.</strong></span> <span class='ocrx_word' id='word_1_802' title='bbox 1698 2372 1708 2387; x_wconf 74' lang='grc'>⁸</span> <span class='ocrx_word' id='word_1_803' title='bbox 1722 2370 1781 2399; x_wconf 77' lang='lat' dir='ltr'><strong>Im.</strong></span> 
     </span>
    </p>
   </div>
   <div class='ocr_carea' id='block_1_114' title="bbox 1003 2455 1786 2489">
    <p class='ocr_par' dir='ltr' id='par_1_114' title="bbox 1003 2455 1786 2489">
     <span class='ocr_line' id='line_1_114' title="bbox 1003 2455 1786 2489; baseline -0.005 -4"><span class='ocrx_word' id='word_1_804' title='bbox 1003 2459 1101 2485; x_wconf 83' lang='lat' dir='ltr'><strong>medio.</strong></span> <span class='ocrx_word' id='word_1_805' title='bbox 1122 2457 1264 2487; x_wconf 84' lang='lat' dir='ltr'><strong>Pantinus,</strong></span> <span class='ocrx_word' id='word_1_806' title='bbox 1288 2465 1337 2483; x_wconf 86' lang='lat' dir='ltr'><strong>non</strong></span> <span class='ocrx_word' id='word_1_807' title='bbox 1354 2457 1450 2486; x_wconf 72' lang='lat' dir='ltr'><strong>lci-iter,</strong></span> <span class='ocrx_word' id='word_1_808' title='bbox 1467 2465 1497 2483; x_wconf 85' lang='lat' dir='ltr'><strong>ac</strong></span> <span class='ocrx_word' id='word_1_809' title='bbox 1512 2455 1580 2482; x_wconf 80' lang='lat' dir='ltr'><strong>velut</strong></span> <span class='ocrx_word' id='word_1_810' title='bbox 1597 2455 1786 2489; x_wconf 76' lang='lat' dir='ltr'><strong>perfunctorie,</strong></span> 
     </span>
    </p>
   </div>
   <div class='ocr_carea' id='block_1_115' title="bbox 1003 2490 1785 2526">
    <p class='ocr_par' dir='ltr' id='par_1_115' title="bbox 1003 2490 1785 2526">
     <span class='ocr_line' id='line_1_115' title="bbox 1003 2490 1785 2526; baseline -0.008 -6"><span class='ocrx_word' id='word_1_811' title='bbox 1003 2493 1088 2520; x_wconf 81' lang='lat' dir='ltr'><strong>levius</strong></span> <span class='ocrx_word' id='word_1_812' title='bbox 1109 2501 1173 2519; x_wconf 81' lang='lat' dir='ltr'><strong>sane</strong></span> <span class='ocrx_word' id='word_1_813' title='bbox 1192 2492 1363 2525; x_wconf 75' lang='lat' dir='ltr'><strong>defungenlis</strong></span> <span class='ocrx_word' id='word_1_814' title='bbox 1381 2492 1502 2526; x_wconf 83' lang='lat' dir='ltr'><strong>partibus</strong></span> <span class='ocrx_word' id='word_1_815' title='bbox 1520 2490 1785 2526; x_wconf 20' lang='lat' dir='ltr'><strong>probirinterpretis.</strong></span> 
     </span>
    </p>
   </div>
   <div class='ocr_carea' id='block_1_116' title="bbox 1038 2523 1788 2560">
    <p class='ocr_par' dir='ltr' id='par_1_116' title="bbox 1038 2523 1788 2560">
     <span class='ocr_line' id='line_1_116' title="bbox 1038 2523 1788 2560; baseline -0.004 -6"><span class='ocrx_word' id='word_1_816' title='bbox 1038 2530 1092 2560; x_wconf 74' lang='lat'>(&#39;13)</span> <span class='ocrx_word' id='word_1_817' title='bbox 1111 2527 1226 2560; x_wconf 71' lang='grc' dir='ltr'>Καινὴν</span> <span class='ocrx_word' id='word_1_818' title='bbox 1239 2523 1404 2559; x_wconf 61' lang='grc' dir='ltr'>οεὶὶν-δρίαὶκ</span> <span class='ocrx_word' id='word_1_819' title='bbox 1421 2526 1506 2552; x_wconf 79' lang='lat' dir='ltr'><strong>Simili</strong></span> <span class='ocrx_word' id='word_1_820' title='bbox 1521 2523 1615 2560; x_wconf 72' lang='lat' dir='ltr'><strong>plu&#39;asi</strong></span> <span class='ocrx_word' id='word_1_821' title='bbox 1631 2529 1712 2560; x_wconf 83' lang='lat' dir='ltr'><strong>atque</strong></span> <span class='ocrx_word' id='word_1_822' title='bbox 1725 2523 1788 2560; x_wconf 82' lang='lat' dir='ltr'><strong>Dio-</strong></span> 
     </span>
    </p>
   </div>
   <div class='ocr_carea' id='block_1_117' title="bbox 1003 2559 1789 2598">
    <p class='ocr_par' dir='ltr' id='par_1_117' title="bbox 1003 2559 1789 2598">
     <span class='ocr_line' id='line_1_117' title="bbox 1003 2559 1789 2598; baseline -0.008 -8"><span class='ocrx_word' id='word_1_823' title='bbox 1003 2564 1097 2598; x_wconf 76' lang='lat' dir='ltr'><strong>nysius</strong></span> <span class='ocrx_word' id='word_1_824' title='bbox 1112 2563 1211 2596; x_wconf 75' lang='lat' dir='ltr'><strong>Areop.</strong></span> <span class='ocrx_word' id='word_1_825' title='bbox 1230 2563 1308 2598; x_wconf 71' lang='lat' dir='ltr'><strong>epist.</strong></span> <span class='ocrx_word' id='word_1_826' title='bbox 1325 2562 1403 2598; x_wconf 21' lang='grc' dir='ltr'>ιντιιιλ</span> <span class='ocrx_word' id='word_1_827' title='bbox 1415 2561 1524 2598; x_wconf 41' lang='lat' dir='ltr'><strong>Caium,</strong></span> <span class='ocrx_word' id='word_1_828' title='bbox 1536 2559 1695 2598; x_wconf 75' lang='grc' dir='ltr'>θεανδρικὴν</span> <span class='ocrx_word' id='word_1_829' title='bbox 1711 2559 1789 2595; x_wconf 70' lang='grc' dir='ltr'>ἐνέρ-</span> 
     </span>
    </p>
   </div>
   <div class='ocr_carea' id='block_1_118' title="bbox 1004 2595 1788 2632">
    <p class='ocr_par' dir='ltr' id='par_1_118' title="bbox 1004 2595 1788 2632">
     <span class='ocr_line' id='line_1_118' title="bbox 1004 2595 1788 2632; baseline -0.005 -8"><span class='ocrx_word' id='word_1_830' title='bbox 1004 2595 1080 2632; x_wconf 64' lang='grc' dir='ltr'>γειαν</span> <span class='ocrx_word' id='word_1_831' title='bbox 1095 2595 1199 2627; x_wconf 73' lang='lat' dir='ltr'><strong>statuit,</strong></span> <span class='ocrx_word' id='word_1_832' title='bbox 1213 2595 1467 2632; x_wconf 20' lang='lat' dir='ltr'><strong>quadaminimirum</strong></span> <span class='ocrx_word' id='word_1_833' title='bbox 1479 2595 1622 2621; x_wconf 76' lang='lat' dir='ltr'><strong>rcilexione</strong></span> <span class='ocrx_word' id='word_1_834' title='bbox 1637 2596 1788 2626; x_wconf 86' lang='lat' dir='ltr'><strong>uuilorum,</strong></span> 
     </span>
    </p>
   </div>
   <div class='ocr_carea' id='block_1_119' title="bbox 1004 2630 1788 2663">
    <p class='ocr_par' dir='ltr' id='par_1_119' title="bbox 1004 2630 1788 2663">
     <span class='ocr_line' id='line_1_119' title="bbox 1004 2630 1788 2663; baseline -0.008 -3"><span class='ocrx_word' id='word_1_835' title='bbox 1004 2630 1035 2660; x_wconf 58' lang='lat' dir='ltr'><strong>ex</strong></span> <span class='ocrx_word' id='word_1_836' title='bbox 1049 2633 1203 2659; x_wconf 82' lang='lat' dir='ltr'><strong>arctissimo</strong></span> <span class='ocrx_word' id='word_1_837' title='bbox 1220 2633 1265 2658; x_wconf 85' lang='lat' dir='ltr'><strong>illo</strong></span> <span class='ocrx_word' id='word_1_838' title='bbox 1279 2631 1358 2657; x_wconf 89' lang='lat' dir='ltr'><strong>modo</strong></span> <span class='ocrx_word' id='word_1_839' title='bbox 1375 2630 1484 2657; x_wconf 87' lang='lat' dir='ltr'><strong>unionis</strong></span> <span class='ocrx_word' id='word_1_840' title='bbox 1501 2637 1562 2656; x_wconf 76' lang='lat' dir='ltr'><strong>vere</strong></span> <span class='ocrx_word' id='word_1_841' title='bbox 1572 2636 1716 2663; x_wconf 79' lang='lat' dir='ltr'><strong>supremo;</strong></span> <span class='ocrx_word' id='word_1_842' title='bbox 1729 2636 1788 2655; x_wconf 82' lang='lat' dir='ltr'><strong>ma-</strong></span> 
     </span>
    </p>
   </div>
   <div class='ocr_carea' id='block_1_120' title="bbox 1004 2665 1789 2698">
    <p class='ocr_par' dir='ltr' id='par_1_120' title="bbox 1004 2665 1789 2698">
     <span class='ocr_line' id='line_1_120' title="bbox 1004 2665 1789 2698; baseline -0.005 -4"><span class='ocrx_word' id='word_1_843' title='bbox 1004 2669 1131 2694; x_wconf 87' lang='lat' dir='ltr'><strong>nentibus</strong></span> <span class='ocrx_word' id='word_1_844' title='bbox 1146 2667 1323 2693; x_wconf 87' lang='lat' dir='ltr'><strong>nihilominus</strong></span> <span class='ocrx_word' id='word_1_845' title='bbox 1337 2665 1466 2692; x_wconf 79' lang='lat' dir='ltr'><strong>extremis</strong></span> <span class='ocrx_word' id='word_1_846' title='bbox 1479 2665 1504 2691; x_wconf 92' lang='lat' dir='ltr'><strong>in</strong></span> <span class='ocrx_word' id='word_1_847' title='bbox 1517 2665 1567 2691; x_wconf 88' lang='lat' dir='ltr'><strong>sibi</strong></span> <span class='ocrx_word' id='word_1_848' title='bbox 1583 2665 1700 2698; x_wconf 88' lang='lat' dir='ltr'><strong>propriis</strong></span> <span class='ocrx_word' id='word_1_849' title='bbox 1714 2674 1720 2690; x_wconf 89' lang='lat'>:</span> <span class='ocrx_word' id='word_1_850' title='bbox 1736 2671 1789 2697; x_wconf 73' lang='lat' dir='ltr'><strong>qua</strong></span> 
     </span>
    </p>
   </div>
   <div class='ocr_carea' id='block_1_121' title="bbox 1005 2699 1790 2734">
    <p class='ocr_par' dir='ltr' id='par_1_121' title="bbox 1005 2699 1790 2734">
     <span class='ocr_line' id='line_1_121' title="bbox 1005 2699 1790 2734; baseline -0.004 -5"><span class='ocrx_word' id='word_1_851' title='bbox 1005 2702 1037 2729; x_wconf 87' lang='lat' dir='ltr'><strong>de</strong></span> <span class='ocrx_word' id='word_1_852' title='bbox 1050 2711 1078 2729; x_wconf 87' lang='lat' dir='ltr'><strong>re</strong></span> <span class='ocrx_word' id='word_1_853' title='bbox 1091 2702 1247 2728; x_wconf 66' lang='lat' dir='ltr'><strong>(loctiSSimc</strong></span> <span class='ocrx_word' id='word_1_854' title='bbox 1266 2701 1455 2734; x_wconf 78' lang='lat' dir='ltr'><strong>fusissimcque</strong></span> <span class='ocrx_word' id='word_1_855' title='bbox 1469 2700 1495 2726; x_wconf 86' lang='lat' dir='ltr'><strong>in</strong></span> <span class='ocrx_word' id='word_1_856' title='bbox 1508 2699 1629 2726; x_wconf 84' lang='lat' dir='ltr'><strong>eamdem</strong></span> <span class='ocrx_word' id='word_1_857' title='bbox 1645 2699 1790 2734; x_wconf 83' lang='lat' dir='ltr'><strong>epistolam</strong></span> 
     </span>
    </p>
   </div>
   <div class='ocr_carea' id='block_1_122' title="bbox 1003 2735 1560 2772">
    <p class='ocr_par' dir='ltr' id='par_1_122' title="bbox 1003 2735 1560 2772">
     <span class='ocr_line' id='line_1_122' title="bbox 1003 2735 1560 2772; baseline -0.004 -8"><span class='ocrx_word' id='word_1_858' title='bbox 1003 2738 1158 2772; x_wconf 77' lang='lat' dir='ltr'><strong>propediem</strong></span> <span class='ocrx_word' id='word_1_859' title='bbox 1175 2736 1295 2764; x_wconf 79' lang='lat' dir='ltr'><strong>edcudus</strong></span> <span class='ocrx_word' id='word_1_860' title='bbox 1308 2740 1401 2763; x_wconf 77' lang='lat' dir='ltr'><strong>noster</strong></span> <span class='ocrx_word' id='word_1_861' title='bbox 1416 2735 1560 2762; x_wconf 75' lang='lat' dir='ltr'><strong>Maximus.</strong></span> 
     </span>
    </p>
   </div>
  </div>
