1911 3072
196 139 248 166 Τ6ῗ5

191 207 217 230 et
236 202 324 232 homo.
339 204 487 234 Acciuxisti
501 207 584 238 enim,
601 206 692 234 divina
711 210 754 232 tua
779 205 977 236 lncarnalioue,
994 210 1015 235 Α

193 249 295 276 lumbos
312 249 432 283 quidem,
444 249 553 283 Justitia
570 257 579 275 :
595 250 725 277 inuuzisti
740 260 799 278 vero
820 257 843 278 et
860 252 977 283 veritate,

191 296 276 322 latera
291 296 324 327 ⁵³,
341 296 388 330 qui
402 296 470 331 ipse,
487 296 545 330 ipsa
562 303 590 323 re
603 303 666 322 vera
684 296 792 330 justitia
807 297 846 324 sis
862 301 889 324 et
905 297 977 323 veri-

190 346 243 372 tas,
261 340 510 375 universorumque
520 341 677 368 exsultatio.
693 340 811 368 Laetetur
824 342 906 376 igitur
921 350 977 369 mc-

188 394 250 413 cnm
276 387 356 414 hodie
375 388 487 419 uelum,
512 387 641 421 quoniam
661 388 806 415 miseratus
820 390 862 414 est
885 387 978 414 Domi-

188 440 240 460 nus
255 434 386 468 populum
404 441 494 460 suum.
511 433 616 460 Rorent
629 441 693 461 vero
714 433 802 461 nubes
815 433 917 460 mundo
929 433 974 468 jn-

187 480 291 506 stitiam
306 480 328 495 ἠ
346 489 352 506 :
370 480 416 507 sed
431 485 458 507 et
474 480 650 507 fundamenta
671 484 759 512 terra,
779 480 876 514 positis
891 480 917 507 in
934 481 976 506 in-

186 525 276 557 ferno,
290 526 363 553 velut
378 526 519 561 clangente
535 527 609 557 tuba,
625 534 721 561 pacem
737 526 863 561 ingerant
875 536 882 554 :
896 526 974 553 adest

187 571 260 598 enim
274 572 441 599 resurrectio
456 571 662 598 dormientium.
677 571 761 599 Terra
775 573 857 600 etiam
875 572 974 600 incolis

187 617 246 645 suis
266 616 483 644 misericordiam
506 617 648 651 producat.
676 617 802 652 Impietas
824 619 895 645 enim
907 627 975 656 _sum
994 617 1387 653 consolatione;superabundo
1402 617 1499 652 gaudio
1511 617 1534 632 ³³
1555 622 1565 642 ;

186 671 252 692 num
264 663 431 690 Salvatorem
450 663 567 691 videam.

223 721 277 749 \‘ll.
299 721 344 748 Sic
366 729 430 748 vero
453 721 567 748 saliente
589 729 674 752 sene.
701 722 847 757 divinoquc
874 724 972 758 gaudio

186 768 335 802 impensius
352 767 522 800 exsultante;
540 768 610 802 quod
628 772 706 795 antea
722 776 770 803 per
781 769 893 804 figuram
906 777 971 803 pro-

185 813 263 847 pheta
281 813 363 840 Isaias
387 813 473 840 fuerat
491 814 654 843 vaticinatus
672 813 704 846 ⁸⁵,
721 821 799 841 sacra
822 814 868 841 Dei
888 815 972 842 Mater

183 859 326 893 perspicue
344 866 372 885 re
396 859 453 893 ipsa
476 858 549 886 fecit.
578 860 721 894 Accipiens
736 861 808 887 enim
822 881 829 892 ,
855 869 887 888 ex
905 869 972 896 puvo

181 905 409 939 immaculatoque
421 905 498 932 altari
514 913 574 937 suo,
587 906 732 933 carbonem
747 906 821 933 illum
836 907 970 934 vivificum
987 907 1007 934 Β

181 951 392 982 etincffabilem,
412 958 493 978 carne
509 952 649 983 indutum,
672 956 828 979 sanctarum
855 961 966 980 suarum

181 989 309 1023 manuum
322 996 475 1030 complexu,
488 1000 615 1031 tanquam
635 997 747 1032 forcipe,
760 997 835 1031 justo
853 999 890 1025 illi
904 1007 967 1033 por-

181 1042 250 1069 rexit
266 1053 271 1069 :
289 1046 316 1069 ut
336 1043 523 1077 mihiquidem
548 1043 665 1072 videtur.
683 1045 818 1078 ejusmodi
834 1046 967 1072 sermoni-

180 1087 231 1116 bus
249 1088 327 1115 all‘ata
349 1089 450 1124 pariter
463 1093 490 1117 et
505 1089 612 1116 hortata
627 1100 632 1117 :
652 1090 751 1123 Sume,
779 1099 861 1119 senex
879 1092 966 1119 bono-

179 1139 248 1166 rate,
265 1136 491 1170 sacerdotumqne
506 1136 625 1170 optime,
645 1144 721 1164 sume
734 1137 893 1171 Dominum;
907 1143 967 1165 tua-

178 1189 231 1215 que
247 1182 291 1208 illa
309 1190 362 1209 non
380 1182 460 1209 vidua
475 1190 523 1217 spe
538 1187 564 1208 et
581 1182 713 1215 desolata.
730 1182 829 1210 fruere.
852 1183 967 1219 Suscipe

180 1228 338 1254 thesaurum
373 1227 607 1261 indefeclibilem,
644 1228 808 1263 divitiasque
837 1228 967 1256 inauferi-

179 1274 256 1303 biles,
275 1274 315 1299 vir
327 1273 548 1308 generosissime.
572 1273 733 1307 Amplexare
756 1274 904 1309 potentiam
925 1274 967 1302 in-

178 1319 357 1347 enarrabilem
374 1319 480 1354 vimque
506 1319 826 1354 incomprehensibilem,
850 1328 910 1355 qua:
942 1324 967 1348 te

179 1367 283 1397 t’ulciat,
300 1365 343 1391 vir
356 1365 567 1400 sapientissime.
585 1365 816 1400 Circumplectere
831 1367 966 1394 infinitam

178 1410 412 1446 magnitudinem,
442 1410 681 1446 fortitudinemquc
705 1412 964 1446 incomparabilem,

178 1464 318 1485 sacrorum
336 1457 443 1484 azditue.
461 1457 674 1493 Circumplicare
684 1459 736 1493 ipsi
754 1467 801 1494 per
821 1467 850 1487 sc
861 1459 966 1491 vilze,ct

176 1503 247 1535 vive,
264 1503 304 1530 vir
326 1504 568 1532 venerabilissime.
596 1504 704 1533 Arctius
733 1506 965 1540 incorruptionem

177 1550 342 1584 constringe,
359 1553 385 1576 et
401 1557 541 1583 renovare,
557 1550 598 1576 vir
614 1550 776 1585 justissime.
793 1550 864 1577 Nihil
878 1550 966 1577 audax

177 1594 298 1627 facinus;
315 1602 349 1622 ne
372 1595 506 1623 deieceris
530 1596 631 1628 animo,
649 1596 691 1623 vir
715 1597 898 1624 sanctissime.
917 1595 967 1623 Sa-
981 1597 1001 1625 C

174 1640 246 1668 tiare
260 1641 306 1667 illo
325 1648 406 1675 quem
427 1640 649 1676 desideraveras,
676 1643 810 1678 planeque
830 1642 966 1669 delectare

174 1686 223 1713 tibi
237 1686 309 1718 dato,
327 1694 375 1713 seu
392 1688 488 1722 magis.
501 1687 583 1715 dante
599 1696 627 1716 se
644 1689 709 1721 tibi,
725 1689 767 1716 vir
783 1688 963 1715 divinissime.

175 1731 277 1759 Laetius
301 1732 439 1760 illustrare
465 1732 527 1761 Sole
553 1734 688 1768 justitiw,
721 1735 754 1762 de
785 1734 966 1761 mundissimo

176 1777 266 1804 carnis
282 1779 393 1812 speculo
409 1778 633 1814 eircumfulgentc
644 1799 650 1810 ,
679 1780 720 1807 vir
747 1779 964 1814 religiosissime.

176 1824 216 1851 Ne
232 1825 280 1851 tibi
298 1825 472 1859 tranquillum
503 1825 627 1853 timorem
646 1826 776 1857 incutiat,
801 1833 869 1853 neve
884 1833 962 1852 man-

176 1871 292 1898 suetudo
316 1874 482 1905 pcrterreat,
504 1871 546 1898 vir
563 1871 730 1898 beatissime.
756 1871 795 1898 Ne
822 1871 963 1898 inliorreas

175 1917 324 1948 lenitatem,
339 1923 406 1944 neve
417 1916 560 1944 clementia
578 1917 717 1948 terrearis,
733 1917 774 1944 vir
791 1917 964 1945 modestissi-

174 1970 228 1990 me.
246 1961 351 1989 Alacris
367 1962 547 1997 adglutinare,
561 1969 610 1989 nec
629 1963 744 1990 moreris
759 1963 882 1997 obsequi.
903 1962 962 1990 Non

174 2007 255 2033 habet
271 2006 412 2033 audaciam
427 2006 498 2042 quod
515 2005 616 2034 dicitur
627 2007 732 2041 quodve
749 2007 914 2042 porrigitur:
927 2015 962 2035 ne

174 2058 238 2085 ergo
250 2051 399 2082 relucteris,
410 2052 451 2078 vir
463 2051 654 2079 urbanissime.
669 2051 728 2078 Non
741 2052 878 2079 comburit
891 2053 961 2088 ignis

175 2098 268 2131 gratia:
283 2097 391 2124 Domini
416 2097 489 2129 mei,
512 2098 560 2125 sed
578 2098 723 2131 illuminat,
742 2099 783 2126 vir
798 2099 960 2133 justissime.

174 2143 268 2170 llnbus
283 2143 328 2171 ille
343 2144 376 2175 ⁵⁷,
389 2144 442 2171 mei
457 2143 624 2179 ﬁguram,ad
637 2143 708 2179 ignis
718 2144 791 2172 illius
805 2145 961 2179 apparentis

173 2191 314 2217 veritatem
332 2193 543 2224 repraesentans.
559 2189 655 2217 doceat
669 2193 709 2222 te,
728 2189 771 2217 vir
794 2191 862 2226 legis
886 2191 960 2226 peri-

172 2237 289 2264 tissime.
305 2236 436 2263 Caminus
452 2235 497 2263 ille
511 2236 535 2251 ⁵⁸
554 2236 626 2263 velut
653 2240 751 2264 ventus
780 2237 851 2264 roris
866 2245 962 2265 susur-

210 2315 232 2330 "
254 2313 309 2341 Isa.
332 2322 368 2346 xu,
388 2314 415 2341 5,
468 2313 492 2329 ⁵⁸
512 2313 568 2340 Ιεα.
597 2322 659 2345 va,
679 2314 705 2341 8.

172 2349 218 2378 21.

209 2410 263 2445 (57)
286 2410 436 2443 Ἰερυκόρε.
464 2409 609 2445 Sequimur
632 2409 740 2437 Pantini
763 2409 961 2445 conjecturam,
979 2413 1000 2440 Β

174 2449 203 2471 ut
221 2446 260 2480 leg
272 2446 362 2472 'ndum
386 2445 421 2471 sit
437 2445 574 2480 ἱεροκόμε,
597 2445 712 2480 quadrat
729 2446 800 2472 enim
826 2446 962 2479 materiis;

174 2484 203 2506 ut
215 2488 263 2507 ceu
279 2480 370 2514 templi
388 2481 561 2515 przepositnm
579 2480 699 2513 inducat,
714 2480 747 2506 ad
761 2480 892 2507 infinitam
905 2489 962 2508 ma-

174 2515 340 2549 gnitudinem
356 2515 429 2542 illam
439 2516 559 2550 suscepti
573 2515 648 2546 Jesu,
663 2515 755 2550 templi
770 2515 904 2550 angustiis
919 2516 961 2543 in-

174 2550 346 2586 cludendam.
361 2550 432 2583 Quid
446 2551 469 2578 si
482 2552 633 2578 retineatur
646 2550 775 2586 ἱεροκόρε,
792 2551 865 2577 velut
881 2551 962 2585 signi-

174 2585 236 2612 ticet
254 2585 374 2613 futurum
398 2586 526 2620 juvenem
550 2585 740 2621 puerumque.
757 2585 860 2613 Christi
884 2587 960 2621 pueri

175 2620 310 2655 amplexu.
337 2625 462 2648 sanctum
489 2629 592 2652 senem,
610 2629 696 2655 eoque
713 2621 821 2648 nomine
837 2620 960 2648 hortetur

176 2653 317 2691 Sullani-ia,
336 2659 366 2682 ut
383 2656 514 2690 suscipiat
530 2661 605 2683 totus
620 2653 716 2691 spiritu
732 2656 895 2683 innovatus?
914 2657 959 2684 Sic

174 2689 344 2724 Augustinus
359 2698 442 2718 serm.
459 2689 493 2719 15
506 2691 537 2718 de
553 2689 645 2725 temp;
661 2699 685 2718 c.
699 2691 715 2718 5
729 2701 735 2718 ;
747 2692 857 2726 Agnovit
870 2692 960 2726 infan-

176 2728 225 2750 tem
245 2733 332 2752 seuex.
353 2726 440 2759 factus
457 2731 495 2753 est
514 2727 540 2753 in
564 2735 642 2760 puero
667 2735 740 2757 mter.
765 2726 910 2754 Innovalus
932 2728 959 2754 in

175 2763 261 2798 αῖιιιιεξ,
276 2762 320 2798 qui
338 2760 427 2792 plenus
448 2766 506 2787 erat
527 2762 631 2795 pietate.
657 2760 749 2789 Fuerit
763 2767 836 2790 certe
850 2767 876 2788 et
892 2763 958 2790 illud

175 2801 228 2819 non
246 2796 280 2819 ita
297 2796 485 2821 inconsonum.

211 2828 266 2863 (58)
284 2828 361 2864 Πρὸς
377 2829 547 2856 ὑπόστασιν
561 2830 613 2857 τοῦ
630 2830 840 2858 ἀνυποστάτου
855 2832 958 2864 πιιρός.

176 2862 251 2890 ΙῖΙιυε
265 2863 392 2890 nimirum
404 2863 450 2898 qui
465 2864 491 2891 in
503 2865 570 2892 rubo
585 2866 683 2894 ardens
696 2865 813 2900 ἔμφασιν
829 2862 958 2900 habebat,

670 145 697 172 S.
720 143 885 171 METHODII
905 140 1058 172 EPISCOPI
1079 142 1123 170 ET
1140 141 1320 170 MARTYBIS

762 2314 785 2330 ⁸⁵
803 2313 823 2340 ll
844 2313 906 2342 Cor.
925 2324 973 2348 vn,
989 2317 1015 2343 4.

1770 143 1825 172 584

1031 206 1187 241 ἀγαλλέαμα
1203 205 1256 232 τῶν
1274 205 1409 232 ἁπάντων.
1432 204 1581 240 Τοιγαροῦν
1602 204 1784 240 εὐφρανθήτω
1809 205 1825 231 ὁ

1031 251 1143 287 οὐρανὸς
1164 252 1281 287 σήμερον
1295 251 1353 286 ἅμα
1367 251 1444 287 ἐμοί·
1466 252 1507 278 ὅτι
1520 251 1635 286 ἠλέησεν
1655 251 1669 276 ὁ
1694 250 1761 281 θεὸς
1777 248 1825 276 τὸν

1031 297 1094 323 λαὶιν
1109 297 1202 324 αὑτοῦ.
1225 297 1398 323 Ῥανάτωσαν
1417 297 1448 332 δὴ
1478 297 1524 323 καὶ
1543 297 1571 322 αἱ
1588 296 1697 330 νεφέλαι
1719 295 1823 322 δικαιο-

1032 343 1113 378 σύνην
1136 342 1174 377 τῷ
1198 342 1310 377 κόσμῳ·
1338 342 1495 368 σαλπισάτω
1518 343 1565 368 καὶ
1584 342 1618 368 τὰ
1634 341 1747 376 θεμέλια
1772 341 1824 375 τῆς

1030 389 1080 424 γῆς
1095 389 1206 424 εἰρήνην
1221 390 1277 418 τοῖς
1292 389 1320 414 ἐν
1335 388 1398 423 ᾅδου
1409 397 1415 403 ·
1434 389 1548 423 πάρεστι
1562 387 1616 423 γὰρ
1635 389 1651 422 ἡ
1673 387 1824 417 ἀνάπασις

1028 433 1084 460 τῶν
1101 433 1317 468 κεκοιμημένων.
1337 433 1516 460 Ἀνατειλάτω
1529 433 1577 458 καὶ
1592 432 1656 468 ήγῆ
1674 432 1750 462 ἕλεος
1762 431 1824 461 τοῖς

1030 479 1202 506 κατοικοῦσιν
1216 479 1309 515 αὐτήν.
1330 478 1527 513 Πεπλήρωμιιι
1541 478 1596 514 γὰρ
1612 477 1650 512 τῇ
1662 476 1824 511 παρακλή-

1030 533 1077 551 σει
1088 545 1094 556 ,
1109 525 1157 551 καὶ
1173 525 1467 559 ὑπερπερισσεύομαι
1480 523 1516 557 τῇ
1529 521 1623 558 χαρᾷ·
1642 523 1683 549 ὅτι
1701 520 1772 548 εἶδόν
1791 530 1823 548 π

1027 571 1072 598 τὸν
1090 572 1204 607 Σωτῆρα
1219 572 1272 598 τῶν
1290 570 1451 608 ἀνθρώπων.

1593 616 1666 652 quod
1687 620 1714 643 te
1727 615 1820 643 homi—

1061 724 1097 749 Z'.
1114 721 1279 757 Χορεύοντος
1295 721 1324 747 δὲ
1337 719 1407 747 οὕτω
1422 719 1469 746 τοῦ
1489 719 1652 755 πρεσϐύτου,
1669 721 1716 747 καὶ
1735 729 1822 755 γανυ-

1027 768 1107 803 μένου
1126 769 1159 802 τῇ
1184 767 1243 802 θείᾳ
1258 766 1403 802 εὐφρασία,
1425 766 1459 792 τὰ
1477 766 1719 801 κεχρηματισμένα
1741 775 1824 793 τυπι-

1025 814 1080 845 κῶς
1090 814 1128 849 τῷ
1139 814 1264 849 προφήτῃ
1282 813 1388 848 Ἡσαΐᾳ,
1402 812 1584 848 περιφανῶςή
1599 812 1659 847 ἱερὰ
1668 812 1824 849 Θεομήτωρ

1025 859 1150 891 ὲξετέλει.
1167 859 1222 886 Καὶ
1234 859 1266 894 δὴ
1283 858 1419 894 λαϐομένη
1438 858 1483 885 τὸν
1508 859 1539 884 ὲκ
1555 858 1601 884 τοῦ
1622 859 1758 893 ἀχράντου
1773 858 1825 886 καὶ

1024 907 1193 942 παναμὼμου
1217 907 1300 941 αὐτῆς
1324 906 1514 941 θυσιαστηρίου
1536 906 1727 941 σαρκωθέντα,
1751 907 1820 938 ζωο-

1025 953 1101 979 ποιὺν
1115 953 1161 979 καὶ
1177 953 1363 988 ἀνὲκφραστον
1377 951 1511 987 ἄνθρακα,
1527 952 1564 983 ὡς
1576 951 1663 978 laeta:
1676 953 1708 987 τῇ
1724 952 1823 984 συζεύ-

1023 999 1062 1031 ξει
1082 998 1135 1025 τῶν
1157 998 1243 1032 ἁγίων
1260 998 1345 1033 αὐτῆς
1362 997 1471 1033 χειρῶν,
1488 997 1527 1032 τῷ
1547 997 1641 1033 δικαίῳ
1664 997 1823 1033 προέτεινε,

1021 1044 1143 1076 τοιαῦτα,
1157 1045 1219 1079 ἐμοὶ
1234 1044 1317 1076 δοκεῖ,
1335 1043 1451 1077 λέγουσά
1465 1052 1495 1069 τε
1511 1043 1569 1078 ἅμα
1587 1043 1634 1070 καὶ
1646 1043 1821 1078 παρακελεύ-

1021 1099 1104 1117 ουσα-
1127 1089 1268 1121 Ἀπόλαϐε,
1287 1089 1425 1124 πρεσϐύτα
1441 1089 1524 1124 τίμιε,
1542 1089 1587 1115 καὶ
1602 1089 1696 1125 ἱερέων
1709 1089 1820 1125 ἄριστε,

1022 1135 1141 1162 ἀπόλαϐε
1154 1136 1198 1162 τὸν
1213 1135 1324 1170 Κύριον,
1341 1134 1388 1161 καὶ
1400 1134 1519 1161 ἀπόλαυε
1535 1135 1583 1169 τῆς
1598 1134 1627 1161 οὐ
1644 1135 1822 1171 χηρευσάσης

1023 1191 1069 1209 σου
1095 1182 1209 1214 ἐλπίδος.
1232 1180 1375 1214 ’Υπόδεξαι
1402 1180 1537 1217 θησαυρὸν
1560 1181 1737 1214 ἀνέκλειπον,
1771 1182 1822 1208 καὶ

1022 1228 1134 1255 πλοῦτον
1152 1227 1342 1262 ἀναφαίρετον,
1360 1227 1606 1262 μεγαλοφυέστατε.
1625 1227 1821 1262 Ἐναγκάλισαι

1022 1274 1121 1309 κράτος
1147 1274 1358 1309 ἀνεκδιήγητον,
1391 1273 1438 1300 καὶ
1454 1273 1580 1310 ’δύναμιν
1607 1273 1821 1310 ἀνεξερεύνητον

1022 1320 1177 1355 ὲρείδουσάν
1200 1328 1241 1351 σε,
1267 1319 1416 1353 σοφώτατε.
1436 1319 1568 1355 Περίλαὸε
1587 1319 1702 1356 μέγεθος
1721 1320 1823 1356 ἀπεμ-

1021 1366 1137 1402 όριστον,
1162 1367 1208 1393 καὶ
1225 1367 1300 1401 ἰσχὺν
1318 1367 1491 1398 ἀνείκαστον,
1513 1366 1635 1402 ἱεροκόρε
1652 1366 1719 1402 (57).
1735 1364 1824 1402 Περί-

1022 1411 1139 1447 πλάκηθι
1159 1413 1191 1447 τῇ
1214 1412 1282 1447 αὐτῇ
1301 1413 1434 1447 αὐτοζωῇ,
1450 1412 1496 1439 καὶ
1514 1412 1588 1448 ζῆθι,
1607 1411 1820 1447 αὶδεσιμώτατι.

1021 1457 1188 1493 Περίπτυξαι
1206 1458 1255 1492 τὴν
1280 1457 1447 1494 ἀφθαρσίαν,
1475 1459 1522 1484 καὶ
1543 1459 1819 1495 ἀνακαινοποιήθητι,

1021 1503 1181 1530 δικαιότατε.
1199 1503 1235 1530 Οὐ
1259 1503 1393 1539 τολμηρὸν
1414 1503 1445 1530 τὺ
1466 1504 1632 1540 ἐγχείρημα·
1652 1505 1689 1540 μὴ
1704 1504 1820 1538 δκλαζε,

1020 1548 1160 1575 ὁσιώτατε.
1180 1549 1364 1585 Ἐμφορήθητι
1386 1549 1432 1576 τοῦ
1461 1549 1638 1586 ποθουμένου,
1659 1551 1705 1577 καὶ
1726 1559 1819 1578 κατα-

1018 1594 1155 1630 τρύφησον
1172 1594 1218 1621 τοῦ
1237 1595 1434 1630 ὲπιδιδομένου,
1450 1596 1550 1631 μᾶλλον
1570 1596 1597 1622 δὲ
1614 1596 1710 1624 ἑαυτὸν
1723 1597 1818 1624 ἐπιδι-

1019 1641 1119 1672 δόντος,
1145 1641 1384 1677 ῑεροπρεπέστατε.
1405 1641 1610 1678 Ἐναγλαῖσθητι
1631 1642 1670 1678 τῷ
1697 1642 1741 1669 διὰ
1766 1644 1818 1671 τοῦ

1019 1686 1184 1722 ἁκηλιδώτου
1217 1687 1349 1722 ἐσόπτρου
1387 1687 1435 1722 τῆς
1475 1688 1576 1723 σαρκὸς
1611 1688 1819 1724 περιστίλὸοντι

1025 1732 1106 1768 Ἡλίῳ
1119 1733 1168 1768 τῆς
1182 1732 1363 1768 δικαιοσύνης,
1386 1733 1576 1761 εὐλαϐέστατε.
1599 1735 1644 1770 Μὴ
1660 1734 1745 1761 δειλία
1763 1736 1816 1772 τὴν

1019 1779 1199 1815 γαληνότητα,
1218 1780 1284 1815 μηδὲ
1301 1779 1478 1816 καταπλαγῇς
1502 1780 1551 1816 τὴν
1578 1781 1744 1817 ἡμερότητα,
1762 1791 1816 1817 μα-

1019 1825 1181 1860 καριώτατε.
1195 1826 1241 1862 Μὴ
1256 1825 1362 1861 πτήξῃς
1376 1826 1407 1852 τὸ
1421 1826 1544 1861 εὐμενὲς,
1560 1827 1627 1863 μηδὲ
1644 1828 1766 1864 πτοηθῇς
1782 1829 1816 1855 τὸ

1018 1872 1160 1907 προσηνὲς,
1189 1872 1387 1899 ὲπιεικὲστατε.
1419 1871 1551 1908 Εὑϐύμως
1582 1874 1813 1910 προσκολλήθητι,

1017 1918 1064 1944 καὶ
1085 1917 1122 1952 μὴ
1138 1917 1286 1944 ἁναϐἀλλου
1310 1919 1378 1953 πρὸς
1391 1918 1421 1945 τὺ
1438 1919 1558 1954 εὐήκοον.
1588 1920 1624 1946 Οὐ
1641 1919 1812 1956 θρασύτητος

1015 1964 1046 1990 τὸ
1063 1963 1236 1999 λαλούμενον,
1252 1963 1352 1990 οὐδὲτὸ
1371 1965 1591 2000 προτεινόμενον·
1611 1966 1648 2002 μὴ
1664 1967 1810 2002 ἀφηνίαζε,

1015 2009 1193 2036 ἁπικὼτατε.
1211 2009 1248 2036 Οὐ
1264 2008 1430 2044 καταφλέγει
1453 2010 1483 2036 τὸ
1506 2010 1561 2046 π’ἇρ
1577 2010 1625 2047 τῆς
1643 2011 1690 2038 τοῦ
1703 2012 1812 2047 Κυρίου

1017 2064 1067 2090 μου
1090 2056 1209 2091 χάριτος,
1240 2055 1308 2083 ἀλλὰ
1340 2056 1462 2091 φωτίζει,
1482 2056 1644 2087 δικαιότατε,
1673 2057 1759 2090 Βάτος
1779 2067 1812 2086 σε

1015 2101 1145 2134 πεισάτω,
1164 2103 1180 2137 ἡ
1196 2102 1241 2129 τὸν
1256 2101 1340 2128 τύπον
1354 2111 1404 2138 μου
1418 2103 1639 2139 περιστησαμένη
1657 2104 1726 2139 πρὸς
1742 2105 1812 2131 ὑπό-

1016 2155 1108 2174 στασιν
1125 2147 1171 2174 τοῦ
1187 2147 1372 2174 ἀνυποστάτου
1390 2148 1475 2183 πυρὸς
1492 2148 1557 2184 (58),
1576 2149 1808 2185 νομομαθέστατε.

1012 2193 1241 2229 Δροσοσυρίζουσα
1257 2194 1370 2229 κάμινος
1384 2194 1501 2221 πειθέτω
1518 2203 1557 2227 σε,
1573 2196 1741 2231 παιδοτρίϐα,
1760 2195 1809 2223 τοῦ

1015 2239 1163 2274 μυστηρξου
1182 2239 1231 2274 τὴν
1243 2241 1410 2276 οἰκονομίαν.
1434 2240 1506 2276 Πρὸς
1523 2241 1569 2267 ὲπὶ
1585 2241 1690 2274 τούτοις
1712 2242 1729 2278 ή
1752 2241 1810 2279 ἐμὴ

1072 2316 1093 2332 σε
1110 2315 1166 2343 Isa.
1188 2324 1226 2349 vi,
1242 2317 1269 2344 6.
1325 2318 1347 2334 ⁵⁷
1368 2317 1455 2346 Exod.
1476 2327 1518 2352 ιιι,
1539 2318 1566 2346 2.
1619 2320 1642 2336 ⁸⁸
1662 2319 1734 2348 Dan.
1756 2327 1804 2355 tu,

1016 2420 1070 2450 non
1088 2413 1247 2450 ὑπόστασιν,
1258 2415 1461 2450 Απρριινεηιίαγη,
1487 2423 1538 2442 non
1563 2416 1631 2450 ignis
1654 2415 1804 2443 veritatem.

1015 2447 1061 2485 Sic
1074 2449 1147 2475 enim
1163 2456 1233 2485 sepe
1258 2447 1339 2485 Deus,
1364 2450 1439 2477 nullo
1464 2447 1616 2482 mendacio,
1641 2451 1805 2485 apparentia

1013 2483 1103 2518 aliqua
1119 2484 1246 2511 sensibus
1264 2484 1372 2518 ingerit,
1388 2486 1420 2511 all
1435 2485 1514 2512 ﬁdem
1529 2483 1704 2513 astruendain
1717 2486 1802 2514 veris.

1013 2517 1127 2545 Videtur
1143 2527 1208 2553 ergo
1224 2517 1319 2545 auct-ir
1336 2519 1428 2547 ludere
1446 2520 1472 2546 in
1489 2521 1646 2554 paronomia
1662 2520 1736 2548 illius
1753 2529 1805 2548 vo-

1012 2554 1066 2591 cis;
1081 2554 1170 2591 _velut_
1190 2554 1272 2585 dicat,
1299 2554 1332 2591 ad
1360 2554 1540 2591 substantiam
1563 2556 1634 2591 ignis
1653 2556 1727 2583 illius
1746 2563 1803 2583 non

1012 2588 1205 2626 Subsistentis;
1231 2590 1363 2626 acuvelut
1386 2590 1493 2625 objecto
1511 2590 1557 2617 illo
1575 2588 1648 2626 igne.
1671 2591 1717 2625 qui
1736 2599 1802 2618 vere

1012 2623 1109 2650 rubum
1131 2623 1238 2650 ﬂamma
1252 2624 1402 2652 illustraret
1415 2623 1442 2653 et
1457 2623 1631 2657 adlamberet,
1659 2623 1687 2653 ei
1706 2630 1800 2653 tamen

1010 2665 1143 2719 apparens
1159 2663 1242 2686 esset.
1258 2658 1414 2687 Oﬂ‘endebat
1439 2660 1478 2693 τὸ,
1504 2661 1700 2694 ἀνυποστάτου,
1725 2661 1802 2688 velut

1010 2700 1039 2719 rc
1053 2695 1183 2719 erendmn
1206 2699 1278 2719 esset
1301 2695 1334 2719 ad
1359 2695 1501 2719 ﬁguratum
1517 2700 1544 2719 el.
1558 2697 1680 2719 divinum
1696 2697 1798 2719 ignem.

1010 2695 1183 2731 referendum
1206 2699 1278 2731 esset
1301 2695 1334 2722 ad
1359 2695 1502 2729 figuratum
1517 2700 1544 2723 et
1558 2697 1680 2723 divinum
1696 2697 1798 2731 ignem.

1011 2729 1192 2766 EV'J‘Tt‘és'latoV
1215 2729 1290 2756 illum
1307 2735 1334 2757 et
1350 2731 1577 2764 αὑτοῡπόστατον,
1598 2729 1732 2766 nusquam
1748 2732 1798 2758 ἀν-

1010 2763 1167 2800 υπόσςιατον·
1179 2772 1207 2791 re
1220 2770 1308 2792 tamen
1321 2765 1418 2793 melius
1428 2771 1567 2800 perspecta
1577 2763 1693 2795 solidum
1709 2766 1800 2793 visum

1010 2803 1061 2837 est,
1071 2803 1098 2826 et
1107 2799 1277 2837 referendum
1288 2800 1321 2827 ad
1337 2799 1482 2837 ipsummet
1492 2799 1585 2836 ignem
1601 2802 1734 2837 typicunt,
1748 2809 1799 2828 ους

1007 2833 1054 2870 jus
1075 2834 1184 2870 modum
1205 2835 1314 2863 divinus
1338 2833 1382 2862 ille
1404 2836 1475 2870 ignis
1495 2833 1644 2866 scrvaverit
1658 2837 1685 2864 in
1700 2836 1798 2870 Maria,

1009 2867 1079 2897 idem
1096 2869 1152 2904 ipse
1168 2870 1195 2897 in
1209 2870 1334 2898 Simeone
1347 2867 1515 2899 serv-iturus.
