1911 3072
123 125 174 153 365

672 126 789 154 SERMO
809 125 852 152 DE
873 125 1022 153 SIMEONE
1039 123 1082 152 ET
1103 124 1204 154 ANNA.

1701 126 1757 156 566

123 183 228 219 γαστήρ
249 191 280 210 σε
303 183 452 215 διδαξάτω.
469 184 497 210 ἐν
551 184 677 220 ἑχωρήθη
693 185 707 210 ὁ
723 185 871 220 ὰχώρητος,
887 185 899 210 ὲ

965 191 1031 211 rans
1046 204 1054 215 ,
1078 183 1237 211 oeconomiae
1265 182 1312 210 tibi
1338 189 1538 211 sacramentum
1569 185 1754 219 persuadeat,

121 227 153 265 ἧς
171 230 218 256 καὶ
239 230 386 265 ἐσαρκιῦοη
406 231 419 256 ὀ
435 230 553 265 ἄσαρκος
578 231 672 264 Λόγος.
691 231 728 256 Οὐ
749 230 828 257 πάλιν
851 230 914 256 σάλ-

121 284 218 309 πιγγες
243 276 436 311 ἐκδειματοῦσι
461 277 523 308 τοὺς
547 278 716 312 προσιόντας,
733 278 787 304 οὐδ’
801 275 834 304 αὖ
855 277 916 312 ὅρος

121 320 320 355 καπνιζόμενον
336 320 395 352 δέος
407 322 515 356 ἐμποιεῖ
526 323 581 353 τοῖς
598 321 839 357 προσπελάζτιυσιν,
855 321 916 347 οὔτε

123 368 175 401 μὴν
198 367 278 402 νόμος
299 366 408 398 κολάζει
431 367 546 401 ἀφειδῶς
565 367 610 393 τὸν
635 367 745 401 θίγοντα
763 367 914 402 τολμηρῶς.

120 411 326 446 Φιλανορωπίας
351 411 406 447 γὰρ
429 412 462 438 τὰ
483 412 612 447 παρόντα,
628 413 857 446 συγκαταόάσεως
882 413 916 439 τὰ

122 455 281 492 φαινόμενα.
300 457 475 493 Εύχαρίττως
489 457 607 484 ἀπόλαϐε
620 458 665 485 τὸν
678 459 745 495 πρὸς
763 459 792 485 σὲ
806 459 916 486 ἐλθόντα

121 502 202 528 Θεόν·
223 501 305 534 αὐτὸς
321 503 375 538 γὰρ
391 504 485 537 ἀφελεῖ
510 504 557 535 τὰς
581 504 694 540 ἀνομίας
718 513 774 535 σου,
798 505 845 530 καὶ
866 505 915 535 τὰς

120 549 258 584 ἁμαρτίας
275 558 322 575 σου
344 550 531 585 περικαθαρεῑ.
552 551 595 577 Ἐν
619 551 660 577 σοι
680 550 882 586 προτυπωοήτω
899 551 914 585 ἡ

119 595 167 621 τοῦ
195 595 299 630 κόσμου
324 595 466 631 κάθαρσις.
487 597 530 623 Ἐν
553 597 594 623 σοὶ
613 596 658 623 καὶ
675 596 718 623 διὰ
739 595 785 622 σοῦ
806 604 914 631 προμη-

119 641 228 677 νυθήτω
241 642 296 673 τοῖς
309 641 413 668 ἔθνεσιν
426 643 441 677 ἡ
456 642 526 669 κατὰ
536 643 614 678 χάριν
627 643 774 673 δικαίωσις.
790 643 826 668 Σὺ
841 642 914 674 ἄξιος

118 687 169 722 τῆς
196 688 328 719 ζωοποιοῦ
353 688 489 723 ἀπαρχῆς.
520 689 691 724 Ἀπήλαυσας
717 689 815 724 νόμου;
848 688 914 714 ἁπό-

118 733 216 761 >.αυσαι
242 735 288 761 καὶ
310 734 359 770 τῆς
379 736 498 771 χάριτος.
516 735 667 771 Κέκμηκας
689 736 728 771 τῷ
753 735 912 771 γράμματι;

119 779 325 815 ἁνακαινξσθητι
342 780 371 806 ὲν
388 780 426 815 τῷ
442 780 587 815 πνεύματι.
609 781 770 808 Ἀπέκδυσαι
787 781 835 816 τὴν
860 790 913 808 πα-

118 824 248 860 λαιότητα
268 826 314 852 καὶ
332 825 439 852 ἔνδυσαι
460 826 509 861 τὴν
536 827 688 863 καινότητα.
707 827 797 854 Ταῦτα
817 827 870 863 γάρ
883 835 912 853 σε

117 869 284 904 ἠγνοηκέναι
299 870 329 896 οὐ
343 870 424 896 δοκῶ.

968 230 1096 264 magister
1117 230 1228 264 optime.
1261 229 1336 256 Meus
1360 229 1475 265 denique
1492 235 1585 258 uterus
1602 230 1651 258 tibi
1668 232 1753 259 docu-
1772 243 1774 246 ν

968 280 1059 302 mento
1075 276 1121 306 sit.
1137 276 1164 302 in
1175 284 1229 311 quo
1248 275 1298 302 fuit
1310 279 1464 306 contentus,
1477 277 1523 312 qui
1537 284 1674 313 nusquam
1687 278 1755 305 alio-

967 322 1013 356 qui
1028 326 1117 357 potest
1137 322 1270 348 contineri
1284 331 1290 348 :
1308 329 1341 348 ex
1358 329 1412 356 quo
1430 322 1510 349 etiam
1529 321 1624 350 Sermo
1637 323 1680 350 ille
1694 331 1754 350 car-

968 368 1011 395 nis
1030 375 1136 403 expers,
1153 368 1303 401 assumpsit.
1317 375 1437 394 carnem.
1466 367 1524 395 Non
1540 368 1595 402 jam
1611 369 1683 396 tubae
1702 375 1754 396 ter~

967 414 1050 440 ritant
1074 413 1233 440 accedentes
1251 414 1293 439 "z
1312 420 1366 440 non
1392 414 1489 441 iterum
1516 421 1594 442 mons
1619 415 1754 451 fumigans

967 458 1249 493 appropinquantibus
1267 457 1354 492 injicit
1381 462 1480 485 metum
1497 467 1503 484 :
1519 465 1551 485 ac
1578 467 1665 494 neque
1693 461 1754 493 lex,

967 504 1099 532 audacius
1113 505 1313 539 contingentem
1326 503 1448 531 severius
1465 504 1542 538 punit
1559 504 1591 531 ‘°.
1607 504 1756 534 Przesentia

967 551 1038 577 enim
1066 551 1252 586 propensioris
1278 555 1342 577 sunt
1367 551 1394 577 in
1426 550 1549 578 homines
1567 551 1664 585 studii;
1691 556 1756 580 sunt

966 604 1026 631 quae
1039 601 1181 631 geruntur,
1197 597 1294 624 divinae
1307 597 1339 624 ad
1354 604 1404 624 nos
1428 596 1628 631 inclinationis;
1645 598 1753 626 bonita-

965 643 1011 674 tis,
1029 650 1090 677 quaz
1106 647 1246 678 apparent.
1267 642 1367 677 Excipe
1381 643 1497 677 gratauti
1515 644 1608 670 animo
1623 644 1657 671 ad
1668 648 1693 671 te
1708 652 1756 672 ve-

965 688 1084 715 nientem
1104 688 1186 716 Deum
1202 699 1207 715 :
1227 689 1284 723 ipse
1298 689 1370 716 enim
1393 688 1497 716 auferet
1511 688 1669 724 iniquitates
1681 694 1755 723 tuas,

964 738 991 761 et
1004 734 1124 769 expiabit
1146 739 1256 769 peccata
1276 738 1332 761 tua.
1360 733 1389 761 ln
1413 739 1439 762 te
1456 735 1573 770 primum
1594 735 1756 764 informetur

964 780 1060 806 mundi
1075 780 1194 808 universi
1223 781 1357 807 lustratio.
1371 779 1400 806 In
1416 784 1442 807 te
1456 785 1482 808 ct
1497 789 1545 816 per
1560 786 1602 814 te,
1628 783 1756 817 gentibus

964 826 1144 860 praenuntiata
1160 826 1324 858 innotescat,
1335 835 1394 861 quae
1410 828 1557 854 secundum
1571 828 1686 863 gratiam
1697 833 1752 861 est,

962 871 1130 906 justiﬁcatio.
1147 871 1249 907 Dignus
1276 880 1305 899 es
1329 873 1445 901 vivificis
1470 874 1608 908 primitiis.
1633 872 1706 902 Usus
1721 883 1752 902 es

117 914 198 950 lege?
225 920 301 944 utere
326 921 354 944 et
368 918 463 952 gratia.
488 917 628 953 Fatigatus
655 927 684 947 es
707 920 814 947 littera?
845 926 976 947 renovare
993 919 1101 955 spiritu.
1120 919 1194 947 Exue
1216 923 1395 954 vetustatem;
1413 926 1439 948 et
1463 922 1610 950 novitatem
1628 921 1752 950 induere.

117 959 177 989 Non
191 962 264 989 enim
277 967 341 997 puto
357 968 382 991 te
399 964 456 991 haec
470 965 586 992 nescire.

154 1023 195 1049 H’.
216 1024 277 1050 Ἐπὶ
291 1025 396 1057 τούτοις
413 1027 479 1052 πᾶσι
502 1027 758 1062 παρρησιασάμενος
772 1028 786 1053 ὁ
802 1026 899 1058 δίκαιος

1002 1025 1069 1053 Vlll.
1090 1025 1130 1053 Ab
1152 1025 1195 1052 his
1218 1025 1364 1058 omnibus,
1394 1030 1502 1060 sumpta
1517 1025 1609 1060 justus
1633 1026 1750 1059 fiducia.

116 1069 163 1095 καὶ
177 1071 211 1104 τῇ
227 1072 368 1106 προτροπῇ
386 1070 460 1103 εἴξας
472 1072 520 1107 τῆς
531 1071 764 1107 διακονησαμένης
775 1072 833 1107 Θεῷ
844 1073 912 1108 πρὸς
931 1108 933 1110 _

116 1115 279 1150 ἀνθρώπους
300 1116 480 1152 Θεομήτορος,
507 1117 653 1149 ὑπεδέξατο
679 1118 728 1152 μὲν
749 1119 808 1148 ταῖς
826 1126 912 1152 γηρα-

116 1161 192 1192 λὲαις
205 1162 338 1195 ἀγκάλαις
355 1161 410 1189 τὸν
424 1162 453 1189 ὲν
468 1163 610 1198 νηπιότητι
626 1164 755 1190 παλαιὸν
769 1163 830 1190 τῶν
843 1165 912 1198 ἡμε-

116 1205 188 1238 ρῶν,
201 1206 333 1242 εὑλὸγησε
343 1206 371 1232 δὲ
386 1207 430 1233 τὸν
446 1207 511 1234 Θεὸν
529 1208 576 1234 καὶ
590 1206 650 1234 εἶπε
660 1217 667 1223 ⁸
691 1209 757 1235 Νῦν
768 1208 911 1241 ἀπολύεις

116 1252 171 1278 τὲν
185 1252 300 1279 δοῦλόν
313 1261 382 1284 σου,
399 1253 544 1285 Δέσποτα,
561 1254 636 1281 κατὰ
656 1254 689 1280 τὸ
702 1253 785 1288 ῥῆμά
796 1262 865 1286 σου,
877 1254 912 1280 ἐνν-

115 1297 233 1332 εῑρήνῃ.
248 1299 308 1324 Ὅτι
324 1297 407 1325 εἶδον
424 1301 450 1326 ol
471 1300 619 1334 ὀφθαλμοί
639 1308 698 1334 μου
712 1299 745 1326 τὸ
764 1299 912 1333 σωτήριόν

113 1349 185 1375 σου,
201 1343 217 1370 ὃ
236 1344 403 1379 ἡτοίμασας
426 1345 501 1372 κατὰ
522 1347 684 1379 πρόσωπον
706 1345 828 1372 πάντων
851 1344 911 1371 τῶν

114 1387 215 1414 λαῶν·
243 1389 307 1423 φῶς
329 1391 373 1423 εὶς
399 1391 593 1425 ἀποκάλυψιν
618 1391 723 1423 ἐθνῶν,
747 1391 795 1418 καὶ
818 1391 912 1423 δόξαν

114 1434 193 1461 λαοῦ
210 1442 269 1462 σου
289 1435 417 1470 Ἰσραήλ.
437 1437 583 1464 Ἀπέλαϐον
596 1437 644 1472 τὴν
656 1437 731 1471 παρὰ
747 1436 794 1463 σοῦ
809 1436 910 1463 ἄλυπον

113 1480 221 1516 χαράνε
249 1481 371 1508 ἀπόλαϐε
395 1491 428 1517 με
450 1483 609 1518 χαιρόμενον
632 1482 698 1518 (59),
723 1483 770 1508 καὶ
790 1483 909 1516 ἀνευφηε

114 1525 220 1562 μοῦντα
235 1526 270 1554 τὰ
288 1527 350 1562 ἐλέη
367 1536 424 1560 σου,
439 1528 533 1564 Κύριε,
555 1528 709 1559 Ἀπὲδωκάς
725 1537 769 1563 μοι
794 1529 843 1563 τὴν
867 1528 910 1554 εύ-

113 1571 232 1607 θυμέαν·
261 1573 410 1608 ἀποδίδωμὲ
437 1582 478 1600 σοι
501 1574 626 1609 εὐθύμως
646 1574 679 1601 τὰ
701 1574 907 1609 εὐχαριστήρια.

114 1619 223 1652 Ἔγνων
240 1619 351 1654 ἀγάπης
367 1620 434 1646 Θεοῦ
451 1620 575 1656 δύναμιν.
591 1622 628 1647 Δι’
641 1621 690 1655 ἐμὲ
709 1620 763 1655 γὰρ
783 1619 838 1655 (60)
852 1621 865 1645 ὁ
878 1621 909 1646 ἐκ

113 1666 162 1692 σοῦ
185 1665 263 1698 Θεὸς,
284 1667 491 1702 ἀνερμηνεύτως
518 1668 564 1694 καὶ
587 1662 743 1703 ὰρρεύστως
759 1666 907 1701 γεννηθεὶς,

963 1070 1138 1106 Deiparaeque
1157 1069 1212 1098 Deo
1235 1069 1390 1097 ancillantis
1405 1070 1432 1096 in
1447 1070 1481 1097 iis
1494 1077 1554 1104 quae
1570 1074 1694 1106 spectant
1718 1072 1752 1100 ad

961 1117 1095 1148 homines,
1108 1116 1291 1144 exhortationi
1306 1123 1338 1143 ac
1353 1116 1463 1143 monitis
1476 1115 1576 1144 cedens
1589 1137 1596 1149 ,
1608 1117 1752 1153 Antiquam

961 1159 1036 1185 illum
1053 1159 1154 1185 dierum
1171 1159 1193 1174 “
1209 1158 1339 1185 infantem
1350 1178 1357 1190 ,
1385 1158 1516 1186 senilibus
1532 1158 1603 1186 ulnis
1619 1161 1749 1195 suscepit,

961 1204 1099 1239 Deumque
1110 1204 1255 1231 dilaudans
1271 1204 1309 1230 ait
1321 1213 1327 1231 :
1338 1203 1416 1230 Nunc
1432 1203 1546 1231 dimittis
1554 1213 1655 1231 servum
1665 1210 1750 1236 tuum.

961 1251 1080 1284 Domine,
1090 1250 1231 1278 secundum
1245 1249 1350 1277 uerbum
1363 1255 1436 1276 tuum
1457 1251 1484 1277 in
1499 1258 1573 1284 pace.
1591 1250 1662 1284 Quia
1678 1251 1750 1279 uide-

961 1300 1023 1323 runt
1045 1295 1115 1322 oculi
1138 1303 1188 1322 met
1213 1295 1339 1322 Salutare
1363 1300 1457 1322 tamn:
1473 1295 1542 1330 quod
1561 1296 1665 1330 parasti
1686 1301 1751 1325 aut:

961 1342 1055 1376 faciem
1075 1342 1192 1368 omnium
1209 1340 1382 1375 populorum;
1410 1341 1497 1367 lumen
1513 1341 1547 1367 ad
1565 1342 1750 1369 reuelationem

960 1389 1085 1424 gentium,
1097 1392 1121 1414 et
1142 1387 1255 1422 gloriam
1273 1386 1355 1421 plebis
1372 1391 1424 1414 tute
1439 1385 1525 1413 Israel
1540 1387 1572 1415 °'.
1588 1387 1686 1423 Accepi
1701 1388 1750 1416 abs

960 1440 987 1463 te
1001 1434 1160 1462 inoﬂ‘ensam
1175 1438 1202 1462 et
1219 1441 1330 1460 vacuam
1349 1432 1452 1460 doloris
1482 1433 1602 1460 laetitiam
1619 1442 1625 1460 :
1645 1437 1674 1460 tu
1694 1441 1748 1465 me.

960 1480 1084 1512 Domine,
1100 1480 1244 1510 laatantem,
1259 1483 1375 1513 tuasque
1399 1477 1626 1513 depraedicantem
1641 1478 1750 1506 miseri-

960 1526 1069 1554 cordias
1085 1526 1188 1560 accipe.
1205 1524 1246 1552 Tu
1272 1524 1400 1559 gaudium
1423 1523 1475 1550 hoc
1497 1524 1587 1550 animo
1604 1524 1746 1552 indidisti:

960 1571 1081 1606 gaudens
1095 1578 1144 1606 ego
1158 1570 1250 1597 animo
1266 1569 1414 1605 gratiarum
1437 1569 1486 1596 tibi
1505 1576 1603 1597 munus
1615 1570 1746 1605 rependo.

960 1616 1080 1651 Cognovi
1096 1616 1151 1642 vim
1175 1615 1272 1642 divinae
1290 1614 1453 1641 dilectionis.
1468 1613 1583 1649 Propter
1611 1622 1654 1642 me
1673 1616 1746 1643 enim

959 1661 1032 1690 Deus
1048 1662 1103 1694 ille,
1120 1660 1249 1688 inell'abili
1267 1661 1371 1687 ratione
1387 1667 1418 1686 ac
1434 1659 1492 1687 sine
1516 1659 1691 1693 corruptione
1711 1667 1746 1687 ex

112 1712 257 1746 ἄνθρωπος
273 1713 393 1746 γέγονεν.
409 1714 513 1748 Ἔγνων
531 1714 581 1748 τῆς
600 1713 649 1748 σῆς
666 1713 729 1749 περὶ
743 1713 817 1747 ἡμᾶς
834 1713 898 1748 κηδε

962 1712 988 1735 te
1003 1708 1120 1742 genitus,
1135 1707 1224 1734 lactus
1248 1710 1290 1733 est
1311 1706 1403 1732 homo.
1427 1705 1546 1740 Cognovi
1574 1709 1647 1732 tuam
1671 1705 1746 1732 illam

113 1758 211 1791 μονίας
236 1757 266 1784 τὺ
291 1758 477 1794 ἁνέκψραστον
494 1759 616 1794 μέγεθος,
637 1759 677 1784 ὅτι
699 1757 733 1784 τὰ
749 1757 783 1784 σὰ
804 1757 907 1791 σπλὰγν

111 1810 164 1837 χνα
176 1803 372 1836 ἐξαπέστειλας
385 1806 423 1835 εἰς
433 1805 557 1840 βοήθειαν
572 1804 659 1840 ἡμῶν.
676 1805 780 1839 Ἐγνων
793 1804 806 1830 ὃ
820 1804 906 1830 ἐδιδά-

112 1848 181 1883 χθην
195 1849 247 1875 ὑπὸ
261 1850 447 1885 Σολομῶντος,
462 1851 601 1885 Κραταιὰ,
617 1851 750 1884 λέγοντος,
761 1851 800 1883 ὡς
817 1850 907 1877 θάνα-

112 1903 164 1927 ιος
182 1895 202 1929 ἠ
223 1895 335 1929 ἀγάπη.
359 1896 407 1922 Διὰ
429 1896 530 1931 ταύτης
553 1896 607 1931 γὰρ
631 1895 838 1932 συντριϐήσεται
860 1895 906 1922 τοῦ

111 1939 228 1967 θανάτου
242 1941 273 1967 τὸ
286 1941 405 1977 κέντροψ
418 1942 462 1969 διὰ
475 1943 576 1978 ταύτης
587 1941 677 1978 νεκροὶ
692 1941 764 1978 ζωὴν
778 1941 888 1976 ὄψονται
898 1948 904 1955 ·

111 1985 156 2012 διὰ
173 1986 277 2022 ταύτης
295 1986 407 2019 θάνατος
428 1987 578 2023 μαθήσεται
592 1988 717 2020 θάνατον,
731 1987 905 2022 παυσάμενος

111 2031 162 2066 τῆς
172 2032 233 2058 καθ’
249 2032 327 2067 ἡμῶν
338 2033 511 2069 ἐπικρατείας
521 2043 527 2048 ·
541 2034 584 2061 διὰ
594 2033 694 2069 ταύτης
706 2034 751 2061 καὶ
764 2035 777 2059 ὁ
788 2033 907 2068 ἀρχέκα-

111 2083 160 2107 κος
184 2076 247 2112 ὄφις
281 2079 451 2113 αἰχμάλωτος
480 2081 623 2115 γενήσεται
653 2080 701 2106 καὶ
730 2078 903 2114 ὑποϐρύχιος.

116 2121 301 2157 Ἔγνώρισας
324 2124 404 2158 ἡμῖν,
420 2126 518 2159 Κύριε,
535 2125 568 2151 τὸ
590 2125 738 2159 σωτήριόν
753 2132 821 2156 σου,
838 2125 904 2151 ἅνα-

111 2167 213 2202 στήσας
229 2170 294 2206 ἡμῖν
308 2169 390 2202 φυτὸν
401 2170 511 2206 εἰρήνης
522 2180 528 2185 ·
543 2171 590 2197 καὶ
603 2171 692 2197 ούκέτι
705 2170 822 2205 ἐσόμεθα
837 2170 905 2196 πλα-

110 2211 238 2246 νώμενοι.
259 2214 423 2250 Ἐγνώρισας
444 2217 520 2250 ἡμῖν,
534 2215 630 2251 Κύριε,
648 2216 688 2242 ὅτι
710 2216 759 2242 οὐκ
778 2216 817 2247 εἰς
830 2215 905 2246 τέλος

111 2259 253 2293 ὑπερεῖδες
279 2261 342 2292 τοὺς
363 2261 470 2293 δούλους
499 2271 555 2294 σου,
574 2262 668 2295 ἀγαθὲ,
694 2262 754 2288 οὐδὲ
773 2261 904 2288 ἐπελάθου

110 2303 179 2338 ἔργα
212 2305 312 2341 χειρῶν
337 2315 394 2334 σου.
423 2308 655 2343 Κατοικτειρήσας
677 2308 730 2343 γὰρ
755 2307 833 2343 ἡμῶν
855 2307 903 2342 τὴν

110 2350 291 2387 ἑλεεινότητα,
306 2353 422 2387 δαψιλῶς
439 2353 548 2389 ἐξέχεας
568 2354 608 2388 ἐφ’
620 2355 692 2389 ἡμᾶς
713 2353 761 2388 τὴν
785 2353 903 2388 ἔμφυτον

112 2396 156 2422 καὶ
173 2397 372 2433 ἀνεξάντλητόν
393 2407 439 2425 σου
459 2398 624 2434 ἀγαθότητα,
653 2399 698 2425 διὰ
719 2398 766 2424 τοῦ
782 2399 902 2431 Μονογε-

111 2441 172 2474 νοῦς
195 2443 242 2469 καὶ
264 2444 472 2479 ἀπαραλλάκτου
498 2445 551 2479 (61)
572 2445 620 2471 καὶ
642 2444 783 2480 ὁμοουσίου
804 2443 902 2474 Παιδός

111 2495 156 2513 σου
171 2488 221 2523 τὴν
237 2488 370 2524 λύτρωσιν
385 2491 462 2526 ἡμῶν
479 2491 669 2526 ποιησάμενος,
688 2489 794 2521 ἀνάξιον
806 2490 900 2525 κρίνας

960 1753 1176 1788 inexplicabilem
1200 1752 1287 1780 nostri
1314 1759 1406 1778 curam
1435 1751 1620 1786 studiumque,
1637 1751 1683 1786 qui
1699 1755 1746 1778 tua

958 1801 1016 1835 ipse
1033 1800 1138 1828 viscera
1152 1798 1277 1826 emiseris
1295 1798 1322 1825 in
1348 1802 1470 1825 n05trum
1500 1797 1639 1825 auxilitum.
1667 1797 1746 1825 Nunc

958 1846 1066 1873 demum
1083 1844 1203 1880 intelligo
1214 1843 1287 1879 quod
1298 1851 1313 1870 a
1324 1843 1469 1870 Salomone
1482 1843 1633 1870 didiceram
1649 1853 1655 1870 :
1674 1843 1745 1870 For-

958 1892 992 1918 tis
1006 1896 1035 1917 ut
1056 1899 1126 1917 mors
1154 1890 1259 1918 dilectio
1273 1889 1306 1917 ⁸³.
1336 1889 1388 1917 Per
1412 1896 1471 1916 eam
1496 1889 1568 1916 enim
1588 1893 1745 1917 conteretur

957 1937 1053 1965 mortis
1072 1936 1214 1968 stimulus,
1228 1943 1275 1971 per
1290 1943 1349 1963 eam
1372 1934 1473 1961 mortui
1490 1934 1621 1961 videbunt
1638 1935 1720 1962 vitam
1733 1955 1742 1968 ,

957 1990 1005 2017 per
1021 1990 1080 2010 eam
1095 1989 1168 2009 mors
1179 1985 1294 2008 mortem
1309 1979 1474 2015 experietur,
1488 1979 1603 2014 imperio
1621 1980 1693 2015 quod
1715 1980 1744 2008 in

957 2037 1008 2057 nos
1021 2028 1164 2056 exercebat
1181 2026 1298 2059 abolito;
1316 2033 1363 2061 per
1373 2034 1431 2053 eam
1446 2029 1473 2052 et
1483 2033 1596 2060 serpens
1608 2025 1744 2053 malorum

957 2078 1054 2102 auctor
1070 2074 1193 2108 capietur
1216 2076 1243 2099 et
1259 2071 1458 2111 submergetur.
1472 2070 1497 2097 Ν
1501 2075 1571 2098 otum
1586 2071 1672 2104 nobis,
1688 2071 1744 2098 Do-

957 2122 1034 2153 mine,
1047 2120 1132 2155 fecisti
1147 2118 1270 2146 Salutare
1280 2122 1353 2144 tuum
1368 2118 1401 2150 “,
1413 2117 1492 2145 nobis
1507 2117 1680 2144 exsuscitans
1693 2125 1743 2152 pa-

956 2168 997 2195 cis
1009 2166 1195 2202 propaginem,
1211 2172 1261 2192 nec
1279 2164 1393 2199 amplius
1409 2164 1601 2191 erraverimus.
1626 2163 1719 2190 Palam
1732 2183 1741 2195 ,

957 2212 1079 2243 Domine,
1096 2209 1198 2241 fecisti,
1223 2213 1252 2236 ut
1266 2217 1321 2236 non
1338 2209 1366 2235 in
1380 2208 1459 2236 linem
1475 2207 1633 2243 despexeris
1647 2215 1742 2235 servos

955 2263 1034 2290 tuos;
1051 2265 1137 2291 neque
1150 2263 1232 2291 opera
1244 2263 1374 2282 manuum
1390 2259 1509 2286 tuarum,
1522 2261 1539 2281 o
1550 2253 1631 2286 bone,
1639 2254 1741 2282 oblitus

956 2304 1004 2332 sis.
1020 2303 1164 2330 Miseratus
1181 2301 1252 2328 enim
1275 2301 1455 2328 miserabilem
1484 2304 1583 2328 sortem
1608 2303 1740 2328 nostram.

956 2353 1098 2384 cognatam
1115 2348 1164 2375 tibi
1179 2348 1420 2382 inexhaustamque
1447 2346 1521 2373 illam
1537 2345 1684 2372 bonitatem
1712 2343 1740 2370 in

955 2402 1006 2422 nos
1022 2392 1156 2425 elludisti';
1173 2392 1320 2427 redemptis
1345 2391 1423 2418 nobis
1439 2398 1487 2426 per
1501 2389 1684 2425 Unigenitum,
1698 2388 1740 2415 in-

955 2437 1184 2467 commutabiliter
1195 2437 1311 2465 similem
1326 2440 1352 2464 et
1366 2435 1488 2471 ejusdem
1508 2439 1598 2462 tecum
1612 2434 1740 2462 substan-

954 2486 1006 2518 tia},
1025 2484 1139 2511 Filium:
1154 2486 1199 2510 tua
1216 2483 1301 2518 ipsius
1318 2483 1460 2517 majestate
1485 2485 1511 2508 et
1527 2481 1648 2509 bonitate
1665 2478 1739 2506 indi-

143 2546 168 2562 "
189 2546 275 2586 Efod.
291 2556 347 2580 xtx,
370 2548 413 2576 16.
460 2549 490 2586 1⁶⁰
510 2548 530 2575 ll
550 2548 610 2583 Reg.
633 2557 668 2580 vi,
691 2549 717 2575 6.
757 2549 777 2563 ⁶¹
792 2547 859 2573 Dan.
881 2555 899 2574 ιι

961 2546 987 2572 5.
1027 2544 1048 2559 ⁶²
1066 2543 1129 2571 Luc.
1151 2550 1180 2575 ιι,
1197 2541 1293 2569 29-52,
1332 2541 1355 2557 ⁸³
1375 2540 1453 2568 Cant.
1474 2547 1533 2572 vttl,
1554 2539 1581 2567 6.
1619 2539 1641 2555 “
1661 2538 1736 2566 Paul.

110 2588 192 2612 xcvn,
212 2582 240 2609 2.

147 2640 200 2676 (59)
218 2642 408 2676 Χαιρόμενον.
428 2640 522 2672 Forte,
539 2641 676 2676 χαίροντα.

148 2673 202 2711 (ϋο)
221 2673 327 2711 Δι’
340 2675 403 2711 γάρ.
419 2675 516 2706 Habet,
537 2673 576 2702 sic
589 2673 720 2710 proprius
743 2675 830 2711 facttts
851 2673 896 2711 Je-

113 2709 170 2746 slns.
194 2709 300 2746 aliquid
324 2709 427 2739 sanctis
452 2711 574 2738 suavius.
598 2709 650 2737 Sic’
667 2711 770 2746 passim
797 2709 893 2746 David.

112 2744 223 2778 Paulus,
240 2744 292 2774 etc.
318 2746 402 2773 Deum
424 2747 498 2774 velut
522 2746 573 2773 sibi
596 2744 713 2779 rapiunt.
738 2744 894 2778 Theologus

112 2781 190 2809 etiam
206 2785 277 2809 orat.
290 2781 317 2807 in
334 2785 425 2807 sancta
439 2781 562 2810 Lumina,
577 2778 657 2807 πάλιν
669 2781 683 2806 ὁ
698 2780 763 2815 ἐμὸς
781 2778 893 2815 ’1ησοῦςῖ

113 2823 163 2851 «ψη
187 2817 222 2844 de.
248 2824 279 2843 re
301 2816 450 2843 luculenter
467 2816 680 2851 Clirysostomus
704 2813 730 2841 in
753 2813 846 2848 cup.”
860 2813 894 2838 ad

115 2849 171 2879 Gal.
197 2851 258 2879 Non
279 2851 370 2885 itaque
392 2851 469 2879 facile
484 2849 564 2878 fuerit
582 2851 608 2878 in
626 2850 770 2885 ejusmodi,
789 2854 895 2875 mutan-

948 2638 1011 2664 dum
1027 2637 1165 2672 singulare
1180 2636 1208 2663 in
1219 2635 1332 2670 plurale.
1348 2635 1479 2663 Paulinus
1493 2635 1549 2667 hic,
1563 2638 1654 2661 nostra
1667 2635 1736 2660 enim

948 2681 1039 2700 causa.

983 2707 1040 2742 (6i)
1065 2705 1323 2742 ’AJzapasudxrov.
1339 2705 1420 2733 Velut
1435 2714 1482 2740 per
1496 2705 1733 2742 omnia_similg_m,

948 2748 975 2770 et
987 2739 1100 2777 'qu'alem
1125 2739 1242 2777 sequens
1260 2741 1342 2777 illud,
1357 2739 1510 2775 ὸμοούσὶου,
1529 2740 1656 2775 explicat.
1677 2739 1732 2777 v9:

949 2775 1260 2816 theologica‘Gregorio,
1274 2775 1460 2816 Damasceno.‘
1470 2779 1535 2816 etc"
1553 2783 1681 2816 perquam
1697 2775 1734 2816 fa:

949 2808 1073 2839 miliaria.
1097 2808 1240 2842 Pantiims,
1265 2811 1344 2840 male,
1369 2809 1538 2839 immobilem.
1554 2808 1616 2838 'nisi
1631 2808 1732 2838 erravi’

949 2849 1064 2885 prelum,
1079 2851 1105 2875 et
1119 2853 1213 2875 notare
1230 2846 1314 2873 voluit
1332 2844 1576 2872 ittcomntumbilem,
