1911 3072
109 92 157 122 569

658 91 775 120 SERMO
797 91 839 118 DE
860 90 1009 119 SIMEONE
1028 91 1071 118 ET
1091 91 1195 119 ANNA.

1677 93 1728 119 570

114 151 176 188 πρὸς
193 150 223 177 σὲ
240 150 405 187 φθέγξομαι,
421 148 443 178 ὦ
458 152 552 187 Μῆτερ
574 151 704 186 Παρθένε,
721 151 768 177 καὶ
782 150 901 186 Παρθὲνε

960 159 978 178 .e
993 158 1056 177 vero
1069 150 1133 184 quid
1146 150 1243 182 dicam,
1256 157 1272 176 ο
1289 149 1373 177 Mater
1381 149 1473 185 Virgo,
1491 153 1518 177 et
1533 149 1613 185 Virgo
1629 149 1730 178 Mater?

113 192 217 231 Μῆτερῖ
235 193 269 232 ἧς
283 195 338 231 γὰρ
352 196 382 222 τδ
396 196 475 231 ἔργον
487 197 537 222 οὐκ
552 195 728 232 ἀνθρώπινον,
744 195 842 230 ταύτης
857 197 902 222 καὶ

113 244 242 274 bimum;
257 242 328 277 ὑπὲρ
345 242 497 278 ἄνθρωπον.
518 241 563 268 Διὸ
583 241 632 276 τῆς
655 241 768 277 ἀπορίας
787 241 816 267 τὸ
840 249 903 267 σκυ-

113 289 218 326 θρωπὸν
242 289 276 314 ὲκ
300 288 356 314 τῶν
374 287 422 314 τοῦ
442 288 598 323 Πνεῦματος
619 287 682 323 περὶ
709 287 738 314 σὲ
765 288 903 324 καταλαμ-

114 334 204 370 πρυνῶ
218 333 320 370 γερῶν,
337 334 384 360 κα¹ι
406 333 440 360 τὰ
459 333 493 359 σά
515 341 555 359 σοι
577 332 776 368 προσκομίζων,
800 334 831 359 ἐκ
851 333 904 359 λει-

117 381 210 417 μώνων
240 380 384 407 ἀθανάτων
405 380 452 415 τὴν
475 380 548 415 ἱεράν
570 388 616 406 σου
639 379 685 405 καὶ
704 378 834 414 θεοστεφῆ
859 380 903 406 ἀν-

115 426 226 460 υμνήσω
256 425 354 460 χάραν.
383 424 528 460 Πατρικοῖς
555 432 584 450 σε
609 423 701 459 ὕμνοις
722 423 904 459 προσφῦὲγξοο

115 479 172 506 μαι,
191 470 312 506 Θύγατερ
324 469 414 501 Δαϐὶδ,
429 470 475 497 καὶ
495 469 580 506 μῆτερ
593 469 638 496 τοῦ
656 469 757 506 Κυρίου
776 470 822 496 καὶ
837 469 903 497 Θεοῦ

115 515 204 543 Δαῦίδ.
225 517 342 551 Αἱσχρὺν
358 516 411 551 γὰρ
429 516 487 551 ἅμα
506 515 554 542 καὶ
578 515 733 550 ἀνεύςρημον
758 515 905 551 ἀλλοτρίοις

115 563 226 597 κόσμοις
242 562 380 597 κοσμῆσαι
399 561 447 596 τὴν
469 563 500 596 τῇ
522 561 609 597 οἰκείᾳ
631 561 694 598 δόξῃ
716 561 904 597 διαφέρουσαν.

116 608 197 643 Δέχου
212 608 311 640 τοίνυν,
327 607 518 643 εὐμενεστάτη,
534 607 607 642 δῶρα
620 607 706 641 τίμια,
720 607 767 633 καὶ
784 607 824 633 σοὶ
839 607 905 641 μόνῃ

115 653 243 689 ἁρμόδια,
258 650 280 680 ὧ
302 653 396 680 πασῶν
418 652 518 687 γενεῶν
544 652 706 688 (id/nterim,
731 652 777 679 καὶ
797 653 905 679 πάντων

115 699 220 734 ὁρατῶν
233 708 263 725 τε
283 699 331 726 καὶ
348 699 471 734 ἀοράτων
489 699 734 734 δημιουργημάτων
756 699 906 734 τιμιωτέρα

117 746 242 780 φανεῖσα.
256 745 413 780 Μακαρίαὴ
426 743 486 780 ῥίζα
499 743 545 770 τοῦ
565 744 675 776 Ἰεσσαὶ,
695 745 741 771 καὶ
753 744 905 780 τρισμακά-

107 799 208 829 ¹ριειτος
224 791 238 816 ὁ
252 788 325 822 οἶκος
339 790 431 822 Δαϐὶό,
446 791 473 817 ἐν
524 789 690 826 ὲϐλάστησας
703 790 768 826 (64).
791 791 821 816 '0
835 791 905 824 Θεὸς

115 837 150 864 ἐν
161 837 248 872 μέσῳ
263 844 331 868 σου,
346 837 395 863 καὶ
412 837 447 863 οὺ
462 836 653 871 σαλευθήσῃ·
673 837 780 871 ἡγίασε
800 838 854 872 γὰρ
873 836 905 863 τὸ
921 826 942 853 Β

117 883 264 917 σκήνωμα
288 882 382 909 αὑτοῦ
400 883 416 909 ὁ
439 883 588 916 Ὕψιστος.
613 883 656 909 Ἐν
680 883 721 909 σοὶ
745 883 798 919 γὰρ
815 883 908 918 διαθῆ-

118 936 162 953 και
177 927 233 962 (65)
254 927 301 953 καὶ
321 927 487 962 ὀρκωμοσίαι
511 926 577 954 Θεοῦ
607 927 675 963 πρὸς
699 928 762 959 τοὺς
786 928 907 964 πατέρας

118 972 206 1007 ἡμῶν,
222 971 299 1003 τέλος
314 971 503 998 εὐκλεέστατον
527 971 658 1004 ἐδέξαντο·
675 972 716 998 ὅτι
736 971 779 998 διὰ
803 972 849 998 σοῦ
861 971 907 1006 γέ-

118 1026 178 1051 γονε
192 1017 304 1053 Κύριος,
320 1019 333 1044 ὁ
353 1017 419 1048 Θεδς
434 1017 486 1043 τῶν
502 1017 642 1053 δυνάμεων
663 1018 722 1052 μεθ’
742 1017 831 1053 ἡμῶν.
855 1017 907 1044 Τὸν

119 1063 164 1088 σὺν
177 1062 418 1097 προδιαγράφουσα
432 1061 566 1097 θεοπρεπῆ
581 1062 749 1098 χαρακτῆρα,
768 1062 833 1088 Θεὺν
847 1061 908 1096 ἔφε-

120 1116 164 1143 ρεν
179 1108 322 1141 ἀφλέκτως
343 1109 359 1142 ἠ
381 1107 516 1141 ἄψαυστος
533 1107 622 1142 βάτος,
642 1108 855 1143 ὲμφανιζόμενον
869 1107 908 1142 τῷ

120 1153 247 1189 προφήτῃ
275 1152 313 1184 ὡς
335 1153 465 1188 ὁραθῆναι
488 1152 630 1188 ηὐδόκησε.
655 1153 817 1189 Στερὲμνιος
833 1153 854 1180 δ’
874 1151 907 1180 αὖ

120 1199 167 1226 καὶ
180 1198 269 1234 πέτρα
289 1198 440 1234 ἁκρότομος
456 1198 504 1234 τὴν
521 1200 688 1234 παγκόσμιον
705 1200 736 1225 ὲκ
757 1199 804 1225 σοῦ
821 1199 908 1235 πηγά‹

123 1254 204 1272 αασαν
223 1245 304 1280 χάριν
324 1245 372 1272 καὶ
396 1244 523 1279 ἀνάψυξιν
544 1244 802 1280 προεξεικονίζουσα,
821 1253 909 1281 παρα-

123 1292 215 1327 μύθιον
241 1291 310 1327 ἴαμα
332 1291 482 1319 ἐκλείποντι
501 1292 557 1327 λαῷ
579 1292 610 1318 ὲκ
632 1292 751 1326 λαγόνων
775 1291 862 1327 ξηρῶν
880 1292 908 1318 ἐν

121 1339 214 1374 ἐρήμῳ
228 1337 345 1372 δαψιλῶς
365 1339 530 1374 προήγαγεν.
548 1339 584 1364 Οὔ
604 1337 656 1374 μὴν
670 1338 698 1364 δὲ
719 1337 785 1364 ἀλλὰ
802 1337 907 1364 καὶτοῦ

123 1385 216 1419 ἱερέως
235 1385 252 1418 ἡ
268 1383 377 1418 ῥάϐδος,
398 1384 447 1410 οὐκ
466 1384 593 1419 ἀδόκιμον
616 1383 753 1419 σύσσημον
769 1383 823 1419 (66)
840 1393 908 1420 παρ-

121 1431 214 1465 έσχετο
228 1431 278 1465 τῆς
294 1429 448 1466 ὑπερφυοῦς
464 1438 509 1456 σου
523 1430 639 1465 λοχείας,
653 1429 826 1466 ἀγεώργητον
843 1438 908 1466 καρ-

123 1477 171 1502 πὸν
189 1475 369 1510 ὲξανθήσασα,
388 1475 522 1510 ἱερατείας
539 1474 690 1510 ἐνδελεχοῦς
707 1474 860 1510 ἀρραϐῶνα.
876 1475 908 1501 Τί

123 1522 164 1554 δέ;
179 1522 226 1548 καὶ
239 1523 253 1548 ὁ
271 1522 357 1557 μέγας
372 1522 490 1556 Μωῦσῆς
511 1522 540 1548 οὐ
566 1521 661 1557 κομιδῆ
686 1521 850 1556 παρέστησε,
865 1513 908 1547 διὰ
923 1511 943 1539 C

123 1568 183 1599 τοὺς
197 1567 262 1604 περὶ
277 1567 307 1594 σὲ
317 1567 554 1602 δυσκαταλήπτους
565 1567 666 1598 τύπους
682 1566 835 1603 ὲγχρονίσαι
853 1566 907 1602 (67)

124 1614 160 1648 τῷ
174 1613 231 1648 ὄρει
248 1613 318 1648 ἔγνω
337 1613 372 1640 τὰ
388 1613 451 1648 περὶ
467 1612 517 1647 τῆς
533 1612 618 1647 ἁγνῆς
637 1612 838 1639 ἐκδιδάσκεσθαι
860 1621 909 1647 μυ-

125 1661 237 1695 στήριας
259 1659 344 1694 Πῆξαι
370 1658 424 1694 γὰρ
449 1658 519 1686 κατὰ
539 1658 669 1694 σύμϐολον
698 1659 744 1686 καὶ
769 1658 836 1694 πρὸς
859 1659 910 1692 ἁφ-

125 1706 251 1740 ομοίωσιν
268 1705 383 1732 κιϐωτὸν
401 1704 449 1731 καὶ
465 1704 564 1739 ταύτην
589 1705 775 1740 προσταχθεὶς,
793 1705 822 1731 οὐ
838 1712 908 1740 παρ-

125 1752 212 1786 έργως
225 1752 360 1786 ἐχρήσατο
372 1752 426 1783 τοῖς
446 1750 697 1785 προστεταγμένοις,
712 1751 735 1776 εὶ
760 1751 806 1777 καὶ
827 1759 909 1786 τραγ-

125 1797 261 1833 ῳδούμενα
273 1796 444 1832 συμὸἐϐηκεν
454 1797 498 1823 ἐπὶ
507 1798 539 1832 τῇ
552 1796 709 1829 καταϐάσει,
717 1796 774 1823 ἀλλ’
782 1797 821 1828 είς
831 1796 910 1822 πέντε

125 1844 209 1880 ἡμίση
226 1844 324 1879 πήχεις
341 1843 440 1879 ταύτην
452 1843 619 1875 συντελέσας,
629 1843 768 1878 νομοδόχον
783 1842 910 1874 ἀνέδειξε,

126 1891 180 1921 τοῖς
200 1889 332 1925 χερουόὶμ
350 1889 621 1924 συγκαλυπτομένην*
644 1888 865 1922 ὲκφαντικώτατά
882 1897 910 1914 σε

126 1937 174 1971 τὴν
186 1935 315 1962 Θεοτόκον
332 1935 579 1971 προσημαίνουσαι),
593 1935 640 1970 τὴν
653 1935 777 1970 ἁφθόρως
792 1935 910 1969 ἐγκυμον-

127 1983 256 2017 νήσασαν,
268 1982 315 2008 καὶ
329 1981 474 2016 ἀφράστως
484 1981 588 2016 ἀποκυή
594 1989 677 2008 σασαν
688 1980 736 2016 τὴν
747 1981 794 2015 τῆς
808 1980 912 2016 ἀφθαρ-

128 2028 186 2059 σίας
203 2027 331 2054 σύστασιν
352 2027 398 2054 ἐπὶ
411 2027 480 2053 τέλει
493 2027 545 2053 τῶν
567 2027 645 2054 πέντε
662 2027 781 2062 ἡμίσεως
798 2026 844 2053 τοῦ
867 2027 912 2052 κό-

129 2082 194 2108 σμου
217 2074 333 2100 κύκλων.
359 2073 408 2100 Διὰ
425 2073 463 2105 σὲ,
481 2074 527 2100 καὶ
541 2074 588 2109 τὴν
605 2074 636 2099 ἐκ
652 2073 698 2099 σοῦ
714 2073 846 2108 ἄχραντον
864 2072 911 2098 τοῦ

953 196 1032 231 cujus
1043 197 1114 223 enim
1132 203 1200 231 opus
1215 203 1268 223 non
1283 196 1429 223 lmmanum
1443 199 1484 224 est
1495 216 1502 228 ,
1526 196 1585 230 ejus
1600 202 1625 224 et
1638 197 1731 225 lauda-

953 242 1025 268 datio
1038 241 1143 268 excedit
1155 241 1301 268 hominem.
1314 241 1493 274 Quamobrem
1507 243 1675 276 paupertatis
1688 243 1731 269 hic

954 295 1018 313 meae
1031 286 1236 318 obscuritatem,
1258 287 1311 314 tuis
1325 294 1339 313 a
1357 285 1458 321 Spiritu
1476 286 1622 315 honoribus
1637 288 1730 315 donis-

954 342 1005 369 que
1027 334 1189 361 illustrabo:
1211 337 1310 367 tuaque
1332 331 1378 358 tibi
1405 331 1519 360 oﬂerens
1537 340 1552 359 e
1567 334 1652 365 pratis
1681 334 1732 360 im-

955 380 1123 412 mortalibus,
1135 383 1209 406 tuum
1221 385 1328 407 sacrum
1343 382 1369 405 et
1383 385 1397 404 a
1412 377 1466 405 Deo
1478 383 1634 406 coronatum
1651 383 1732 414 caput

954 426 1108 453 dilaudabo.
1122 425 1221 453 Patriis
1231 429 1256 452 te
1266 422 1467 456 canticis,Filia
1483 423 1578 456 David,
1595 424 1732 459 Materque

954 472 1061 499 Domini
1079 475 1106 499 et
1122 471 1169 499 Dei
1188 471 1281 502 David,
1296 471 1430 498 salutabo.
1444 470 1533 505 Turpe
1554 470 1625 498 enim
1641 470 1731 502 fuerit,

955 518 1075 552 adeoque
1090 516 1300 552 inauspicatum,
1316 520 1345 543 ut
1359 516 1454 543 alienis
1469 515 1585 547 ornaris,
1599 524 1658 550 qua:
1670 524 1732 551 pro-

956 563 1013 597 pria
1023 562 1108 597 gloria
1122 561 1269 596 praecellas.
1285 561 1384 595 Accipe
1408 561 1508 596 igitur,
1526 561 1731 596 benignissima,

955 607 1024 633 dona
1040 607 1168 642 pretiosa,
1182 607 1286 641 tibique
1300 606 1345 633 uni
1363 606 1550 634 convenientia
1565 627 1572 640 ,
1598 615 1614 634 ο
1629 608 1734 634 cunctis

955 653 1054 680 celsior
1065 653 1296 688 generationibus,
1309 660 1422 688 qua-que
1443 653 1513 679 inter
1527 657 1617 680 creata
1632 654 1733 685 omnia,

956 703 1012 726 tum
1029 698 1156 731 visibilia,
1175 703 1229 725 tum
1257 699 1413 730 invisibilia,
1431 699 1523 726 multis
1540 700 1661 727 numeris
1685 699 1735 726 ho-

957 744 1105 771 norabilior
1117 744 1249 771 enituisti.
1268 743 1341 772 Felix
1363 744 1440 771 radix
1460 743 1546 776 Jesse,
1563 748 1588 771 et
1604 748 1644 772 ter
1659 746 1735 772 beata

957 791 1053 817 domus
1064 789 1148 816 David
1171 789 1198 816 in
1213 797 1265 824 qua
1278 790 1445 825 germinasti.
1459 790 1528 817 Deus
1545 792 1570 817 in
1586 791 1669 818 medio
1683 793 1736 823 tui,

956 840 980 863 et
995 844 1045 863 non
1056 835 1254 863 commoveberis
1269 844 1277 862 :
1293 836 1464 870 sanctiﬁcavit
1479 837 1546 863 enim
1565 842 1598 868 le,
1616 837 1737 864 taberna.

957 881 1044 908 culum
1059 889 1144 914 suum,
1158 881 1308 908 Altissimus
1322 882 1344 897 "
1360 890 1366 907 :
1384 881 1410 908 in
1425 885 1451 908 te
1462 881 1533 908 enim
1545 881 1590 909 Dei
1602 881 1635 908 ad
1649 885 1738 916 patres

957 930 1116 955 testamenta
1128 927 1335 962 juramentaque
1355 927 1433 954 ﬁnem
1449 927 1675 962 gloriosissimum
1691 936 1737 954 ac-

957 977 1100 1008 ceperunt;
1116 974 1178 1008 quia
1196 981 1244 1009 per
1263 977 1290 1001 te
1319 974 1449 1001 Dominus
1465 973 1553 1001 factus
1579 977 1620 1001 est
1632 995 1639 1007 ,
1667 973 1738 1001 Deus

956 1020 1089 1047 virtutum
1104 1019 1255 1047 nobiscum.
1283 1017 1377 1046 Rubus
1393 1019 1438 1046 ille
1462 1019 1580 1046 intactus
1593 1020 1627 1052 ⁷⁸,
1647 1019 1738 1047 divina

957 1065 1072 1100 quadam
1087 1065 1229 1100 majestate
1240 1065 1345 1099 plenam
1361 1065 1417 1099 jam
1434 1068 1490 1092 tum
1503 1065 1653 1094 informans
1665 1069 1738 1092 tuam

958 1110 1082 1145 ﬁguram,
1098 1109 1181 1137 Deum
1211 1109 1350 1145 prophetae
1377 1113 1559 1144 apparentem,
1574 1109 1651 1148 juxta
1666 1109 1739 1144 quod

958 1157 981 1183 ei
1006 1155 1170 1190 conspicuus
1198 1154 1256 1182 ﬁeri
1279 1155 1382 1187 voluit,
1408 1155 1595 1182 ineombustus
1624 1154 1738 1185 ferebat.

959 1201 1030 1228 Dura
1054 1205 1144 1228 autem
1157 1209 1254 1228 rursus
1266 1207 1298 1228 ac
1311 1205 1448 1236 praerupta
1462 1197 1547 1236 petra,
1562 1201 1633 1236 quod
1657 1209 1690 1228 ex
1713 1206 1738 1228 te

959 1247 986 1274 in
1001 1247 1156 1274 universum
1169 1246 1262 1274 orbem
1283 1246 1377 1281 gratia:
1402 1254 1501 1274 munus
1517 1246 1738 1282 refrigeratioque

958 1292 1144 1328 promanavit,
1167 1296 1193 1320 et
1207 1293 1266 1328 ipsa
1282 1293 1417 1327 quondam
1435 1293 1588 1328 exprimens
1615 1293 1739 1327 praeﬁgu-

959 1347 1086 1374 ransque,
1107 1339 1243 1366 deﬁcienti
1271 1339 1298 1366 in
1325 1338 1451 1371 deserto,
1479 1339 1576 1374 populo
1599 1339 1738 1373 copiosum

959 1386 1088 1412 auxilium
1104 1393 1138 1413 ex
1152 1385 1272 1413 hiatibus
1294 1385 1374 1413 siccis
1390 1385 1518 1420 produxit
1536 1386 1569 1413 ⁷³.
1590 1384 1642 1412 Sed
1657 1389 1683 1412 et
1697 1393 1740 1412 sa-

959 1431 1076 1458 cerdotis
1088 1430 1164 1466 virga
1179 1430 1212 1461 "‘,
1230 1430 1257 1457 in
1281 1429 1399 1457 fructum
1420 1430 1478 1457 sine
1498 1430 1615 1460 cultura,
1628 1433 1739 1464 sponta-

960 1484 1094 1512 neumque
1121 1475 1265 1504 sacerdotii
1295 1475 1423 1510 perennis
1447 1475 1647 1506 arrhabonem,
1667 1473 1741 1501 cilio-

961 1531 1024 1551 rens
1037 1524 1071 1554 ⁷⁷,
1085 1523 1153 1550 nihil
1180 1522 1324 1557 reprobum
1342 1521 1432 1548 eximii
1450 1521 1489 1548 tui
1516 1524 1609 1555 partus
1632 1520 1741 1555 synthe-

962 1570 1016 1597 lum
1034 1570 1156 1604 prmbuit.
1175 1569 1243 1602 Quid
1259 1568 1343 1596 vero?
1359 1567 1453 1595 Nonne
1477 1575 1591 1602 magnus
1607 1566 1652 1594 illc
1666 1565 1740 1601 Moy-

963 1623 1007 1643 ses
1035 1616 1106 1644 idem
1116 1616 1268 1643 luculenter
1278 1614 1435 1645 declaravit,
1446 1618 1554 1648 propter
1569 1613 1606 1639 tui
1619 1611 1740 1639 difﬁciles

963 1662 1102 1690 intellectu
1131 1661 1250 1697 ﬁguras,
1275 1660 1377 1688 diutius
1398 1660 1425 1686 in
1449 1662 1566 1686 montem
1590 1665 1741 1685 commora-

964 1712 1007 1736 tus
1020 1708 1053 1740 ⁷⁸,
1066 1711 1095 1735 ut
1111 1707 1202 1742 ignota
1213 1711 1259 1734 tua
1271 1710 1450 1737 sacramenta,
1464 1713 1480 1732 ο
1494 1708 1580 1736 casta,
1594 1703 1742 1732 edisceret?

963 1753 991 1780 In
1010 1753 1048 1781 rei
1059 1754 1130 1781 enim
1142 1753 1222 1788 hujus
1235 1754 1352 1788 signant,
1365 1756 1391 1780 et
1405 1751 1439 1778 ad
1451 1750 1652 1786 exprimendam
1669 1749 1742 1777 sinti-

964 1799 1114 1830 litudinem,
1128 1799 1222 1833 jussus
1245 1798 1377 1825 fabricare
1398 1804 1500 1829 arcam,
1515 1803 1569 1822 non
1589 1795 1677 1822 obiter
1693 1802 1742 1821 ne-

964 1844 1130 1879 glectiusque
1144 1845 1278 1872 mandatis
1297 1842 1491 1878 obtemperavit
1504 1851 1510 1869 :
1527 1848 1681 1876 quanquam
1696 1847 1741 1867 ae-

964 1889 1086 1916 ciderunt
1102 1890 1204 1924 tragica
1221 1889 1342 1924 quzedam
1358 1889 1385 1916 in
1406 1890 1539 1916 descensu
1558 1895 1572 1913 a
1594 1890 1684 1913 monte
1694 1886 1717 1902 τ’
1734 1895 1739 1912 2

963 1935 1008 1963 scd
1024 1935 1143 1970 quinque
1156 1935 1309 1964 cubitorum
1325 1939 1351 1962 et
1366 1934 1468 1962 dimidii
1482 1929 1644 1963 confectam,
1657 1932 1740 1962 illam,

961 1982 1028 2016 legis
1053 1982 1262 2016 suseeptricem,
1281 1981 1434 2008 cherubicis
1450 1980 1499 2006 alis
1531 1978 1692 2014 cooperuit:
1718 1982 1742 2004 te

964 2027 1102 2062 Deiparam
1117 2027 1287 2062 apertissime
1304 2027 1509 2061 praesignantem
1522 2046 1529 2058 ,
1545 2032 1605 2059 quae
1616 2024 1676 2051 sine
1685 2031 1744 2050 cor-

962 2073 1088 2108 ruptione
1109 2080 1168 2100 eum
1198 2072 1363 2107 concepisti,
1393 2070 1622 2105 iuenarrabilique
1639 2069 1743 2096 ratione

127 2119 191 2145 Θεοῦ
202 2119 285 2154 Λόγου
302 2120 449 2154 σάρκωσιν,
465 2120 512 2155 τὴν
536 2121 575 2151 είς
596 2120 638 2145 ἀεὶ
659 2119 800 2154 ἀτρέπτως
813 2127 843 2145 τε
866 2119 907 2145 καὶ

964 2119 1100 2154 peperisti,
1116 2119 1160 2153 qui
1174 2118 1231 2153 ipse
1242 2118 1456 2152 incorruptionis
1467 2117 1540 2144 velut
1552 2116 1691 2143 cenct'etio
1703 2119 1744 2141 est

128 2165 278 2200 ἀμερίστως
293 2166 321 2191 ἐν
339 2165 413 2200 αὐτῷ
428 2166 614 2201 διαμένουσαν,
630 2165 675 2192 καὶ
689 2167 705 2200 ἡ
726 2165 811 2200 χρυσῆ
829 2165 912 2200 στάμ-

161 2242 184 2257 "'
204 2241 280 2271 Psal.
301 2250 372 2276 XLV,
393 2243 424 2275 6,
446 2244 471 2270 5.
510 2244 533 2259 7‘
555 2243 639 2270 Exod.
674 2251 722 2274 ιιι,
747 2242 774 2269 Ξ.

127 2276 149 2292 ⁷⁸
168 2277 253 2304 Haud.
275 2287 347 2310 xxv,
367 2280 394 2306 8.
432 2279 454 2293 "°
474 2278 559 2305 Exod.
578 2286 670 2309 xxxn,
692 2279 716 2306 i.

162 2333 217 2368 (64)
238 2335 286 2361 Ἐν
299 2332 324 2367 ᾧ
338 2333 536 2368 ἐϐιῑάστησιις.
554 2333 586 2360 In
597 2342 658 2369 qua,
675 2335 865 2369 qttodrspectat
876 2334 907 2361 ad

127 2369 224 2396 lineam
239 2370 446 2400 sacerdotalem,
460 2371 486 2396 in
498 2369 603 2396 Nathan
616 2370 661 2403 qui
676 2369 725 2396 fuit
736 2368 806 2396 Uria:
819 2377 909 2397 sacer-

127 2404 197 2432 dotis
214 2404 295 2436 lilius,
319 2405 410 2431 domui
428 2408 454 2430 et
472 2405 579 2439 familia:
599 2403 683 2431 David
705 2404 849 2439 adoptione
866 2404 909 2430 in-

128 2443 243 2470 sertam;
260 2447 289 2466 ex
305 2447 360 2474 quo
380 2439 510 2466 Dominus
527 2437 616 2474 Iesus,
632 2443 712 2474 atque
729 2437 796 2466 adeo
814 2439 908 2469 Maria,

129 2474 258 2509 Iegaliter,
275 2473 353 2508 juxta
376 2480 528 2501 contextam
551 2482 565 2501 a
585 2473 766 2508 Luca’ipsius
786 2474 909 2508 genealo-

127 2517 142 2543 g
153 2508 205 2536 am.
227 2508 304 2541 Quod
323 2513 413 2536 autem
429 2509 463 2536 ad
479 2509 579 2543 regiam
599 2517 645 2543 per
662 2509 843 2541 Salomonem,
863 2517 910 2543 po-

127 2550 190 2576 tius,
205 2552 239 2571 ea:
249 2553 317 2579 qua;
331 2544 475 2572 carnaliter
487 2549 631 2579 propagata
639 2545 698 2578 ejus
714 2552 796 2571 carne
810 2552 843 2571 ex
858 2543 909 2570 Da-

125 2579 194 2609 vide,
214 2579 292 2613 juxta
314 2579 430 2606 Mattbaei
446 2580 585 2607 historiam
602 2588 610 2605 :
624 2587 704 2614 quem
722 2579 830 2606 modum
842 2586 908 2606 con-

126 2615 232 2644 cordiae.
248 2614 443 2649 Hieronymus,
460 2614 637 2649 Augustinus,
657 2619 721 2645 etc.,
746 2619 909 2648 acceperunt

126 2649 158 2676 ab
172 2649 324 2676 Africano:
345 2656 397 2683 qua
414 2650 447 2676 de
467 2657 496 2676 re
513 2649 653 2679 Baronius,
672 2649 833 2677 Torniellus.
855 2653 907 2676 cte.

125 2683 206 2716 Quam
223 2684 396 2720 Nicephorus
411 2693 443 2711 ex
458 2684 601 2719 Hippolyto
611 2687 729 2719 martyre
740 2684 814 2710 all'ert
825 2684 909 2710 Annae

124 2721 310 2781 ﬁenealogiam
328 2727 362 2746 ex
385 2724 461 2753 patre
478 2720 628 2750 sacerdote,
651 2723 678 2745 ct
696 2720 796 2753 passim
820 2720 909 2745 verior

141 2755 247 2781 abetur.
266 2754 351 2781 habet
361 2756 441 2781 etiam
455 2759 626 2781 oervetustus
639 2754 728 2781 reaius
742 2754 837 2781 codex.
854 2754 909 2781 ulu-

141 2754 255 2786 abetur,
266 2754 351 2782 habet
361 2756 441 2781 etiam
455 2759 626 2788 pervetustus
639 2754 728 2789 regius
742 2754 837 2785 codex,
853 2754 909 2788 plu-

122 2791 194 2820 rimis
209 2790 332 2819 diversis
349 2790 508 2818 tractatibus
522 2798 570 2818 scu
583 2790 663 2817 etiam
677 2790 811 2824 excerptis
827 2789 908 2816 inl‘er-

820 2242 842 2258 ⁷⁸
862 2242 949 2270 Exod.
975 2250 1049 2275 xvn,
1071 2243 1097 2269 6.

965 2168 991 2191 et
1003 2164 1194 2197 consistentia;
1222 2164 1302 2199 idque
1324 2165 1351 2190 in
1375 2164 1426 2190 {ine
1445 2163 1565 2198 quinque
1591 2167 1617 2189 ct
1638 2160 1742 2188 dimidii

1153 2243 1176 2258 7°
1203 2241 1286 2268 Num.
1315 2249 1386 2274 xvu,
1408 2241 1440 2275 ξε.
1480 2241 1501 2255 ⁷⁷
1522 2239 1602 2266 Hebr.
1633 2248 1682 2269 Ix.
1714 2239 1740 2266 4.

960 2335 1040 2365 citus,
1059 2334 1151 2369 ignoto
1167 2333 1326 2366 collectore;
1347 2332 1483 2367 antiquior
1500 2331 1569 2358 forte
1589 2331 1648 2366 ipso
1665 2331 1742 2358 Nice-

980 2370 1055 2396 horo.

960 2378 1055 2440 Ρῃῗέὲί
1069 2403 1276 2440 Διαθῆκαιρὶο
1286 2403 1386 2440 passim
1399 2403 1560 2440 ipterpretes
1575 2400 1742 2440 sacra3_Seri-

962 2435 1057 2474 ptui-ai,
1083 2435 1194 2474 ipseque
1214 2435 1314 2466 Paulus
1339 2435 1493 2474 adWHebrl,
1522 2444 1574 2463 non
1599 2435 1740 2474 συςίθῇκαι,

961 2470 1049 2508 imm,
1075 2470 1189 2510 [ti-defa,
1208 2474 1278 2508 quod
1296 2477 1366 2510 teste
1385 2473 1547 2510 Hieronymo
1562 2478 1613 2510 vox
1630 2470 1741 2498 Hebraea

963 2509 1067 2536 videtur
1082 2509 1167 2543 magis
1184 2509 1282 2537 habere
1301 2517 1306 2534 :
1325 2509 1403 2542 cujus
1419 2508 1457 2535 rei
1472 2508 1630 2542 mysterium
1646 2511 1741 2540 prose-
1758 2529 1761 2536 ι

962 2548 1082 2580 ιιυιιηίιιπ
1097 2544 1216 2580 ejusdem
1232 2545 1305 2571 Pauli
1319 2544 1496 2580 expositores.

998 2579 1053 2613 (66)
1067 2576 1126 2605 Οὐκ
1136 2579 1277 2613 ἀδόκιμον
1286 2576 1456 2612 σύσὰημον.
1466 2578 1614 2605 Commune
1624 2576 1744 2613 signum,

961 2613 1033 2648 quod
1046 2610 1183 2648 praecipue
1200 2610 1361 2640 a'militibus
1375 2610 1511 2645 statuitur,
1526 2613 1569 2639 cui
1585 2610 1743 2648 optimc-ad-

959 2646 1060 2683 jectum
1083 2646 1206 2683 quadrat.
1226 2648 1366 2679 Pantinus,
1389 2657 1439 2675 non
1460 2649 1596 2675 obscurant
1609 2646 1743 2680 signi/ica-

963 2685 1067 2714 tionem,
1082 2682 1152 2718 quod
1168 2688 1239 2710 certe
1251 2690 1359 2718 sensum
1374 2683 1455 2709 altum
1468 2683 1589 2718 auctoris
1605 2682 1741 2718 obscurat.

999 2718 1054 2753 (67)
1075 2715 1270 2753 Ἐγχρονίσαι.
1289 2717 1368 2745 Forte
1383 2718 1551 2753 ὲγχρονίσας.
1571 2717 1602 2743 Ει
1634 2724 1695 2743 mox
1709 2715 1741 2742 ἅ-

962 2763 1067 2788 γνωστα
1081 2762 1128 2789 pt‘o
1143 2753 1220 2787 ἔγνω.
1569 2778 1586 2798 ⁸
