1911 3072
172 119 219 146 571

628 121 657 149 S.
677 121 840 149 METHODII
862 121 1016 150 EPISCOPI
1037 121 1080 149 ΕΤ
1102 121 1281 149 MARTYRIS

1736 119 1798 149 372

171 177 338 205 circulorum
357 177 460 205 mundi.
475 177 588 213 Propter
604 183 641 211 te,
657 187 688 207 ac
704 181 890 207 inlemeralam
909 179 954 206 Dei

1009 189 1061 212 νος,
1079 181 1116 212 ὡς
1130 180 1212 211 τύπος
1226 179 1430 215 ἆψευδέστατος,
1445 179 1474 206 τὸ
1491 179 1557 215 πρὸς
1573 179 1678 215 ἡμέραν
1692 179 1795 214 τρεπό-

171 223 254 252 Verbi
268 233 299 252 ex
323 228 349 251 te
365 229 532 259 assumptam
554 233 674 259 carnem,
691 227 896 253 iinmutabililer
911 227 954 253 in-

171 269 312 305 divisaque
326 270 421 305 inipso
434 270 460 297 in
478 276 635 306 perpetuum
651 276 871 305 permanentem;
889 280 955 299 urna

173 316 217 342 illa
235 323 315 342 aurea
335 315 375 347 ⁸⁸,
395 320 522 351 tanquam
541 318 711 345 certissimus
733 321 823 353 typus,
840 325 954 350 manna,

173 361 244 396 quod
261 361 361 397 alioqui
385 370 433 397 per
455 362 526 389 diem
552 363 751 394 invertcbatur,
776 364 802 390 in
821 371 850 391 se
878 364 955 398 ipsa,

172 407 283 434 minime
299 411 450 439 mutatum,
475 407 522 435 sed
547 408 610 435 totis
637 409 742 436 szeculis
773 417 955 444 permanens,

171 453 364 480 conservabat.
385 452 450 480 Tua:
469 454 550 481 etiam
569 455 702 483 castitatis
724 455 854 490 praescius
876 459 957 490 atque

173 497 293 525 imitator
310 498 336 525 in
354 499 451 533 spiritu
477 498 549 526 Elias
580 500 710 535 propheta
734 500 774 532 εί,
794 500 855 528 vita:
883 501 957 528 illius

172 544 293 579 igniferae
318 544 369 572 sibi
383 544 516 572 redimivit
530 553 658 572 coronam
671 546 708 580 3',
721 545 852 574 hactenus
865 546 957 574 divino

173 589 303 625 suilragio
328 590 481 617 declaratus
504 595 591 618 morte
605 591 738 626 superior.
758 591 796 618 Te
820 592 957 619 nihilomi-

172 644 225 665 nus
237 636 296 671 ejus
309 644 451 664 successor
469 636 580 664 Elismus
596 638 629 669 ⁸³,
647 637 770 664 initiante
789 637 956 672 docenteque

172 683 296 717 sapiente
307 683 448 718 magistro,
462 690 511 710 ceu
528 692 647 718 praesens
661 684 772 712 adesses
784 704 791 716 ,
813 692 873 719 qua:
892 692 957 712 nec-

172 727 236 755 dum
251 735 324 761 eras,
339 728 515 764 praeﬁgurans
526 739 533 763 ;
546 730 629 757 certis
648 738 737 758 rerum
760 738 820 766 qua:
837 737 898 758 vere
916 738 957 757 cs-

172 777 234 801 sent
253 774 349 802 futura:
366 775 502 803 indicibus
517 776 614 811 signis,
627 776 758 804 auxilium
780 776 957 804 medicinam-

172 828 225 855 que
249 820 450 855 indigentibus,
472 821 569 856 majori
590 829 672 857 supra
695 827 821 850 naturam
836 822 953 851 virtute.

1010 235 1089 262 μενον
1109 227 1156 253 καὶ
1175 226 1361 261 ἀλλοιούμενον
1377 226 1473 261 μάννα,
1490 226 1622 261 ἄτρεπτον
1638 225 1684 251 καὶ
1703 225 1799 252 διαιω-

1007 271 1078 305 νίζον
1092 272 1163 298 ἔνδον
1179 271 1263 306 αὐτῆς
1275 271 1442 306 διεφύλαττε.
1458 271 1513 306 Τῆς
1528 271 1576 306 σῆς
1590 271 1700 305 ἁγνείας
1716 272 1766 298 καὶ
1782 271 1798 297 ὀ

1007 319 1148 354 προφήτης
1167 317 1258 349 Ἠλίας
1279 317 1432 353 προθεωρὺς
1455 318 1502 344 καὶ
1522 316 1642 352 ζηλωτὴς
1665 317 1800 352 ὑπάρχων

1006 365 1049 392 διὰ
1068 365 1114 391 τοῦ
1138 363 1303 399 Πνεύματος,
1327 363 1465 398 πυρφόρου
1490 363 1625 394 πολιτείας
1648 363 1800 397 ἀνεδήσατο

1008 408 1146 442 στέφανον,
1167 408 1297 443 κρείττων
1318 407 1428 434 θανάτου
1450 407 1613 443 ἀναδειχθεὶς
1633 407 1693 443 θείᾳ
1712 407 1800 443 ψήφῳ

1006 454 1070 490 ἄχρι
1082 455 1130 490 τῆς
1147 455 1234 491 δεῦρο.
1253 455 1286 481 Σὲ
1308 455 1353 481 καὶ
1364 455 1377 480 ὁ
1395 454 1488 481 τούτου
1505 453 1623 489 διάδοχος
1647 453 1801 486 Ἐλισσαῖος

1007 499 1081 535 παρᾶ
1108 499 1189 534 σοφοῦ
1211 499 1370 526 διδασκάλου
1389 498 1511 534 μυηθεὶς,
1531 499 1577 524 καὶ
1599 498 1635 529 ὡς
1656 497 1802 533 παροῦεαν

1005 545 1054 581 τὴν
1079 546 1160 581 μήπω
1181 544 1262 572 οὖσαν
1288 545 1485 582 προδιατυπῶν,
1506 544 1651 580 ὑπερφυῶς
1673 545 1727 575 τοῖς
1753 553 1801 570 τε-

1006 592 1133 627 κμηρίοις
1148 591 1202 617 τῶν
1221 591 1354 627 ἀληθινῶν
1368 591 1416 622 τὰς
1433 589 1592 625 ἐπικουρίας
1611 588 1726 616 ἐποιεῖτο
1742 589 1800 615 τῶν

1006 637 1153 672 δεομένων
1173 637 1211 672 πῆ
1227 638 1275 672 μὲν
1290 637 1322 664 δι’
1337 637 1430 673 ὑδρίας
1445 637 1550 672 καινῆς,
1567 637 1614 664 καὶ
1628 636 1691 667 τοὺς
1705 637 1799 662 νοστί-

1008 692 1073 718 μους
1089 682 1203 719 ἐχούσης
1219 683 1295 715 ἆλας,
1310 683 1344 710 τὰ
1358 683 1506 718 φθοροποιὰ
1519 682 1603 709 ὕδατα
1619 682 1741 718 ἰώμενος,
1756 683 1800 714 εἰς

1006 729 1117 763 ἔνδειξιν
1139 730 1184 756 τοῦ
1203 729 1399 765 ἀνασφήλαντος
1418 729 1473 764 (68)
1493 729 1595 764 κόσμου
1614 728 1657 754 διὰ
1679 728 1725 755 τοῦ
1748 728 1799 754 ἐπὶ

1007 776 1048 802 σοὶ
1065 776 1228 810 μυστηρίου-
1248 775 1284 811 πῆ
1299 775 1327 802 δὲ
1344 773 1451 810 ἀλεύρῳ
1465 774 1571 810 ἀζύμῳ.
1587 774 1694 809 λοχείας
1710 773 1798 799 ἀσπό-

1008 829 1054 856 ρου
1073 821 1219 856 ἀντιτύπῳ,
1237 820 1350 847 θανάτου
1367 820 1479 856 πικρίαν
1495 819 1662 846 ἀναστέλλων
1678 819 1730 845 ἀπὸ
1741 818 1810 844 τῶνα

172 866 338 894 adhibebat:
356 875 429 894 nunc
452 867 560 902 quidem
584 876 632 902 per
655 876 751 896 novam
777 867 900 904 bydriam
917 867 954 900 ""’,

1009 866 1142 901 ἐδωδίμων
1153 874 1160 882 ·
1175 867 1268 894 ἄλλοτε
1287 866 1315 893 δὲ
1331 867 1387 898 τοῖς
1410 865 1559 901 ὑπερφυέσι
1577 865 1609 891 τὰ
1629 865 1699 891 κατὰ
1716 864 1799 899 φύσιν

172 912 266 947 salque
280 913 397 940 salutare
418 913 444 939 in
463 921 492 940 se
517 914 715 946 continentem,
732 922 816 950 aquas
832 913 955 942 exitiales

172 966 273 986 sanans
289 967 296 986 :
315 958 347 985 ad
367 959 574 992 ostendendum,
590 968 651 988 esse
671 962 846 988 recreandum
873 967 954 986 mun-

171 1004 247 1035 dum,
260 1011 309 1038 per
324 1008 522 1031 sacramentum
535 1004 561 1031 in
575 1008 602 1032 te
615 1005 768 1033 exhibitum
783 1015 789 1032 :
807 1004 889 1032 modo
906 1012 955 1030 au-

170 1057 241 1081 tem,
264 1049 352 1078 farina
376 1057 468 1085 azyma
487 1051 528 1082 ⁸⁵,
553 1054 646 1085 partus
672 1051 711 1077 tui
741 1054 799 1078 satu
827 1050 955 1077 immunis

171 1099 236 1132 typo
255 1096 434 1131 respondenle
446 1116 453 1128 ,
472 1097 568 1123 mortis
583 1096 760 1123 acerbitatem
776 1104 790 1122 a
807 1095 875 1123 cibis
892 1103 955 1131 pro-

171 1141 268 1177 ﬂigans
298 1153 303 1169 :

1009 912 1161 948 ὑπερνικῶν
1177 913 1205 939 ὲν
1217 913 1255 948 τῷ
1275 913 1404 949 Ἰορδάνῃ,
1418 912 1463 939 καὶ
1476 911 1519 938 διὰ
1532 911 1632 938 τούτων
1649 911 1698 946 τὴν
1712 911 1800 937 κατά-

1007 960 1080 986 δυσιν
1106 959 1152 986 τοῦ
1180 960 1280 996 Κυρίου
1306 960 1383 995 ἡμῶν
1409 961 1448 991 είς
1469 960 1553 996 ᾅδην,
1575 959 1621 986 καὶ
1645 959 1799 995 παράδοξον

1008 1006 1155 1041 ἀνάρρυσιν
1172 1006 1225 1033 τῶν
1241 1007 1269 1033 ὲν
1285 1006 1372 1042 φθορᾷ
1396 1006 1585 1041 κατεχομένων
1615 1004 1796 1041 προῖστορῶν.

1008 1050 1100 1077 Πάντα
1118 1050 1172 1086 γὰρ
1186 1047 1258 1076 εἷκόν
1278 1059 1306 1076 τε
1329 1051 1376 1077 καὶ
1396 1051 1550 1077 ὐπέκυπτον
1572 1052 1605 1086 τῇ
1681 1050 1741 1085 θείᾳ
1757 1051 1798 1076 εί-

1009 1095 1065 1121 κόνι
1079 1095 1254 1131 ὲκνικώμενα.

332 1150 528 1178 nonnunquam
550 1143 667 1178 denique
689 1144 771 1171 rebus
800 1151 882 1177 supra
907 1147 1050 1175 naturam,
1077 1151 1138 1178 quae
1160 1147 1266 1170 natura:
1298 1146 1481 1170 consentanea
1502 1147 1594 1171 essent
1620 1143 1646 1170 in
1673 1143 1796 1177 Jordane

171 1187 270 1215 eximie
286 1196 419 1223 superans
442 1189 481 1221 ⁸⁶;
505 1195 592 1223 eoque
608 1187 715 1214 Domini
746 1188 773 1214 in
803 1188 938 1214 infernum
955 1187 1127 1220 descensum,
1149 1187 1355 1222 mirabilemque
1375 1191 1402 1214 et
1422 1187 1589 1222 inopinatam
1634 1195 1729 1214 eorum
1747 1188 1795 1222 qui

170 1234 200 1261 in
227 1235 401 1270 corruptione
428 1235 614 1262 detinerentur
648 1234 835 1262 liberationem
863 1234 1043 1269 praesignans.
1072 1233 1139 1261 Nam
1172 1237 1313 1262 cesserunt
1348 1234 1455 1266 omnia,
1484 1238 1591 1269 tuaeque
1618 1235 1655 1261 illi
1695 1234 1796 1262 divina:

171 1283 281 1318 imagini
297 1282 480 1318 exprimenda:
497 1282 609 1317 imparia
625 1282 838 1310 suecubuerunt.

208 1329 241 1358 Χ.
258 1330 328 1363 Quid
345 1337 408 1357 vero
419 1330 508 1357 adhuc
523 1330 658 1357 sermonis
667 1329 788 1356 habenas
803 1329 887 1357 variis
902 1329 955 1357 illis

171 1375 412 1404 informationibus
433 1375 527 1402 laxans
543 1375 738 1409 involvensque
753 1377 779 1401 et
794 1374 936 1409 implicans
947 1393 954 1405 ,

170 1421 323 1449 orationem
348 1421 375 1448 in
401 1421 510 1455 longum
534 1421 679 1460 protraho;
704 1429 734 1448 ac
754 1423 795 1448 vel
820 1420 954 1452 maxime,

171 1475 234 1495 cum
253 1467 340 1495 instar
362 1467 495 1494 columna:
517 1467 606 1502 palam
628 1467 714 1494 oculis
735 1467 861 1502 objecta,
883 1466 910 1492 in
931 1469 957 1493 te

1045 1329 1072 1355 I’.
1091 1329 1145 1355 Καὶ
1160 1329 1185 1355 τί
1199 1329 1237 1355 ἔτι
1254 1329 1427 1365 περιπλέκων
1445 1328 1558 1364 μηκύνω
1574 1329 1619 1355 τὸν
1634 1329 1723 1362 λόγον,
1737 1329 1796 1360 τοῖς

1011 1375 1139 1406 ποικίλοις
1171 1376 1361 1411 προγράμμοις
1387 1376 1530 1410 ἐπαφήσας
1565 1373 1611 1401 τοῦ
1637 1374 1715 1408 λόγου
1743 1374 1795 1405 τὰς

1010 1422 1098 1455 ἡνίας,
1110 1421 1156 1447 καὶ
1173 1421 1289 1456 μάλιστα
1305 1421 1358 1457 πρὸ
1373 1421 1518 1456 ὀφθαλμῶν
1532 1420 1721 1455 ἐστηλωμένης
1736 1419 1794 1455 (69)

1010 1469 1057 1503 τῆς
1078 1467 1123 1493 ἐπὶ
1140 1466 1180 1493 σοὶ
1194 1467 1348 1501 ἀτρεκείας,
1402 1467 1448 1493 καὶ
1461 1466 1667 1502 κατατρυφῆσαι
1682 1466 1795 1501 ἄμεινον

171 1512 274 1540 veritas
289 1514 391 1547 pateat,
409 1512 436 1538 in
454 1519 506 1546 qua
522 1511 594 1538 velut.
609 1511 757 1538 eluxnriari
774 1510 954 1545 delectarique

1009 1514 1055 1540 καὶ
1069 1512 1307 1548 ὲπικερδέστερονς
1321 1511 1480 1548 Τοιγαροῦν,
1492 1512 1597 1547 χαίρειν
1613 1512 1719 1548 φράσας
1735 1513 1795 1544 τοῖς

171 1558 330 1594 praestiterit
345 1565 377 1585 ac
395 1557 565 1585 commodius
581 1557 682 1585 fuerit?
694 1557 783 1590 Quare
798 1562 955 1584 sanctorum

172 1604 294 1631 omnium
311 1611 358 1639 per
370 1611 466 1631 omnes
480 1604 670 1638 generationes
682 1623 689 1635 ,
708 1603 878 1638 spiritalibus
894 1610 957 1629 nar-

171 1650 325 1678 rationibus
341 1650 475 1684 factisquc
489 1649 653 1684 prodigiosis
668 1650 758 1676 valere
771 1646 867 1683 jussis,
885 1649 917 1675 ad
931 1655 956 1675 le

172 1696 234 1724 festi
251 1696 333 1730 hujus
348 1696 466 1722 convivii
481 1695 554 1722 velut
571 1695 677 1722 clarum
690 1715 696 1727 ,
719 1703 735 1721 ο
758 1694 864 1722 ﬂorenti
883 1703 956 1722 scm-

171 1749 220 1777 per
240 1740 362 1768 habenda
374 1741 504 1768 memoria
515 1760 523 1772 ,
542 1741 640 1776 dirigo.
656 1741 801 1769 Benedicta
819 1744 847 1768 tu
857 1762 863 1774 ,
878 1748 955 1775 pror-

172 1794 221 1815 sus
240 1785 382 1813 benedicta
402 1785 584 1820 omnibusque
601 1785 798 1814 desiderabilis.
820 1786 849 1812 ln
871 1786 953 1812 bene-

171 1830 339 1858 dictionibus
368 1829 476 1857 Domini
505 1839 604 1858 nomen
633 1837 726 1863 tuum,
755 1831 844 1858 divina
868 1831 954 1865 gratia

171 1877 360 1912 plenissimum
374 1884 405 1904 ac
421 1885 526 1904 summe
546 1877 600 1905 Deo
612 1879 760 1912 gratiosum
772 1899 780 1911 ,
793 1877 839 1905 Dei
855 1877 953 1909 Mater,

171 1930 286 1958 qumque
298 1926 345 1950 tuo
367 1923 425 1958 ipsa
447 1923 591 1957 splendore
608 1923 734 1952 ﬁdelibus
750 1924 840 1951 lumen
860 1923 955 1958 praefe-

171 1977 226 1998 ras.
242 1969 282 1996 'l'u
303 1969 520 2004 circumscriptio
530 1989 538 2001 ,
559 1973 590 1996 ut
605 1969 642 1996 ita
657 1970 745 1997 dicam
757 1990 763 2000 .
780 1969 839 2004 ejus
851 1970 897 2004 qui
913 1973 955 1996 est

171 2011 488 2047 incircmnscriptibilis:
507 2013 585 2040 radix
598 2013 672 2041 [loris
691 2014 886 2048 speciosissimi
905 2014 926 2030 ⁸⁷
947 2024 952 2040 :

172 2055 257 2084 Mater
273 2057 462 2090 plasmatoris:
481 2057 576 2085 altoris
589 2059 702 2086 nutrix:
718 2059 776 2092 ejus
791 2059 952 2094 complexio,

171 2102 216 2135 qui
246 2101 337 2129 omnia
357 2103 500 2137 complecti
525 2104 607 2132 habet
629 2114 634 2131 :
665 2109 777 2139 portans
798 2113 858 2132 eum
873 2125 880 2137 ,
909 2107 955 2139 qui

171 2146 251 2173 verbo
265 2151 354 2181 portat
375 2149 463 2175 omnia
479 2149 520 2176 "2
535 2154 631 2184 porta,
651 2158 700 2185 per
719 2159 799 2186 quam
824 2151 895 2178 Deus
925 2152 950 2178 in

1007 1559 1060 1586 τῶν
1078 1558 1162 1592 ἁγίων
1176 1557 1246 1585 κατὰ
1265 1559 1353 1585 πᾶσαν
1373 1557 1469 1592 γενεὰν
1486 1560 1677 1593 πνευματικοῖς
1696 1558 1794 1593 διηγή-

1008 1613 1072 1640 μασι
1084 1605 1130 1631 καὶ
1145 1605 1411 1640 τερατουργήμασιν,
1429 1604 1474 1630 ἐπὶ
1487 1604 1517 1630 σὲ
1534 1604 1644 1639 μετάγω
1659 1604 1722 1636 τοὺς
1741 1603 1795 1638 τῆς

1006 1651 1121 1686 εὐωχίας
1138 1651 1232 1681 οἴακας
1243 1670 1250 1682 ,
1269 1650 1532 1686 παντομνημόνευτε.
1553 1650 1728 1686 Εὐλογημένη
1746 1650 1792 1681 σὺ,

1007 1696 1204 1732 παντευλόγητε
1225 1697 1271 1723 κατ¹
1290 1697 1357 1723 πᾶσι
1374 1696 1483 1732 ποθητέ.
1507 1697 1565 1722 Ἐπ’
1579 1696 1714 1730 εὐλογίαις
1733 1685 1799 1722 Ιὶυζ

1007 1743 1063 1779 ρίου
1079 1743 1107 1769 τὸ
1125 1742 1351 1778 θεοχαριτώτατὸν
1366 1751 1412 1769 σου
1428 1742 1523 1777 ὀνομα,
1536 1742 1726 1778 Θεογεννήτωρ
1744 1742 1793 1767 καὶ

1005 1789 1116 1824 δᾳδοῦχε
1130 1788 1183 1815 τῶν
1199 1789 1311 1815 πιστῶν.
1328 1789 1360 1814 Ἡ
1381 1788 1549 1824 περιγραφὴ,
1568 1788 1600 1814 i'v‘
1612 1787 1697 1819 οὕτως
1710 1787 1793 1819 εἴπω,

1004 1835 1051 1861 τοῦ
1072 1835 1290 1870 ἁπεριγράπτου·
1307 1835 1323 1869 ἡ
1348 1833 1409 1869 ρίζα
1426 1833 1472 1861 τοῦ
1491 1834 1657 1869 ὡραιοτάτου
1677 1833 1792 1864 ἄνθους·

1005 1881 1020 1916 ἡ
1037 1881 1135 1916 Μήτηρ
1157 1879 1203 1906 τοῦ
1224 1879 1389 1911 πλάσαντος’
1406 1881 1421 1915 ἠ
1439 1879 1515 1914 τιτθὴ
1529 1879 1573 1906 τοῦ
1587 1880 1731 1914 τρέφοντος
1744 1888 1751 1894 ·
1774 1879 1792 1913 ἡ

1006 1926 1118 1961 περιοχὴ
1143 1925 1190 1952 τοῦ
1209 1925 1395 1961 περιέχοντος·
1419 1928 1435 1960 ἡ
1456 1925 1573 1960 φέρουσα
1596 1925 1641 1951 τὸν
1662 1925 1794 1959 φέροντα

1006 1971 1108 2006 ῥήματι
1122 1971 1158 1998 τὰ
1183 1970 1323 2006 πάντα-ἡ
1346 1970 1416 2006 πύλη
1438 1971 1486 2006 τῆς
1501 1971 1529 1997 ἐν
1552 1970 1634 2006 σαρκὶ
1657 1969 1793 2004 ἀνατολῆς

1005 2017 1051 2044 τοῦ
1076 2016 1159 2043 Θεοῦ·
1186 2017 1202 2052 ἡ
1225 2017 1303 2048 λαϐὶς
1328 2016 1374 2042 τοῦ
1401 2015 1566 2051 καθαρτικοῦ
1595 2016 1746 2051 ἄνθρακος·
1776 2015 1793 2041 ὁ

1006 2061 1106 2098 βραχὺς
1133 2062 1231 2093 κόλπος
1256 2061 1301 2088 τοῦ
1326 2061 1434 2088 πάντων
1462 2061 1578 2087 κόλπου·
1597 2060 1611 2086 ὀ
1633 2060 1716 2091 πόκος
1741 2059 1792 2094 τῆς

1004 2107 1196 2143 ἁκαταλήπτου
1223 2107 1318 2142 δρόσου
1340 2106 1410 2141 (70)·
1436 2107 1450 2133 ὁ
1473 2106 1522 2140 τῆς
1545 2104 1692 2139 ἐπιθυμίας
1709 2104 1794 2131 Δαΰὶδ

1005 2152 1134 2188 ζωοδόχος
1162 2153 1217 2188 (71)
1235 2153 1334 2184 λάκκος
1363 2152 1411 2188 τῆς
1428 2152 1566 2187 Βηθλεὲμ,
1595 2151 1639 2185 ἀφ’
1659 2147 1689 2177 οὗ
1715 2151 1792 2184 πόμα

167 2199 250 2219 carne
266 2193 354 2219 oritur
368 2193 401 2225 ε’,
420 2193 525 2229 forceps
543 2195 671 2223 carbonis
691 2195 764 2224 illius
784 2197 903 2231 purgarii
917 2197 950 2229 θα,

1009 2197 1151 2228 ἔιΟαναοίας
1169 2197 1310 2228 agam-m-
1326 2196 1355 2223 τὸ
1372 2196 1527 2232 ἱλαστήριον
1541 2194 1570 2227 ὲξ
1584 2193 1614 2222 οὗ
1626 2195 1691 2226 θεὸς
1706 2193 1793 2228 ἐγνώ-

169 2238 247 2265 sinus
262 2238 378 2273 exiguus
389 2239 513 2267 immensi
530 2241 651 2268 omnium
670 2242 765 2273 sinus,
781 2242 867 2270 vellus
880 2243 951 2269 roris

167 2283 241 2312 illius
263 2283 547 2320 incomprehensibilis
563 2287 602 2320 “,
627 2288 704 2315 lacus
723 2288 769 2315 ille
793 2287 947 2315 Bcthlehcm

1006 2242 1054 2278 σθη
1071 2242 1222 2277 ἀνθρώποις
1246 2241 1499 2278 ἁνθρωπομόρφως·
1519 2241 1548 2267 τὺ
1563 2240 1675 2267 ἄσπιλον
1689 2239 1791 2274 ἔνδυμα

1004 2287 1056 2316 τοῦ
1070 2287 1314 2322 ἀναϐαλλομένου
1332 2287 1393 2321 φῶς
1404 2287 1443 2319 ὡς
1456 2286 1579 2321 Ιμάτιον.
1598 2287 1629 2312 Ἡ
1645 2285 1791 2313 δανείσασα

202 2361 315 2399 "UHeb.
335 2371 385 2399 Ix:
402 2363 428 2399 ξ.
478 2363 499 2379 ⁸¹
520 2363 552 2390 ιν
577 2362 639 2399 Reg.
660 2372 692 2396 ιι,
713 2365 756 2392 Η.
795 2365 818 2381 ⁸²
841 2364 922 2390 Errli.
948 2372 954 2391 τ

1013 2373 1041 2396 ιι,
1064 2365 1088 2390 1.
1140 2364 1163 2380 ⁸³
1180 2363 1214 2390 IV
1234 2363 1294 2398 Reg.
1330 2371 1358 2390 ιι.
1398 2363 1420 2379 ³⁸
1440 2363 1504 2399 ibid.
1533 2363 1578 2390 ‘20.
1604 2363 1644 2399 _"
1666 2362 1703 2389 IV
1722 2361 1789 2399 Reg.

167 2405 204 2459 Γῖ,
308 2398 332 2413 ⁸⁸
352 2398 385 2425 IV
403 2398 464 2433 Reg.
492 2407 518 2426 ν.
557 2399 578 2414 ⁵⁷
599 2396 654 2427 Ιὲα.
674 2408 713 2431 xi,
735 2400 759 2426 i.
798 2399 820 2416 ⁸⁸
843 2400 922 2426 Hebr.
945 2408 950 2425 l

167 2440 182 2459 ν
205 2452 213 2464 ,
270 2453 276 2459 .

1009 2421 1010 2425 η
1052 2399 1074 2415 ’ν
1093 2399 1189 2426 Ezecli.
1211 2396 1294 2431 xuii,
1315 2399 1360 2425 4L
1397 2399 1420 2414 ’°
1455 2397 1512 2426 Ιδιι.
1533 2407 1578 2431 vi,
1598 2397 1624 2424 6.
1678 2399 1700 2414 ἰ
1721 2396 1789 2424 Iud.

279 2511 528 2548 Ἁνασφήλονπος.
544 2511 624 2540 Forte
638 2514 850 2548 ἀνασφήλαντος.

214 2545 258 2582 69)
273 2547 332 2580 Πρὸ
350 2545 509 2582 ὀφθαλμῶν
524 2545 744 2582 ἐστηλωμένιίςξ
765 2547 844 2574 Velut
859 2551 948 2574 erecta

167 2581 304 2618 propalam
320 2582 347 2608 in
363 2581 471 2618 modum
489 2584 630 2612 columnze.
642 2581 678 2610 ne
692 2591 770 2618 quem
788 2583 870 2609 latere
887 2589 950 2618 pos-

167 2616 210 2642 sit.
227 2616 317 2653 Altera
325 2617 495 2651 signiﬁcatio.
505 2623 535 2645 ut
549 2618 589 2649 τὸ,
604 2616 794 2653 ὲστηλώμὲνης
804 2618 842 2644 sit-
853 2617 951 2651 con/ir-

167 2655 250 2677 ποια.
264 2651 369 2677 videtur
380 2653 469 2678 minus
483 2653 636 2680 commoda.

202 2684 257 2719 (70)
276 2685 331 2719 Τῆς
340 2687 551 2722 ᾀχαταλήπτου
562 2687 682 2721 δρόσου.
697 2687 782 2720 Cujus
794 2687 951 2722 mysterium

168 2724 285 2754 nequeat
310 2721 376 2748 satis
402 2723 528 2756 perspici.
556 2722 699 2751 Pantinus.
729 2721 950 2756 imperct’ptibilis,

168 2755 344 2798 ignominiam:
361 2755 485 2798 quadrat.
502 2756 749 2798 Planeﬂeninrfuit
767 2765 811 2783 ros
829 2757 872 2784 ille
891 2765 951 2796 per—

167 2789 375 2828 ceptihilist'qui
389 2797 534 2828 expressus
550 2792 658 2823 vellere,
681 2792 802 2828 lagenam
822 2789 896 2827 aqua"
907 2792 953 2818 im-

167 2824 259 2858 plevit,
277 2825 369 2859 utique
385 2824 515 2852 sensibili.

1038 2511 1271 2547 (71)Ζωοδόχος.
1295 2510 1346 2538 Seu
1371 2511 1432 2537 vitae
1452 2511 1692 2545 conceptaculum;
1712 2511 1740 2537 iu
1756 2518 1791 2547 eo

1004 2547 1093 2574 Maria:
1105 2547 1268 2582 symbolum.
1287 2554 1347 2580 quae
1361 2546 1443 2574 vitam
1462 2546 1535 2575 illam
1553 2547 1584 2574 ad
1598 2554 1647 2573 nos
1666 2546 1790 2580 peregri.

1003 2581 1126 2612 nantem,
1142 2590 1191 2610 ceu
1207 2582 1316 2616 llOSpilii
1332 2582 1404 2615 jure,
1431 2581 1511 2607 etiam
1536 2585 1615 2609 utr-ro
1642 2581 1764 2614 suscepit
1778 2589 1787 2610 :

1004 2625 1084 2651 quam
1101 2618 1159 2651 ejus
1177 2617 1391 2652 praerogativam,
1408 2616 1549 2652 inilllartha
1568 2616 1709 2652 Dominum
1722 2623 1789 2652 sius.-

1004 2652 1120 2686 cipiente
1139 2653 1165 2679 in
1182 2659 1258 2679 suam
1286 2651 1410 2681 domum.
1432 2651 1475 2678 die
1495 2651 1666 2686 migrationis
1687 2651 1789 2684 ipsius,

1004 2685 1124 2714 Ecclesia
1148 2692 1241 2714 sanCIe
1266 2686 1370 2713 recolit.
1397 2685 1543 2717 Paulinus,
1561 2687 1688 2720 viri/itus,
1711 2685 1790 2719 ("rod

1023 2722 1094 2748 otius
1109 2727 1181 2749 esset
1193 2721 1334 2756 ζωοδότης.
1348 2721 1432 2748 Simili
1444 2721 1563 2756 epitheto
1578 2721 1656 2755 paulo
1672 2720 1790 2756 inferius

1027 2757 1157 2784 imeoucm
1185 2761 1280 2786 ornat.
1303 2755 1442 2790 appellans
1471 2756 1592 2791 θεοδόχον
1618 2755 1787 2792 πρεσϐύτην,

1004 2799 1088 2818 senem
1106 2792 1153 2819 Dri
1167 2795 1349 2824 susceptorcm.
