1911 3072
111 75 169 102 375

649 69 766 98 SERMO
784 69 828 96 DE
846 67 994 96 SIMEONE
1014 67 1056 94 ΕΤ
1075 66 1179 94 ANNA.

1689 67 1743 93 57a.

111 131 174 168 Θεῷ
198 130 239 166 τῷ
254 130 375 158 ἀνενδεεῖ
398 130 489 166 σάρκα
511 129 600 164 ἥνπερ
618 129 668 155 οὐκ
694 127 780 163 εἶχεν,
804 125 901 163 ἴδιαῇί

959 124 1086 152 desiderii
1103 124 1185 151 David
1197 124 1219 139 θ’
1230 143 1238 156 ,
1261 125 1322 151 vitae
1333 127 1492 158 susceptor,
1505 131 1540 151 ex
1547 131 1601 158 quo
1613 125 1740 158 poculum

112 175 323 212 παντοδύνιιμος
339 177 409 212 ὅπερ
428 175 573 211 ηὑδόκησε.
592 174 623 201 Τί
643 174 737 201 τούτου
759 173 906 209 περιφανέ-

114 230 235 258 στερονς
251 222 285 248 Τί
300 221 397 248 τούτου
412 221 593 257 ὑψηλότερονς
614 222 642 247 ’0
662 221 706 246 τὸν
726 220 838 255 οὐρανὸν
860 219 907 246 καὶ

112 269 164 304 τὴν
184 268 240 302 γῆν
267 267 390 303 πληρῶν,
407 264 438 294 οὗ
463 268 497 294 τὰ
520 268 665 302 σύμπαντα
690 267 833 301 κτήματα,
859 265 906 292 σοῦ

113 315 266 350 γεγένηται
294 315 418 350 ὲπιδεής*
446 316 477 341 σὺ
503 315 557 350 γὰρ
585 314 722 345 ὲδάνεισας
747 314 806 349 Θεῷ
832 314 906 340 θείαν
926 326 928 329 ·

114 362 269 397 σάρκωσιν,
282 362 315 397 ἣν
330 362 380 388 οὐκ
397 359 463 396 εἶχε.
485 361 520 388 Σὺ
543 361 712 396 ὲθωράκισας
728 360 773 387 τὸν
796 360 906 387 δυνατὸν

112 408 164 442 τὴν
181 407 310 443 εὐπρεπῆ
329 407 376 434 τοῦ
395 406 519 442 σώματος
533 406 706 441 παντευχίαν,
725 406 758 433 δι’
777 404 811 443 ἧς
827 407 906 438 αὐτὸς

116 453 166 489 μὲν
184 453 302 488 ὀφθῆναι
314 453 435 488 χωρητὺς
446 454 506 488 ἐμοὶ
518 452 657 488 δεδύνηται
665 473 672 484 ,
689 452 744 486 ἐγὼ
757 452 785 479 δὲ
792 452 906 488 εὐπροσ-

117 499 183 530 ίτως
201 499 362 534 ἀντωπῆσαι
387 498 460 534 αὐτῷ
482 499 620 534 ἐνίσχυσα,
642 498 675 524 δι’
692 495 725 534 ἦς
744 498 791 524 καὶ
808 497 906 524 πάντα

114 543 170 570 τοῦ
189 544 324 578 πονηροῦ
337 544 374 571 τὰ
394 544 589 579 πεπυρωμένα
600 544 678 578 ,βέλη
695 543 904 577 σϐεσθήσετιιι.

114 587 189 623 Εὖγε
199 610 207 621 ,
224 587 287 624 εὖγε
298 609 305 621 ,
320 591 410 626 μήτηρ
430 589 496 616 Θεοῦ
519 590 565 616 καὶ
580 589 670 626 δούλη.
688 587 773 624 Εὖγε,
794 587 856 624 εὖγε
866 610 873 622 ,
888 590 905 625 ή

115 635 262 670 ὑπόχρεων
281 635 378 670 ἔχουσα
389 636 435 662 τὸν
451 635 558 662 πάντων
572 635 722 671 δανειστήν.
740 636 842 667 Πάντες
857 636 905 670 μὲν

115 679 176 716 Θεῷ
191 681 382 716 ὲποφείλομεν,
398 682 439 708 σοὶ
453 682 482 708 δὲ
498 682 678 717 ὲποφείλεται.
700 683 728 709 ’0
744 682 799 718 γὰρ
809 682 903 714 εἰπὼν,

118 727 193 760 Τίμα
217 726 272 753 τὸν
296 727 408 761 πατέρα
430 735 487 753 σου
516 728 565 754 καὶ
590 727 647 762 τὴν
668 727 792 762 μητέρα.
816 727 905 762 πολλῷ

117 773 221 808 μᾶλλον
238 773 319 805 αὐτὸς
339 774 368 800 ὲν
383 773 487 804 τούτοις
508 773 682 805 ἐξετάζεσθαι
701 773 837 809 ἐλόμενος,
855 783 904 808 φυ-

959 170 1170 198 inmortalitatis
1181 170 1323 197 scaturivit
1336 179 1341 197 :
1359 170 1577 204 propitiatorium
1593 171 1626 203 ’³,
1642 178 1674 197 ex
1687 179 1740 204 quo

958 216 1045 250 Deus,
1073 217 1158 243 forma
1185 217 1321 249 humana,
1342 218 1432 252 generi
1452 218 1571 244 humano
1599 217 1739 244 innotuit:

957 263 1040 291 vestis
1054 263 1113 290 sine
1129 263 1245 294 macula,
1255 263 1314 297 ejus
1325 264 1369 298 qui
1384 262 1467 290 induit
1480 263 1567 290 lumen
1582 264 1648 290 sicut
1664 263 1740 290 resti-

957 314 1071 336 mentum
1089 309 1122 336 9‘.
1135 308 1174 336 Tu
1186 309 1287 337 nullius
1304 309 1435 344 indigenti
1454 309 1518 341 Deo,
1535 317 1644 337 carnem
1658 317 1739 344 quam

958 362 1011 382 non
1028 354 1161 386 habebat,
1179 354 1299 382 fenerala
1313 363 1351 387 es,
1366 363 1419 389 qua
1436 355 1542 382 tandem
1566 356 1740 390 omnipotens

956 400 1019 436 ille,
1037 399 1108 434 quod
1121 400 1277 427 decreverat
1289 400 1347 427 ﬁcri
1359 420 1366 432 ,
1383 401 1463 428 homo
1484 406 1567 428 esset.
1595 401 1664 433 Quid
1688 401 1739 428 hoc

957 445 1144 480 splendidius?
1169 443 1237 477 Quid
1263 445 1314 471 hoc
1339 445 1503 472 sublimius?
1524 445 1574 476 Qui
1598 445 1698 472 coelum
1713 449 1740 472 et

956 496 1056 518 terram
1073 490 1166 525 implet
1180 490 1217 522 νυ,
1241 490 1320 525 cujus
1342 490 1453 518 ditionis
1474 495 1538 518 sunt
1562 499 1605 518 res
1625 498 1737 523 omnes.

957 536 995 562 tui
1016 535 1125 570 indigus
1144 535 1257 562 efficitur
1274 545 1280 562 ε
1296 536 1396 571 quippe
1418 535 1473 564 Deo
1492 536 1612 564 fenerata
1627 544 1657 564 es
1678 545 1740 564 car-

956 589 1029 612 nem,
1044 588 1125 616 qualn
1138 589 1192 608 non
1206 581 1332 609 habebat.
1348 581 1388 608 Tu
1402 586 1538 616 potentem
1556 581 1630 609 illum
1641 582 1739 610 decora

956 629 1080 663 corporis
1093 633 1232 655 armatura
1247 628 1376 660 induisti,
1389 637 1442 663 qua
1458 632 1484 656 et
1496 629 1519 657 is
1531 629 1597 656 mihi
1618 629 1739 656 redditus

956 677 998 700 est.
1017 673 1105 701 oculis
1127 673 1317 708 aspectabilis;
1341 673 1452 708 ipseque
1481 678 1510 700 ut
1527 673 1611 701 libere
1626 674 1740 701 intuitu-

957 726 1003 746 rus
1016 719 1118 753 possim
1134 718 1274 750 accedere,
1287 719 1389 753 accepi,
1400 726 1453 754 qua
1464 719 1545 746 etiam
1574 721 1662 746 omnia
1674 720 1739 747 mali

955 766 1029 792 illius
1045 765 1127 800 ignita
1144 764 1195 791 tela
1205 765 1337 799 exstingui
1350 765 1444 792 habent
1457 766 1489 793 ³⁸.
1504 765 1586 801 Euge,
1603 774 1680 800 euge,
1691 765 1739 794 Dei

114 817 207 851 λάξειε
229 819 279 854 τὴν
296 818 375 854 χάριν
393 819 438 845 καὶ
457 819 488 845 τὸ
510 819 574 845 ἴδιον
591 819 678 854 δόγμα
696 821 728 854 τῇ
744 819 901 856 διακονησα-

956 810 1040 838 Mater
1057 810 1219 845 ancillaque.
1236 809 1319 845 Euge,
1333 818 1412 846 euge,
1429 811 1472 838 cui
1486 811 1530 838 ille
1546 812 1667 838 omnium
1683 819 1739 839 cre-

116 864 187 900 μὲνῃ
200 864 251 899 τὴν
268 864 430 899 αὐθαίρετον
448 863 584 899 γέννησιν,
596 864 643 891 καὶ
659 864 778 897 δοξάσειε
793 865 906 901 θεοπρε-

115 909 185 941 πῶς,
203 910 237 944 ἣν
257 909 431 944 ἐπεγράψατο
449 910 563 944 ἀπάτωρ
575 909 612 941 ὠς
635 910 763 945 ἄνανδρον
780 911 904 946 Μητέρα.

117 955 215 981 Ἔσται
240 956 328 981 τοίνυν
347 955 434 982 ταῦτα
456 955 553 987 οὕτως,
570 955 655 982 ἔσται.
672 956 708 982 Οὐ
728 956 782 992 γὰρ
803 956 905 992 κομψο-

116 1001 210 1032 επείας
220 1001 346 1036 ἀκάρπου
354 1001 378 1027 οἱ
389 1000 587 1037 προσαχθέντες
598 1010 639 1027 σοι
651 1003 714 1037 παρ’
726 1002 802 1037 ἡμῶν
814 1002 903 1037 ὕμνοι,

116 1046 322 1080 παναγιώτατον
338 1048 384 1074 καὶ
400 1047 563 1081 ἀξιάγαστον
582 1048 628 1074 τοῦ
646 1048 713 1075 Θεοῦ
729 1049 886 1084 ἐνδιαίτημα
896 1058 903 1064 θ

115 1091 169 1118 0W
182 1089 217 1118 αὖ
233 1092 370 1127 κοσμικῆς
383 1092 556 1128 λογολεσχίας
573 1093 620 1120 καὶ
630 1093 841 1128 ψευδαρεσκείας
856 1095 904 1121 λα-

117 1138 293 1174 ρυγγισματα
312 1139 326 1165 ὁ
341 1139 523 1174 πνευματικός
540 1148 585 1166 σου
602 1139 695 1175 ὕμνος,
714 1140 902 1173 Θεούπαίνετε,

115 1183 161 1209 καὶ
176 1183 245 1210 Θεὺν
262 1183 361 1218 ἔχουσα
376 1183 536 1219 ὑπομάζιον,
551 1184 595 1211 τὸν
618 1185 676 1216 τοῖς
698 1184 801 1220 βροτοῖς
817 1186 904 1221 ἀρχὴν

114 1228 160 1255 τοῦ
176 1227 247 1255 εἶναι
270 1229 314 1256 διὰ
335 1230 487 1265 γεννήσεως
503 1230 672 1266 παρέχοντα,
698 1231 754 1258 ἀλλ’
773 1232 904 1266 ἐναργοῦς

115 1275 255 1310 ἀληθείας.
278 1275 427 1310 Ἐπιλείψει
451 1275 505 1311 γὰρ
526 1277 591 1312 ἡμῖν
612 1277 627 1302 ὁ
655 1277 749 1312 χρόνος
776 1278 822 1304 καὶ
844 1280 904 1310 ταῖς

117 1320 264 1355 μετέπειτα
280 1322 394 1355 γενεαῖς,
410 1321 455 1348 τὸν
472 1322 530 1348 κατ’
542 1322 620 1355 ἀξίαν
635 1331 676 1349 σοι
690 1323 833 1350 ἀποδοῦναι
852 1333 904 1359 μα-

114 1366 249 1401 καρισμὸν
266 1367 300 1402 τῇ
317 1367 409 1401 Μητρὶ
421 1366 473 1393 τοῦ
490 1367 641 1400 Βασιλέως
656 1366 714 1394 τῶν
727 1367 849 1399 αἰώνων,
865 1368 902 1401 ὥς

115 1420 165 1438 που
178 1413 262 1447 φησὶν
280 1413 294 1437 ὁ
310 1412 429 1447 ἀοίδιμος
445 1414 593 1448 προφήτης,
611 1413 646 1440 τὰ
662 1415 712 1449 τῆς
731 1415 779 1450 σῆς
800 1415 902 1442 ἀκατα-

114 1457 213 1492 ληψίας
236 1458 310 1492 ἡμᾶς
333 1452 517 1484 ἐέπαιδεὺων·
539 1459 585 1492 Ὡς
607 1460 702 1494 μέγας
720 1462 735 1487 ὁ
752 1459 834 1494 072w;-
848 1461 900 1488 τοῦ

955 856 1036 888 ditor,
1056 855 1163 883 debitor
1177 856 1223 883 sit.
1248 855 1303 883 Deo
1323 856 1454 884 debemus
1471 864 1565 884 omnes
1582 867 1588 884 :
1609 858 1658 885 tibi
1680 858 1739 893 ipse

954 900 1103 929 obstrictus
1118 904 1170 929 est.
1185 900 1250 927 Nam
1268 901 1313 936 qui
1329 901 1397 928 dixit
1412 911 1418 929 :
1436 902 1544 929 Honora
1555 907 1654 936 patrem
1665 908 1737 930 tuum

953 952 978 975 et
994 953 1104 974 matrem
1116 947 1154 979 '7,
1172 947 1252 981 longe
1268 947 1358 982 potius
1370 967 1377 980 ,
1400 948 1501 975 talibus
1520 949 1578 983 ipse
1599 950 1738 977 aeceuseri

954 994 1064 1028 volens,
1083 993 1197 1029 gratiam
1217 995 1409 1030 propriamque
1426 995 1483 1029 ipse
1498 995 1581 1030 legem
1593 1016 1600 1027 ,
1627 996 1653 1022 in
1677 1004 1738 1023 eam

954 1044 1117 1076 servaverit,
1145 1051 1204 1078 quae
1223 1044 1296 1071 ultro
1319 1046 1487 1076 assumptam
1501 1042 1552 1076 ipsi
1568 1042 1736 1069 nativitatem

953 1091 1133 1124 ministravit;
1146 1097 1297 1125 quamque,
1314 1089 1373 1117 sine
1389 1092 1481 1123 patre,
1499 1088 1571 1115 velut
1585 1088 1644 1115 sine
1666 1089 1735 1120 viro,

953 1136 1066 1163 Matrem
1091 1135 1232 1170 inscripsit
1252 1135 1490 1169 conﬁrmavitque;
1508 1134 1601 1162 divino
1618 1135 1736 1168 quodam

952 1182 1068 1214 decore,
1085 1186 1113 1209 et
1133 1190 1215 1217 supra
1235 1182 1371 1209 hominem
1385 1181 1586 1217 gloriﬁcavcrit.
1605 1180 1643 1207 lta
1672 1189 1735 1208 vero

952 1227 1010 1254 haec
1026 1227 1175 1259 habebunt,
1192 1227 1330 1254 habebunt
1343 1228 1390 1254 ita.
1404 1226 1495 1260 Neque
1511 1227 1583 1253 enim
1595 1234 1655 1261 qua:
1670 1226 1736 1253 0ὕό-

952 1273 1038 1300 rimus
1054 1273 1170 1306 cantica,
1185 1273 1309 1300 inutilem
1322 1277 1425 1299 tantum
1442 1273 1585 1300 verborum
1598 1274 1734 1303 ornatum,

952 1327 969 1346 ο
986 1319 1200 1347 sacratissimum
1221 1319 1545 1353 admirabilissimumque
1567 1318 1615 1346 Dei
1629 1318 1736 1345 habita-

952 1365 1054 1397 culum,
1064 1366 1164 1393 habent
1176 1375 1183 1392 :
1199 1373 1286 1400 neque
1299 1373 1406 1397 rursus,
1418 1365 1575 1392 saecularem
1590 1364 1735 1400 quamdam

951 1412 1154 1447 nugacitatcm,
1170 1412 1294 1447 falsaque
1314 1412 1508 1439 assentationis
1523 1411 1596 1439 velut
1619 1411 1736 1438 crocita.

952 1462 1054 1491 menta,
1072 1458 1204 1493 spiritalis
1216 1461 1262 1485 tua
1277 1457 1360 1485 habet
1373 1457 1505 1490 laudatio,
1521 1464 1537 1484 ο
1549 1456 1604 1484 Deo
1616 1457 1734 1488 laudata,

115 1502 199 1534 Θεοῦ,
216 1503 266 1529 καὶ
283 1502 417 1537 εὐμήκης
428 1504 444 1528 ό
461 1503 552 1536 τόπος
567 1503 622 1537 τῆς
644 1504 778 1538 κτήσεως
795 1506 898 1533 αὑτοῦ.

953 1511 1066 1539 quasque
1077 1504 1161 1532 Deum
1174 1505 1233 1539 ipsa
1245 1504 1389 1531 lactentem
1402 1503 1518 1536 habeas;
1528 1510 1600 1535 eum.
1612 1503 1735 1537 inquam,

114 1548 222 1583 Μέγας,
238 1549 288 1575 καὶ
301 1550 356 1575 οὐκ
368 1549 429 1583 ἔχει
444 1548 587 1582 τελευτήν
599 1558 605 1564 -
619 1551 740 1585 ὑψηλὸς
762 1551 810 1578 καὶ
831 1551 900 1586 ἀμέ-

115 1602 230 1628 τρητος.
242 1595 346 1625 Ὄντως
358 1593 421 1629 γὰρ,
438 1594 521 1626 ὅντως
536 1596 703 1631 προφητικος
718 1597 840 1632 χρησμὸς
852 1598 899 1625 καὶ

115 1639 232 1674 ἀψευδὴς
259 1639 335 1674 λόγος
360 1638 437 1672 οὗτος
460 1641 509 1676 τῆς
532 1643 596 1677 περί
619 1642 647 1668 σὲ
674 1642 897 1678 μεγαλειότητος’

115 1686 178 1712 Mn
192 1687 240 1713 καὶ
256 1686 322 1722 μόνη
340 1686 557 1722 συμμερίσασθαι
574 1687 632 1723 Θεῴ
642 1688 674 1714 τὰ
684 1688 730 1714 τοῦ
748 1689 814 1715 Θεοῦ
835 1698 900 1716 κατ-

116 1731 240 1765 ηξίωσαι,
256 1731 321 1758 Θεὸν
346 1733 500 1767 γεννήσασα
517 1734 597 1768 σαρκὶ
617 1734 684 1769 μόνη
695 1754 702 1766 ,
719 1734 765 1761 τὸν
782 1735 814 1761 ἐκ
831 1735 898 1762 Θεοῦ

117 1777 220 1813 Πατρὺς
247 1777 397 1813 μονογενῶς
421 1779 468 1805 καὶ
487 1779 626 1811 συναῖδίως
650 1780 820 1816 γεννηθέντα.
837 1781 899 1807 Φιλ-

118 1822 219 1858 αλήθως
237 1822 293 1859 (72)
314 1824 367 1850 οἵδε
388 1823 460 1858 λόγοι
479 1825 596 1857 πίστεως
611 1826 776 1861 ἀκραιφνοῦς
791 1826 900 1862 ἀντεχο-

119 1868 212 1902 μένων.

117 1915 235 1942 sublimis
264 1920 342 1952 atque
364 1917 506 1944 immensus
535 1917 569 1945 ".

953 1552 998 1586 qui
1018 1551 1135 1586 primum
1152 1558 1213 1579 esse
1226 1550 1387 1578 mortalibus
1401 1549 1542 1577 nativitate
1559 1549 1668 1581 tribuit;
1688 1548 1735 1576 sed

952 1596 1094 1624 veritatem
1122 1595 1266 1631 quamdam
1290 1603 1403 1631 prorsus
1424 1594 1603 1629 perspicuam.
1623 1592 1736 1621 Deﬁciet

952 1644 1024 1671 enim
1040 1651 1091 1671 nos
1113 1647 1219 1678 tempus
1241 1643 1401 1677 futurasque
1423 1640 1595 1676 postmodum
1622 1647 1735 1675 genera-

952 1690 1051 1721 tiones,
1066 1689 1088 1717 si
1105 1692 1131 1716 te
1148 1689 1260 1716 Matrem
1276 1687 1352 1723 Regis
1367 1687 1524 1714 uinculorum
1541 1686 1562 1702 ’³
1579 1686 1667 1722 dignis
1682 1686 1736 1713 elo-

951 1736 1003 1770 giis
1014 1735 1179 1762 voluerimus
1193 1735 1299 1763 beatam
1312 1734 1476 1769 praedicare;
1492 1739 1520 1760 ut
1530 1733 1646 1768 quodam
1663 1733 1734 1765 loco,

951 1779 1079 1807 erudiens
1111 1787 1191 1814 quam
1219 1780 1258 1807 sis
1288 1779 1589 1814 incomprehensibilis,
1617 1778 1736 1813 inclytus

951 1825 1081 1860 propheta
1103 1825 1160 1853 ait:
1178 1825 1265 1858 Quam
1285 1833 1381 1860 magna
1404 1825 1499 1852 domus
1516 1824 1578 1856 Dei,
1598 1829 1622 1851 et
1646 1824 1736 1858 iugem

953 1872 1024 1898 locus
1035 1870 1207 1906 possessionis
1219 1871 1294 1906 ejus!
1310 1871 1434 1906 Magnus,
1451 1877 1475 1898 et
1488 1880 1538 1898 non
1552 1871 1628 1898 habet
1639 1871 1734 1907 ﬁnem;

597 1917 680 1945 Plane
712 1918 804 1949 enim.
832 1918 911 1954 plane
934 1917 1123 1953 propheticum
1150 1918 1310 1950 oraculum,
1334 1918 1548 1952 verissimusque
1580 1916 1625 1944 hic
1646 1924 1738 1944 sermo

118 1962 148 1990 de
163 1963 366 1999 magniﬁcentia
391 1965 436 1992 illa
459 1969 503 1992 tua
525 1970 552 1992 ct
580 1965 723 2000 majestate
749 1966 896 2000 procedit:
925 1973 988 1992 nam
1015 1970 1043 1992 et
1066 1966 1140 1996 sola,
1163 1972 1258 1992 eorum
1277 1972 1338 2000 qua;
1363 1968 1427 1992 sunt
1451 1963 1514 1996 Dei,
1542 1968 1648 1999 partem
1673 1970 1736 1992 cum

120 2011 170 2039 Deo
198 2013 298 2040 habere
330 2013 473 2047 meruisti;
498 2022 558 2049 qua:
588 2014 644 2041 sola
670 2013 754 2041 Deum
783 2022 817 2041 ex
843 2013 898 2041 Deo
933 2013 1014 2041 Patre
1035 2014 1150 2048 unigene
1172 2020 1204 2040 ac
1226 2013 1390 2047 sempiterne
1413 2013 1550 2047 genitum,
1576 2019 1659 2039 carne
1689 2019 1737 2047 ge.

118 2060 217 2088 niteris.
239 2059 279 2088 Ita
290 2062 426 2088 veraciter
443 2062 582 2094 sentiunt,
598 2062 644 2096 qui
661 2061 797 2089 sinceram
815 2061 894 2089 ﬁdem
911 2062 1121 2097 amplectuntur.

149 2107 199 2134 ΙΝ.
226 2105 418 2142 Ἀπολὸὤωμεν
433 2107 462 2133 δὲ
484 2107 586 2139 λοιπὸν,
610 2105 632 2135 ὦ
656 2108 897 2143 φιλομαθέστατοι,

985 2107 1030 2136 XI.
1042 2107 1187 2139 Caeterum,
1204 2107 1277 2143 quod
1291 2107 1426 2142 reliquum
1437 2110 1488 2138 est,
1508 2106 1659 2137 sciendum,
1677 2108 1740 2132 stus

118 2152 158 2179 τὸν
169 2152 290 2187 θεοδόχον
308 2152 474 2189 πρεσϐύτην,
491 2154 538 2180 καὶ
554 2153 651 2188 εὐσεϐῆ
666 2153 833 2186 διδάσκαλον,
849 2151 899 2181 ὧδέ

119 2206 164 2224 που
176 2198 341 2233 διανήξαντα
355 2200 495 2234 σωτηρίως
507 2200 539 2226 ἐκ
561 2198 607 2225 τοῦ
633 2199 797 2236 παρθενικοῦ
815 2200 898 2227 πελά-

123 2251 191 2276 γους·
210 2244 258 2270 καὶ
280 2245 507 2281 διαναπαύσωμεν
529 2246 756 2281 ὲμπεφορημένον
773 2247 830 2281 ἅμα
849 2246 899 2281 τῆς

118 2288 187 2321 Θείας
208 2290 338 2324 ἐφέσεως,
352 2291 399 2317 καὶ
420 2292 659 2328 ὲμπορευσάμενον
675 2294 742 2328 ἡμῖν
760 2292 808 2327 τὴν
829 2301 897 2319 παν-

118 2334 199 2362 όλϐιον
211 2335 348 2371 θεολογίαν
358 2345 365 2352 ·
378 2338 423 2364 καὶ
442 2338 524 2374 ἴωμεν
541 2339 621 2374 ἡμεῖς
635 2338 703 2374 πρὸς
722 2339 751 2366 τδ
774 2339 837 2374 ἑξῆς
851 2339 897 2367 τοῦ

117 2380 201 2415 λόγου,
213 2382 341 2415 ἀπλανῶς
360 2383 429 2418 πρὸς
442 2384 488 2410 τὸν
505 2385 684 2421 προκείμενον
700 2386 799 2412 σκοπὸν
816 2386 898 2412 ἀπευ-

118 2426 236 2459 θύνοντες
253 2428 300 2455 σὺν
316 2428 412 2464 ὁδηγιᾳ
427 2429 473 2455 τοῦ
487 2429 638 2465 κρείττονος
646 2429 695 2465 τὴν
710 2430 811 2465 τρίϐον,
825 2430 898 2462 ὅπως

120 2472 151 2508 μή
178 2473 267 2509 πάντη
293 2471 368 2509 ὦμεν
389 2475 508 2511 ἄκαρποι
528 2475 575 2502 καὶ
601 2476 755 2508 ἀσυντελεῖς
780 2477 848 2512 πρὸς
864 2476 897 2503 τὰ

118 2516 213 2544 δέοντα.
237 2518 314 2545 Ἐπεὶ⁵
333 2516 378 2545 οὖν
395 2519 597 2556 σονεκλήθησαν
614 2521 681 2557 πρὸς
702 2521 737 2547 τὰ
758 2521 837 2556 ἱερῶς
852 2530 897 2548 τε-

118 2562 229 2598 λούμενα
246 2563 381 2599 ἱερωσύνη
393 2573 422 2590 τε
437 2565 483 2591 καὶ
495 2566 662 2601 προφητεία,
681 2567 727 2593 καὶ
745 2569 899 2604 παρειστήο

148 2662 210 2700 “ill
224 2661 296 2700 _Reg.
322 2670 408 2700 I_xill,
429 2664 472 2700 t7.
493 2664 533 2700 ﬂ“
550 2663 635 2692 Exod.
658 2674 744 2697 xxxv.
766 2666 810 2693 i7.
848 2666 872 2682 °‘
892 2666 968 2694 Psal.
988 2675 1046 2700 Cttl,
1068 2667 1096 2696 9..

950 2155 1106 2182 diosissima
1124 2154 1231 2188 concio,
1247 2161 1339 2182 senem
1355 2159 1480 2180 nostrum
1488 2151 1535 2179 Dei
1547 2155 1735 2186 susceptorem

950 2202 1080 2236 piumque
1095 2200 1244 2231 doctorem,
1264 2199 1317 2226 huc
1330 2199 1478 2227 salubriter
1492 2206 1507 2225 a
1521 2197 1646 2232 virginali
1660 2196 1735 2231 pela-

949 2255 984 2283 go
999 2247 1218 2282 adnavigantem,
1235 2245 1418 2280 suscipiamus
1432 2264 1439 2277 ,
1451 2245 1563 2279 jamque
1578 2243 1670 2271 divino
1685 2251 1736 2270 suo

949 2292 996 2319 illo
1007 2291 1145 2320 desiderio
1156 2295 1343 2319 exsaturatum
1356 2290 1458 2325 pariter
1467 2309 1474 2321 ,
1502 2296 1534 2315 ac
1550 2288 1733 2315 beatissimam

949 2339 1022 2366 illam
1042 2338 1203 2372 theologiam
1229 2337 1307 2365 nobis
1329 2337 1534 2366 advectantem,
1562 2341 1733 2367 recreemus;

949 2386 1056 2421 ipsique
1073 2392 1227 2412 sermonem
1242 2385 1378 2420 reliquum
1397 2390 1595 2419 prosequamur
1611 2382 1644 2408 ad
1666 2389 1735 2416 pra:-

949 2432 1073 2459 stitutum
1092 2431 1171 2459 nobis
1194 2439 1325 2466 scopum,
1350 2431 1396 2458 Dei
1423 2429 1518 2465 optimi
1540 2429 1641 2460 ductu,
1660 2431 1735 2454 certa

949 2477 1055 2505 ratione
1072 2484 1182 2504 cursum
1196 2476 1360 2512 dirigentes;
1378 2479 1409 2504 ut
1429 2483 1464 2502 ne
1486 2481 1617 2510 prorsus,
1642 2471 1676 2498 ad
1701 2479 1734 2499 ea

948 2531 1008 2558 quae
1023 2523 1194 2555 incumbunt,
1211 2525 1238 2550 et
1252 2526 1408 2549 nostrarum
1421 2525 1485 2549 sunt
1500 2521 1633 2556 partium,
1646 2518 1735 2546 inl'ru-

948 2569 1026 2604 giferi
1050 2569 1215 2603 inutilesque
1242 2567 1424 2595 inveniamur.
1450 2567 1518 2595 Cum
1537 2567 1628 2601 itaque
1645 2564 1679 2592 ad
1700 2571 1734 2592 ea
1786 2576 1793 2587 α

1148 2668 1171 2685 ⁸⁵
1189 2667 1246 2696 ler.
1269 2676 1356 2702 xxiii,
1376 2667 1421 2696 24.
1461 2668 1484 2685 ⁹⁶
1503 2667 1600 2703 ΕρΙιεε.
1621 2675 1668 2701 vt,
1689 2666 1734 2696 16.

119 2697 137 2712 ’⁷
158 2697 240 2724 Exod.
260 2705 314 2729 xx,
338 2698 381 2724 12.
418 2699 440 2715 ³⁸
460 2700 470 2726 Ι
491 2699 559 2727 Tim.
582 2708 600 2732 ι,
620 2701 663 2729 17.
700 2702 723 2718 ’θ
737 2701 841 2729 Barac/1
851 2709 893 2735 ut,

960 2702 1004 2730 25.

150 2787 202 2822 {7‘2}
218 2787 402 2821 Φιλαλήθεις.
418 2789 583 2826 Φιλαλήθεις.
