1911 3072
163 69 215 96 575

641 67 670 95 S.
692 66 856 95 METHODH
874 67 1028 95 EPISCOPI
1050 67 1093 94 ET
1113 67 1290 95 MARTYRIS

1727 70 1784 99 576

163 135 242 159 sacra
255 149 261 161 ,
275 128 454 156 sam-rdolium
464 147 470 156 .
501 128 698 163 proplietiaque
709 149 716 158 ,
733 129 834 163 pariter
852 133 945 156 vocata

1004 138 1040 156 κει
1055 129 1093 164 τῷ
1117 129 1213 164 ἐνδόξῳ
1228 129 1274 155 καὶ
1296 128 1449 165 παρθενικῷ
1474 129 1562 165 Θρόνῳ
1582 128 1697 164 ξυνωρὶς
1719 130 1784 157 Θεο-

165 178 257 202 essent
270 174 443 209 gloriosoquc
459 172 580 208 Virginis
591 173 700 205 throno,
715 174 775 209 biga
791 175 847 201 haec
860 181 875 200 a
893 173 946 203 Deo

165 221 312 248 electorum
329 219 483 253 iustorum;
502 218 648 253 Simeonis,
666 220 788 254 inquam,
808 224 834 247 et
847 220 944 253 Annze;

166 266 353 302 apertissimas
366 265 507 300 utriusque
524 267 615 301 populi
639 266 770 302 imagines
792 267 818 293 in
837 274 865 293 se
877 274 947 301 pra:-

166 312 309 340 ferentium
321 332 328 342 ,
347 312 479 338 astitisset
492 310 565 346 (nam
581 320 662 339 senex
675 312 783 347 quidem
818 311 947 340 Israeliti-

164 367 226 387 cum
244 359 390 394 populum,
407 358 517 393 jamque
541 363 726 386 senescentem
742 363 769 385 et
780 358 885 386 eﬂ'etam
906 359 945 385 le-

165 411 224 439 gem
248 404 407 436 exhibebat;
433 403 512 430 vidua
534 407 622 430 autem
652 403 799 430 Ecclesiam
826 404 945 438 gentium

164 452 279 477 eatenus
293 448 438 482 viduam),
456 455 538 475 senex
551 447 659 482 quidem
669 468 675 479 ,
692 455 741 474 ceu
760 449 786 474 in
806 448 874 482 legis
886 456 946 483 per-

167 502 252 525 sona.
278 494 465 521 dimissionem
487 493 642 528 quaerebat;
661 493 740 519 vidua
759 497 871 524 autem.
896 501 946 521 ceu

166 540 293 568 Ecclesia:
308 547 451 574 personam
464 546 570 573 gerens,
582 539 781 565 confessionem
795 542 890 565 contra
906 539 946 565 af-

167 585 271 612 ferebat
287 586 308 618 ¹,
320 584 597 620 exspectantibusque
621 583 834 618 redemptionem
858 584 885 611 in
902 583 947 611 Je-

166 631 301 663 rusalem,
327 638 388 666 quae
408 630 441 657 de
458 631 517 664 ipso
536 634 613 656 erant
626 630 750 656 edicebat
765 640 770 657 :
787 629 858 656 sicut
878 630 948 657 bene

168 681 250 712 atque
264 676 387 711 apposite
402 683 433 702 ac
446 675 523 703 valde
535 675 642 710 egregie
653 696 660 707 ,
673 679 700 702 et
717 675 786 702 festo
799 675 863 702 huic
884 683 946 703 cum

167 723 263 758 primis
276 730 405 758 congrua,
419 722 453 749 ab
472 727 585 756 utroque
600 720 684 755 dicta,
698 722 852 756 conscripta
872 725 945 749 sunt.

166 768 314 803 Oportebat
330 769 400 796 enim
425 775 456 795 ac
474 768 552 802 plane
566 775 710 795 necessum
724 771 800 799 crat,
816 771 846 794 ut
863 774 946 795 senex

996 175 1103 210 κλήτων
1115 175 1238 208 δικαίων,
1267 175 1407 210 Συμεῶνός
1424 183 1493 210 φημι
1506 176 1552 202 καὶ
1563 176 1672 211 ¹’Δννης,
1687 176 1771 202 ἑκατὲ

998 230 1051 256 ρων
1066 221 1118 248 τῶν
1133 221 1203 247 λαῶν
1225 220 1422 255 ἐναργεστάτας
1443 221 1580 256 φερόντων
1601 221 1650 252 τὰς
1673 222 1784 253 είκένας

997 267 1027 302 (ὁ
1044 267 1092 302 μὲν
1108 266 1272 302 πρεσϐύτης,
1290 266 1335 292 τοῦ
1357 266 1463 301 Ἰσραὴλ
1481 267 1527 293 καὶ
1546 267 1592 293 τοῦ
1607 267 1783 302 γηράσαντος

996 313 1076 347 νόμου
1087 321 1093 327 ·
1111 314 1126 347 ἡ
1144 313 1171 338 δὲ
1187 313 1268 348 χήρα,
1283 312 1331 347 τῆς
1350 311 1379 344 ἐξ
1392 311 1474 338 ἐονῶν
1488 312 1575 348 χήρας
1591 312 1621 338 τὸ
1631 313 1784 348 τηνικαῦτα

1003 358 1181 392 Ἐκκλησίας)
1195 367 1200 372 ·
1216 359 1229 384 ὁ
1247 358 1296 393 μὲν
1317 356 1364 384 οὖν
1384 358 1538 394 πρεσϐύτης
1559 358 1784 394 προσωποποιού-

999 413 1077 438 μενος
1093 404 1137 430 τὸν
1164 404 1254 439 νόμον,
1274 404 1323 440 τὴν
1347 404 1478 431 ἀπόλυσιν
1499 405 1637 440 ὲξεζήτει·
1654 406 1671 440 ἡ
1687 404 1716 431 δὲ
1732 405 1784 440 τῆς

1005 450 1165 484 Ἐκκλησίας
1181 451 1386 486 προσωποποιὺς
1401 451 1448 486 τὴν
1467 450 1680 486 ἀνθομολιῆησιν
1695 459 1782 486 προσ-

996 495 1105 530 εκόμιζε
1124 495 1190 531 (75),
1212 496 1327 527 καὶτοῖς
1346 495 1572 530 ἀπεκδεχομένοις
1594 495 1727 531 λύτρωσιν
1752 495 1782 521 ἐν

1003 541 1177 577 Ἰερουσαλὴμ
1200 541 1234 567 τὰ
1257 542 1321 576 περὶ
1342 541 1423 567 αὑτοῦ
1443 541 1547 567 ἐλάλει·
1569 541 1658 572 καθὼς
1678 541 1785 575 γέγρα-

997 596 1061 614 πται
1078 585 1108 614 εὖ
1131 587 1203 622 μάλα.
1222 587 1357 622 ἁρμοδίως
1372 587 1418 613 καὶ
1432 586 1576 622 ὑπερφυῶς
1592 586 1627 613 τὰ
1638 587 1702 621 παρ’
1721 587 1786 612 ἑκα-

996 633 1086 668 τέροις
1096 633 1257 668 λαλούμενα,
1267 633 1313 659 καὶ
1326 634 1358 668 τῇ
1373 634 1433 668 ἱερᾷ
1445 633 1537 668 τελετῇ
1552 633 1697 667 σύμφημα.
1709 630 1785 657 Ἔδει

997 679 1060 714 γεὶιρ⁷
1079 679 1131 705 ἔδει
1149 679 1241 713 σαφῶς
1256 679 1300 704 τὸν
1322 679 1369 713 μὲν
1386 678 1540 714 πρεσϐύτην
1556 679 1737 713 ἐπιστάμενον
1753 677 1785 703 τὸ

997 725 1099 760 φάσκον
1112 725 1157 751 τοῦ
1174 725 1255 760 νόμου
1275 725 1425 759 διάταγμα,
1444 724 1541 751 Αὑτοῦ
1563 724 1702 750 ἀκούετεο
1718 722 1784 750 καί·

997 769 1084 797 Πᾶσα
1100 771 1186 805 ψυχὴ
1209 771 1274 803 ἣτις
1287 769 1325 797 ἂν
1342 769 1385 804 μὴ
1405 770 1523 803 ἀκούσῃ
1547 769 1650 801 αὑτοῦ,
1677 769 1787 800 ἐξολο-

168 814 296 849 quidem,
312 814 358 850 qui
380 814 446 849 legis
464 813 528 840 illud
548 813 645 841 scitum
665 814 810 849 perspicue
835 818 945 846 nosset,

1004 817 1151 849 ἳρεύσεται
1172 816 1206 842 ἐκ
1227 815 1279 842 τοῦ
1304 816 1380 842 λαοῦ
1403 814 1512 848 αὐτῆς,
1539 814 1668 840 ἀπόλυσιν
1688 814 1788 848 ἐπιζη-

168 868 222 895 quo
241 860 342 888 dicitur
357 870 364 887 :
380 860 469 894 Ipsum
481 861 584 891 audite;
600 863 629 887 et
651 869 656 886 :
676 859 766 887 Omnis
782 859 871 887 anima
891 868 949 895 qua!

169 908 254 941 ipsum
267 915 317 934 non
329 907 452 938 audierit,
468 906 686 933 exterminabitur
702 905 734 933 de
747 905 841 940 populo
852 914 899 932 suo
915 906 925 921 ’
940 915 946 932 :

169 953 309 987 paciﬁcam
325 961 340 979 ιι
364 952 441 987 legali
465 951 636 986 postmodum
659 951 828 979 institutione
854 951 949 979 dimis-

169 999 273 1026 sionem
289 1002 430 1033 qmereret.
447 998 550 1025 Revera
566 998 640 1025 enim
655 998 754 1032 injuria
768 1002 810 1024 est
823 1001 849 1024 et
865 1001 949 1024 teme-

168 1044 236 1071 ritas
246 1064 254 1075 ,
266 1047 311 1076 ut,
327 1051 389 1078 rege
410 1048 543 1079 przesente
557 1051 587 1070 ac
601 1044 682 1070 verba
696 1043 803 1078 publice
816 1042 947 1075 faciente,

169 1090 315 1118 satellitum
330 1089 429 1125 aliquis
446 1098 478 1118 ex
498 1090 615 1117 adverso
630 1089 766 1123 loquatur,
780 1093 863 1123 utque
882 1088 949 1115 sub-

171 1135 219 1162 diti
236 1135 262 1163 ei
276 1135 384 1162 interim
403 1142 483 1163 aures
505 1135 721 1162 accommodent.
738 1133 791 1161 Sed
801 1138 828 1160 et
840 1133 948 1160 viduam

168 1188 230 1216 que
258 1180 338 1208 donis
365 1181 558 1215 superantibus
588 1180 720 1207 rationem
751 1183 830 1206 aucta
856 1182 948 1210 esset,

170 1225 249 1253 festis
261 1224 378 1252 canticis
395 1224 450 1252 Deo
460 1224 563 1259 gratias
576 1232 655 1259 agere
668 1232 717 1259 par
735 1228 793 1251 erat
808 1233 814 1250 :
830 1223 951 1258 adeoque

169 1270 224 1297 illic
245 1273 338 1304 gesta,
361 1269 413 1304 legi
439 1277 560 1297 consona
584 1275 670 1297 erant.
701 1269 834 1296 Caeterum
862 1276 951 1304 opera;

170 1317 287 1352 pretium
313 1315 416 1347 fuerit,
437 1315 626 1350 inquiramus;
645 1323 706 1342 cum
732 1315 895 1350 prophetica
912 1315 950 1342 in-

172 1361 349 1388 formationcs
362 1363 389 1388 et
400 1360 493 1395 ﬁgurae
510 1361 544 1387 ad
558 1360 672 1388 eximias
692 1361 774 1388 hasce
788 1361 950 1389 festivitates

171 1415 319 1443 congruam
334 1407 479 1442 quamdam
491 1407 647 1435 relationem
666 1407 804 1439 haberent,
822 1408 952 1441 quemad-

171 1453 279 1480 modum
297 1452 399 1480 dictum
416 1457 457 1480 est
471 1473 479 1485 ,
493 1453 630 1488 quomodo
644 1453 741 1480 domus
759 1452 834 1480 fumo
849 1453 950 1487 repleta

999 861 1080 895 τῆσαι
1100 861 1240 897 εἰρηνικὴν
1261 861 1308 896 τῆς
1329 860 1444 895 νομικῆς
1471 859 1664 894 παιδαγωγίας.
1684 859 1787 895 ’Ὕϐρις

1000 907 1052 943 γὰρ
1079 907 1135 942 ἅμα
1165 907 1211 933 καὶ
1234 906 1398 942 προπέτεια,
1428 905 1558 940 βασιλέως
1580 905 1712 940 παρόντος
1737 905 1789 930 καὶ

999 953 1234 989 δημηγοροῦντος,
1252 953 1424 987 ὑπασπιστὴν
1445 952 1625 987 κατάντικρυς
1641 951 1789 985 ἀντιςθέγ-

1000 1000 1105 1034 γειετοοιι⁷
1126 999 1172 1025 καὶ
1186 999 1272 1034 τούτῳ
1288 998 1423 1024 ἐπικλῖναι
1439 998 1502 1029 τοὺς
1514 997 1650 1032 ὑπηκόους
1667 997 1701 1024 τὰ
1716 995 1786 1024 ὦτα.

1002 1045 1076 1072 Ἔδει
1090 1045 1117 1071 δὲ
1134 1044 1181 1071 καὶ
1196 1044 1243 1079 τὴν
1265 1044 1363 1079 χήραν.
1379 1043 1511 1078 τυχοῦσαν
1531 1043 1584 1069 τῶν
1600 1043 1669 1078 ὑπὲρ
1694 1043 1787 1077 λόγον,

999 1091 1034 1118 τὰ
1049 1091 1246 1126 εὐχαριστήρια
1259 1090 1386 1126 ἑορτάσαι
1398 1089 1436 1124 τῷ
1448 1089 1521 1124 Θεῷ·
1535 1088 1605 1115 ὥστε
1626 1088 1732 1123 συνῳδὰ
1747 1088 1790 1123 τῷ

1000 1136 1074 1171 νόμῳ
1090 1135 1122 1162 τὰ
1137 1132 1189 1163 ὦδε
1201 1135 1359 1170 τελούμενα.
1384 1134 1562 1169 Ἐπιζητῆσαι
1578 1134 1607 1160 δὲ
1621 1133 1712 1160 λοιπὸν
1732 1133 1790 1161 τῶν

1000 1182 1156 1215 ἀναγκαίων
1169 1181 1332 1216 καθέστηκε,
1349 1181 1407 1211 πῶς
1424 1180 1477 1207 τῶν
1494 1180 1669 1215 προφητικῶν
1685 1187 1790 1215 προτυ-

1001 1228 1125 1260 πώσεων,
1154 1227 1244 1258 καθὼς
1278 1227 1476 1259 ἀποδέδεικται,
1497 1227 1543 1253 ἐπὶ
1567 1226 1621 1253 τῶν
1639 1226 1789 1262 ἐξαιρέτων

1001 1273 1102 1300 τούτων
1116 1273 1309 1308 ὲορτασμάτων
1329 1272 1476 1309 ἀραρότως,
1489 1272 1604 1307 ἐχόντων
1620 1274 1668 1307 τὴν
1684 1272 1789 1305 ἀναφα-

1002 1320 1063 1355 ρὰν,
1081 1319 1183 1346 καπνοῦ
1205 1320 1248 1346 τὸν
1271 1317 1343 1345 οἷκον
1369 1318 1559 1354 ἐμπεπλῆσθαι
1576 1317 1715 1344 λέλεκται”
1739 1316 1789 1344 καὶ

1001 1366 1079 1392 τοῦτο
1095 1365 1126 1391 οὺ
1149 1364 1321 1401 παρενθέτως
1333 1364 1399 1399 (74),
1420 1364 1476 1391 ἀλλ’
1499 1363 1707 1398 ὲνσημάντρως,
1726 1362 1788 1389 ἀπὸ

1002 1411 1055 1445 τῆς
1068 1411 1211 1447 τρισαγίαις
1224 1410 1326 1445 φωνῆς
1338 1410 1450 1444 φάσκων
1468 1410 1482 1436 ὁ
1498 1409 1654 1447 εἰσηγητὴς,
1669 1407 1707 1443 ἧς
1720 1407 1788 1434 ἐκές

1004 1464 1115 1490 κραγον
1138 1457 1162 1482 οἱ
1201 1455 1254 1482 τῶν
1284 1455 1452 1490 ἐπουρανίων
1486 1455 1594 1489 μύσται.
1634 1452 1791 1479 Ἀναλαϐὼν

172 1499 258 1527 fuisse
271 1499 406 1527 referatur
426 1509 432 1527 :
451 1508 502 1527 nec
519 1500 544 1528 id
560 1500 633 1527 velut
657 1500 817 1530 incidenter,
844 1499 889 1526 sed
915 1499 951 1526 si-

1004 1502 1024 1528 δ’
1045 1500 1105 1533 οὖν,
1121 1499 1143 1528 ὧ
1168 1501 1298 1536 φῑλήκοε,
1328 1502 1377 1536 τῆς
1403 1501 1521 1536 ἱστορίας
1543 1499 1573 1526 τὸ
1600 1498 1789 1533 ἐπαγόμενον.

172 1550 298 1581 gnanter,
310 1546 398 1581 inquit
409 1547 504 1574 doctor
520 1546 715 1582 proplictaque,
731 1554 747 1572 a
758 1554 816 1572 voce
832 1549 872 1572 ter
884 1544 953 1572 San-

172 1594 234 1618 etus
261 1600 313 1626 qua
336 1592 488 1620 ccclestium
504 1592 541 1619 illi
566 1596 659 1626 mysta:
680 1591 865 1618 cIamabant‘.
881 1590 953 1618 Sane.

171 1637 285 1670 hujusce
298 1638 335 1664 rei
361 1645 486 1670 causam,
512 1637 634 1665 studiose
660 1637 777 1668 auditor,
797 1636 951 1668 inveneris,

174 1682 254 1709 modo
267 1690 298 1710 ea
317 1691 377 1717 qua:
396 1687 594 1718 consequenter
612 1683 692 1710 habet
713 1683 834 1710 narratio
859 1691 953 1718 perce—

173 1728 255 1762 peris.
265 1727 366 1755 Audim
379 1729 462 1760 enim,
479 1729 575 1762 innuit,
588 1729 711 1761 audietis,
727 1734 751 1756 et
767 1737 817 1756 non
829 1729 954 1764 intellige-

174 1773 226 1805 tis;
242 1779 267 1801 et
283 1774 395 1801 uidentes
408 1775 538 1808 videbitis,
550 1780 574 1802 et
586 1783 638 1803 non
652 1776 815 1810 perspicietis
835 1775 855 1802 ’⁸.
874 1775 953 1804 Post—

173 1826 255 1853 quam
269 1819 340 1846 enim
354 1820 447 1846 vesani
462 1819 558 1852 Judaei,
573 1820 692 1855 prodigia
704 1821 822 1855 gloriosa
835 1829 892 1855 qua:
902 1821 955 1848 Do-

174 1865 260 1892 minus
274 1865 385 1899 ponebat
400 1874 477 1900 super
490 1870 587 1893 terram
597 1866 616 1899 ⁸,
629 1867 700 1893 sicut
711 1867 848 1894 cecinerat
860 1867 953 1901 David,

174 1909 399 1944 conspexissent;
413 1910 599 1945 vidissentque
614 1910 721 1945 signum
736 1919 769 1937 ex
781 1910 916 1945 profundo
929 1915 956 1938 et

173 1954 207 1981 de
221 1954 328 1982 excelso
339 1955 359 1987 ⁸,
377 1955 549 1983 inconfusum
563 1963 731 1983 concurrens
743 1955 953 1991 indivisumque,

173 2001 401 2035 quemadmodum
434 2003 514 2030 etiam
530 2001 614 2030 Isaias
642 2003 802 2038 praedixerat
828 2012 833 2029 :
860 2011 956 2037 nempe

174 2046 286 2074 Matrem
298 2055 379 2083 supra
392 2053 516 2076 naturam
529 2057 537 2082 ;
553 2049 690 2084 fetumque
702 2056 783 2083 supra
800 2049 931 2076 rationem
947 2059 953 2076 :

174 2097 289 2121 matrem
310 2098 482 2127 terrestrem;
507 2099 534 2122 et
560 2095 644 2122 lilium
666 2095 802 2122 cmlestem
817 2105 823 2122 :
840 2102 953 2126 novam,

175 2141 302 2174 inquam,
321 2139 367 2167 Dei
386 2140 434 2168 viri
452 2144 587 2172 naturam,
605 2141 832 2175 puerperiumque
847 2141 954 2175 nuptia-

1003 1549 1128 1583 εὑρήσεις
1151 1547 1200 1582 τὴν
1222 1547 1320 1573 αἰτίαν.
1341 1546 1425 1580 Ἄνιοῇ
1438 1545 1502 1581 γὰρ,
1519 1545 1610 1580 φησιν,
1626 1544 1789 1576 ἀκούσητε,

1003 1594 1051 1619 καὶ
1064 1594 1098 1619 οὺ
1114 1592 1157 1626 μὴ
1175 1593 1288 1626 συνῆτε
1299 1599 1306 1604 ⁵
1330 1592 1378 1618 καὶ
1392 1591 1561 1623 βλέποντες
1576 1589 1723 1622 βλέψητε,
1740 1586 1792 1613 καὶ

1004 1641 1038 1666 οὐ
1049 1639 1091 1674 μὴ
1108 1639 1199 1671 ἴδητε.
1216 1638 1291 1664 Ἐπεὶ
1302 1638 1390 1664 τοίνυν
1402 1635 1470 1663 εἶδον
1487 1635 1641 1670 ἀγνώμονες
1655 1632 1792 1660 Ἰουδαίων

1005 1686 1098 1716 παῖδες
1110 1684 1215 1718 τέρατα
1229 1683 1331 1716 ἔνδοξα,
1343 1683 1362 1710 ti
1378 1683 1460 1709 ἔθετο
1475 1684 1490 1708 ὀ
1504 1681 1575 1713 Θεές
1592 1680 1640 1707 ἐπὶ
1661 1679 1717 1713 τῆς
1733 1677 1792 1713 τῆς

1005 1731 1075 1757 κατὰ
1088 1731 1133 1756 τὸν
1152 1730 1268 1765 μελῳδὸν
1289 1729 1384 1755 Δαϐίδ·
1402 1728 1548 1755 ἐθεάσαντο
1560 1726 1589 1753 δὲ
1611 1726 1657 1752 καὶ
1678 1725 1792 1759 σημεῖον

1005 1778 1036 1803 ὲκ
1054 1776 1152 1811 βάθους
1168 1776 1214 1802 καὶ
1231 1775 1260 1806 ἐξ
1278 1774 1359 1809 ὕψους
1375 1774 1445 1801 κατὰ
1456 1773 1562 1800 σύνοδον
1578 1772 1730 1807 ἀσὺγχυτον
1743 1772 1793 1797 καὶ

1005 1822 1154 1858 ἀδιαίρετον
1167 1842 1174 1853 ,
1191 1821 1220 1847 ὃν
1247 1820 1346 1856 τρόπον
1367 1819 1593 1855 πωανεφὼνησεν
1615 1817 1728 1847 Ἡσαΐας
1749 1815 1793 1851 (τί

1005 1868 1100 1899 τοῦτο;
1120 1868 1226 1903 μητέρα
1237 1868 1308 1903 ὑπὲρ
1326 1867 1417 1901 φύσιν,
1438 1866 1483 1892 καὶ
1498 1865 1576 1891 τόκον
1605 1863 1675 1899 ὑπὲρ
1692 1863 1772 1896 λόγον
1783 1870 1791 1877 ·

1008 1915 1112 1950 μητέρα
1136 1914 1268 1948 ἐπίγειον,
1296 1914 1342 1940 καὶ
1367 1913 1422 1939 υἱὸν
1448 1911 1581 1947 οὐράνιον,
1596 1910 1692 1944 καινήν
1718 1917 1792 1944 φημι

1007 1960 1226 1996 θεανδρίαν(75),
1244 1961 1290 1986 καὶ
1311 1960 1389 1995 λόχον
1413 1958 1598 1993 ἀπειρόγαμον
1615 1966 1622 1974 ·
1636 1954 1674 1984 ὧν
1694 1955 1720 1981 τί
1743 1955 1793 1982 καὶ

1006 2006 1101 2039 γένοιτ’
1114 2006 1145 2033 ἂν
1162 2005 1328 2041 ἐνδοξότερον
1348 2006 1394 2031 καὶ
1413 2003 1634 2040 περιϐοητότερον
1652 2001 1724 2036 ἀμφὶ
1742 2000 1794 2035 τὴν

1007 2051 1138 2087 κτίσιν;)·
1157 2053 1203 2079 καὶ
1220 2052 1305 2078 ταῦτα
1323 2051 1492 2086 θεασάμενοι,
1509 2048 1664 2083 διετέθησαν
1689 2048 1728 2078 ὡς
1754 2046 1794 2081 μὴ

1008 2096 1187 2133 Θεασάμενοι,
1219 2098 1366 2133 μύσσοντες
1386 2097 1433 2124 καὶ
1459 2095 1632 2129 ὑπτιούμενοι
1657 2092 1725 2128 πρὸς
1744 2091 1793 2126 τὴν

1008 2142 1122 2169 αἵνεσιν·
1142 2143 1186 2169 διὰ
1208 2143 1286 2169 τοῦτο
1303 2142 1424 2178 ἐπλήσθη
1439 2143 1452 2168 ὁ
1472 2140 1545 2172 οἶκος
1563 2140 1611 2175 τῆς
1633 2138 1794 2173 καυχήσεως

173 2194 234 2214 rum
246 2195 342 2222 expers
359 2197 366 2214 -.
385 2187 495 2223 quibus,
511 2187 575 2222 quid
591 2194 709 2221 unquam
721 2186 867 2221 gloriosius
881 2187 951 2213 circa

1007 2188 1096 2215 αὐτῶν
1110 2188 1222 2215 καπνοῦ.

174 2238 346 2266 creaturam,
363 2234 427 2269 quid
446 2241 509 2260 vero
523 2233 655 2260 cclcbrius
673 2233 758 2267 possit
779 2233 834 2259 fieri
844 2233 855 2258 ’ἰ
878 2233 950 2264 haec,
967 2234 1095 2269 inquam,
1110 2235 1148 2261 illi
1168 2243 1229 2262 cum
1255 2236 1404 2266 vidissent,
1433 2233 1545 2268 perinde
1562 2232 1648 2259 affecti
1669 2234 1734 2259 sunt
1761 2237 1794 2257 ac

175 2281 199 2309 si
215 2290 269 2309 non
283 2281 432 2314 vidissent,
453 2283 610 2310 claudentes
630 2282 739 2314 oculos,
767 2284 794 2309 et
821 2281 853 2308 ad
875 2281 981 2309 laudem

174 2337 268 2357 eorum
304 2329 388 2357 fumo.

229 2378 237 2393 ³
261 2377 322 2405 Luc.
341 2386 371 2411 ll,
387 2379 430 2406 38.

175 2420 226 2444 vn.
238 2412 282 2440 Η.

209 2457 265 2492 (75)
283 2459 341 2492 Τὴν
351 2460 594 2494 ἀνθομολόγησιγ
607 2459 807 2493 προσεκίγιιζε.
826 2459 872 2486 list
887 2459 957 2494 apud

175 2491 241 2519 Luc.
256 2491 481 2528 ἀνθωμολογεῖτο,
498 2491 569 2528 quod
594 2491 690 2521 auctor
708 2491 742 2520 ιη’
759 2491 956 2521 :nlwrsativum

177 2528 312 2555 subtiliter
326 2531 446 2563 exponit.
463 2529 541 2564 Vulg.
553 2534 668 2560 tantum,
693 2530 875 2562 conﬁtebatur.
894 2530 959 2555 Era-

176 2569 263 2594 smus,
289 2564 377 2597 palum
399 2565 572 2599 ronﬁlebalur
589 2573 597 2591 .'
615 2565 687 2599 quod
711 2565 856 2599 adjectum,
882 2572 959 2591 sacer

177 2601 278 2630 textus,
296 2599 384 2626 minus
396 2599 496 2626 Ilﬂitt‘re
509 2600 623 2626 videtur.

212 2632 267 2666 (74)
285 2634 478 2667 Παρενθέτως.
502 2633 582 2661 Velut
603 2635 831 2665 concoutilanler;
847 2634 904 2660 ἀλλ’
919 2635 962 2660 ἐν-

178 2667 350 2703 σημὰΝτρως,
366 2677 414 2703 per
428 2677 456 2695 se
470 2673 495 2695 et
508 2669 666 2701 l’m‘maliter,
681 2677 739 2700 seu,
757 2673 785 2694 ut
800 2669 834 2694 ab
848 2670 906 2702 ipsa
917 2677 963 2695 ca-

177 2701 238 2738 dem
255 2701 347 2738 causa,
367 2701 381 2728 a
403 2711 455 2738 qua
470 2711 523 2730 non
540 2703 639 2735 innuis,
658 2704 704 2730 sed
720 2704 849 2738 splendor
860 2701 890 2729 ret
906 2705 962 2730 cla—

179 2737 258 2767 ritas,
277 2737 438 2764 videbantur
459 2738 567 2764 domum
588 2737 742 2773 repleturai
761 2747 840 2765 verso
856 2739 961 2765 Scilicet

180 2773 208 2798 in
230 2779 373 2804 venenum,
397 2773 514 2798 humana
535 2773 646 2806 malitia,
670 2774 840 2800 divinissimo
858 2773 902 2800 illo
919 2781 961 2800 rc-

471 2379 480 2393 '
496 2377 571 2407 Deut.
588 2379 718 2410 nuntii,
734 2378 777 2405 19.
816 2379 826 2393 ³
842 2378 944 2411 1δα.νι,
959 2379 984 2404 Δ.

1009 2284 1108 2318 supini.
1131 2284 1276 2319 Propterea
1298 2284 1399 2318 repleta
1432 2286 1474 2310 est
1498 2282 1596 2308 domus
1623 2277 1794 2315 gloriationis

1023 2377 1033 2392 ⁸
1051 2377 1113 2405 ibid.
1126 2377 1158 2410 9;
1175 2377 1231 2404 Act.
1254 2385 1348 2408 xxvut,
1361 2376 1406 2404 26.
1444 2376 1455 2391 ⁵
1467 2374 1542 2402 Psal.
1560 2382 1621 2406 XLV,
1641 2374 1668 2401 9.
1707 2373 1718 2389 °
1731 2372 1791 2401 Isa.

1011 2461 1110 2487 medio.
1131 2459 1273 2488 Pantinus,
1297 2467 1347 2485 non
1363 2459 1459 2488 ferirer.
1475 2467 1506 2484 ac
1521 2457 1588 2484 velut
1606 2456 1795 2491 perfunctorie,

1012 2495 1097 2522 levius
1118 2503 1182 2521 sane
1201 2494 1373 2527 defungeulis
1391 2494 1511 2528 partibus
1529 2492 1794 2528 probirinterprgtis.

1048 2531 1101 2562 (73)
1120 2529 1235 2562 Καινὴν
1248 2525 1413 2560 (Ιεάνδρίιιὶκ
1431 2528 1516 2554 Simili
1530 2525 1623 2562 phrasi
1639 2531 1721 2562 atque
1734 2525 1798 2562 Dio-

1012 2566 1106 2600 nysius
1121 2565 1220 2598 Areop.
1239 2565 1317 2600 epist.
1334 2564 1412 2600 4,731],
1424 2563 1532 2600 Caium:
1545 2561 1703 2600 05_av5ptxi1_v
1719 2561 1797 2597 ὲνέρ-

1013 2597 1089 2634 γὲιαν
1104 2597 1208 2630 statuit,
1222 2597 1476 2634 qundamnimirum
1488 2597 1632 2623 rellexioue
1646 2598 1796 2628 unitorum,

1013 2632 1044 2661 ex
1058 2635 1212 2662 arctissimo
1229 2635 1275 2660 illo
1288 2633 1367 2659 modo
1384 2632 1493 2659 uniouis
1510 2639 1570 2658 vere
1582 2638 1724 2665 supremo;
1738 2638 1797 2656 nia-

1013 2671 1140 2696 nentibus
1156 2669 1332 2696 nihilominus
1347 2668 1475 2694 extremis
1488 2667 1514 2692 in
1526 2667 1576 2693 sibi
1592 2666 1708 2700 propriis
1723 2676 1728 2691 :
1744 2674 1797 2700 qua

1013 2704 1046 2731 de
1059 2713 1087 2731 re
1100 2704 1256 2731 doctissime
1275 2703 1464 2736 fusissimcquc
1478 2702 1504 2727 iu
1517 2701 1638 2728 eamdem
1654 2700 1798 2736 epistolam

1013 2740 1167 2774 propediem
1183 2738 1304 2766 cdcudus
1317 2742 1411 2765 noster
1426 2737 1569 2764 Maximus.
