1911 3072
245 105 301 136 579

697 106 725 134 S.
749 105 914 134 METHODII
933 104 1085 133 El’lSCOPl
1107 104 1150 131 ET
1167 103 1343 131 MARTYRIS

1814 98 1867 126 580

243 168 304 195 vela
319 174 374 202 qua
386 174 456 194 suus
474 166 512 194 illi
529 165 627 194 modus
641 167 790 198 consistat,
815 167 1018 194 contrahemus:

1078 164 1233 200 σύμμετρον
1245 163 1279 190 τὰ
1298 163 1369 189 ἱστία
1384 161 1556 197 χαλάσαντες,
1585 160 1630 187 καὶ
1647 158 1735 195 μικρά
1753 166 1815 184 τινα
1828 157 1865 188 ὡς

243 212 269 240 si
286 212 366 239 modo
381 211 469 246 prius.
485 211 584 246 quibus
600 211 707 239 licuerit
722 212 812 239 verbis
825 212 946 246 pauculis
958 232 966 244 ,
988 212 1027 238 ci-

244 258 353 285 uitatem
369 257 457 292 magni
471 257 542 284 illius
557 256 633 292 Regis
643 257 676 288 ”,
692 265 745 284 una
760 265 822 284 cum
839 257 1026 284 ecclesiastico

244 302 354 337 populo,
369 306 496 336 tanquam
514 302 611 337 spiritu
624 305 770 336 prtesentes
788 309 820 329 ac
832 309 885 328 una
900 309 961 329 cum
977 309 1025 336 po-

243 347 304 375 sitis
315 347 371 374 illic
388 347 594 374 houorabilibus
610 346 734 374 Patribus
744 355 775 374 ac
787 347 916 374 fratribus
927 347 1024 374 festum

243 391 314 419 diem
333 396 360 418 et
372 396 535 419 conventum
553 395 680 426 agentes,
699 391 767 418 Ia=tis
789 392 901 419 vocibus
923 392 1024 419 saluta-

242 438 374 465 verimus.
392 437 526 468 Salvesis,
542 437 634 464 civitas
649 436 724 472 Regis
741 438 846 472 magni,
868 437 894 464 in
915 445 968 472 qua
984 445 1026 465 sa-

241 485 308 512 lutis
328 488 429 511 nostra;
446 488 616 511 sacramenta
640 489 826 511 consummata
842 489 916 512 sunt.
934 485 1023 517 Salve,

239 535 372 558 terrestre
386 530 484 557 ctelum
497 549 504 562 ,
523 529 588 556 Sion
607 529 669 556 urbs
690 530 817 564 deinceps
832 530 945 558 Domino
961 531 1025 565 ﬁde-

239 577 275 603 lis
295 576 328 603 ¹⁶.
346 575 440 607 Salve,
457 579 485 603 et
508 575 669 607 illuminare,
683 575 850 608 Jerusalem,
874 586 933 604 nam
957 578 1024 604 venit

240 621 340 650 Lumen
354 626 427 648 tuum
440 622 479 648 ":
497 621 599 649 Lumen
616 623 822 657 sempiternum,
835 623 937 652 Lumen
954 633 1024 652 nun-

237 676 322 703 quam
339 675 393 694 non
410 667 569 694 duraturum
581 689 588 699 .
606 667 709 696 Lumen
731 677 904 704 supremum,
921 671 1023 698 Lumen

240 714 363 741 materia:
372 721 469 748 expers
482 733 490 745 ,
505 713 607 741 Lumen
623 714 744 749 ejusdem
761 723 823 742 eum
838 716 893 743 Deo
904 721 931 744 et
944 716 1024 744 Patre

239 759 377 791 essentne,
392 758 494 786 Lumen
510 760 582 795 quod
595 764 635 788 est
649 762 677 787 in
690 761 795 795 Spiritu
819 765 845 789 et
864 763 892 790 in
912 771 966 798 quo
982 767 1024 791 est

238 805 337 837 Pater,
353 805 456 832 Lumen
472 806 627 834 illuminans
644 808 741 834 saecula
752 827 759 838 .
784 807 886 836 Lumen
901 813 957 836 tum
975 818 1023 837 su-

240 851 428 887 permundana
455 855 511 878 tum
532 852 668 878 mundana
695 853 872 885 illuminans,
897 854 1023 882 Christus

239 905 322 924 verus
346 898 391 924 ille
413 897 484 924 Deus
506 901 608 924 noster.
643 897 772 930 Salvesis,
802 899 898 926 civitas
928 904 1022 927 saneta

237 947 322 977 atque
332 943 417 969 electa
436 942 653 978 Domino.Agein
668 943 758 970 laetitia.
771 944 829 971 dies
846 943 928 971 festos
941 949 1021 972 tuos:
1043 974 1046 978 ,

238 995 290 1015 nec
304 989 374 1015 enim
391 988 521 1022 adjicient
542 993 572 1016 ut
592 993 771 1017 wteraseant.
804 990 901 1022 Salve,
927 991 1022 1019 civitas

243 1033 416 1066 felicissima;
438 1034 554 1068 gloriosa
572 1035 644 1062 enim
661 1035 732 1062 dicta
743 1035 844 1063 suntde
856 1041 879 1063 te
895 1037 930 1068 ¹⁸;
958 1045 1021 1064 nam

234 1077 386 1104 sacerdotes
407 1079 444 1105 tui
459 1078 600 1105 induentur
613 1079 760 1114 justitiam,
779 1085 804 1106 et
821 1081 907 1108 sancti
920 1082 960 1107 tui
976 1089 1022 1108 ea:-

237 1123 381 1150 sultatione
400 1123 570 1150 exsultabant
593 1125 631 1156 ‘9;
654 1124 826 1159 mendicique
850 1126 887 1152 tui
914 1130 1022 1153 satura-

238 1169 340 1196 buntur
355 1169 479 1203 panibus.
497 1169 576 1196 Salve
597 1174 624 1196 et
643 1170 734 1197 laetare
745 1190 752 1201 ,
767 1169 937 1204 Jerusalem;
953 1179 1021 1206 quo-

237 1213 311 1240 niam
328 1214 443 1247 regnavit
460 1213 589 1240 Dominus
602 1215 628 1241 in
644 1215 728 1241 medio
753 1215 791 1241 tui
806 1215 828 1231 ¹⁰
843 1225 849 1242 :
868 1215 999 1243 Dominus
1011 1236 1019 1248 .

237 1259 348 1294 inquam
360 1279 368 1291 ,
384 1260 445 1291 ille,
463 1260 509 1295 qui
530 1260 602 1286 nuda
618 1264 698 1295 atque
724 1260 898 1288 immateriali
917 1261 1021 1289 Deitate

236 1307 360 1331 nostram
376 1308 502 1331 naturam
531 1305 671 1339 ingressus
698 1309 755 1337 est,
780 1305 868 1340 deque
894 1305 1020 1341 virginali

236 1353 315 1376 utero
331 1349 458 1376 ineiiabili
480 1350 585 1377 ratione
608 1358 716 1378 carnem
742 1351 829 1379 imluit
855 1361 861 1379 :
890 1351 1020 1381 Dominus

237 1395 282 1422 ille
293 1396 338 1430 qui
356 1396 458 1423 nullius
470 1401 610 1430 przeterca,
630 1405 710 1432 quam
725 1397 789 1424 Adin
802 1399 875 1426 illius
890 1399 1020 1434 supplan-

235 1441 285 1467 ιλιι
310 1449 325 1468 a
351 1446 492 1475 serpente,
519 1443 723 1476 conspersiouis
746 1444 918 1477 participium
947 1444 1018 1470 iniit.

237 1484 299 1512 Non
312 1486 477 1520 apprehensis
492 1487 564 1513 enim
581 1487 680 1522 angelis
695 1488 715 1503 ¹¹
728 1509 734 1520 ,
757 1488 790 1515 iis
801 1508 808 1519 ,
825 1488 935 1523 inquam
947 1509 953 1519 .
972 1488 1018 1523 qui

237 1532 397 1566 praeclarum
424 1532 499 1558 illum
525 1532 648 1559 ordinem
673 1536 699 1559 et
724 1537 822 1560 sutlum
840 1541 854 1559 a
884 1534 1018 1568 principio

235 1579 404 1613 assignatum
421 1585 474 1605 non
491 1577 696 1608 deseruissent.
713 1579 745 1605 ad
762 1587 811 1606 nos
827 1587 912 1614 usque
927 1579 1017 1606 Domi-

235 1633 287 1652 nus
300 1633 329 1653 se
345 1624 502 1657 inclinavit;
530 1625 573 1651 ille
590 1633 697 1659 semper
719 1625 746 1652 in
769 1625 821 1652 Deo
844 1625 923 1653 Patre
947 1626 1019 1654 exsi-

235 1675 311 1697 stens
324 1669 394 1697 Deus
407 1669 534 1697 Verbum.
554 1670 588 1696 At
601 1678 688 1705 neque
705 1678 801 1698 rursus
815 1679 862 1698 eos
879 1672 925 1706 qui
945 1671 1019 1699 deci-

235 1716 340 1742 dissent
367 1724 381 1742 a
405 1716 465 1743 lucc
483 1716 631 1744 sceleratos
646 1717 782 1745 daemones
804 1721 974 1750 restaurare,
991 1718 1018 1745 in

235 1761 366 1788 mundum
379 1762 469 1795 venit;
487 1767 533 1788 aut
548 1763 628 1789 etiam
646 1763 791 1797 aliquando
803 1769 1016 1797 restauraturus,

235 1810 264 1833 ut
289 1806 459 1841 impiissimis
489 1808 618 1835 teterrimi
647 1808 746 1835 diaboli
778 1811 900 1843 patronis
929 1810 1016 1837 visum

235 1853 302 1886 fuit;
315 1854 361 1880 sed
377 1861 439 1880 cum
457 1862 543 1881 semen
556 1854 668 1881 Abralm:
681 1875 687 1886 ,
702 1855 779 1889 juxta
792 1857 862 1890 quod
877 1857 1017 1884 divinissi-

235 1905 296 1925 mus
313 1897 414 1926 Paulus
429 1900 477 1931 ait,
487 1908 572 1934 eoque
588 1901 744 1928 universum
761 1910 845 1936 genus
859 1902 1016 1935 humanum,

235 1944 425 1971 universorum
447 1945 492 1972 ille
503 1951 609 1972 creator
623 1950 649 1972 et
665 1946 776 1980 plastes,
789 1947 1016 1981 apprehendisset,

231 1991 302 2018 citra
333 1992 510 2019 mutationem
533 1991 621 2019 lactus
645 1997 687 2018 est
711 1992 812 2020 homo:
830 1997 858 2020 ut
875 2001 907 2020 ex
932 1995 1017 2028 ipsius

232 2035 373 2062 nobiscum
390 2037 591 2068 communione,
602 2041 748 2072 nostraque
758 2038 877 2065 vicissim
887 2039 919 2065 ad
930 2039 1017 2073 ipsum

232 2081 390 2108 accessione
404 2083 507 2116 peccati
525 2083 551 2109 in
569 2090 618 2110 nos
635 2084 768 2118 ingressio
787 2085 940 2116 sisteretur,
956 2085 1016 2119 ejus

232 2127 362 2162 paulatim
377 2126 468 2154 fractis
485 2129 608 2162 viribus;
635 2129 749 2164 ipsoque
768 2138 837 2157 cera:
860 2131 947 2157 instar
965 2131 1015 2157 ab-

1075 208 1130 236 οἴόν
1144 219 1173 236 τε
1186 209 1388 245 χαιρετίσαντες
1403 207 1459 241 τὴν
1471 207 1561 233 πόλιν
1571 206 1623 232 τοῦ
1638 203 1794 236 Βασιλέως
1810 203 1864 230 τοῦ

1072 254 1217 288 μεγάλου,
1231 254 1289 289 ἅμα
1303 253 1340 288 τῷ
1355 250 1571 287 ἐκκλησιαστικῷ
1587 250 1653 285 λαῷ,
1666 249 1703 281 ὡς
1723 249 1762 284 τῷ
1781 246 1865 274 πνεύ-

1077 310 1140 336 ματι
1163 300 1368 336 συμπαρόντες,
1385 298 1431 326 καὶ
1454 296 1674 333 συνεορτάζοντες
1695 296 1750 326 τοῖς
1772 295 1862 320 ἐκεῖσε

1074 347 1249 382 τιμιωτάτοις
1264 346 1384 381 πατράσι
1397 345 1443 371 καὶ
1456 344 1588 377 ἀδελφοῖς.
1605 341 1754 377 Χαίροις,ή
1770 339 1862 371 πόλις

1074 393 1127 419 τοῦ
1143 392 1276 427 μεγάλου
1304 389 1464 422 Βασιλέως,
1480 386 1538 425 ἑνῇ
1556 388 1605 422 τῆς
1629 385 1763 421 σωτηρίας
1781 383 1862 419 ἡμῶν

1074 437 1297 473 ἐτελεσιουρτήθη
1317 437 1460 472 μυστήρια.
1485 433 1628 469 Χαίροις,ὁ
1645 432 1764 465 ἐπίγειος
1777 430 1862 465 οὖρα.

1074 484 1129 515 νὸς,
1142 483 1209 510 Σιὼν
1225 483 1312 515 πόλις
1332 481 1423 514 πιστὴ
1440 479 1485 506 τοῦ
1501 477 1593 505 λοιποῦ
1613 477 1651 512 τῷ
1669 477 1773 512 Κυρίῳ.
1790 475 1861 502 Χαί-

1075 537 1141 564 ροις,
1160 529 1206 555 καὶ
1223 527 1355 563 φωτίζον,
1373 524 1579 560 Ἰερουσαλήμ·
1596 523 1662 557 ἣκει
1676 522 1731 556 γάρ
1749 529 1809 548 σου
1827 521 1861 548 τὸ

1074 576 1138 608 Φῶς
1150 595 1156 601 .
1172 574 1230 606 Φῶς
1243 574 1273 600 τὸ
1288 573 1380 604 ἀΐδιον,
1396 572 1454 602 Φῶς
1466 571 1496 597 τὺ
1510 570 1630 601 ἁένναον,
1647 568 1707 600 Φῶς
1725 568 1756 595 τὸ
1771 568 1861 603 ὑπέρ-

1074 629 1164 652 τατον,
1178 619 1237 651 Φῶς
1250 620 1280 645 τὸ
1294 618 1383 649 ἄῡλον,
1398 617 1457 648 Φῶς
1470 617 1499 642 τὸ
1513 615 1654 651 ὀμοούσιον
1666 614 1712 641 τοῦ
1725 614 1793 640 Θεοῦ
1812 614 1861 641 καὶ

1074 666 1197 702 Πατρὺς,
1220 665 1279 696 Φῶς
1294 664 1324 690 τὸ
1346 665 1374 690 ἐν
1389 663 1427 698 τῷ
1451 661 1589 697 Πνεύματι
1607 661 1677 696 (78),
1696 661 1743 686 καὶ
1769 661 1799 686 ὲν
1813 656 1861 693 ᾦό

1074 711 1168 745 Πατήρ
1181 718 1186 725 ·
1201 709 1260 740 Φῶς
1276 709 1306 735 τὸ
1330 708 1451 742 φωτίσαν
1465 707 1528 738 τοὺς
1542 706 1652 737 αἰῶνας,
1673 705 1731 736 Φῶς
1751 705 1782 731 τὸ
1804 713 1861 739 φω-

1073 758 1150 783 τίσαν
1173 755 1206 782 τὰ
1233 755 1405 790 ὑπερκόσμια
1431 755 1478 781 καὶ
1506 753 1540 780 τὰ
1562 753 1712 788 ὲγκόσμια,
1740 752 1860 787 Χριστὸς

1073 802 1197 837 ἀληθινὸς
1216 802 1231 836 ἡ
1237 800 1294 835 μῶν
1309 800 1385 831 Θεὸς.
1401 800 1522 836 Χαίροις,
1536 799 1610 830 πόλις
1627 799 1701 832 ἅγια,
1717 798 1764 824 καὶ
1779 797 1859 823 ἐκλε-

1039 842 1059 869 Β
1073 848 1190 883 λεγμένη
1201 847 1239 882 τῷ
1251 846 1356 882 Κυρίῳ·
1369 845 1479 882 ὲόρταζε
1492 846 1520 871 ἐν
1533 845 1686 880 εὐφροσύνῃ
1697 843 1746 875 τὰς
1761 844 1860 878 ἑορτάς

1074 903 1131 926 σου,
1147 893 1175 920 αἳ
1189 894 1219 920 οὐ
1236 893 1273 929 μὴ
1289 892 1427 928 προσθῶσι
1446 891 1557 918 διελθεῖν
1568 892 1607 922 εἰς
1626 890 1776 917 παλαίωσιν
1791 889 1859 924 (79).

1073 941 1198 975 Χαίροις,
1225 939 1300 970 πόλις
1324 939 1341 973 ή
1364 937 1569 972 πανευδαίμων’
1585 937 1625 962 ὅτι
1651 935 1860 969 δεδοξασμένα

1071 985 1205 1019 ἐλαλήθη
1221 984 1287 1018 περὶ
1307 983 1373 1010 σοῦ.
1390 985 1422 1009 Οἱ
1437 982 1491 1017 γὰρ
1509 982 1592 1016 ἱερεῖς
1607 989 1664 1009 σοι’
1677 981 1858 1007 ἐνδύσω-ται

1072 1030 1277 1062 δικαιοσύνην,
1293 1028 1340 1055 καὶ
1357 1030 1384 1054 οἱ
1402 1028 1480 1054 ὅσιοί
1494 1035 1552 1053 σου
1568 1026 1746 1061 ἀγαλλιάσει
1763 1026 1857 1059 ἀγαλ-

1071 1076 1237 1107 λιάσονται,
1247 1076 1294 1102 καὶ
1305 1077 1328 1102 οἱ
1344 1075 1444 1109 πτωχοί
1457 1083 1502 1100 σου
1516 1073 1744 1109 χορτασθήσονται
1755 1073 1857 1108 ἄρτων.

1071 1123 1194 1157 Χαίροις,
1208 1123 1254 1148 καὶ
1267 1121 1422 1157 εὐφραίνου,
1431 1121 1614 1156 Ίερουσαλήμ’
1626 1120 1665 1146 ὃτι
1677 1120 1860 1146 ἐϐασίλευσε

1070 1169 1178 1201 Κύριος
1190 1167 1225 1194 ἐν
1245 1167 1328 1201 μέσῳ
1353 1174 1421 1193 σου.
1443 1163 1525 1197 Οὗτος
1542 1166 1642 1201 Κύριος
1662 1167 1676 1192 ὁ
1697 1166 1788 1200 γυμνῇ
1813 1166 1860 1192 καὶ

1070 1213 1144 1248 ἀΰλῳ
1159 1215 1192 1248 τῇ
1211 1213 1317 1248 θεότητι
1339 1211 1436 1244 ἐπιϐὰς
1456 1213 1488 1247 τῇ
1505 1212 1628 1247 ἡμετέρᾳ
1646 1211 1741 1245 φύσει,
1758 1211 1806 1237 καὶ
1826 1212 1860 1237 ὲκ

1069 1260 1118 1296 τῆς
1133 1260 1299 1296 παρθενικῆς
1314 1259 1408 1295 νηδύος
1428 1260 1574 1294 ἀφράστως
1596 1259 1762 1296 σαρκωθείς”
1780 1256 1858 1290 οὗτος

1069 1306 1194 1341 Κύριοςό
1214 1306 1324 1341 μηδενὸς
1342 1307 1434 1342 ἐτέρου
1451 1307 1479 1333 ἐν
1498 1305 1604 1341 μεθέξει
1626 1306 1772 1340 γενόμενος
1788 1305 1859 1341 πλὴν

1068 1351 1115 1378 τοῦ
1129 1352 1287 1387 φυράματος
1307 1351 1400 1387 Ἀδὰμ,
1414 1351 1461 1378 τοῦ
1473 1352 1525 1377 ὑπὸ
1541 1351 1587 1377 τοῦ
1603 1351 1689 1385 ὄφεως
1704 1350 1859 1377 σκελισθέν-

1069 1407 1124 1430 τος.
1137 1399 1178 1424 Οῠ
1193 1398 1246 1433 γὰρ
1263 1397 1397 1433 ἀγγέλων
1417 1398 1691 1432 ἐπιλαμϐανόμενος
1705 1398 1720 1423 ὁ
1743 1397 1857 1434 Κύριος.

1069 1443 1122 1469 τῶν
1137 1443 1173 1479 μὴ
1195 1443 1430 1470 ἀποπεπτωκότων
1445 1443 1493 1478 τῆς
1513 1443 1542 1475 ἐξ
1558 1443 1676 1478 ἀρχῆθεν
1693 1443 1858 1478 ἀποκληρω-

1070 1489 1162 1524 Θείσης
1192 1489 1281 1520 αὐτοῖς
1306 1489 1426 1524 ἀοιδίμου
1453 1489 1555 1522 τάξεως
1576 1489 1621 1516 καὶ
1641 1490 1858 1521 καταστάσεως,

1072 1535 1273 1569 συγκατάϐασιν
1301 1535 1450 1567 ἐνεδείξατο
1480 1536 1494 1562 ὁ
1522 1536 1566 1562 ἀεὶ
1587 1536 1615 1562 ὲν
1642 1535 1680 1571 τῷ
1706 1536 1794 1570 Πατρὶ
1821 1535 1853 1561 ὣι

1069 1580 1134 1612 Θεὸς
1152 1581 1244 1615 Λόγος.
1262 1581 1328 1607 Οὐδὲ
1351 1582 1413 1613 τοὺς
1436 1580 1667 1612 ἀπο-πεπτωκότας
1693 1580 1740 1606 τοῦ
1769 1579 1858 1614 φωτὸς

1069 1625 1221 1660 ἀλάστορας
1246 1625 1375 1660 δαίμονας
1392 1625 1626 1661 ἀνακαλούμενος,
1643 1626 1658 1660 ἢ
1685 1626 1732 1652 καὶ
1753 1626 1858 1652 ἀνακι-

1069 1670 1211 1705 λεσόμενος
1226 1670 1313 1705 (80),
1333 1670 1403 1697 κατὰ
1425 1671 1486 1702 τοὺς
1511 1670 1707 1702 ἀσεϐεστάτους
1737 1668 1858 1705 πονηροῦ

1070 1716 1247 1752 συνηγόρους,
1260 1716 1299 1751 τῷ
1316 1717 1410 1752 κόσμῳ
1427 1717 1618 1752 ὲπεφοίτησεν·
1635 1717 1703 1743 ἀλλὰ
1723 1717 1858 1750 σπέρμαρ

1068 1771 1118 1795 τος
1137 1762 1260 1798 Ἀϐραὰμ
1276 1763 1468 1798 ἐπιλαϐόμενος
1484 1763 1554 1790 κατὰ
1567 1763 1612 1789 τὸν
1626 1762 1764 1789 θειότατον
1781 1762 1856 1788 Παῦ-

1068 1810 1123 1842 λον,
1138 1811 1184 1837 καὶ
1203 1811 1234 1837 δι’
1256 1811 1336 1838 αὑτοῦ
1365 1811 1464 1842 παντὸς
1490 1810 1536 1837 τοῦ
1565 1810 1733 1846 ἀνθρωπείου
1761 1806 1856 1843 φῦλου,

1068 1855 1211 1890 ἄνθρωπος
1236 1857 1428 1892 ἀμεταϐλήτως
1449 1857 1557 1890 γέγονεν
1583 1857 1597 1882 ὁ
1620 1855 1786 1890 δημιουργὸς
1810 1855 1857 1881 καὶ

1069 1904 1254 1939 πλαστουργὸς
1267 1903 1321 1930 τῶν
1332 1904 1474 1929 ἁπάντων·
1489 1903 1561 1933 ὅπως
1573 1901 1615 1928 διὰ
1629 1901 1676 1936 τῆς
1690 1900 1772 1927 αὑτοῦ
1790 1900 1855 1934 πρὸς

1068 1951 1140 1984 ἡμᾶς
1156 1950 1313 1980 κοινωνίας,
1331 1949 1378 1975 καὶ
1403 1948 1481 1983 ἡμῶν
1508 1947 1576 1983 πρὸς
1604 1946 1684 1973 αὑτὸν
1707 1946 1856 1980 συναφείας

1069 1994 1234 2030 ὐπολωφήσῃ
1248 1994 1296 2028 τῆς
1312 1995 1341 2020 ἐν
1358 1994 1422 2028 ἡμῖν
1444 1992 1577 2027 ἁμαρτίας
1598 1992 1614 2025 ὴ
1635 1991 1754 2021 εἴσδυσις
1766 2010 1773 2021 ,
1795 1989 1854 2022 ἑξα-

1067 2041 1204 2074 τονήςασα
1219 2039 1289 2066 κατὰ
1305 2039 1402 2074 βραχὺ,
1418 2038 1464 2064 καὶ
1484 2036 1701 2071 ὲκδαπανηθεῑσα
1718 2036 1756 2068 ὡς
1773 2035 1856 2070 κηρὸς

1066 2088 1105 2123 τῷ
1123 2087 1186 2122 θείῳ
1202 2088 1282 2122 πυρὶ,
1297 2086 1311 2112 ὂ
1324 2085 1420 2112 ἐλθὼν
1435 2086 1451 2111 ό
1472 2084 1574 2117 Σωτὴρ
1592 2084 1700 2109 ἔϐαλεν
1721 2081 1771 2108 ἐπὶ
1800 2081 1856 2115 τὴν

1068 2133 1124 2168 γῆι·
1138 2132 1223 2168 ἡμῶν.
1240 2132 1350 2166 Χαίροις
1361 2131 1450 2157 τοίνυν
1462 2130 1507 2156 καὶ
1520 2130 1563 2161 σὺ,
1585 2128 1731 2163 Ἐκκλησία
1747 2127 1854 2154 καθολι-

231 2177 340 2208 sumpto
357 2173 404 2201 illo
419 2174 572 2210 igni,quem
585 2176 685 2202 ueniens
698 2175 826 2203 Dominus
839 2177 908 2203 misit
922 2178 948 2204 in
963 2183 1015 2204 ter;-

1071 2179 1111 2214 κὴ,
1131 2179 1147 2213 ἡ
1164 2179 1192 2204 ὲν
1204 2178 1278 2214 πάσῃ
1294 2178 1326 2212 τῇ
1343 2177 1388 2203 ὑπ’
1401 2175 1526 2211 οὐρανὸνσ
1545 2175 1691 2210 σκίρτησον
1708 2174 1758 2200 σὺν
1777 2174 1852 2209 ἡμῖν.

265 2263 288 2301 ‘_'
301 2263 374 2290 Psal.
391 2264 634 2301 χινιιηδλΜαιιΙι.
650 2273 676 2295 v.
697 2265 741 2293 55.
780 2265 802 2282 ¹⁶
817 2265 874 2294 Isa.
892 2275 912 2301 ι,
925 2268 970 2296 26.
1010 2269 1031 2284 ‘7
1044 2268 1101 2296 Isa.
1116 2276 1160 2300 ιιι,
1177 2268 1202 2295 1.

228 2299 253 2317 ³⁸
264 2298 321 2326 Isa.
335 2307 384 2332 xu,
399 2300 425 2327 6.
465 2300 486 2316 ²¹
511 2299 592 2327 Hebr.
615 2308 645 2334 ll,
659 2301 701 2328 i6.

227 2390 368 2427 seandalo,
391 2394 426 2427 uti
440 2390 531 2427 minus
554 2390 707 2426 reciperent
725 2391 913 2427 Evangelium;
929 2399 1012 2427 quam

225 2425 308 2462 etiam
322 2426 526 2462 Amphilochius
541 2425 644 2459 noster,
661 2428 767 2462 signum
791 2425 856 2454 illud
875 2425 1012 2454 Simeonis

226 2461 271 2497 cui
284 2460 320 2487 sit
334 2461 585 2497 contradicendum,
599 2466 672 2489 recte
684 2460 794 2497 exponit
808 2466 878 2489 orat.
891 2463 942 2494 El;-
957 2461 1013 2496 τὴν

231 2495 430 2536 Ὑξιέςιιινὲήντ
446 2530 452 2536 .
506 2524 520 2536 .

257 2530 312 2565 (78)
327 2530 431 2564 Φῶςτὸ
440 2530 475 2557 ἐν
484 2530 524 2564 τῷ
533 2531 690 2566 Ili-stipati.
702 2530 736 2558 Ut
747 2532 783 2559 sit
793 2531 914 2559 l'ormalis
923 2535 1014 2559 aucto-

225 2565 428 2601 risqsententia,
453 2574 486 2593 eo
511 2565 591 2593 modo
610 2565 791 2601 intelligendo
815 2566 919 2594 Lumen
946 2566 1012 2593 illud

223 2599 344 2626 divinum
365 2605 392 2627 et
406 2599 525 2627 Verbum
542 2601 568 2627 in
587 2599 771 2635 Spiritufquo
789 2601 816 2627 in
831 2609 863 2628 eo
877 2601 956 2628 Pater
968 2608 1012 2627 as-

224 2635 334 2671 seritur,
357 2639 386 2662 ut
404 2636 532 2671 nimirum
549 2637 584 2662 sit
603 2637 629 2663 in
645 2643 678 2662 co
699 2640 827 2670 tanquam
847 2636 1010 2671 principium

223 2673 249 2695 et
259 2670 348 2706 atria,
365 2673 394 2696 ut
411 2670 501 2706 (irasci
512 2675 620 2702 vocant,
638 2670 664 2696 in
680 2678 713 2706 eo
729 2671 775 2705 qui
790 2674 832 2697 est
846 2678 862 2706 a
878 2670 1011 2706 principio

224 2704 277 2740 gat
287 2705 386 2740 αἰτίαςῤ
404 2705 523 2739 alioquin
539 2706 606 2732 nihil
621 2705 759 2739 singulare
775 2710 822 2732 aut
837 2704 946 2740 dignum
961 2705 1011 2740 τῆς

223 2738 356 2774 Μεθοδῐου
371 2738 523 2774 ἀκριΰείας,
542 2745 571 2767 ut
585 2738 767 2774 facile’quivis
779 2738 957 2774 perspexerit,
970 2738 1012 2765 di-

223 2773 304 2799 citur.
331 2772 469 2807 Nusquam
492 2782 558 2801 sane
581 2774 664 2801 veteri
680 2772 718 2800 illi
743 2772 869 2801 Ecclesia“:
893 2774 1012 2802 Orientis

226 2807 278 2834 alia
296 2807 350 2834 l'uit
365 2815 459 2834 revera
476 2808 543 2836 lides
558 2809 584 2836 in
598 2809 649 2836 hoc
665 2809 789 2842 articulo,
806 2817 886 2844 quam
899 2809 1010 2842 Latinae,

1242 2268 1263 2284 ³⁸
1282 2267 1356 2294 Ρεαι.
1373 2275 1482 2300 Lxxxvl,
1499 2267 1526 2293 3.
1565 2267 1587 2283 ι’
1602 2265 1680 2294 Psal.
1694 2272 1790 2298 cxxxt,
1810 2263 1853 2292 i6.

1062 2399 1216 2428 quanquam
1230 2390 1312 2428 fuerit
1325 2389 1484 2428 nonnullum
1499 2389 1646 2428 discrimen
1663 2388 1690 2428 in
1706 2388 1811 2428 verbis.

1097 2424 1154 2460 (79}
1169 2426 1204 2453 Αἲ
1223 2427 1258 2452 οὺ
1278 2425 1320 2460 μὴ
1341 2425 1493 2459 προσθῶσι
1512 2424 1641 2451 διελθεῖν
1659 2425 1702 2456 εις
1719 2424 1854 2460 παλαίω-

1061 2470 1121 2488 σιν.
1138 2462 1216 2489 Velut
1231 2461 1358 2488 nimirum
1371 2461 1414 2486 alii
1428 2468 1442 2486 a
1456 2460 1587 2494 legalibus
1601 2459 1686 2490 festis.
1701 2459 1854 2492 antiquatis

1062 2497 1162 2524 Christi
1180 2496 1308 2526 adventu,
1321 2496 1397 2529 juxta
1414 2493 1581 2529 prophetiam
1599 2494 1650 2529 lsa.
1666 2502 1744 2523 XLIII.
1760 2493 1806 2529 19,
1821 2493 1852 2519 ad

1062 2540 1143 2566 quam
1161 2531 1261 2558 Paulus
1275 2529 1385 2565 respicit
1400 2528 1421 2556 ll
1434 2528 1496 2556 cor.
1510 2537 1537 2561 v,
1549 2529 1594 2566 i7.
1609 2528 1743 2566 Paulinus
1758 2538 1769 2566 _:
1789 2528 1854 2560 Qua:

1062 2563 1113 2593 rion
1131 2567 1220 2592 sinunt
1244 2571 1268 2591 te
1291 2563 1446 2592 veterascere
1462 2572 1471 2590 :
1485 2564 1556 2599 quod
1578 2571 1627 2591 nec
1648 2563 1739 2590 littera
1758 2563 1853 2595 habet,

1063 2609 1113 2628 nec
1129 2609 1210 2628 scus"
1224 2601 1358 2634 congruit.

1099 2637 1154 2676 (80)
1171 2637 1205 2662 Ἦ
1228 2632 1288 2676 καί
1300 2634 1571 2676 ιὶνακαλεςιζόμεγες.
1585 2632 1688 2676 _Carpit

1063 2668 1125 2697 nam
1142 2668 1371 2701 ἀποκατάστασιν,
1385 2673 1410 2696 et
1426 2669 1498 2696 illam
1512 2669 1539 2694 in
1556 2669 1688 2702 integrum
1704 2668 1856 2694 restitutio-

1062 2713 1124 2732 nem
1137 2705 1216 2732 etiam
1234 2705 1396 2735 dmmonum,
1413 2704 1543 2731 adversus
1560 2710 1639 2738 quam
1655 2703 1738 2738 etiam
1755 2702 1853 2736 reliqui

1063 2738 1169 2801 ἔδυ-(τε,
1191 2740 1274 2767 nimia
1299 2739 1343 2767 illa
1359 2739 1457 2774 pietate
1474 2742 1500 2767 et
1514 2737 1699 2766 misericordia
1712 2737 1852 2771 damnata,

1082 2779 1228 2801 enuunant.

1082 2779 1228 2810 epugnant.
