1911 3072
192 126 244 152 Ἶίὄ

666 131 693 159 ς.
716 130 881 158 METHODII
901 129 1054 158 EPISCOPI
1075 129 1118 157 ET
1136 127 1315 157 MARTYBlS

1766 129 1819 158 564

186 194 213 217 et
232 189 319 218 homo.
336 191 482 221 Aeciuxisti
497 193 580 225 enim,
596 193 688 221 divina
706 196 750 219 tua
774 192 962 218 lncarnatione

1027 192 1183 227 ἀγαλλέαμα
1199 191 1252 218 τῶν
1270 191 1405 218 ἁπάντων.
1427 190 1577 226 Τοιγαροῦν
1598 190 1780 226 εὐφρανθήτω
1803 191 1820 217 6

189 236 290 262 lumbos
308 235 428 270 quidem,
440 234 549 270 Justitia
566 243 575 261 :
591 237 720 263 inunzisti
736 246 794 264 vero
816 243 839 264 et
856 238 972 270 veritate,

187 283 272 309 latera
287 283 320 314 ⁸³,
337 283 383 317 qui
397 283 466 317 ipse,
482 283 541 317 ipsa
558 290 586 309 re
599 290 662 309 vera
680 282 788 316 justitia
803 284 842 311 sis
857 287 884 310 et
901 284 973 310 veri-

185 333 239 358 tas,
256 327 505 362 universorumque
516 327 673 355 exsultatio.
688 327 806 355 Laetetur
819 328 902 362 igitur
917 336 973 356 Ine—

183 382 246 400 cum
272 373 352 400 hodie
371 374 483 405 caelum,
508 374 636 407 quoniam
657 374 802 401 miseratus
816 377 858 401 est
881 373 974 400 Dorul—

184 427 236 446 nus
251 421 382 455 populum
400 427 490 447 suum.
507 419 611 447 Rorent
625 427 689 447 vero
710 420 798 448 nubes
811 420 913 446 mundo
924 420 970 454 jn-

183 466 286 493 stitiam
301 467 324 482 ⁸³
342 476 348 493 :
365 467 412 494 scil
427 471 454 494 et
470 467 646 494 [nitidamenta
666 470 755 499 terrae,
774 466 872 501 positis
886 466 913 493 in
929 467 972 493 in-

182 511 272 544 ferno,
286 513 358 540 velut
373 513 515 547 clangente
530 513 605 543 tuba,
621 520 717 548 pacem
733 513 858 548 ingerant
871 522 878 540 :
892 512 970 539 adest

183 558 256 585 enim
269 558 437 585 resurrectio
452 558 657 585 dormientium.
672 558 757 586 Terra
771 559 853 586 etiam
871 559 969 586 incolis

183 604 242 632 suis
261 603 478 631 misericordiam
502 603 644 638 producat.
672 604 798 638 lmpletus
819 605 891 632 enim
903 613 971 643 _sum

182 658 248 678 num
260 650 427 677 Salvatorem
445 649 563 677 videam.

219 708 272 736 \‘ll.
295 707 340 735 Sic
361 715 425 735 vero
449 708 563 735 saliente
585 715 670 739 sene.
696 708 843 744 divinoque
870 710 968 744 gaudio

181 755 330 788 impensius
347 753 518 786 exsultante;
536 754 606 789 quod
624 759 702 781 antea
718 763 765 789 per
777 755 889 790 ﬁguram
903 763 967 790 pro-

181 800 259 834 pheta
276 799 359 826 lsaias
383 799 469 826 fuerat
487 800 650 829 vaticinatus
668 799 700 832 “,
717 807 795 827 sacra
818 800 864 828 Dei
883 801 967 828 Mater

180 846 322 880 perspicue
340 853 368 871 re
391 845 449 880 ipsa
472 845 545 873 fecit.
574 847 717 880 Accipiens
732 847 804 874 enim
818 867 825 878 ,
851 855 883 874 ex
901 855 967 882 puro

1027 238 1139 273 οὐρανὸς
1160 238 1277 273 σήμερον
1291 237 1349 272 ἅμα
1363 237 1439 273 ὲμοξ·
1462 238 1503 264 ὃτι
1515 237 1631 272 ἠλέησεν
1651 237 1665 262 ὁ
1690 235 1756 267 θεὸς
1772 234 1820 262 τὸν

1027 283 1089 309 λαῖιν
1105 283 1197 310 αὑτοῦ.
1221 283 1393 309 Ῥανάτωσαν
1412 283 1444 318 δὴ
1474 283 1520 309 καὶ
1539 283 1566 309 αἱ
1584 282 1693 317 νεφέλαι
1715 281 1818 308 δικαιο-

1028 330 1109 364 σύνην
1132 328 1170 363 τῷ
1194 328 1306 364 κόσμῳ·
1333 328 1490 355 σαλπισάτω
1513 329 1561 354 καὶ
1580 328 1613 354 τά
1630 327 1742 362 θεμέλια
1767 327 1819 362 τῆς

1025 375 1076 410 γῆς
1091 375 1202 410 εἰρήνην
1217 375 1273 404 τοῖς
1288 375 1316 400 ὲν
1330 374 1394 410 ᾅδου
1405 383 1411 389 ·
1430 375 1543 409 πάρεστι
1558 374 1611 409 γὰρ
1631 375 1647 409 ἡ
1668 373 1819 403 ἀνάπασις

1024 419 1080 446 τῶν
1096 419 1312 454 κεκοιμημένων.
1333 419 1512 446 Ἀνατειλὰτω
1525 419 1573 445 καὶ
1588 418 1652 454 ήγῆ
1670 417 1745 448 ἔλεος
1758 417 1819 448 τοῖς

1026 465 1198 492 κατοικοῦσιν
1211 466 1305 502 αὑτήν.
1326 464 1523 499 Πεπλήρωμιιι
1537 464 1592 500 γὰρ
1608 463 1645 498 τῇ
1657 462 1819 497 παρακλή-

1026 519 1073 538 σει
1083 531 1090 543 ,
1105 511 1153 537 καὶ
1169 511 1462 545 ὑπερπερισσεύομαι
1476 509 1512 543 τῇ
1525 507 1619 544 χαρᾷ”
1637 509 1679 535 "an.
1696 506 1768 534 εἶδόν
1786 515 1818 534 σι

1023 558 1067 584 τὸν
1085 558 1199 593 Σωτῆρα
1215 558 1268 584 τῶν
1286 557 1447 594 ἀνθρώπων.

990 603 1383 639 consolatione;ntperabundo
1397 603 1495 639 gaudio
1507 603 1530 619 ⁸⁵
1550 608 1560 628 :
1589 601 1662 638 quod
1682 607 1709 629 te
1723 601 1815 629 homi—

1057 710 1093 735 Z’,
1110 707 1275 743 Χορεὺοντος
1291 707 1319 734 δὲ
1333 706 1404 733 οὕτω
1417 705 1465 732 τοῦ
1485 705 1648 742 πρεσϐύτου,
1665 706 1712 734 καὶ
1730 715 1817 742 γανυ-

1023 754 1103 789 μὲνου
1123 755 1155 789 τῇ
1180 753 1239 789 θείᾳ
1254 752 1399 788 εὐφρασίᾳ,
1421 751 1455 778 τὰ
1473 751 1714 787 κεχρηματισμένα
1737 761 1819 779 τυπι-

1021 801 1076 832 κῶς
1086 800 1124 835 τῷ
1135 801 1260 835 προφήτῃ
1278 799 1384 834 Ἡσαΐᾳ,
1397 799 1555 834 περιφανῶς
1565 799 1580 833 ἡ
1595 798 1654 833 ἱερὰ
1664 798 1819 835 Θεομήτωρ

1022 845 1146 877 ὲξετέλει.
1163 845 1218 872 Καὶ
1231 845 1262 880 δὴ
1279 844 1415 879 λαϐομένη
1434 844 1480 871 τὸν
1503 845 1535 870 ὲκ
1551 843 1597 870 τοῦ
1618 845 1754 879 ἀχράντου
1768 843 1820 872 καὶ

177 891 405 926 immaculatoque
417 892 493 918 altari
510 900 570 924 suo,
584 893 728 919 carbonem
743 892 817 919 illum
832 893 962 920 virilicmn

1020 893 1189 929 παναμὼμου
1213 893 1296 928 αὐτῆς
1320 892 1510 927 θυσιαστηρίου
1532 892 1722 927 σαρκωθέντα,
1746 893 1815 924 ζωο-

178 937 388 969 etineﬁabilcm,
408 945 489 965 carne
505 939 645 969 indutum,
668 943 824 966 sanctarum
851 947 962 966 suarum

177 975 305 1010 manuum
318 983 471 1017 complexu,
484 987 611 1018 tanquam
631 983 744 1018 forcipe,
756 983 831 1018 justo
849 985 886 1011 illi
900 993 963 1020 por-

177 1029 246 1055 rexit
261 1039 267 1056 :
285 1033 312 1056 ut
332 1029 397 1056 mihi
411 1029 520 1064 quidem
544 1029 661 1058 videtur.
679 1031 814 1065 ejusmodi
829 1032 963 1058 sermoni-

176 1074 227 1102 bus
244 1075 323 1102 aifata
344 1075 446 1110 pariter
459 1080 486 1103 et
501 1076 608 1103 hortata
623 1086 628 1104 :
648 1077 730 1104 Sume
741 1098 747 1109 ,
776 1086 857 1105 senex
874 1078 962 1106 hono-

174 1126 244 1152 rate.
261 1123 488 1157 sacerdotumque
502 1123 604 1157 optime
614 1142 621 1153 ,
641 1131 717 1150 sume
730 1123 889 1157 Dominum;
903 1130 963 1151 tua-

174 1175 228 1202 que
243 1169 286 1194 illa
305 1177 357 1195 non
376 1169 456 1195 vidua
471 1176 519 1203 spe
534 1173 560 1195 et
577 1169 710 1202 desolata,
726 1169 825 1196 fruere.
849 1169 964 1205 Suscipe

176 1214 334 1241 thesaurum
369 1214 603 1248 indefectibilem,
640 1214 804 1249 divitiasque
833 1214 964 1242 inaul‘eri-

175 1260 253 1290 biles.
271 1260 311 1286 vir
323 1259 544 1295 generosissime.
568 1259 729 1293 Amplexare
753 1260 900 1295 potentiam
921 1261 964 1288 in-

174 1306 353 1334 euarrabilem
371 1305 477 1340 vimque
503 1305 822 1340 incomprehensibilcm,
847 1314 906 1342 qua:
937 1311 963 1334 te

175 1353 279 1383 l'ulciat,
296 1352 339 1378 vir
353 1352 564 1387 sapientissime.
581 1352 812 1387 Circumplectere
828 1353 962 1380 inﬁnitam

174 1397 408 1433 magnitudinem,
438 1397 677 1433 l'ortitudinemquc
701 1399 961 1432 incomparabilem,

173 1451 314 1472 sacrorum
332 1443 439 1471 atJitue.
457 1443 732 1480 Circumplicarcipsi
751 1453 798 1480 per
817 1453 846 1473 se
857 1445 963 1476 \'it:e.et

172 1490 244 1521 vive,
260 1491 300 1517 vir
322 1491 563 1518 venerabilissimc.
592 1491 700 1519 Arctins
730 1492 961 1526 incorruptionem

173 1537 339 1570 constringe,
356 1540 381 1563 et
398 1544 538 1569 renovare,
554 1536 594 1563 vir
611 1537 772 1571 justissime.
790 1537 860 1564 Nihil
874 1537 963 1564 audax

1022 939 1097 966 ποιὸν
1111 940 1157 966 καὶ
1174 939 1359 974 ἀνέκφραστον
1373 937 1507 973 ἄνθρακα,
1523 937 1560 969 ὠς
1571 937 1659 964 λαόίδι
1671 939 1704 973 τῇ
1721 938 1819 970 συζεύ-

1019 985 1058 1017 ξει
1077 984 1131 1012 τῶν
1154 984 1239 1018 ἁγίων
1256 984 1340 1019 αὐτῆς
1357 983 1467 1019 χειρῶν,
1484 983 1523 1018 τῷ
1543 983 1637 1019 δικαίῳ
1660 983 1819 1019 προέτεινε,

1017 1030 1139 1062 τοιαῦτα,
1153 1030 1215 1065 ἐμοὶ
1231 1030 1314 1062 δοκεῖ,
1331 1029 1447 1063 λέγουσα
1462 1037 1492 1055 τε
1507 1029 1565 1064 ἅμα
1583 1029 1629 1056 καὶ
1642 1029 1817 1064 παρακελεύ-

1017 1085 1100 1103 ουσα·
1123 1075 1265 1107 Ἀπόλα6ε,
1283 1075 1421 1110 πρεσϐύτα
1436 1075 1520 1110 τίμιε,
1538 1075 1584 1102 καὶ
1598 1075 1691 1111 ἱερέων
1705 1075 1816 1111 ἄριστε,

1018 1121 1137 1149 ἀπόλαϐε
1150 1122 1195 1148 τὸν
1209 1121 1320 1156 Κύριον,
1337 1121 1384 1147 καὶ
1396 1120 1515 1147 ἀπόλαυε
1531 1120 1579 1156 τῆς
1594 1121 1623 1147 οὒ
1639 1121 1817 1157 χηρευσάσης

1019 1177 1065 1195 σου
1091 1168 1205 1200 ἐλπίδος.
1228 1167 1371 1200 Ὑπόδεξαι
1399 1166 1533 1203 θησαυρὸν
1556 1167 1733 1199 ἀνέκλειπον,
1768 1167 1818 1194 καὶ

1018 1214 1131 1241 πλοῦτον
1147 1213 1338 1248 ἀναφαίρετον,
1356 1212 1602 1248 μεγαλοφυέστατε.
1621 1213 1817 1247 Ἐναγκάλισαι

1018 1260 1118 1295 κράτος
1143 1260 1354 1295 ἀνεκδιὴγητον,
1387 1259 1434 1286 καὶ
1464 1259 1577 1295 δύναμιν
1603 1259 1817 1296 ἀνεξερεύνητον

1018 1306 1173 1342 ὲρείδουσάν
1196 1314 1237 1338 σε,
1263 1305 1412 1340 σοφώτατε.
1432 1305 1565 1341 Περίλαϐε
1583 1305 1698 1342 μέγεθος
1717 1306 1819 1342 ἅπερ-ιο

1017 1352 1134 1388 όριστον,
1158 1352 1205 1379 καὶ
1221 1353 1296 1387 ἰσχὺν
1314 1352 1487 1384 ἀνείκαστον,
1509 1352 1631 1388 ἱεροκόρε
1648 1352 1716 1387 (57).
1733 1350 1820 1389 Περί-

1018 1397 1135 1434 πλάκηθι
1155 1399 1187 1433 τῇ
1210 1398 1278 1434 αὐτῇ
1297 1399 1430 1434 αὑτοζωῇ,
1447 1398 1492 1425 καὶ
1510 1398 1584 1434 ζῆθι.
1603 1397 1815 1434 αἰδεσιμώτατσ.

1018 1442 1184 1479 Περίπτυξαι
1203 1444 1251 1478 τὴν
1277 1443 1443 1480 ἀφθαρσίαν,
1471 1444 1518 1471 καλ
1540 1444 1814 1481 ἀνακαινοποιήθητι,

1017 1489 1178 1516 δικαιότατε.
1195 1489 1231 1516 Ob
1255 1489 1389 1526 τολμηρὸν
1411 1490 1441 1516 τὺ
1462 1490 1628 1526 ἐγχείρημα·
1648 1491 1686 1526 μὴ
1700 1490 1816 1524 δχλαζι.

1017 1535 1156 1562 ὁσιώτατε.
1177 1535 1360 1571 Ἐμφορήθητι
1382 1535 1428 1562 τοῦ
1458 1536 1635 1572 ποθουμένου,
1655 1537 1701 1563 καὶ
1723 1545 1814 1564 κατα-

173 1581 294 1614 facinus;
312 1589 345 1609 ne
369 1581 501 1610 deieceris
526 1583 628 1614 animo,
645 1583 687 1610 vir
712 1583 895 1610 sanctissime.
914 1581 962 1609 Sa-

1015 1581 1152 1617 τρύφησον
1169 1580 1214 1607 τοῦ
1234 1581 1430 1617 ἐπιδιδομένου,
1447 1582 1546 1617 μᾶλλον
1566 1582 1593 1609 δὲ
1611 1582 1706 1610 ἑαυτὸν
1719 1584 1814 1610 ἐπιδι-

171 1626 242 1654 tiare
257 1627 303 1653 illo
322 1635 402 1662 quem
424 1627 646 1662 desideraveras,
672 1629 806 1664 planeque
826 1628 962 1656 delectare

170 1673 220 1700 tibi
233 1673 306 1704 dato,
323 1681 371 1700 seu
388 1674 484 1709 magis,
498 1674 579 1702 dante
595 1683 624 1702 se
640 1675 688 1702 tibi
699 1695 705 1707 ,
722 1675 764 1702 vir
780 1675 960 1702 diriuissime.

171 1717 273 1746 Laetius
297 1719 435 1746 illustrare
461 1719 523 1747 Sole
549 1721 685 1754 justitiw,
717 1721 750 1748 de
782 1720 962 1747 mundissimo

172 1763 263 1790 carnis
279 1765 390 1799 speculo
405 1764 630 1800 circumfulgente
641 1786 647 1796 ,
675 1767 717 1793 vir
744 1766 961 1800 religiosissime.

172 1810 213 1838 Ne
229 1811 276 1838 tibi
294 1812 469 1846 tranquillum
500 1811 624 1839 timorem
642 1812 773 1843 incutiat,
798 1819 865 1839 neve
881 1820 959 1838 man-

172 1857 289 1884 suetndo
313 1861 479 1891 perterrent,
500 1857 543 1884 vir
561 1858 726 1885 beatissime.
753 1857 792 1884 Ne
818 1857 960 1884 iuliorreas

173 1903 320 1934 lenitatem,
335 1910 403 1930 neve
413 1903 557 1931 clementia
574 1903 713 1935 terrearis,
729 1903 771 1930 vir
788 1903 960 1930 modestissi-

170 1956 225 1976 me.
242 1948 347 1976 Alacris
364 1948 543 1984 adglutinare.
557 1956 607 1976 nec
625 1949 741 1976 moreris
756 1949 879 1983 obsequi.
900 1948 959 1976 Non

171 1993 252 2020 habet
268 1993 409 2020 audaciam
423 1993 494 2028 quod
512 1992 612 2020 dicitur
623 1993 729 2028 quodve
745 1993 893 2028 porrigitur
906 2003 911 2021 :
924 2002 959 2022 ne

170 2045 235 2072 ergo
246 2038 396 2069 reluctaris.
407 2038 448 2064 vir
460 2038 651 2066 urbanissime.
665 2037 724 2065 Non
737 2039 874 2066 comburit
888 2039 958 2074 ignis

171 2084 265 2118 gratia:
280 2083 387 2111 Domini
413 2084 466 2112 mei
479 2104 486 2116 ,
509 2084 557 2112 sed
575 2084 720 2117 illuminat,
739 2085 780 2112 vir
795 2085 957 2120 justissima.

171 2129 265 2157 liuhus
280 2130 325 2158 ille
340 2131 373 2162 δ’,
385 2130 439 2158 mei
453 2129 621 2166 ﬁguram,ad
634 2130 704 2166 ignis
715 2131 788 2159 illius
801 2131 958 2166 apparentis

169 2177 311 2204 veritatem
329 2180 540 2210 repraesentans,
556 2176 651 2203 doceat
665 2180 706 2209 te,
726 2177 767 2203 vir
791 2177 858 2212 legis
883 2177 957 2212 peri-

169 2224 286 2251 tissime.
303 2223 433 2249 Caminus
449 2222 494 2250 ille
509 2223 532 2238 "
550 2222 623 2250 velut
650 2227 748 2250 ventus
777 2223 848 2250 roris
863 2231 958 2251 susur-

207 2302 229 2317 "
251 2300 306 2328 Isa.
328 2309 364 2333 XI,
385 2301 412 2328 5.

169 2335 215 2364 Ecl.

465 2300 488 2316 “
509 2299 565 2327 Im.
593 2308 656 2332 ην,
676 2301 702 2327 8.

759 2301 781 2316 ⁵³
800 2300 821 2327 ll
841 2300 903 2328 Cor.
922 2310 970 2334 vn,

1015 1627 1116 1658 δόντος,
1142 1627 1381 1663 ῑεροπρεπέστατε.
1402 1627 1607 1664 Ἐναγλατσθητι
1627 1628 1667 1664 τῷ
1693 1627 1737 1656 διὰ
1762 1630 1814 1656 τοῦ

1015 1672 1181 1708 ἀκηλιδώτου
1213 1673 1346 1708 ἐσόπτρου
1383 1674 1432 1709 τῆς
1471 1674 1572 1709 σαρκὸς
1607 1675 1814 1710 περιστίλϐοντι

1022 1719 1103 1754 Ἡλίῳ
1115 1719 1165 1755 τῆς
1179 1718 1359 1754 δικαιοσύνης,
1383 1719 1573 1747 εὐλαϐέστατε.
1595 1720 1640 1756 Μὴ
1656 1720 1742 1748 δειλία
1758 1722 1812 1757 τὴν

1015 1765 1195 1801 γαληνότητα,
1215 1766 1281 1802 μηδὲ
1298 1766 1474 1802 καταπλαγῇς
1499 1766 1547 1802 τὴν
1574 1767 1741 1803 ἡμερότητα,
1758 1776 1812 1803 μα-

1015 1811 1178 1846 καριώτατε.
1191 1812 1237 1848 Μὴ
1252 1812 1358 1847 πτήξῃς
1373 1812 1403 1838 τὺ
1417 1813 1540 1848 εὐμενὲς,
1556 1813 1624 1849 μηδὲ
1640 1814 1762 1850 πτοηθῇς
1778 1814 1812 1841 τὸ

1014 1858 1156 1893 προσηνὲς,
1185 1858 1384 1885 ἐπιεικέστατε.
1415 1857 1548 1894 Εὑθύμως
1579 1860 1809 1896 προσκολλήθητι,

1014 1904 1060 1930 καὶ
1082 1903 1119 1938 μὴ
1135 1903 1284 1930 ἀναϐάλλου
1307 1904 1374 1940 πρὸς
1387 1904 1418 1930 τὸ
1434 1905 1555 1940 εὖήκοον.
1584 1906 1621 1932 Οὐ
1638 1906 1808 1942 θρασύτητος

1012 1950 1043 1976 τὸ
1059 1949 1233 1985 λαλούμενον,
1248 1950 1308 1976 οὐδὲ
1319 1950 1348 1976 τὸ
1367 1951 1588 1986 προτεινόμενον·
1608 1953 1644 1988 μὴ
1660 1953 1806 1988 ἀφηνίαζε,

1012 1994 1190 2022 ἀστικώτατε.
1208 1996 1245 2022 Οὐ
1260 1994 1426 2030 καταφλέγει
1449 1996 1480 2022 τὸ
1503 1996 1557 2032 πῦρ
1574 1996 1622 2032 τῆς
1640 1997 1686 2024 τοῦ
1700 1998 1807 2034 Κυρίου

1014 2050 1064 2076 μου
1087 2042 1205 2077 χάριτος,
1237 2042 1305 2069 ἀλλὰ
1337 2042 1458 2077 φωτίζει,
1478 2043 1641 2072 δικαιότατε,
1670 2044 1756 2076 nam;
1775 2054 1807 2071 as

1012 2087 1142 2120 πεισάτω,
1161 2089 1177 2124 ἡ
1193 2087 1238 2115 τὸν
1252 2088 1337 2114 τύπον
1351 2097 1401 2124 μου
1415 2089 1635 2126 περιστησαμένη
1654 2090 1721 2125 πρὸς
1738 2090 1808 2117 ὑπό-

1012 2141 1105 2160 στασιν
1122 2134 1167 2160 τοῦ
1183 2133 1369 2160 ἀνυποστάτου
1386 2134 1471 2169 πυρὸς
1489 2133 1554 2170 (58),
1572 2135 1803 2171 νομομαθέστατε.

1009 2179 1238 2215 Δροσοσυρίζουσα
1254 2181 1367 2216 κάμινος
1381 2180 1497 2207 πειθέτω
1515 2189 1554 2213 σε,
1570 2182 1738 2218 παιδοτρίϐα,
1756 2181 1804 2209 τοῦ

1011 2225 1159 2260 μυστηρίου
1179 2226 1228 2260 τὴν
1241 2227 1407 2262 οἰκονομίαν.
1431 2227 1502 2262 Πρὸς
1520 2227 1566 2254 ἐπὶ
1581 2227 1686 2260 τούτοις
1708 2229 1725 2264 ὴ
1748 2227 1805 2265 sui]

985 2303 1012 2329 4.
1069 2303 1090 2319 ἐ
1107 2302 1163 2330 lsa.
1184 2311 1222 2335 γι,
1239 2304 1266 2331 6.
1321 2304 1344 2320 ⁸⁷
1365 2303 1452 2332 Exod.
1473 2313 1515 2337 tu,
1535 2304 1562 2332 2.
1615 2306 1639 2322 "
1658 2305 1730 2334 Dan.
1752 2313 1799 2340 ιιι,

205 2397 260 2436 (βῖ)
283 2397 440 2436 Ἰξροκόρε..
460 2396 606 2436 Sequimur
629 2396 737 2436 Paulini
760 2396 958 2436 conjecturam,

1015 2406 1067 2436 non
1084 2399 1457 2436 dedstaatv,_appareutiam,
1483 2409 1535 2428 non
1559 2402 1628 2436 ignis
1651 2402 1800 2428 veritatem.

171 2435 200 2458 ut
217 2433 257 2466 leg
269 2432 359 2458 -ndum
382 2432 418 2458 sit
435 2432 571 2467 ἱεροκόμε,
594 2432 708 2467 quadrat
726 2432 796 2459 enim
822 2433 958 2466 materiae;

171 2470 200 2492 ut
212 2475 261 2493 ceu
276 2467 367 2501 templi
385 2468 558 2502 prazpositinn
576 2467 695 2502 inducat,
711 2467 744 2493 ad
757 2467 889 2494 inﬁnitam
902 2476 959 2494 ma-

170 2502 338 2535 gnitudinem
352 2502 425 2528 illam
436 2501 555 2536 suscepti
569 2501 645 2532 Jesu.
659 2503 751 2536 templi
767 2502 901 2537 angustiis
917 2503 958 2530 in-

170 2537 343 2572 eludendam.
358 2537 430 2569 Quid
443 2537 467 2565 si
480 2539 629 2564 retineatur
642 2537 772 2572 ἱεροχόρε.
789 2538 862 2564 velut
877 2538 959 2572 signi-

171 2571 233 2598 ﬁcet
251 2572 371 2599 futurum
395 2573 523 2607 juvenem
548 2571 737 2607 puerumque,
753 2572 856 2599 Christi
881 2571 958 2607 pueri

171 2607 307 2642 amplexu,
334 2611 458 2635 sanctum
486 2615 589 2638 senem,
607 2615 693 2642 eoque
710 2607 819 2635 nomine
834 2608 957 2634 hortetur

173 2639 315 2678 Suililaria,
333 2645 363 2668 ut
381 2643 510 2678 suscipiat
527 2648 602 2670 totus
617 2639 713 2677 spiritu
729 2642 892 2670 innovatus?
910 2643 956 2670 Sic

171 2675 341 2710 Augustinus
357 2685 439 2705 serm.
456 2675 490 2705 ἰὸ
504 2678 535 2705 de
551 2675 642 2712 [ηυρλ
658 2685 683 2704 c.
696 2677 712 2704 3
726 2687 732 2704 :
745 2677 854 2712 Agnovit
867 2678 957 2712 infan-

173 2715 222 2736 tem
242 2720 329 2740 seuex.
350 2712 436 2745 factus
454 2717 492 2739 est
511 2713 536 2739 in
561 2721 639 2747 puero
659 2721 738 2747 puer.
763 2712 906 2740 lnnovatus
930 2714 956 2740 ἰιι

171 2750 258 2785 (state,
273 2749 317 2785 qui
335 2747 424 2779 plenus
445 2752 503 2774 erat
524 2749 629 2782 pietate.
654 2746 746 2775 Fuerit
761 2753 833 2775 certe
847 2752 873 2774 et
889 2749 955 2776 illud

171 2788 225 2806 non
243 2782 277 2806 ita
294 2782 482 2808 iuconsonum.

208 2815 263 2850 (58)
281 2815 358 2848 Πρὸς
374 2817 544 2843 ὑπόστασιν
558 2817 610 2844 τοῦ
627 2817 837 2844 ἀνυποστὰῖου
852 2818 955 2850 πυρός.

173 2848 248 2877 Illius
262 2850 388 2877 nimirum
400 2850 446 2885 qui
461 2851 487 2878 iu
500 2852 567 2879 rubo
582 2852 681 2880 ardens
693 2852 810 2887 ἔμφασιν
826 2848 955 2886 habebat,

1012 2434 1058 2471 Sic
1071 2435 1143 2462 enim
1160 2442 1230 2471 sepe
1255 2434 1335 2471 Deus,
1361 2436 1436 2462 nullo
1461 2434 1613 2468 mendacio,
1638 2437 1800 2471 apparentia

1010 2470 1100 2504 aliqua
1115 2470 1243 2497 sensibus
1261 2470 1368 2504 ingerit,
1385 2473 1417 2497 ad
1432 2471 1511 2498 ﬁdem
1526 2470 1700 2499 astruendain
1713 2472 1798 2500 veris.

1010 2503 1127 2541 \tidctur
1140 2513 1205 2541 ergo
1221 2503 1425 2541 auctdrrludere
1442 2507 1469 2532 in
1486 2508 1644 2541 paronomia
1659 2507 1732 2534 illius
1749 2515 1800 2533 vo-

1009 2539 1063 2583 cis;
1078 2539 1269 2583 _v_elu‘t"dicat,
1296 2540 1328 2583 ad
1351 2539 1538 2583 substantiam
1560 2542 1631 2583 ignis
1650 2542 1723 2582 illius
1742 2549 1799 2569 non

1009 2575 1202 2612 subsistentis;
1228 2576 1360 2612 achvelut
1383 2576 1490 2611 objecto
1508 2576 1554 2604 illo
1574 2575 1645 2611 igne.
1668 2577 1713 2612 qui
1732 2585 1797 2604 vere

1009 2609 1106 2636 rubqu
1128 2610 1236 2637 ﬂamma
1250 2610 1399 2638 illustraret
1412 2609 1439 2640 et
1453 2609 1629 2643 adlamberet,
1656 2609 1684 2640 et
1703 2616 1797 2639 tamen

1007 2651 1140 2685 apparens
1156 2649 1238 2673 esset.
1255 2645 1412 2685 Oﬁertdebat
1435 2646 1475 2679 τὸ,
1501 2647 1698 2685 ἀνυποστάτου,
1721 2647 1797 2674 velut

1007 2681 1179 2717 referendum
1203 2685 1274 2717 esset
1298 2681 1332 2708 ad
1356 2682 1499 2715 ﬁguratum
1514 2686 1541 2709 et
1555 2683 1677 2709 divinum
1693 2683 1795 2717 ignem.

1008 2715 1188 2752 évu_1rénatov
1212 2715 1287 2742 illum
1304 2721 1331 2744 et
1347 2717 1574 2750 αὑτοῡπόστατον,
1595 2715 1729 2752 nusquam
1744 2717 1795 2744 ἀν-

1007 2750 1164 2786 υπόστατον·
1176 2759 1204 2778 re
1216 2756 1305 2778 tamen
1318 2752 1415 2780 melius
1424 2757 1564 2786 perspecta
1574 2750 1689 2781 solidum
1705 2752 1796 2779 visum

1007 2790 1095 2823 est,et
1105 2785 1274 2823 referendum
1285 2786 1317 2813 ad
1334 2785 1478 2823 ipsummet
1489 2785 1582 2822 ignem
1598 2788 1730 2823 tvpicum,
1744 2795 1796 2814 cu-

1005 2819 1051 2860 jus
1072 2820 1181 2860 modum
1202 2821 1311 2860 divinus
1334 2819 1379 2849 ille
1402 2822 1472 2856 ignis
1492 2819 1640 2852 sErvarerii
1655 2823 1682 2850 in
1697 2822 1795 2857 Maria,

1006 2853 1076 2884 idem
1093 2855 1150 2891 ipse
1165 2856 1191 2883 in
1206 2855 1330 2884 Simeoue
1343 2853 1512 2886 serviturus.
