1911 3072
118 121 169 150 365

665 122 781 151 SERMO
801 121 844 149 DE
865 122 1014 150 SIMEONE
1031 120 1075 149 ET
1095 121 1197 150 ΑΝΝΑ.

1693 124 1749 153 866

117 180 220 215 γαστήρ
242 188 274 206 σε
297 180 444 212 διδαξάτω,
461 181 489 206 ἐν
544 181 669 216 ἐχωρήθη
685 182 699 207 ό
715 181 863 217 ὰχώρητος,
879 182 896 207 ἐκ

958 188 1023 208 rans
1038 201 1045 212 ,
1071 180 1229 208 oeconomiae
1257 180 1305 207 tibi
1330 185 1531 208 sacramentum
1562 182 1746 216 persuadeat,

115 223 144 261 ἧς
162 225 207 252 καὶ
230 226 379 262 ἑσαρκὼθη
398 228 412 252 ὁ
428 227 545 262 ἄσαρκος
570 227 664 261 Λόγος.
683 227 720 253 Οὐ
741 227 820 254 πάλιν
844 227 907 254 σάλ-

114 280 206 305 πιγγες
233 272 428 307 ἑκδειματοῦσι
453 273 515 304 τοὺς
539 275 708 308 προσιόντας,
725 274 779 301 οὐδ’
793 272 826 301 αὖ
847 275 908 309 ὅρος

115 316 313 350 καπνιζόμενον
330 317 387 349 δέος
400 318 508 353 ἐμποιεῖ
518 319 573 349 τοῖς
590 318 832 353 προσπελάζουσιν,
847 318 908 344 οὔτε

116 363 163 397 μὴν
186 362 268 397 νόμος
289 363 400 394 κολάζει
423 363 538 397 ἀφειδῶς
557 363 602 389 τὸν
628 363 737 398 θίγοντα
755 363 906 399 τολμηρῶς.

113 407 318 442 Φιλανθρωπίας
344 408 398 443 γὰρ
421 408 454 435 τὰ
475 409 604 443 παρόντα,
620 409 849 443 συγκαταϐάσεως
874 409 908 436 τὰ

115 452 268 488 φαινόμενα.
290 453 467 489 Εὐχαρίστως
482 453 600 481 ἀπόλαϐε
612 455 657 481 τὸν
671 456 737 492 προς
756 456 784 482 σὲ
798 456 908 482 ἐλθόντα

114 498 188 524 Θεόν·
209 497 295 530 αὐτὸς
313 500 367 534 γὰρ
384 501 477 533 ἀφελεῖ
502 500 550 531 τὰς
573 501 686 536 ἀνομίας
710 510 767 532 σου,
790 501 837 527 καὶ
858 501 907 532 τὰς

114 545 244 580 ἁμαρτίας
263 554 313 572 σου
336 546 523 581 περικαθαρεῖ.
544 547 587 574 Ἑν
611 548 652 574 σοὶ
672 547 874 582 προτυπωθὴτω
891 547 906 581 ὴ

113 590 155 617 τοῦ
181 591 288 626 κόσμου
315 591 458 627 κάθαρσις.
480 593 522 619 Ἐν
545 594 586 620 σοὶ
605 593 650 620 καὶ
667 593 711 620 διὰ
731 592 777 619 cro-3
798 601 905 628 προμη-

113 637 213 672 νυθὴτω
226 638 284 669 τοῖς
299 638 405 664 ἔθνεσιν
418 639 433 674 ἡ
448 639 517 665 κατὰ
528 640 606 674 χάριν
620 639 766 670 δικαίωσις.
783 639 818 665 Σὺ
833 639 906 671 ἄξιος

112 683 157 718 τῆς
182 683 319 715 ζωοποιοῦ
346 685 481 719 ἀπαρχῆς.
512 685 683 721 ’Λπήλαυσας
709 686 807 720 νόμους
840 685 907 711 ἁπό-

111 728 202 756 λαυσαι
228 731 276 757 καὶ
300 730 350 766 τῆς
371 732 490 767 χάριτος,
508 732 659 768 Κέκμηκας
681 733 720 768 τῷ
744 732 904 767 γράμματι;

112 775 317 811 ἀνακαινίσθητι
334 777 364 802 ὲν
381 776 418 811 τῷ
434 777 579 811 πνεύματι.
601 778 762 804 Ἀπέκδυσαι
779 778 827 812 τὴν
852 786 904 805 πα-

112 819 234 856 λαιότητα
254 823 304 848 καὶ
324 822 431 848 ἔνδυσαι
452 822 501 858 τὴν
528 824 680 860 καινότητα.
699 823 789 851 Ταῦτα
809 824 862 859 γάρ
875 832 903 850 σε

112 864 271 900 ἠγνοηκέναι
289 866 321 892 οὺ
335 866 416 892 δοκῶ.

961 227 1088 261 magister
1109 227 1221 261 optime.
1253 226 1328 254 Meus
1352 226 1467 262 denique
1485 232 1577 256 uterus
1595 227 1643 255 tibi
1660 229 1746 256 docu-

960 277 1051 299 mento
1068 273 1113 303 sit.
1130 273 1156 299 in
1167 281 1221 308 quo
1241 272 1290 299 fuit
1302 276 1457 303 contentus.
1469 274 1515 309 qui
1529 282 1665 310 nusquam
1679 275 1746 302 alio-

959 319 1005 353 qui
1020 323 1109 354 potest
1129 318 1262 345 contineri
1276 327 1282 345 :
1300 326 1334 345 ex
1350 326 1404 353 quo
1423 319 1503 346 etiam
1522 318 1616 347 Sermo
1629 320 1673 348 ille
1686 328 1746 348 car-

960 365 1003 392 nis
1023 372 1129 399 expers,
1146 365 1295 398 assumpsit
1309 371 1429 391 carnem.
1458 364 1516 392 Non
1532 365 1587 400 jam
1603 366 1675 394 tuba:
1695 372 1746 394 ter~

959 411 1042 437 ritant
1066 410 1225 437 accedentes
1243 411 1285 436 li9:
1304 417 1358 436 non
1384 411 1481 438 iterum
1508 418 1586 439 mons
1611 412 1747 448 fumigans

960 455 1241 490 appropinquantibus
1259 454 1346 489 injicit
1373 459 1473 482 metum
1489 465 1495 481 ι
1512 463 1543 482 ac
1570 464 1657 491 neque
1685 458 1747 489 lex,

959 501 1091 529 audacius
1106 501 1305 536 contingentem
1318 500 1441 528 severius
1457 501 1534 535 punit
1551 502 1583 528 ⁸ο.
1599 501 1748 532 Prtesentia

959 547 1030 574 enim
1058 548 1244 582 propensioris
1270 552 1334 574 sunt
1360 548 1386 574 in
1417 548 1542 576 homines
1559 549 1656 583 studii;
1683 554 1748 578 sunt

958 601 1018 628 qua:
1031 598 1173 628 geruntur,
1189 594 1286 621 divina:
1300 594 1331 621 ad
1347 601 1396 621 nos
1420 593 1620 629 inclinationis;
1637 596 1745 623 bonita-

957 639 1003 671 tis,
1022 647 1081 674 quae
1097 644 1238 674 apparent.
1259 639 1359 674 Excipe
1373 640 1490 675 gratanti
1507 641 1599 668 animo
1615 641 1649 668 ad
1661 645 1685 669 te
1700 650 1748 669 ve-

957 685 1076 712 nientem
1095 685 1179 712 Deum
1194 696 1199 712 :
1219 686 1276 720 ipse
1290 686 1362 712 enim
1385 685 1488 713 auferet
1503 686 1660 721 iniquitates
1674 691 1747 720 tuas,

956 735 983 758 ct
996 731 1116 765 expiabit
1138 736 1248 766 peccata
1268 735 1324 758 tua.
1352 730 1381 758 In
1405 736 1431 759 te
1448 732 1565 766 primum
1586 733 1748 761 inl‘ormetur

957 776 1052 803 mundi
1067 777 1186 805 universi
1214 777 1350 804 lustratio.
1363 776 1392 803 ln
1408 781 1434 804 te
1448 783 1474 805 et
1489 786 1537 813 per
1552 783 1577 806 te
1587 799 1593 811 ,
1619 780 1747 814 gentibus

956 823 1136 857 praenuntiata
1152 823 1315 855 innotescat,
1327 831 1386 858 quze
1402 825 1549 852 secundum
1562 826 1678 860 gratiam
1689 830 1744 858 est.

954 868 1122 903 justificatio.
1138 868 1241 904 Dignus
1268 877 1297 896 es
1322 870 1437 898 vivilieis
1461 871 1600 905 primitiis.
1625 869 1698 900 Usus
1713 880 1744 899 es

112 910 184 946 lege?
210 916 290 939 utere
318 917 346 940 et
360 914 455 948 gratia.
480 913 619 950 Fatigatus
647 924 676 943 es
699 917 806 944 littera?
837 923 968 943 renovare
985 916 1093 952 spiritu.
1112 916 1186 944 Exue
1208 921 1386 951 vetustatem;
1404 923 1430 946 et
1455 919 1603 947 novitatem
1620 919 1744 948 induere.

112 955 164 984 Non
178 957 250 984 enim
264 963 334 993 puto
349 964 374 987 te
392 960 448 988 haec
462 962 578 988 nescire.

143 1019 182 1045 H’.
203 1019 265 1046 Ἐπὶ
279 1021 388 1054 τούτοις
405 1023 471 1049 πᾶσι
493 1024 750 1059 παρρησιασάμενος
764 1024 778 1049 ὁ
793 1023 894 1055 δίκαιος

994 1022 1061 1050 Vlll.
1081 1022 1122 1050 Ab
1144 1022 1187 1050 liis
1210 1022 1356 1055 omnibus,
1386 1028 1493 1057 sumpta
1508 1022 1600 1057 justus
1625 1023 1742 1056 ﬁducia,

112 1065 152 1090 καὶ
166 1067 198 1100 τῇ
212 1068 360 1102 προτροπῇ
379 1066 452 1099 εἴξας
463 1068 511 1104 τῆς
523 1068 756 1104 διακονησαμένης
767 1068 825 1104 Θεῷ
835 1070 904 1104 πρὸς
923 1105 925 1107 _

111 1110 267 1145 ἀνθρώπους
289 1112 471 1148 Θεομήτορος,
498 1113 645 1145 ὑπεδέξατο
671 1115 720 1149 μὲν
740 1116 799 1145 ταῖς
817 1122 904 1149 γηρα-

110 1156 177 1188 λέαις
191 1157 331 1191 ἀγκάλαις
347 1158 402 1185 τὸν
416 1159 444 1185 ἐν
460 1160 602 1194 νηπιότητι
617 1160 747 1186 παλαιὸν
761 1160 821 1186 τῶν
834 1161 903 1194 ἡμε-

110 1201 174 1233 ρῶν,
186 1202 325 1238 εὐλόγησε
335 1203 363 1229 δὲ
378 1203 422 1230 τὸν
437 1203 503 1231 Θεὸν
520 1204 567 1231 καὶ
582 1203 642 1231 εἶπε
652 1213 659 1219 ’
683 1205 748 1232 Νῦν
760 1205 903 1238 ἀπολύεις

111 1248 158 1274 τόν
172 1248 292 1275 δοῦλόν
305 1257 374 1280 σου,
391 1249 536 1281 Δέσποτα,
553 1251 628 1277 κατὰ
648 1250 681 1277 τὸ
694 1250 776 1285 ῥῆμά
788 1258 856 1283 σου,
868 1251 903 1277 ἐν

111 1293 218 1328 εἰρήνῃ.
233 1295 300 1321 ’Ότι
316 1293 399 1322 εἶδον
416 1297 442 1322 al
463 1296 611 1330 ὀφθαλμοί
631 1305 689 1331 μου
704 1296 737 1322 τὸ
756 1295 904 1329 σωτήριόν

110 1345 172 1371 σου,
187 1339 203 1365 ὃ
221 1341 394 1375 ἡτοίμασας
418 1342 492 1369 κατὰ
513 1343 676 1376 πρόσωπον
698 1341 819 1368 πάντων
843 1341 903 1368 τῶν

111 1383 201 1410 λαῶν·
229 1385 298 1420 φῶς
322 1387 364 1420 εις
391 1387 584 1422 ἀποκάλυψιν
610 1387 714 1420 ἐθνῶν,
738 1388 787 1414 καὶ
809 1387 903 1419 δόξαν

111 1430 182 1457 λαοῦ
197 1438 260 1458 σου
280 1432 409 1466 Ἰσραήλ.
429 1433 575 1460 Ἀπέλαὸον
588 1434 636 1469 τὴν
647 1433 722 1468 παρὰ
739 1433 785 1459 σοῦ
801 1433 901 1460 ἄλυπον

111 1476 207 1511 χαράν·
235 1478 362 1505 omnes
387 1487 419 1514 με
441 1479 600 1515 χαιρόμενον
623 1479 690 1515 (59),
715 1479 762 1505 καὶ
782 1479 900 1513 ἀνευφη-

112 1521 207 1557 publica
222 1523 261 1550 τὰ
280 1523 341 1559 ἐλέη
359 1532 415 1557 σου,
430 1524 525 1561 Κύριε.
547 1525 700 1556 ’Δπέδωκάς
717 1533 761 1560 μοι
786 1525 835 1560 τὴν
858 1525 902 1550 εὑ-

111 1567 219 1603 θυμίαν·
252 1569 402 1605 ἀποδίδωμί
429 1579 469 1596 σοι
492 1570 617 1606 εὐθύμως
637 1570 670 1597 τὰ
692 1571 899 1606 εὐχαριστήρια.

112 1614 210 1648 Ἐγνων
227 1615 343 1651 ἀγάπης
359 1616 426 1643 Θεοῦ
442 1617 567 1652 δύναμιν.
582 1618 619 1644 Δι’
632 1617 681 1652 ἐμὲ
700 1616 755 1652 γὰρ
775 1616 830 1651 (60)
844 1617 857 1642 ὁ
870 1618 900 1642 ἐκ

112 1661 153 1688 σοῦ
174 1661 254 1694 Θεὸς,
275 1663 483 1698 ἀνερμηνεύτως
509 1665 555 1691 καὶ
578 1658 734 1700 ἀρῥεύστως
750 1663 899 1698 γεννηθεὶς,

954 1067 1130 1102 Deiparacque
1149 1066 1204 1095 Deo
1226 1066 1382 1094 ancillantis
1397 1067 1424 1093 in
1439 1067 1472 1095 iis
1485 1075 1546 1101 quae
1562 1072 1686 1103 spectant
1709 1069 1744 1097 ad

953 1114 1087 1145 homines,
1100 1113 1282 1140 exhortationi
1297 1121 1330 1140 ac
1345 1113 1455 1140 monitis
1468 1113 1568 1141 cedens
1580 1135 1588 1146 ,
1600 1114 1743 1150 Antiquum

953 1156 1028 1182 illum
1044 1156 1146 1182 dierum
1163 1155 1184 1171 ⁶¹
1201 1155 1331 1183 infantem
1342 1175 1349 1187 ,
1376 1155 1508 1182 senilibus
1523 1156 1595 1183 ulnis
1610 1158 1740 1192 suscepit,

952 1201 1090 1236 Deumque
1101 1201 1247 1229 dilaudans
1263 1201 1300 1227 ait
1313 1210 1319 1228 :
1330 1200 1407 1227 Nunc
1423 1201 1537 1228 dimittis
1545 1210 1647 1229 servum
1656 1207 1741 1234 tuum,

952 1247 1072 1280 Domine,
1082 1247 1223 1274 secundum
1237 1247 1342 1274 verbum
1354 1252 1427 1273 tuum
1448 1248 1476 1274 in
1491 1255 1564 1282 pate.
1583 1248 1653 1282 Quia
1669 1249 1742 1276 vide—

952 1297 1014 1320 runt
1037 1292 1106 1319 oculi
1130 1300 1181 1319 me:
1205 1292 1330 1319 Salutare
1354 1297 1449 1319 tuum:
1465 1292 1534 1327 quod
1553 1294 1656 1327 parasti
1677 1299 1743 1322 ante

953 1338 1047 1373 faciem
1066 1339 1183 1365 omnium
1201 1337 1374 1372 populorum;
1401 1338 1488 1364 lumen
1504 1338 1538 1365 ad
1557 1339 1741 1366 reuelationem

951 1385 1077 1421 gentium,
1088 1389 1113 1411 at
1134 1384 1247 1419 gloriam
1265 1383 1346 1418 plebis
1364 1389 1415 1410 tute
1431 1383 1517 1411 Israel
1532 1384 1564 1412 θ’.
1580 1384 1678 1420 Accepi
1691 1385 1741 1413 abs

951 1436 978 1460 te
993 1431 1152 1459 inoffensam
1167 1434 1194 1458 et
1210 1437 1322 1458 vacuam
1340 1429 1443 1457 doloris
1473 1430 1593 1457 laetitiam
1611 1439 1617 1458 :
1636 1434 1666 1458 tu
1686 1438 1739 1463 me.

952 1477 1076 1508 Domine,
1092 1477 1237 1507 lzetantem,
1251 1480 1367 1510 tuasque
1391 1475 1618 1510 depraedicantem
1632 1476 1741 1503 miseri-

952 1523 1060 1550 cordias
1077 1523 1180 1557 accipe.
1196 1521 1238 1549 Tu
1263 1521 1391 1557 gaudium
1415 1521 1467 1548 hoc
1488 1521 1579 1548 animo
1595 1521 1737 1549 indidisti:

951 1567 1073 1603 gaudens
1087 1575 1136 1603 ego
1150 1567 1241 1594 animo
1257 1566 1406 1602 gratiarum
1429 1566 1477 1593 tibi
1496 1573 1594 1594 munus
1607 1567 1737 1602 rependo.

952 1613 1072 1648 Cognovi
1088 1613 1142 1639 vim
1166 1612 1264 1639 divine
1282 1611 1444 1638 dilectionis.
1459 1610 1574 1646 Propter
1601 1619 1645 1639 me
1664 1613 1737 1640 enim

951 1658 1024 1687 Deus
1040 1659 1095 1691 ille,
1112 1657 1241 1685 ineﬂ'abili
1258 1658 1362 1684 ratione
1378 1664 1410 1683 ac
1425 1657 1483 1684 sine
1507 1657 1682 1690 corruptione
1703 1665 1737 1685 ex

111 1707 248 1742 ἄνθρωπος
264 1709 384 1742 γέγονεν.
401 1710 504 1744 Ἐγνων
523 1710 572 1745 τῆς
591 1710 640 1745 σῆς
657 1710 720 1746 περὶ
735 1710 808 1744 ἡμᾶς
826 1710 896 1745 κηδε-

953 1708 979 1732 te
995 1705 1112 1740 genitus,
1127 1704 1215 1731 lactus
1239 1707 1282 1730 est
1302 1703 1394 1730 homo.
1419 1702 1537 1737 Cognovi
1566 1706 1638 1728 tuam
1663 1702 1737 1729 illam

112 1753 199 1786 μονίας
224 1754 258 1780 τὺ
282 1754 469 1790 ἀνέκφραστον
485 1755 608 1790 μέγεθος,
628 1755 668 1781 ὅτι
690 1754 724 1780 τὰ
740 1754 774 1780 σὰ
795 1754 899 1788 σπλάγη-

110 1806 155 1832 χνα
167 1799 363 1832 ἐξαπέστειλας
376 1802 415 1832 εἰς
424 1801 548 1837 βοήθειαν
563 1801 650 1836 ἡμῶν.
667 1802 772 1835 Ἐγνων
784 1801 797 1827 ὂ
811 1801 898 1828 ὲδιδάι

112 1843 171 1879 χοην
184 1845 238 1871 ὑπὸ
253 1846 439 1881 Σολομῶντος,
453 1847 592 1881 Κραταιὰ,
608 1847 741 1881 λέγοντος,
752 1847 792 1880 ὡς
808 1846 898 1874 θάνα-

111 1898 156 1922 ιος
172 1891 191 1925 ὴ
212 1891 326 1925 ἀγάπη.
350 1892 399 1918 Διὰ
421 1892 521 1928 ταύτης
544 1893 598 1928 γὰρ
622 1892 829 1928 συντριϐήσεται
851 1892 897 1919 τοῦ

110 1933 218 1963 θανάτου
233 1937 265 1963 τὸ
277 1937 397 1973 κέντρον·
409 1939 453 1966 διὰ
466 1939 567 1974 ταύτης
578 1938 668 1974 νεκροὶ
683 1938 755 1974 ζωὴν
770 1937 879 1972 ὄψονται
889 1945 895 1951 ·

110 1980 149 2008 διὰ
165 1983 269 2018 ταύτης
286 1982 399 2015 θάνατος
419 1984 569 2020 μαθήσεται
584 1985 708 2017 θάνατον,
723 1984 896 2019 παυσάμενος

110 2026 153 2061 τῆς
164 2028 224 2054 καθ’
240 2029 318 2063 ἡμῶν
330 2030 502 2065 ἐπικρατείας
513 2039 518 2045 ·
532 2030 576 2057 διὰ
585 2030 685 2066 ταύτης
697 2031 742 2057 καὶ
755 2031 769 2056 ὁ
780 2030 898 2065 ἀρχέκα-

110 2078 152 2102 XO:
175 2072 238 2108 δφις
273 2075 443 2110 αἰχμάλωτος
471 2077 614 2111 γενήσεται
645 2076 692 2103 καὶ
721 2075 894 2111 ὑποϐρύχιος.

115 2116 292 2152 Ἐγηιώρισας
315 2120 395 2154 ἡμῖν,
411 2122 509 2155 Κύριε,
526 2122 559 2148 τὸ
581 2121 729 2155 σωτήριόν
745 2129 812 2152 σου,
830 2122 895 2148 ἀνα-

110 2163 204 2198 στήσας
220 2166 285 2202 ἡμῖν
299 2165 382 2198 φυτὸν
393 2167 503 2202 εἰρήνης
513 2176 520 2182 ο
534 2167 581 2193 καὶ
595 2167 683 2193 οὐκέτι
696 2167 813 2202 ἐσόμεθα
829 2167 897 2193 πλα-

110 2206 229 2242 νώμενοι.
251 2210 415 2246 Ἑγνώρισας
436 2213 511 2247 ἡμῖν,
526 2212 622 2247 Κύριε,
639 2213 679 2238 ὄτι
701 2213 751 2238 οὐκ
769 2213 808 2243 εἰς
821 2212 896 2243 τέλος

109 2253 244 2289 ὑπερεῖδες
270 2257 333 2289 τοὺς
354 2258 462 2290 δούλους
490 2267 547 2290 σου,
566 2259 659 2292 ἀγαθὲ,
685 2259 745 2285 οὐδὲ
764 2258 894 2285 ἐπελάθου

109 2297 171 2333 ἔργα
203 2302 303 2337 χειρῶν
329 2311 385 2330 σου.
414 2305 646 2340 Κατοικτειρήσας
668 2305 722 2340 γὰρ
746 2303 824 2339 ἡμῶν
847 2303 895 2339 τὴν

109 2344 282 2383 ἑλεεινότητα,
298 2349 413 2383 δαψιλῶς
430 2350 539 2385 ἐξέχεας
559 2351 683 2386 ἐφ’-ημᾶς
704 2350 752 2385 τὴν
776 2350 894 2385 ἔμφυτον

110 2392 150 2418 καὶ
166 2393 364 2429 ἅνεξάντλητόν
384 2403 430 2421 σου
450 2395 615 2431 ἀγαθότητα,
644 2395 689 2422 διὰ
710 2394 757 2421 τοῦ
773 2395 893 2428 Μονογε-

110 2436 165 2469 νηῦς
186 2439 233 2465 καὶ
256 2440 464 2475 ἀπαραλλάκτου
489 2441 543 2475 (61)
564 2441 611 2468 καὶ
633 2441 774 2476 ὁμοουσίου
796 2440 893 2471 Παιδός

110 2490 151 2508 σου
163 2484 212 2519 τὴν
228 2484 361 2521 λύτρωσιν
377 2487 453 2522 ἡμῶν
471 2487 660 2522 ποιησάμενος,
679 2485 785 2518 ἀνάξιον
797 2487 891 2522 κρίνας

139 2541 161 2557 "
179 2542 266 2571 Exod.
283 2552 338 2576 xxx,
361 2544 404 2572 16,

109 2583 184 2608 xcvu,
203 2578 231 2605 Ξ.

141 2635 191 2671 (59)
210 2638 399 2672 Χαιρόμενον.
411 2636 512 2672 Forte,
531 2637 667 2672 χαίροντα.

141 2670 194 2708 (ϋο)
213 2674 252 2699 Δι’
262 2670 318 2708 ἐμὲ
331 2671 400 2708 γάρι
410 2671 507 2702 Habet,
528 2670 567 2698 sic
580 2670 711 2706 proprius
733 2671 821 2708 factus
842 2670 886 2708 Je-

110 2713 162 2742 §Ils,
185 2705 291 2742 aliquid
315 2705 419 2735 sanctis
443 2708 565 2734 suavius.
588 2705 642 2733 Sicf
659 2707 761 2742 passim
789 2705 883 2736 David.

110 2739 215 2774 Paulus,
231 2739 283 2770 etc.
309 2742 394 2769 Deum
416 2743 490 2770 velut
513 2742 564 2769 sibi
587 2739 704 2776 rapiunt.
729 2741 884 2775 Theologus

109 2776 183 2804 etiam
198 2782 268 2805 orat.
281 2778 308 2803 in
324 2782 416 2804 sancta
431 2777 553 2806 Lumina,
568 2775 648 2803 πάλιν
661 2777 675 2802 ὁ
689 2777 754 2811 ἐμὸς
772 2775 884 2811 Ἰησοῦςἱ

111 2818 156 2847 qua
179 2812 214 2840 de
240 2821 269 2840 re
291 2813 441 2839 luculenter
458 2812 671 2847 Clirysostomns
695 2809 721 2837 in
744 2809 837 2844 cupfn
851 2809 885 2835 ad

112 2843 164 2874 Gal.
189 2847 249 2875 Non
270 2848 360 2882 itaque
383 2847 460 2876 facile
474 2843 556 2874 l'uéril
573 2848 599 2874 in
617 2846 761 2881 ejusmodi,
780 2850 885 2872 ιιιιιιιιιια

910 2378 932 2405 D

451 2545 481 2582 “°
501 2544 522 2571 ll
541 2544 601 2579 Reg.
624 2553 660 2577 vt,
682 2545 708 2571 6.
747 2546 768 2560 ⁶¹
783 2544 849 2570 Dan.
872 2551 915 2575 Ill,
936 2543 978 2569 15.

951 1750 1167 1785 inexplicabilem
1191 1748 1278 1777 nostri
1305 1755 1398 1775 curam
1426 1748 1611 1783 studiumque,
1628 1748 1674 1784 qui
1690 1752 1737 1775 tua

949 1798 1008 1833 ipse
1025 1797 1130 1825 viscera
1143 1796 1268 1824 emiseris
1286 1795 1313 1822 in
1339 1799 1461 1822 nostrum
1490 1794 1631 1821 auxilium.
1658 1794 1737 1822 Nune

949 1843 1057 1870 demum
1074 1841 1194 1876 intelligo
1205 1840 1278 1876 quod
1289 1848 1305 1867 a
1316 1840 1460 1867 Salomone
1473 1839 1623 1868 didiceram
1640 1850 1646 1867 :
1665 1840 1736 1867 For-

950 1889 983 1915 tis
998 1893 1026 1914 ut
1048 1896 1117 1914 mors
1145 1887 1250 1914 dilectio
1265 1887 1298 1914 ⁸³,
1327 1886 1379 1914 Per
1404 1893 1463 1913 eam
1487 1886 1559 1913 enim
1579 1891 1736 1914 conteretur

948 1934 1044 1962 mortis
1063 1933 1205 1965 stimulus,
1219 1940 1266 1968 per
1281 1939 1340 1960 eam
1363 1931 1464 1958 mortui
1481 1931 1611 1959 videbunt
1629 1932 1711 1960 vitam
1725 1952 1734 1965 ,

948 1987 996 2014 per
1012 1987 1072 2007 eam
1086 1986 1160 2006 mors
1170 1982 1285 2005 mortem
1301 1976 1465 2011 experietur,
1480 1975 1594 2011 imperio
1612 1977 1684 2012 quod
1706 1977 1735 2005 in

948 2033 999 2054 nos
1013 2025 1156 2052 exercebat
1172 2023 1289 2056 abolito;
1306 2031 1354 2058 per
1364 2031 1423 2050 eam
1437 2027 1464 2050 et
1474 2029 1587 2057 serpens
1599 2023 1734 2050 malorum

949 2075 1045 2099 auctor
1061 2071 1184 2105 capietur
1207 2073 1234 2096 et
1250 2068 1449 2108 snbmergetur.
1463 2067 1562 2095 Notum
1577 2067 1663 2101 nobis,
1679 2068 1735 2096 Do-

948 2119 1024 2150 mine,
1037 2117 1122 2152 fecisti
1138 2115 1261 2142 Salutare
1272 2119 1344 2141 tuum
1360 2115 1392 2147 ‘4',
1404 2114 1483 2142 nobis
1497 2114 1670 2141 exsuscitans
1684 2122 1734 2148 pa-

947 2165 987 2191 cis
1000 2163 1186 2198 propaginem,
1202 2169 1251 2188 nec
1270 2161 1385 2196 amplius
1400 2161 1592 2188 erraverimus.
1617 2159 1731 2192 Palam,

948 2208 1070 2240 Domine,
1086 2206 1190 2238 fecisti,
1214 2210 1243 2233 ut
1257 2214 1312 2233 non
1329 2206 1357 2232 in
1371 2205 1451 2232 linem
1467 2204 1624 2240 despexeris
1637 2212 1733 2232 servos

946 2259 1025 2287 tuos;
1042 2261 1128 2288 neque
1141 2260 1223 2288 opera
1235 2259 1365 2279 manuum
1381 2256 1499 2283 tuarum,
1513 2258 1530 2277 ο
1541 2250 1622 2283 bone,
1630 2251 1732 2279 oblitus

947 2301 995 2328 sis.
1011 2299 1155 2327 Miseratus
1172 2298 1243 2325 enim
1266 2297 1446 2325 miserabilem
1475 2300 1574 2325 sortem
1599 2300 1730 2325 nostram.

947 2350 1089 2381 cognatam
1107 2345 1154 2372 tibi
1170 2344 1411 2379 inexhaustamque
1438 2343 1511 2369 illam
1528 2342 1676 2369 bonitatem
1703 2340 1731 2367 in

946 2398 997 2419 nos
1013 2389 1147 2422 ell‘udisti';
1163 2389 1311 2424 redemptis
1336 2388 1414 2416 nobis
1430 2395 1478 2423 per
1492 2386 1675 2422 Unigenitum,
1689 2386 1731 2412 in-

946 2434 1174 2464 commutabiliter
1185 2433 1302 2462 similem
1317 2438 1343 2461 et
1357 2433 1480 2468 ejusdem
1499 2437 1588 2460 tecum
1603 2431 1731 2459 substan—

945 2483 997 2514 tiae,
1016 2481 1130 2508 Filium:
1145 2483 1190 2506 tua
1206 2480 1292 2515 ipsius
1309 2480 1451 2514 majestate
1476 2482 1502 2506 et
1519 2478 1639 2506 bonitate
1655 2475 1730 2503 indi-

1018 2540 1039 2556 "
1057 2540 1120 2567 Luc.
1142 2547 1170 2572 ιι,
1187 2538 1284 2566 29-52.
1323 2538 1345 2554 ⁸³
1366 2538 1444 2565 Cant.
1466 2545 1524 2570 VIII,
1545 2537 1572 2564 6.
1610 2536 1632 2552 “
1652 2535 1727 2564 Psal.

939 2634 1002 2661 dum
1018 2634 1155 2669 singulare
1171 2633 1198 2660 in
1210 2632 1322 2667 plurale.
1338 2631 1469 2660 Pantinus
1483 2632 1540 2664 hic,
1554 2635 1645 2659 nostra
1657 2631 1727 2657 enim

939 2678 1030 2696 causa.

974 2704 1030 2739 (Gl)
1055 2703 1314 2739 Ἀπαραλλάκτουε
1330 2702 1410 2730 Velut
1425 2710 1472 2739 per
1486 2702 1579 2739 omnia
1584 2701 1723 2739 similem,

939 2744 966 2767 et
977 2735 1091 2773 'qu'alem
1116 2735 1233 2773 sequens
1250 2738 1331 2773 illud,
1348 2735 1500 2772 ὁμοούσίον,
1520 2737 1646 2771 explicat.
1668 2735 1723 2773 v9:

940 2772 1250 2812 theologica_Gre_gori0,
1265 2772 1450 2812 Damasceno.‘
1461 2776 1526 2812 etc"
1544 2779 1672 2812 perquam
1688 2772 1725 2812 fa:

940 2806 1064 2836 miliaris.
1088 2806 1231 2839 Pantiiius,
1256 2808 1335 2837 male,
1360 2806 1529 2836 imuwbiz'em.
1555 2806 1606 2834 nisi
1622 2806 1723 2835 crrav't'

940 2845 1054 2881 prelum.
1070 2848 1096 2872 et
1110 2850 1203 2871 notare
1221 2843 1305 2870 voluit
1323 2842 1566 2869 incommurulrilcm.
