1911 3072
171 116 225 145 ’567

635 114 663 142 S.
685 114 851 143 METHODII
872 116 1026 144 EPISCOPI
1047 117 1091 144 ET
1113 117 1292 146 MARTYRIS

1749 122 1802 150 568

172 183 253 210 gnum
272 179 355 206 ratus,
373 178 402 201 ut
415 174 487 201 illam
504 181 643 201 servorum
658 178 766 202 tuorum
784 164 897 204 salutem
910 177 951 204 be-

1008 178 1054 213 τῆς
1078 179 1126 212 si;
1151 179 1336 214 μεγαλοσύνης
1355 180 1402 205 καὶ
1421 179 1612 215 χρηστότητος,
1635 181 1730 218 οἰκέτῃ
1752 182 1802 218 τὴν

171 222 366 255 neticiumquc,
392 220 485 247 eadem
507 220 663 249 conditione
681 230 759 249 servo
773 223 954 257 concederes;

170 273 234 296 utve
263 275 310 294 eos
331 266 378 301 qui
392 265 579 298 ollendissent,
597 267 722 294 ministro
740 268 955 296 rcconciliandos

170 313 363 340 committeres.
382 311 537 344 Enimvero,
551 321 598 348 per
613 312 714 341 Lumen
742 313 807 341 illud
833 314 954 348 ejusdem

170 362 258 386 tecum
274 358 442 391 substantiaa,
460 359 550 385 lumen
570 358 676 385 donasti
694 359 725 385 iis
740 359 785 394 qui
800 359 825 385 in
844 359 955 386 tenebris

168 405 236 432 etin
257 404 348 430 umbra
375 405 467 430 mortis
482 403 605 431 sedebant
623 405 660 437 “5;
688 409 714 430 ut
736 405 762 431 in
779 405 874 431 tantine
896 410 954 436 luo,

168 450 286 477 scientia:
301 449 386 475 lumen
399 449 502 476 videant
515 449 555 476 “2
572 449 737 484 placuitque,
754 454 783 476 ut
807 457 854 484 per
866 449 956 476 Domi-

168 503 234 523 num
252 500 278 523 et
299 500 449 523 creatorem
466 495 630 522 rel'ormares
647 503 697 522 nos
725 495 751 522 in
768 495 956 522 immortalita-

167 545 240 575 tem;
266 543 400 577 nobisque
415 550 462 576 per
478 542 565 576 ipsum
583 541 629 576 qui
655 542 782 576 paradiso
796 542 954 569 deliciarum

168 588 405 619 exterminaverat,
421 587 537 614 reditum
561 587 716 621 elargireris
738 587 765 614 in
787 588 952 622 paradisum.

169 635 208 660 Ad
227 634 294 665 hzec,
311 641 359 668 per
380 640 440 661 eum
467 634 511 667 qui
532 632 608 659 habet
629 637 782 667 potestatem
806 633 955 660 dimittendi

167 684 274 715 peccata
290 680 311 696 ⁵⁷
334 679 403 715 quod
427 684 483 706 erat
504 678 627 706 adversus
651 687 698 706 nos
716 679 807 706 delesti
820 680 955 714 chirogra-

167 726 248 762 phum
263 726 294 752 ⁸⁸.
314 726 434 761 Denique
449 734 496 761 per
511 733 571 753 eum
587 726 632 760 qui
645 725 739 753 eodem
751 729 840 752 tecum
856 725 955 752 throno

167 771 293 800 sublimis
309 771 394 804 sedet,
409 772 510 806 quique
525 779 540 798 a
561 771 652 798 divina
678 774 725 798 tua
752 775 851 798 natura
867 771 954 798 haud-

168 826 303 853 quaquam
317 818 447 846 excedere
458 821 556 853 potest,
574 817 677 844 ﬁrmam
693 817 771 845 nobis
795 817 954 845 reconcilia-

168 865 251 892 tionis
268 871 448 899 accessusque
462 864 570 892 donasti
589 864 729 897 ﬁduciam;
758 868 786 891 ut
801 873 850 899 per
862 864 953 892 Domi-
969 883 990 910 Β

168 918 253 942 num,
282 911 383 938 nullius
411 915 599 946 agnoscentem
626 910 788 945 imperium,
815 910 953 946 Deumque

166 965 260 985 verum
277 965 308 985 ac
318 961 470 992 potentem;
487 961 525 984 tot
540 961 732 992 tantorumque
747 958 881 985 bonorum
897 960 952 985 vcl-

167 1007 194 1030 ul
219 1003 373 1038 subscripta
393 1003 508 1035 sanctio,
525 1007 598 1030 certa
610 1007 636 1030 et
649 1003 798 1031 indubitata
810 1003 883 1038 jura,
898 1004 952 1031 mi-

166 1049 343 1077 sericordiam
371 1049 527 1077 consecutis
550 1049 709 1077 constituat.
728 1049 806 1083 Quod
822 1055 849 1077 et
863 1050 951 1086 ipsum

165 1096 229 1123 olim
253 1096 480 1130 praenuntiaverat
500 1096 631 1131 propheta
652 1095 748 1124 dicens
769 1106 775 1123 :
804 1096 864 1123 Non
881 1097 952 1131 lega-

167 1145 209 1167 tus
221 1161 228 1172 .
247 1149 298 1167 non
315 1141 440 1175 angelus;
456 1140 500 1167 sed
530 1140 583 1174 ipse
600 1140 727 1167 Dominus
750 1141 862 1168 saluauit
886 1150 930 1169 eos
942 1151 951 1169 .‘

166 1193 300 1221 propterea
318 1187 387 1222 quod
401 1193 502 1214 amaret
518 1195 571 1218 eos,
583 1191 607 1213 et
624 1191 742 1220 parceret
760 1187 824 1221 ipsis
838 1192 876 1214 :et
890 1197 950 1215 sus-

166 1233 232 1266 cepit
256 1237 280 1259 ct
295 1233 423 1259 exaltari!
438 1241 481 1259 eos
498 1232 530 1258 “.
551 1231 639 1266 Atque
659 1232 715 1259 haec
726 1233 828 1265 omnia,
844 1241 895 1260 non
919 1241 952 1260 ea:

166 1278 286 1313 operibus
304 1286 362 1313 qua:
385 1278 522 1312 fecerimus
552 1279 603 1312 ipsi
628 1278 654 1304 in
681 1278 800 1310 iustitia;
825 1283 871 1306 aut
887 1279 952 1314 quia

165 1329 192 1351 te
205 1325 382 1351 dilexerimus
394 1325 417 1340 το
432 1324 547 1359 (primus
566 1323 638 1350 enim
658 1323 702 1350 ille
729 1331 829 1359 parens
858 1328 952 1353 uoster

166 1371 300 1406 terrigena
313 1391 319 1401 ,
348 1378 409 1397 cum
435 1370 554 1405 paradisi
569 1369 680 1397 delicias
708 1369 929 1406 domiciliumque
942 1391 950 1403 ,

167 1417 279 1445 honoris
302 1417 480 1452 prmrogativa
497 1419 673 1448 consecutus,
686 1419 763 1443 tuum
793 1416 858 1444 illud
882 1418 952 1444 divi-

167 1470 231 1490 num
246 1463 391 1497 sprevisset
413 1470 444 1490 ac
468 1463 588 1490 salutare
614 1465 798 1497 praeceptum,
822 1462 951 1498 indignus

166 1510 239 1537 vitali
254 1510 300 1537 illo
315 1510 374 1537 loco
385 1510 525 1545 judicatus
539 1513 581 1536 cst
594 1517 600 1543 ;
619 1516 752 1544 suumque
764 1517 846 1536 omne
858 1517 951 1537 semen

1006 224 1059 250 τῶν
1079 224 1131 250 σῶν
1145 225 1256 252 οἰκετῶν
1272 225 1484 252 καταπιστεῢσαι
1506 227 1641 262 σωτηρίαν
1656 228 1702 254 καὶ
1720 229 1797 264 εὐερ-

1006 271 1111 305 γεσίαν,
1129 272 1146 307 ἢ
1168 271 1315 307 λειτουργῷ
1343 271 1498 306 ἐγχειρῆσαι
1521 271 1569 307 τὴν
1599 273 1654 299 τῶν
1679 282 1800 309 προσκε-

1007 317 1161 353 κρουκότων
1190 319 1370 354 καταλλαγήν.
1399 319 1478 346 Ἀλλὰ
1507 319 1550 346 διὰ
1579 319 1626 346 τοῦ
1654 320 1800 355 ὁμοουσίου

1006 364 1096 395 Φωτδς
1109 364 1166 398 φῶς
1182 365 1244 398 τοῖς
1259 365 1294 391 ἐν
1305 366 1406 392 σκότει
1421 366 1468 392 καὶ
1483 365 1554 399 σκιᾷ
1567 365 1696 393 θανάτου
1707 367 1802 399 καθη-

1003 409 1106 444 μένοις
1123 410 1262 445 ὲδωρὴσω,
1285 411 1336 438 ἵνα
1360 412 1394 438 ἐν
1411 411 1449 444 τῷ
1471 412 1515 445 σῷ
1535 412 1606 446 φωτὶ
1629 412 1714 438 ἴδωσι
1735 411 1802 446 φῶς

1006 454 1142 489 γνώσεως
1152 464 1158 470 ·
1176 456 1224 482 καὶ
1240 456 1284 482 διὰ
1303 456 1348 482 τοῦ
1364 456 1491 483 δεσπότου
1509 458 1554 483 καὶ
1568 457 1735 492 δημιουρ-(οὖ
1751 457 1799 484 εὑ-

1005 501 1122 536 δόκησας
1136 502 1289 528 ἀναπλάσαι
1303 503 1375 538 ἡμᾶς
1389 504 1428 534 εἰς
1444 503 1606 538 ἀφθαρσίαν,
1623 503 1669 530 καὶ
1686 503 1732 530 διὰ
1751 503 1799 530 τοῦ

1006 546 1185 581 ἀᾳορίσαντος
1201 546 1232 572 ἐκ
1245 547 1407 582 παραδείσου
1421 549 1526 583 τρυφῆς
1538 548 1586 583 τὴν
1608 549 1646 579 εἰς
1664 548 1799 583 παράδει-

1007 600 1051 618 σον
1064 590 1140 623 αὖθις
1154 592 1329 625 ὲπανάζευξιν
1342 593 1459 629 ἐχαρίσω
1470 601 1477 608 ·
1492 594 1538 620 καὶ
1549 593 1592 621 διὰ
1604 593 1658 620 τοῦ
1671 595 1800 628 ἔχοντος

1005 638 1149 670 ἐξουσίαν
1169 638 1286 672 ἀφιέναι
1305 639 1448 673 ἁμαρτίας
1467 639 1499 665 τὸ
1521 640 1583 667 καθ’
1597 639 1682 674 ἡμῶν
1700 640 1799 674 χειρὸ-

1005 691 1119 717 magar
1133 683 1311 718 ἑξήλειψας·
1330 683 1376 710 καὶ
1391 684 1434 710 διὰ
1447 683 1494 710 τοῦ
1514 684 1656 720 συνθρόνου
1678 684 1727 711 καὶ
1748 684 1800 711 ἀν-

1005 729 1164 764 εκφοιτήτου
1187 729 1235 764 τῆς
1255 729 1328 761 θείας
1352 738 1396 756 σου
1420 730 1526 764 φύσεως
1545 730 1593 766 τὴν
1613 730 1681 766 πρὸς
1699 730 1730 756 σὲ
1741 740 1803 758 κατ-

1006 775 1123 811 αλλαγήν
1166 775 1213 801 καὶ
1236 776 1417 811 προσαγωγὴν
1442 777 1471 802 ὲν
1495 775 1652 812 πεποιθήσει
1678 775 1800 810 ἐφιλοτι-

1005 821 1099 856 μήσω·
1125 821 1199 853 ὅπως
1225 822 1268 848 διὰ
1294 821 1422 849 δεσπότου
1447 822 1633 854 ἀϐασιλεύτου,
1654 822 1701 849 καὶ
1727 821 1799 848 Θεοῦ

1004 866 1129 902 ἀληθινοῦ
1145 868 1192 893 καὶ
1206 867 1389 900 ὲξουσιαστοῦ,
1405 869 1419 895 ὁ
1441 868 1494 895 τῶν
1508 868 1641 895 τοσούτων
1658 869 1706 895 καὶ
1722 868 1800 903 τηλι-

1004 912 1107 939 κούτων
1129 913 1238 946 ἀγαθῶν
1261 914 1357 949 δεσμὸς
1380 915 1602 950 ὑπογραφόμενος
1623 914 1800 950 ἁναμφίϐολα

1003 959 1058 990 τοῖς
1077 959 1245 993 ἐλεουμένοις
1266 961 1424 997 καταστήσῃ
1447 961 1496 996 τῆς
1515 961 1622 996 χάριτος
1642 961 1675 987 τὰ
1693 961 1796 987 δίκαια.

1003 1005 1070 1040 Περὶ
1086 1005 1145 1032 ὅτου
1171 1005 1218 1032 καὶ
1241 1007 1255 1032 ὁ
1282 1007 1424 1042 προφήτης
1445 1008 1617 1042 προεμήνυσε
1638 1007 1741 1042 λέγων·
1755 1008 1800 1034 Οὐ

1003 1052 1144 1086 πρέσϐυς,
1162 1054 1217 1080 οὐκ
1229 1053 1365 1088 ἄγγελος,
1379 1054 1448 1080 ἀλλ’
1464 1053 1555 1087 αὐτὸς
1569 1056 1585 1081 d
1602 1054 1711 1088 Κύριος
1722 1054 1798 1081 ἔσω-

1002 1107 1059 1125 σεν
1078 1099 1197 1132 αὐτοὺς,
1216 1100 1294 1134 παρὰ
1318 1099 1351 1126 τὸ
1373 1099 1493 1134 ἀγαπᾷν
1508 1100 1629 1133 αὐτοὺς,
1655 1101 1705 1127 καὶ
1732 1100 1798 1134 gel-

1002 1144 1106 1172 ὃεσθίιι
1124 1145 1232 1177 αὐτῶν,
1251 1145 1299 1172 καὶ
1314 1145 1450 1177 ἀνέλαϐε,
1468 1146 1515 1172 καὶ
1535 1146 1659 1180 ’ὕψωσεν
1671 1147 1796 1179 αὐτούς.

1002 1190 1056 1216 Καὶ
1070 1190 1157 1217 ταῦτα
1174 1190 1261 1216 πάντα
1282 1192 1338 1217 οὐκ
1352 1191 1386 1223 ἐξ
1408 1191 1502 1225 ἔργων
1523 1191 1607 1225 ἡμῶν
1620 1191 1678 1218 τῶν
1697 1192 1734 1218 ἐν
1753 1191 1798 1218 δι-

1002 1237 1159 1270 καιοσύνῃ,
1172 1236 1226 1263 οὐδ’
1239 1237 1278 1262 ὅτι
1292 1237 1371 1272 ἡμεῖς
1389 1245 1418 1263 σε
1435 1238 1618 1273 ἠγαπήσαμεν
1635 1237 1659 1272 (ό
1675 1238 1729 1272 γὰρ
1739 1246 1799 1273 ,γη-

1001 1282 1083 1317 γενὴς
1099 1282 1176 1317 ἡμῶν
1194 1282 1343 1317 προπάτωρ
1364 1283 1411 1308 καὶ
1433 1282 1482 1317 τὴν
1503 1283 1532 1308 ὲν
1556 1283 1711 1318 παραδείσῳ
1729 1291 1799 1319 τρυ-

1003 1327 1055 1362 φὴν
1070 1327 1117 1353 καὶ
1133 1327 1270 1362 διαγωγὴν
1288 1326 1422 1361 τιμηθεὶς,
1433 1327 1482 1362 τὴν
1499 1327 1573 1354 Θείαν
1592 1327 1640 1354 καὶ
1661 1327 1799 1362 σωτήριόν

1003 1381 1048 1399 σου
1065 1372 1232 1407 ἐκφαυλίσας
1249 1373 1369 1408 ἐντολὴν,
1392 1373 1557 1408 ἁποδόκιμος
1580 1372 1686 1408 ζωηροῦ
1705 1372 1798 1408 χώρου

1001 1418 1109 1454 ἐκρίθη,
1127 1419 1173 1445 καὶ
1194 1418 1224 1445 τὸ
1244 1419 1298 1446 πᾶν
1311 1418 1393 1446 αὐτοῦ
1412 1419 1522 1454 σπέρμα
1538 1418 1710 1445 ἀκιδνότατον
1727 1427 1800 1444 κατ-

1001 1463 1108 1499 έστησε,
1127 1465 1184 1496 τοῖς
1203 1464 1290 1496 νόθοις
1313 1464 1481 1501 μοσχεύμασι
1503 1465 1551 1500 τῆς
1567 1463 1711 1500 σάμαρτίας
1723 1472 1798 1499 συμο

1002 1511 1148 1546 φυράσας),
1169 1510 1238 1538 ἀλλὰ
1259 1511 1292 1537 δι’
1306 1511 1399 1538 ἑαυτὸν
1420 1512 1468 1538 καὶ
1486 1511 1536 1546 τὴν
1552 1511 1616 1546 περὶ
1635 1510 1665 1537 τὸ
1682 1509 1798 1545 πλάσμα

167 1556 268 1591 spuriis
284 1556 387 1591 peccati
402 1555 554 1583 stolonibus
565 1555 755 1585 commiscens.
772 1555 800 1581 in
815 1562 947 1582 summam

1008 1568 1046 1586 του
1060 1559 1162 1593 ἄφατον
1177 1559 1298 1595 ἀγάπην,
1315 1559 1501 1595 ἐκραταίωσας
1517 1559 1559 1594 ἐφ’
1573 1560 1647 1595 ἡμᾶς
1666 1559 1695 1586 τὺ
1719 1559 1797 1590 ἔλεός

167 1603 333 1630 debilitatem
363 1602 474 1637 adegit),
492 1601 539 1629 sed
556 1601 613 1636 ipse
629 1605 738 1636 propter
755 1601 927 1636 temetipsum
941 1621 949 1633 ,

167 1649 396 1684 inenarrabilique
412 1649 457 1675 illa
480 1652 525 1675 tua
542 1655 605 1682 erga
625 1648 780 1683 ﬁgmentum
795 1647 948 1679 dilectione,

165 1694 380 1722 misericordiam
399 1695 425 1721 in
442 1702 492 1721 nos
515 1699 597 1725 tuam,
613 1693 734 1725 Domine,
750 1693 950 1727 corroborasti;

167 1746 342 1774 nostramque
374 1740 422 1767 abs
447 1743 473 1766 te
502 1739 698 1774 separationem
725 1739 838 1769 dolens.
869 1739 950 1765 etiam

166 1787 225 1821 ipse
239 1791 274 1815 te.
291 1793 373 1820 super
387 1790 480 1812 nostra
493 1785 676 1820 corruptione.
693 1789 723 1811 ut
734 1784 811 1811 dare:
826 1785 853 1811 in
872 1784 950 1811 mise-

165 1833 295 1860 ricordias
313 1832 346 1862 “,
358 1831 471 1866 plaeasri
487 1834 513 1858 et
528 1831 664 1858 inﬁexisli.
679 1829 747 1857 llinc
761 1838 811 1857 nos
823 1830 951 1865 deinceps

166 1879 229 1906 Axio:
242 1878 349 1905 soExolcs
367 1876 433 1904 festa
451 1877 548 1911 plausu
567 1875 683 1911 agimus,
697 1876 767 1911 quod
786 1876 892 1911 primus
907 1877 952 1903 ille

166 1925 230 1952 Adae
245 1925 332 1955 ﬁctor,
355 1932 403 1951 sua
431 1923 489 1958 ipse
506 1927 611 1958 sponte,
628 1931 714 1950 novus
741 1923 825 1950 Adam
840 1922 952 1950 cﬁ‘ectus

167 1972 202 1999 sit
219 1981 225 1998 :
242 1970 423 2006 splendorque
441 1969 544 1996 Domini
559 1968 606 1996 Dei
622 1969 708 1996 nostri
731 1968 874 1996 nobiscum
890 1975 951 1995 ver-

167 2021 243 2045 satus
258 2017 358 2048 cst’“;
372 2020 400 2042 ut
416 2015 498 2043 Deum
511 2015 581 2042 facie
593 2015 625 2042 ad
639 2015 734 2042 faciem
750 2015 909 2045 viderimus,
924 2017 951 2041 et

166 2064 233 2091 salvi
261 2063 323 2090 farti
355 2062 451 2089 simus.
479 2061 676 2094 Quamobrem,
702 2061 892 2093 Domine,ate
909 2060 951 2087 di-

166 2107 411 2144 mittiquzcroﬂidi
422 2107 547 2135 Salutare
562 2112 639 2134 tuum
655 2117 661 2134 :
675 2107 801 2135 absolvar
815 2114 878 2142 ergo
893 2113 951 2133 cur-

165 2164 199 2183 vo
215 2156 311 2182 littera:
332 2155 407 2190 jugo.
426 2153 488 2180 Vidi
514 2153 613 2188 Regem
638 2154 845 2187 sempiternum,
863 2156 890 2180 et
906 2152 950 2179 cui

166 2201 236 2228 alius
259 2208 311 2227 non
339 2199 468 2226 succedat
483 2209 488 2226 :
508 2199 632 2226 absolvar
644 2198 734 2226 servuli
748 2198 842 2225 collari
859 2197 910 2224 hoc
923 2201 950 2225 et

1003 1612 1059 1634 σου,
1075 1604 1171 1639 Κύριε,
1187 1604 1410 1640 κατῳκτείρησάς
1426 1613 1455 1631 τε
1476 1605 1525 1640 τὴν
1535 1605 1685 1640 ἀπαγωγὴν
1700 1605 1715 1639 ἠ
1721 1605 1793 1639 μῶν,

1002 1650 1048 1676 καὶ
1058 1649 1151 1676 ἑαυτὸν
1165 1649 1341 1685 ὲδυσώπησας
1357 1649 1404 1676 ἐπὶ
1418 1651 1450 1685 τῇ
1465 1649 1624 1685 καταφθορᾷ
1635 1649 1711 1684 ἡμῶν
1724 1649 1796 1684 (62),

1001 1694 1054 1721 τοῦ
1065 1694 1169 1721 δοῦναι
1178 1694 1257 1729 ἡμᾶς
1264 1696 1307 1727 εὶς
1317 1695 1510 1730 οἱκτειρμούς.
1527 1695 1607 1721 Ὅθεν
1623 1695 1714 1730 ἑορταὶ
1728 1695 1796 1730 ἡμῖν

1001 1741 1092 1768 λοιπὸν
1116 1741 1345 1777 συγκεκρότηνται
1368 1743 1424 1773 τοῖς
1446 1741 1621 1776 Ἀδαμιαίοις,
1644 1741 1684 1767 ὅτι
1697 1741 1796 1768 ὁπλα-

1002 1787 1132 1822 στουργὸς
1156 1787 1203 1813 τοῦ
1219 1786 1304 1822 ’Λδᾱμ
1323 1787 1412 1813 ἑκοντὶ
1432 1787 1491 1819 νέος
1510 1787 1593 1822 Ἀδὰμ
1617 1787 1726 1821 γέγονε·
1746 1787 1797 1813 καὶ

1002 1831 1018 1865 ἡ
1032 1830 1189 1865 λαμπρότης
1203 1830 1304 1865 Κυρίου
1321 1831 1367 1856 τοῦ
1383 1831 1449 1858 Θεοῦ
1462 1831 1539 1867 ήμῶν
1555 1831 1614 1867 μεθ’
1631 1831 1710 1867 ἡμῶν
1729 1840 1797 1858 κατ-

1001 1876 1118 1910 εγένετο,
1126 1876 1195 1903 ὥστε
1205 1877 1267 1904 ἰδεῖν
1274 1877 1339 1904 Θεὸν
1348 1877 1490 1912 πρόσωπον
1499 1878 1565 1912 πρὸς
1574 1878 1717 1913 πρόσωπον
1727 1877 1795 1913 (63),

1002 1922 1048 1947 καὶ
1072 1921 1198 1957 σωθῆναι.
1223 1922 1358 1955 ’1“οὗνεκα,
1379 1919 1400 1949 ὦ
1419 1922 1552 1955 Δέσποτα,
1577 1923 1625 1958 τὴν
1648 1923 1723 1958 παρὰ
1747 1923 1796 1951 σοῦ

1001 1967 1130 1995 ἀπόλυσιν
1146 1969 1275 2004 ἐπιζητῶ.
1291 1967 1367 1996 Εἶδον
1383 1969 1412 1996 τὸ
1429 1969 1560 2005 σωτήριόν
1583 1978 1629 1996 σου
1640 1978 1647 1985 ·
1667 1970 1797 1997 ἀπολυοῶ

1002 2014 1047 2040 τοῦ
1073 2015 1308 2050 γραμματοκυφου
1336 2015 1429 2049 ζυγοῦ.
1463 2013 1538 2042 Εἶδον
1567 2016 1677 2050 βασιλέα
1709 2017 1796 2044 ἀΐδιον

1002 2060 1048 2086 καὶ
1064 2060 1215 2095 ἀδιάδοχον·
1242 2061 1369 2088 ὰπολυθῶ
1397 2061 1443 2088 τοῦ
1467 2062 1588 2088 δουλικοῦ
1609 2063 1655 2088 καὶ
1680 2063 1796 2097 ἀχθοφό-

1003 2114 1048 2140 ρου
1071 2105 1171 2132 κλοιοῦ.
1188 2104 1264 2133 Εἶδον
1280 2107 1358 2141 φύσει
1376 2107 1512 2143 Δεσπότην
1527 2108 1574 2134 καὶ
1593 2107 1794 2143 ἐλευθερωτήν·

1001 2151 1109 2187 τύχοιμι
1123 2152 1169 2178 τοῦ
1188 2152 1358 2189 ἐλευθερικοῦ
1375 2153 1457 2180 αὐτοῦ
1475 2154 1584 2189 δεσμοῦ.
1598 2154 1684 2181 Λῦσόν
1697 2163 1731 2189 με
1748 2155 1795 2181 τοῦ

1003 2196 1084 2231 ζυγοῦ
1102 2197 1150 2232 τῆς
1168 2197 1365 2233 κατακρίσεως,
1379 2199 1425 2225 καὶ
1442 2198 1588 2232 ὑπόζευξον
1605 2199 1643 2235 τῷ
1658 2199 1732 2235 ζυγῷ
1743 2200 1795 2235 τῆς

167 2248 328 2283 ponderoso.
354 2246 415 2273 Vidi
430 2250 529 2273 natura
543 2244 686 2272 Dominum
707 2249 735 2272 et
761 2245 950 2277 liberatorem;

1008 2243 1179 2275 δικαιώσεως.
1197 2243 1284 2270 Λῦσόν
1293 2253 1326 2279 με
1336 2244 1382 2271 τοῦ
1394 2244 1475 2278 ζυγοῦ
1483 2245 1531 2280 τῆς
1541 2245 1609 2280 ἀρᾶς
1617 2246 1663 2271 καὶ
1674 2246 1720 2272 τοῦ
1731 2247 1798 2273 ἀπο-

165 2301 316 2329 conscquar
329 2300 394 2328 ergo
407 2292 578 2319 liberatiouis
596 2299 662 2318 mcze
673 2291 707 2318 ab
724 2287 790 2326 ipso.
801 2290 949 2318 decretum.

166 2340 247 2368 Solve
269 2348 311 2367 me
324 2361 331 2372 ,
357 2339 472 2366 Domine
482 2359 489 2371 ,
515 2338 581 2373 jugo
595 2337 848 2370 condemnationis;
865 2342 892 2363 et
907 2343 950 2363 me

166 2386 252 2414 subde
265 2386 332 2421 jugo
359 2384 574 2420 justiﬁcationis.
592 2383 671 2410 Solve
686 2390 728 2410 me
749 2373 816 2418 j’ugo
841 2382 950 2409 maledi-

1006 2290 1156 2322 κτείνοντος
1169 2290 1331 2327 γράμματος
1338 2300 1345 2307 ·
1359 2291 1407 2318 καὶ
1417 2291 1517 2328 ξνειρον
1525 2292 1564 2327 τῷ
1575 2292 1682 2328 ἀριθμῷ
1690 2293 1740 2328 τῆς
1748 2293 1796 2320 εὐ-

1003 2335 1094 2370 λογίας
1104 2335 1158 2362 τὼν
1171 2337 1210 2367 εἰς
1223 2336 1357 2362 υἱοθεσίαν
1371 2337 1580 2372 εἰσποιουμένων
1593 2339 1625 2373 τῇ
1641 2339 1732 2374 χάριτι
1746 2339 1796 2366 τοῦ

1003 2381 1128 2417 ἀληθινοῦ
1138 2382 1183 2408 καὶ
1193 2381 1318 2416 ὁμοδόξου
1328 2382 1546 2418 καὶόμοδυνάμου
1555 2383 1649 2410 τούτου
1660 2384 1725 2410 Υὶοῦ
1735 2393 1796 2414 σου,

165 2435 264 2462 ctionis
286 2442 318 2461 ac
342 2433 491 2461 occidentis
507 2433 602 2459 littera:
617 2432 658 2465 7’;
678 2438 826 2466 eorumque
837 2429 1018 2457 benedictioni
1030 2429 1118 2456 insere
1137 2437 1314 2464 accenseque,
1329 2430 1376 2464 qui
1395 2430 1434 2457 tui
1449 2430 1531 2465 hujus
1547 2430 1603 2458 veri
1615 2431 1795 2466 ejusdemque

164 2480 253 2507 tre-um
270 2480 361 2515 gloriae
376 2485 402 2507 et
416 2479 541 2514 potentia:
558 2477 617 2505 Filii
631 2478 729 2513 gratia,
744 2478 769 2504 in
781 2477 826 2511 jus
840 2476 955 2503 ﬁliorum
967 2481 1030 2503 sunt
1045 2477 1168 2510 ascripti.

202 2525 246 2553 IX.
269 2525 329 2552 Sint
346 2534 427 2561 porro
442 2527 508 2556 haec.
525 2525 632 2560 inquit,
661 2524 832 2552 celebrandis
851 2523 950 2551 divinis

166 2571 336 2601 muneribus,
353 2571 513 2599 brevissime
525 2571 656 2597 hactenus
671 2573 891 2596 commemorata.
910 2567 950 2594 Ad

203 2651 224 2666 ⁸⁵
244 2651 299 2678 Im.
323 2659 360 2681 ix,
380 2652 412 2684 ‘2;
434 2660 500 2682 sui,
523 2652 557 2685 ’ῖς
578 2652 641 2679 Luc.
664 2659 683 2683 I,
704 2651 747 2679 79.

167 2693 253 2717 um,
274 2688 300 2713 9.
338 2687 362 2702 ⁷⁰
383 2686 434 2713 Tit.
458 2696 505 2718 ιιι,
526 2689 551 2714 5.
610 2689 631 2704 ⁷³
654 2688 662 2714 l
682 2687 762 2714 Joan.
783 2695 820 2719 tv,
840 2688 881 2714 19.

202 2765 258 2799 (ΗΞ)
282 2766 342 2791 Ἐπὶ
360 2765 396 2799 τῇ
416 2767 584 2801 καταφθορᾷ
601 2767 692 2802 ἡμῶν.
711 2768 850 2803 Signiﬁcat
866 2767 949 2796 Deum

167 2808 182 2826 1-.
196 2808 226 2827 sa
240 2804 354 2828 motum.
380 2802 437 2826 sola
454 2809 485 2828 ex
508 2803 585 2829 nobis
603 2803 706 2836 objecta
722 2802 841 2833 miseria.
859 2809 887 2829 ut
902 2813 951 2831 nos

167 2838 239 2871 daret
260 2835 284 2859 in
308 2835 512 2864 misericordias.
536 2835 724 2864 reconciliatos
748 2839 773 2864 iu
796 2847 846 2865 suo
863 2839 950 2871 Filio;

170 2870 241 2904 quod
258 2870 454 2897 incarnationis
470 2871 599 2898 tuotivum
614 2872 728 2907 theologi
745 2875 836 2900 multis
853 2881 950 2907 capen-

787 2653 809 2668 ⁸⁵
827 2651 901 2679 Psal.
923 2660 1003 2682 xxxv.
1026 2652 1069 2680 10.
1125 2653 1146 2669 ⁵⁷
1169 2652 1179 2679 Α

787 2695 820 2719 Iv,
840 2688 881 2714 19.
938 2689 970 2703 ⁷¹¹
991 2687 1066 2715 Psal.
1085 2695 1128 2720 cv,
1145 2688 1179 2715 46

1039 2523 1077 2549 0’.
1096 2523 1236 2549 Ἔστωσαν
1251 2523 1278 2550 δέ
1296 2532 1351 2558 μοι,
1368 2524 1449 2559 φησὶ,
1465 2524 1499 2551 τὰ
1523 2524 1581 2550 θεῖα
1598 2525 1795 2562 εὐχαριστὴρισ

1006 2568 1073 2604 πρὸς
1083 2568 1113 2595 τὸ
1128 2569 1214 2604 παρὸν
1234 2569 1298 2604 ἄχρι
1316 2569 1370 2596 τῶν
1389 2569 1564 2605 βραχυτάτων
1577 2570 1688 2597 τούτων.
1712 2570 1746 2598 Τί
1766 2571 1797 2598 δὲ

1125 2653 1146 2669 ⁵⁷
1169 2652 1251 2679 Marc.
1274 2660 1305 2683 ιι,
1327 2653 1369 2680 10.
1409 2653 1432 2669 ⁸³
1451 2652 1554 2681 Coloss.
1574 2654 1652 2685 u,t.

1234 2689 1257 2704 ⁷³
1276 2687 1298 2714 ll
1318 2688 1379 2715 Cor.
1402 2696 1449 2720 In,
1471 2689 1496 2715 ﬁ.

1691 2653 1714 2670 "
1733 2652 1796 2683 ιω.

1025 2773 1081 2796 unt.

1005 2770 1096 2840 du(liii)
1112 2806 1278 2839 Πρόσωπον
1293 2804 1367 2840 πρὸς
1382 2804 1553 2837 πρόσωπον.
1572 2804 1673 2838 Nempe
1689 2805 1715 2831 in
1734 2812 1796 2832 car-

1006 2848 1049 2871 ne,
1065 2841 1111 2866 mi.
1125 2841 1255 2873 σωθῆναι,
1268 2839 1368 2865 eualri
1381 2839 1444 2873 [acti
1455 2841 1549 2870 simus,
1565 2840 1735 2874 apparitione
1747 2841 1793 2867 illa

1004 2881 1029 2903 ct
1045 2875 1198 2909 clluigx-ulia
1213 2875 1362 2910 SplClldLI'lS
1375 2874 1456 2901 .l'n'iui
1470 2875 1497 2902 iu
1512 2875 1583 2902 nube
1600 2876 1792 2903 humanitatis.
