1911 3072
99 90 150 119 569

649 88 766 117 SERMO
789 88 830 116 DE
851 88 1000 116 SIMEONE
1020 88 1062 115 ΕΤ
1083 88 1186 116 ANNA.

1667 91 1719 117 570

102 148 168 185 πρὸς
185 148 215 174 σὲ
232 147 395 183 φθέγξομαι,
411 145 434 175 ὦ
449 149 543 184 Μῆτερ
565 148 696 183 Παρθένε,
712 148 759 175 καὶ
772 147 892 183 Παρθένε

950 155 969 175 ιο
984 155 1047 174 vero
1061 148 1124 182 quid
1137 147 1234 179 dicam,
1247 155 1263 174 ο
1280 147 1363 174 Mater
1372 147 1464 182 Virgo,
1482 150 1508 175 et
1524 146 1604 183 Virgo
1621 147 1721 176 Mater?

101 189 209 228 Μῆτερ;
227 190 260 229 ἦς
274 193 328 228 γὰρ
342 193 372 219 τὸ
386 193 466 228 ἔργον
479 194 528 220 οὐκ
543 192 719 229 ἀνθρώπινον,
735 192 833 228 ταύτης
848 194 893 220 καὶ

102 241 234 270 ὁὲπαινος
248 239 319 274 ὑπὲρ
335 239 488 275 ἄνθρωπον.
510 238 554 264 Διὸ
574 239 623 273 τῆς
646 238 759 274 ἀπορίας
777 239 807 265 τὸ
831 247 894 264 σκυ-

102 286 209 323 θρωπὸν
233 286 267 312 ἐκ
292 285 347 311 τῶν
365 285 412 312 τοῦ
432 286 589 320 Πνεύματος
610 284 673 320 περὶ
699 284 729 311 σὲ
756 285 894 321 καταλαμ-

103 331 196 367 πρυνῶ
209 330 310 366 γερῶν,
328 330 374 357 καὶ
397 331 431 357 τὰ
451 330 484 356 σά
506 339 546 356 σοι
568 329 767 365 προσκομίζων,
791 331 822 356 ἐκ
843 330 895 356 λει-

106 378 201 414 μώνων
231 377 375 404 ἀθανάτων
395 377 443 412 τὴν
467 377 539 412 ἱεράν
561 385 607 403 σου
630 376 676 402 καὶ
695 375 825 411 οεοστεφῆ
850 377 894 403 ἀν-

105 423 218 457 υμνήσω
247 422 345 457 κάραν.
375 421 519 456 Πατρικοῐς
546 430 575 447 σε
599 420 693 456 ὕμνοις
713 421 895 456 προσφθέγξο-

106 477 164 502 μαι,
182 467 304 503 θύγατερ
315 467 405 498 Δαϐὶό,
420 467 466 494 καὶ
485 467 571 503 μῆτερ
584 466 629 493 τοῦ
647 466 748 503 Κυρίου
767 467 812 493 καὶ
828 467 894 495 Θεοῦ

105 512 195 540 Δαϐίδ.
216 513 333 548 Αίσχρὸν
349 513 402 548 γὰρ
420 513 478 548 ἅμα
497 513 544 539 καὶ
569 512 723 547 ἁνεύφημον
749 512 895 548 ἀλλοτρίοις

105 560 218 594 κόσμοις
234 559 371 594 κοσμῆσαι
390 558 437 594 τὴν
460 560 492 594 τῇ
513 558 600 594 οἰκείᾳ
622 558 685 595 δόξῃ
707 558 894 594 διαφέρουσαν.

106 605 188 640 Δέχου
203 605 302 637 τοίνυν,
318 604 509 640 εὐμενεστάτη,
525 603 598 640 δῶρα
611 604 697 638 τίμια,
711 604 757 630 καὶ
775 605 814 630 σοὶ
829 603 895 639 μόνῃ

106 651 234 686 ἁρώια,
249 647 271 677 ὦ
294 650 388 677 πασῶν
409 649 509 684 γενεῶν
535 650 696 685 ὑψηλοτέρα,
723 650 768 676 καὶ
788 650 895 677 πάντων

106 696 211 732 ὁρατῶν
224 705 255 722 τε
274 697 321 723 καὶ
339 696 462 731 ἀοράτων
480 696 725 731 δημιουργημὰτων
747 696 896 731 τιμιωτέρα

108 742 233 776 φανεῖσα.
247 742 404 777 Μακαρίαή
417 741 477 776 ῥίζα
490 741 536 767 τοῦ
556 741 666 774 Ἰεσσαὶ,
685 742 732 768 καὶ
744 741 896 777 τρισμακά-

99 796 199 826 ⁵ριστος
215 788 229 813 ὁ
243 785 316 819 οἶκος
330 787 422 818 Δαϐὶδ,
437 788 464 813 ἐν
477 784 498 821 ᾧ
515 786 681 823 ἑϐλάστησας
694 787 759 823 (64).
782 788 812 813 '0
826 788 896 821 Θεὸς

107 834 140 861 ἐν
151 834 238 868 μέσῳ
254 841 322 865 σου,
336 834 385 860 καὶ
402 834 437 860 οὺ
453 833 644 868 σαλευθήσῃι
664 835 771 868 ἠνίασε
791 835 844 869 γὰρ
863 834 895 861 τὸ
912 824 933 851 Β

108 880 255 914 σκήνωμα
279 879 372 906 αὑτοῦ
390 881 407 906 ό
430 880 579 913 Ὕψιστος.
603 880 646 906 Ἐν
671 881 712 906 σοὶ
736 881 789 916 γὰρ
806 880 898 916 διαθῆ-

109 933 152 950 και
168 924 224 958 (65)
245 924 292 950 καὶ
312 923 478 959 ὀρκωμοσίαι
502 924 568 951 Θεοῦ
598 925 666 960 πρὸς
690 926 753 957 τοὺς
777 926 898 962 πατέρας

109 968 197 1004 ἡμῶν,
214 968 290 1000 τέλος
305 968 494 995 εὐκλεέστατον
517 968 648 1001 ἐδέξαντο·
666 969 706 996 ὅτι
727 969 770 996 διὰ
794 969 840 996 σοῦ
852 969 897 1004 γέ-

109 1023 169 1048 γονε
183 1014 295 1050 Κύριος,
310 1015 324 1041 ὁ
344 1014 410 1046 Θεὸς
425 1014 478 1040 τῶν
493 1014 632 1049 δυνάμεων
654 1015 712 1050 μεθ’
732 1015 822 1051 ἡμῶν.
847 1015 898 1041 Τὸν

111 1059 154 1086 σὺν
167 1059 410 1094 προδιαγράφουσα
423 1059 557 1094 θεοπρεπῆ
571 1059 740 1095 χαρακτῆρα,
758 1059 823 1086 Θεὸν
838 1059 899 1094 ἐφε-

111 1113 155 1140 ρεν
170 1105 312 1138 ἀφλέκτως
333 1106 350 1140 ἡ
371 1103 506 1138 ἄψαυστος
524 1104 612 1139 βάτος,
633 1105 846 1141 ὲμφανιζόμενον
860 1105 898 1140 τῷ

111 1151 238 1186 προφήτῃ
266 1149 304 1181 ὡς
325 1150 456 1185 ὁραθῆναι
479 1150 621 1186 ηὐδόκησε.
646 1151 808 1187 Στερέμνιος
823 1151 845 1177 δ’
865 1149 898 1178 αὖ

111 1196 157 1223 καὶ
171 1195 260 1231 πέτρα
280 1196 430 1232 ἀκρότομος
446 1196 494 1232 τὴν
511 1197 678 1232 παγκὸσμιον
695 1198 727 1223 ὲκ
748 1196 794 1223 σοῦ
811 1197 899 1232 πηγά-

114 1251 195 1270 σασαν
214 1242 295 1278 χάριν
315 1242 363 1269 καὶ
386 1242 514 1277 ὰνάψυξιν
534 1242 793 1278 προεξεικονίζουσα,
811 1251 900 1278 παρα-

113 1289 206 1325 μύθιον
232 1289 301 1324 ῐαμα
323 1289 472 1316 ἐκλείποντι
492 1289 547 1325 λαῷ
569 1290 600 1316 ὲκ
623 1289 741 1324 λαγόνων
765 1289 853 1325 ξηρῶν
870 1290 899 1315 ὲν

112 1337 205 1372 ἐρήμῳ
218 1335 336 1370 δαψιλῶς
356 1337 520 1371 προήγαγεν.
537 1337 574 1362 Ού
594 1335 646 1371 μὴν
661 1335 688 1362 δὲ
709 1335 775 1362 ἀλλὰ
792 1335 838 1361 καὶ
852 1335 898 1362 τοῦ

114 1381 206 1416 ἱερέως
226 1382 242 1416 ἡ
259 1381 368 1416 ῥάϐδος,
389 1382 438 1408 οὐκ
457 1381 583 1416 ἀδόκιμον
606 1381 743 1417 σύσσημον
759 1381 813 1417 (66)
830 1390 899 1417 παρ-

113 1428 204 1462 έσχετο
218 1428 268 1462 τῆς
285 1427 439 1463 ὑπερφυοῦς
454 1436 499 1454 σου
514 1427 630 1462 λοχείας,
644 1427 817 1464 ἀγεώργητον
833 1436 899 1463 καρ-

115 1474 161 1499 πὸν
179 1473 360 1507 ἐξανοὴσασα,
379 1472 512 1508 ίερατείας
529 1472 680 1507 ἐνδελεχοῦς
697 1472 851 1507 ἀρραϐῶνα.
866 1472 898 1498 Τί

114 1519 155 1551 δέ;
171 1519 217 1545 καὶ
230 1520 243 1545 ὁ
261 1519 348 1554 μέγας
362 1519 480 1554 Μωῡσῆς
501 1519 531 1545 οὐ
556 1519 652 1554 κομιδῆ
677 1519 841 1554 παρέστησε,
856 1510 899 1545 διὰ
913 1509 933 1536 C

115 1565 173 1596 τοὺς
188 1564 252 1600 περὶ
267 1564 297 1590 σὲ
308 1564 544 1600 δυσκαταλήπτους
555 1564 656 1595 τύπους
672 1564 825 1601 ὲγχρονίσαι
843 1564 898 1600 (67)

115 1611 151 1645 τῷ
165 1610 222 1645 ὄρει
239 1610 308 1644 ἔγνω
327 1609 362 1636 τὰ
378 1610 441 1645 περὶ
458 1610 507 1644 τῆς
523 1610 607 1644 ἁγνῆς
627 1609 828 1636 ἐκδιδάσκεσθαι
849 1618 899 1645 μυ-

116 1657 227 1693 στήριας
249 1655 335 1692 Πῆξαι
360 1656 414 1691 γὰρ
440 1656 509 1683 κατὰ
530 1655 659 1692 σύμϐολον
689 1657 734 1683 καὶ
759 1656 827 1692 πρὸς
849 1657 900 1690 ὰφ-

116 1703 241 1737 ομοίωσιν
258 1702 373 1728 κιϐωτὸν
392 1702 439 1728 καὶ
455 1701 554 1736 ταύτην
580 1702 765 1736 προσταχθεὶς,
782 1702 813 1728 οὐ
829 1709 898 1737 παρ-

117 1749 202 1783 έργως
215 1749 351 1783 ἐχρήσατο
363 1749 417 1779 τοῖς
436 1747 687 1783 προστεταγμένοις,
702 1749 725 1773 εί
749 1748 796 1774 καὶ
817 1756 900 1783 τραγσ

116 1794 180 1829 ῳδού
183 1802 252 1830 μενα
264 1803 295 1820 συ
300 1793 434 1829 μϐἑϐηκεν
444 1794 488 1820 ἐπὶ
497 1795 529 1829 τῇ
542 1793 699 1826 καταϐάσει,
708 1793 764 1821 ἀλλ’
772 1795 812 1825 είς
821 1794 900 1820 πέντε

116 1841 199 1877 ἡμίση
216 1841 314 1875 πήχεις
331 1840 431 1876 ταύτην
443 1841 610 1872 συντελέσας,
619 1840 758 1876 νομοδόχον
772 1840 900 1872 ἀνέδειξε,

117 1888 170 1918 τοῖς
189 1886 322 1922 χερουϐιμ
340 1886 612 1921 συγκαλυπτομένην¹
634 1885 855 1920 ὲκφαντικώτατά
872 1894 900 1912 σε

118 1933 164 1968 τὴν
176 1933 305 1960 Θεοτόκον
323 1932 569 1968 προσημαίνουσαν,
583 1932 630 1967 τὴν
643 1932 767 1967 ἀφθόρως
782 1932 900 1967 ἐγκυμοι-

118 1980 245 2013 νήσασαν,
259 1979 305 2005 καὶ
320 1978 465 2013 ἀφράστως
474 1979 667 2013 ὰποκυήσασαν
679 1978 726 2014 τὴν
737 1979 784 2012 τῆς
798 1978 902 2013 ἀφθαρ-

119 2025 176 2056 σίας
193 2024 322 2051 σύστασιν
342 2024 388 2051 ἐπὶ
401 2024 470 2050 τέλει
483 2024 535 2050 τῶν
557 2024 635 2051 πέντε
652 2024 771 2059 ἡμίσεως
787 2024 834 2050 τοῦ
856 2024 901 2050 κό-

119 2079 184 2105 σμου
207 2071 324 2096 κύκλων.
349 2070 399 2096 Διὰ
415 2071 453 2103 σὲ,
471 2071 518 2097 καὶ
532 2071 578 2106 τὴν
595 2072 626 2096 ἐκ
643 2070 688 2096 σοῦ
704 2070 836 2105 ἄχραντον
854 2070 900 2096 τοῦ

944 193 1023 228 cujus
1034 193 1105 220 enim
1123 200 1191 228 opus
1206 201 1259 220 non
1274 194 1419 220 humanum
1433 197 1493 226 est,
1517 194 1576 228 ejus
1592 199 1616 222 et
1629 195 1722 222 lauda—

944 239 1016 266 datio
1029 238 1134 266 excedit
1146 239 1292 266 hominem.
1305 238 1484 272 Quamobrem
1498 241 1665 274 paupertatis
1679 241 1722 267 hic

945 292 1010 311 mem
1021 284 1227 316 obscuritatem,
1249 284 1302 311 tuis
1316 291 1331 310 a
1349 282 1449 318 Spiritu
1466 284 1614 313 honoribus
1628 285 1721 313 donis-

945 339 996 366 que
1018 330 1180 358 illustrabo:
1202 335 1301 365 tuaque
1322 329 1369 356 tibi
1396 328 1510 357 oderens
1528 338 1543 357 e
1557 332 1642 363 pratis
1672 332 1723 358 im-

946 378 1114 410 mortalibus,
1125 381 1200 404 tuum
1212 383 1318 404 sacrum
1334 379 1360 403 et
1374 383 1388 402 a
1403 375 1457 403 Deo
1469 380 1626 403 coronatum
1642 381 1723 412 caput

945 423 1099 450 dilaudabo.
1114 422 1212 450 Patriis
1222 426 1248 449 te
1257 421 1381 453 canticis,
1391 420 1458 448 Filia
1474 421 1568 454 David,
1586 422 1723 457 Materque

945 470 1051 497 Domini
1070 473 1097 496 et
1113 468 1160 496 Dei
1179 468 1272 499 David,
1287 468 1420 495 salutabo.
1435 467 1524 503 Turpe
1545 468 1616 496 enim
1632 467 1722 500 fuerit,

945 516 1066 550 adeoque
1081 514 1291 549 inauspicatum,
1307 517 1336 540 ut
1349 514 1445 541 alienis
1459 514 1575 545 orncris,
1589 522 1649 548 quae
1660 522 1723 549 pro-

946 561 1003 594 pria
1014 559 1099 594 gloria
1112 559 1260 593 pracellas.
1276 558 1375 593 Accipe
1399 559 1498 594 igitur,
1516 559 1722 594 benignissima,

945 604 1016 631 dona
1031 605 1159 639 pretiosa,
1173 604 1277 638 tibique
1291 604 1336 630 uni
1354 604 1542 631 convenientia
1555 625 1562 637 ,
1589 613 1604 631 o
1619 607 1725 632 cunctis

945 651 1045 678 celsior
1056 651 1287 685 generationibus,
1299 658 1413 685 qumque
1433 650 1504 677 inter
1518 655 1608 677 creata
1623 652 1723 683 omnia.

947 700 1003 723 tum
1019 696 1146 728 visibilia,
1165 701 1221 722 tum
1247 696 1404 728 invisibilia,
1422 696 1513 724 multis
1530 698 1651 725 numeris
1675 697 1726 724 ho-

947 742 1096 769 norabilior
1108 742 1240 769 enituisti.
1258 741 1332 769 Felix
1355 741 1431 769 radix
1451 741 1537 774 Jesse,
1553 747 1578 769 et
1594 746 1635 770 ter
1650 743 1725 770 beata

947 788 1044 815 domus
1055 787 1139 814 David
1162 787 1188 814 in
1203 795 1256 822 qua
1269 788 1435 823 germinasti.
1450 788 1518 815 Deus
1535 789 1561 815 in
1576 789 1659 816 media
1674 791 1726 821 tui,

947 837 971 861 et
985 842 1036 861 non
1047 833 1244 861 commoveben‘s
1260 842 1268 860 :
1284 834 1455 868 sancti/icavit
1470 835 1536 861 enim
1555 840 1589 866 te,
1607 835 1727 862 taberna-

947 879 1035 906 culum
1049 886 1136 912 suum,
1148 878 1299 906 Altissimus
1312 879 1335 894 ⁷³
1350 888 1356 905 :
1374 879 1401 905 in
1416 883 1442 906 te
1453 879 1524 906 enim
1536 878 1580 906 Dei
1593 879 1626 906 ad
1639 883 1729 914 patres

947 929 1106 952 testamenta
1119 925 1326 960 juramentaque
1346 925 1424 952 tinem
1440 925 1666 960 gloriosissimum
1682 934 1728 953 ac—

947 975 1090 1006 ceperunt;
1107 971 1168 1006 quia
1187 979 1234 1007 per
1254 975 1280 999 te
1309 971 1439 999 Dominus
1455 971 1543 999 factus
1569 976 1629 1005 est,
1658 971 1729 999 Deus

947 1018 1078 1045 virtutum
1094 1017 1246 1045 nobiscum.
1273 1015 1368 1044 Rubus
1384 1017 1428 1044 ille
1453 1017 1571 1044 intactus
1584 1017 1618 1049 ⁷⁸,
1637 1017 1729 1045 divina

948 1062 1063 1098 quadam
1078 1063 1219 1097 majestate
1230 1063 1336 1097 plenam
1351 1062 1407 1097 jam
1425 1066 1481 1090 tum
1493 1062 1643 1092 informans
1655 1068 1729 1090 tuam

949 1108 1072 1142 ﬁguram,
1087 1107 1172 1134 Deum
1202 1107 1340 1143 prophetae
1368 1111 1550 1142 apparentem,
1564 1107 1642 1146 juxta
1657 1107 1729 1142 quod

949 1154 972 1180 ei
997 1154 1161 1188 conspicuus
1188 1152 1246 1180 fieri
1270 1153 1373 1185 voluit,
1399 1153 1586 1180 incombustus
1614 1152 1728 1183 ferebat.

950 1199 1020 1226 Dura
1045 1203 1134 1226 autem
1147 1206 1244 1226 rursus
1256 1206 1288 1225 ac
1302 1203 1438 1233 praerupta
1453 1194 1538 1234 petra;
1553 1199 1624 1234 quod
1647 1207 1680 1226 ex
1703 1204 1728 1226 te

949 1245 976 1271 in
992 1245 1146 1272 universum
1159 1244 1252 1272 orbem
1273 1244 1367 1279 gratia:
1392 1252 1492 1272 munus
1508 1245 1729 1280 refrigeratioque

949 1291 1135 1326 promanavit,
1157 1293 1183 1318 et
1198 1291 1256 1325 ipsa
1272 1290 1408 1325 quondam
1425 1291 1578 1326 exprimens
1605 1290 1729 1325 prmﬁgu-

949 1344 1076 1372 ransque,
1098 1336 1233 1364 delicienti
1261 1336 1289 1363 in
1315 1336 1441 1369 deserto,
1469 1337 1567 1372 populo
1589 1337 1729 1371 copiosum

949 1383 1078 1410 auxilium
1095 1391 1128 1411 ex
1143 1383 1262 1411 hiatibus
1284 1383 1364 1411 siccis
1381 1383 1508 1418 produxit
1526 1384 1558 1410 ⁷³.
1580 1382 1633 1410 Sed
1647 1387 1673 1410 et
1687 1391 1730 1410 sa-

949 1428 1067 1456 cerdotis
1079 1428 1154 1464 virga
1169 1428 1203 1459 "‘,
1220 1428 1248 1455 in
1271 1428 1389 1455 fructum
1410 1428 1469 1455 sine
1488 1427 1605 1458 cultura,
1619 1430 1730 1462 sponta-

950 1481 1085 1509 neumque
1112 1473 1255 1502 sacerdotii
1286 1473 1413 1508 perennis
1437 1473 1637 1505 arrhabonem,
1658 1471 1731 1499 cilio-

951 1529 1014 1549 rens
1028 1521 1062 1552 ⁷⁷,
1076 1520 1143 1547 nihil
1171 1519 1314 1555 reprobum
1331 1519 1422 1546 eximii
1440 1519 1478 1546 tui
1506 1522 1599 1554 partus
1622 1518 1732 1553 symbo-

952 1568 1006 1594 lum
1023 1567 1147 1602 praebuit.
1165 1567 1233 1599 Quid
1249 1566 1333 1593 vero?
1349 1566 1443 1593 Nonne
1467 1573 1581 1600 magnus
1597 1565 1641 1591 ille
1655 1564 1730 1599 Moy-

953 1621 997 1641 ses
1025 1613 1096 1641 idem
1107 1613 1259 1640 luculenter
1269 1611 1425 1642 declaravit,
1436 1616 1544 1646 propter
1559 1611 1595 1637 tui
1609 1610 1730 1637 difﬁciles

953 1659 1092 1687 intellectu
1121 1659 1240 1695 ﬁguras,
1265 1658 1367 1686 diutius
1388 1657 1415 1684 in
1439 1659 1556 1684 montem
1579 1662 1730 1682 commora-

954 1709 997 1733 tus
1010 1705 1043 1737 ⁷⁸,
1056 1709 1086 1733 ut
1102 1705 1192 1740 ignota
1203 1709 1250 1732 tua
1261 1708 1441 1735 sacramenta,
1455 1711 1471 1730 ο
1484 1706 1569 1734 casta,
1584 1701 1731 1730 edisceret?

953 1750 981 1778 In
1000 1751 1038 1779 rei
1049 1751 1120 1778 enim
1132 1751 1213 1785 hujus
1225 1751 1341 1786 signum,
1355 1753 1381 1778 et
1396 1749 1429 1776 ad
1441 1748 1642 1784 exprimendam
1659 1747 1732 1775 simi-

954 1796 1105 1828 litudinem,
1119 1796 1213 1831 jussus
1235 1796 1367 1823 fabricare
1389 1802 1490 1827 arcam,
1505 1801 1558 1821 non
1579 1793 1667 1820 obiter
1683 1800 1732 1819 ne-

954 1842 1121 1876 glectiusque
1134 1842 1268 1869 mandatis
1286 1840 1480 1876 obtemperavit
1494 1849 1500 1866 :
1517 1846 1670 1874 quanquam
1686 1846 1731 1864 ae-

953 1886 1077 1913 ciderunt
1092 1887 1194 1922 tragica
1211 1886 1333 1922 quaedam
1349 1887 1375 1913 in
1396 1887 1528 1913 descensu
1548 1893 1562 1911 a
1583 1888 1674 1911 monte
1683 1883 1707 1898 τ’
1723 1893 1729 1910 :

952 1933 998 1960 sed
1014 1933 1133 1968 quinque
1147 1933 1299 1961 cubitorum
1315 1937 1341 1960 et
1356 1932 1458 1960 dimidii
1472 1927 1634 1961 confectam,
1646 1930 1730 1960 illam,

951 1979 1018 2014 legis
1043 1980 1251 2014 susceptrieem.
1271 1978 1423 2005 cherubicis
1440 1978 1489 2004 alis
1521 1977 1681 2011 cooperuit:
1707 1980 1732 2002 tc

953 2025 1093 2059 Deiparam
1107 2025 1277 2059 apertissime
1294 2024 1499 2059 prmsignantem
1512 2044 1519 2056 ,
1536 2030 1594 2057 qua:
1606 2022 1665 2049 sine
1675 2029 1733 2048 cor-

952 2071 1078 2106 ruptione
1098 2078 1159 2097 cum
1188 2070 1353 2105 concepisti,
1383 2068 1611 2102 inenarrabilique
1628 2067 1733 2094 ratione

118 2116 181 2142 Θεοῦ
191 2116 276 2150 Λόγου
293 2117 440 2152 σάρκωσιν,
455 2117 502 2152 τὴν
526 2118 565 2148 είς
586 2117 628 2142 ἀεὶ
649 2116 789 2151 ἀτρέπτως
803 2125 832 2142 τε
856 2117 897 2143 καὶ

953 2117 1090 2152 peperisti,
1106 2116 1150 2151 qui
1164 2116 1221 2151 ipse
1232 2116 1446 2150 incorruptionis
1457 2115 1529 2142 velut
1542 2113 1680 2141 concretio
1692 2117 1733 2139 est

119 2163 269 2197 ἀμερίστως
284 2163 312 2188 ἐν
329 2162 403 2197 αὐτῷ
418 2163 604 2198 διαμένουσαν,
620 2162 666 2189 καὶ
679 2164 695 2197 ἡ
716 2162 801 2198 χρυσῆ
819 2162 902 2197 στάμ-

345 2202 355 2213 ο

151 2239 174 2254 ⁷³
194 2238 271 2268 Ρδοι,
292 2247 363 2273 va,
383 2240 414 2272 6,
436 2241 461 2267 5.
500 2241 523 2256 ⁷⁸
545 2240 629 2267 Exod.
663 2248 712 2272 Ill,
737 2239 763 2267 Ξ).

118 2273 139 2288 ⁷⁸
158 2274 244 2302 Exod.
265 2284 318 2302 xxv
331 2296 338 2308 ,
357 2276 383 2303 8.
422 2276 444 2291 ⁷⁹
464 2275 549 2303 Exod.
568 2283 659 2306 xxx”,
680 2276 705 2303 ί.

152 2330 207 2365 (64)
229 2332 278 2357 Ἐν
290 2328 314 2364 ᾧ
328 2330 526 2365 ἐϐλάστησας.
544 2331 576 2357 In
587 2340 647 2366 qua.
665 2332 855 2366 qltodispeetat
865 2331 897 2358 ad

118 2366 215 2393 lineam
230 2367 437 2398 sacerdotalem,
450 2368 476 2393 in
488 2365 596 2393 Nathan
605 2367 651 2400 qui
666 2367 714 2393 fuit
726 2365 796 2393 Uria:
808 2374 899 2394 sacer-

117 2401 187 2428 dotis
204 2401 285 2433 ﬁlius,
309 2401 400 2428 domui
418 2405 444 2428 et
462 2402 570 2428 familia:
589 2400 672 2428 David
695 2401 838 2435 adoptione
855 2402 898 2428 in-

118 2441 233 2467 sertam;
250 2444 279 2463 ex
296 2444 350 2471 quo
370 2436 500 2463 Dominus
517 2435 605 2466 Jesus.
621 2440 702 2471 atque
719 2437 786 2464 adeo
804 2437 898 2466 Maria,

119 2471 249 2506 legaliter,
265 2470 342 2505 juxta
365 2477 518 2498 contextam
540 2479 555 2498 a
575 2470 647 2497 Luca
660 2470 756 2505 ’ipsius
776 2471 899 2505 genealo-

118 2513 196 2540 gam.
217 2505 295 2538 Quod
314 2510 403 2533 autem
419 2506 452 2533 ad
469 2506 568 2540 regiam
588 2514 635 2540 per
651 2506 833 2539 Salomonem,
852 2514 900 2540 po-

118 2547 180 2573 nus,
196 2549 230 2568 ex
239 2550 308 2576 qua;
321 2541 465 2568 carnaliter
476 2545 621 2575 propagata
629 2541 688 2575 ejus
704 2549 785 2568 carne
800 2549 832 2569 ex
847 2541 898 2568 Da-

117 2576 185 2606 vide,
205 2577 283 2610 juxta
305 2576 420 2603 Matthazi
436 2577 575 2604 historiam
592 2585 599 2603 :
614 2584 694 2611 quem
711 2577 819 2603 modum
832 2584 898 2603 con-

117 2611 223 2647 cordiae,
238 2611 432 2647 Hieronymus.
449 2611 628 2645 Augustinus,
647 2616 710 2647 etc,
736 2616 899 2645 acceperunt

118 2645 150 2681 ab
163 2646 314 2673 Africano:
335 2645 386 2681 qua
403 2647 436 2673 de
457 2654 485 2674 re
502 2647 643 2676 Baronius,
662 2645 823 2674 Torniellus.
844 2650 897 2673 etc.

117 2680 198 2713 Quam
215 2680 385 2717 Nicephorus
400 2689 432 2708 ex
448 2681 591 2716 Hippolyto
601 2685 719 2716 martyre
730 2681 804 2708 affert
815 2681 898 2708 Annae

117 2717 301 2752 genealogiam
318 2724 351 2743 ex
375 2721 450 2750 patre
468 2717 618 2747 sacerdote,
641 2717 785 2752 etpassim
809 2717 898 2743 verior

117 2751 247 2782 habetur,
257 2751 340 2779 habet
350 2752 430 2778 etiam
444 2756 615 2785 pervetustus
629 2751 718 2786 regius
731 2751 826 2782 codex,
843 2751 898 2785 plu-

116 2787 187 2816 rimis
201 2787 322 2815 diversis
338 2787 497 2814 tractatibus
511 2795 559 2815 scu
572 2787 652 2814 etiam
666 2787 800 2821 excerptis
817 2786 898 2813 inl'cr—

810 2239 832 2255 ⁷⁸
852 2239 939 2266 Exod.
965 2247 1018 2266 xvn
1032 2260 1039 2273 ,
1061 2240 1086 2267 6.

954 2166 980 2189 et
993 2162 1184 2195 consistentia;
1212 2161 1291 2196 idque
1314 2162 1341 2188 in
1364 2161 1416 2189 line
1435 2161 1555 2196 quinque
1581 2164 1607 2186 et
1627 2158 1731 2186 dimidii

1143 2240 1166 2256 "
1194 2238 1276 2265 Num.
1305 2247 1377 2272 xvu,
1398 2239 1430 2273 {8.
1470 2239 1491 2253 ⁷⁷
1512 2237 1591 2264 Hebr.
1622 2245 1670 2267 ιχ,
1703 2237 1729 2264 4.

950 2331 1030 2363 citus,
1048 2331 1140 2366 ignoto
1157 2331 1316 2364 collectore;
1337 2330 1474 2365 antiquior
1490 2329 1559 2357 forte
1579 2329 1637 2364 ipso
1654 2329 1732 2356 Nice-

969 2367 1044 2393 hero.

950 2375 1044 2437 Ρῃῗὲἓί
1058 2400 1265 2437 Διαθῆκαι-δὶα
1275 2400 1376 2437 passim
1389 2401 1550 2437 ipterpretes
1564 2406 1648 2437 sacrae
1655 2397 1732 2437 _Seri-

951 2433 1047 2471 plurae,
1074 2433 1184 2471 ipseque
1204 2433 1304 2462 Paulus
1329 2435 1362 2461 ad
1377 2433 1483 2471 illebrl,
1512 2442 1564 2461 non
1589 2433 1730 2471 συγ-Οῇκαι,

951 2469 1038 2506 pacta,
1065 2469 1173 2506 Hedera,
1197 2471 1268 2505 quod
1286 2474 1355 2506 teste
1374 2470 1537 2504 Hieronymo
1552 2477 1603 2506 vox
1620 2469 1731 2496 llebrzea

952 2504 1157 2540 videtur‘magis
1173 2504 1272 2533 habere
1290 2514 1295 2531 :
1315 2505 1392 2539 cujus
1408 2505 1447 2532 rei
1462 2504 1620 2539 mysterium
1636 2509 1731 2538 prose-
1748 2525 1750 2534 ι

951 2545 1071 2577 quuntur
1086 2541 1206 2577 ejusdem
1221 2541 1294 2567 Pauli
1308 2540 1485 2577 expositor'es.

987 2576 1043 2610 (66)
1056 2577 1115 2602 Οὐκ
1125 2576 1266 2610 ἀδόκιμον
1275 2576 1445 2609 σύσσημον.
1455 2575 1603 2610 Commune
1614 2574 1734 2610 signum,

951 2611 1023 2645 quod
1036 2608 1172 2645 praecipue
1190 2608 1350 2637 a'militibus
1364 2610 1500 2642 statuitur,
1515 2609 1558 2635 cui
1574 2609 1675 2643 optime
1688 2608 1732 2634 ad-

949 2644 1049 2680 jectum
1073 2644 1196 2681 quadrat.
1215 2645 1356 2676 Paulinus,
1378 2653 1428 2672 non
1449 2644 1733 2681 obscurqmstgniﬁca-

952 2682 1056 2711 tionem,
1071 2679 1142 2715 quod
1157 2685 1229 2707 certe
1240 2688 1349 2707 sensum
1363 2681 1445 2706 altum
1458 2679 1578 2715 auctoris
1594 2679 1730 2715 obscurat.

988 2716 1043 2751 (67)
1065 2713 1259 2750 Ὲγχρονίσαι.
1279 2715 1357 2743 Forte
1373 2715 1540 2751 ὲγχρονίσας.
1560 2714 1592 2741 Ει
1622 2721 1684 2740 mox
1699 2713 1730 2740 ἅς

951 2760 1056 2786 γνωστα
1070 2759 1118 2786 pro
1132 2751 1209 2785 ἔγνω.
1559 2776 1576 2796 ⁸
