1911 3072
169 120 216 147 571

624 121 653 149 S.
673 120 836 148 METHODll
857 119 1012 149 EPlSCOPl
1033 120 1077 148 ET
1098 120 1277 148 MARTYRIS

1733 119 1794 148 372

167 177 334 206 circulorum
354 178 456 206 mundi.
471 178 584 213 Propter
600 183 637 211 te,
653 187 684 206 ac
700 180 886 207 intemeratam
905 178 951 206 Dei

1005 188 1057 211 νος,
1075 180 1112 211 ὡς
1126 179 1208 211 τύπος
1223 178 1427 214 ἆψευδέστατος,
1441 178 1471 205 τὸ
1488 178 1553 215 πρὸς
1569 178 1674 214 ἡμέραν
1688 178 1791 213 τρεπό-

168 224 250 252 Verbi
264 233 296 253 ex
319 229 346 252 te
362 229 529 260 assumptam
550 233 670 258 carnem,
687 226 891 252 immutabiliter
907 226 950 252 in-

168 270 308 305 diviseque
323 270 349 297 in
360 271 418 306 ipso
430 271 457 298 in
474 275 631 306 perpetuum
647 276 867 305 permanentem;
885 279 951 298 urna

170 316 214 343 illa
231 323 312 344 aurea
332 316 372 348 ⁸⁰,
392 321 519 351 tanquam
537 317 708 345 certissimus
729 321 819 352 typus,
836 325 951 350 manna,

169 362 241 397 quod
258 362 358 398 alioqui
382 370 429 397 per
452 362 522 389 diem
548 362 747 394 invurtebatur,
772 364 798 389 in
818 371 847 390 se
874 363 951 397 ipsa,

169 407 280 435 minime
296 411 447 438 mutatum,
472 407 518 435 sed
544 408 607 435 totis
633 409 738 436 saeculis
770 416 952 443 permanens,

168 454 361 481 conservabat.
381 453 446 480 Tute
466 454 546 481 etiam
565 455 698 482 castitatis
720 455 850 490 praescius
872 459 953 490 atque

170 498 290 526 imitator
306 499 333 525 in
351 499 447 534 spiritu
474 499 546 527 Elias
576 500 706 535 propheta
730 500 770 532 ⁸¹,
790 500 851 527 vita:
880 500 953 528 illius

169 545 289 580 ignifera
315 544 365 572 sibi
379 544 512 572 redimivit
526 553 654 572 coronam
667 546 705 579 δ’,
717 545 849 573 hactenus
862 546 953 574 divino

170 590 299 626 suil‘ragio
324 590 478 617 declaratus
500 595 587 618 morte
602 591 734 626 superior.
754 590 792 618 Te
817 591 954 618 nihilomi-

169 644 221 665 nus
233 636 292 672 ejus
305 644 448 665 successor
465 636 577 665 Eliszeus
593 638 626 669 ⁸³,
643 637 767 664 initiante
786 637 952 672 docenteque

169 683 292 718 sapiente
303 683 445 718 magistro,
458 690 507 710 ceu
525 691 644 718 praesens
658 683 768 712 adesses
781 704 788 716 ,
810 691 870 718 quae
889 691 953 711 nee-

169 728 233 755 dutn
248 736 320 761 eras,
335 728 511 764 przetigurans
523 739 529 763 ;
543 730 626 757 certis
644 738 734 758 rerum
757 738 816 766 qua:
833 737 895 757 vere
913 737 953 757 es-

169 778 230 802 sent
249 774 346 802 futurae
362 775 498 804 indicibus
514 776 611 811 signis,
623 776 754 803 auxilium
777 775 953 803 medicinam—

169 828 222 855 que
246 820 447 855 indigentibus,
469 821 566 856 majori
587 829 669 857 supra
692 827 818 849 naturam
833 821 950 851 virtute.

1006 234 1085 261 μενον
1105 226 1151 252 καὶ
1171 225 1357 260 ἀλλοιούμενον
1373 225 1470 260 μάννα,
1486 226 1618 260 ἄτρεπτον
1634 224 1680 250 καὶ
1700 224 1795 250 διαιω-

1003 271 1074 304 νίζον
1088 271 1160 298 ἔνδον
1175 271 1259 306 αὐτῆς
1272 271 1438 305 διεφύλαττε.
1454 271 1510 305 Τῆς
1524 271 1572 305 σῆς
1586 270 1697 304 ἁγνείας
1713 271 1763 296 καὶ
1779 270 1794 296 ό

1003 318 1144 353 προφήτης
1163 316 1254 348 Ἠλίας
1275 316 1429 352 προθεωρὸς
1451 316 1498 343 καὶ
1518 316 1638 351 ζηλωτὴς
1661 316 1796 351 ὑπάρχων

1002 364 1045 391 διὰ
1064 364 1111 390 τοῦ
1134 363 1299 398 Πνεύματος,
1323 363 1462 398 πυρφόρου
1487 362 1621 393 πολιτείας
1644 362 1797 396 ἀνεδήσατο

1004 408 1142 442 στέφανον,
1164 407 1294 443 κρείττων
1315 407 1425 434 θανάτου
1447 406 1609 442 ἀναδειχθεὶς
1629 406 1690 442 Θείᾳ
1710 406 1797 442 ψήφῳ

1003 454 1066 489 ἄχρι
1079 454 1127 490 τῆς
1143 454 1230 490 δεῦρο.
1250 454 1282 480 Σὲ
1304 454 1349 480 καὶ
1361 454 1374 479 ὁ
1391 453 1484 480 τούτου
1501 453 1620 488 διάδοχος
1643 452 1798 485 Ἐλισσαῖος

1003 499 1078 534 παρὰ
1104 499 1185 533 σοφοῦ
1207 498 1366 525 διδασκάλου
1386 497 1508 533 μυηθεὶς,
1527 498 1574 524 καὶ
1595 497 1632 528 ὡς
1653 497 1799 532 παροῦσαν

1002 545 1050 580 τὴν
1075 545 1157 580 μήπω
1178 543 1259 571 οὖσαν
1284 544 1482 581 προδιατυπῶν,
1502 543 1647 579 ὑπερφυῶς
1670 544 1725 574 τοῖς
1752 552 1798 569 τε-

1003 591 1130 626 κμηρίοις
1145 590 1198 617 τῶν
1218 590 1351 626 ἀληθινῶν
1364 590 1412 621 τὰς
1429 589 1589 624 ἐπικουρίας
1607 587 1725 615 ἐποιεῖτο
1741 588 1798 614 τῶν

1002 636 1150 671 δεομένωνι
1169 636 1207 671 πῆ
1223 637 1272 672 μὲν
1287 637 1319 663 δι’
1334 636 1427 672 ὑδρίας
1441 636 1547 671 καινῆς,
1564 637 1610 663 καὶ
1624 635 1688 667 τοὺς
1703 636 1797 662 νοστί-

1005 691 1070 718 μους
1085 682 1199 718 ἐχούσης
1215 683 1291 715 ἃλας,
1306 682 1341 709 τὰ
1354 682 1502 718 φθοροποιὰ
1516 681 1599 708 ὕδατα
1616 681 1740 717 ἰώμενος,
1754 683 1798 713 εἰς

1003 729 1114 762 ἔνδειξιν
1136 729 1180 756 τοῦ
1199 729 1396 764 ἀνασφήλοντος
1415 728 1469 764 (68)
1490 728 1592 764 κόσμου
1611 727 1653 754 διὰ
1675 727 1723 754 τοῦ
1747 727 1797 753 ἐπὶ

1003 775 1044 801 σοὶ
1062 775 1224 810 μυστηρίου·
1244 775 1280 810 πῆ
1295 774 1323 801 δὲ
1340 773 1447 809 ἀλεύρῳ
1462 773 1568 809 ἀζύμῳ,
1584 773 1690 808 λοχείας
1707 772 1796 798 ἀσπό-

1005 828 1050 856 ρου
1069 820 1216 855 ἀντιτύπῳ,
1233 819 1347 846 θανάτου
1364 819 1475 855 πικρίαν
1491 818 1659 845 ἀναστέλλων
1674 818 1728 844 ἀπὸ
1739 817 1808 843 τῶν·

169 866 335 894 adhibebat:
353 875 426 894 nunc
449 868 557 902 quidem
581 876 629 903 per
651 876 748 895 novam
775 867 897 903 hydriam
914 867 951 898 λδ,

1005 865 1138 900 ἐδωδίμων
1149 873 1156 882 ·
1172 866 1265 893 ἄλλοτε
1284 865 1312 892 δὲ
1328 867 1384 897 τοῖς
1407 864 1556 901 ὑπερφυέσι
1573 864 1606 891 τὰ
1626 864 1696 890 κατὰ
1713 863 1797 897 φύσιν

169 912 262 947 salque
276 913 393 940 salutare
415 913 441 940 in
460 920 489 941 se
514 913 712 946 continentem,
729 921 813 949 aquas
829 913 952 941 exitiales

168 966 293 986 sanans:
312 958 344 985 ad
364 959 570 992 ostendendum,
586 968 647 988 esse
667 961 843 987 recreandum
869 967 951 986 mun-

168 1004 244 1035 dum,
257 1011 305 1038 per
321 1008 519 1031 sacramentum
531 1004 557 1030 in
572 1008 599 1032 te
612 1004 764 1032 exhibitum
779 1014 785 1031 :
804 1003 886 1031 modo
903 1011 952 1030 au-

167 1057 238 1081 tem,
261 1049 349 1077 farina
373 1057 465 1085 azyma
484 1050 525 1082 ⁸³,
549 1054 643 1085 partus
669 1050 707 1077 tui
738 1054 797 1077 satu
823 1049 952 1076 immunis

168 1098 232 1132 typo
252 1096 450 1131 respondente.
469 1097 565 1123 mortis
581 1096 756 1123 acerbitatem
773 1103 787 1122 a
804 1095 872 1123 cibis
888 1103 952 1130 pro-

167 1141 265 1177 ﬂigans
295 1153 300 1169 :

1005 911 1158 947 ὑπερνικῶν
1174 912 1202 939 ὲν
1214 912 1252 947 τῷ
1272 912 1400 948 Ἰορδάνῃ,
1414 911 1460 938 καὶ
1473 911 1515 937 διὰ
1529 910 1629 937 τούτων
1646 910 1694 946 τὴν
1709 910 1797 937 κατά-

1004 959 1077 986 δυσιν
1103 959 1148 985 τοῦ
1177 960 1277 995 Κυρίου
1303 959 1380 995 ἡμῶν
1407 961 1445 991 εἰς
1466 959 1550 995 ᾅδην,
1571 959 1618 985 καὶ
1642 958 1796 994 παράδοξον

1005 1005 1151 1041 ἀνάρρυσιν
1169 1005 1222 1032 τῶν
1237 1006 1266 1032 ὲν
1282 1005 1369 1042 φθορᾷ
1393 1005 1581 1040 κατεχομένων
1611 1003 1794 1040 προῖστορῶν.

1005 1049 1096 1076 Πάντα
1115 1049 1169 1085 γὰρ
1182 1047 1255 1076 εἶκόν
1274 1058 1303 1076 τε
1327 1051 1373 1076 καὶ
1393 1050 1547 1077 ὑπέκυπτον
1569 1051 1601 1085 τῇ
1626 1051 1658 1084 σῇ
1677 1049 1738 1084 Θείᾳ
1755 1050 1795 1075 εί-

1005 1094 1062 1121 κόνι
1076 1094 1251 1130 ὲκνικώμενα.

329 1150 525 1178 nonnunquam
547 1143 663 1178 denique
686 1143 768 1170 rebus
797 1150 879 1177 supra
904 1147 1047 1174 naturam,
1074 1150 1134 1177 qua:
1158 1146 1263 1170 natura:
1295 1146 1477 1170 consentanea
1499 1147 1591 1170 essent
1616 1143 1643 1170 in
1669 1142 1792 1176 Jordane

167 1187 267 1215 eximie
283 1196 416 1223 superans
439 1188 478 1221 ⁸⁶ς
502 1196 589 1223 eoque
605 1188 712 1215 Domini
743 1188 770 1214 in
801 1188 935 1214 internum
952 1187 1123 1219 descensum,
1146 1186 1352 1221 mirabilemque
1373 1191 1399 1213 et
1419 1187 1586 1222 inopinatam
1631 1194 1725 1214 eorum
1744 1188 1792 1221 qui

166 1234 196 1261 in
224 1234 399 1270 corruptione
425 1235 611 1262 detinerentur
646 1234 832 1261 liberationem
860 1233 1040 1269 praesignans.
1069 1233 1136 1260 Nam
1169 1237 1310 1261 cesserunt
1345 1233 1452 1266 omnia,
1481 1238 1588 1269 tumque
1614 1234 1651 1260 illi

168 1282 279 1318 imagini
294 1282 477 1318 exprimendae
494 1282 606 1317 imparia
622 1282 835 1309 succubuerunt.

205 1330 238 1358 Χ.
255 1330 326 1363 Quid
342 1337 405 1357 vero
416 1329 506 1357 adhuc
521 1330 655 1357 sermonis
664 1329 785 1356 habenas
800 1329 884 1356 variis
899 1329 952 1356 illis

168 1374 409 1403 inl‘ormationibus
430 1375 524 1402 laxans
540 1374 735 1408 involvensque
750 1377 776 1401 et
791 1373 934 1408 implicans
944 1393 951 1406 ,

167 1421 320 1449 orationem
345 1421 373 1447 in
398 1421 507 1455 longum
531 1421 676 1460 protraho;
701 1429 732 1448 ac
751 1422 793 1448 vel
817 1420 952 1452 maxime,

169 1475 232 1494 cum
250 1467 337 1495 instar
359 1467 492 1494 eolumnm
514 1467 603 1502 palam
625 1467 712 1494 oculis
732 1466 858 1501 objecta,
880 1466 906 1492 in
927 1469 954 1493 te

1691 1233 1793 1261 divinae

1042 1329 1069 1355 l’.
1088 1329 1142 1355 Καὶ
1156 1329 1182 1355 τί
1196 1328 1234 1355 ἔτι
1251 1328 1423 1364 περιπλέκων
1442 1328 1554 1364 μηκὺνω
1570 1328 1616 1354 τὸν
1631 1328 1719 1362 λόγον,
1733 1328 1792 1360 τοῖς

1007 1374 1136 1406 ποικίλοις
1168 1375 1358 1410 προγράμμοις
1384 1375 1527 1409 ἐπαφήσας
1562 1373 1608 1400 τοῦ
1634 1373 1712 1407 λόγου
1739 1373 1791 1404 τὰς

1007 1421 1094 1455 ἡνίας,
1107 1421 1153 1447 καί¹
1170 1421 1286 1456 μάλιστα
1302 1420 1355 1456 πρὸ
1370 1420 1515 1455 ὀφθαλμῶν
1529 1419 1718 1454 ἐστηλωμένης
1733 1419 1790 1454 (69)

1007 1468 1055 1503 τῆς
1075 1466 1120 1493 ἐπὶ
1137 1466 1177 1493 σοὶ
1191 1466 1345 1501 ἀτρεκείας,
1399 1466 1444 1492 καὶ
1458 1465 1664 1501 κατατρυφῆσαι
1679 1466 1791 1500 ἄμεινον

168 1511 271 1539 veritas
287 1514 388 1546 pateat,
406 1512 433 1538 in
451 1518 503 1546 qua
519 1511 592 1538 velut
606 1510 754 1538 eluxuriari
771 1510 951 1544 delectarique

1005 1513 1051 1540 καὶ
1066 1511 1304 1547 ὲπικερδὲστερον;
1318 1511 1477 1548 Τοιγαροῦν,
1489 1511 1594 1547 χαίρειν
1610 1511 1716 1547 φράσας
1732 1512 1792 1543 τοῖς

169 1557 327 1593 praestiterit
343 1565 375 1584 ac
393 1557 562 1585 commodius
578 1557 678 1584 fuerit?
692 1556 780 1590 Quare
795 1561 952 1584 sanctorum

169 1603 292 1631 omnium
309 1611 356 1638 per
368 1610 463 1631 omnes
477 1604 667 1638 generationes
680 1623 686 1635 ,
706 1602 876 1637 spiritalibus
891 1609 954 1629 nar-

169 1650 322 1678 rationibus
339 1649 472 1684 l'actisque
486 1649 651 1685 prodigiosis
666 1649 755 1676 valere
768 1645 865 1683 jussis,
882 1648 915 1675 ad
928 1655 953 1675 te

170 1695 232 1724 festi
249 1695 331 1730 hujus
346 1695 463 1722 convivii
478 1696 551 1722 velut
568 1695 675 1722 clavum
687 1715 693 1726 ,
717 1702 733 1721 ο
755 1693 862 1721 ﬂorenti
881 1702 953 1722 seme-

169 1748 218 1776 per
237 1740 360 1768 habenda
372 1741 520 1772 memoria,
539 1741 638 1775 dirigo.
654 1740 798 1768 Benedicta
817 1744 861 1773 tu,
875 1748 953 1774 pror-

169 1793 218 1814 sus
237 1785 380 1813 benedicta
400 1785 581 1820 omnibusque
599 1785 797 1812 desiderabilis.
818 1785 846 1811 ln
869 1785 951 1811 bene-

169 1830 337 1858 dictionibus
366 1829 473 1857 Domini
503 1838 601 1857 nomen
631 1836 724 1862 tuum,
753 1830 842 1857 divina
865 1830 952 1865 gratia

169 1877 358 1911 plenissimum
371 1883 403 1904 ac
418 1885 523 1905 summe
543 1876 597 1904 Deo
610 1878 758 1912 gratiosum
770 1897 778 1910 ,
791 1876 836 1904 Dei
853 1876 951 1908 Mater,

169 1930 284 1957 quzeque
296 1926 343 1950 tuo
364 1922 422 1957 ipsa
444 1922 588 1957 splendore
605 1922 732 1951 ﬁdelibus
748 1923 838 1950 lumen
858 1922 953 1957 pratic-

169 1977 224 1997 ras.
240 1968 280 1996 Tu
301 1969 517 2003 circumscriptio
528 1988 535 2000 ,
557 1972 587 1996 ut
603 1969 639 1996 ita
654 1969 743 1996 dicam
755 1989 761 2000 ,
778 1969 837 2003 ejus
850 1968 895 2003 qui
911 1972 953 1996 est

169 2010 486 2046 incircmnscriptibilis:
504 2013 583 2039 radix
596 2012 669 2040 ﬂoris
689 2013 884 2047 speciosissimi
902 2013 924 2029 ⁸⁷
944 2023 950 2039 :

170 2054 256 2083 Mater
272 2056 459 2089 plasmatoris:
479 2057 574 2085 altoris
587 2058 700 2086 nutrix:
716 2058 774 2091 ejus
789 2059 950 2094 complexio,

169 2102 215 2135 qui
244 2100 335 2128 omnia
355 2102 498 2137 complecti
523 2103 605 2131 habet
626 2114 632 2131 :
662 2108 775 2138 portans
795 2112 856 2132 eum
871 2124 878 2136 ,
907 2106 953 2138 qui

169 2145 249 2173 verbo
263 2151 352 2180 portat
373 2148 461 2174 omnia
476 2148 498 2164 ⁸⁸
511 2158 518 2175 :
533 2153 629 2183 porta,
649 2157 697 2184 per
717 2158 797 2185 quam
822 2150 893 2178 Deus
923 2151 948 2177 in

1004 1559 1057 1586 τῶν
1075 1558 1159 1592 ἁγίων
1173 1557 1242 1584 κατὰ
1261 1558 1350 1584 πᾶσαν
1371 1557 1466 1591 γενεὰν
1483 1559 1674 1592 πνευματικοῖς
1692 1557 1790 1592 διηγή-

1005 1613 1070 1640 μασι
1081 1604 1128 1630 καὶ
1142 1604 1307 1639 τερατουργή
1313 1611 1392 1638 μασιν
1401 1624 1408 1635 ,
1426 1603 1471 1629 ἐπὶ
1485 1603 1514 1630 σὲ
1531 1603 1641 1639 μετάγω
1655 1603 1719 1635 τοὺς
1737 1603 1791 1637 τῆς

1003 1650 1118 1685 εὐωχίας
1135 1650 1247 1681 οἴακας,
1266 1649 1529 1685 παντομνημόνευτε.
1551 1649 1725 1685 Εὐλογημένη
1743 1649 1789 1680 σὺ,

1004 1695 1201 1731 παντευλόγητε
1223 1696 1268 1722 καὶ
1287 1697 1353 1722 πᾶσι
1371 1695 1480 1731 ποθητέ.
1504 1696 1562 1722 Ἐπ’
1576 1695 1711 1730 εὐλογίαις
1730 1685 1795 1721 Κυέ

1005 1743 1060 1778 ρίου
1076 1742 1104 1768 τὸ
1122 1741 1348 1777 θεοχαριτὼτατόν
1363 1750 1409 1768 σου
1425 1741 1520 1776 δνομα,
1533 1741 1723 1777 Θεογεννήτωρ
1740 1741 1790 1766 καὶ

1002 1788 1113 1823 δᾳδοῦχε
1127 1787 1180 1814 τῶν
1196 1788 1308 1814 πιστῶν.
1325 1788 1357 1814 Ἠ
1379 1787 1546 1823 περιγραφὴ,
1565 1787 1597 1813 ἵν’
1609 1787 1694 1818 οὕτως
1707 1786 1789 1818 εἴπω,

1002 1834 1048 1860 τοῦ
1069 1834 1287 1869 ἁπεριγράπτου·
1305 1835 1320 1868 ἠ
1345 1832 1406 1868 ῥίζα
1423 1833 1469 1860 τοῦ
1488 1833 1653 1868 ὠραιοτάτου
1674 1832 1789 1863 ἄνθους

1002 1881 1018 1914 ἡ
1035 1880 1132 1915 Μήτηρ
1155 1879 1200 1905 τοῦ
1221 1879 1386 1910 πλάσαντος·
1403 1880 1418 1914 ἠ
1436 1879 1513 1914 τιτθὴ
1526 1878 1571 1905 τοῦ
1584 1879 1727 1914 τρέφοντος
1740 1886 1747 1893 ”
1772 1879 1789 1912 ἡ

1003 1925 1116 1960 περιοχὴ
1140 1924 1187 1951 τοῦ
1206 1925 1392 1960 περιέχοντοςδ
1416 1927 1432 1959 ἡ
1453 1925 1571 1960 φέρουσα
1593 1924 1638 1950 τὸν
1660 1924 1791 1958 φέροντα

1005 1971 1105 2005 ῥήματι
1120 1970 1155 1997 τὰ
1180 1970 1320 2006 πάντα-ὴ
1343 1970 1413 2006 πύλη
1435 1970 1483 2005 τῆς
1498 1971 1526 1996 ὲν
1550 1969 1631 2005 σαρκὶ
1654 1967 1790 2003 ἀνατολῆς

1003 2016 1049 2042 τοῦ
1074 2015 1157 2042 Θεοῦ·
1183 2016 1200 2051 ἡ
1222 2016 1300 2048 λαϐὶς
1325 2016 1370 2042 τοῦ
1399 2014 1563 2050 καθαρτικοῦ
1593 2015 1744 2050 ἂνθρακος’
1773 2015 1790 2040 ὁ

1004 2060 1104 2097 βραχὺς
1131 2061 1228 2093 κόλπος
1253 2061 1299 2087 τοῦ
1324 2061 1431 2087 πάντων
1459 2060 1575 2086 κόλπου·
1594 2059 1608 2085 ὁ
1630 2059 1713 2090 πόκος
1738 2058 1789 2093 τῆς

1002 2107 1193 2142 ἀκαταλήπτου
1221 2107 1315 2141 δρόσου
1337 2106 1407 2140 (70)·
1433 2106 1447 2132 ὁ
1470 2106 1519 2139 τῆς
1543 2104 1689 2138 ἐπιθυμίας
1706 2104 1790 2130 Δαὸὶδ

1003 2151 1132 2187 ζωοδόχος
1160 2152 1214 2187 (Ἡ)
1233 2151 1331 2183 λάκκος
1361 2151 1409 2187 τῆς
1425 2151 1563 2186 Βηθλεὲμ,
1592 2150 1637 2184 ἀφ’
1656 2146 1686 2176 οὗ
1711 2150 1788 2183 πόμα

166 2199 248 2219 carne
264 2192 352 2219 oritur
365 2193 398 2224 ⁸⁸³,
417 2193 523 2228 forceps
541 2195 668 2222 carbonis
688 2195 762 2223 illius
782 2196 900 2231 purgarii
914 2197 947 2229 9°,

1005 2196 1149 2227 ἀθανασίας
1166 2196 1291 2228 ὲξέϐλυσε
1301 2205 1308 2210 -
1323 2196 1353 2222 τὸ
1369 2195 1524 2231 ἱλαστήριον
1538 2193 1568 2227 ἐξ
1582 2192 1611 2221 οὗ
1623 2194 1688 2225 Θεὸς
1703 2193 1790 2228 ἐγνώ-

167 2237 245 2265 ainus
261 2238 376 2272 exiguus
387 2238 511 2266 immensi
528 2240 649 2267 omnium
668 2241 744 2268 sinus
755 2262 762 2273 ,
779 2241 865 2270 vellus
878 2242 949 2268 roris

166 2283 239 2311 illius
261 2283 545 2319 incomprehensibilis
561 2286 599 2319 ἰ,
625 2287 702 2314 lacus
721 2288 766 2315 ille
791 2287 945 2315 Bcthlehcm

1004 2241 1052 2276 σοη
1069 2241 1220 2276 ἀνθρώποις
1243 2240 1496 2276 ἁνῦρωπομόρςρως·
1516 2240 1546 2266 τὸ
1560 2239 1672 2267 ἄσπιλον
1687 2238 1788 2273 ἔνδυμα

1002 2287 1054 2316 τοῦ
1067 2286 1311 2322 ἀναϐαωομέψου
1329 2286 1390 2321 φῶς
1401 2287 1441 2318 ὡς
1454 2286 1576 2320 Ιμάτιον.
1595 2285 1626 2312 Ἦ
1643 2284 1787 2312 δανείσασα

201 2361 311 2398 “rﬂeb.
332 2370 379 2398 tri.
400 2362 427 2398 4.
475 2363 496 2378 ⁸¹
518 2362 550 2389 lV
575 2362 637 2398 Reg.
658 2371 689 2396 tt,
711 2364 754 2391 Η.
793 2365 815 2380 ⁵³
838 2364 919 2391 Errli.
945 2373 951 2391 ι

1005 2373 1038 2396 .u,
1061 2364 1086 2390 1.
1138 2362 1212 2390 "1V
1231 2362 1291 2397 Reg.
1327 2371 1355 2390 tt.
1395 2363 1418 2379 ⁸⁸
1437 2363 1501 2398 ibid.
1530 2363 1576 2389 20.
1601 2362 1641 2398 A“
1663 2361 1700 2388 ιγ
1720 2360 1785 2398 ﬂag.

165 2404 202 2459 Ζ,
306 2398 330 2413 ’⁸⁸
350 2397 384 2424 IV
400 2397 462 2433 Reg.
491 2407 516 2425 ς’.
555 2398 576 2414 ⁸⁷
597 2395 652 2427 lia.
672 2407 711 2430 ιι,
733 2399 757 2426 ί.
796 2399 818 2415 ¹¹¹¹
840 2400 919 2426 Ilebr.
942 2408 947 2425 l

203 2451 210 2464 ,
268 2453 274 2459 .

1005 2420 1008 2426 ,
1050 2399 1071 2415 ⁸³
1091 2398 1186 2426 Ezech.
1208 2395 1291 2430 xuii,
1312 2398 1357 2424 41.
1395 2399 1417 2413 ⁹⁰
1452 2397 1510 2425 Ιδη.
1531 2406 1575 2430 Vl,
1596 2396 1622 2424 6.
1676 2398 1697 2413 ⁹¹
1718 2395 1786 2423 Iud.

200 2509 255 2581 :68)
277 2510 526 2546 Ἁνασφήλοντος.
542 2510 621 2539 Forte
636 2513 847 2548 ἀνασφήλαντος.

212 2545 256 2578 69)
271 2547 330 2579 Πρὸ
348 2546 508 2581 ὀφθαλμῶν
522 2547 742 2581 ἐστηλωμένης.
763 2547 842 2574 Velut
856 2551 945 2574 erecta

1035 2512 1090 2547 (τι)
1106 2511 1268 2546 Ζωοδόχος.
1292 2509 1344 2537 Seu
1369 2511 1429 2537 vitae
1450 2510 1689 2544 conceptaculum;
1709 2510 1737 2536 in
1753 2517 1788 2537 eo

1005 2548 1090 2574 Maria:
1102 2547 1265 2581 symbolum,
1284 2553 1344 2580 quae
1359 2546 1441 2573 vitam
1459 2546 1533 2575 illam
1550 2546 1582 2573 ad
1595 2554 1645 2573 nos
1664 2545 1787 2580 peregri-

212 2545 257 2582 69)
271 2547 330 2579 Πρὸ
348 2545 508 2581 ὀφθαλμῶν
522 2545 742 2581 ἐστηλωμένηζιζ
763 2547 842 2574 Velut
856 2551 945 2574 erecta

1005 2545 1090 2574 natm":
1102 2547 1265 2582 symbolum,
1284 2553 1344 2582 qua;
1359 2546 1441 2573 vitam
1459 2546 1533 2582 illam
1550 2546 1582 2573 ad
1595 2554 1645 2573 nos
1664 2545 1787 2582 peregri-

165 2581 302 2617 propalam
319 2582 345 2608 in
361 2582 469 2609 modum
487 2583 628 2611 columnae.
642 2590 676 2609 ne
690 2590 769 2617 quem
786 2583 868 2609 latere
884 2590 946 2616 pos-

164 2617 208 2642 sit.
225 2615 315 2653 Altera
323 2616 493 2651 signiﬁcatio,
503 2622 533 2644 ut
547 2617 588 2648 τὸ,
602 2615 792 2653 ὲστηλώμένης
802 2618 839 2644 sit
850 2615 948 2652 conﬁr-

165 2655 248 2677 βίαια.
262 2651 367 2677 videtur
377 2652 467 2678 minus
481 2652 633 2679 commoda.

200 2684 209 2711 ί
213 2684 255 2719 70)
274 2684 329 2718 Τῆς
337 2686 549 2722 ἀκαταλήπτου
560 2687 680 2721 δρόσου.
695 2686 780 2720 Cujus
792 2687 947 2722 mysterium

166 2723 283 2754 nequeat
307 2721 373 2748 satis
400 2722 525 2756 perspici.
554 2721 696 2751 Pantinus.
727 2721 947 2756 imperceptibilis.

165 2756 342 2798 ςιυοιᾲἱξιξξιιιδς
358 2756 483 2796 quadrat.
500 2756 746 2798 Platteueninrfuit
764 2766 809 2784 ros
827 2758 869 2785 ille
887 2766 948 2797 per-

165 2790 373 2828 ceptihilist'qui
386 2797 532 2828 egressus
547 2793 655 2824 vellere,
678 2793 799 2828 lagonam
819 2790 893 2828 aqua
904 2793 950 2819 im-

165 2825 257 2858 plevit,
274 2825 366 2859 utique
382 2825 512 2852 sensibili.

1000 2581 1123 2613 nantem;
1140 2590 1188 2610 ccu
1205 2581 1314 2615 hospitii
1330 2581 1402 2614 jure,
1429 2581 1509 2607 etiam
1534 2585 1613 2608 utero
1639 2581 1761 2614 suscepit
1775 2588 1784 2608 :

1001 2626 1080 2653 quam
1097 2618 1156 2652 ejus
1174 2617 1388 2653 prwrogativam,
1406 2615 1546 2653 in_l_llartl_ta
1565 2615 1707 2653 Dominum
1720 2623 1786 2653 s_us_-

1001 2650 1118 2687 cipiente
1136 2653 1162 2679 in
1175 2650 1407 2687 ’suam’domumj
1429 2651 1473 2687 die
1493 2651 1664 2687 migrationis
1685 2650 1785 2687 ipsius,

1000 2685 1121 2714 Ecclesia
1145 2692 1238 2714 sancte
1264 2686 1368 2713 recolit.
1394 2685 1535 2717 Paulinus,
1558 2686 1687 2719 vit'iﬁtus,
1709 2685 1786 2719 quod

1020 2723 1091 2749 otius
1107 2727 1178 2749 esset
1191 2721 1331 2756 ζωοδότης.
1345 2720 1430 2747 Simili
1441 2721 1561 2756 epitheto
1575 2720 1654 2754 paulo
1669 2719 1786 2756 inferius

1002 2754 1154 2785 Simeonem
1182 2760 1278 2786 ornat.
1301 2754 1440 2790 appellans
1459 2754 1590 2791 Ὀεοδόχον
1615 2754 1783 2791 πρεσϐύτην,

1001 2801 1085 2819 senem
1103 2792 1150 2820 Dci
1165 2795 1347 2824 susceptortm.
