1911 3072
113 75 166 104 373

655 75 772 104 SERMO
791 75 835 102 DE
853 73 1002 103 SiMEONE
1021 73 1063 101 ET
1082 72 1186 100 ANNA.

1696 74 1750 100 37a

113 134 169 170 Θεῷ
192 133 234 170 τῷ
250 135 384 164 ἀνενδεεῖ
406 136 496 172 σάρκα
518 135 607 171 ἥνπερ
625 135 675 161 οὐκ
700 132 787 170 εἶχεν,
811 131 904 170 ἵναῇε

966 130 1093 158 desiderii
1110 130 1192 157 David
1204 131 1226 146 ⁰¹
1237 149 1245 162 ,
1268 131 1329 157 vita:
1340 134 1499 165 susceptor,
1512 137 1545 157 ex
1555 138 1608 165 qtto
1620 132 1747 165 poculum

113 178 326 216 παποδύναμος
345 182 417 218 ὅπερ
436 181 580 218 ηὑδόκησε.
598 181 630 207 Τί
650 180 744 207 τούτου
766 179 913 215 περιφανέ-

114 234 228 261 περονς
246 226 283 252 Τί
300 226 404 255 τούτου
419 227 599 263 ὑψηλότερον;
621 228 649 253 'O
669 227 713 253 τὸν
732 226 845 262 οὐρανὸν
867 225 914 252 καὶ

112 271 160 307 τὴν
177 271 233 306 γῆν
262 272 397 309 πληρῶν,
414 270 445 300 οὗ
469 274 503 300 τὰ
527 274 672 309 σύμπαντα
697 273 840 308 κτήματα,
866 271 913 298 σοῦ

111 318 259 354 γεγένηται
293 320 426 356 ἐπιδεὴς*
452 321 484 347 σὺ
510 320 563 356 γὰρ
591 320 729 352 ὲδάνεισας
753 320 812 355 Θεῷ
839 320 935 347 θείαν-

111 366 263 400 σάρκωσιν,
278 367 317 402 ἢν
335 367 387 394 οὐκ
404 365 470 402 εἶχε.
491 367 527 394 Σὺ
550 367 719 402 ἐθωράκισας
735 367 779 393 τὸν
802 366 913 394 δυνατὸν

108 412 156 446 τὴν
171 412 311 448 εὐπρεπῆ
335 413 383 440 τοῦ
402 412 526 448 σώματος
540 413 713 447 παντευχίαν,
732 413 764 439 δι’
783 411 817 449 ἦς
833 413 913 445 αὐτὸς

110 456 157 492 μὲν
173 456 302 492 ὀφθῆναι
316 459 442 494 χωρητὺς
453 460 513 494 ἐμοὶ
524 459 678 494 δεδύνηται,
696 458 751 492 ἐγὼ
764 459 792 485 δὲ
799 459 913 495 εὐπροσ-

110 503 171 534 ίτως
189 503 369 539 ἀντωπῆσαι
393 505 467 540 αὐτῷ
488 505 626 540 ἐνίσχυσα,
649 505 682 531 δι’
699 501 732 540 ἦς
750 504 798 530 καὶ
815 503 913 530 πάντα

107 548 159 574 τοῦ
177 550 330 583 πονηροῦ
343 549 381 576 τὰ
401 550 596 585 πεπυρωμένα
606 550 685 584 βέλη
701 549 910 583 σϐεσθήσεται.

106 591 194 628 Εὖγε,
212 592 286 629 εὖγε
299 615 307 627 ,
325 597 416 631 μήτηρ
436 595 504 622 Θεοῦ
526 596 572 623 καὶ
587 595 676 632 δούλη.
696 594 780 630 Εὖγε,
801 594 880 630 εὖγε,
895 597 911 632 ἠ

107 639 255 674 ὑπόχρεων
278 641 385 676 ἔχουσα
396 642 442 668 τὸν
457 641 564 668 πάντων
579 641 729 677 δανειστήν.
746 642 848 673 Πάντες
864 643 911 677 μὲν

105 684 164 720 Θεῷ
178 686 388 722 ὲποφείλομεν,
404 688 446 714 σοὶ
460 688 489 714 δὲ
504 688 685 722 ὲποφείλεται.
706 689 734 715 Ὀ
750 688 805 724 γὰρ
816 688 910 720 εἰπὼν,

109 731 180 764 Τίμα
207 731 270 758 τὸν
298 733 415 766 πατέρα
437 741 494 760 σου
523 734 571 760 καὶ
596 733 653 767 τὴν
675 733 799 768 μητέρα,
823 733 912 768 πολλῷ

107 777 212 812 μᾶλλον
231 779 326 811 αὐτὸς
346 780 374 806 ὲν
390 779 494 811 τούτοις
515 779 688 811 ἐξετάζεσθαι
708 780 843 816 ἑλόμενος,
862 789 911 814 φυ-

966 177 1177 204 immortalitatis
1188 176 1348 204 scaturivit:
1366 177 1584 211 propitiatorium
1600 177 1633 210 ³³,
1649 185 1680 204 ex
1694 186 1747 211 quo

965 222 1052 257 Deus,
1080 223 1166 250 ferula
1192 223 1328 256 humana,
1349 224 1440 259 generi
1459 224 1578 251 humano
1606 224 1746 251 innotuit:

964 270 1047 297 vestis
1061 269 1120 296 sine
1136 269 1252 301 macula,
1262 269 1321 304 ejus
1332 270 1376 304 qui
1391 269 1474 296 induit
1487 270 1573 297 lumen
1588 270 1655 296 sicut
1671 270 1747 296 resti-

964 320 1078 342 mentum
1096 316 1129 343 ⁹⁸.
1142 315 1294 343 Tunullius
1312 316 1442 351 indigenti
1461 315 1525 347 Deo,
1542 324 1651 343 carnem
1665 324 1746 351 quam

965 368 1018 388 nou
1035 361 1168 393 habebat,
1185 361 1306 388 fcnet‘ala
1320 370 1358 394 es,
1373 369 1427 396 qua
1443 362 1549 389 tandem
1573 363 1747 396 omnipotens

963 406 1026 442 itlc,
1044 406 1115 441 quod
1128 407 1284 434 decreverat
1296 406 1373 439 ﬁeri,
1391 408 1470 434 homo
1491 412 1573 435 esset.
1601 407 1671 440 Quid
1695 408 1746 434 hoc

963 451 1150 486 splendidius?
1175 450 1244 484 Quid
1270 451 1321 478 hoc
1346 451 1510 479 sublimius?
1531 451 1582 483 Qui
1605 452 1704 479 emtum
1719 455 1747 479 et

963 503 1063 525 terram
1080 497 1173 532 implet
1187 497 1224 528 ",
1247 497 1327 532 cujus
1348 497 1460 525 ditionis
1481 501 1545 525 sunt
1568 505 1612 525 res
1631 505 1744 529 omnes.

964 542 1002 569 tui
1023 542 1131 576 indigus
1151 541 1264 569 eiiicilur
1281 551 1287 569 :
1303 542 1402 578 quippe
1425 542 1480 570 Deo
1499 543 1619 571 fencrata
1633 551 1663 571 es
1684 551 1747 570 car-

963 595 1036 619 nem,
1051 595 1131 623 quam
1145 596 1198 614 non
1212 587 1338 616 habebat.
1354 587 1394 615 Tu
1408 592 1545 623 potentem
1562 588 1636 615 illum
1648 589 1746 617 decora

963 636 1087 669 corporis
1100 639 1239 662 armatura
1253 635 1364 662 induisti
1377 656 1383 666 ,
1396 643 1449 670 qua
1465 640 1491 663 et
1502 636 1525 663 is
1538 635 1604 662 mibi
1624 636 1746 664 redditus

963 683 1004 707 cst
1024 679 1112 707 oculis
1133 679 1324 714 aspectabilis;
1347 679 1458 714 ipseque
1487 684 1517 707 ut
1534 680 1617 708 libere
1633 680 1746 707 intuitu-

963 733 1010 752 rus
1022 725 1125 759 possim
1141 725 1280 756 accedere,
1293 725 1396 760 accepi,
1406 733 1459 760 qua
1471 725 1552 753 etiam
1581 728 1669 753 omnia
1681 727 1746 754 mali

962 772 1035 798 illius
1051 772 1133 806 ignita
1150 771 1201 798 tela
1211 771 1343 805 exstingui
1357 771 1451 798 habent
1463 773 1495 800 '5.
1510 771 1593 808 Euge,
1609 781 1686 807 euge,
1698 772 1745 800 Dei

105 822 198 856 λὰξειε
222 824 279 859 ’τὴν
299 824 382 860 χάριν
399 825 445 851 καὶ
463 825 494 851 τὸ
516 825 580 852 ἴδιον
597 825 684 860 δόγμα
703 827 735 861 τῇ
750 826 904 862 διακονησα-

962 816 1047 844 Mater
1063 817 1226 851 ancillaque.
1243 815 1325 851 Euge,
1339 824 1418 852 euge,
1435 817 1478 844 cui
1493 818 1537 845 ille
1553 819 1673 845 omnium
1689 826 1745 846 cre-

108 868 177 904 μένῃ
192 869 247 904 τὴν
267 869 436 905 αὐθαίρετον
455 869 590 905 γέννησιν,
603 871 649 897 καὶ
666 870 784 902 δοξάσειε
800 871 912 907 θεοπρε-

106 913 176 945 πῶς,
194 915 232 949 ῆν
256 915 438 950 ἐπεγράψατο
456 916 569 951 ἀπάτωρ
581 915 618 947 ὡς
642 916 770 951 ἄνανδρον
786 917 911 952 Μητέρα.

109 960 209 986 Ἔσται
236 961 335 987 τοίνυν
354 961 440 987 ταῦτα
463 962 559 993 οὕτως,
577 962 661 988 ἔσται.
679 963 715 988 Οὺ
735 963 789 998 γὰρ
810 963 912 998 κομψο-

107 1005 205 1037 επείας
215 1006 352 1042 ἀκάρπου
361 1007 384 1033 ot
396 1006 593 1042 προσαχθέντες
605 1016 646 1034 σοι
657 1009 720 1044 παρ’
733 1008 808 1043 ἡμῶν
821 1008 909 1044 ὕμνοι,

107 1052 328 1085 παναγιώτατον
344 1054 391 1080 καὶ
407 1053 570 1087 ἀξιάγαστον
589 1054 635 1080 τοῦ
653 1054 719 1081 Θεοῦ
735 1055 892 1090 ἐνδιαίτημα
902 1064 909 1070 ·

107 1096 161 1123 οὐδ’
175 1095 213 1124 αὖ
230 1098 376 1133 κοσμικῆς
389 1098 563 1134 λογολεσχίας
580 1099 627 1126 καὶ
637 1099 847 1134 ψευδαρεσκείας
862 1101 910 1127 λα-

110 1143 299 1179 ρυγγίσματα
317 1145 332 1171 ὁ
347 1145 530 1180 πνευματικός
546 1154 592 1172 σου
608 1145 702 1181 ὕμνος,
721 1146 908 1179 Θεοὺπαίνετε,

109 1188 157 1214 καὶ
173 1188 250 1215 Θεὸν
268 1188 366 1224 ἔχουσα
382 1189 542 1225 ὑπομάζιον,
557 1190 602 1217 τὸν
625 1192 682 1223 τοῖς
704 1191 808 1226 βροτοῖς
824 1192 909 1227 ἀρχὴν

110 1233 157 1260 τοῦ
173 1233 254 1261 εἶναι
277 1235 320 1262 διὰ
341 1236 494 1271 γεννήσεως
510 1236 678 1272 παρέχοντα,
704 1237 760 1264 ἀλλ’
779 1238 910 1273 ἐναργοῦς

111 1280 262 1316 ἀληθείας.
284 1281 433 1316 Ἐπιλείψει
458 1282 511 1317 γὰρ
532 1283 597 1318 ἡμῖν
619 1283 633 1308 ὀ
661 1283 755 1318 χρόνος
782 1283 828 1310 καὶ
850 1286 909 1316 ταῖς

114 1326 270 1360 μετέπειτα
286 1328 401 1361 γενεαῖς,
417 1327 462 1354 τὸν
478 1328 536 1354 κατ’
548 1328 626 1361 ἀξίαν
642 1337 682 1355 σοι
696 1329 839 1356 ἀποδοῦναι
858 1338 909 1365 μα-

113 1372 256 1407 καρισμὸν
273 1373 306 1408 τῇ
323 1372 415 1407 Μητρὶ
428 1372 480 1399 τοῦ
496 1373 647 1406 Βασιλέως
662 1373 720 1400 τῶν
733 1373 855 1406 αἰώνων,
871 1375 908 1407 ὥς

114 1425 165 1443 που
179 1418 268 1453 φησὶν
287 1418 301 1443 ὁ
315 1418 436 1453 ἀοίδιμος
451 1420 600 1455 προφήτης,
618 1420 652 1446 τὰ
668 1421 717 1455 τῆς
737 1421 785 1456 σῆς
806 1421 909 1448 ἀκατα-

114 1462 217 1498 ληψίας
242 1464 316 1498 ἡμᾶς
339 1458 523 1490 ὲέπαιδεύων·
545 1465 591 1498 Ὡς
614 1466 709 1500 μέγας
726 1469 741 1493 ό
759 1465 840 1501 οἶκος
854 1468 906 1494 τοῦ

961 862 1043 894 (litor,
1062 861 1169 889 debitor
1183 862 1229 890 sit.
1255 862 1310 889 Deo
1330 863 1460 890 debemus
1478 871 1572 891 omnes
1589 874 1594 891 :
1616 865 1664 891 tibi
1686 865 1745 900 ipse

961 907 1109 935 obstrictus
1124 911 1176 935 est.
1192 906 1256 934 Nam
1273 908 1319 942 qui
1335 907 1404 934 dixit
1418 917 1424 936 :
1443 908 1551 936 Honora
1561 914 1660 943 patrem
1671 915 1744 936 tuum

960 958 985 981 et
1000 959 1110 980 matrem
1122 954 1161 986 ’7,
1179 953 1258 988 longe
1274 953 1364 988 potius
1377 974 1383 986 ,
1407 954 1507 982 talibus
1527 955 1584 990 ipse
1605 957 1744 983 accenseri

960 1000 1070 1033 volens,
1089 1000 1204 1035 gratiam
1222 1001 1415 1036 propriamque
1432 1001 1490 1036 ipse
1504 1001 1606 1037 legem,
1633 1003 1659 1029 iu
1683 1010 1744 1030 eam

960 1050 1124 1082 servaverit,
1151 1058 1210 1084 quae
1230 1050 1302 1077 ultro
1326 1052 1493 1083 assumptam
1507 1048 1558 1082 ipsi
1575 1048 1743 1076 nativitatem

960 1097 1139 1130 ministravit;
1152 1103 1303 1131 quamque,
1321 1095 1379 1123 sine
1395 1098 1487 1130 patre,
1505 1094 1578 1122 velut
1592 1094 1650 1121 sine
1672 1095 1741 1126 viro,

959 1142 1072 1169 Matrem
1096 1142 1238 1177 inscripsit
1258 1141 1496 1176 conﬁrmavitque;
1514 1141 1608 1169 divino
1624 1141 1742 1175 quodam

958 1188 1074 1220 decore,
1092 1193 1119 1215 et
1139 1196 1222 1223 supra
1241 1188 1378 1215 hominem
1392 1188 1592 1224 gloriticaverit.
1612 1187 1650 1214 lta
1679 1195 1741 1214 vero

958 1233 1016 1260 lucc
1032 1233 1181 1265 habebunt,
1198 1233 1337 1261 habebunt
1349 1234 1396 1260 ita.
1411 1233 1501 1267 Neque
1517 1233 1589 1260 enitn
1602 1241 1661 1267 quae
1677 1233 1742 1260 olfe-

958 1279 1045 1306 rimus
1060 1279 1177 1312 cantica,
1192 1279 1315 1306 inutilem
1328 1283 1432 1306 tantum
1449 1279 1591 1306 verborum
1604 1281 1740 1310 ornatum,

958 1333 975 1352 ο
992 1325 1206 1353 sacratissimum
1227 1325 1552 1360 admirabilissimumquc
1574 1325 1621 1352 Dei
1636 1325 1741 1351 habita-

958 1372 1060 1404 culum,
1071 1372 1170 1400 habent
1183 1381 1189 1398 :
1205 1379 1292 1407 neque
1305 1379 1412 1403 rursus,
1425 1371 1581 1399 saecularem
1597 1371 1741 1406 quamdam

958 1419 1142 1453 nugacitatem
1153 1438 1161 1451 ,
1176 1418 1300 1454 falsaque
1320 1419 1515 1446 asseutationis
1529 1418 1603 1446 velut
1625 1417 1742 1445 crocita-

958 1469 1060 1497 menta,
1078 1465 1210 1500 spiritalis
1222 1468 1268 1492 tua
1284 1464 1365 1491 habet
1379 1464 1510 1497 laudatio,
1527 1471 1544 1490 ο
1555 1463 1610 1491 Deo
1622 1463 1741 1495 laudata,

116 1508 203 1539 Θεοῦ,
221 1508 272 1535 καὶ
290 1508 451 1543 εὐμήκηςὸ
467 1509 558 1542 τόπος
573 1509 628 1544 τ-ῆς
650 1510 784 1545 κτήσεως
802 1512 904 1539 αὑτοῦ.

959 1518 1072 1546 quaeque
1083 1511 1167 1538 Deum
1180 1511 1239 1545 ipsa
1250 1511 1395 1538 lactentem
1409 1510 1524 1542 habeas;
1534 1517 1607 1541 eum.
1619 1509 1741 1544 inquam,

116 1554 228 1589 Μέγας,
244 1554 294 1581 καὶ
307 1555 362 1581 οὐκ
374 1555 436 1589 ἕχει
451 1555 594 1588 τελευτήν
605 1564 611 1570 ·
626 1557 746 1591 ὑψηλὸς
768 1557 816 1584 καὶ
837 1557 906 1592 ἀμέ-

117 1607 236 1633 τρητος.
249 1601 352 1631 Ὀντως
364 1599 428 1635 γὰρ,
444 1600 527 1632 ὅντως
543 1602 710 1637 προφητικδς
724 1604 846 1638 χρησμὸς
858 1604 906 1630 καὶ

118 1645 238 1681 ἀψευδὴς
265 1645 341 1680 λόγος
366 1644 443 1678 οὗτος
467 1647 515 1682 τῆς
538 1649 603 1683 περὶ
624 1648 653 1674 σὲ
680 1649 903 1684 μεγαλειότητος’

117 1691 183 1718 διότι
197 1693 245 1719 καὶ
261 1692 327 1728 μόνη
345 1693 563 1728 συμμερίσασθαι
580 1694 638 1729 Θεῷ
647 1694 680 1720 τὰ
690 1694 736 1721 τοῦ
754 1695 820 1722 Θεοῦ
841 1704 905 1722 κατ-

119 1737 245 1771 ηξίωεται,
262 1738 327 1764 Θεὸν
351 1739 506 1774 γεννήσασα
523 1740 603 1775 σαρκὶ
623 1740 690 1775 μόνη
701 1760 708 1772 ,
725 1741 770 1767 τὸν
788 1741 819 1767 ἐκ
837 1741 904 1768 Θεοῦ

119 1783 225 1818 Πατρὸς
252 1784 403 1819 μονογενῶς
427 1785 474 1811 καὶ
493 1785 632 1817 συναῖδὶως
656 1786 826 1822 γεννηθέντα.
843 1787 905 1814 Φιλ-

120 1828 226 1864 αλήθως
242 1829 299 1865 (72)
319 1830 373 1856 οἵδε
394 1829 466 1864 λύγοι
485 1831 602 1863 πίστεως
617 1832 782 1867 ἀκραιφνοῦς
797 1833 906 1868 ἀντεχο-

121 1873 218 1908 μένων.

959 1559 1005 1593 qui
1024 1558 1141 1593 primum
1157 1565 1219 1585 esse
1232 1557 1394 1584 mortalibus
1407 1556 1548 1584 nativitate
1565 1555 1675 1588 tribuit;
1694 1555 1741 1583 sed

958 1603 1100 1630 veritatem
1128 1602 1273 1638 quamdam
1296 1609 1409 1637 prorsus
1429 1601 1610 1636 perspicuam.
1629 1599 1742 1628 Deﬁciet

958 1650 1030 1677 enim
1046 1657 1097 1677 nos
1119 1653 1225 1684 tempus
1247 1649 1407 1684 futurasque
1429 1647 1601 1683 postmodum
1628 1654 1742 1682 genera-

958 1696 1057 1727 tiones,
1072 1695 1094 1723 si
1111 1698 1138 1722 te
1154 1695 1266 1722 Matrem
1282 1694 1358 1730 Regis
1373 1694 1530 1721 swculorum
1547 1693 1569 1709 ⁵⁵
1585 1693 1673 1729 dignis
1688 1693 1742 1720 elo-

957 1743 1009 1777 giis
1020 1742 1185 1769 voluerimus
1199 1742 1305 1769 beatam
1317 1741 1482 1776 pratdicarc;
1498 1745 1526 1767 ut
1536 1740 1652 1775 quodam
1669 1740 1740 1772 loco,

957 1786 1085 1813 erudiens
1117 1793 1197 1821 quam
1224 1786 1264 1814 sis
1293 1785 1596 1821 incomprehensibilis,
1622 1785 1742 1820 inclytus

957 1831 1088 1867 propheta
1109 1832 1166 1859 ait:
1184 1831 1271 1864 Quam
1291 1840 1387 1866 magna
1410 1831 1504 1858 damus
1521 1831 1584 1863 Dei,
1604 1836 1628 1857 et
1652 1831 1741 1865 ingens

959 1878 1030 1905 locus
1041 1877 1213 1913 possessionis
1225 1878 1300 1913 ejus!
1316 1877 1440 1913 Magnus,
1457 1883 1481 1905 et
1494 1886 1544 1905 non
1558 1877 1633 1905 habet
1645 1878 1740 1914 ﬁnem;

119 1921 241 1948 sublimis
270 1926 348 1957 atque
371 1923 512 1950 immensus
541 1923 574 1951 ν’.
602 1923 686 1951 Plane
717 1924 811 1955 enim,
838 1924 916 1960 plane
941 1924 1129 1959 propheticum
1156 1924 1316 1957 oraculum,
1340 1925 1554 1959 verissimusque
1586 1923 1631 1951 hic
1651 1930 1744 1951 sermo

119 1968 152 1996 de
167 1969 372 2005 magnificentia
397 1970 442 1997 illa
464 1975 509 1998 tua
530 1976 558 1998 et
586 1971 729 2006 majestate
756 1972 902 2007 procedit:
931 1979 994 1999 nam
1021 1976 1049 1999 et
1072 1972 1146 2003 sola,
1169 1979 1264 1999 eorum
1283 1979 1344 2006 quae
1368 1975 1433 1999 sunt
1457 1970 1520 2003 Dei,
1548 1974 1653 2006 partem
1679 1977 1742 1998 cum

121 2017 174 2045 Deo
204 2019 304 2046 habere
336 2019 478 2053 meruisti;
504 2028 563 2055 quae
594 2020 650 2047 sola
676 2019 760 2047 Deum
789 2028 823 2048 ex
848 2019 903 2047 Deo
939 2019 1020 2047 Patre
1041 2020 1156 2054 unigene
1178 2027 1210 2046 ac
1232 2019 1396 2054 sempiterno
1418 2020 1555 2054 genitum,
1582 2025 1665 2045 carne
1695 2026 1742 2053 ge.

119 2066 223 2094 niteris.
245 2065 284 2094 Ita
296 2068 432 2094 veraciter
449 2068 588 2100 sentiunt,
604 2068 650 2102 qui
668 2067 802 2095 sinceram
821 2068 900 2096 iidem
917 2069 1127 2103 amplectuntur.

153 2113 204 2139 IA'.
231 2111 424 2148 Ἀπολάϐωμεν
439 2113 468 2139 δὲ
490 2113 591 2145 λοιπὸν,
616 2111 638 2141 ὧ
662 2114 903 2150 φιλομαθέστατοι,

991 2114 1036 2143 XI.
1048 2113 1193 2146 Caeterum,
1210 2113 1282 2149 quod
1297 2113 1431 2148 reliquum
1442 2117 1493 2144 est,
1513 2112 1665 2143 sciendum,
1683 2115 1745 2139 stu-

119 2157 161 2185 τδν
173 2158 296 2193 θεοδόχον
314 2158 480 2195 πρεσϐύτην,
497 2160 544 2186 καὶ
559 2159 656 2195 εὐσεϐῆ
672 2160 839 2192 διδάσκαλον,
855 2158 905 2188 ὧδέ

120 2212 168 2230 που
181 2204 347 2239 διανήξαντα
361 2206 500 2240 σωτηρίως
513 2206 545 2232 ἐκ
566 2204 613 2232 τοῦ
639 2205 802 2242 παρθενικοῦ
821 2207 903 2233 πελά-

123 2258 197 2282 γουςο
216 2250 265 2276 καὶ
286 2250 512 2287 διαναπαύσωμεν
535 2252 762 2287 ὲμπεφορημένον
779 2253 835 2287 ἅμα
855 2253 905 2287 τῆς

118 2295 192 2327 θείας
213 2296 345 2330 ἐφέσεως,
358 2297 405 2322 καὶ
426 2298 665 2333 ἐμπορευσάμενον
681 2300 748 2334 ἡμῖν
767 2298 814 2333 τὴν
835 2307 903 2325 πανο

118 2340 204 2368 ὄλϐιον
215 2342 354 2376 θεολογίαν
364 2351 371 2358 ·
383 2344 429 2370 καὶ
447 2344 530 2379 ἴωμεν
547 2345 627 2380 ἡμεῖς
641 2345 708 2380 πρὸς
727 2344 757 2372 τὸ
780 2345 842 2380 ἑξῆς
857 2345 903 2373 τοῦ

118 2386 206 2421 λόγου,
218 2388 346 2421 ἀπλανῶς
366 2390 434 2425 πρὸς
448 2390 494 2416 τὸν
510 2391 690 2426 προκείμενον
705 2392 805 2418 σκοπὸν
821 2392 904 2418 ἀπευ-

119 2432 242 2465 θύνοντες
258 2434 306 2461 σὺν
322 2434 418 2470 ὀδηγίᾳ
432 2434 479 2461 τοῦ
492 2435 643 2471 κρείττονος
652 2435 700 2471 τὴν
715 2436 817 2471 τρίϐον,
830 2436 904 2468 ὅπως

120 2478 154 2514 μὴ
183 2479 272 2515 πάντη
299 2477 374 2515 ὦμεν
395 2480 514 2516 ἄκαρποι
533 2482 580 2508 καὶ
607 2482 760 2514 ἀσυντελεῖς
785 2483 854 2518 πρὸς
869 2483 902 2509 τὰ

118 2522 218 2549 δέοντα.
243 2523 320 2550 Ἐπεὶ
339 2522 384 2551 οὖν
401 2525 603 2562 συνεκλήθησαν
620 2527 687 2562 πρὸς
708 2527 742 2553 τὰ
763 2527 842 2562 ἱερῶς
858 2536 902 2554 τε-

119 2568 235 2603 λούμενα
252 2569 386 2604 ἱερωσύνη
399 2578 428 2596 τε
443 2571 489 2597 καὶ
501 2572 667 2606 προξρητεὶα,
686 2573 732 2599 καὶ
750 2575 903 2609 παρειστή-

151 2668 215 2706 ’χιι
229 2667 299 2706 ﬂag.
328 2669 478 2706 quieti.
499 2670 538 2706 3‘
555 2669 640 2698 Exod.
663 2680 749 2703 xxxv,
771 2672 814 2699 i7.
853 2672 876 2688 νδ
897 2675 904 2699 t

959 2673 973 2699 ί.
993 2681 1052 2706 ctu,
1073 2673 1101 2702 2.

119 2703 138 2718 ’⁷
160 2702 244 2730 Exod.
264 2711 318 2736 xx,
342 2704 385 2731 12.
423 2704 446 2720 ⁸⁸
466 2705 476 2731 Ι
497 2704 565 2733 Tim.
587 2714 606 2738 ι,
627 2706 668 2735 17.
706 2707 728 2723 "
741 2707 846 2735 Barac/1
857 2715 898 2741 ttt,

965 2708 1009 2736 25.

151 2793 205 2830 (Η)
221 2794 407 2828 Φιλαλήθως.
424 2795 589 2832 Φιλαλήθεις.

955 2161 1112 2189 diosissima
1130 2161 1237 2194 concio,
1253 2168 1345 2189 senem
1360 2166 1485 2187 uostrutn
1494 2158 1541 2186 Dei
1553 2161 1740 2193 susceptorem

956 2208 1086 2243 piumque
1100 2206 1250 2238 doctorem,
1270 2206 1323 2233 huc
1336 2205 1483 2234 salubriter
1497 2212 1512 2231 a
1527 2203 1651 2239 virginali
1665 2203 1740 2238 pela-

955 2262 989 2289 go
1004 2253 1223 2288 adnavigantem,
1241 2252 1424 2287 suscipiamus
1438 2271 1444 2284 ,
1457 2252 1568 2286 jamque
1583 2250 1675 2278 divino
1690 2257 1741 2277 suo

955 2299 1002 2326 illo
1013 2298 1150 2326 desiderio
1161 2302 1348 2326 exsaturatum
1361 2297 1480 2332 pariter,
1508 2304 1540 2323 ac
1555 2295 1738 2323 beatissimam

955 2345 1028 2372 Hlam
1047 2345 1209 2379 theologiam
1234 2344 1313 2372 nobis
1334 2343 1540 2374 advectantem,
1568 2348 1738 2374 recreemus;

955 2392 1062 2427 ipsique
1079 2399 1232 2419 sermonem
1248 2391 1384 2426 reliquum
1402 2398 1602 2425 prosequamur
1617 2389 1650 2416 ad
1671 2396 1740 2423 pra:-

955 2438 1079 2465 stitutum
1097 2438 1176 2465 nobis
1200 2445 1330 2472 scopum,
1356 2436 1402 2464 Dei
1428 2437 1523 2471 optimi
1546 2436 1647 2467 ductu,
1665 2438 1740 2462 certa

954 2483 1060 2511 ratione
1077 2491 1187 2510 cursum
1201 2482 1366 2518 dirigentes;
1384 2486 1414 2509 ut
1434 2489 1469 2508 ne
1491 2488 1623 2515 prorsus,
1648 2479 1681 2506 ad
1707 2486 1739 2506 ea

953 2537 1013 2564 qua:
1028 2529 1199 2561 incumbunt,
1216 2531 1243 2556 et.
1258 2532 1414 2556 nostrarum
1426 2531 1490 2555 sunt
1505 2527 1622 2562 partium
1632 2547 1638 2558 ,
1652 2525 1740 2553 inl‘ru-

953 2575 1031 2610 giieri
1055 2575 1220 2610 inutilesque
1247 2573 1429 2601 inveniamur.
1455 2572 1524 2600 Cum
1542 2573 1633 2607 itaque
1651 2572 1684 2599 ad
1706 2578 1738 2599 ea

1154 2674 1176 2691 "
1195 2673 1252 2702 Jer.
1274 2682 1361 2709 xxiii,
1381 2674 1426 2702 24.
1466 2674 1489 2691 '°
1509 2673 1605 2709 Eph“.
1626 2681 1674 2707 vt,
1694 2673 1740 2702 16.
