1911 3072
152 76 204 104 575

630 75 658 102 S.
680 74 844 103 METHODII
862 74 1016 102 EPISCOPI
1038 74 1081 102 ΕΤ
1102 74 1278 103 MARTVRIS

1716 77 1776 106 576

151 143 231 166 sacra
243 157 250 168 ,
263 135 459 164 sacerdotium.
489 135 686 170 prophetiaque
698 156 704 165 .
722 137 822 171 pariter
840 141 933 163 vocata

992 145 1029 162 ιιει
1043 136 1081 172 τῷ
1106 136 1202 171 ἐνδόξῳ
1217 137 1262 163 καὶ
1283 136 1437 172 παρθενικῷ
1463 136 1550 172 θρόνῳ
1570 136 1684 172 ξυνωρὶς
1706 137 1755 164 Οεο
1772 152 1777 156 ι

153 185 246 210 essent
259 181 431 217 gloriosoque
447 179 568 215 Virginis
579 181 689 213 throno,
703 182 763 216 biga
779 183 835 208 haec
849 189 863 208 a
881 181 934 210 Deo

153 229 300 256 electorum
318 226 472 261 iustorum;
491 226 636 260 Simeonis,
655 227 776 262 inquam,
796 231 822 254 et
835 227 933 260 Annae;

154 274 342 309 apertissimas
355 273 496 308 utriusque
513 274 604 308 populi
627 274 758 309 imagines
780 274 806 300 in
825 281 854 301 se
866 282 935 309 pra:-

154 320 298 348 ferentium
310 339 316 350 ,
335 319 468 346 astitisset
481 318 553 354 (nam
569 327 650 346 senex
663 319 771 354 quidem
807 319 936 347 Israeliti-

153 374 214 394 cum
233 367 379 402 populum,
395 366 505 400 jamque
529 370 714 393 senescentem
730 370 757 392 et
768 365 873 393 eﬂetam
894 366 934 392 le-

153 419 212 446 gem
236 411 396 443 exhibebat;
422 410 501 437 vidua
522 415 610 437 autem
640 410 788 437 Ecclesiam
814 411 933 445 gentium

153 459 268 484 eatenus
281 455 426 490 viduam),
445 463 526 483 senex
539 455 664 490 quidem.
680 463 729 482 ceu
747 456 774 482 in
794 456 862 490 legis
874 463 935 490 per-

155 509 240 533 sona,
267 501 454 528 dimissionem
476 500 631 535 quaerebat;
649 501 729 527 vidua
748 505 837 527 autem
852 520 859 532 ,
885 509 934 528 ceu

155 547 282 575 Ecclesiae
296 554 440 582 personam
452 554 559 581 gerens,
571 546 769 573 confessionem
784 549 878 573 contra
895 546 934 573 af-

156 593 259 620 ferebat
276 593 296 626 ‘,
309 592 585 627 exspectantibusque
610 591 823 626 redemptionem
846 591 874 618 in
891 590 936 618 Je-

155 639 289 671 rusalem,
316 646 376 673 qua:
397 638 429 665 de
447 638 505 671 ipso
524 642 602 664 erant
615 637 738 664 edicebat
754 647 759 664 :
776 637 847 664 sicut
867 637 936 665 bene

157 689 239 719 atque
253 684 376 719 apposite
390 690 422 710 ac
435 682 512 710 valde
523 682 630 717 egregie
641 703 648 715 ,
662 686 689 710 et
706 682 774 709 festo
787 682 852 709 huic
872 690 934 710 cum

155 730 251 765 primis
265 737 394 766 congrua,
408 729 441 756 ab
460 734 573 763 utroque
588 728 673 762 dicta,
686 729 841 763 conscripta
860 733 934 756 sunt.

155 775 303 811 Oportebat
318 776 389 803 enim
413 783 444 802 ac
463 775 540 809 plane
555 782 698 802 necessum
712 779 771 801 erat
782 795 788 806 ,
805 778 835 802 ut
852 782 935 802 senex

984 183 1091 217 κλήτων
1104 182 1226 216 δικαίων,
1255 182 1396 217 Συμεῶνος
1413 191 1482 218 φημι
1494 183 1540 209 καὶ
1552 183 1660 218 ¹’Λννης,
1674 183 1761 210 ἑκατέ

986 236 1039 263 ρων
1054 228 1106 254 τῶν
1121 228 1192 254 λαῶν
1213 227 1410 263 ἐναργεστάτας
1432 228 1568 263 φερόντων
1589 228 1638 260 τὰς
1660 229 1776 260 εἰκόνας

986 274 1015 309 (ὁ
1032 275 1081 309 μὲν
1096 274 1261 309 πρεσϐύτης,
1278 274 1323 300 τοῦ
1345 273 1452 309 Ἰσραὴλ
1469 274 1515 300 καὶ
1534 274 1580 300 τοῦ
1595 275 1775 310 γηράσαντος

984 320 1065 355 νόμου
1076 328 1082 334 ”
1099 321 1115 354 ἠ
1132 320 1159 346 δὲ
1176 320 1257 354 χήρα,
1272 320 1320 354 τῆς
1338 319 1368 351 ἐξ
1380 319 1462 345 ἐθνῶν
1476 320 1563 355 χήρας
1579 319 1609 346 τὸ
1619 320 1776 356 τηνικαῦτα

991 365 1169 400 Ἐκκλησίας)
1183 374 1189 380 ·
1205 367 1218 391 ὁ
1236 366 1284 400 μὲν
1305 364 1352 392 05v
1372 366 1526 401 πρεσϐύτης
1547 366 1775 401 προσωποποιού-

987 421 1065 446 μενος
1081 412 1125 438 τὸν
1153 411 1243 446 νόμον,
1263 411 1311 447 τὴν
1336 412 1467 438 ἀπόλυσιν
1487 412 1608 447 ὲξεζήτει
1619 420 1626 426 ·
1643 413 1659 447 ἡ
1675 412 1703 438 δὲ
1719 413 1775 448 τῆς

993 457 1154 492 Ἐκκλησίας
1169 458 1375 493 προσωποποιὸς
1389 458 1437 494 τὴν
1455 457 1668 493 ὰνθομολόγησιν
1682 466 1773 493 προσ-

985 503 1094 538 εκόμιζε
1112 502 1179 538 (73),
1200 503 1316 534 καὶτοῖς
1334 503 1560 538 ἀπεκδεχομένοις
1582 503 1714 538 λύτρωσιν
1740 503 1772 528 ἐν

991 548 1166 584 Ἰερουσαλὴμ
1189 548 1223 574 τὰ
1246 549 1309 584 περὶ
1331 548 1412 575 αὐτοῦ
1431 548 1535 574 ἐλάλει·
1557 548 1647 579 καθὼς
1666 549 1776 583 γέγρα-

985 603 1050 621 πται
1067 592 1096 621 εὖ
1119 594 1191 630 μάλα
1210 594 1345 630 ἁρμοδίως
1360 594 1406 621 καὶ
1420 593 1564 630 ὑπερφυῶς
1581 593 1615 620 τὰ
1626 595 1690 629 παρ’
1709 594 1777 620 ὲκα-

985 641 1074 676 τέροις
1084 640 1245 676 λαλούμενα,
1255 640 1302 667 καὶ
1315 642 1347 675 τῇ
1362 641 1422 675 ἱερᾷ
1433 639 1525 674 τελετῇ
1541 640 1685 674 σύμφημα.
1697 637 1775 664 Ἔδει

985 686 1049 722 γὰρ,
1067 686 1119 712 ἔδει
1138 686 1230 720 σαφῶς
1244 686 1289 712 τὸν
1310 686 1357 721 μὲν
1375 686 1528 721 πρεσϐύτην
1545 686 1724 720 ἐπιστάμενον
1741 684 1775 711 τὺ

986 733 1088 767 φάσκον
1100 732 1146 758 τοῦ
1163 733 1244 767 νόμου
1264 732 1414 766 διάταγμα,
1433 731 1529 758 Αὑτοῦ
1551 731 1690 757 ἀκούετεο
1705 729 1772 757 καί·

986 777 1073 804 Πᾶσα
1088 778 1174 812 ψυχὴ
1198 778 1262 811 ἥτις
1275 777 1313 804 ἂν
1331 777 1374 812 μὴ
1394 778 1512 810 ἀκούσῃ
1536 777 1639 808 αὑτοῦ,
1665 776 1776 807 ἐξολο-

157 821 284 856 quidem,
300 821 346 857 qui
368 821 436 856 legis
453 821 517 848 illud
536 821 633 849 scitum
654 821 798 856 perspicue
823 825 933 853 nosset,

992 824 1139 856 7p8130'stat
1160 824 1194 850 ἐκ
1215 823 1268 849 τοῦ
1292 823 1368 849 ¹λαοῦ
1391 821 1501 855 αὐτῆς,
1527 821 1656 848 ἀπόλυσιν
1676 821 1777 855 ἐπιζη-

157 875 211 903 quo
230 867 331 895 dicitur
345 877 352 895 :
368 867 457 902 Ipsum
470 868 573 899 audite;
589 870 617 894 et
639 876 645 893 :
664 867 754 894 Omnis
770 867 860 894 anima
879 875 937 902 qua:

157 915 243 948 ipsum
256 923 306 941 non
318 914 440 946 audierit,
456 914 674 940 exterminabitur
691 913 722 940 de
736 913 829 947 populo
840 921 888 940 suo
904 913 913 928 ¹
928 921 934 940 :

157 960 298 994 paciﬁcam
313 968 328 987 α
353 959 430 994 legali
453 959 625 994 postmodum
647 959 817 986 institutione
842 958 938 986 dimis-

158 1007 262 1033 sionem
278 1009 419 1041 quaereret.
435 1005 539 1033 Revera
555 1005 628 1033 enim
643 1005 743 1039 injuria
756 1009 798 1032 est
811 1009 838 1032 et
853 1009 937 1032 teme-

157 1051 224 1079 ritas
235 1072 242 1083 ,
255 1055 300 1084 ut,
315 1059 378 1086 rege
398 1055 531 1086 praesente
545 1058 576 1077 ac
590 1051 670 1078 verba
685 1051 791 1085 publice
804 1049 936 1082 faciente,

157 1097 304 1125 satellitum
319 1097 417 1132 aliquis
434 1105 466 1126 ex
486 1097 604 1124 adverso
618 1097 755 1131 loquatur,
769 1100 851 1131 utque
870 1095 938 1123 sub-

159 1142 208 1170 diti
225 1143 250 1170 ei
264 1142 372 1170 interim
391 1150 471 1170 aures
493 1142 710 1169 accommodent.
726 1141 779 1168 Sed
790 1145 816 1167 et
828 1141 936 1167 viduam

157 1196 218 1223 quae
247 1187 327 1215 donis
353 1189 547 1222 superantibus
576 1187 709 1214 rationem
739 1190 818 1214 aucta
844 1189 937 1217 esset,

158 1232 237 1260 festis
250 1232 367 1259 canticis
383 1231 438 1259 Deo
449 1232 551 1266 gratias
565 1239 643 1267 agere
657 1239 705 1266 par
724 1235 782 1258 erat
796 1240 802 1257 :
819 1230 940 1265 adeoque

157 1278 213 1304 illic
233 1281 326 1312 gesta.
349 1277 401 1312 legi
428 1284 548 1304 consona
573 1282 659 1304 erant.
689 1276 822 1304 Caeterum
851 1283 940 1312 operte

159 1324 275 1360 pretium
302 1323 404 1354 fuerit,
425 1323 614 1357 inquiramus;
633 1330 695 1350 cum
721 1322 884 1357 prophetica;
900 1323 939 1349 in-

160 1368 338 1396 formationes
350 1371 377 1395 et
388 1367 481 1402 ﬁgurae
499 1368 532 1395 ad
547 1368 660 1396 eximias
681 1369 762 1396 hasce
777 1368 938 1396 festivitates

160 1422 307 1450 congruam
323 1414 467 1449 quamdam
479 1415 636 1442 relationem
655 1415 793 1446 baberent,
811 1416 940 1448 quemad«

159 1461 268 1488 modum
285 1460 388 1488 dictum
404 1465 446 1488 est
460 1481 467 1492 ,
481 1461 618 1496 quomodo
633 1461 730 1488 domus
747 1460 822 1488 fumo
838 1461 939 1495 repleta

987 868 1068 903 τῆσαι
1089 869 1228 904 εἰρηνικὴν
1248 869 1296 903 τῆς
1318 868 1433 903 νομικῆς
1459 867 1653 901 παιδαγωγίας.
1672 867 1776 902 ’Ὕϐρις

988 915 1040 950 γὰρ
1067 915 1124 950 ἃμα
1153 915 1199 940 καὶ
1222 914 1387 948 προπέτεια,
1417 912 1546 948 βασιλέως
1569 912 1700 948 παρόντος
1725 912 1777 938 καὶ

988 960 1222 996 δημηγοροῦντος,
1240 960 1412 994 ὑπασπιστὴν
1434 959 1614 995 κατάντικρυς
1629 958 1778 993 ἀντιφθέγ-

988 1007 1093 1041 γεσθαι,
1114 1006 1161 1032 καὶ
1175 1007 1260 1041 τούτῳ
1277 1005 1412 1032 ἐπικλῖναι
1428 1006 1490 1036 τοὺς
1502 1005 1639 1040 ὑπηκόους
1655 1005 1689 1031 τὰ
1704 1002 1774 1031 ὦτα.

990 1052 1064 1079 Ἔδει
1078 1052 1106 1078 δὲ
1122 1052 1169 1078 καὶ
1184 1051 1232 1086 τὴν
1253 1052 1351 1086 χήραν,
1367 1050 1499 1085 τυχοῦσαν
1519 1050 1572 1077 τῶν
1589 1050 1658 1085 ὑπὲρ
1682 1050 1776 1084 λόγον,

988 1098 1023 1125 τὰ
1038 1098 1234 1133 εὐχαριστήρια
1247 1097 1375 1133 ἑορτάσαι
1386 1096 1424 1131 τῷ
1437 1095 1509 1131 Θεῷ·
1524 1095 1592 1122 ὥστε
1614 1096 1719 1131 συνῳδὰ
1734 1095 1777 1130 τῷ

988 1143 1062 1178 νόμῳ
1078 1143 1111 1169 τὰ
1125 1139 1177 1170 ὦδε
1189 1143 1348 1178 τελούμενα.
1373 1141 1551 1177 Ἐπιζητῆσαι
1567 1141 1595 1168 δὲ
1610 1141 1700 1167 λοιπὸν
1719 1140 1778 1168 τῶν

989 1189 1144 1222 ἀναγκαίων
1157 1188 1320 1224 καθέστηκε,
1337 1188 1395 1219 πῶς
1412 1188 1465 1214 τῶν
1483 1187 1657 1223 προφητικῶν
1674 1195 1778 1222 προτυπ-

990 1235 1113 1268 πώσεων,
1143 1234 1233 1266 καθὼς
1267 1234 1464 1266 ἀποδέδεικται,
1486 1234 1532 1260 ἐπὶ
1555 1233 1609 1260 τῶν
1628 1233 1777 1269 ἑξαιρότωνν

989 1280 1090 1307 τούτων
1105 1280 1298 1315 ἑορτασμάτων
1318 1279 1458 1315 ἀραρότως
1478 1280 1592 1314 ἑχόντων
1609 1280 1657 1314 τὴν
1673 1279 1779 1313 ἀναφε-

991 1327 1051 1362 ρὰν,
1070 1326 1171 1354 καπνοῦ
1193 1327 1237 1353 τὸν
1260 1324 1332 1353 οἶκον
1358 1325 1547 1361 ἐμπεπλῆσθαι
1565 1325 1702 1351 λέλεκταγ
1726 1323 1778 1351 καὶ

990 1373 1068 1400 τοῦτο
1084 1372 1115 1399 οὐ
1137 1371 1387 1408 παρενθέτως(74),
1408 1371 1464 1398 ἀλλ’
1487 1371 1695 1406 ὲνσημάντρως,
1713 1369 1777 1396 ἀπὸ

990 1418 1044 1452 τῆς
1057 1418 1199 1454 τρισαγίας
1212 1417 1314 1452 φωνῆς
1326 1418 1439 1452 φάσκων
1456 1418 1470 1444 ὁ
1486 1416 1643 1455 εἰσηγητὴς,
1657 1414 1695 1450 ἧς
1708 1414 1777 1441 ἐκέ-

992 1472 1104 1498 κραγον
1126 1464 1150 1489 οί
1189 1463 1242 1489 τῶν
1273 1462 1440 1498 ἐπουρανίων
1474 1462 1582 1497 μύσται.
1623 1459 1781 1487 ’Δναλαὸὼν

160 1507 246 1535 fuisse
259 1506 394 1535 referatur
415 1517 421 1535 :
440 1515 490 1535 nec
507 1508 532 1535 id
549 1508 622 1534 velut
645 1507 806 1538 ineidenter,
832 1507 878 1533 sed
903 1506 940 1534 si-

992 1510 1012 1536 δ¹
1034 1508 1093 1540 οὖν,
1109 1507 1131 1535 ὦ
1156 1509 1286 1544 ῳιλήκοε,
1316 1509 1365 1544 τῆς
1391 1508 1509 1543 ἱστορίας
1531 1507 1561 1533 τὸ
1588 1506 1779 1540 ἐπαγόμενον,

161 1558 286 1589 gnantcr.
299 1554 386 1589 inquit
398 1555 493 1582 doctor
509 1554 704 1589 prophetaque,
720 1561 735 1580 a
747 1561 805 1580 voce
821 1556 861 1579 ter
872 1551 941 1579 San-

160 1602 222 1626 ctus
250 1607 302 1634 qua
324 1600 475 1627 cmlestium
493 1599 530 1626 illi
555 1603 648 1634 mystae
669 1599 853 1626 c1amabant'.
870 1597 941 1625 Sane

160 1645 274 1679 hujusce
287 1645 324 1672 rei
350 1653 475 1678 causam,
500 1645 623 1672 studiose
649 1644 766 1676 auditor,
785 1643 940 1675 inveneris,

163 1690 242 1716 modo
255 1698 287 1718 ea
306 1698 366 1724 qua:
384 1695 583 1726 consequenter
600 1691 681 1718 habet
702 1691 823 1718 narratio
847 1698 942 1725 ρει-εον

161 1736 243 1770 peris.
254 1735 355 1762 Audilu
368 1736 451 1768 enim,
466 1737 564 1769 inquit,
576 1736 700 1768 audietis,
716 1741 740 1763 et
756 1745 806 1763 non
818 1737 943 1770 intellige-

163 1781 215 1813 tis;
231 1786 256 1808 et
271 1782 383 1809 videntes
397 1782 526 1816 videbitis,
539 1788 563 1809 et
575 1791 626 1810 non
641 1783 803 1817 perspicietis
824 1783 844 1810 ⁵.
863 1782 942 1811 Post-

161 1833 244 1860 quam
258 1827 328 1854 enim
343 1827 435 1854 vesani
450 1827 546 1860 Judaei,
562 1828 680 1862 prodigia
693 1828 811 1862 gloriosa
823 1837 880 1863 qlue
891 1828 944 1855 Do-

163 1873 249 1900 minus
263 1873 373 1906 ponebat
388 1882 465 1908 super
479 1878 575 1901 terram
585 1874 605 1906 ⁸,
617 1874 688 1901 sicut
699 1875 836 1902 cecinerat
849 1874 942 1908 David,

162 1917 388 1952 conspexissent;
402 1918 587 1952 vidissentque
603 1918 710 1952 signum
725 1926 757 1945 ex
770 1918 904 1952 profundo
917 1922 945 1946 et

162 1962 196 1988 de
209 1962 317 1990 excelso
327 1963 348 1995 ⁸,
366 1963 538 1991 inconfusum
552 1971 720 1990 concurrens
733 1963 942 1999 indivisumque,

162 2009 389 2043 quemadmodum
423 2011 503 2037 etiam
519 2009 602 2038 Isaias
630 2010 791 2046 praedixerat
816 2020 822 2036 :
849 2018 945 2045 nempe

163 2054 274 2082 Matrem
287 2063 367 2091 supra
381 2061 505 2083 naturam
518 2065 525 2090 ;
542 2056 679 2092 fetumque
690 2064 772 2091 supra
789 2057 920 2084 rationem
936 2066 942 2083 :

163 2105 278 2128 matrem
299 2106 470 2135 terrestrem;
495 2107 523 2130 et
549 2102 632 2130 lilium
655 2103 791 2130 cwlcstem
806 2113 811 2129 :
829 2109 941 2134 novam,

164 2148 290 2182 inquam,
309 2147 355 2174 Dei
374 2148 424 2176 viri
441 2152 576 2180 naturam,
593 2148 820 2183 puerperiumque
835 2149 943 2183 nuptia-

991 1556 1116 1591 εὑρήσεις
1140 1555 1188 1590 τὴν
1210 1554 1308 1581 αίτὶαν.
1329 1553 1413 1587 Ἀκοῇ
1427 1553 1491 1588 γὰρ,
1507 1552 1598 1588 φησιν,
1614 1551 1778 1583 ἀκούσητε,

991 1601 1039 1627 καὶ
1052 1601 1087 1627 οὺ
1103 1600 1146 1634 μὴ
1164 1600 1277 1633 συνῆτε
1288 1607 1294 1611 ·
1319 1600 1366 1626 καὶ
1380 1598 1549 1630 βλέποντες
1564 1596 1711 1630 βλέμιητε,
1727 1594 1781 1621 καὶ

992 1648 1027 1674 οὺ
1037 1646 1080 1681 μὴ
1096 1646 1187 1679 ἴδητε.
1204 1646 1279 1672 Ἐπεὶ
1290 1645 1378 1671 τοίνυν
1391 1643 1458 1670 εἶδον
1475 1643 1630 1677 ἀγνώμονες
1643 1640 1781 1667 Ἰουδαίων

994 1693 1086 1724 παῖδες
1098 1692 1204 1725 τέρατα
1217 1691 1319 1724 ἔνδοξα,
1332 1690 1350 1717 (ἲ
1366 1690 1448 1717 ἔθετο
1464 1691 1479 1716 ὀ
1493 1689 1563 1721 Θεές
1580 1688 1629 1714 ἐπὶ
1650 1687 1705 1720 τῆς
1721 1685 1781 1721 τῆς

993 1738 1063 1765 κατὰ
1077 1738 1121 1764 τὸν
1141 1737 1257 1773 μελῳόὸν
1278 1736 1373 1762 Δαϐίδθ
1391 1736 1536 1762 ἐθεάσαντο
1549 1734 1578 1760 δὲ
1599 1733 1646 1760 καὶ
1666 1733 1781 1767 σημεῖον

993 1785 1025 1811 ὲκ
1043 1784 1140 1818 βάθους
1156 1783 1202 1810 καὶ
1220 1782 1248 1814 ἐξ
1266 1782 1348 1816 ὕψους
1364 1781 1434 1809 κατὰ
1444 1781 1550 1807 σύνοδον
1567 1780 1718 1815 ἀσύγχυτον
1731 1779 1781 1805 καὶ

994 1829 1143 1865 ἀδιαίρετον
1156 1849 1163 1861 ,
1179 1829 1208 1855 ὃν
1235 1828 1334 1864 τρόπον
1356 1826 1581 1863 προανεφώνησεν
1603 1824 1716 1855 Ἡσαΐας
1738 1823 1782 1859 (τί

993 1875 1089 1906 τοῦτος
1108 1876 1214 1910 μητέρα
1226 1875 1297 1911 ὑπὲρ
1315 1875 1405 1909 φύσιν,
1427 1873 1472 1899 καὶ
1487 1872 1564 1899 τόκον
1593 1871 1662 1906 ὑπὲρ
1680 1870 1780 1904 λόγον’

997 1921 1101 1957 μητέρα
1124 1922 1257 1955 ἐπίγειον,
1285 1921 1331 1948 καὶ
1355 1921 1411 1946 υἱὸν
1436 1919 1570 1954 οὐράνιον,
1585 1918 1680 1952 καινήν
1706 1924 1780 1951 φημι

995 1968 1215 2003 θεανὸρίαν(75),
1233 1969 1279 1994 καὶ
1300 1967 1377 2002 λόχον
1401 1965 1586 2000 ἁπειρόγαμον
1603 1974 1610 1981 ·
1624 1962 1662 1992 ὧν
1683 1963 1709 1989 τί
1732 1963 1781 1989 καὶ

995 2013 1090 2046 γένοιτ’
1102 2013 1134 2040 ἂν
1151 2014 1316 2049 ἐνδοξότερον
1336 2014 1382 2039 καὶ
1401 2010 1622 2047 περιὸοητότερον
1640 2009 1712 2044 ἀμφὶ
1730 2007 1783 2042 τὴν

996 2059 1127 2095 κτίσιν;)·
1146 2061 1191 2086 καὶ
1208 2060 1293 2086 ταῦτα
1311 2059 1481 2093 Θεασάμενοι,
1498 2056 1652 2091 διετέθησαν
1678 2055 1716 2086 ὡς
1743 2053 1783 2089 μὴ

997 2103 1176 2141 θεασάμενοι,
1208 2106 1355 2140 μύσσοντες
1375 2105 1421 2132 καὶ
1447 2102 1621 2137 ὑπτιούμενοι
1646 2100 1713 2136 πρὸς
1732 2098 1782 2134 τὴν

996 2150 1111 2177 αἴνεσιν·
1131 2151 1174 2177 διὰ
1198 2151 1275 2177 τοῦτο
1292 2149 1412 2185 ἐπλήσοη
1427 2151 1441 2176 ὁ
1461 2147 1533 2179 οἶκος
1551 2148 1599 2182 τῆς
1621 2146 1784 2181 καυχήσεως

162 2202 222 2222 rum
234 2203 331 2230 expers
348 2205 354 2222 :
375 2195 484 2231 quibus,
500 2195 564 2230 quid
580 2202 698 2229 unquam
710 2194 855 2229 gloriosius
870 2195 940 2221 circa

996 2196 1084 2224 αὐτῶν
1098 2196 1211 2223 καπνοῦ.

163 2246 334 2273 creaturam,
352 2241 416 2276 quid
434 2249 498 2268 vero
512 2241 643 2268 celebrius
662 2241 746 2274 possit
767 2240 843 2267 ﬁeri?
867 2241 939 2272 haec,
956 2241 1064 2277 inquam
1076 2263 1084 2275 ,
1098 2243 1136 2269 illi
1157 2251 1218 2270 cum
1244 2243 1392 2273 vidissent.
1421 2241 1534 2276 perinde
1549 2239 1637 2267 aﬂecti
1657 2241 1722 2266 sunt
1749 2244 1784 2265 ac

164 2289 187 2316 si
203 2297 257 2317 non
272 2289 421 2322 vidissent,
441 2290 598 2317 claudentes
619 2290 728 2322 oculos,
755 2292 783 2317 et
810 2289 842 2316 ad
864 2289 970 2316 laudem
997 2292 1097 2326 supini.
1120 2292 1264 2326 Propterea
1286 2291 1387 2326 repleta
1420 2294 1462 2317 est
1487 2289 1584 2316 domus
1611 2285 1785 2322 gloriationis

163 2345 257 2365 eorum
293 2337 376 2365 fumo.

218 2386 226 2401 ¹
249 2385 311 2413 Luc.
330 2394 360 2418 ll,
375 2386 419 2414 53.

459 2387 469 2401 ¹
485 2385 560 2414 Dcul.
577 2386 706 2418 vaan’,
724 2386 766 2412 l9.

163 2420 270 2452 vu,H.

198 2466 253 2500 (75)
272 2467 330 2500 Τὴν
340 2468 583 2501 ἀνθομολόγησιν
595 2467 796 2501 πρίνσεκίτιιιζε.
815 2467 860 2493 list
876 2467 945 2501 apud

163 2500 229 2527 Luc.
246 2500 470 2537 dewpoMysito,
487 2502 558 2536 quod
583 2500 678 2529 auctor
697 2500 730 2528 ut
748 2500 945 2528 :ulversalivum

165 2537 300 2563 subtiliter
315 2539 435 2572 exponit.
452 2537 530 2572 Vulg.
542 2542 658 2568 tantum,
681 2538 864 2570 run/ilebalur.
883 2537 947 2563 Era-

164 2578 252 2603 smus,
277 2572 365 2605 palam
387 2573 561 2606 ronﬁtcbalur
578 2581 586 2599 :
604 2572 676 2607 quod
700 2573 845 2606 adjectum,
871 2579 948 2599 sacer

165 2610 266 2638 textus,
284 2607 372 2634 minus
385 2607 484 2634 habt-re
498 2608 612 2634 \'i.letur.

199 2641 255 2675 (74)
272 2642 467 2675 Παρενθέτως.
491 2641 570 2669 Velut
592 2643 820 2672 concomilanler;
837 2641 893 2667 ἀλλ’
908 2643 951 2668 ὲν-

165 2675 338 2711 σημάντρως,
354 2684 402 2711 per
417 2686 445 2704 sc
458 2682 483 2703 et
496 2677 654 2708 formaliter,
670 2685 728 2707 seu,
745 2681 774 2702 ut
789 2677 822 2702 al)
837 2677 894 2710 ip<a
906 2684 952 2702 ea-

166 2710 226 2737 dem
242 2710 335 2741 causa.
355 2710 369 2737 ἐι
391 2719 443 2746 qua
459 2719 511 2738 non
529 2711 628 2743 intutis.
647 2712 692 2738 sed
709 2712 838 2746 splendor
854 2716 879 2737 et
895 2712 950 2737 cla-

167 2745 246 2776 ritas,
265 2745 426 2773 videbantur
447 2746 556 2772 domum
577 2745 731 2781 repleturai
750 2754 829 2773 verso
845 2747 950 2772 Scilicet

168 2782 195 2807 in
218 2787 361 2813 venenum,
386 2781 503 2807 humana
524 2781 635 2813 malitia,
659 2781 828 2808 divinissimo
846 2781 891 2808 illo
908 2788 949 2807 re-

805 2386 814 2401 ³
830 2385 887 2412 lsa.
897 2394 933 2418 γι,
948 2386 973 2412 ό.

1012 2385 1022 2400 ⁸
1039 2384 1102 2412 ibid.
1115 2385 1147 2417 9;
1164 2386 1220 2411 Act.
1242 2392 1336 2415 xxvnt,
1350 2384 1395 2411 26.
1432 2383 1443 2399 ⁵
1456 2382 1530 2409 Paul.
1548 2389 1609 2413 XLV,
1629 2381 1656 2408 9.
1696 2381 1706 2396 °
1719 2380 1781 2408 Im.

1000 2468 1099 2494 medio.
1120 2466 1262 2495 Paulinus.
1285 2475 1335 2492 non
1352 2466 1448 2496 lcriler,
1464 2473 1494 2492 ac
1510 2464 1577 2491 velut
1594 2463 1785 2498 perfunctorie,

1001 2502 1086 2529 levius
1107 2510 1171 2528 sane
1191 2501 1361 2534 (lefnngcnlis
1379 2501 1500 2535 partibus
1519 2499 1785 2535 probirinterpretis.

1037 2538 1090 2570 (πὶ)
1109 2535 1224 2569 Καινὴν
1237 2532 1402 2568 asin-{pia}.
1419 2535 1504 2561 Simili
1519 2532 1612 2570 plurasi
1628 2532 1788 2570 θυμιανῦιο-

1001 2568 1095 2607 nySius
1110 2572 1208 2605 Areop.
1228 2572 1306 2607 epist.
1322 2571 1400 2607 [had
1413 2570 1521 2607 Caium:
1534 2568 1692 2607 OsetvSptxiqv
1708 2568 1788 2604 ἐνέρ-

1002 2604 1078 2641 γειαν
1093 2604 1197 2636 statuit,
1211 2605 1465 2641 quadamnimirum
1477 2604 1620 2630 reilexione
1634 2605 1787 2635 uuitorum,

1002 2639 1033 2669 ex
1047 2642 1201 2668 arctissimo
1218 2641 1264 2666 illo
1277 2639 1356 2667 modo
1373 2640 1482 2666 unionis
1499 2647 1559 2665 vere
1569 2645 1713 2672 supremo;
1726 2645 1788 2664 ma-

1001 2677 1129 2703 nentibus
1144 2676 1321 2702 nihilominus
1335 2675 1464 2702 extremis
1476 2675 1502 2700 in
1515 2674 1565 2700 sibi
1581 2674 1698 2708 propriis
1712 2683 1717 2699 :
1733 2681 1788 2706 qua

1002 2712 1035 2738 de
1048 2720 1076 2738 re
1089 2711 1245 2738 doctissimo
1264 2710 1453 2743 iusissimcque
1467 2710 1492 2735 in
1505 2708 1626 2735 eamdem
1643 2708 1788 2743 epistolam

1001 2747 1156 2782 propediem
1172 2746 1292 2774 edenilus
1306 2749 1399 2772 noster
1414 2744 1558 2771 Maximus.
