1911 3072
192 131 243 158 Ἶὶῗὸ
665 137 692 164 Si.
716 135 880 163 METHODII
900 134 1053 164 EPISCOPI
1074 134 1118 162 ET
1136 132 1315 162 MARTYRIS

1765 135 1821 164 εει

186 199 212 222 et
231 195 319 223 homo.
335 196 481 226 Accinxisti
497 199 579 230 enim,
596 198 687 226 divina
705 202 749 224 tua
774 197 961 224 lncarnationc

1027 197 1182 232 ἁγαλλὶαμα
1198 197 1251 224 τῶν
1269 197 1404 224 ἁπάντων.
1427 196 1576 232 Τοιγαροῦν
1597 195 1778 232 εὐφρανθήτω
1804 197 1820 222 ὁ

188 241 290 267 lumbos
307 241 428 275 quidem,
439 240 548 275 justitia
565 249 574 266 :
591 242 720 269 inunxisti
735 251 794 270 vero
815 248 838 270 et
856 244 972 275 veritate,

186 288 272 314 latera
286 288 320 319 ⁸³,
337 288 383 322 qui
396 288 465 322 ipse,
482 288 540 322 ipsa
557 295 585 314 re
599 295 661 314 vera
679 288 787 322 justitia
803 289 841 316 sis
857 293 884 316 et
901 289 973 315 veri-

185 338 238 364 tas,
256 332 505 368 universorumque
516 332 672 360 exsultatio.
688 332 806 360 Laetetur
819 334 902 367 igitur
917 341 972 361 tne-

183 387 245 405 cum
272 379 352 406 hodie
370 379 482 410 coelum.
507 379 636 413 qttoniam
657 379 802 407 miseratus
815 383 857 406 est
880 379 973 406 Domi-

183 432 235 451 nus
251 425 382 460 populum
400 432 489 452 suum.
507 424 611 452 Rorent
624 433 689 452 vero
709 425 797 453 nubes
811 425 912 452 mundo
924 425 970 459 ju-

183 471 286 498 stitiam
301 472 323 487 ⁸⁵
342 481 347 498 :
365 472 412 499 sed
426 476 453 498 et
469 472 645 499 fundamenta
666 476 755 504 terra),
774 471 871 506 positis
886 472 912 498 itt
929 472 971 498 in-

182 516 271 549 ferno,
285 518 358 545 velut
373 518 514 553 clangente
530 518 604 549 tuba.
621 526 716 553 pacem
732 518 858 553 ingerunt
871 528 877 546 :
891 517 969 545 adest

182 562 255 589 enim
270 563 436 590 resurrectio
451 563 657 590 dormientium.
673 563 756 591 Terra
771 565 852 591 etiatn
871 564 969 592 incolis

183 609 241 637 suis
261 608 478 636 misericordiam
501 609 643 643 producat.
671 609 797 644 Impletus
818 610 970 648 enint_sum
989 609 1383 644 consolatione;sttperabuttdo
1397 609 1494 644 gaudia
1507 609 1529 625 "

182 663 247 683 num
260 655 427 682 Salvatoretn
444 655 562 683 videam.

219 713 271 740 V'll.
295 712 339 740 Sic
360 721 425 740 vero
448 713 562 740 saliente
585 721 669 744 sene.
696 713 842 749 divinoque
869 715 967 749 gaudio

180 759 330 793 impensius
347 759 517 791 exsultante;
536 760 605 794 quod
623 764 701 786 antea
717 768 765 794 per
776 760 888 795 ﬁgurant
901 769 966 795 pro-

180 805 258 839 pheta
275 804 359 831 lsaias
382 804 469 832 fuerat
486 805 650 832 vaticinatus
667 805 699 838 ⁸⁸,
716 813 794 832 sacra
818 805 863 833 Dei
882 807 967 834 Mater

180 851 322 884 perspicue
339 858 367 876 re
391 850 449 885 ipsa
471 850 545 878 fecit.
573 852 716 886 Accipiens
732 852 824 884 enim,
851 861 882 879 ex
900 861 967 888 puro

1026 243 1138 279 οὐρανὸς
1159 243 1276 278 σήμερον
1290 243 1348 278 ἅμα
1362 243 1439 278 ἑ.μοὶ-
1461 244 1502 270 ὅτι
1515 243 1630 277 ἠλέησεν
1650 242 1664 268 ὁ
1690 241 1756 273 Θεὸς
1771 241 1821 268 τὸν

1026 289 1089 315 λαὸν
1104 288 1197 316 αὑτοῦ.
1221 289 1393 315 Ῥανάτωσαν
1411 288 1443 324 δὴ
1473 288 1519 315 καὶ
1538 289 1566 314 αἱ
1584 288 1692 322 νεφέλαι
1714 287 1819 314 δικαιο-

1027 335 1109 369 σύνην
1132 334 1170 369 τῷ
1193 334 1306 369 κόσμῳ·
1333 334 1490 360 σαλπισάτω
1513 335 1560 360 καὶ
1579 333 1613 360 τὰ
1629 333 1741 368 Θεμέλια
1766 333 1820 368 τῆς

1025 380 1075 415 γῆς
1090 381 1201 415 εἰρήνην
1216 381 1272 410 τοῖς
1287 380 1315 406 ἐν
1329 380 1393 415 ᾅδου
1404 388 1410 395 ·
1429 381 1543 415 πάρεστι
1557 379 1611 414 γὰρ
1630 380 1646 414 ή
1668 379 1820 408 ἀνάστασις

1024 425 1079 451 τῶν
1096 424 1312 460 κεκοιμημένων.
1333 423 1512 452 Ἅνατειλάτω
1525 424 1572 450 καὶ
1587 423 1651 459 ὴγῆ
1669 424 1743 454 ἔλεος
1757 423 1820 453 τοῖς

1025 471 1198 497 κατοικοῦσιν
1210 471 1304 507 αὑτήν.
1325 470 1523 505 Πεπλήρωμαι
1536 470 1591 505 γὰρ
1608 469 1645 503 τῇ
1657 467 1820 503 παρακλή-

1025 525 1072 543 σει
1083 537 1089 549 ,
1104 517 1153 543 καὶ
1168 516 1462 550 ὑπερπερισσεύομαι
1475 515 1512 549 τῇ
1525 514 1618 550 χαρᾷ·
1637 515 1678 541 ὅτι
1696 512 1768 540 εἶδόν
1785 521 1820 540 σε

1022 563 1067 590 τὸν
1085 564 1199 599 Σωτῆρα
1214 563 1267 590 τῶν
1286 562 1447 599 ἀνθρώπων.

1550 614 1560 634 :
1589 608 1662 644 quod
1682 611 1708 635 te
1722 607 1817 634 homi-

1056 715 1092 740 Z',
1110 713 1275 749 Χορεύοντος
1290 713 1319 739 δὲ
1332 711 1403 738 οὕτω
1417 711 1464 738 τοῦ
1485 711 1647 747 πρεσϐύτου,
1664 713 1711 739 καὶ
1730 721 1818 747 γανυ-

1022 759 1102 794 μένου
1122 761 1154 794 τῇ
1179 759 1238 794 οείᾳ
1253 757 1398 793 εὺφρασίᾳ,
1420 757 1455 784 τὰ
1472 757 1714 793 κεχρηματισμένα
1737 767 1820 785 τυπι-

1021 806 1076 837 κῶς
1085 805 1123 841 τῷ
1134 806 1259 840 προφήτῃ
1277 804 1383 840 Ἡσαΐᾳ,
1396 804 1579 840 περιφανῶςὴ
1594 804 1654 839 ἱερά
1663 804 1820 840 Θεομήτωρ

1021 850 1145 883 ἐξετέλει.
1162 851 1217 877 Καὶ
1230 850 1260 886 δὴ
1278 850 1414 885 λαϐομένη
1433 850 1479 877 τὸν
1503 850 1534 876 ὲκ
1550 849 1597 876 τοῦ
1617 851 1753 885 ἀχράντου
1767 849 1820 877 καὶ

177 897 405 931 itntnaculatoque
417 897 493 924 altari
509 905 569 930 suo,
583 898 727 925 carbonem
741 897 816 925 illttnt
831 899 961 926 viviﬁcutn

1019 899 1189 934 παναμώμου
1211 898 1295 933 αὐτῆς
1319 898 1509 933 θυσιαστηρίου
1531 898 1722 933 σαρκωθέντα,
1745 898 1816 930 ζωο-

177 949 204 970 et
217 942 387 973 ineﬁabilcttt,
407 950 488 970 carne
504 944 644 975 indutum,
667 948 824 971 sanctarum
851 953 961 972 suaruttt

177 980 305 1014 manuum
318 988 470 1022 complexu,
484 991 610 1023 tanquam
631 988 743 1023 forcipe,
755 989 831 1023 justo
848 991 885 1017 illi
900 998 963 1025 por-

176 1034 246 1060 rexit
261 1045 266 1060 :
285 1038 311 1060 ttt
331 1034 397 1061 milti
411 1035 519 1069 quidem
543 1034 660 1064 videtur.
678 1036 813 1070 ejusmodi
829 1037 962 1064 sermoni-

175 1079 227 1108 bus
244 1079 322 1107 atTata
343 1081 445 1115 pariter
459 1085 485 1108 et
500 1081 608 1108 hortata
622 1091 628 1109 :
647 1082 746 1115 Sume,
775 1091 856 1110 senex
874 1084 962 1111 hono-

174 1131 243 1157 rate.
260 1127 487 1162 sacerdotumque
501 1128 620 1162 optime,
640 1136 716 1155 suate
729 1128 888 1162 Dominum;
902 1135 962 1157 tua-

174 1181 227 1206 que
243 1174 286 1199 illa
305 1181 357 1200 non
375 1174 455 1200 vidua
471 1181 518 1208 spe
533 1179 559 1200 et
576 1174 709 1207 desolata,
725 1174 824 1202 fruere.
848 1175 962 1210 Suscipe

175 1219 333 1246 thesaurum
369 1219 602 1252 indefeclibilem,
639 1220 803 1255 divitiasque
833 1220 962 1248 inaul‘eri-

174 1265 252 1295 biles.
271 1265 310 1291 vir
323 1265 544 1300 generosissime.
567 1264 728 1298 Amplexare
751 1265 899 1301 potentiam
920 1266 963 1293 in-

173 1311 352 1339 ettarrahilem
369 1310 476 1346 Vitiique
501 1310 821 1345 incompt‘chcttsibilent,
846 1320 906 1346 qua:
937 1316 962 1340 te

175 1358 278 1388 l'uleiat.
296 1357 338 1382 vir
352 1357 563 1392 sapientissime.
580 1357 811 1392 Circumplectere
827 1358 961 1385 inﬁnitam

173 1402 407 1438 magnitudinem,
436 1402 676 1438 fot'titudinemquc
700 1404 939 1438 incomparabilem
953 1426 960 1438 ,

173 1456 313 1476 sacrorum
331 1449 438 1476 teditue.
456 1449 731 1486 Circumplicareipsi
749 1459 796 1486 per
816 1459 845 1478 se
856 1451 962 1482 vitaeet

171 1495 243 1526 vive,
259 1495 299 1522 vir
322 1496 562 1523 venerabilissime.
591 1496 699 1524 Aretius
729 1497 960 1532 incorruptionem

172 1541 338 1575 constringe,
355 1545 380 1568 et
397 1548 536 1574 renovare,
552 1541 593 1568 vir
610 1541 771 1576 iustissime.
788 1542 859 1569 Nihil
874 1542 961 1569 audax

1022 945 1096 971 ποιὸν
1110 945 1156 971 καὶ
1173 944 1358 979 ἀνέκφραστον
1373 943 1506 978 ἄνθρακα,
1522 943 1559 975 ὡς
1571 943 1658 970 λαϐίδι
1671 945 1703 979 τῇ
1719 943 1819 975 συζεύ-

1018 990 1057 1023 ξει
1077 990 1130 1017 τῶν
1153 989 1238 1024 ἁγίων
1255 989 1340 1024 αὐτῆς
1357 989 1466 1024 χειρῶν⁷
1483 988 1522 1024 τῷ
1542 988 1636 1024 δικαίῳ
1659 989 1819 1025 προέτεινε,

1016 1036 1138 1068 τοιαῦτα,
1153 1036 1214 1071 ἐμοὶ
1230 1035 1313 1067 δοκεῖ,
1331 1035 1446 1068 λέγουσά
1461 1043 1490 1061 τε
1506 1034 1564 1070 ἅμα
1581 1035 1629 1062 καὶ
1641 1034 1817 1070 παρακελεύ-

1016 1090 1099 1108 ουσα·
1122 1081 1264 1113 Ἀπόλαϐε,
1282 1081 1421 1116 πρεσϐύτα
1436 1080 1519 1116 τίμιε,
1537 1080 1583 1107 καὶ
1597 1081 1691 1117 ἱερέων
1705 1081 1815 1116 ἄριστε,

1017 1127 1137 1154 ἀπόλαϐε
1149 1127 1194 1153 τὸν
1208 1127 1319 1162 Κύριον,
1336 1126 1383 1153 καὶ
1396 1126 1514 1152 ἀπόλαυε
1530 1126 1579 1161 τῆς
1594 1126 1622 1153 οὐ
1639 1127 1816 1162 χηρευσὰσης

1019 1182 1064 1200 σου
1090 1173 1204 1206 ἐλπίδος.
1227 1172 1370 1205 Ύπόδεξαι
1398 1172 1532 1208 θησαυρὸν
1556 1173 1732 1206 ἀνέκλειπον,
1766 1173 1817 1200 καὶ

1017 1219 1129 1246 πλοῦτον
1147 1219 1337 1254 ἀναφαίρετον,
1355 1219 1601 1254 μεγαλοφυέστατε.
1620 1219 1816 1253 Ἐναγχάλισαι

1017 1266 1117 1301 κράτος
1142 1265 1353 1300 ἀνεκδιήγητον,
1386 1264 1433 1291 καὶ
1451 1264 1576 1301 ’δύναμιν
1603 1264 1816 1301 ἀνεξερεύνητον

1017 1312 1172 1346 ὲρείδουσάν
1196 1320 1236 1343 σε,
1262 1311 1412 1345 σοφώτατε.
1431 1310 1564 1346 Περίλαὸε
1583 1311 1697 1347 μέγεθος
1716 1311 1817 1347 ἀπεμ-

1017 1358 1133 1393 όριστον,
1157 1358 1204 1385 καὶ
1220 1358 1295 1393 ἰσχὺν
1313 1358 1487 1390 ἀνείκαστον,
1508 1357 1630 1394 ἱεροκόρε
1647 1357 1714 1392 (57).
1731 1355 1818 1394 Περί-

1017 1403 1134 1439 πλάκηθι
1154 1404 1186 1439 τῇ
1210 1403 1277 1439 αὐτῇ
1296 1404 1430 1439 αὐτοζωῇ,
1446 1403 1492 1430 καὶ
1510 1403 1583 1439 ζῆθι,
1602 1403 1814 1439 αἰδεσιμώτατε.

1016 1448 1183 1484 Περὶπτυξαι
1202 1449 1250 1484 τὴν
1276 1449 1442 1485 ἀφθαρσίαν,
1471 1450 1517 1476 καὶ
1539 1450 1813 1487 ἀνακαινοποιήθητι,

1016 1495 1177 1522 δικαιότατε.
1194 1495 1230 1522 Οὐ
1254 1495 1389 1531 τολμηρὸν
1410 1495 1440 1521 τὸ
1462 1495 1627 1532 ὲγχείρημα”
1647 1496 1684 1532 μὴ
1699 1496 1814 1530 ὅκλαζι,

1016 1540 1155 1567 ὁσιώτατε.
1176 1540 1359 1576 Ἐμφορήθητι
1381 1541 1427 1568 τοῦ
1457 1541 1633 1577 ποθουμένου,
1654 1543 1700 1568 καὶ
1722 1551 1813 1569 κατας

172 1586 293 1619 facinus;
311 1594 344 1613 ne
368 1586 500 1614 deieceris
525 1588 626 1619 animo,
644 1588 686 1615 vir
710 1588 894 1616 sanctissime.
913 1587 961 1614 Sa-

1013 1586 1150 1622 τρύφησον
1168 1586 1213 1613 τοῦ
1233 1587 1429 1622 ὲπιδιδομένου,
1446 1587 1545 1623 μᾶλλον
1565 1587 1592 1614 δὲ
1610 1588 1705 1615 ἑαυτὸν
1718 1589 1812 1616 ἐπιδι-

170 1631 241 1659 tiare
256 1632 302 1658 illo
321 1640 401 1667 quem
423 1632 644 1667 desideraveras,
671 1634 805 1669 planeque
825 1633 961 1661 delectare

170 1678 218 1705 tibi
232 1678 305 1709 dato,
322 1686 370 1705 seu
387 1680 483 1713 magis,
497 1679 578 1707 dante
594 1688 622 1707 se
639 1680 704 1712 tibi,
721 1680 763 1707 vir
778 1680 959 1707 divinissitne.

170 1722 272 1750 Laetius
297 1723 434 1751 illustrare
460 1724 522 1752 Sole
548 1726 683 1760 justitiaz,
716 1727 749 1754 de
780 1726 961 1753 mundissimo

171 1768 262 1795 carnis
278 1770 388 1803 speculo
404 1770 629 1806 cit'cuntl'ulgente
640 1791 646 1801 ,
674 1771 715 1798 vir
742 1771 960 1806 religiosissime.

171 1815 211 1843 Ne
227 1816 276 1842 tibi
293 1817 468 1851 tranquillum
499 1816 622 1844 timorem
641 1817 772 1848 incutiat,
797 1825 864 1844 neve
880 1825 958 1844 man-

171 1862 288 1889 suetudo
312 1866 478 1896 perterreat,
499 1862 542 1889 vir
559 1863 726 1890 beatissime.
751 1862 791 1889 Ne
817 1863 959 1890 inhorreas

171 1908 319 1940 lenitatem,
334 1915 402 1935 neve
412 1908 555 1936 clementia
573 1908 712 1940 terrearis,
729 1909 769 1935 vir
787 1908 958 1936 modestissi-

169 1961 224 1981 me.
241 1953 346 1981 Alacris
363 1953 542 1988 adglutinare,
556 1961 606 1981 nec
624 1954 740 1981 moreris
754 1954 877 1989 obsequi.
898 1954 958 1981 Non

169 1998 251 2025 habet
267 1998 408 2025 audaciam
422 1998 493 2033 quod
511 1997 611 2025 dicitur
622 1998 728 2033 quodve
744 1999 910 2034 porrigitur:
923 2007 957 2027 ne

169 2050 234 2077 ergo
245 2043 394 2074 relncteris,
405 2043 446 2070 vir
459 2043 650 2070 urbanissime.
665 2042 723 2070 Non
736 2044 873 2071 comburit
886 2044 957 2079 ignis

170 2089 263 2123 gratim
279 2088 386 2116 Domini
412 2089 485 2121 mei,
508 2089 556 2117 sed
574 2089 719 2122 illuminat,
737 2090 779 2117 vir
793 2090 956 2125 justissime.

169 2135 264 2162 Bubus
279 2135 324 2163 ille
338 2136 371 2167 ⁵⁷,
384 2135 438 2162 tnei
452 2135 619 2171 ﬁguram,ad
633 2135 703 2171 ignis
714 2136 786 2164 illius
800 2137 956 2171 apparentis

168 2183 310 2209 veritatem
327 2185 539 2216 reprzesentans,
554 2181 650 2208 doceat
664 2185 704 2213 teI
723 2182 766 2209 vir
790 2182 857 2217 legis
882 2183 955 2217 peri-

168 2229 284 2256 tissime.
301 2227 431 2255 Caminus
447 2227 492 2255 ille
507 2228 530 2244 ⁵⁸
549 2227 621 2255 velut
649 2232 746 2255 ventus
775 2229 846 2256 roris
861 2237 957 2256 susur-

205 2307 227 2322 "
249 2305 304 2333 Isa.
326 2314 363 2338 xt,
384 2306 410 2333 5.

167 2340 214 2370 El.

463 2305 486 2321 “
508 2305 563 2332 lsa.
592 2313 654 2337 ην,
674 2306 700 2333 8.

757 2307 780 2322 "
798 2305 819 2332 ll
840 2305 902 2334 Cor.
920 2315 968 2339 vn,
984 2308 1010 2334 4.

1014 1632 1114 1664 δόντος,
1141 1633 1379 1668 ἱεροπρεπέστατε.
1401 1633 1605 1670 Ἐναγλαῖσθητι
1626 1634 1665 1669 τῷ
1692 1633 1736 1661 διὰ
1760 1635 1812 1662 τοῦ

1014 1678 1180 1714 ἀκηλιδὼτου
1212 1679 1344 1714 ἐσόπτρου
1382 1679 1431 1714 τῆς
1470 1679 1571 1714 σαρκὸς
1606 1680 1813 1716 περιστίλϐοντι

1020 1724 1101 1760 Ἡλίῳ
1114 1725 1164 1760 τῆς
1177 1724 1358 1759 δικαιοσύνης,
1381 1725 1572 1752 εὐλαὸἑστατε.
1594 1726 1639 1762 Μὴ
1655 1726 1741 1753 δειλία
1756 1727 1810 1763 τὴν

1014 1770 1194 1807 γαληνότητα,
1214 1771 1280 1807 μηδὲ
1296 1771 1473 1808 καταπλαγῇς
1497 1772 1546 1807 τὴν
1573 1773 1739 1808 ἡμερότητα,
1756 1782 1810 1808 μα-

1015 1817 1176 1851 καριώτατε.
1190 1817 1236 1854 Μὴ
1252 1817 1357 1853 πτήξῃς
1372 1817 1402 1844 τὸ
1416 1818 1539 1853 εὐμενὲς,
1555 1819 1622 1854 μηδὲ
1639 1820 1760 1855 πτοηΟῇς
1778 1820 1810 1847 τὸ

1013 1864 1155 1899 προσηνὲς,
1184 1863 1382 1891 ὲπιεικὲστατε.
1414 1863 1547 1900 Εὑθύμως
1577 1865 1807 1902 προσκολλήθητι,

1013 1909 1059 1935 καὶ
1081 1908 1118 1944 μὴ
1134 1909 1282 1936 ἀναϐάλλου
1305 1910 1373 1945 προς
1387 1910 1417 1936 τὺ
1433 1910 1554 1946 εὐήκοον.
1583 1911 1619 1938 Οὐ
1636 1911 1807 1947 ορασύτητος

1011 1955 1042 1981 τὸ
1058 1955 1231 1990 λαλούμενον,
1247 1955 1347 1982 οὐδὲτὸ
1366 1957 1570 1992 προτεινόμενον
1580 1965 1587 1972 °
1606 1958 1643 1994 μὴ
1659 1959 1806 1993 ἀφηνίαζε,

1010 2000 1188 2027 ἀστικώτατε.
1207 2001 1243 2027 Οὐ
1259 2000 1424 2036 καταιρλέγει
1448 2001 1478 2028 τὸ
1501 2002 1556 2037 πῦρ
1572 2002 1621 2038 τῆς
1639 2003 1685 2029 τοῦ
1699 2004 1806 2039 Κυρίου

1012 2055 1062 2082 μου
1085 2048 1204 2083 χάριτος,
1236 2047 1303 2074 ἀλλὰ
1335 2048 1457 2082 φωτίζει,
1477 2048 1639 2078 δικαιότατε,
1668 2049 1753 2081 Βάτος
1773 2059 1806 2077 σε

1011 2093 1141 2126 πεισάτω,
1159 2094 1176 2129 ἡ
1191 2093 1236 2120 τὸν
1251 2093 1336 2120 τύπον
1350 2103 1400 2129 μου
1413 2094 1633 2131 περιστησαμένη
1652 2095 1720 2130 πρὸς
1736 2096 1806 2123 ὑπό-

1011 2147 1104 2165 στασιν
1121 2139 1166 2166 τοῦ
1182 2139 1367 2165 ἀνυποστάτου
1385 2139 1470 2174 πυρὸς
1487 2139 1552 2175 (58),
1571 2141 1802 2177 νομομαϐέστατε.

1008 2185 1237 2220 Δροσοσυρίζουσα
1252 2186 1366 2221 κάμινος
1380 2185 1495 2212 πειθέτω
1514 2194 1552 2219 σε,
1568 2187 1736 2223 παιδοτρίϐα,
1754 2187 1804 2215 τοῦ

1010 2231 1158 2266 μυττηρίου
1177 2231 1226 2266 τὴν
1239 2232 1405 2268 οἰκονομίαν.
1429 2232 1500 2268 Πρὸς
1518 2233 1564 2259 ἐπὶ
1580 2233 1685 2266 τούτοις
1707 2235 1723 2270 ὴ
1746 2233 1804 2271 ἐμὴ

1067 2308 1088 2324 ⁸⁸
1106 2307 1161 2335 lsa.
1182 2316 1220 2340 vt,
1238 2309 1264 2336 6.

1320 2310 1342 2325 ⁵⁷
1363 2309 1450 2337 Exod.
1471 2318 1513 2343 ιιι,
1533 2309 1560 2338 2.
1614 2311 1637 2328 ⁸⁸
1657 2311 1728 2339 Dan.
1751 2318 1798 2346 In,

204 2402 259 2442 (_57)
282 2402 438 2442 'Iepoxdps._
459 2401 603 2442 Sequimur
627 2402 735 2442 Pantini
758 2401 956 2442 conjecturam,

1011 2411 1065 2442 non
1083 2404 1242 2442 ὑπόστασιν,
1253 2406 1455 2442 _apparenlbzm,
1481 2415 1533 2434 non
1557 2407 1626 2442 ignis
1649 2407 1799 2434 veritatem.

169 2440 198 2463 ut
215 2437 357 2471 lcg'ndunt
380 2437 416 2463 sit
433 2437 569 2472 ἱεροκόμε,
592 2438 707 2472 quadrat
724 2438 795 2464 cnitn
821 2438 957 2470 materiae;

169 2475 199 2497 ιιι
210 2480 259 2498 ceu
275 2472 365 2506 templi
383 2473 556 2507 pnepositttttt
574 2472 694 2505 inducat,
709 2472 742 2498 ad
755 2472 887 2499 inﬁnitant
900 2481 958 2499 ma-

169 2507 336 2540 gnitudinem
351 2507 423 2534 illam
435 2507 554 2542 suscepti
568 2507 643 2537 Jesu.
657 2507 750 2542 templi
765 2507 899 2542 angustiis
915 2507 956 2534 in-

169 2542 341 2578 cludendam.
358 2542 427 2574 Quid
441 2542 464 2570 si
478 2544 627 2570 retineatur
640 2542 770 2578 ἱεροκόρε,
788 2543 860 2578 velut
876 2542 958 2577 signi-

169 2576 231 2604 ticet
249 2577 369 2604 futurum
393 2578 520 2612 juvenem
545 2576 736 2612 puerutnque,'
751 2577 854 2604 Christi
879 2576 956 2612 pueri

170 2612 305 2647 amplexu.
332 2617 456 2640 sanctum
484 2621 587 2644 senem,
605 2621 691 2647 eoque
708 2612 817 2640 nomine
832 2613 956 2640 hortetur

171 2645 312 2682 walaria,
331 2651 361 2674 ut
378 2648 508 2682 suscipiat
525 2653 600 2675 totus
615 2645 711 2682 spiritu
727 2647 890 2674 innovatus?
909 2647 954 2675 Sic

169 2681 339 2715 Augustinus
354 2689 437 2710 serm.
454 2681 488 2710 i5
501 2683 532 2710 de
549 2681 640 2716 tenth
656 2690 680 2710 c.
694 2683 710 2709 5
724 2692 730 2709 :
743 2682 853 2717 Agnovit
865 2683 956 2717 infan-

171 2720 221 2741 tettt
240 2725 327 2745 senex.
347 2717 434 2750 factus
451 2723 490 2744 est
509 2718 534 2744 in
559 2726 638 2752 puero
658 2725 735 2752 puer.
761 2717 905 2744 lnnovalus
928 2719 954 2745 in

169 2755 256 2790 ιτιίιιίς,
271 2754 315 2790 qui
332 2752 422 2784 plenus
443 2757 501 2779 erat
522 2754 627 2787 pietate.
652 2751 744 2779 Fuerit
759 2758 832 2780 certe
845 2757 871 2780 et
887 2754 953 2781 illud

169 2793 223 2811 non
241 2788 276 2811 ita
291 2788 480 2813 iuconsonum.

206 2819 261 2854 (ὅὸ)
279 2820 355 2856 Πρὸς
371 2821 542 2847 ὑπόστασιν
556 2821 608 2848 τοῦ
625 2821 835 2848 ἀνυποστάτου
850 2823 953 2856 πυρός.

171 2854 246 2882 Iihus
260 2855 386 2882 nimirum
398 2855 444 2890 qui
459 2856 485 2883 in
498 2856 565 2884 rubo
579 2857 678 2885 ardens
691 2856 808 2892 ἔμφασιν
824 2854 953 2891 habebat,

1011 2439 1056 2477 Sic
1069 2440 1142 2466 enim
1158 2448 1228 2477 sepe
1253 2439 1342 2477 Deus.
1359 2441 1441 2477 nullo?
1458 2439 1611 2477 mendacio.
1637 2442 1800 2477 apparentia

1008 2475 1098 2510 aliqua
1114 2475 1241 2502 sensibus
1260 2476 1366 2510 ingerit.
1383 2479 1415 2502 ait
1430 2476 1509 2503 ﬁdem
1525 2475 1699 2505 astruendain
1711 2478 1797 2506 veris.

1008 2508 1126 2546 Videtur
1138 2518 1203 2545 ergo
1219 2508 1423 2546 attctorrludere
1441 2512 1467 2538 in
1485 2513 1641 2546 paronontia
1657 2513 1730 2540 illius
1748 2521 1800 2539 vo-

1008 2545 1061 2588 cis;
1076 2545 1165 2588 _v_e|u_t_
1185 2545 1267 2577 dicat.
1294 2545 1327 2588 ad
1349 2545 1536 2588 substantiam
1558 2548 1629 2588 ignis
1648 2548 1721 2588 illius
1740 2556 1798 2575 tton

1007 2580 1200 2617 subsisteutis;
1226 2581 1358 2617 acmvelut
1381 2581 1488 2616 objecto
1506 2582 1552 2609 illo
1571 2580 1643 2617 igne.
1666 2583 1713 2617 qui
1730 2590 1796 2610 vere

1007 2615 1104 2642 rubum
1126 2615 1234 2642 ﬂamma
1247 2616 1397 2644 illustraret
1411 2615 1437 2644 et
1452 2615 1627 2648 adlamberet,
1654 2615 1682 2645 et
1701 2622 1796 2644 tamen

1005 2657 1138 2690 apparens
1155 2654 1236 2678 esset.
1253 2649 1410 2690 Oll‘ettdehat
1434 2652 1474 2684 rb,
1499 2652 1696 2690 ἀνυποπάτου,
1719 2652 1796 2680 velut

1006 2686 1178 2722 referendum
1201 2690 1272 2722 esset
1296 2686 1329 2713 ad
1354 2687 1497 2720 ﬁguratum
1513 2692 1538 2714 et
1553 2688 1675 2715 divinum
1691 2688 1794 2722 ignem.

1006 2720 1186 2757 évarrocrarov
1211 2721 1285 2747 illum
1302 2726 1329 2748 et
1345 2722 1572 2755 αὑτοῦπόστατον,
1593 2720 1727 2757 nusquam
1743 2723 1793 2750 ἀνα

1005 2755 1162 2792 mmma-
1174 2763 1203 2782 re
1214 2761 1303 2792 tamen
1316 2756 1413 2784 melius
1423 2762 1562 2792 perspecta
1572 2755 1687 2786 solidum
1704 2757 1796 2784 visum

1006 2795 1093 2828 cst,et
1103 2789 1272 2828 referendum
1283 2791 1315 2818 ad
1332 2789 1580 2828 ipsunmtet'ignetn
1596 2793 1728 2828 typicunt,
1743 2800 1794 2819 cu-

1003 2824 1049 2861 jus
1070 2825 1180 2861 modum
1200 2826 1309 2861 divinus
1333 2824 1377 2853 ille
1400 2827 1470 2861 ignis
1490 2824 1638 2857 scrvaveri't
1653 2828 1680 2855 in
1695 2827 1793 2861 Maria,

1003 2859 1074 2888 idem
1091 2860 1148 2896 ipso
1163 2861 1190 2888 itt
1204 2860 1329 2889 Simeoue
1341 2859 1510 2891 serviturus.
