1911 3072
107 85 159 114 569

655 83 772 112 SERMO
795 83 837 110 DE
856 83 1005 110 SIMEONE
1025 83 1067 109 ΕΤ
1088 83 1192 111 ΑΝΝΑ.

1673 84 1724 111 570

108 143 174 180 πρὸς
191 142 221 169 σε
237 141 400 178 φθέγξομαι,
417 140 439 170 ὦ
454 143 549 179 Μῆτερ
570 143 701 178 Παρθένε,
718 143 764 169 καὶ
778 142 898 178 Παρθένε

956 150 975 170 .c
990 149 1052 169 vero
1066 142 1129 176 quid
1142 142 1239 173 dicam,
1253 149 1268 168 ο
1285 141 1369 169 Mater
1378 141 1469 177 Virgo,
1488 145 1514 169 et
1530 141 1610 177 Virgo
1626 141 1726 170 Mater?

107 184 214 223 Mﬁrsp;
231 185 266 224 ἧς
279 187 332 223 γὰρ
345 188 377 213 τὸ
391 187 471 223 ἔργον
484 188 533 214 οὐκ
548 187 724 223 ἀνθρώπινον,
740 187 839 223 ταύτης
854 188 898 214 καὶ

108 235 240 266 ὁὲπαινος
254 234 323 269 ὑπὲρ
339 234 494 270 ἄνθρωπον.
515 233 559 259 Διὸ
580 233 629 268 τῆς
651 233 765 268 ἀπορίας
783 233 812 259 τὸ
836 241 900 259 σκυ-

109 281 214 318 θρωπὴν
239 281 272 306 ὲκ
296 280 350 306 τῶν
370 279 418 306 τοῦ
438 280 594 315 Πνεὺματος
616 279 679 315 περ).
705 279 734 305 σὲ
762 279 900 315 καταλαμ-

110 326 202 362 πριινῶ
215 325 315 361 γερῶν,
331 325 380 351 καὶ
403 326 437 351 τὰ
456 325 489 351 σά
511 333 551 350 σοι
573 324 773 359 προσκομίζων,
796 325 827 351 ἐκ
848 324 900 351 λει-

112 373 207 409 μώνων
237 371 380 399 ἀθανάτων
401 372 449 407 τὴν
472 372 545 407 ἱεράν
566 380 612 397 σου
636 370 681 397 καὶ
701 369 831 406 θεοστεφῆ
855 372 900 398 ἀν-

111 418 223 452 υμνήσω
253 417 350 452 χάραν.
380 416 525 451 Πατρικοίς
551 424 580 442 σε
605 414 698 451 ὕμνοις
718 415 901 450 προσφθέγξα-

111 471 169 498 μαι,
188 462 308 497 Θύγατερ
320 461 411 493 Δαϐὶδ,
426 462 472 488 καὶ
491 461 577 498 μῆτερ
590 461 635 487 τοῦ
652 461 754 498 Κυρίου
772 462 818 488 καὶ
834 462 900 489 Θεοῦ

111 507 200 535 Δαϐίδ.
220 508 338 543 Aiaxpr
354 508 408 543 γὰρ
426 507 483 543 ἃμα
503 507 550 534 καὶ
574 507 729 542 ὰνεύφημον
754 507 901 542 ἀλλοτρίοις

111 554 222 589 κόσμοις
239 554 377 589 κοσμῆσαι
396 553 443 588 τὴν
466 554 497 588 τῇ
518 553 605 588 οἰκείᾳ
627 552 690 590 δόξῃ
712 552 900 589 διαφέρουσαν.

111 599 193 634 Δέχου
207 599 307 632 τοίνυν,
323 598 515 634 εὑμενεστάτη,
531 598 603 634 δῶρα
616 599 703 633 τίμια,
717 599 763 625 καὶ
780 599 820 624 σο).
835 598 901 634 μόνῃ

111 645 239 680 ἁρμὸὸια,
254 642 276 672 ὦ
299 644 393 671 πασῶν
415 644 515 678 γενεῶν
541 644 702 679 ὑψηλοτέρα,
728 644 773 671 κα)⁴
793 644 901 671 πάντων

111 690 215 726 ὁρατῶν
230 699 259 717 τε
279 691 326 718 καὶ
345 691 468 726 ἀοράτων
486 690 730 725 δημιουργημάτων
753 691 902 726 τιμιωτέρα

113 737 238 771 φανεῖσα.
252 736 410 772 Μακαρίαὴ
423 735 483 771 ῥίζα
496 735 542 762 τοῦ
561 736 671 767 Ἰεσσαὶ,
691 737 738 763 καὶ
749 736 902 771 τρισμακά-

104 790 203 821 ριστος
219 775 234 808 ὃ
247 780 321 813 οἶκος
336 782 427 813 Δαϐὶδ,
443 783 470 808 ἐν
521 780 686 817 ὲϐλάστησας
700 782 765 817 (64).
787 782 817 808 '0
832 783 902 816 Θεὸς

111 829 145 856 ἐν
156 828 243 863 μέσῳ
258 836 327 860 σου,
342 829 391 854 καὶ
408 829 443 855 οὺ
459 828 650 863 σαλευθὴσῃο
670 829 776 863 ἠγίασε
796 829 850 863 γὰρ
869 828 901 855 τὸ
918 818 939 845 Β

112 875 259 909 σκήνωμα
285 873 378 901 αὐτοῦ
396 875 413 900 δ
436 874 585 908 Ὗψιστος,
609 874 652 901 Ἐν
676 875 718 901 σοὶ
741 874 794 910 γὰρ
811 875 904 910 διαοῆ-

113 927 156 945 και
171 918 228 953 (65)
249 919 297 945 καὶ
317 918 483 953 ὁρκωμοσιαι
508 918 574 945 Θεοῦ
604 919 671 954 πρὸς
695 919 758 952 τοὺς
782 920 904 956 πατέρας

113 963 200 999 ἡμῶν,
217 963 295 994 τέλος
309 962 499 989 εὐκλεέστατον
523 962 654 995 ὲδέξαντο-
672 964 712 990 ὅτι
732 963 776 990 διὰ
799 964 845 990 σοῦ
857 963 903 998 γέ-

113 1017 173 1043 γονε
186 1009 300 1045 Κύριος,
315 1010 329 1035 ὁ
350 1009 415 1040 Θεὸς
430 1009 483 1034 τῶν
499 1009 638 1044 δυνάμεων
660 1009 718 1044 μεθ’
739 1009 827 1045 ἡμῶν.
852 1009 904 1036 Τὸν

115 1054 158 1080 σὸν
171 1053 415 1089 προδιαγράφουσα
429 1053 563 1088 θεοπρεπῆ
577 1054 746 1089 χαρακτῆρα,
764 1054 828 1080 Θεὸν
843 1053 904 1088 ἐφε-

115 1107 158 1134 ρεν
174 1099 318 1133 ἀφλέκτως
339 1100 356 1133 ἡ
377 1098 512 1133 ἄψαυστος
530 1099 618 1133 βάτος,
638 1100 851 1135 ὲμφανιζόμενον
866 1098 904 1134 τῷ

115 1145 242 1180 προφήτῃ
271 1143 309 1176 ὡς
331 1144 461 1180 ὁραθῆναι
485 1144 626 1180 ηὑδόκησε.
652 1145 813 1181 Στερέμνιος
828 1145 850 1172 δ’
870 1143 903 1172 αὖ

114 1190 161 1218 καὶ
174 1189 265 1226 πέτρα
285 1190 436 1226 ἀκρότομος
452 1190 500 1226 τὴν
517 1191 684 1226 παγκόσμιον
701 1192 732 1217 ἐκ
754 1190 800 1217 σοῦ
817 1191 905 1226 πηγά-

117 1246 199 1264 σασαν
219 1237 300 1272 χάριν
320 1237 369 1263 καὶ
392 1236 520 1271 ἀνάψυξιν
540 1236 799 1272 προεξεικονίζουσα,
817 1245 906 1272 παρα-

117 1284 211 1319 μύθιον
236 1283 306 1319 ῐαμα
328 1283 478 1310 ἐκλείποντι
498 1283 554 1319 λαῷ
575 1284 607 1310 ὲκ
628 1284 747 1318 λαγόνων
771 1283 858 1318 ξηρῶν
876 1284 904 1310 ὲν

115 1331 209 1366 ἐρήμῳ
223 1329 341 1364 δαψιλῶς
362 1331 526 1365 προήγαγεν.
544 1331 580 1357 Οὐ
600 1329 652 1365 μὴν
666 1330 694 1356 δὲ
715 1329 781 1356 ἀλλὰ
798 1330 844 1356 καὶ
858 1329 903 1356 τοῦ

117 1376 210 1411 ἱερέως
230 1377 247 1410 ἡ
264 1375 374 1410 ῥάϐδος,
395 1376 443 1402 οὐκ
463 1376 589 1410 ἀδόκιμον
613 1375 749 1411 σύσσημον
765 1375 819 1411 (66)
836 1384 904 1411 παρ-

116 1422 209 1457 έσχετο
222 1422 273 1456 τῆς
290 1421 444 1457 ὑπερφυοῦς
460 1430 505 1448 σου
519 1422 635 1456 λοχείας,
649 1421 822 1457 ἀγεώργητον
839 1430 905 1457 καρ-

117 1468 165 1494 πὸν
183 1467 366 1502 ὲξανθήσασα,
385 1467 519 1502 ἱερατείας
535 1466 686 1501 ἐνδελεχοῦς
703 1466 856 1501 ἀρραϐῶνα.
872 1466 904 1492 Τί

950 188 1029 222 cujus
1040 188 1110 215 enim
1129 195 1197 222 opus
1211 195 1264 214 non
1280 188 1424 215 humanum
1439 191 1498 220 est,
1522 188 1581 222 ejus
1597 194 1621 216 et
1635 189 1727 216 lauda-

949 234 1022 260 datio
1035 233 1140 260 excedit
1152 233 1297 260 hominem.
1311 232 1490 266 Quamobrem
1503 235 1671 268 paupertatis
1684 235 1727 261 hic

951 286 1015 305 meae
1027 278 1232 310 obscuritatem,
1254 279 1308 305 tuis
1322 285 1336 305 a
1354 277 1455 313 Spiritu
1471 278 1619 307 honoribus
1633 280 1727 307 donis-

951 334 1002 360 quc
1023 325 1185 352 illustrabo:
1208 329 1306 359 tuaque
1328 323 1375 350 tibi
1401 323 1515 351 olierens
1533 332 1548 351 e
1563 326 1648 358 pratis
1677 326 1728 352 im-

951 372 1120 404 mortalibus,
1131 375 1206 398 tuum
1217 377 1324 398 sacrum
1339 373 1366 397 et
1380 377 1393 396 a
1409 369 1463 397 Deo
1474 375 1631 397 coronatum
1647 375 1729 406 caput

950 418 1105 445 dilaudabo.
1119 416 1217 445 Patriis
1227 420 1253 443 te
1263 414 1464 447 canticis,Filia
1480 415 1574 448 David,
1591 415 1729 451 Materque

951 464 1057 491 Domini
1076 467 1102 491 et
1119 463 1165 491 Dei
1184 462 1278 494 David,
1293 463 1426 490 salutabo.
1441 461 1529 497 Turpe
1551 463 1621 490 enim
1637 462 1727 495 fuerit,

951 510 1072 544 adeoque
1087 509 1296 543 inauspicatum,
1312 511 1342 535 ut
1355 508 1451 535 alienis
1465 507 1581 539 orneris,
1595 516 1655 542 quae
1666 516 1729 543 pro-

952 555 1009 589 pria
1020 553 1104 589 gloria
1118 553 1265 587 prtecellas.
1281 553 1381 587 Accipe
1405 553 1504 588 igitur,
1522 553 1728 588 benignissima,

951 599 1021 625 dona
1037 599 1164 633 pretiosa,
1179 598 1282 633 tibique
1297 598 1342 624 uni
1359 598 1548 626 convenientia
1561 619 1568 631 ,
1594 607 1610 625 o
1625 600 1731 626 cunctis

951 645 1050 672 celsior
1061 645 1292 680 generationibus,
1305 652 1418 679 quaeque
1439 645 1509 671 inter
1524 649 1614 672 creata
1629 646 1730 677 omnia,

953 694 1009 718 tum
1025 690 1152 722 visibilia,
1171 695 1226 716 tum
1253 690 1409 722 invisibilia,
1428 690 1519 718 multis
1536 691 1657 719 numeris
1681 691 1731 718 ho-

953 736 1101 763 norabilior
1113 736 1245 763 enituisti.
1264 735 1337 764 Felix
1360 736 1437 763 radix
1457 735 1543 768 Jesse,
1559 740 1583 763 et
1600 740 1641 764 tcr
1655 737 1731 764 beata

953 782 1049 809 domus
1061 781 1143 809 David
1168 782 1194 808 in
1209 789 1261 816 qua
1274 782 1441 816 germinasti.
1455 782 1524 809 Deus
1541 783 1567 809 in
1582 783 1665 810 medio
1680 785 1732 815 tui,

952 832 977 855 et
991 836 1041 855 non
1053 827 1250 854 commoveberis
1265 836 1273 854 :
1289 827 1461 862 sancti/iacvit
1476 829 1542 855 enim
1561 834 1595 860 te,
1612 829 1733 856 taberna-

953 873 1040 900 culum
1055 881 1141 906 suum,
1153 872 1304 900 Altissimus
1318 873 1340 888 ⁷³
1356 882 1362 899 :
1380 872 1406 899 in
1422 877 1447 900 te
1459 873 1529 900 enim
1542 873 1586 901 Dei
1599 873 1631 900 ad
1645 878 1735 908 patres

953 922 1112 946 testamenta
1124 919 1331 954 juramentaque
1351 919 1430 946 linem
1445 919 1672 954 gloriosissimum
1688 927 1733 946 ac-

953 969 1096 1000 ceperunt;
1112 965 1174 1000 quia
1192 973 1240 1001 per
1259 969 1286 993 te
1315 965 1445 993 Dominus
1461 965 1549 994 factus
1575 969 1635 999 est,
1663 965 1734 993 Deus

953 1011 1085 1039 virtutum
1100 1010 1251 1039 nobiscum.
1279 1009 1373 1038 Bubus
1389 1011 1433 1038 ille
1458 1011 1576 1038 intactus
1589 1011 1624 1043 ⁷⁵,
1643 1011 1734 1038 divina

953 1056 1068 1092 quadam
1083 1057 1225 1091 majestate
1236 1057 1342 1091 plenam
1357 1057 1413 1091 jam
1431 1060 1486 1084 tum
1499 1056 1649 1086 inl‘ormans
1661 1061 1735 1084 tuam

955 1102 1078 1136 liguram,
1094 1101 1177 1128 Deum
1208 1100 1346 1136 propheta:
1373 1105 1555 1136 apparentem,
1570 1101 1647 1140 juxta
1662 1101 1734 1135 quod

954 1148 978 1174 ei
1002 1147 1166 1182 conspicuus
1194 1146 1252 1174 ﬁeri
1275 1147 1378 1179 voluit,
1404 1146 1591 1174 ineombustus
1620 1146 1734 1176 ferebat.

955 1193 1026 1220 Dura
1050 1197 1140 1220 autem
1153 1200 1250 1220 rursus
1262 1200 1294 1220 ac
1308 1197 1444 1228 praerupta
1458 1189 1543 1228 petra,
1558 1193 1629 1228 quod
1653 1201 1686 1220 ex
1709 1198 1735 1220 te

955 1239 982 1265 in
997 1239 1152 1266 universum
1165 1238 1259 1266 orbem
1279 1238 1373 1273 gratia:
1398 1246 1497 1266 munus
1513 1238 1734 1274 refrigeratioquc

955 1284 1141 1320 promanavit,
1163 1288 1189 1312 et
1204 1285 1262 1319 ipsa
1278 1284 1413 1319 quondam
1431 1285 1584 1320 exprimens
1611 1284 1735 1319 praeﬁgu-

954 1339 1082 1366 ransque,
1104 1330 1239 1358 deﬁcienti
1267 1331 1294 1358 in
1321 1330 1447 1363 deserto,
1475 1331 1572 1365 populo
1595 1331 1734 1365 copiosum

955 1377 1084 1404 auxilium
1100 1385 1134 1405 ex
1149 1377 1268 1405 hiatibus
1290 1377 1370 1405 siccis
1387 1376 1514 1412 produxit
1532 1378 1564 1404 ⁷⁵.
1586 1376 1638 1404 Sed
1653 1381 1679 1404 et
1693 1385 1736 1404 sa-

955 1422 1073 1450 cerdotis
1084 1422 1160 1458 virga
1175 1422 1209 1453 "',
1226 1422 1254 1449 in
1277 1421 1395 1449 fructum
1416 1421 1474 1448 sine
1493 1422 1611 1452 cultura,
1624 1424 1735 1456 sponta-

956 1476 1091 1504 neumque
1118 1467 1261 1496 sacerdotii
1291 1467 1419 1502 perennis
1443 1467 1643 1499 arrhabonem,
1663 1465 1737 1493 elllo-

117 1514 158 1545 ὂέ;
174 1513 221 1540 καὶ
234 1515 248 1540 ὁ
266 1513 354 1548 μέγας
368 1514 486 1548 Μωῦσῆς
507 1514 537 1540 οὐ
562 1513 658 1548 κομιδῆ
682 1513 846 1548 παρέστησε,
862 1511 903 1539 διὰ

956 1523 1020 1543 rens
1034 1503 1068 1546 7i,
1081 1515 1149 1541 nihil
1176 1513 1321 1549 reprobum
1337 1513 1428 1540 eximii
1446 1513 1484 1540 tui
1511 1516 1605 1547 partus
1629 1511 1737 1547 symbo-

118 1561 177 1590 τοὺς
192 1559 258 1595 περὶ
272 1559 303 1585 σὲ
313 1558 550 1594 δυσκαταλήπτους
561 1559 662 1590 τύπους
678 1558 831 1595 ἐγχρονίσαι
849 1558 904 1594 (67)

119 1605 155 1640 τῷ
169 1605 226 1640 δρει
244 1605 314 1639 ἔγνω
333 1604 368 1631 τὰ
384 1604 447 1640 περ).
463 1604 513 1639 τῆς
529 1604 613 1639 ἁγνῆς
632 1603 834 1630 ἐκδιδάσκεσθαι
856 1612 905 1639 μυ-

121 1652 232 1687 στήρια;
255 1650 341 1686 Πῆξαι
366 1650 420 1686 γὰρ
446 1650 515 1677 κατὰ
535 1650 665 1686 σύμϐολον
694 1651 740 1677 καὶ
765 1651 832 1686 πρὸς
855 1651 906 1684 ἀφ-

120 1697 247 1732 ομοίωσιν
264 1696 379 1723 κιϐωτὸν
398 1696 445 1723 καὶ
461 1696 560 1731 ταύτην
585 1696 771 1731 προσταχθεὶς,
789 1696 818 1722 οὐ
835 1704 905 1732 παρ-

121 1743 207 1778 έργως
220 1743 356 1778 ἐχρήσατο
369 1743 423 1774 τοῖς
442 1743 693 1777 προστεταγμένοις,
708 1743 731 1768 εἰ
755 1742 802 1769 καὶ
823 1751 906 1778 τραγ-

121 1789 258 1824 ῳδούμενα
270 1797 301 1814 συ
305 1787 440 1824 μϐέϐηκεν
450 1788 494 1814 ἐπὶ
503 1789 534 1823 τῇ
548 1788 704 1820 καταϐάσει,
714 1788 770 1815 ἀλλ’
778 1789 818 1819 εἰς
827 1788 906 1814 πέντε

121 1836 204 1871 ἡμίση
221 1836 320 1870 πήχεις
337 1835 437 1870 ταύτην
448 1835 615 1866 συντελέσας,
625 1834 764 1870 νομοδόχον
778 1834 906 1866 ἀνέδειξε,

122 1883 175 1912 τοῖς
195 1881 329 1916 χερουϐἱμ
345 1880 617 1915 συγκαλυπτομένην·
640 1879 861 1914 ὲκφαντικώτατά
878 1888 906 1906 σε

122 1928 169 1963 τὴν
182 1927 311 1954 θεοτόκον
328 1927 575 1962 προσημαίνουσαν,
589 1926 636 1962 τὴν
649 1927 773 1961 ἁφθόρως
788 1926 907 1961 ἐγκυμορ

123 1974 252 2008 νὴσασαν,
264 1973 312 2000 καὶ
326 1973 470 2008 ἀςράστως
480 1973 673 2008 ἀποκυήσασαν
684 1972 732 2008 τὴν
743 1972 790 2006 τῆς
804 1971 907 2007 ἀφθαρ-

124 2020 182 2050 σίας
199 2019 327 2045 σύστασιν
348 2019 394 2045 ἐπὶ
407 2018 476 2045 τέλει
489 2018 541 2044 τῶν
563 2018 641 2045 πέντε
658 2019 777 2053 ἡμίσεως
793 2018 840 2044 τοῦ
862 2018 907 2044 κό-

125 2073 190 2100 σμου
213 2065 329 2091 κύκλων.
355 2064 404 2091 Διὰ
421 2065 459 2097 σὲ,
477 2066 524 2091 καὶ
537 2065 584 2100 τὴν
601 2066 632 2091 ἐκ
649 2064 694 2090 σοῦ
710 2064 842 2099 ἄχραντον
860 2064 906 2090 τοῦ

958 1561 1013 1588 lum
1029 1561 1153 1596 prazbuit.
1171 1561 1239 1593 Quid
1255 1560 1339 1587 vero?
1355 1559 1449 1587 Nonne
1473 1566 1587 1594 magnus
1603 1559 1647 1585 ille
1662 1557 1736 1592 Moy-

959 1615 1003 1635 ses
1031 1608 1102 1635 idem
1113 1607 1264 1634 luculenter
1275 1606 1431 1637 declaravit,
1442 1610 1550 1640 propter
1565 1605 1601 1631 tui
1614 1603 1736 1630 diliiciles

959 1654 1098 1681 intellectu
1127 1653 1246 1688 ﬁguras,
1271 1652 1373 1680 diutius
1394 1651 1421 1678 in
1445 1654 1562 1678 montem
1586 1657 1737 1677 commora-

959 1703 1003 1728 tus
1016 1699 1049 1731 ⁷⁸,
1062 1703 1091 1726 ιιι
1107 1699 1198 1734 ignota
1209 1703 1256 1726 tua
1267 1702 1446 1729 sacramenta,
1461 1704 1476 1724 ο
1490 1701 1576 1728 casta,
1590 1695 1738 1723 edisceret?

959 1745 988 1772 In
1006 1745 1043 1773 rei
1055 1745 1126 1772 enim
1137 1745 1219 1779 hujus
1231 1745 1347 1779 signum,
1361 1747 1387 1771 et
1402 1743 1435 1770 ad
1447 1742 1648 1778 exprimendam
1665 1741 1738 1769 simi-

960 1790 1110 1822 litudinem,
1124 1790 1219 1825 jussus
1241 1790 1373 1817 fabricare
1395 1795 1495 1821 arcam,
1511 1795 1564 1814 non
1586 1787 1673 1814 obiter
1689 1794 1738 1813 ne-

960 1836 1127 1870 glectiusque
1140 1836 1274 1863 mandatis
1293 1834 1506 1869 obtemperavit:
1523 1840 1676 1868 quanquam
1692 1839 1737 1859 ac-

959 1880 1082 1907 ciderunt
1098 1881 1201 1916 tragica
1217 1880 1339 1916 quzcdam
1354 1881 1381 1907 iu
1402 1881 1535 1907 descensu
1554 1886 1569 1905 a
1589 1881 1680 1905 monte
1689 1877 1713 1892 "'
1730 1887 1735 1903 ε

958 1927 1004 1954 sed
1020 1927 1139 1962 qulnque
1153 1927 1305 1955 cubitorum
1321 1931 1347 1954 ct
1362 1926 1464 1954 dimidii
1478 1921 1640 1955 coniectam,
1652 1924 1736 1954 illam,

957 1973 1024 2008 legis
1049 1973 1257 2008 susceptricem.
1277 1972 1429 2000 cherubicis
1446 1972 1495 1998 alis
1527 1970 1687 2005 cooperuit:
1714 1973 1738 1996 ιο

960 2019 1099 2053 Deiparam
1113 2019 1283 2053 apertissime
1299 2018 1505 2053 prmsignantcm
1519 2038 1526 2050 ,
1542 2024 1601 2051 qua:
1613 2016 1671 2043 sine
1681 2023 1740 2041 cor-

958 2065 1084 2100 ruptione
1104 2072 1164 2091 eum
1194 2064 1359 2099 concepisti,
1389 2062 1618 2097 incnarrabilique
1635 2061 1739 2088 ratione

124 2111 282 2144 ΒεοῦΛόγου
298 2111 445 2146 σάρκωσιν,
460 2111 508 2146 τὴν
532 2113 571 2143 εἰς
592 2111 634 2137 ἀεὶ
655 2110 795 2146 ἀτρέπτως
809 2119 838 2136 τε
862 2111 903 2136 κα)

960 2111 1096 2146 peperisti,
1112 2111 1156 2145 qui
1170 2110 1227 2145 ipse
1238 2110 1452 2144 incorruptionis
1463 2109 1535 2136 velut
1548 2107 1686 2135 concretio
1698 2111 1739 2134 est

125 2157 276 2192 ἀμερίστως
290 2157 318 2182 ἐν
335 2156 409 2192 αὐτῷ
424 2157 610 2192 διαμένουσαν,
626 2157 671 2183 κα).
686 2158 701 2192 ἡ
722 2157 807 2192 χρυσῆ
825 2156 908 2191 στάμ-

158 2234 180 2248 ⁷³
200 2233 277 2262 Psal.
298 2241 369 2267 va,
390 2234 420 2266 6,
442 2235 467 2262 5.
506 2235 529 2251 ⁷⁸
551 2234 635 2261 Exod.
670 2242 718 2266 Ill,
743 2233 769 2261 ‘2.

125 2268 146 2283 ⁷⁸
164 2268 250 2296 Εαυά.
272 2278 344 2302 xxv,
363 2270 389 2298 8.
427 2270 450 2285 ⁷⁹
471 2270 555 2297 Exod.
574 2278 665 2300 xxxii.
685 2270 711 2297 ‘i.

158 2324 214 2360 (64)
234 2326 283 2352 Ἐν
296 2322 320 2359 ᾧ
334 2325 532 2359 ἐϐλάστησας.
550 2325 582 2352 In
593 2334 654 2361 qua,
671 2327 861 2361 QUOILSPCCNI.
871 2326 903 2353 ad

125 2360 221 2387 lineam
235 2361 442 2392 sacerdotalem,
456 2362 482 2387 in
494 2361 599 2387 Nathau
612 2361 657 2394 qui
672 2361 721 2387 fuit
732 2360 802 2388 Uria:
814 2369 905 2388 sacer-

125 2396 194 2422 dotis
210 2395 291 2427 iilius.
315 2396 407 2423 domui
424 2400 450 2422 ct
469 2396 576 2430 familiae
596 2395 679 2422 David
701 2396 844 2430 adoptione
861 2396 905 2422 iu-

125 2436 239 2462 sertam;
256 2438 285 2466 ex
302 2439 356 2465 quo
376 2431 506 2458 Dominus
523 2429 611 2466 Jesus.
627 2435 708 2466 atque
725 2429 791 2458 adeo
810 2431 903 2461 Maria.

126 2466 255 2500 legi-liter,
271 2465 349 2499 juxta
371 2471 525 2492 contextam
547 2474 561 2492 a
581 2465 653 2492 Luca
677 2466 762 2500 ipsius
782 2466 905 2500 genealo-

125 2508 202 2534 gam.
223 2500 301 2533 Quod
319 2505 409 2528 autem
426 2501 459 2527 ad
475 2501 575 2535 regiam
595 2508 642 2534 per
658 2500 839 2533 Salomoucm,
858 2508 906 2534 p0-

125 2541 186 2567 ttus,
202 2543 235 2562 ea:
245 2544 313 2570 qua;
326 2536 471 2563 carnaliter
483 2540 627 2570 propagata
635 2536 694 2569 ejus
710 2543 792 2562 carne
806 2543 838 2563 ex
853 2535 905 2561 Da-

122 2570 190 2600 xide.
210 2571 289 2604 juxta
310 2570 427 2598 Matthxi
442 2571 581 2598 historiam
598 2580 606 2598 :
620 2578 700 2605 quem
717 2571 826 2597 modum
838 2578 904 2598 con-

122 2606 228 2641 cordize.
245 2605 438 2641 Hieronymus.
456 2606 634 2640 Augustinus,
653 2611 716 2641 etc,
742 2610 905 2639 acceperunt

122 2640 154 2667 ab
168 2641 320 2668 Africano:
341 2640 393 2675 qua
410 2641 443 2668 de
464 2649 492 2668 re
508 2641 649 2671 Baronius,
668 2640 830 2670 Torniellus,
851 2644 904 2668 etc.

120 2675 203 2707 Quam
220 2675 392 2711 Nicephorus
407 2684 439 2702 ex
454 2675 597 2711 Hippolyto
607 2679 725 2710 martyre
736 2676 810 2702 ali’ert
821 2676 905 2702 Anna:

119 2712 307 2772 Eenealogiam
324 2718 358 2738 ex
382 2715 456 2744 patre
475 2712 624 2742 sacerdote,
647 2714 674 2737 et
692 2712 792 2745 passim
815 2712 905 2737 verior

136 2746 245 2772 abetur.
262 2745 347 2772 habet
357 2747 437 2772 etiam
450 2750 621 2772 oervctustus
636 2746 724 2772 regius
738 2746 833 2772 codex.
849 2745 905 2772 nlu—

136 2745 245 2777 abetur,
262 2745 347 2774 habet
357 2747 437 2773 etiam
450 2750 621 2779 pervctustus
636 2746 724 2781 regius
738 2746 833 2776 codex,
849 2745 905 2779 plu—

119 2782 193 2810 rimis
207 2781 329 2810 diversis
344 2782 504 2809 tractatibus
517 2789 566 2809 scu
579 2782 659 2809 etiam
673 2782 806 2815 excerptis
823 2781 904 2808 inl‘cr—

815 2234 838 2249 7"
858 2234 945 2261 Exod.
971 2241 1045 2267 xvtl,
1067 2234 1093 2260 6.

961 2160 987 2183 et
999 2156 1190 2189 consistentia;
1218 2155 1298 2190 idque
1320 2157 1347 2182 in
1370 2155 1422 2182 ﬁne
1441 2155 1561 2190 quinque
1588 2159 1613 2181 ct
1634 2152 1737 2180 dimidii

1149 2234 1172 2250 1°
1200 2233 1282 2260 Num.
1311 2241 1382 2266 xvu,
1403 2233 1436 2268 ξε.
1476 2233 1497 2248 ⁷⁷
1518 2231 1597 2258 Hebr.
1629 2239 1654 2258 Ix
1671 2251 1677 2261 .
1710 2231 1735 2258 4.

956 2326 1037 2388 ciltus,
1054 2326 1147 2361 ignoto
1163 2325 1322 2358 collectore;
1343 2324 1480 2359 antiquior
1496 2323 1565 2350 forte
1585 2323 1643 2358 ipso
1660 2323 1739 2350 Nice-

956 2369 1051 2388 moro.

983 2369 1051 2388 IOI'O.

956 2369 1051 2431 Ρηῗέὲ)
1064 2394 1271 2431 A1a0ﬁxm._Sic
1281 2394 1382 2431 passim
1395 2395 1556 2431 interpretes
1570 2400 1655 2431 sacra:
1661 2392 1739 2431 _Scri-

958 2427 1053 2465 ptui-ai,
1080 2427 1190 2465 ipseque
1210 2427 1310 2456 Paulus
1335 2429 1368 2455 ad
1383 2427 1488 2465 WHebrl,
1518 2436 1571 2455 non
1595 2427 1736 2465 συςίϐῇκαι,

957 2462 1047 2500 pacta,
1071 2462 1179 2500 foedera,
1203 2465 1274 2499 quod
1292 2468 1361 2500 teste
1380 2464 1543 2498 Hieronymo
1559 2471 1608 2500 vox
1626 2462 1737 2490 Hebraea

959 2498 1163 2535 videtur'magis
1179 2498 1278 2527 habere
1296 2507 1301 2525 :
1321 2499 1398 2533 cujus
1414 2500 1453 2526 rei
1468 2498 1627 2534 mysterium
1642 2503 1738 2533 prose-
1754 2520 1757 2528 ,

958 2540 1078 2571 quttntltr
1093 2534 1212 2571 ejusdem
1227 2535 1300 2562 Pauli
1314 2534 1492 2571 expositores.

994 2570 1049 2604 (66)
1063 2568 1121 2597 Οὺᾶι
1131 2570 1273 2605 ἀδόκιμον
1281 2570 1451 2603 σύσσημον.
1461 2569 1609 2605 Commune
1619 2568 1740 2605 signum,

957 2605 1029 2639 quod
1042 2602 1179 2640 praecipue
1196 2602 1356 2632 a'militibus
1371 2602 1507 2636 statuitur,
1521 2604 1564 2630 cui
1581 2602 1738 2640 optitliead-

956 2638 1055 2674 jcetutn
1079 2638 1203 2675 quadrat.
1222 2640 1362 2671 Pantiuus.
1385 2648 1435 2667 non
1455 2639 1592 2666 obscuram
1605 2638 1740 2675 significa-

958 2677 1062 2705 tionem,
1078 2674 1149 2710 quod
1163 2681 1235 2702 certe
1247 2683 1355 2702 sensum
1370 2676 1452 2702 altum
1464 2674 1585 2710 auctoris
1601 2674 1737 2710 obscurat.

995 2709 1050 2744 (67)
1071 2707 1266 2750 Ἑτχρονίσαι.
1285 2710 1364 2738 Forte
1380 2710 1547 2746 ὲγχρονίσας.
1566 2709 1598 2735 Ει
1629 2715 1690 2735 ιιιοι
1706 2707 1737 2734 ἅ-

957 2754 1062 2780 γνωστα
1076 2753 1124 2780 pro
1138 2746 1216 2778 ἔγνω.
1565 2771 1582 2791 ⁸
