1911 3072
169 119 216 147 571

624 120 653 149 S.
673 119 836 148 METHODll
857 119 1012 148 EPlSCOl’l
1034 119 1076 147 ET
1098 119 1277 147 MARTYlllS

1731 118 1796 146 572

168 177 334 205 circulorum
354 177 456 204 mundi.
471 177 584 213 Propter
601 181 638 210 te,
653 186 684 205 ac
700 180 886 206 intemeratam
905 177 951 205 Dei

1006 187 1058 210 νος,
1075 179 1112 210 ὡς
1126 178 1208 210 τύπος
1223 177 1427 213 ἀψευδέστατος,
1442 177 1471 204 τὸ
1488 177 1553 213 πρὸς
1569 176 1674 212 ἡμέραν
1687 176 1793 212 τρεπό-

168 223 250 251 Vcrbi
265 232 296 252 ex
320 228 346 251 te
362 229 529 260 assumptam
550 232 670 257 carnem,
687 225 892 252 immutabiliter
907 225 950 251 in-

168 269 308 305 diviseque
323 269 418 305 inipso
430 270 457 297 in
474 275 631 306 perpetuum
647 274 868 304 permanentem;
885 278 952 297 urna

170 316 214 343 illa
232 323 313 343 aurea
332 316 372 348 ⁸³,
392 320 519 351 tanquam
537 317 708 344 certissimus
729 320 820 352 typus,
837 324 951 349 manna,

170 361 241 396 quod
259 362 358 397 alioqui
383 370 430 396 per
453 362 522 389 diem
549 361 747 393 inrertebatur,
772 363 798 388 in
818 370 847 389 se
875 363 952 396 ipsa,

169 407 280 435 minime
296 411 447 438 mutatum,
472 406 518 434 sed
544 407 608 435 totis
634 408 739 435 szeculis
771 415 952 442 permanens,

168 453 361 480 conservabat.
381 452 446 480 Tute
467 453 547 480 etiam
566 454 698 481 castitatis
720 454 850 489 prmscius
872 457 953 489 atque

171 498 290 526 imitator
307 499 333 525 in
351 499 448 533 spiritu
474 498 547 526 Elias
577 499 707 534 propheta
731 499 770 531 ⁸¹,
790 499 852 526 vitae
880 499 953 527 illius

169 544 290 580 ignifera:
315 544 366 571 sibi
379 543 513 571 redimivit
527 552 654 572 coronam
668 545 705 578 ιδ’,
718 544 849 573 hactenus
862 545 954 572 divino

170 589 300 625 suffragio
325 590 478 617 declaratus
500 594 588 618 morte
603 590 734 626 superior.
755 589 793 617 Te
817 590 954 617 nihilomi-

170 644 221 665 nus
234 636 293 671 ejus
306 643 448 664 successor
466 635 577 664 Eliszeus
593 637 626 668 ⁸³,
644 636 767 663 initiante
786 636 953 671 docenteque

169 683 293 717 sapiente
304 682 445 718 magistro,
459 690 508 710 ceu
526 691 644 718 praesens
658 683 769 710 adesses
781 703 788 715 ,
810 690 870 717 quae
889 691 953 710 nec-

170 728 234 755 dum
248 735 320 760 eras,
336 728 530 763 praeﬁgurans;
544 729 626 756 certis
645 737 734 757 rerum
757 737 817 764 quae
834 736 895 756 vere
913 736 954 756 cs-

169 777 231 801 sent
250 773 347 802 futura;-
363 774 499 802 indicibus
515 775 611 810 signis,
624 775 755 802 auxilium
777 774 954 802 medicinam-

169 827 222 855 que
246 819 447 855 indigentibus,
470 820 567 856 majori
587 828 669 856 supra
692 826 819 848 naturam
833 821 950 850 virtute.

169 865 335 894 adhibebat:
354 874 426 894 nunc
450 867 558 901 quidem
581 875 629 902 per
653 875 748 894 novam
775 866 898 902 hydriam
915 866 952 898 ⁸⁵,

169 911 263 946 salque
277 912 394 939 salutare
416 913 442 939 iu
461 920 490 940 se
515 913 713 945 continentem,
729 920 814 948 aquas
829 911 952 940 exitiales

169 966 271 986 sanans
287 967 293 985 :
312 958 345 984 ad
365 958 571 992 ostendendum,
587 967 648 986 esse
668 960 844 987 recreandum
870 965 952 985 mun-

169 1003 245 1035 dum,
258 1011 306 1038 per
321 1007 520 1030 sacramentum
532 1003 558 1030 in
572 1007 599 1031 te
613 1003 765 1032 exhibitum
780 1013 786 1030 :
805 1002 886 1030 modo
904 1010 952 1029 au-

168 1056 238 1080 tem.
262 1048 350 1076 farina
373 1057 466 1085 azyma
485 1050 525 1081 ⁸³,
550 1053 644 1084 partus
669 1049 708 1076 tui
738 1053 797 1076 satu
824 1048 953 1075 immunis

169 1097 234 1132 typo
253 1095 432 1130 respondente
443 1115 451 1127 ,
469 1097 565 1122 mortis
581 1095 757 1123 acerbitatem
773 1103 788 1121 a
805 1094 872 1122 cibis
889 1102 953 1129 pro-

168 1140 266 1176 ﬂigans
296 1152 301 1168 :

1006 233 1085 260 μενον
1105 225 1152 251 καὶ
1171 224 1357 259 ἀλλοιούμενον
1373 224 1470 259 μάννα,
1486 224 1618 259 ἄτρεπτον
1634 223 1680 249 καὶ
1699 223 1797 249 διαιω-

1003 270 1075 302 νίζον
1089 270 1160 297 ἔνδον
1175 270 1259 304 αὐτῆς
1272 270 1438 304 διεφύλαττε.
1454 270 1510 304 Τῆς
1525 270 1572 304 σῆς
1586 269 1696 303 ἁγνείας
1711 269 1761 295 καὶ
1777 269 1796 294 ὁ

1003 317 1144 352 προφήτης
1163 316 1254 347 Ἠλίας
1275 315 1428 351 προθεωρὸς
1451 315 1498 342 καὶ
1518 314 1639 350 ζηλωτὴς
1661 315 1798 350 ὑπάρχων

1002 363 1045 390 διὰ
1065 363 1111 389 τοῦ
1134 362 1299 397 Πνεύματος,
1324 361 1462 397 πυρφόρον
1487 360 1622 392 πολιτείας
1644 361 1798 395 ἀνεδήσατο

1005 407 1142 441 στέφανον,
1163 406 1294 442 κρείττων
1315 406 1425 432 θανάτου
1447 405 1610 440 ἀναδειχθεὶς
1629 404 1690 440 θείᾳ
1709 405 1798 440 ψήφῳ

1003 453 1066 489 ἄχρι
1079 454 1127 489 τῆς
1143 453 1230 489 δεῦρο.
1250 453 1283 479 Σὲ
1304 453 1350 479 καὶ
1361 453 1374 478 ὁ
1392 452 1485 479 τούτου
1502 451 1620 487 διάδοχος
1643 451 1799 484 Ἐλισσαῖος

1004 498 1078 533 παρὰ
1104 498 1185 532 σοφοῦ
1208 497 1366 524 διδασκάλου
1386 496 1508 531 μυηθεὶς,
1527 496 1574 522 καὶ
1595 496 1632 527 ὡς
1653 495 1799 531 παροῦσαν

1002 544 1050 580 τὴν
1075 544 1157 579 μήπω
1179 542 1260 570 οὖσαν
1284 543 1482 580 προδιατυπῶν,
1503 541 1647 577 ὑπερφυῶς
1670 543 1724 573 τοῖς
1750 550 1799 567 τε-

1003 590 1130 626 κμηρίοις
1145 589 1199 615 τῶν
1218 589 1352 624 ἀληθινῶν
1364 589 1412 620 τὰς
1430 587 1589 623 ἐπικουρίας
1607 586 1723 613 ἐποιεῖτο
1739 587 1798 613 τῶν

1002 635 1150 670 δεομένων·
1170 636 1208 670 πῆ
1224 636 1272 670 μὲν
1287 635 1320 662 δι’
1334 635 1427 671 ὑδρίας
1441 635 1547 669 καινῆς,
1564 635 1611 661 καὶ
1625 634 1687 665 τοὺς
1702 635 1797 660 νοστί-

1006 690 1070 717 μους
1086 681 1199 717 ἐχούσης
1216 681 1292 713 ἃλας,
1307 681 1341 708 τὰ
1354 681 1502 716 φθοροποιὰ
1517 680 1600 707 ὕδατα
1616 680 1737 716 ίὼμενος,
1753 681 1797 712 εἰς

1003 728 1113 762 ἔνδειξιν
1135 728 1181 755 τοῦ
1199 727 1396 763 ἁνασφήλοντος
1415 726 1470 763 (68)
1490 727 1592 762 κόσμου
1611 726 1654 752 διὰ
1675 726 1722 752 τοῦ
1746 726 1796 752 ἐπὶ

1004 775 1045 800 σοὶ
1062 773 1225 808 μυστηρίου⁸
1244 773 1281 809 πῆ
1296 773 1324 799 δὲ
1341 772 1448 808 ἀλεύρῳ
1463 771 1568 807 ἀζύμῳ,
1584 771 1691 807 λοχείας
1707 770 1795 797 6.11:6-

1005 827 1051 855 ρου
1070 819 1216 854 ἀντιτύπῳ,
1234 818 1347 845 θανάτου
1364 818 1476 853 πικρίαν
1492 817 1660 844 ἀναστέλλων
1674 816 1727 843 ἀπὸ
1737 816 1808 842 τῶν·

968 866 988 894 Β
1004 864 1157 899 ἐδωδίμων
1172 865 1265 892 ἀλλοτε
1285 864 1312 891 δὲ
1329 866 1384 896 τοῖς
1407 863 1557 899 ὑπερφυέσι
1573 863 1606 889 τὲ
1626 862 1695 889 κατὰ
1712 862 1796 896 φύσιν

1006 910 1158 946 ὑπερνικῶν
1174 911 1202 938 ὲν
1215 911 1252 945 τῷ
1272 911 1401 947 Ἰορδάνῃ,
1415 910 1461 937 καὶ
1473 909 1516 936 διὰ
1529 909 1629 936 τούτων
1646 909 1694 944 τὴν
1708 909 1796 936 κατὰ·

1005 958 1078 984 δοσιν
1103 957 1149 984 τοῦ
1177 959 1277 994 Κυρίου
1303 958 1380 994 ἡμῶν
1407 959 1446 990 εἰς
1467 957 1550 994 ᾅδην,
1572 957 1618 984 καὶ
1642 957 1795 992 παράδοξον

1005 1004 1152 1040 ἀνάρρυσιν
1169 1003 1222 1030 τῶν
1238 1005 1266 1031 ὲν
1283 1004 1369 1040 φθορᾷ
1394 1004 1582 1039 κατεχομένων
1612 1002 1793 1038 προῖστορῶν.

1005 1048 1097 1075 Πάντα
1115 1048 1169 1084 γὰρ
1183 1046 1255 1074 εἷκόν
1275 1057 1304 1074 τε
1327 1049 1374 1076 καὶ
1393 1049 1547 1075 ὑπέκυπτον
1570 1049 1602 1084 τῇ
1626 1049 1658 1083 σῇ
1677 1048 1737 1083 θείᾳ
1754 1048 1795 1074 εἰ·

1006 1093 1063 1120 κόνι
1076 1093 1252 1129 ἐκνικώμενα.

330 1150 526 1178 nonnunquam
547 1142 664 1177 denique
686 1142 768 1169 rebus
798 1149 880 1176 supra
905 1146 1048 1173 naturam,
1075 1149 1135 1176 quae
1158 1145 1263 1168 naturae
1296 1144 1478 1168 consentanea
1499 1145 1592 1169 essent
1617 1141 1643 1168 in
1670 1141 1792 1174 Jordanc

168 1187 268 1214 eximie
285 1195 417 1222 superans
440 1187 479 1220 aa;
503 1195 590 1222 eoque
606 1187 713 1214 Domiui
744 1187 771 1213 in
801 1187 936 1213 infernum
952 1185 1124 1218 descensum,
1147 1185 1352 1220 mirahilemque
1373 1189 1400 1212 ct
1419 1185 1586 1220 inopinatam
1632 1193 1726 1212 eorum
1743 1185 1791 1219 qui

169 1233 197 1260 in
225 1234 400 1269 corruptione
426 1234 612 1262 detinerentur
646 1233 833 1260 liberationem
861 1232 1040 1268 praasiguans.
1070 1231 1137 1259 Nam
1169 1235 1310 1260 cesserunt
1345 1232 1453 1264 omnia,
1481 1236 1588 1267 tuaeque
1615 1233 1652 1260 illi

169 1282 279 1317 imagini
295 1282 478 1318 exprimenda:
495 1281 606 1316 imparia
623 1281 835 1308 suecubuerunt.

206 1329 239 1357 Χ.
256 1329 326 1362 Quid
343 1337 406 1356 vero
417 1328 506 1356 adhuc
521 1329 656 1356 sermonis
665 1328 785 1356 habenas
801 1328 884 1356 variis
900 1328 953 1356 illis

169 1373 410 1402 informationibus
431 1374 525 1401 laxans
541 1374 736 1408 involvensque
751 1376 777 1400 et
792 1372 934 1408 implicans
945 1391 952 1404 ,

168 1420 321 1448 orationem
346 1421 374 1446 in
399 1420 508 1454 longum
532 1420 677 1459 protraho;
702 1428 732 1447 ac
752 1422 793 1447 vel
818 1419 952 1451 maxime,

170 1474 233 1494 ctlm
251 1466 338 1494 instar
360 1466 493 1493 columnae
515 1466 604 1501 palam
626 1466 712 1493 oculis
733 1465 859 1500 objecta,
881 1465 908 1491 in
928 1467 955 1492 te

1692 1232 1792 1259 divinae

1043 1328 1070 1354 l'.
1088 1328 1143 1354 Καὶ
1157 1328 1182 1353 τί
1196 1327 1235 1354 ἔτι
1252 1327 1424 1363 περιπλέκων
1443 1326 1555 1362 μηκὺνω
1571 1327 1617 1353 τδν
1631 1326 1720 1360 λόγον,
1734 1326 1792 1358 τοῖς

1008 1373 1137 1405 ποικίλοις
1169 1374 1358 1409 προγράμμοις
1384 1374 1528 1408 ὲπαφήσας
1563 1372 1608 1399 τοῦ
1634 1371 1713 1405 λόγου
1740 1372 1792 1403 τὰς

1007 1420 1096 1454 ἡνίας,
1108 1420 1154 1446 καὶ
1171 1420 1287 1455 μάλιστα
1303 1419 1356 1455 πρὸ
1371 1419 1516 1454 ὀφθαλμῶν
1530 1418 1719 1453 ἐστηλωμένης
1733 1417 1790 1453 (69)

1007 1467 1055 1502 τῆς
1076 1465 1121 1491 ἐπὶ
1138 1465 1178 1491 σοὶ
1192 1465 1345 1499 ἀτρεκείας,
1400 1465 1445 1491 καὶ
1459 1464 1664 1500 κατατρυφῆσαι
1679 1464 1791 1499 ἄμεινον

169 1511 272 1538 veritas
288 1513 389 1546 pateat,
408 1511 434 1537 in
452 1517 504 1545 qua
520 1510 593 1537 velut
607 1510 754 1537 eluxuriari
772 1509 952 1543 delectarique

1007 1512 1052 1539 καὶ
1067 1510 1305 1546 ὲπικερδὲστερον;
1319 1509 1478 1546 Τοιγαροῦν,
1490 1510 1594 1545 χαίρειν
1611 1510 1717 1545 φράσας
1733 1511 1792 1542 τοῖς

171 1556 328 1592 praestiterit
343 1564 376 1584 ac
393 1556 564 1584 commodius
579 1555 679 1583 fuerit?
693 1555 781 1589 Quare
796 1560 953 1583 sanctorum

171 1603 293 1630 omnium
310 1610 357 1638 per
369 1610 464 1630 omnes
479 1603 668 1637 generationes
681 1622 687 1634 ,
707 1601 877 1636 spiritalibus
891 1608 955 1628 nar-

170 1649 323 1676 rationibus
340 1649 474 1683 factisquc
487 1648 652 1683 prodigiosis
667 1648 756 1675 valere
769 1644 866 1682 jussis,
883 1647 916 1674 ad
929 1654 954 1674 to

170 1695 233 1723 festi
250 1694 332 1730 hujus
347 1694 464 1721 convivii
479 1695 552 1721 velut
570 1694 695 1725 clavum,
717 1701 734 1720 ο
756 1693 862 1720 ﬂorenti
882 1701 954 1721 sem-

170 1747 219 1776 per
238 1739 361 1767 babenda
373 1740 502 1767 memoria
514 1759 521 1771 ,
541 1739 639 1774 dirigo.
655 1739 799 1767 Benedicta
819 1743 846 1766 tu
856 1760 862 1772 ,
876 1747 954 1774 pror~

170 1793 219 1813 sus
239 1784 381 1812 benedicta
401 1784 583 1819 omnibusque
600 1784 798 1812 desiderabilis.
818 1784 848 1810 ln
870 1784 952 1810 benc-

170 1829 338 1857 dictionihus
367 1829 475 1856 Domini
504 1837 603 1856 nomen
632 1835 725 1861 tuum,
753 1830 844 1857 divina
866 1829 953 1864 gratia

170 1875 359 1911 plenissimum
372 1882 404 1902 ac
420 1884 525 1904 summe
544 1876 598 1903 Deo
611 1877 760 1911 gratiosum
771 1897 779 1909 ,
792 1875 838 1902 Dei
854 1875 952 1907 Mater,

170 1929 285 1957 quzeque
297 1925 344 1949 tuo
366 1922 424 1957 ipsa
446 1921 589 1956 splendore
607 1922 733 1951 ﬁdelibus
749 1922 839 1949 lumen
859 1921 954 1956 pratic—

169 1977 225 1996 ras.
241 1967 281 1995 Tu
302 1968 536 2003 circumscriptio,
558 1972 589 1995 ut
604 1968 641 1995 ita
656 1968 744 1996 dicam
756 1988 762 2000 ,
779 1967 838 2002 ejus
851 1967 896 2002 qui
912 1971 954 1995 cst

171 2010 487 2045 incircumscriptibilis:
506 2012 584 2039 radix
597 2011 670 2040 ﬂoris
690 2011 886 2046 speciosissimi
904 2012 926 2028 ⁸⁷
946 2021 951 2038 :

171 2053 257 2083 Mater
273 2055 461 2089 plasmatoris:
481 2056 576 2084 altoris
588 2057 680 2084 nutrix
695 2067 701 2084 :
717 2057 775 2091 ejus
790 2057 951 2092 complexio,

170 2101 216 2134 qui
245 2100 336 2128 omnia
357 2101 499 2136 complecti
525 2102 606 2130 habet
628 2113 634 2130 ι
664 2108 776 2138 portans
797 2111 857 2131 eum
872 2123 879 2135 ,
908 2105 954 2137 qui

170 2145 250 2172 verbo
265 2150 353 2180 portat
374 2147 463 2173 omnia
477 2147 519 2174 εει
535 2152 630 2183 porta,
650 2157 698 2183 per
719 2157 799 2184 quam
824 2149 895 2176 Deus
924 2149 950 2176 in

1005 1557 1058 1584 τῶν
1076 1556 1160 1591 ἁγίων
1174 1556 1243 1583 κατὰ
1263 1557 1351 1583 πᾶσαν
1371 1556 1467 1590 γενεὰν
1484 1558 1675 1591 πνευματικοῖς
1693 1555 1790 1591 διηγή-

1006 1612 1070 1638 μασι
1082 1603 1129 1629 καὶ
1143 1602 1392 1638 τερατουργήμασιν
1402 1622 1409 1634 ,
1427 1602 1472 1628 ἐπὶ
1485 1602 1515 1628 σὲ
1532 1602 1642 1637 μετάγω
1656 1602 1720 1633 τοὺς
1739 1601 1791 1636 τῆς

1004 1649 1119 1684 εὐωχίας
1136 1649 1248 1680 οἱάκας,
1267 1648 1530 1684 παντομνημόνευτε.
1551 1648 1726 1684 Εὐλογημένη
1745 1648 1790 1679 σὺ,

1005 1694 1202 1730 παντευλὸγητε
1223 1695 1269 1721 καὶ
1288 1695 1354 1721 πᾶσι
1372 1694 1481 1730 ποθητέ.
1505 1695 1563 1721 Ἐπ’
1577 1694 1712 1728 εὐλογίαις
1731 1683 1795 1720 Κυλ

1006 1741 1062 1777 ρίου
1077 1741 1106 1767 τὸ
1123 1740 1349 1776 θεοχαριτώτατόν
1364 1749 1410 1767 σου
1426 1740 1521 1775 ὄνομα,
1534 1740 1724 1776 Θεογεννήτωρ
1743 1740 1790 1765 καὶ

1003 1787 1114 1822 δᾳδοῦχε
1128 1787 1182 1813 τῶν
1198 1787 1309 1813 πιστῶν.
1326 1787 1358 1813 Ἠ
1379 1794 1547 1822 περιγραφη,
1565 1787 1598 1812 ἵν’
1610 1785 1695 1817 οὕτως
1708 1785 1790 1816 εἴπω,

1003 1834 1049 1859 τοῦ
1070 1833 1288 1868 ἁπεριγράπτου·
1306 1833 1321 1867 ἡ
1346 1831 1407 1867 ῥίζα
1425 1832 1470 1858 τοῦ
1489 1831 1655 1867 ὼραιοτάτου
1675 1831 1790 1862 ἄνθουςδ

1003 1880 1019 1914 ἡ
1036 1879 1133 1914 Μήτηρ
1156 1877 1202 1904 τοῦ
1222 1877 1387 1909 πλάσαντος·
1404 1879 1420 1913 ἡ
1438 1877 1514 1912 τιτθὴ
1527 1877 1572 1904 τοῦ
1585 1877 1729 1912 τρέφοντος
1741 1885 1749 1892 ⁶
1773 1877 1789 1911 ἡ

1005 1924 1117 1959 περιοχὴ
1142 1923 1188 1950 τοῦ
1207 1924 1393 1959 περιέχοντος·
1417 1925 1433 1958 ἡ
1454 1923 1572 1958 φέρουσα
1594 1923 1639 1949 τὸν
1660 1922 1791 1957 φέροντα

1005 1970 1106 2004 ῥήματι
1121 1969 1156 1996 τὰ
1181 1968 1321 2004 πάντα’ἡ
1344 1969 1414 2004 πύλη
1436 1969 1484 2004 τῆς
1499 1969 1527 1995 ὲν
1551 1968 1632 2004 σαρκὶ
1655 1966 1790 2002 ἀνατολῆς

1004 2015 1050 2042 τοῦ
1075 2015 1158 2041 Θεοῦ’
1184 2015 1201 2050 ἡ
1223 2015 1302 2046 λαὸὶς
1326 2014 1372 2041 τοῦ
1399 2013 1564 2049 καθαρτικοῦ
1594 2014 1744 2048 ἄνθρακος·
1774 2013 1790 2039 ὁ

1005 2059 1105 2096 βραχὺς
1132 2060 1229 2091 κόλπος
1254 2059 1300 2086 τοῦ
1325 2059 1432 2086 πάντων
1461 2059 1577 2085 κόλπου·
1595 2058 1610 2084 ὁ
1631 2057 1714 2089 πόκος
1738 2057 1789 2091 τῆς

1003 2105 1195 2141 ἀκαταλήπτου
1222 2105 1316 2140 δρόσου
1338 2104 1409 2139 (70)'
1435 2106 1448 2130 ὁ
1471 2104 1520 2138 τῆς
1544 2102 1690 2137 ἐπιθυμίας
1707 2102 1791 2129 Δαὸὶδ

1004 2150 1133 2186 ζωοδόχος
1161 2151 1216 2186 (7i)
1233 2151 1332 2182 λάκκος
1362 2151 1410 2186 τῆς
1426 2150 1564 2185 Βηθλεὲμ,
1593 2149 1637 2183 ἀφ’
1657 2145 1687 2174 οὗ
1712 2148 1788 2182 πόμα

167 2198 250 2218 carne
265 2191 354 2218 oritur
367 2192 400 2223 ⁸³,
418 2192 524 2228 forceps
542 2194 670 2221 carbonis
690 2195 763 2222 illius
783 2195 902 2229 purgarii
915 2195 949 2228 9°,

1006 2195 1150 2226 ἀθανασίας
1167 2195 1293 2226 ὲξέϐλυσε
1303 2203 1309 2209 θ
1325 2195 1354 2221 τὺ
1370 2194 1525 2229 ἱλαστήριον
1540 2192 1569 2225 ἐξ
1583 2191 1612 2220 οὗ
1624 2193 1689 2224 Θεὸς
1704 2191 1789 2226 ἐγνώ-

168 2237 246 2264 sinus
262 2237 377 2272 exiguus
388 2237 512 2265 immensi
529 2239 650 2266 omnium
669 2240 746 2267 sinus
757 2261 764 2272 ,
780 2240 866 2268 vellus
879 2241 950 2267 roris

167 2283 241 2311 illius
262 2283 546 2318 incomprehensibilis
562 2285 601 2318 ἰ,
627 2286 703 2313 lacus
723 2287 768 2314 ille
792 2286 947 2314 Bethlehem

1005 2240 1053 2275 σθη
1070 2240 1221 2275 ἀνθρώποις
1245 2239 1498 2275 ἀνθρωπομόρφως·
1517 2239 1547 2265 τὸ
1562 2238 1673 2266 ἄσπιλον
1688 2237 1787 2272 ἔνδυμα

1003 2286 1055 2314 τοῦ
1069 2285 1312 2321 ἀναϐαλλομένου
1330 2285 1392 2319 φῶς
1403 2286 1442 2317 ὡς
1455 2285 1578 2319 lude/or.
1596 2284 1627 2310 Ἡ
1644 2283 1786 2311 δανείσασσ

202 2361 226 2376 ⁸⁸
247 2361 313 2389 Heb.
334 2369 381 2389 Ix.
401 2361 428 2388 ιι.
477 2362 497 2377 ⁸¹
520 2361 552 2389 iV
577 2361 638 2397 Reg.
660 2370 691 2395 ιι,
712 2363 756 2389 Η.
794 2363 817 2379 δ’
839 2362 921 2389 Errli.
947 2371 952 2389 1

1006 2371 1040 2394 ut,
1064 2363 1087 2389 l.
1139 2362 1162 2378 ³³
1179 2361 1213 2388 lV
1233 2361 1292 2396 Reg.
1329 2369 1356 2388 ll.
1396 2361 1419 2377 ⁸⁸
1439 2361 1502 2397 ibjd.
1532 2361 1577 2388 ‘20.
1602 2361 1642 2397 4⁸⁵
1664 2360 1702 2387 ιγ
1721 2359 1784 2397 Heg.

167 2404 204 2458 nl.
307 2397 331 2412 "
351 2397 385 2423 IV
402 2397 463 2432 Reg.
492 2406 517 2424 ι’.
556 2397 578 2413 ⁸⁷
598 2394 653 2426 lia.
673 2406 713 2429 XI,
735 2398 758 2425 Ι.
797 2398 819 2414 ⁸⁸
842 2398 921 2424 llebr.
944 2406 949 2424 ι

167 2440 182 2459 v
204 2451 212 2463 ,
270 2452 275 2458 .

1006 2418 1010 2424 .
1051 2398 1073 2413 '9
1092 2397 1188 2424 Ezech.
1210 2394 1292 2429 xuii,
1313 2397 1358 2423 4i.
1396 2397 1418 2412 ⁹⁰
1454 2395 1511 2424 lsa.
1532 2405 1576 2429 Vl,
1597 2395 1623 2422 6.
1677 2397 1698 2412 Μ
1719 2394 1785 2422 Jud.

202 2509 257 2581 $68)
279 2510 528 2550 Ἀνασςρήλονζος.
544 2509 623 2538 Forte
638 2512 849 2547 ἁνασφήλαντος.

214 2545 259 2586 ϐίη
273 2547 332 2586 Πρᾴ
350 2547 509 2586 όφθᾳλμων
523 2547 743 2586 ῥστηλωμένης.
765 2546 844 2586 velut
858 2550 947 2573 erecta

166 2580 304 2614 propalam
320 2581 346 2607 in
363 2582 471 2608 modum
489 2582 630 2611 columnae.
644 2589 677 2608 ne
691 2589 770 2616 quem
787 2581 869 2607 latere
886 2588 949 2614 pes-

166 2616 199 2632 cit
229 2615 314 2632 Aha-nn
325 2616 484 2632 cinniﬁnnlin
504 2621 532 2632 ul
549 2617 578 2632 ολ
604 2616 793 2632 λος-..ἶιηηιυεμ
804 2617 840 2632 ch.
853 2616 949 2632 ,ειη-Πν-

166 2616 210 2641 sit.
226 2615 316 2641 Altera
325 2616 495 2650 signiﬁcatio,
504 2621 535 2644 ut
549 2617 589 2648 τὸ,
604 2615 793 2651 ὲστηλώμὲνης
803 2617 840 2643 sit
852 2616 950 2650 con/ir-

167 2655 249 2677 muta.
263 2650 369 2677 videtur
380 2651 469 2677 minus
483 2652 635 2678 commoda.

390 2510 528 2547 ήλονζος.
544 2509 623 2538 Forte
638 2512 849 2547 ἀνασφήλαντος.

202 2683 257 2719 (70)
276 2684 330 2718 Τῆς
340 2685 551 2718 ἀκαταλήπτων
561 2686 681 2720 δρόσου.
697 2685 782 2719 Cujus
793 2685 949 2721 mysterium

168 2723 284 2753 nequeat
309 2721 375 2748 satis
401 2722 527 2755 perspici.
556 2721 698 2750 Paulinus.
729 2720 949 2755 imperrrptibilis.

167 2755 344 2790 quodrutinqs
360 2755 484 2789 quadrat.
501 2755 584 2783 Plane
605 2757 675 2783 enim
697 2755 747 2783 fuit
766 2764 810 2783 ros
828 2757 871 2783 ille
890 2764 950 2790 per—

167 2789 374 2827 ceptiltilis.'qtti
388 2796 534 2827 expressus
549 2792 657 2823 vellere,
680 2792 801 2827 lagonam
821 2789 894 2826 aqua
906 2791 952 2816 itu-

167 2824 259 2857 plevit,
276 2825 368 2858 utique
384 2825 514 2851 sensibili.

1037 2510 1092 2546 (7|)
1108 2510 1270 2544 Ζωοδόχος.
1293 2509 1345 2536 Seu
1370 2509 1431 2546 vitae
1451 2509 1690 2546 conceptaculum;
1710 2509 1738 2535 in
1754 2515 1788 2546 eo

1002 2543 1092 2572 Marte
1103 2543 1267 2580 symbolum,
1286 2553 1345 2579 quae
1359 2545 1442 2572 vitam
1460 2545 1534 2574 illam
1552 2545 1583 2572 ad
1597 2552 1646 2571 uos
1665 2543 1787 2578 peregri-

1002 2579 1125 2611 nantem;
1142 2588 1189 2608 ccu
1207 2580 1314 2614 hospitii
1331 2579 1402 2614 jure,
1430 2580 1510 2606 etiam
1535 2584 1614 2607 utero
1641 2579 1784 2612 suscepit:

1003 2623 1083 2650 quam
1100 2616 1158 2650 ejus
1176 2615 1390 2650 praerogativam,
1407 2614 1434 2640 in
1447 2614 1547 2640 Martha
1567 2614 1708 2650 Dominum
1721 2621 1786 2650 sus:

1003 2649 1119 2685 cipicnte
1137 2651 1164 2677 in
1182 2649 1409 2685 suam’domum,
1430 2649 1474 2676 die
1495 2649 1665 2684 migratiouis
1686 2649 1785 2685 ipsius,

1003 2683 1123 2712 Ecclesia
1147 2690 1240 2712 sancte
1265 2685 1370 2711 recolit.
1395 2683 1543 2715 Paulinus,
1560 2685 1688 2718 viriﬁcua.
1711 2683 1787 2717 quod

1003 2721 1094 2754 potius
1109 2725 1180 2747 esset
1192 2720 1332 2754 ζωοδότης,
1346 2719 1431 2746 Simili
1443 2720 1562 2754 epitheto
1577 2719 1656 2753 paulo
1670 2718 1787 2754 inferius

1004 2753 1156 2782 Simeonem
1184 2759 1279 2784 ornat.
1302 2753 1441 2789 appellans
1470 2754 1591 2789 ΘεοδόχνΝ
1617 2753 1784 2789 πρεσϐύτην,

1003 2798 1087 2816 senem
1106 2790 1152 2818 Dei
1166 2794 1348 2823 suswplomn.
