1911 3072
122 75 177 102 επ

658 70 775 99 SERMO
794 71 838 98 DE
855 69 1004 98 SIMEONE
1024 69 1066 96 ET
1085 68 1189 95 ANNA.

1699 69 1731 95 57
1734 76 1753 96 a,

124 132 183 167 Θεῷ
206 131 246 166 τῷ
262 132 385 159 ἀνενδεεῖ
408 131 498 168 σάρκα
520 131 609 166 ἥνπερ
627 131 678 157 οὐκ
703 128 789 165 εἶχεν,
813 126 909 165 ῖναῇἐ

969 126 1096 154 desiderii
1112 125 1195 153 David
1206 126 1228 141 "
1239 145 1247 157 ,
1270 126 1332 153 vitm
1342 129 1485 160 susceptor
1494 146 1501 158 ,
1514 133 1548 153 ex
1556 133 1610 160 quo
1622 128 1749 161 poculum

127 175 332 212 παντοδύναμος
349 178 418 213 ὅπερ
438 177 582 213 ηὑδόκησε.
601 175 632 202 Τί
652 176 746 202 τούτου
768 174 915 210 περιφανέ-

129 231 242 259 στερον;
260 223 294 249 Τί
310 222 406 249 τούτου
422 223 602 258 ὑψηλότερον;
623 223 652 248 'O
671 222 716 248 τὸν
735 221 848 256 οὐρανὸν
870 221 916 247 καὶ

126 270 176 304 τὴν
194 269 248 303 γῆν
275 268 400 304 πληρῶν,
417 266 447 295 οῦ
471 269 506 295 τὰ
530 269 674 304 σύμπαντα
699 268 842 303 κτήματα,
869 267 916 293 σοῦ

127 316 274 351 γεγένηται
304 316 427 351 ὲπιδεής·
455 317 486 342 σὺ
512 315 565 351 γὰρ
593 316 731 347 ὲδάνεισας
756 315 815 350 Θεῷ
841 315 937 342 θείαν·

127 363 278 397 σάρκωσιν,
290 363 325 398 ἦν
339 363 390 389 οὐκ
407 361 472 397 εἶχε.
494 363 529 389 Σὺ
553 362 721 397 ὲΟωράκισας
737 362 782 388 τὸν
805 362 915 389 δυνατὸν

125 409 175 443 τὴν
191 409 320 444 εὐπρεπῆ
339 408 385 435 τοῦ
404 407 528 443 σώματος
542 408 715 442 παντευχίαν,
735 408 767 434 δι’
785 406 819 444 ἧς
836 408 915 440 αὐτὸς

128 454 177 489 μὲν
193 454 311 489 ὸῳῦῆναι
323 454 444 490 χωρητὸς
455 455 515 489 ἐμοὶ
527 454 681 489 δεδύνηται,
698 453 752 488 ἐγὼ
766 454 794 480 δὲ
801 454 916 490 εὐπροσ-

129 500 192 531 ίτως
210 500 372 534 ἀντωπῆσαι
396 500 469 535 αὐτῷ
491 500 629 535 ἐνίσχυσα,
652 500 684 526 δι’
701 497 734 535 ἧς
753 499 800 526 καὶ
817 498 915 525 πάντα

125 544 180 571 τοῦ
198 545 333 579 πονηροῦ
346 545 383 572 τὰ
404 545 598 580 πεπυρωμένα
609 546 687 579 ,βέλη
704 545 912 578 σϐεσθήσεται.

125 587 215 624 Εὖγε,
232 589 296 625 εὖγε
308 610 314 622 ,
328 592 419 626 μήτηρ
439 590 506 617 Θεοῦ
528 591 574 617 καὶ
589 591 679 627 δούλη.
697 589 782 626 Εὖγε,
803 589 881 626 εὖγε,
897 592 914 627 ὴ

125 636 270 671 ὑπόχρεων
289 636 387 671 ἔχουσα
398 637 444 663 τὸν
459 636 567 663 πάντων
581 637 731 672 δανειστήν.
748 637 851 668 Πάντες
866 637 914 672 μὲν

125 681 186 717 Θεῷ
200 682 391 717 ὲποφείλομεν,
407 683 448 709 σοὶ
462 683 492 709 δὲ
506 683 687 718 ὲποφείλεται.
709 684 736 710 Ὀ
752 683 807 719 γὰρ
818 683 912 715 εἰπὼν,

128 728 201 761 Τίμα
225 727 281 754 τὸν
304 728 417 762 πατέρα
439 736 496 755 σου
525 729 574 755 καὶ
598 728 656 762 τὴν
677 728 801 763 μητέρα,
825 728 914 764 πολλῷ

124 774 230 808 μᾶλλον
247 774 327 806 αὐτὸς
348 775 377 801 ὲν
392 774 496 805 τούτοις
517 774 690 806 ἐξετάζεσθαι
710 775 845 811 ἐλόμενος,
864 784 913 810 φυ-

968 172 1179 200 inmortalitatis
1190 172 1350 199 scaturivit:
1368 172 1585 206 propitiatorium
1602 172 1635 205 ’³,
1650 181 1682 199 ex
1696 181 1749 207 quo

967 218 1054 252 Deus,
1082 218 1168 245 forma
1194 218 1330 251 humana,
1351 220 1442 254 generi
1461 220 1580 247 humano
1608 219 1748 246 innotuit:

966 265 1049 292 vestis
1063 265 1122 292 sine
1138 265 1254 296 macula,
1264 265 1323 299 ejus
1334 266 1378 300 qui
1392 265 1476 292 induit
1489 265 1576 292 lumen
1590 266 1657 292 sicut
1673 266 1749 292 resti-

967 316 1081 338 menlum
1098 311 1131 338 ⁸⁸.
1144 310 1183 337 Tu
1195 312 1296 339 nullius
1313 311 1444 347 indigenti
1464 311 1527 343 Deo,
1543 319 1653 339 carnem
1667 319 1748 346 quam

967 364 1021 383 non
1037 356 1170 388 habebat,
1188 356 1308 384 fcnerala
1322 365 1360 389 es,
1375 365 1429 391 qua
1445 357 1551 384 tandem
1575 359 1748 392 omnipotens

965 402 1028 438 ille,
1046 401 1117 436 quod
1130 402 1286 429 decreverat
1298 402 1375 434 ﬁcri,
1392 403 1472 430 homo
1493 408 1575 430 esset.
1603 403 1673 436 Quid
1697 403 1748 430 hoc

966 446 1152 481 splendidius?
1177 445 1246 479 Quid
1271 447 1323 473 hoc
1348 447 1512 474 sublimius?
1533 447 1583 479 Qui
1607 448 1706 474 εωιυω
1721 451 1749 475 et

965 498 1065 520 terram
1082 492 1175 527 implet
1189 492 1226 524 ",
1249 492 1329 526 cujus
1350 492 1462 520 ditionis
1483 497 1547 520 sunt
1570 501 1614 520 res
1633 501 1746 525 omnes.

966 538 1004 564 tui
1025 537 1134 572 indigus
1153 537 1266 564 elﬁcitur
1283 547 1289 564 ε
1305 538 1404 573 quippe
1427 537 1482 566 Deo
1501 539 1621 566 fenerata
1636 547 1665 566 cs
1686 547 1749 566 car-

965 591 1038 614 nem,
1053 590 1134 618 quam
1147 591 1200 610 non
1215 583 1340 611 habebat.
1356 583 1397 610 Tu
1411 588 1547 618 potentem
1565 583 1638 611 illum
1650 585 1748 612 decora

965 631 1089 664 corporis
1102 635 1241 657 armatura
1255 630 1366 657 induisti
1379 651 1385 662 ,
1398 639 1451 665 qua
1467 635 1494 658 et
1505 631 1528 659 is
1540 631 1605 658 mihi
1626 631 1748 659 redditus

965 679 1006 702 est
1026 675 1114 702 oculis
1135 674 1325 709 aspectabilis;
1350 675 1460 710 ipseque
1489 679 1519 702 ut
1536 675 1619 704 libere
1634 676 1749 703 intuitu-

965 728 1012 748 rus
1024 720 1127 755 possim
1143 720 1282 752 accedere,
1296 721 1398 755 accepi,
1408 728 1461 756 qua
1473 721 1554 748 etiam
1583 723 1670 749 omnia
1683 723 1748 749 mali

965 767 1038 794 illius
1053 767 1135 802 ignita
1152 766 1203 793 tela
1213 767 1345 801 exstingui
1359 767 1453 794 habent
1465 768 1497 795 9°.
1512 768 1595 803 Euge,
1611 776 1688 803 euge,
1699 768 1747 796 Dei

121 818 216 852 λάξειε
238 819 288 855 τὴν
304 819 384 855 χάριν
401 820 447 846 καὶ
466 820 496 846 τὺ
519 820 582 846 ἴδιον
599 820 686 855 δόγμα
705 822 737 856 τῇ
753 821 909 857 διακονησα-

964 812 1049 839 Mater
1065 812 1228 846 ancillaque.
1244 811 1327 847 Euge,
1341 820 1420 848 euge,
1437 813 1480 840 cui
1494 814 1539 840 ille
1554 814 1675 841 euntium
1691 821 1748 841 cre-

123 864 195 900 μένῃ
209 865 259 900 τὴν
276 864 438 900 αὐθαίρετον
457 865 592 900 γέννησιν,
605 866 651 892 καὶ
667 865 786 898 δοξάσειε
801 866 914 902 θεοπρε-

121 909 194 941 πῶς,
211 911 246 945 ἣν
266 910 440 946 ἐπεγράψατο
458 911 571 946 ἀπάτωρ
583 910 620 942 ὡς
644 911 771 946 ἄνανδρον
788 912 912 948 Μητέρα.

123 956 223 982 Ἔσται
249 956 337 983 τοίνυν
356 956 442 982 ταῦτα
465 956 561 988 οὕτως,
579 957 663 983 ἔσται.
681 958 717 983 Οὺ
737 958 791 993 γὰρ
812 958 913 993 κομψο-

122 1002 219 1033 επείας
229 1002 354 1037 ἀκάρπου
363 1002 387 1028 οξ
398 1002 595 1038 προσαχθέντες
607 1011 648 1029 σοι
659 1004 722 1039 παρ’
735 1003 810 1038 ἡμῶν
823 1003 911 1039 ὕμνοι,

121 1047 330 1081 παναγιώτατον
346 1049 393 1075 καὶ
409 1049 571 1083 ἁξιάγαστον
591 1049 637 1076 τοῦ
655 1049 721 1076 Θεοῦ
738 1050 910 1086 ἐνδιαίτημαε

120 1093 178 1119 οὐδ’
191 1090 226 1119 αὖ
241 1093 378 1128 κοσμικῆς
392 1094 565 1129 λογολεσχίας
581 1095 628 1121 καὶ
639 1094 849 1130 ψευδαρεσκεὶας
864 1096 912 1122 λα-

122 1139 301 1174 ρυγγίσματα
320 1140 334 1166 ὁ
349 1141 532 1175 πνευματικός
548 1149 594 1168 σου
610 1140 703 1176 ὕμνος,
722 1141 910 1174 Θεοὺπαίνετε,

120 1184 171 1210 καὶ
186 1183 253 1210 Θεὸν
270 1183 369 1219 ἔχουσα
384 1184 544 1220 ὑπομάζιον,
559 1186 604 1213 τὸν
627 1187 684 1218 τοῖς
706 1185 810 1221 βροτοῖς
826 1187 912 1223 ἀρχὴν

119 1229 171 1255 τοῦ
186 1227 255 1256 εἶναι
278 1230 322 1256 διὰ
343 1231 495 1266 γεννήσεως
512 1231 680 1267 παρέχοντα,
706 1232 762 1259 ἀλλ’
781 1233 912 1268 ἐναργοῦς

120 1275 264 1311 ἀληθείας.
286 1276 435 1310 Ἐπιλείψει
459 1277 513 1313 γὰρ
534 1278 599 1313 ἡμῖν
621 1278 634 1304 ὸ
663 1279 757 1314 χρόνος
784 1279 829 1305 καὶ
852 1281 911 1311 ταῖς

123 1322 272 1356 μετέπειτα
288 1323 403 1356 γενεαῖς,
419 1322 464 1349 τὸν
480 1324 538 1349 κατ’
550 1323 628 1356 ἀξίαν
644 1332 684 1350 σοι
698 1324 841 1352 ἀποδοῦναι
860 1334 911 1360 μα-

120 1367 257 1402 καρισμὸν
275 1369 307 1402 τῇ
325 1367 417 1402 Μητρὶ
430 1367 481 1394 τοῦ
498 1369 649 1401 Βασιλέως
664 1367 722 1395 τῶν
735 1369 857 1401 αἰώνων,
873 1370 910 1402 ὥς

120 1421 174 1439 που
187 1413 270 1448 φησὶν
288 1413 302 1438 ὁ
318 1413 438 1448 ἀοίδιμος
452 1415 602 1450 προφήτης,
620 1415 654 1441 τὰ
669 1415 719 1450 τῆς
739 1416 787 1451 σῆς
808 1417 910 1443 ἀκατα-

120 1457 221 1493 ληψίας
244 1459 318 1493 ἡμᾶς
341 1454 525 1485 ἐκπαιδεύων·
547 1460 592 1493 Ὡς
616 1461 710 1496 μέγας
728 1464 743 1488 ό
760 1460 842 1496 οἶκος
856 1463 908 1489 τοῦ

963 858 1045 890 ditor,
1064 857 1171 885 debitor
1185 858 1231 885 sit.
1257 857 1312 885 Deo
1331 858 1462 886 debemus
1479 866 1573 887 omnes
1591 869 1596 886 :
1617 860 1667 887 tibi
1688 860 1747 895 ipse

963 902 1111 930 obstrictus
1126 906 1178 930 est.
1193 902 1258 929 Nam
1276 903 1321 938 qui
1337 903 1406 930 dixit
1420 913 1426 931 :
1444 903 1553 931 Honora
1563 909 1662 939 patrem
1673 910 1746 932 tuum

962 953 986 976 et
1002 955 1112 976 matrem
1124 949 1163 981 '7,
1180 949 1260 983 longe
1276 949 1366 984 potius
1378 970 1385 982 ,
1408 950 1509 978 talibus
1528 951 1587 985 ipse
1607 952 1746 979 aecenseri

962 996 1072 1029 volens,
1091 995 1205 1030 gratiam
1225 996 1417 1031 propriamque
1434 997 1492 1031 ipse
1506 997 1608 1032 lcgcln,
1635 999 1661 1024 in
1685 1006 1745 1025 eam

962 1045 1125 1078 servaverit,
1153 1053 1212 1079 qua:
1232 1045 1304 1072 ultro
1327 1048 1495 1079 assumptam
1509 1043 1560 1078 ipsi
1576 1044 1744 1071 nativitatem

962 1092 1141 1126 ministravit;
1154 1099 1305 1127 quamque,
1322 1091 1381 1119 sine
1397 1094 1489 1125 patre,
1507 1090 1580 1117 velut
1593 1090 1652 1117 sine
1674 1091 1743 1122 viro,

961 1137 1074 1165 Matrem
1099 1137 1240 1172 inscripsit
1260 1137 1498 1171 conﬁrmavitque;
1516 1137 1609 1164 divino
1626 1137 1744 1171 quodam

960 1184 1076 1215 decore,
1094 1188 1121 1211 et
1141 1192 1223 1219 supra
1243 1184 1379 1211 hominem
1394 1183 1594 1218 gloriﬁcavcrit.
1614 1183 1651 1210 lla
1680 1191 1743 1210 vero

960 1228 1018 1255 haec
1034 1228 1183 1260 habebunt,
1200 1228 1338 1256 habebunt
1351 1229 1397 1256 ita.
1413 1228 1503 1262 Neque
1519 1229 1591 1255 enim
1604 1236 1662 1263 qua:
1678 1228 1744 1255 oile-

960 1274 1047 1302 rimus
1061 1275 1178 1308 cantica,
1193 1275 1317 1302 inutilem
1330 1279 1433 1301 tantum
1451 1275 1592 1301 verborum
1605 1277 1742 1306 ornatum,

960 1328 977 1348 ο
993 1321 1208 1348 sacratissimum
1229 1321 1553 1355 admirabilissimumque
1576 1320 1623 1348 Dei
1637 1321 1743 1348 habita-

960 1367 1062 1399 culum.
1073 1367 1172 1394 habent
1184 1376 1190 1394 :
1207 1375 1294 1402 neque
1307 1375 1414 1399 rursus,
1426 1367 1583 1394 saecularem
1598 1367 1742 1402 quamdam

959 1414 1162 1449 nugacitatem,
1178 1413 1302 1449 falsaque
1322 1414 1516 1441 assentationis
1531 1413 1604 1441 velut
1626 1413 1744 1440 crocita-

960 1464 1061 1492 menta,
1080 1460 1212 1495 spiritalis
1224 1464 1271 1487 tua
1285 1459 1367 1487 habet
1380 1459 1513 1492 laudatio,
1529 1467 1545 1486 0
1557 1459 1612 1486 Deo
1623 1459 1742 1490 laudata,

121 1503 207 1535 Θεοῦ,
224 1504 274 1530 καὶ
291 1503 425 1538 εὐμήκης
436 1505 452 1530 ὀ
468 1504 560 1537 τόπος
575 1505 630 1538 τῆς
652 1505 786 1540 κτήσεως
803 1507 905 1534 αὑτοῦ.

961 1514 1074 1541 quaeque
1085 1506 1169 1533 Deum
1183 1506 1240 1541 ipsa
1253 1506 1397 1533 lactentem
1410 1505 1526 1538 habeas;
1536 1513 1608 1537 eum.
1620 1505 1742 1540 inquam,

119 1549 230 1584 Μέγης,
246 1550 296 1576 καὶ
309 1551 364 1576 οὐκ
376 1550 437 1584 ἔχει
452 1550 595 1583 τελευτήν
606 1559 613 1565 ·
628 1553 748 1586 ὑψηλὸς
769 1553 818 1579 καὶ
838 1552 908 1588 ἀμέ-

120 1603 238 1628 τρητος.
251 1595 354 1626 Ὄντως
366 1595 430 1630 γὰρ,
445 1595 528 1628 ὅντως
544 1597 710 1632 προφητικὸς
726 1599 848 1634 χρησμὸς
860 1599 907 1626 καὶ

121 1640 240 1676 ἀψευδὴς
266 1640 343 1674 λόγος
368 1639 444 1673 οὗτος
468 1642 517 1677 τῆς
540 1644 604 1678 περὶ
626 1643 655 1669 σὲ.
681 1644 904 1680 μεγαλειότητος·

120 1687 185 1713 tutu
199 1688 247 1713 καὶ
263 1687 329 1723 μόνη
347 1688 565 1723 συμμερίσασθαι
581 1689 640 1724 Θεῴ
650 1689 682 1716 τὰ
692 1690 738 1716 τοῦ
755 1690 822 1717 Θεοῦ
842 1699 907 1717 κατ-

121 1732 248 1766 ηξίωσαι,
264 1733 329 1759 Θεὸν
353 1734 507 1768 γεννήσασα
525 1735 605 1770 σαρκὶ
625 1735 691 1771 μόνη
702 1755 710 1767 ,
727 1735 771 1762 τὸν
789 1737 821 1763 ὲκ
839 1736 906 1763 Θεοῦ

121 1778 227 1814 Ila-cpe;
254 1779 405 1814 μονογενῶς
429 1780 475 1806 καὶ
495 1780 633 1812 συναῖδίως
657 1781 827 1817 γεννηθέντα.
844 1782 906 1809 Φιλ-

121 1823 227 1859 αλήθως
245 1824 300 1860 (72)
321 1825 375 1851 οἶδε
396 1825 467 1859 λόγοι
487 1826 604 1858 πίστεως
618 1827 784 1862 ἀκραιφνοῦς
799 1828 907 1863 ἀντεχο-

122 1868 219 1904 μένων.

961 1554 1006 1588 qui
1026 1553 1143 1588 primum
1159 1560 1221 1581 esse
1233 1552 1395 1579 mortalibus
1409 1551 1550 1579 nativitate
1567 1551 1676 1584 tribuit;
1696 1550 1742 1578 sed

960 1598 1102 1625 veritatem
1129 1597 1274 1632 quamdam
1298 1604 1411 1632 prorsus
1431 1596 1611 1631 perspicuam.
1631 1595 1743 1623 Deﬁciet

960 1645 1032 1672 enim
1048 1653 1099 1672 nos
1120 1649 1226 1679 tempus
1248 1644 1408 1679 futurasque
1431 1642 1603 1678 postmodum
1629 1649 1743 1677 genera-

960 1691 1058 1722 tiones,
1074 1691 1096 1718 si
1112 1694 1139 1717 te
1155 1690 1268 1718 Matrem
1283 1689 1360 1725 Regis
1375 1689 1532 1716 swcularum
1549 1689 1570 1704 ³⁸
1586 1689 1675 1724 dignis
1689 1689 1744 1716 elo-

959 1738 1010 1771 giis
1022 1737 1186 1764 voluerimus
1200 1737 1307 1764 beatam
1319 1736 1484 1771 praedicare;
1499 1741 1528 1762 ut
1538 1735 1653 1770 quodam
1671 1735 1741 1767 loco,

959 1781 1086 1809 erudiens
1118 1789 1199 1816 quam
1226 1781 1265 1809 sis
1295 1781 1597 1815 incomprehensibilis,
1625 1781 1744 1815 inclytus

959 1827 1089 1862 propheta
1110 1827 1167 1854 ait:
1186 1827 1272 1860 Quam
1293 1835 1389 1862 ntagna
1411 1826 1506 1854 donius
1523 1826 1586 1858 Dei,
1605 1832 1629 1853 et
1653 1826 1743 1860 iugem

960 1873 1031 1900 locus
1043 1872 1215 1908 possessionis
1226 1873 1302 1907 ejus!
1317 1873 1441 1908 Magnus,
1458 1879 1482 1900 el
1496 1882 1546 1900 non
1559 1873 1635 1900 habet
1647 1873 1742 1909 ﬁnem;

120 1916 243 1943 sublimis
272 1922 349 1952 atque
372 1917 513 1945 immensus
543 1918 576 1946 ν’.
604 1918 687 1946 Plane
719 1919 812 1950 enim,
839 1919 918 1955 plane
942 1919 1130 1954 propheticum
1157 1920 1318 1952 oraculum,
1342 1920 1556 1954 verissimusque
1588 1919 1633 1947 hic
1653 1926 1745 1947 sermo

121 1963 154 1991 de
169 1965 373 2000 magniﬁcentia
398 1966 444 1992 illa
465 1971 511 1993 tua
532 1971 559 1993 et
587 1967 730 2001 majestate
756 1967 903 2002 procedit:
932 1975 995 1994 nam
1023 1971 1050 1994 et
1073 1967 1147 1998 sola,
1170 1974 1265 1994 eorum
1285 1974 1346 2001 qua:
1370 1970 1434 1994 sunt
1459 1965 1521 1999 Dei,
1550 1969 1655 2002 partem
1681 1973 1743 1994 cum

123 2013 175 2040 Deo
206 2013 306 2041 habere
337 2014 479 2048 meruisti;
505 2023 565 2050 quae
595 2015 651 2042 sola
677 2015 761 2042 Deum
790 2023 824 2043 ex
850 2015 905 2042 Deo
941 2014 1021 2042 Patre
1042 2015 1157 2050 unigene
1180 2022 1211 2041 ac
1233 2015 1397 2049 sempiterno
1420 2015 1557 2049 genitum,
1583 2021 1666 2041 carne
1696 2021 1744 2049 ge-

120 2061 225 2088 nueris.
247 2060 286 2089 Ita
298 2063 433 2089 veraciter
450 2063 590 2095 sentiunt,
605 2064 651 2098 qui
668 2063 804 2090 sinceram
822 2063 901 2091 ﬁdem
918 2064 1128 2099 amplectuntur.

153 2108 206 2135 ΙΝ.
233 2105 425 2143 Ἀπολάόωμεν
440 2108 469 2134 δὲ
491 2109 593 2140 λοιπὸν,
616 2106 640 2136 ὧ
663 2109 904 2144 φιλομαθέστατοι,

992 2109 1037 2138 XI.
1050 2109 1194 2141 Caeterum,
1212 2109 1284 2144 quod
1298 2109 1433 2144 reliquum
1444 2112 1495 2140 est,
1515 2108 1666 2139 sciendum.
1684 2110 1747 2134 stus

119 2152 163 2180 τὸν
174 2153 297 2187 Θεοδόχον
315 2153 481 2190 πρεσϐύτην,
498 2155 545 2181 καὶ
560 2154 658 2190 εὐσεϐῆ
673 2155 840 2188 διδάσκαλον,
856 2153 906 2183 ὧδέ

120 2207 170 2225 που
183 2199 348 2234 διανήξαντα
362 2201 502 2236 σωτηρίως
514 2202 546 2227 ὲκ
567 2200 614 2227 τοῦ
640 2200 804 2237 παρθενικοῦ
822 2201 905 2228 πελά-

125 2252 198 2277 (ους·
217 2245 266 2271 καὶ
288 2245 513 2282 διαναπαύσωμεν
536 2247 763 2282 ὲμπεφορημένον
780 2248 837 2282 ἅμα
857 2248 906 2282 τῆς

119 2289 193 2322 Θείας
215 2291 346 2325 ἐφέσεως,
359 2292 406 2318 καὶ
427 2293 666 2328 ἑμπορευσάμενον
682 2295 749 2329 ἡμῖν
768 2294 815 2329 τὴν
836 2302 904 2320 παν-

119 2335 206 2363 όλϐιον
217 2336 355 2371 θεολογίαν
365 2346 372 2353 ”
385 2339 430 2365 καὶ
449 2338 532 2374 ἴωμεν
547 2340 628 2375 ἡμεῖς
642 2340 710 2375 πρὸς
729 2340 758 2366 τδ
781 2340 844 2375 ἑξῆς
858 2341 904 2368 τοῦ

119 2381 208 2416 λόγου,
220 2383 347 2416 ἀπλανῶς
366 2384 435 2419 πρὸς
449 2385 495 2411 τὸν
512 2386 691 2422 προκείμενον
707 2387 806 2413 σκοπὸν
822 2387 905 2413 ἀπευ-

119 2426 244 2459 θύνοντες
260 2429 307 2456 σὺν
323 2429 419 2465 ὀδηγίᾳ
434 2429 480 2456 τοῦ
494 2431 645 2466 κρείττονος
653 2430 702 2466 τὴν
716 2431 818 2467 τρίϐον,
832 2431 905 2463 ὅπως

120 2473 156 2509 μὴ
184 2473 273 2510 πάντη
300 2471 375 2510 ὦμεν
396 2475 515 2512 ἄκαρποι
534 2477 582 2503 καὶ
608 2477 762 2509 ἀσυντελεῖς
787 2478 855 2513 πρὸς
871 2478 904 2504 τὰ

118 2517 220 2545 δέοντα.
245 2519 320 2545 Ἐπεὶ
340 2517 385 2546 οῦν
402 2521 604 2556 συνεκλήθησαν
621 2522 688 2558 πρὸς
709 2522 744 2549 τὰ
764 2522 844 2558 ὶερῶς
859 2531 903 2549 τε-

119 2563 236 2598 λούμενα
253 2564 387 2600 ἱερωσύνη
400 2573 429 2591 τε
444 2566 490 2592 καὶ
502 2567 669 2602 προφητεία,
687 2568 734 2594 καὶ
751 2570 904 2605 παρειστή-

151 2664 182 2702 ’1
196 2662 301 2702 "ﬂag.
329 2665 478 2702 X_x_l|l,'_!7:
499 2666 540 2702 _°"
557 2665 641 2693 Exod.
665 2675 750 2699 xxxv,
773 2667 816 2694 i7.
854 2668 878 2683 ³⁸
898 2667 975 2695 Psal.
995 2676 1053 2702 ctu,
1074 2669 1102 2697 2.

957 2156 1114 2184 diosissima
1131 2156 1239 2189 concio,
1254 2163 1346 2184 senem
1361 2161 1486 2182 nostrum
1496 2153 1542 2182 Dei
1555 2157 1742 2188 susceptorem

957 2203 1087 2237 piumque
1102 2201 1252 2233 doctorem,
1271 2201 1324 2228 huc
1337 2201 1484 2228 salubriter
1498 2207 1514 2226 a
1528 2199 1653 2234 virginali
1667 2198 1742 2233 pela-

956 2257 991 2284 go
1006 2248 1225 2283 adnavigautem,
1243 2247 1425 2282 suscipiamus
1438 2266 1446 2278 ,
1458 2247 1570 2281 jamque
1585 2245 1677 2273 divino
1692 2253 1743 2273 suo

957 2294 1003 2321 illo
1014 2293 1152 2321 desiderio
1163 2297 1349 2321 exsaturatum
1363 2293 1481 2327 pariter,
1509 2298 1541 2317 ac
1556 2290 1740 2318 beatissimam

956 2340 1029 2367 illam
1048 2340 1210 2374 theologiam
1235 2339 1314 2367 nobis
1336 2338 1541 2369 advectantem,
1569 2344 1740 2369 recreemus;

955 2387 1063 2422 ipsique
1080 2394 1234 2414 sermonem
1249 2387 1385 2422 reliquum
1404 2392 1602 2421 prosequamur
1618 2384 1651 2410 ad
1673 2391 1742 2418 prae-

956 2433 1080 2460 stitutum
1098 2433 1177 2461 nobis
1201 2440 1331 2468 scopum,
1358 2432 1403 2460 Dei
1430 2432 1524 2467 optimi
1547 2431 1648 2462 ductu,
1667 2433 1741 2456 certa

956 2479 1062 2506 ratione
1078 2486 1189 2506 cursum
1203 2477 1367 2514 dirigentes;
1385 2481 1415 2506 ut
1436 2485 1470 2504 ne
1493 2483 1624 2511 prorsus,
1649 2474 1682 2501 ad
1708 2482 1741 2501 ea

955 2532 1014 2559 quae
1030 2525 1201 2556 incumbunt,
1218 2527 1244 2551 et
1259 2528 1415 2552 nostrarum
1428 2527 1492 2551 sunt
1507 2523 1639 2558 partiuml
1653 2520 1742 2548 infru-

955 2570 1033 2606 giferi
1057 2570 1221 2605 inutilesque
1249 2569 1431 2597 inveniamur.
1457 2569 1525 2596 Cum
1543 2569 1634 2604 itaque
1653 2567 1686 2594 ad
1707 2573 1740 2595 ea
1792 2579 1799 2589 ο

1155 2669 1177 2687 ⁸⁸
1196 2669 1253 2698 Jer.
1275 2677 1362 2704 χχιιι,
1382 2669 1428 2698 24.
1467 2670 1490 2687 ’⁸
1510 2669 1607 2705 Ephes.
1628 2677 1676 2702 vt,
1696 2669 1741 2698 16.

119 2698 138 2713 ’⁷
161 2697 246 2726 Exod.
265 2697 319 2730 vix,
343 2699 387 2726 12.
424 2699 446 2716 ⁸⁸
467 2700 476 2726 Ι
498 2700 566 2728 Tim.
588 2710 607 2734 ι,
627 2702 669 2730 17.
707 2703 730 2719 ⁹⁹
744 2697 848 2730 Βανασὴ
858 2710 899 2736 ιη,

967 2704 1010 2731 25.

152 2788 207 2825 (7'2)
223 2789 409 2823 Φιλαλήθως.
425 2790 589 2827 Φιλαλήθεις.
