1911 3072
148 68 200 95 573

627 67 655 94 S.
677 66 840 95 METHODll
859 66 1013 95 EPISCOPI
1034 66 1078 94 ET
1098 67 1275 95 MARTYRIS

1711 69 1774 99 576

148 135 227 158 sacra
239 148 246 160 ,
260 127 456 156 sacerdolium.
486 127 683 163 prophetiaque
695 148 701 157 .
718 129 819 162 pariter
837 133 930 155 vocata

988 137 1025 155 κει
1039 129 1078 164 τῷ
1102 128 1198 164 ἐνδόξῳ
1213 129 1259 155 καὶ
1281 128 1434 164 παρθενικῷ
1459 128 1546 164 Θρόνῳ
1566 128 1680 164 ξυνωρὶς
1701 130 1752 157 Θεο
1768 145 1775 149 -

150 177 241 201 essent
255 173 428 209 gloriosoque
444 171 565 207 Virginis
576 173 685 205 throno,
699 174 760 208 biga
776 175 832 200 haec
845 181 860 200 a
877 173 931 202 Deo

149 220 297 247 electorum
315 219 468 253 justorum;
487 218 632 252 Simeonis,
651 219 773 254 inquam,
793 223 818 246 et
832 220 929 252 Annae;

151 265 338 301 apertissimas
351 265 493 300 utriusque
509 265 600 300 populi
624 266 755 301 imagines
777 266 803 292 in
821 273 850 293 se
862 274 931 301 pra:-

150 312 294 340 fcrentium
306 331 313 342 .
332 312 464 338 astitisset
477 310 550 346 (nam
566 319 647 338 senex
659 311 767 346 quidem
803 311 932 339 Israeliti-

149 366 211 386 cum
229 359 375 393 populum,
392 357 501 392 jamque
525 362 711 385 senescentem
727 362 754 385 et
765 357 869 385 effetam
891 358 930 384 le-

149 411 209 438 gem
232 403 392 434 exhibebat;
417 403 497 429 vidua
519 406 607 429 autem
636 402 784 429 Ecclesiam
811 403 930 438 gentium

149 452 264 476 eatenus
277 447 405 482 viduam)
416 467 422 478 ,
441 455 523 475 senex
536 447 661 482 quidem,
677 455 725 474 ceu
744 447 771 474 in
790 447 858 482 legis
871 456 931 483 per-

151 501 236 524 sona.
263 493 450 520 dimissionem
472 493 627 527 quaerebat;
645 493 725 519 vidua
744 496 833 519 autem
848 512 855 524 ,
881 501 930 520 ceu

151 539 278 567 Ecclesiae
292 546 436 573 personam
449 546 555 573 gerens,
567 538 765 565 confessionem
780 541 875 565 contra
891 538 931 565 af-

152 585 255 612 ferebat
272 585 292 618 ¹,
305 584 581 619 exspectantibusque
606 583 819 618 redemptionem
842 584 870 610 in
887 583 932 611 Jc-

151 631 286 663 rusalem,
312 638 372 665 qua:
393 630 425 656 de
443 630 502 663 ipso
520 633 598 656 erant
611 629 735 656 edieebat
750 640 755 656 :
772 629 843 656 sicut
863 630 932 657 bene

153 681 235 711 atque
249 675 372 711 apposite
386 682 418 702 ac
431 674 508 702 valde
519 674 626 709 egregie
638 695 644 707 ,
659 678 685 702 et
702 674 771 702 festo
783 675 847 702 huic
868 683 931 702 cum

151 723 247 757 primis
261 729 390 757 congrua,
403 722 437 748 ab
456 726 570 756 utroque
584 720 669 754 dicta,
683 722 837 756 conscripta
857 725 930 749 sunt.

151 767 299 803 Oportebat
314 768 385 795 enim
409 775 440 794 ac
459 767 537 801 plane
551 774 695 794 necessum
709 771 785 798 erat,
801 771 831 794 ut
848 774 931 794 senex

981 175 1088 210 κλήτων
1100 175 1223 208 δικαίων,
1252 175 1392 210 Συμεῶνός
1409 183 1478 210 φημι
1490 175 1536 201 καὶ
1548 176 1656 211 Ἀννης,
1670 176 1757 202 ἑκατέ

982 229 1035 256 ρων
1051 220 1103 247 τῶν
1118 220 1188 247 λαῶν
1210 219 1406 255 ἐναργεστάτας
1428 221 1564 256 φερόντων
1586 220 1634 252 τὰς
1656 222 1774 253 εἰκόνας

982 266 1012 301 (ὁ
1029 267 1077 301 μὲν
1092 266 1256 302 πρεσϐύτης,
1274 266 1320 292 τοῦ
1342 266 1448 301 Ἰσραὴλ
1465 267 1512 292 καὶ
1530 266 1576 293 τοῦ
1591 267 1771 302 γηράσαντος

981 313 1061 347 νόμου
1072 321 1078 326 ·
1095 313 1111 347 ἡ
1128 312 1156 338 δὲ
1172 313 1253 347 χήρα,
1268 312 1316 347 τῆς
1334 311 1364 343 ἐξ
1376 311 1458 338 ἐθνῶν
1473 312 1560 347 χήρας
1575 312 1605 338 τὸ
1616 313 1773 348 τηνικαῦτα.

987 357 1166 392 Ἐκκλησίας)
1179 366 1185 372 ·
1201 359 1214 384 ὁ
1232 358 1280 393 μὲν
1301 356 1348 384 οὖν
1369 358 1522 393 πρεσϐύτης
1543 358 1772 394 προσωποποιού-

983 413 1061 438 μενος
1078 404 1122 430 τὸν
1149 404 1239 439 νόμον,
1259 403 1307 439 τὴν
1332 404 1463 430 ἀπόλυσιν
1484 404 1604 439 ὲξεζήτει
1615 412 1621 418 ·
1638 405 1655 440 ἡ
1670 404 1698 431 δὲ
1714 405 1770 440 τῆς

989 450 1150 484 Ἐκκλησιας
1165 450 1370 486 προσωποποιὸς
1386 450 1433 486 τὴν
1451 450 1663 486 ἀνθομολόγησιν
1678 459 1768 485 προσ-

981 495 1090 530 εκόμιζε
1109 494 1175 530 (75),
1197 495 1312 526 καὶτοῖς
1331 495 1556 530 ἀπεκδεχομένοις
1579 495 1709 531 λύτρωσιν
1735 495 1768 521 ἐν

987 540 1162 576 Ἰερουσαλὴμ
1185 540 1219 567 τὰ
1242 542 1306 576 περὶ
1327 540 1408 567 αὑτοῦ
1427 541 1532 567 ὲλάλει”
1553 540 1642 571 καθὼς
1662 541 1771 575 γέγρα-

981 596 1046 613 πται
1063 585 1093 614 εὖ
1115 587 1188 622 μάλα
1207 587 1341 622 ἁρμοδίως
1356 587 1402 612 καὶ
1416 586 1561 622 ὑπερφυῶς
1577 585 1611 612 τὰ
1622 587 1685 621 παρ’
1703 587 1773 612 ἑκα-

980 633 1070 668 τέροις
1081 632 1241 668 λαλούμενα,
1251 632 1298 659 καὶ
1311 634 1343 667 τῇ
1358 633 1417 668 ἱερᾷ
1429 632 1521 667 τελετῇ
1537 632 1628 667 σύμφη
1634 639 1680 666 μα.
1691 630 1771 657 Ἔδει

982 679 1045 714 γὰρ,
1063 679 1115 705 ἔδει
1133 678 1226 712 σαφῶς
1240 678 1285 704 τὸν
1306 678 1354 713 μὲν
1371 678 1524 714 πρεσϐύτην
1541 678 1719 713 ἐπιστάμενον
1736 676 1770 703 τὸ

982 725 1084 759 φάσκον
1096 725 1142 750 τοῦ
1159 725 1240 759 νόμου
1260 724 1410 759 διάταγμα,
1428 723 1526 751 Αὑτοῦ
1547 724 1685 750 ἀκούετε·
1700 722 1767 750 καί·

982 769 1069 796 Πᾶσα
1085 770 1170 804 ’ψυχὴ
1193 770 1258 803 ἥτις
1271 769 1310 797 ἂν
1327 769 1369 804 μὴ
1390 770 1507 803 ἀκούσῃ
1532 769 1634 801 αὑτοῦ,
1661 769 1772 800 ἐξολο-

153 814 262 848 quidem
274 834 280 845 ,
297 813 343 849 qui
365 814 431 848 legis
449 813 514 840 illud
532 813 630 841 scitum
651 814 794 848 perspicue
818 817 929 846 nosset,

988 816 1135 849 ῖρεὺσεται
1156 816 1190 842 ἐκ
1212 815 1263 842 τοῦ
1289 815 1364 842 λαοῦ
1387 814 1497 848 αὐτῆς,
1523 814 1652 840 ἀπόλυσιν
1672 813 1773 848 ἐπιζη-

152 867 207 895 quo
226 859 326 887 dicitur
342 869 349 887 :
364 859 453 894 Ipsum
466 860 569 890 audite;
585 862 613 886 et
635 868 642 886 :
660 858 751 886 Omnis
766 859 856 886 artium
875 867 933 894 quia

153 907 239 940 ipsum
252 915 302 934 non
314 906 436 938 audierit,
453 905 671 932 exterminabitur
687 905 718 932 de
732 905 825 939 populo
836 913 883 932 suo
899 905 909 920 ¹
924 914 930 932 :

154 952 293 986 pacificam
309 960 324 979 a
349 951 426 986 legali
449 951 621 986 postmodum
643 951 813 978 institutione
838 950 934 978 dimis-

154 999 257 1025 sionem
273 1001 415 1033 quazreret.
432 997 535 1025 Revera
551 997 624 1025 enim
640 997 739 1031 injuria
752 1001 794 1024 est
807 1001 834 1024 et
849 1001 933 1024 teme-

153 1043 221 1071 ritas
231 1064 238 1075 ,
251 1047 296 1075 ut,
311 1051 374 1078 rege
394 1047 527 1078 prtesente
542 1050 573 1070 ac
586 1043 666 1070 verba
681 1043 787 1077 publice
800 1041 932 1074 faciente,

154 1089 300 1117 satellitum
315 1089 413 1124 aliquis
430 1097 463 1118 ex
482 1089 600 1116 adverso
614 1089 750 1123 loquatur,
764 1093 847 1123 utque
866 1087 934 1115 sub-

155 1134 204 1162 diti
221 1135 246 1162 ei
260 1134 368 1162 interim
387 1141 468 1162 aures
490 1134 705 1161 accommodent.
722 1133 775 1160 Sed
786 1138 812 1159 et
824 1133 932 1159 viduam

153 1188 215 1215 quae
242 1179 322 1207 donis
349 1180 543 1214 superantibus
572 1179 705 1206 rationem
735 1182 814 1206 aucta
840 1181 932 1209 esset,

154 1224 233 1252 festis
245 1224 363 1252 canticis
379 1223 434 1251 Deo
445 1224 548 1258 gratias
561 1231 639 1259 agere
653 1231 702 1259 par
719 1227 777 1250 erat
793 1232 798 1249 :
815 1222 935 1257 adeoque

153 1270 209 1296 illic
229 1273 322 1304 gesta,
345 1269 397 1304 legi
424 1276 544 1296 consona
568 1275 655 1297 erant.
685 1269 818 1296 Caeterum
846 1275 936 1304 opera!

155 1316 271 1351 pretium
297 1315 400 1347 fuerit,
421 1315 610 1349 inquiramus;
629 1323 690 1342 cum
716 1314 880 1350 prophetiam
896 1314 935 1341 in-

156 1361 333 1388 formationes
346 1363 373 1387 et
384 1359 477 1395 ﬁgurae
495 1360 528 1387 ad
543 1360 657 1388 eximias
677 1361 758 1388 hasce
773 1360 934 1388 festivitates

155 1415 303 1442 congruam
318 1406 463 1442 quamdam
475 1407 631 1434 relationem
650 1407 789 1438 haberent,
807 1407 936 1440 quemad-

155 1453 264 1480 modum
281 1452 383 1480 dictum
400 1457 441 1480 est
455 1473 463 1485 ,
477 1453 614 1488 quomodo
629 1453 725 1480 domus
743 1452 817 1480 fumo
834 1453 934 1487 repleta

983 860 1064 895 τῆσαι
1085 861 1224 897 εἰρηνικὴν
1245 861 1293 896 τῆς
1314 860 1428 895 νομικῆς
1455 859 1648 893 παιδαγωγίας.
1668 859 1772 895 ’Ὕϐρις

984 907 1037 942 γὰρ
1063 907 1120 941 ἅμα
1149 907 1195 933 καὶ
1218 906 1383 941 προπέτεια,
1413 905 1542 940 βασιλέως
1564 905 1695 940 παρόντος
1719 905 1773 930 καὶ

983 953 1218 988 δημηγοροῦντος,
1236 952 1408 987 ὑπασπιστὴν
1430 951 1610 987 κατάντικρυς
1625 951 1773 985 ἀντιφθέγ-

984 999 1090 1034 γεσθαι,
1111 998 1157 1024 καὶΙ
1171 999 1256 1033 τούτῳ
1273 997 1408 1024 ἐπικλῖναι
1424 998 1486 1029 τοὺς
1498 997 1634 1032 ὑπηκόους
1651 997 1684 1023 τὰ
1699 994 1770 1023 ὦτα.

986 1044 1060 1071 Ἔδει
1074 1044 1101 1070 δὲ
1118 1043 1165 1071 καὶ
1180 1043 1228 1079 τὴν
1249 1043 1347 1078 χήραν,
1363 1043 1495 1078 τυχοῦσαν
1515 1043 1568 1069 τῶν
1584 1043 1654 1078 ὑπὲρ
1678 1043 1772 1076 λόγον,

984 1090 1018 1117 τὰ
1034 1091 1230 1126 εὑχαριστήρια
1243 1090 1371 1125 ἑορτάσαι
1382 1088 1420 1123 τῷ
1433 1088 1505 1124 Θεῷ-
1520 1087 1589 1114 ῶστε
1610 1088 1714 1123 συνῳδὰ
1729 1087 1774 1123 τῷ

985 1135 1058 1170 νόμῳ
1074 1135 1107 1161 τὰ
1122 1132 1173 1162 ὧδε
1185 1135 1343 1170 τελούμενα.
1369 1133 1547 1169 Ἐπιζητῆσαι
1562 1134 1591 1160 δὲ
1605 1133 1696 1160 λοιπὸν
1715 1132 1774 1161 τῶν

984 1181 1140 1214 ἀναγκαίων
1153 1180 1316 1216 καθέστηκε,
1333 1180 1391 1211 πῶς
1407 1180 1461 1206 τῶν
1479 1178 1653 1215 προφητικῶν
1670 1187 1774 1214 προτιει-

986 1227 1109 1260 πώσεων,
1139 1226 1229 1258 καθὼς
1263 1226 1460 1258 ἀποδέδεικται,
1481 1227 1528 1252 ἐπὶ
1552 1226 1605 1252 τῶν
1623 1226 1773 1261 ὲξαιρότων

985 1272 1086 1299 τούτων
1101 1272 1293 1308 ἐορτασμάτων
1313 1272 1454 1307 ἀραρότως
1474 1272 1587 1306 ἐχόντων
1604 1273 1652 1306 τὴν
1670 1272 1774 1305 ἀναφο-

987 1319 1047 1354 ρὰν,
1065 1318 1167 1346 καπνοῦ
1189 1319 1232 1345 τὸν
1256 1316 1328 1344 οἷκον
1353 1318 1543 1353 ἐμπεπλῆσθαι
1561 1317 1699 1343 λέλεκται·
1723 1316 1774 1343 καὶ

985 1365 1064 1391 τοῦτο
1080 1364 1111 1390 οὐ
1132 1363 1305 1400 παρενθέτως
1317 1364 1383 1398 (74),
1404 1363 1460 1390 ἀλλ’
1483 1363 1691 1398 ὲνσημάντρως,
1711 1361 1773 1388 ἀπὸ

986 1410 1040 1444 τῆς
1052 1410 1195 1446 τρισαγιας
1209 1409 1310 1444 φωνῆς
1323 1410 1434 1443 φάσκων
1452 1410 1466 1436 ὁ
1482 1408 1638 1447 εἰσηγητὴς,
1652 1406 1690 1442 ἧς
1705 1406 1773 1434 ἐκέ-

987 1463 1099 1490 κραγον
1122 1456 1146 1481 οἰ
1185 1455 1238 1481 τῶν
1268 1455 1435 1490 ἐπουρανίων
1470 1454 1578 1489 μύσται.
1618 1451 1777 1479 Ἀναλαὸὼν

156 1499 242 1526 fuisse
255 1499 390 1527 referatur
411 1509 417 1527 :
436 1507 486 1527 nec
503 1500 528 1527 id
544 1500 618 1526 velut
640 1499 802 1529 ineidenter,
828 1498 874 1525 sed
899 1498 935 1525 si-

988 1501 1008 1527 δ’
1029 1499 1090 1532 οὖν,
1105 1498 1127 1527 ὦ
1152 1501 1282 1536 φιλήκοε,
1313 1501 1361 1536 τῆς
1387 1500 1505 1536 ἱστορίας
1527 1499 1558 1526 τὺ
1584 1498 1775 1533 ἐπαγόμενον,

157 1549 282 1580 gnanter,
295 1545 382 1581 inquit
394 1547 489 1574 doctor
504 1546 699 1581 prophetaque,
716 1553 731 1572 α
742 1553 800 1572 voce
817 1548 857 1571 ter
868 1543 937 1571 San-

156 1594 218 1618 ctus
246 1599 298 1626 qua
320 1592 471 1619 cmlestium
489 1591 526 1618 illi
550 1595 644 1626 mysta:
664 1590 849 1618 domabam’.
866 1589 937 1617 Sane

156 1637 269 1670 hujusce
282 1637 320 1664 rei
345 1645 470 1670 causam,
496 1637 618 1664 studiose
645 1636 762 1667 auditor,
781 1635 935 1667 inveneris,

158 1682 238 1708 modo
251 1689 283 1709 ea
302 1690 361 1716 qua:
380 1687 578 1718 consequenter
596 1682 677 1709 habet
697 1683 818 1710 narratio
843 1690 938 1717 perce~

158 1727 239 1762 peris.
249 1727 351 1754 Audilu
363 1729 446 1760 enim,
462 1729 560 1761 innuit,
571 1728 695 1759 audietis,
711 1733 736 1755 et
751 1737 801 1755 non
813 1728 938 1763 intellige-

158 1773 210 1804 tis;
226 1778 251 1800 et
267 1774 379 1801 videntes
392 1774 522 1808 videbitis,
535 1779 622 1802 etnon
636 1775 798 1809 perspiciatis
819 1775 839 1802 ⁸.
859 1774 937 1803 Post-

157 1826 239 1853 quam
253 1819 324 1846 enim
338 1820 431 1846 vesani
446 1819 542 1851 Judmi,
558 1820 676 1854 prodigia
688 1820 806 1855 gloriosa
819 1829 876 1855 qua:
887 1820 939 1848 Do—

158 1864 244 1891 minus
258 1865 369 1898 ponebat
384 1874 461 1900 super
475 1870 571 1893 terram
581 1866 601 1898 ⁸,
613 1867 684 1893 sicut
695 1867 832 1894 cecinerat
844 1867 938 1900 David,

158 1909 384 1944 conspexissent;
397 1910 583 1945 vidissentque
598 1910 705 1945 signum
720 1918 752 1937 ex
765 1910 900 1944 profundo
913 1915 940 1938 et

157 1954 191 1980 de
205 1954 312 1981 excelso
323 1955 343 1987 °,
362 1955 533 1983 inconfusum
547 1963 715 1983 concurrens
728 1955 937 1991 indivisumque,

157 2001 385 2035 quemadmodum
418 2003 498 2029 etiam
514 2001 598 2030 Isaias
626 2002 786 2038 praedixerat
812 2012 817 2028 :
844 2011 940 2037 nempe

158 2046 270 2074 Matrem
282 2055 363 2082 supra
377 2052 500 2075 naturam
513 2057 520 2082 ;
538 2048 674 2083 fetumque
685 2056 767 2083 supra
784 2049 915 2076 rationem
931 2058 937 2075 :

159 2097 273 2120 matrem
294 2097 466 2127 terrestrem;
491 2099 518 2122 et
544 2094 628 2122 lilium
650 2095 786 2122 cmlestem
801 2105 807 2122 :
825 2102 937 2126 noram,

159 2140 286 2174 inquam,
305 2138 351 2166 Dei
370 2140 419 2167 viri
437 2144 571 2172 naturam,
589 2141 815 2175 puerperiumque
831 2141 938 2175 nuptia-

987 1548 1112 1583 εὑρήσεις
1136 1547 1184 1582 τὴν
1205 1546 1304 1573 αἰτίαν.
1325 1545 1408 1579 Ἀκοῇ
1423 1545 1487 1580 γὰρ,
1503 1544 1593 1580 φησὶν,
1609 1543 1774 1575 ἀκούσητε,

987 1593 1036 1619 καὶ
1048 1593 1083 1618 οὐ
1099 1591 1141 1626 μὴ
1159 1592 1273 1625 συνῆτε
1283 1599 1290 1604 ·
1314 1592 1362 1617 καὶ
1376 1590 1545 1622 βλέποντες
1560 1588 1708 1622 βλέΨητε,
1724 1586 1777 1613 καὶ

988 1640 1022 1666 οὺ
1033 1639 1075 1673 μὴ
1092 1638 1183 1672 ἴδητε.
1199 1637 1275 1664 Ἐπεὶ
1286 1638 1374 1663 τοίνυν
1386 1634 1454 1662 εἶδον
1471 1635 1625 1670 ἀγνώμονες
1639 1632 1777 1659 Ἰουδαίων

990 1685 1082 1716 παῖδες
1094 1684 1200 1718 τέρατα
1213 1683 1315 1716 ἔνδοξα,
1328 1682 1346 1709 ἂ
1362 1683 1444 1709 ἔθετο
1459 1683 1474 1708 ὁ
1488 1681 1559 1713 Θεές
1576 1680 1624 1706 ἐπὶ
1645 1679 1701 1712 τῆς
1717 1678 1777 1713 γῆς

989 1730 1059 1756 κατὰ
1073 1730 1117 1756 τὸν
1137 1729 1252 1764 μελῳδὸν
1273 1728 1368 1755 A1656,-
1387 1728 1532 1754 ἐθεάσαντο
1545 1726 1573 1752 δὲ
1595 1726 1641 1752 καὶ
1662 1725 1777 1759 σημεῖον

989 1777 1021 1803 ἐκ
1038 1776 1135 1811 βάθους
1152 1776 1198 1802 καὶ
1216 1775 1244 1806 ἐξ
1262 1774 1343 1808 ὕψους
1359 1773 1429 1800 κατὰ
1440 1773 1545 1799 σύνοδον
1563 1772 1714 1807 ἀσύγχυτον
1727 1772 1778 1797 καὶ

990 1822 1138 1857 ἀδιαίρετον
1151 1841 1158 1853 ,
1175 1821 1204 1847 ὃν
1231 1820 1330 1856 τρόπον
1352 1818 1577 1855 προανεφώνησεν
1599 1817 1711 1847 Ἡσαΐας
1733 1815 1778 1851 (τί

989 1867 1084 1898 τοῦτο;
1104 1867 1210 1903 μητέρα
1222 1867 1292 1902 ὑπὲρ
1311 1867 1401 1900 φύσιν,
1422 1865 1468 1891 καὶ
1482 1865 1560 1891 τόκον
1589 1863 1658 1898 ὑπὲρ
1676 1862 1776 1896 λόγον’

993 1914 1097 1949 μητέρα
1120 1914 1253 1947 ἐπίγειον,
1280 1913 1326 1940 καὶ
1351 1913 1406 1938 υἱον
1432 1911 1565 1946 οὐράνιον,
1581 1910 1676 1945 καινήν
1701 1916 1776 1944 φημι

991 1959 1211 1996 θεανδρῐαν(75),
1229 1961 1275 1986 καὶ
1295 1959 1373 1994 λόχον
1397 1957 1582 1993 ἀπειρόγαμον
1599 1966 1606 1974 ·
1620 1954 1658 1984 ὧν
1678 1955 1704 1981 τί
1726 1955 1778 1981 καὶ

990 2006 1086 2039 γένοιτ’
1098 2006 1130 2032 ἂν
1147 2005 1312 2041 ἐνδοξότερον
1332 2006 1378 2031 καὶ
1397 2003 1618 2039 περιὸοητότερον
1636 2001 1707 2036 ἀμφὶ
1725 2000 1778 2034 τὴν

991 2051 1123 2087 κτίσιν;)’
1141 2052 1188 2078 καὶ
1205 2051 1289 2078 ταῦτα
1307 2051 1476 2085 θεασάμενοι,
1493 2048 1648 2083 διετέθησαν
1674 2048 1712 2078 ὡς
1737 2046 1778 2081 μὴ

992 2096 1171 2133 θεασάμενοι,
1204 2097 1351 2132 μύσσοντες
1371 2096 1417 2124 καὶ
1442 2094 1616 2129 ὑπτιούμενοι
1641 2092 1709 2128 πρὸς
1727 2091 1777 2126 τὴν

992 2142 1106 2169 αἴνεσιν·
1126 2143 1170 2169 διὰ
1193 2143 1270 2169 τοῦτο
1288 2142 1408 2177 ἐπλήσθη
1423 2143 1436 2168 ὁ
1456 2139 1528 2171 οἶκος
1546 2140 1595 2174 τῆς
1617 2138 1778 2173 καυχήσεως

158 2194 218 2214 rnm
230 2195 327 2222 expers
343 2197 349 2214 :
370 2187 479 2223 quibus,
495 2187 559 2222 quid
575 2194 693 2221 unquam
705 2186 851 2221 gloriosius
866 2187 935 2213 circa

991 2189 1080 2216 αὐτῶν
1093 2189 1207 2215 καπνοῦ.

159 2238 330 2265 creaturam,
347 2233 411 2268 quid
430 2241 493 2260 vero
507 2233 638 2260 cclcbrius
657 2233 741 2267 possit
762 2233 839 2259 fieri?
863 2233 935 2264 haec,
951 2234 1059 2268 inquam
1072 2255 1079 2267 ,
1094 2236 1132 2262 illi
1152 2243 1213 2262 cum
1239 2235 1387 2265 vidissent,
1417 2233 1529 2268 perinde
1545 2231 1632 2259 affecti
1653 2234 1718 2258 sunt
1744 2237 1779 2257 ac

159 2281 182 2308 si
199 2289 252 2309 non
268 2281 416 2314 vidissent,
437 2282 594 2309 claudentes
613 2282 723 2314 oculos,
751 2285 778 2309 et
806 2281 838 2308 ad
859 2281 965 2309 laudem
993 2284 1092 2318 supini.
1116 2284 1260 2319 Propterea
1282 2283 1382 2318 repleta
1415 2286 1458 2309 est
1482 2281 1580 2308 domus
1607 2277 1778 2315 gloriationis

159 2337 252 2357 eorum
288 2329 372 2357 fumo.

213 2378 221 2393 ι
245 2376 306 2404 Luc.
325 2386 355 2410 Il,
371 2378 414 2405 58.

159 2420 209 2444 vn,
222 2412 266 2439 Η.

193 2457 249 2492 (75)
268 2458 325 2492 Τὴν
335 2460 578 2493 ἀνθσμοᾸὸγησιν
591 2458 791 2493 πρικσεκίᾷιιζε.
810 2458 856 2485 list
872 2459 941 2493 apud

159 2491 225 2518 Luc.
242 2491 465 2528 ἀνθωμολογεῖτο.
482 2491 553 2528 quod
579 2491 675 2520 auctor
694 2491 727 2519 uti
744 2491 941 2520 :ulvrrsalivbm

160 2528 296 2555 subtiliter
310 2531 431 2563 exponit.
447 2528 526 2563 Vulg.
538 2533 653 2559 tantum,
677 2529 860 2561 con/ilebatur.
879 2529 943 2554 lira-

160 2569 247 2594 smus,
272 2563 361 2596 palum
383 2564 557 2598 ranﬁlcbalur
574 2572 582 2590 :
600 2563 672 2598 quod
696 2564 841 2598 adjectum,
866 2571 943 2591 sacer

161 2601 262 2629 textus,
280 2599 368 2626 minus
381 2599 480 2625 habere
493 2599 607 2625 videtur.

195 2632 251 2666 (Μ)
268 2634 463 2667 Παρενοέτως.
487 2633 567 2660 Velut
588 2634 815 2664 coneomitanler;
832 2633 888 2660 ἀλλ’
904 2635 947 2659 ὲν-

161 2667 334 2702 σημάντρως.
350 2677 398 2702 per
413 2678 441 2695 se
454 2673 479 2695 el
491 2669 650 2700 formaliter,
666 2676 723 2699 seu,
741 2673 769 2694 ut
784 2669 818 2694 al)
833 2669 890 2702 ipsa
901 2676 947 2694 ea-

161 2701 222 2738 dem
238 2701 331 2738 causa,
351 2701 365 2729 ξι
387 2711 439 2738 qua
455 2711 507 2730 non
525 2703 624 2735 fumus,
642 2704 688 2730 sed
705 2704 833 2738 splendor
844 2701 875 2729 ret
890 2704 946 2729 cla-

163 2737 242 2767 ritas.
261 2737 422 2764 videbantur
443 2738 551 2764 domum
572 2737 726 2772 repleturai
745 2746 824 2764 verso
840 2739 946 2765 Scilicet

165 2773 191 2798 in
213 2779 357 2805 venenum,
382 2773 498 2798 humana
519 2773 630 2805 malitia,
654 2774 824 2801 divinissimo
842 2773 886 2800 illo
903 2781 945 2800 re-

455 2379 464 2393 ¹
480 2377 555 2407 Deut.
572 2378 702 2409 xvm,l3,
721 2378 761 2404 19.
800 2377 968 2410 ³1εα.γι,4.

1007 2377 1017 2392 ⁸
1035 2377 1097 2404 ibid.
1111 2377 1143 2409 9;
1159 2378 1216 2404 Act.
1238 2385 1331 2408 xxvnt,
1345 2376 1390 2403 26.
1428 2376 1438 2391 ⁸
1451 2374 1526 2402 Paul.
1543 2382 1605 2406 ην,
1625 2373 1652 2400 9.
1691 2373 1702 2389 ⁶
1715 2372 1774 2400 Ιδα.

996 2460 1095 2487 medio.
1115 2459 1257 2488 Pautinus,
1281 2467 1330 2484 non
1347 2458 1443 2488 leviter,
1460 2466 1490 2484 ac
1505 2457 1572 2483 velut
1589 2456 1779 2491 perfunctorie,

996 2494 1082 2521 levius
1102 2502 1166 2520 sane
1186 2493 1356 2526 defungeutis
1374 2493 1495 2527 partibus
1514 2492 1591 2526 probi
1611 2492 1778 2527 interpretis.

1032 2531 1086 2562 (7'5)
1105 2528 1219 2561 Καινὴν
1232 2525 1397 2560 (March/uix
1415 2528 1500 2554 Simili
1515 2525 1608 2562 phrasi
1624 2531 1705 2562 atque
1717 2525 1782 2562 Dio-

996 2560 1091 2599 nySius
1105 2560 1204 2598 Areop}
1223 2564 1301 2599 epist.
1318 2563 1344 2594 4,
1360 2563 1395 2599 ad,
1408 2563 1516 2599 Caium,
1529 2560 1687 2599 0:0:vath
1703 2561 1782 2597 ὲνέρ-

997 2597 1073 2633 γέιαν
1088 2597 1192 2629 statuit,
1206 2598 1460 2633 qumlamnimirum
1472 2597 1615 2623 reilexione
1630 2598 1781 2627 unilorum,

997 2632 1028 2661 ex
1042 2635 1196 2661 arctissimo
1213 2634 1259 2659 illo
1272 2632 1351 2659 "me
1368 2632 1478 2659 unionis
1494 2639 1555 2658 vere
1565 2638 1708 2665 supremo;
1722 2638 1781 2656 ma-

997 2670 1124 2696 nentibus
1139 2668 1316 2695 nihilominus
1331 2667 1459 2694 extremis
1472 2667 1498 2692 in
1510 2666 1560 2693 sibi
1576 2666 1693 2700 propriis
1707 2675 1712 2692 ε
1728 2673 1782 2699 qua

997 2704 1030 2731 de
1043 2712 1071 2731 re
1084 2704 1240 2731 doctissime
1260 2703 1448 2735 fusissimeque
1462 2702 1488 2727 in
1501 2701 1622 2728 eamdem
1638 2700 1783 2736 epistolam

997 2740 1151 2774 propediem
1167 2738 1288 2766 edendus
1301 2741 1395 2765 noster
1409 2737 1553 2764 Maximus.
