1911 3072
89 133 138 161 397

658 133 798 162 HOMILIA
817 134 860 163 DE
879 135 994 164 CRUCE
1013 136 1139 165 DOMINI.

1655 142 1707 169 598

90 190 116 218 δὲ
134 191 359 228 ἐπισπασάμενοι
377 192 470 224 ἀνοίας
488 193 627 228 λογισμὸν,
642 194 803 229 συμσούλιον
819 197 876 221 κατ’

930 203 953 226 et
968 200 1102 233 sapientiw
1113 201 1168 235 ejus
1184 209 1234 227 non
1247 206 1283 228 est
1297 209 1419 229 numerus
1433 203 1466 229 ’⁷.
1488 201 1548 230 Haec
1560 203 1632 230 enim
1650 210 1708 229 om-

93 238 169 268 αὐτοῦ
182 239 338 267 ἐποιοῦντο.
357 240 454 272 Ἡμεῖς
463 239 492 265 δὲ
505 239 649 275 ψάλλωμεν
661 248 667 254 ·
683 240 781 275 Μέγης
793 242 809 267 ὁ
821 241 878 267 Κύ-

91 294 152 321 ριος
172 284 267 320 ἡμῶν,
285 286 337 312 καὶ
349 286 466 321 μεγάλη
484 286 503 319 ἡ
520 286 610 320 ἰσχὺς
629 286 733 317 αὑτοῦ,
754 286 803 313 καὶ
824 286 878 320 τῆς

93 330 243 364 συνέσεως
267 331 364 358 αὑτοῦ
387 333 442 358 οὐκ
466 330 551 357 ἐστιν
573 332 703 365 ἀριθμός.
720 331 810 358 Ταῦτα
825 332 878 368 γὰρ

94 378 198 405 ἅπαντα
219 377 349 411 γέγονεν,
371 377 414 403 ἵνα
438 379 454 403 ὀ
471 377 561 410 αἴρων
584 377 641 410 τὴν
657 377 802 411 ἁμαρτίαν
824 378 878 405 τοῦ

92 423 204 456 κόσμου
232 422 336 457 Ἄμνὸς
355 423 401 449 καὶ
421 422 483 454 Υἱὸς
506 422 552 448 τοῦ
568 422 634 449 Θεοῦ
657 423 788 455 ἑκουσίως
807 424 876 460 ὑπὲρ

91 467 167 503 ἡμῶν
181 468 229 494 ἐπὶ
241 467 272 494 τὸ
291 468 422 504 σωτήριον
435 467 519 499 πάθος
532 467 595 504 ἔλθῃ
607 469 654 495 καὶ
671 469 716 495 ἐπὶ
731 469 761 494 τὸ
774 471 877 505 πρατή-

93 521 148 549 ριον
170 513 210 548 (5)
233 513 384 549 γνωρισθῇ,
401 514 447 540 καὶ
461 514 485 540 οἱ
507 513 684 549 ἐξωνούμενοι
704 515 751 541 τὸν
765 515 878 548 ἐξωνού-

94 566 171 593 μενον
186 557 225 593 τῷ
248 558 372 593 ζωοποιῷ
384 558 466 585 αὐτοῦ
481 559 575 594 αἵματι
592 560 637 586 τὸν
650 560 750 595 κόσμον
765 569 877 596 συμφω-

91 605 194 639 νήσωσι
216 605 365 639 τριάκοντα
380 605 528 640 ἀργυρίοις,
545 606 592 632 καὶ
612 605 642 632 τὸ
664 605 772 641 Πάσχα
796 607 880 641 ἡμῶν

89 649 156 684 τυθῇ
173 649 245 685 ὑπὲρ
264 649 342 685 ἡμῶν
365 651 495 686 Χριστός’
513 651 588 683 ὅπως
602 652 625 677 οἱ
642 651 680 686 τῷ
703 652 786 688 τιμίῳ
798 653 877 679 αὑτοῦ

90 694 186 729 αἵματι
200 694 397 730 ραντιζόμενοι,
413 695 461 721 καὶ
475 695 509 721 τὰ
522 695 598 730 χείλη
611 695 649 727 ὡς
665 695 744 730 φλιὰς
761 705 878 732 σφραγι-

90 739 208 774 ζόμενοι,
236 740 377 774 ἐκφύγωσι
395 741 442 767 τοῦ
466 741 654 776 ὀλοθρεὺοντος
671 741 707 767 τὰ
729 741 808 778 βέλη·
831 743 878 770 καὶ

89 784 175 817 οὕτως
198 786 213 812 ό
237 785 332 812 παθὼν
353 786 435 822 σαρκὶ
458 787 584 823 Χριστὸς,
601 786 647 814 καὶ
670 787 787 818 ἀναστὰς
806 788 880 823 τριή-

91 839 182 866 μερος,
203 830 244 866 τῷ
268 832 356 867 Πατρὶ
380 832 480 867 καὶτῷ
494 832 563 868 ἁγίῳ
582 833 720 868 Πνεύματι
741 833 878 868 ὁμοτίμως

928 243 972 270 nia
990 243 1060 271 facta
1071 248 1145 277 sunt,
1161 249 1190 271 ut
1200 245 1288 279 Agnus
1303 246 1348 272 ille
1363 250 1389 273 et
1407 246 1490 275 Filius
1507 247 1553 274 Dei
1578 248 1622 283 qui
1637 249 1706 274 tullit

926 296 1060 323 peccatum
1071 291 1162 318 mundi
1177 291 1209 323 ’⁸,
1237 295 1333 326 sponte
1346 300 1394 326 pro
1405 294 1483 321 nobis
1501 293 1532 320 ad
1558 294 1706 321 salutarem

928 337 1080 371 passionem
1106 337 1247 365 accederet
1265 347 1270 364 :
1287 343 1368 373 utque
1381 339 1454 365 velut
1468 339 1495 366 in
1523 339 1583 366 foro
1595 344 1621 368 et
1641 347 1706 367 ven-

927 383 1038 412 ditionis
1055 385 1144 420 lapide
1171 390 1400 420 cognosrerctur;
1417 387 1489 421 iique
1503 387 1548 422 qui
1574 392 1705 420 emerent,

927 429 1037 464 triginta
1050 432 1186 466 argenteis
1196 439 1256 459 eum
1274 432 1477 467 paciscerentur
1491 433 1525 465 θ’,
1540 434 1585 468 qui
1600 434 1706 461 vivilieo

928 477 1060 514 sanguine
1073 486 1122 506 suo
1148 478 1279 505 mundum
1303 479 1490 513 redempturus
1504 484 1592 512 esset;
1609 486 1640 506 ac
1654 479 1706 506 Pa-

928 524 990 552 scha
1007 529 1126 551 nostrum
1139 525 1159 556 ¹,
1175 531 1225 558 pro
1237 523 1316 551 nobis
1340 524 1477 556 Christus,
1507 525 1594 551 hostia
1609 524 1683 552 ﬁeret
1699 534 1705 551 :

927 575 957 598 ut
969 570 1016 605 qui
1026 570 1086 604 ejus
1097 569 1216 604 pretioso
1232 569 1364 604 sanguine
1379 573 1470 597 essent
1493 570 1608 604 aspersi.
1627 577 1657 596 ac
1672 570 1706 596 la-

927 617 981 650 bia,
998 620 1126 651 tanquam
1143 619 1234 651 postes
1265 616 1363 651 signati
1379 617 1400 648 ',
1421 616 1641 643 exterminatoris
1655 616 1707 642 tela

928 663 1077 698 effugerent
1090 672 1096 689 :
1110 662 1203 697 sicque
1219 670 1314 697 passus
1327 669 1407 690 carne
1418 661 1555 692 Christus.
1568 666 1594 689 et
1605 661 1707 688 tridua-

928 716 980 735 nus
1006 707 1164 739 suscitatus,
1184 707 1241 743 pari
1266 715 1327 734 cum
1347 707 1427 735 Patre
1444 711 1470 735 et
1498 707 1600 742 Spiritu
1614 713 1708 735 sancto

928 753 1030 780 honore
1041 756 1067 778 et
1082 753 1179 787 gloria,
1193 760 1207 779 ει
1222 753 1321 780 creatis
1330 753 1456 781 omnibus
1469 753 1570 788 pariter
1582 752 1707 779 adorare-

928 802 983 829 tur,
998 797 1060 832 quia
1077 798 1127 832 ipsi
1139 798 1257 832 ﬂectetur
1275 806 1349 824 omne
1365 806 1430 833 genu
1457 797 1611 828 celestium,
1629 802 1707 823 terre-

926 841 1018 868 strium
1032 845 1056 868 et
1073 841 1235 875 infernarum
1251 841 1272 872 ³,
1286 841 1337 876 ipsi
1351 842 1538 870 submittentes
1550 841 1663 878 gloriam
1677 841 1707 869 in

91 876 136 902 καὶ
153 876 290 911 ὁμοδόξως
305 877 382 912 παρὰ
396 878 486 913 πάσης
501 878 613 910 κτίσεως
629 879 873 915 συμπροσκυνηθῇ·

931 887 1029 915 δωευιθ
1046 887 1217 915 saeculorum.
1231 887 1326 915 Amen.

89 923 130 949 δτι
142 923 222 956 αὐτῷ
235 923 349 958 κάμψει
365 924 426 951 πᾶν
446 926 518 960 γόνυ
532 925 727 960 ἐπουρανίων,
741 927 790 954 καὶ
812 927 876 953 ἐπι-

88 968 182 1002 τειων,
202 969 254 996 καὶ
276 967 491 1003 καταχθονίων,
512 969 589 1003 δόξαν
609 970 682 1006 αὐτῷ
700 971 916 1006 ἀναπέμποντες,
933 971 973 1002 εἰς
989 970 1051 1002 τοὺς
1066 970 1167 1003 αἰῶνας
1180 971 1233 998 τῶν
1246 971 1361 998 αἰώνων.
1387 971 1480 1008 Ἀμήν.

651 1148 964 1193 EXCERPTA

1012 1148 1153 1192 ΤΒΙᾹ

377 1241 424 1269 EX
442 1242 585 1270 HOMlLlA
605 1243 632 1270 S.
651 1243 815 1272 METHODII
837 1244 881 1271 DE
899 1243 1014 1271 CRUCE
1033 1243 1076 1270 ΕΤ
1095 1242 1263 1271 PASSIONE
1281 1243 1419 1271 CHRISTI

309 1357 397 1393 (Apud
414 1357 574 1390 Gretserum,
589 1363 652 1385 tom.
667 1357 703 1390 ll,
714 1358 751 1386 De
767 1361 861 1385 sancta
877 1365 969 1389 cruce,
984 1365 1045 1393 pag.
1062 1357 1112 1385 401
1129 1365 1188 1385 nov.
1205 1357 1268 1384 edit.
1286 1357 1388 1385 Ralisb.
1403 1357 1495 1393 1754.)

88 1413 233 1451 Ιεβοδίου
258 1413 525 1451 ἐπισλεόποοήςῐρὸς
534 1412 796 1451 ῌτοὺς-λὲγονταγςς
817 1413 876 1451 «_T_l

930 1411 1243 1451 Melliodiijpiscapi,_ad
1254 1413 1356 1451 eosgui
1370 1412 1480 1451 dicunt:
1497 1422 1506 1438 ι
1525 1413 1595 1451 Quid
1608 1416 1707 1451 profuit.

119 1448 283 1482 ὠφέλησεν
295 1447 375 1482 ἡμᾶς
388 1450 403 1474 ό
418 1448 483 1480 Υἱὸς
495 1448 548 1474 τοῦ
563 1447 637 1474 Θεοῦ
650 1448 812 1482 σαρκωθεὶς
825 1448 874 1474 ἐπὶ

120 1476 177 1516 τῆς
192 1476 243 1510 καὶ
260 1476 419 1518 ῃνὸμενος
431 1476 600 1516 ἀνθρωποω
610 1483 659 1509 καὶ
669 1476 717 1518 ditt
730 1484 757 1509 τί
769 1476 808 1515 ni;
823 1483 876 1510 τοῦ

121 1518 257 1552 σταυροῦ
280 1518 411 1552 σχήματι
434 1518 580 1552 ἠνέσχετο
608 1517 721 1550 παθεῖν,
747 1518 795 1544 καὶ
822 1520 875 1544 οὐκ

121 1553 203 1587 ἄλλῃ
228 1553 288 1592 τινὶ
316 1553 454 1587 τιμωρίᾳ;
476 1554 525 1579 καὶ
549 1554 577 1579 τί
597 1553 629 1579 τὸ
651 1553 800 1588 χρήσιμον
822 1553 875 1580 τοῦ

123 1595 258 1621 σταιιρου
269 1596 277 1619 ;
302 1597 311 1613 ›

130 1633 320 1668 Ἐπεδήμησεν
341 1634 355 1660 ὁ
371 1633 433 1665 Υἱὸς
448 1633 494 1660 τοῦ
511 1633 578 1660 Θεοῦ
594 1633 710 1669 Χριστὸς
734 1634 876 1668 ἐπιταγαῖς

87 1680 134 1707 τοῦ
154 1680 263 1715 [ἰατρὸς
280 1681 315 1715 τῇ
330 1680 414 1716 ὁρατῇ
431 1681 527 1711 κτίσει,
544 1680 587 1706 ἵνα
605 1680 647 1715 δὴ,
661 1679 695 1706 τὰ
713 1680 800 1715 κράτη
821 1678 875 1706 τῶν

86 1726 291 1761 τυραννούντων
304 1726 455 1761 ἀνατρέψας
471 1725 613 1760 δαιμόνων,
629 1726 752 1762 ἐξέληται
766 1727 815 1762 τῆς
831 1735 876 1752 πι-

88 1772 158 1806 γρᾶς
177 1771 227 1802 τὰς
243 1770 332 1805 ψυχὰς
346 1771 475 1803 δουλείας,
491 1771 548 1797 ἀνθ’
570 1769 608 1798 ὦν
625 1772 704 1806 φύσις
718 1772 803 1803 τασα,
815 1774 875 1804 ταῖς

89 1816 252 1852 προποσίαις
262 1816 312 1850 τῆς
325 1815 430 1848 ἀδικίας
442 1817 652 1852 γεγοητευμὲνη,
663 1817 777 1852 θορύϐου
790 1825 818 1844 τε
830 1818 876 1845 καὶ

88 1862 202 1895 ἀταξίας
225 1862 411 1897 ἐπεπλήρωτο,
434 1863 484 1889 οὐκ
501 1863 540 1889 ἔτι
559 1863 612 1890 τῶν
631 1864 822 1899 συμφερόντων
836 1865 875 1895 εἰς

87 1908 241 1942 ἀνάμνησιν
267 1908 431 1943 ἀναδραμεῖν
457 1908 582 1943 οὐδαμῶς
604 1909 750 1945 δυναμένη.
776 1909 875 1945 Διόπερ

90 1953 135 1979 καὶ
153 1953 223 1988 πρὸς
239 1953 272 1979 τὰ
288 1953 383 1979 εἴδωλα
403 1953 502 1989 ῥᾳδίως
519 1954 631 1986 εἵλκετο,
648 1955 695 1981 ἅτε
711 1955 874 1982 ὲπικλύσαν-

88 2007 134 2029 τος
150 1998 239 2025 πάντα
253 1999 299 2025 τοῦ
313 1999 409 2030 κακοῦ,
424 2000 470 2026 καὶ
483 2000 572 2031 πάσας
586 2001 730 2036 ὲπινενεμη
736 2000 814 2036 μένου
826 2000 874 2032 τὰς

88 2044 185 2078 γενεὰς
206 2044 277 2070 κατὰ
297 2045 346 2080 τὴν
366 2043 516 2077 ἀλλοίωσιν,
539 2046 589 2081 τὴν
611 2047 643 2072 ἐκ
658 2047 707 2082 τῆς
732 2047 874 2082 παρακοῆς

964 1448 1037 1485 nobis
1055 1447 1143 1474 Filius
1160 1447 1205 1473 Dei
1221 1449 1363 1485 cruciﬁxus
1383 1449 1409 1474 in
1425 1453 1510 1485 terra.
1525 1454 1548 1485 et
1571 1447 1709 1485 hohto'fa-

961 1484 1039 1510 ctus?
1053 1487 1077 1509 et
1093 1490 1173 1518 quare
1188 1484 1273 1509 crucis
1287 1484 1372 1518 ﬁgura
1391 1484 1448 1516 pati
1466 1483 1600 1517 sustinuit,
1616 1491 1641 1513 et
1657 1483 1708 1514 non

961 1518 1067 1580 aliq7uod
1085 1517 1158 1544 aliud
1183 1518 1363 1552 supplicium?
1385 1523 1411 1545 et
1436 1526 1502 1553 qua:
1519 1520 1621 1548 utilitas
1649 1530 1708 1549 cru-

960 1561 997 1579 m
1039 1562 1048 1578 ι

966 1631 1093 1660 Versatus
1112 1635 1154 1660 est
1181 1632 1308 1661 Christus
1326 1633 1371 1660 Dei
1395 1632 1490 1667 Filius,
1514 1643 1547 1662 ex
1574 1642 1708 1672 przecepto

925 1678 1026 1711 Patris,
1044 1687 1106 1706 cum
1126 1678 1228 1706 \‘isibili
1244 1683 1379 1710 creatura,
1396 1683 1426 1706 ut
1444 1680 1564 1716 imperiis
1579 1685 1707 1718 tyranno-

927 1732 1000 1757 rum,
1015 1725 1168 1752 daunonum
1185 1725 1321 1758 videlicet,
1339 1726 1452 1758 eversis,
1471 1727 1587 1762 eriperet
1603 1729 1709 1757 animas

926 1778 959 1797 ex
973 1770 1031 1797 dira
1050 1771 1190 1803 servitute,
1214 1778 1247 1798 eo
1270 1771 1342 1805 quod
1362 1775 1417 1798 tota
1444 1777 1539 1799 natura
1567 1774 1708 1809 propinata

926 1817 999 1844 velut
1016 1817 1159 1852 iniquitate
1186 1817 1329 1849 fascinata,
1356 1818 1489 1846 tumultus
1513 1820 1709 1856 turbarumque

925 1864 1005 1897 plena
1022 1862 1120 1895 fuerat,
1134 1870 1184 1891 nec
1207 1863 1303 1898 jamin
1321 1871 1412 1891 rerum
1428 1864 1535 1892 utilium
1552 1867 1709 1894 memoriam

926 1907 1016 1935 redire
1036 1908 1091 1935 ullo
1116 1908 1196 1935 modo
1224 1911 1340 1943 poterat.
1369 1908 1540 1945 Quapropter
1567 1911 1649 1938 etiam
1673 1911 1709 1939 al

926 1954 996 1981 idola
1014 1953 1093 1982 facile
1107 1954 1277 1986 trahebatur,
1296 1954 1395 1989 quippe
1416 1962 1478 1981 cum
1498 1955 1597 1982 malum
1619 1957 1709 1984 omnia

925 1998 1072 2030 obruisset,
1090 2006 1239 2034 omnesque
1261 1998 1403 2034 depastum
1425 2007 1485 2027 esse
1508 2001 1709 2035 generationes.

927 2049 1037 2080 propter
1059 2047 1236 2072 mutationem
1253 2053 1313 2080 qua:
1328 2045 1434 2073 carneis
1456 2046 1640 2074 tabernaculis
1661 2054 1707 2074 no-

88 2089 329 2125 προγεγενημένην
340 2091 400 2122 ταῖς
413 2090 554 2126 ὲνσάρκοις
565 2091 644 2126 ἡμῶν
658 2094 770 2127 σκηναῖς
778 2101 784 2107 ·
799 2093 850 2124 ἕως
861 2094 875 2119 ὁ

930 2091 993 2118 stris
1007 2099 1040 2118 ex
1063 2091 1245 2118 inobedientia
1265 2090 1435 2126 promanavit
1452 2101 1458 2118 :
1473 2091 1560 2119 donec
1585 2093 1711 2122 Christus

89 2134 190 2170 Κύριος
202 2134 320 2170 Χριστδς
334 2135 368 2161 δι’
380 2133 413 2170 ἧς
428 2136 549 2171 ἐπεφάνη
564 2137 663 2172 σαρκὸς
678 2137 716 2172 τῷ
731 2137 790 2173 βίῳ,
807 2139 876 2174 ἀμυ-

89 2180 196 2216 δρώσας
212 2181 266 2206 τῶν
281 2181 381 2216 ἡδονῶν
397 2181 447 2213 τὰς
463 2181 600 2214 ἐπιϐολὰς,
619 2181 662 2214 αἷς
682 2184 710 2210 αἱ
733 2184 808 2211 κάτω
829 2184 874 2210 δυ-

89 2225 186 2260 νάμεις
203 2225 264 2252 καθ’
280 2225 360 2261 ἡμῶν
372 2226 520 2259 ὡπλίζοντο
539 2228 738 2255 καταδουλῶσαι
762 2229 793 2256 τὸ
816 2230 874 2257 δια-

90 2272 225 2306 νοητικὸν,
243 2271 382 2307 ἐλεύθερον
403 2273 511 2300 πάντων
533 2273 579 2300 τὸν
600 2274 742 2309 ἄνθρωπον
764 2275 875 2307 διέδειξε

90 2317 193 2343 κακῶν.
210 2317 310 2344 Τούτου
327 2318 381 2353 γὰρ
395 2318 475 2345 ἓνεκα
485 2319 533 2345 καὶ
547 2319 635 2355 σάρκα
651 2320 779 2356 ὲφόρεσεν
792 2322 806 2348 ὁ
819 2321 875 2347 Κύ-

93 2371 148 2397 ριος
168 2364 283 2398 Ἰησοῦς,
298 2364 344 2390 καὶ
357 2364 498 2400 ἄνθρωπος
511 2365 631 2399 ἐγένετο,
647 2367 693 2392 καὶ
713 2366 873 2402 προσηλὼθη

91 2409 130 2443 τῷ
151 2409 261 2445 σταυρῷ
279 2409 504 2445 οἰκονομούμενος
516 2418 522 2425 ·
543 2411 616 2442 ὃπως
631 2411 664 2438 δι’
679 2409 713 2446 ἦς
735 2412 835 2447 σαρκὸς
850 2413 875 2438 οἱ

91 2455 215 2490 δαίμονες
234 2454 370 2487 ἀναδεῖξαι
386 2455 463 2486 θεοὺς
478 2455 700 2490 ήλαζονεύσαντο,
714 2457 782 2492 πρὸς
794 2457 876 2485 Θάνα-

90 2508 135 2527 τον
155 2500 205 2532 τὰς
225 2500 313 2535 ψυχὰς
336 2500 456 2536 μεθόδοις
477 2500 584 2536 ἀπάτης
605 2501 877 2536 ἁγκιστρευσάμενοι,

92 2545 134 2571 διὰ
146 2545 248 2581 ταύτης
261 2545 464 2580 ἀνατραπέντες
488 2545 707 2572 κατοπτευθῶσιν
729 2546 778 2573 οὐκ
803 2546 878 2578 ὄντες

94 2590 158 2618 θεοί.
175 2591 294 2618 κωλύων
310 2590 366 2626 γὰρ
380 2591 427 2617 ἐπὶ
444 2591 523 2617 πλέον
545 2591 659 2627 ἀρθῆναι
678 2592 727 2627 τὴν
743 2592 878 2627 μεγαλαύ-

94 2643 170 2670 χησιν
182 2634 282 2667 αὐτῶν,
299 2635 440 2670 ἄνθρωπος
455 2635 562 2670 ἐγένετο
572 2644 578 2650 ·
595 2636 637 2662 ἵνα
647 2636 678 2671 δὴ
693 2636 726 2662 δι’
741 2633 771 2662 οὗ
787 2637 880 2672 σώμα-

127 2693 242 2731 ’ἶλΡεαΔ
270 2692 350 2727 chv,
376 2695 403 2722 5.
440 2694 554 2723 ’⁸1σαη.
577 2703 596 2728 ι,
626 2696 670 2725 29.
709 2697 732 2714 "
756 2697 852 2726 Matth.

936 2707 956 2731 I,
979 2699 1022 2726 15.

96 2735 125 2759 ιι,
140 2728 182 2755 10.

131 2805 167 2839 (5)
188 2807 253 2833 Ἐπὶ
268 2807 301 2834 τὸ
324 2807 497 2851 πρατήρςονὲ

99 2840 163 2872 ρίου.
182 2841 298 2871 Budaeus
315 2843 369 2870 col.
384 2845 450 2870 nutu
464 2843 526 2871 212.

928 2135 1059 2164 Dominus
1075 2144 1123 2171 per
1134 2143 1244 2164 carnem
1263 2136 1290 2164 in
1309 2145 1362 2172 qua
1385 2137 1452 2164 vixit
1475 2142 1501 2165 et
1515 2139 1651 2173 apparuit,
1666 2147 1711 2166 re-

927 2182 1030 2216 pressis
1041 2182 1208 2217 voluptatum
1227 2183 1383 2215 insultibus,
1403 2183 1502 2218 quibus
1524 2184 1637 2212 inferna
1661 2193 1710 2220 po-

927 2231 1040 2255 testates
1057 2228 1201 2255 adversum
1221 2235 1271 2255 nos
1287 2232 1398 2255 armata:
1413 2233 1530 2255 mentem
1558 2229 1585 2256 in
1598 2230 1711 2257 servitu-

925 2277 980 2301 tem
1000 2273 1167 2309 redigebant,
1183 2274 1318 2301 hominem
1335 2274 1462 2301 omnibus
1478 2275 1557 2303 malis
1575 2275 1709 2303 liberavit.

927 2319 1014 2353 Hujus
1029 2319 1100 2346 enim
1119 2319 1157 2347 rei
1180 2320 1267 2354 gratia
1291 2323 1318 2346 et
1337 2327 1448 2346 carnem
1472 2320 1556 2354 gessit
1579 2320 1710 2348 Dominus

925 2364 1016 2397 Jesus,
1030 2369 1057 2392 et
1076 2366 1156 2392 homo
1174 2365 1261 2392 factus
1278 2369 1329 2396 est,
1343 2369 1369 2392 et
1382 2364 1455 2392 cruci
1472 2373 1520 2400 per
1533 2365 1652 2393 divinam
1668 2367 1711 2394 di—

927 2411 1128 2446 spensationem
1145 2410 1257 2438 allixus:
1271 2415 1301 2438 ut
1316 2418 1364 2445 per
1380 2418 1461 2445 quam
1480 2417 1590 2438 carnem
1610 2412 1710 2439 «taenio-

925 2464 976 2483 nes
990 2457 1107 2491 superbe
1121 2456 1186 2483 deos
1200 2456 1322 2484 ementiti
1344 2455 1461 2487 fuerant,
1481 2456 1623 2484 animabus
1635 2464 1709 2484 com-

926 2501 1057 2536 pendiosa
1076 2501 1173 2528 fraude
1189 2502 1286 2536 captis,
1304 2509 1352 2535 per
1365 2507 1424 2527 eam
1451 2500 1548 2534 dejecti
1576 2502 1710 2536 despecti-

927 2556 980 2582 que
993 2551 1096 2578 essent,
1115 2551 1145 2574 ut
1161 2554 1216 2574 non
1231 2546 1280 2574 dii.
1303 2546 1446 2574 Prohibuit
1468 2547 1541 2574 enim
1564 2548 1644 2575 altius
1663 2555 1706 2574 es-

927 2593 986 2620 tolli
999 2593 1153 2627 superbiam
1171 2593 1302 2627 ipsorum,
1320 2591 1408 2620 factus
1417 2593 1512 2626 homo;
1531 2597 1560 2620 ut
1575 2600 1622 2627 per
1637 2592 1709 2626 quod

929 2646 1040 2673 corpus.
1053 2639 1169 2666 rationis
1183 2638 1319 2673 particeps
1341 2646 1426 2673 genus
1449 2647 1464 2665 a
1489 2639 1545 2666 veri
1573 2638 1619 2665 Dei
1635 2639 1709 2666 cultu

1062 2699 1070 2714 ¹
1088 2698 1102 2725 1
1119 2697 1180 2726 Cor.
1193 2707 1219 2730 ν,
1236 2699 1262 2726 7.
1302 2699 1312 2714 ²
1331 2698 1416 2726 Exod.
1439 2706 1478 2731 xt,
1505 2698 1530 2726 ’1.
1568 2699 1579 2715 ³
1596 2698 1710 2733 Philipp.

386 2807 514 2848 τήρςοξξλ
526 2808 606 2837 Vclu:
629 2808 758 2837 nimirum
780 2818 876 2838 venum

930 2811 1059 2846 rpositus,
1088 2811 1144 2846 ipse
1167 2811 1257 2839 mundi
1282 2812 1409 2847 pretium,
1443 2812 1507 2848 περὶ
1532 2811 1579 2838 τοῦ
1608 2819 1713 2847 *κρατη-
