1911 3072
53 100 94 129 381
320 87 323 90 λ
608 101 724 130 SERMO
743 101 788 130 DE
808 101 956 130 SIMEONE
975 102 1019 130 ET
1038 102 1143 130 ANNA.

1629 100 1681 127 582

55 157 95 191 Μὴ
104 156 204 192 φοϐοῦ
217 157 438 195 (81),τόςιικρὸν
448 160 665 196 ποίμνιονπὰςτ
669 169 730 197 ρικυ
733 161 797 197 μίας
805 163 839 188 to?

903 169 960 188 ram
974 162 1006 188 ".
1022 161 1102 189 Salve
1119 160 1201 196 igitur
1210 163 1236 187 et
1252 163 1291 193 tu,
1308 163 1364 188 toto
1373 160 1438 188 orbe
1453 159 1541 195 posita
1559 158 1679 187 Ecclesia

54 202 159 239 ἐχθροῖν
171 203 218 230 ὅτι
225 203 399 239 εὐδόκησεν
412 207 429 232 ό
444 205 544 240 Πατὴρ
553 206 658 233 δοῦναι
668 215 716 234 σοι
727 207 784 241 τὴν
793 208 850 239 βα-

53 250 183 282 σιλείαν,
194 251 249 278 καὶ
264 251 313 277 ἐπὶ
324 251 460 288 τραχήλου
473 252 526 278 τῶν
535 252 639 287 ἐχθρῶν
654 261 699 279 σου
711 253 847 288 ἐπιϐῆναι.

53 296 137 332 Χαῖρε
151 296 200 323 καὶ
216 297 397 333 εὐφραίνου,ή
410 297 492 324 πάλαι
504 298 597 333 στείρα
610 299 656 325 καὶ
672 299 767 333 ἄγονος
781 299 848 334 πρὸς

54 342 215 374 εὐσέϐειαν,
243 343 304 369 νυνὶ
320 343 348 369 δὲ
372 343 455 370 πολλὰ
478 343 513 370 τὰ
537 345 586 379 τῆς
611 344 728 376 πίστεως
750 344 847 380 ἔχουσα

53 388 147 414 τέχνα.
167 387 284 423 Χαίροις
299 388 349 414 καὶ
363 389 406 421 σὺ,
421 389 483 420 λαὸς
497 388 543 415 τοῦ
554 388 632 421 Θεοῦ,
645 389 720 422 λαὸς
732 391 848 424 περιού-

55 442 133 466 σιος,
147 433 315 465 ,βασίλειον
329 434 494 468 ἱεράτευμα,
509 434 597 467 ἔθνος
612 435 705 470 ἅγιον,
718 435 790 469 λαὸς
804 437 847 469 εἰς

54 479 269 512 περιποίησιν·
294 479 436 514 ἐξάγγελε
460 480 512 512 τὰς
529 480 635 514 ἀρετὰς
655 480 708 507 τοῦ
720 481 755 507 ἐκ
772 483 845 508 σκό-

55 532 127 556 τους
155 531 193 550 σε
221 523 405 558 καλέσαντος
429 526 472 558 εὶς
497 525 530 551 τὸ
557 526 728 560 θαυμαστὸν
754 527 845 554 αὐτοῦ

54 568 134 604 φῶς·
152 570 225 606 ὑπὲρ
240 570 331 602 ἐλέους
346 571 374 597 δὲ
388 571 479 604 δόξαζε
495 571 585 599 αὐτόν.

88 704 138 731 1Δ’.
157 704 272 740 Χαίροις
286 705 326 735 εἰς
338 705 410 740 eam
425 704 540 740 ἇληκτος
559 704 635 740 ἡμῶν
650 706 736 740 χαρά·
755 706 800 732 ἐπὶ
814 705 843 731 σὲ

53 750 107 784 γὰρ
126 750 210 775 πάλιν
226 749 421 785 ἀνατρέχομαι.
437 749 472 776 Σὺ
488 750 537 784 τῆς
554 750 649 785 ἑορτῆς
663 751 742 786 ἡμῶν
756 752 840 788 ἀρχή·

53 796 86 822 σὺ
103 796 240 830 μεσότης·
259 796 290 822 σὺ
304 795 405 827 τέλειος
420 795 492 830 (82)·
512 797 526 822 ὁ
547 796 692 832 πολύτιμος
711 798 843 833 μαργαρί-

52 849 102 876 της
115 841 169 876 τῆς
185 840 337 876 βασιλείας·
352 842 382 868 τὸ
395 841 478 873 ὅντως
487 840 571 877 οὖθαρ
586 842 674 878 πάσης
687 843 840 877 ἁγιστείαςι
859 832 879 860 Β

51 886 82 912 τὸ
101 885 226 921 ἔμψυχον
244 886 435 922 ϐυσιαττήριον
457 886 504 913 τοῦ
517 888 599 923 ἄρτου
615 888 663 922 τῆς
678 888 759 924 ζωῆς.
775 890 843 915 Χαί-

54 941 121 968 ροις,
141 932 254 968 ἀγάπης
270 933 337 959 Θεοῦ
353 932 488 968 Θησαυρέ·
507 934 622 969 χαίροις,
640 935 843 970 φιλανθρωπίας

53 977 118 1004 Υἱοῦ
143 978 239 1012 πηγή·
266 978 380 1014 χαίροις,
396 979 552 1014 Πνεῦμα-ως
574 979 651 1013 ἁγίου
678 980 842 1007 κατάσκιον

54 1022 131 1055 ὄρος.
153 1022 325 1058 Ἥστραψας,
342 1022 498 1058 γλυκύδωρε
515 1024 644 1059 γεννῆτορ
664 1024 751 1058 φωτὸς
766 1024 842 1059 ἡλιαο

53 1066 232 1101 κοῦ,πυρσοῖς
249 1067 446 1102 ἀκαρτερήτοις
467 1067 576 1102 ἀγάπης
597 1067 793 1104 ὑπερζεούσης,
810 1069 841 1095 τὸ

53 1112 105 1147 πρὸ
119 1112 210 1147 ἀρχῆς
226 1112 377 1148 συλληφθὲν
391 1113 420 1139 ἐν
431 1113 469 1148 τῷ
483 1114 554 1140 τέλει
572 1113 698 1144 τεκοῦσα,
717 1115 840 1150 φανερὼ-

55 1166 124 1185 sua:
135 1158 167 1184 τὸ
184 1158 305 1193 κρυπτὸν
324 1159 470 1194 μυστήριον
484 1159 530 1185 καὶ
545 1159 686 1194 ἀλάλητον.
699 1160 743 1186 τὸν
756 1161 839 1194 ἀορά-

53 1211 98 1229 του
112 1203 222 1239 Πατρὸς
237 1203 311 1235 Υἱὸν,
325 1204 435 1239 εἰρήνης
449 1204 609 1240 βραϐευτὴν,
623 1205 712 1240 πάσης
727 1207 840 1241 γενόμε-

54 1257 95 1274 νον
110 1249 211 1283 ἥττονα
234 1249 402 1285 βραχύτητος
423 1250 590 1285 παραδόξως.
607 1250 656 1277 Διά
671 1251 749 1278 τοῦτο
766 1251 840 1278 ἐκλι-

54 1293 194 1328 παροῦμέν
217 1302 247 1320 σε
272 1294 322 1330 τὴν
347 1294 451 1330 ἀμείνω
473 1296 598 1328 πάντων,
627 1297 673 1323 καὶ
701 1296 840 1332 μητρῴαις

55 1339 224 1373 ἐπαυχοῦσαν
244 1342 337 1375 τιμαῖς
362 1340 408 1366 καὶ
434 1342 609 1377 παρρησὶαις,
633 1343 742 1378 μνήμην
766 1343 840 1369 ἀδιά-

53 1384 159 1411 λειπτον
183 1384 263 1419 ἡμῶν
286 1385 374 1416 ποιοῦ,
396 1387 515 1420 παναγία
529 1387 654 1418 Θεοτόχε,
679 1388 725 1414 καὶ
749 1389 788 1420 εἰς
811 1388 840 1414 σὲ

54 1430 340 1466 κατακαλλυνομένων,
355 1432 400 1458 καὶ
415 1432 509 1467 ὕμνοις
524 1433 686 1468 θεοπρεπέσι
702 1435 840 1470 γεραιρόν-

52 1483 104 1503 των
119 1485 164 1502 σου
179 1477 230 1512 τὴν
246 1477 359 1509 ἀείζωον
376 1477 422 1504 καὶ
444 1477 634 1509 ἁνεξάλειπτον
648 1480 767 1515 μνήμην.
785 1481 839 1506 Καὶ

55 1522 84 1548 σὺ
96 1523 124 1548 δὲ
134 1523 228 1554 αὐτὸς,
242 1520 263 1549 ὦ
276 1523 413 1559 πρεσϐύτα
426 1523 499 1558 τίμιε
513 1523 634 1559 Συμεὼν,
649 1525 697 1560 τῆς
710 1525 838 1557 εὐσεϐοῦς

53 1567 129 1602 ἡμῶν
145 1568 295 1603 θρησκείας
311 1568 450 1604 προδοχεῦ,
466 1569 513 1596 καὶ
528 1570 576 1605 τῆς
589 1570 643 1596 τῶν
658 1571 759 1597 πιστῶν
774 1572 838 1597 ἀνα-

55 1614 172 1644 στάσεως
189 1613 319 1648 ὲξηγητά,
338 1614 560 1650 συμπρεσϐευτὴς
577 1615 654 1650 ἡμῶν
671 1617 749 1650 γενοῦ
770 1617 838 1653 πρὸς

54 1659 96 1685 τὸν
116 1659 233 1694 Σωτῆρα
253 1659 330 1692 Θεὸν,
351 1660 380 1686 ὃν
401 1660 532 1695 ἀγκάλαις
555 1661 731 1695 ὐποδέξασθαι
767 1671 837 1689 κατ-

51 1704 333 1740 τλξιώοηςΣυνᾲδομεν
353 1706 407 1741 γάρ
429 1715 469 1733 σοι
493 1707 538 1734 καὶ
554 1709 635 1743 ἡμεῖς
667 1708 777 1744 Χριστῷ
798 1708 837 1744 τῷ

53 1749 99 1784 τῆς
113 1750 186 1785 ζωῆς
201 1751 248 1776 καὶ
262 1750 376 1777 θανάτου
390 1752 546 1787 ἐξουσιαπτῇ
557 1761 564 1767 ·
580 1753 615 1779 Σὺ
629 1751 654 1779 εἴ
667 1753 733 1788 φῶς,
746 1754 837 1788 λέγον-

54 1802 105 1826 τες,
120 1794 257 1830 ἀληθινὸν,
274 1796 305 1821 ἐκ
322 1796 409 1830 φωτὸς
426 1797 563 1832 ἀληθινοῦ,
584 1798 650 1829 Θεὸς
664 1798 789 1833 ἀληθινὸς
805 1801 837 1826 ὲκ

55 1839 117 1867 Θεοῦ
137 1840 265 1875 ἀληθινοῦ
277 1848 284 1856 ⁸
302 1839 341 1873 εἷς
357 1836 457 1878 Κύριος
474 1843 526 1878 πρὸ
544 1844 592 1878 τῆς
609 1844 837 1880 ἐνανθρωπήστως

55 1886 186 1921 καὶμετὰ
208 1886 258 1921 τὴν
275 1886 448 1922 πανύμνητον
464 1888 676 1924 ἐνανθρώπησιν,
695 1890 724 1923 ἐξ
742 1890 836 1917 ἑαυτοῦ

57 1932 100 1966 μὲν
112 1933 160 1958 καὶ
173 1932 204 1958 οὺ
220 1932 289 1958 uari
306 1933 383 1968 χάριν
400 1933 474 1966 Θεὸς,
491 1934 524 1960 δι’
544 1935 617 1969 ἡμᾶς
631 1935 658 1961 δὲ
675 1936 721 1962 καὶ
737 1936 837 1968 τέλειος

56 1976 194 2013 ἀνθρωπος
203 1987 209 1992 ·
224 1979 252 2011 ἐξ
267 1979 362 2005 ἑαυτοῦ
375 1979 402 2006 δὲ
419 1979 473 2014 (85)
487 1980 566 2015 φύσει
580 1981 753 2013 ἀϐασίλευτος
768 1991 838 2017 παμ-

56 2022 187 2056 6ασιλεὺς,
207 2024 241 2050 δι’
255 2025 328 2059 ἡμᾶς
349 2025 394 2051 καὶ
415 2025 463 2061 τὴν
482 2026 617 2062 ἡμετέραν
641 2028 776 2063 σωτηρίαν
791 2030 837 2055 καί

56 2073 80 2094 εν
94 2069 188 2096 δούλου
206 2072 296 2105 μορφῇ
314 2071 454 2106 ἀχράντως
475 2073 521 2098 καὶ
545 2073 694 2107 ἀμιάντως.
719 2074 836 2110 Ἀφθαρ-

57 2123 97 2141 σια
115 2115 170 2151 γὰρ
192 2115 241 2148 ὢν,
258 2116 337 2142 λῦσαι
361 2117 462 2153 φθορὰν
484 2119 629 2153 προῆλθες,
650 2120 692 2146 ἵνα
714 2120 837 2156 ἄφθαρτα

56 2161 139 2187 πάντα
155 2161 272 2196 τεύχοις.
289 2162 351 2189 Ὅτι
363 2162 409 2188 σοῦ
424 2163 497 2189 ἐστιν
514 2164 530 2198 ἡ
550 2163 613 2197 δόξα
643 2166 688 2191 καὶ
710 2165 741 2192 τὸ
767 2166 835 2201 κρά-
855 2183 875 2209 D

55 2213 105 2238 τος,
124 2206 294 2242 μεγαλοσύνη
315 2215 345 2233 τε
368 2207 414 2233 καὶ
436 2208 657 2243 μεγαλοπρέπεια
679 2210 726 2236 σὺν
751 2210 837 2246 Πατρὶ

57 2252 98 2278 ut
116 2252 188 2287 ἁγίῳ
218 2253 357 2288 Πνεὺματι
382 2254 421 2285 εἰς
450 2254 512 2285 τοὺς
531 2254 631 2285 αἰῶνας
644 2254 697 2281 τῶν
718 2254 833 2283 αἰώνων.

62 2296 150 2332 Ἀμήν.

899 207 1050 238 catholica;
1069 214 1178 242 unaque
1196 205 1338 233 nobiscum
1353 205 1469 232 exsulta.
1497 203 1538 232 Ne
1566 205 1680 239 pusillus

898 260 981 287 grex,
1008 259 1121 287 magnas
1148 251 1251 278 inimici
1281 255 1456 286 tempestates
1488 251 1598 281 timeas;
1617 252 1679 285 quia

898 299 1055 332 complacuit
1071 298 1147 325 Patri
1161 297 1226 324 dare
1239 297 1284 323 tibi
1295 305 1402 332 regnum
1414 297 1455 329 ¹²;
1473 301 1499 324 et
1516 300 1545 323 ut
1560 297 1678 324 hostium

897 348 1005 371 tuorum
1032 344 1121 371 calces
1149 343 1229 370 colla.
1264 342 1344 369 Salve
1371 346 1397 369 et
1422 343 1522 373 laetare,
1539 341 1677 376 quondam

898 390 997 417 sterilis
1016 389 1047 420 ιλ,
1064 394 1090 416 et
1104 389 1163 416 sine
1180 388 1272 415 liberis
1287 387 1321 414 ad
1342 387 1482 422 pietatem;
1499 394 1570 413 nunc
1588 390 1678 413 autem

896 435 997 462 multos
1012 435 1117 462 habens
1135 434 1195 461 lidei
1213 434 1323 460 liberos.
1340 432 1419 459 Salve
1435 437 1462 458 tu
1479 439 1603 466 quoque,
1631 431 1678 458 Dei

896 481 994 516 populo
1010 490 1016 508 :
1033 481 1127 516 popule
1151 485 1268 514 accepta,
1296 479 1381 513 regale
1395 478 1571 505 sacerdotium
1585 497 1592 509 ,
1617 485 1678 512 gen:

895 531 997 558 sancta,
1009 526 1101 560 popula
1114 527 1140 552 in
1153 525 1349 560 ncquisiiionem
1361 524 1486 552 :enuntia
1495 527 1602 550 virtutes
1610 523 1676 556 ejus,

894 571 939 606 qni
966 577 990 598 le
1022 571 1122 598 vocavit
1156 571 1188 597 de
1217 570 1327 597 tenebris
1358 570 1386 596 in
1413 568 1571 596 admirabile
1592 568 1678 594 lumen

895 623 972 641 suum
992 616 1014 631 "
1037 625 1044 643 :
1065 623 1148 650 super
1162 614 1351 642 misericordia
1374 619 1464 641 autem
1487 621 1536 641 sua
1558 612 1680 648 gloriﬂca

893 668 966 687 eum.

928 705 996 732 XIV.
1016 705 1094 733 Salve
1112 706 1140 732 in
1155 705 1456 737 mternumJndesinens
1479 708 1570 731 nostra
1587 704 1678 730 laetitia

895 751 951 787 [Dei
965 752 1087 779 Genitrix
1111 752 1204 787 Virgo]
1225 761 1231 779 :
1251 752 1283 778 ad
1302 756 1327 779 te
1346 752 1417 779 enim
1436 758 1532 778 rursus
1551 757 1675 777 accurro.

893 797 932 824 Tu
949 798 1028 825 nobis
1044 797 1117 825 festae
1130 798 1197 824 lucis
1214 797 1335 830 initium;
1355 803 1381 823 tu
1403 796 1531 826 medium,
1546 800 1573 822 tu
1591 795 1654 822 ﬁnis
1669 804 1676 822 :

894 844 1090 878 pretiosissima
1107 843 1182 878 regni
1199 844 1342 877 margarita
1357 851 1364 875 ;
1379 850 1443 870 vere
1461 843 1545 869 totius
1561 842 1679 868 victimae

894 889 991 923 adeps;
1006 890 1153 916 animatum
1166 889 1244 923 panis
1261 889 1333 915 illius
1342 888 1403 915 vitae
1416 888 1509 914 altare.
1520 887 1680 918 Salve.dile-

893 935 990 961 ctionis
1008 934 1054 962 Dei
1066 932 1360 966 thesaurezsalvefilii
1372 933 1398 960 in
1414 941 1498 968 genus
1516 933 1676 964 humanum,

892 980 1084 1014 propensionis
1098 980 1171 1007 illius
1185 987 1217 1006 ac
1232 979 1291 1012 ejus
1308 979 1483 1006 humanitatis
1503 978 1564 1005 fons
1581 975 1680 1011 :salve,

893 1024 1010 1060 Spiritus
1026 1026 1112 1052 sancti
1133 1033 1207 1052 mons
1223 1024 1368 1051 inumbrata
1383 1024 1416 1051 “.
1437 1023 1602 1058 Fulgurasti,
1619 1023 1679 1049 dul-

891 1071 986 1098 cidona
997 1071 1089 1106 ,Mater
1103 1071 1200 1098 solaris
1215 1070 1337 1102 luminis,
1353 1069 1572 1104 importahilibus
1589 1068 1679 1094 chari-

892 1116 954 1142 tatis
964 1115 1148 1150 przeferventis
1160 1114 1276 1148 ignibus,
1286 1121 1318 1140 eo
1330 1115 1355 1140 in
1369 1114 1419 1140 line
1431 1117 1509 1148 partu
1520 1113 1593 1140 edito
1603 1112 1676 1147 quod

891 1165 953 1188 ante
978 1160 1141 1195 principium
1162 1164 1322 1194 conceptum
1339 1163 1419 1186 erat:
1439 1159 1526 1194 palam
1545 1159 1677 1190 exhibito,

890 1206 962 1241 quod
979 1211 1038 1233 erat
1053 1206 1240 1233 absconditum
1271 1209 1298 1233 et
1319 1205 1501 1232 inenarrabile
1521 1212 1677 1232 sacramen-

890 1255 965 1284 tum;
994 1251 1122 1279 invisibili
1140 1251 1186 1278 illo
1206 1251 1294 1278 Patris
1319 1250 1404 1282 Filio,
1422 1253 1564 1285 sequestro
1587 1250 1674 1284 pacis,

890 1297 990 1332 quippe
1001 1297 1153 1323 admirabili
1165 1297 1280 1331 quadam
1292 1297 1407 1328 ratione,
1417 1296 1490 1323 omni
1505 1303 1534 1323 se
1545 1296 1678 1330 parvitate

890 1343 1020 1370 minorem
1033 1343 1166 1370 exhibuit.
1177 1342 1320 1376 Propterea
1332 1347 1357 1369 te
1368 1342 1543 1376 deprecamur
1554 1341 1676 1368 omnium

890 1389 1160 1423 pratstantissimam,
1190 1388 1373 1423 maternisque
1401 1387 1551 1414 honoribus
1578 1387 1677 1413 fiducia

890 1434 1059 1469 gloriantem,
1078 1439 1106 1460 ut
1128 1433 1325 1460 indesinentem
1343 1433 1428 1460 nostri
1443 1432 1608 1464 memoriam,
1628 1431 1677 1459 Dei

890 1479 974 1507 Mater
991 1480 1173 1510 sanctissima,
1189 1480 1289 1506 habeas
1303 1489 1309 1506 :
1326 1479 1423 1511 nostri,
1447 1479 1568 1513 inquam,
1584 1479 1629 1514 qui
1647 1479 1676 1506 in

891 1528 918 1551 te
942 1525 1100 1559 gloriamur,
1130 1525 1388 1559 augustiorihusque
1409 1525 1523 1551 canticis
1546 1528 1678 1559 perpettto

891 1571 1022 1598 victuram
1038 1574 1065 1598 et
1077 1571 1159 1597 nullis
1173 1571 1320 1598 dcsiluram
1339 1570 1505 1605 temporibus
1521 1569 1560 1596 tui
1577 1576 1676 1597 memo-

891 1615 959 1642 riam
978 1616 1157 1642 celebramus.
1182 1616 1241 1650 lpse
1264 1616 1354 1647 etiam,
1381 1615 1511 1642 honorate
1527 1623 1608 1642 senex
1629 1614 1674 1641 Si-

890 1669 980 1693 meon,
991 1661 1040 1696 piae
1047 1662 1184 1695 religionis
1198 1665 1297 1688 nostra:
1305 1661 1391 1696 prime
1402 1665 1554 1695 susceptor,
1566 1660 1676 1687 doctor-

890 1715 942 1742 quo
960 1707 1167 1735 resurrectionis
1181 1707 1308 1738 fidelium,
1322 1715 1374 1734 una
1389 1714 1438 1741 pro
1450 1707 1527 1733 nobis
1543 1707 1576 1732 ad
1590 1706 1675 1733 Deum

892 1752 1058 1780 Salvatorem
1078 1760 1157 1786 quem
1177 1753 1298 1778 meruisti
1320 1753 1346 1778 in
1365 1753 1443 1778 ulnas
1459 1753 1608 1786 suscipere,
1626 1759 1674 1786 pa-

890 1803 985 1826 tronus
1000 1797 1107 1825 accede.
1125 1797 1190 1823 Nam
1204 1801 1229 1823 et
1249 1798 1301 1832 ipsi
1327 1804 1380 1824 una
1392 1801 1480 1823 tecum
1498 1797 1618 1829 Christo,
1634 1797 1675 1823 vi-

890 1847 924 1872 t:e
938 1852 969 1870 ac
985 1843 1079 1870 mortis
1096 1846 1254 1878 potestatem
1267 1843 1386 1875 habenti,
1403 1843 1526 1869 canimus
1544 1852 1550 1869 :
1567 1842 1606 1869 Tu
1620 1842 1676 1869 Lu-

889 1898 950 1917 men
966 1897 995 1916 es
1009 1897 1101 1916 verum
1118 1896 1149 1915 ex
1168 1896 1230 1915 vero
1247 1888 1371 1920 Lumine,
1392 1887 1463 1915 Deus
1476 1896 1557 1915 verus
1570 1896 1603 1915 ex
1619 1888 1674 1915 Deo

889 1944 964 1968 vero,
978 1943 1048 1962 unus
1063 1934 1192 1961 Dominus
1208 1938 1270 1961 ante
1283 1940 1448 1968 assumptum
1465 1934 1610 1961 humanam
1625 1941 1674 1961 na-

890 1986 988 2013 turam,
1008 1989 1078 2008 unus
1094 1980 1271 2006 nihilominus
1287 1984 1347 2014 post
1364 1980 1497 2014 ejusmodi
1513 1980 1674 2014 assumptio-

889 2035 963 2058 nem,
987 2026 1060 2053 omni
1085 2026 1162 2060 plane
1185 2025 1375 2060 przedicatioue
1399 2025 1613 2059 prosequendam
1633 2034 1640 2051 :
1657 2032 1673 2052 a

889 2077 925 2104 te,
941 2074 1009 2107 ipse,
1025 2080 1079 2099 non
1091 2080 1137 2107 per
1147 2072 1275 2106 gratiam,
1291 2071 1362 2098 Deus
1381 2081 1387 2098 :
1401 2071 1486 2098 nostri
1501 2079 1565 2099 vero
1579 2079 1672 2104 causa,

890 2120 970 2146 etiam
987 2119 1068 2145 homo
1086 2118 1223 2153 perfectus
1237 2127 1242 2145 :
1256 2126 1288 2145 ex
1300 2122 1337 2149 te,
1355 2117 1422 2152 ipse,
1437 2121 1533 2144 natura
1550 2119 1672 2145 omnium

889 2163 962 2195 Rex,
980 2164 1083 2191 nullius
1101 2163 1240 2198 subjectus
1260 2163 1391 2197 imperio:
1415 2167 1526 2198 propter
1540 2171 1590 2190 nos
1609 2170 1672 2189 vero

890 2214 917 2236 et
929 2213 1051 2236 nostram
1067 2210 1193 2241 salutem,
1208 2209 1289 2236 etiam
1303 2209 1329 2235 in
1347 2208 1432 2235 forma
1450 2208 1531 2239 servi,
1545 2209 1673 2235 immacu-

889 2255 942 2282 late
954 2260 1042 2282 tamen
1055 2259 1136 2290 atque
1149 2255 1297 2290 impollute,
1307 2254 1450 2281 exsistens.
1461 2254 1511 2286 Qui
1524 2254 1596 2281 enim
1609 2254 1669 2288 ipsa

886 2302 925 2328 sis
944 2302 1122 2336 incorruptio,
1149 2302 1246 2328 venisti
1271 2302 1375 2328 solvere
1400 2300 1618 2334 corruptionem,
1640 2303 1672 2326 ut

58 2344 208 2380 incorrupta
223 2345 315 2373 omnia
330 2346 469 2376 redderes.
483 2347 616 2380 Quoniam
634 2351 680 2375 tua
693 2353 734 2375 est
748 2349 831 2384 gloria
846 2353 873 2376 et
888 2352 1018 2383 potestas,
1034 2352 1061 2376 et
1083 2349 1294 2383 magniﬁcentia,
1312 2352 1339 2376 et
1363 2347 1502 2382 maiestas,
1525 2353 1586 2375 cum
1619 2345 1671 2372 Pa-

58 2395 93 2418 tre
107 2395 132 2419 et
147 2391 253 2427 Spiritu
270 2398 376 2426 sancto,
392 2393 418 2420 in
436 2394 533 2421 saecula
554 2395 726 2422 saeculorum.
742 2395 839 2423 Amen.

86 2480 249 2511 “Luam.
271 2481 316 2508 49.
355 2480 450 2508 "ibid.
473 2480 518 2508 52.
556 2481 579 2496 ”
606 2481 664 2510 Ῑδα.
683 2483 770 2512 Ltv,l.
802 2482 825 2497 "

893 2486 939 2509 ειν.
956 2490 986 2514 ll,
1000 2482 1026 2510 9.
1064 2484 1086 2499 ¹⁶
1101 2482 1170 2510 "ab.
1182 2490 1223 2514 nl,
1239 2483 1264 2509 5.

85 2571 135 2606 (81)
150 2571 201 2605 Μὴ
217 2571 324 2605 φοϐοῦ.
346 2570 427 2599 Forte
444 2572 573 2599 subnotat
589 2572 747 2600 Diocletiani
765 2577 834 2600 tem-

85 2613 121 2635 ra.
138 2611 166 2634 et
184 2608 356 2634 decumanos
381 2607 441 2634 illos
462 2606 560 2634 ﬂuctus
577 2607 610 2633 ab
624 2615 656 2634 eo
684 2607 710 2634 in
732 2607 834 2635 Christi

78 2641 196 2668 :clesiam
212 2642 363 2672 excitatos,
379 2642 478 2676 quibus
495 2642 552 2676 ipse
568 2642 728 2675 Methodius,
746 2647 775 2670 ut
791 2651 836 2670 ve-

54 2676 103 2705 rior
119 2676 201 2705 habet
218 2677 326 2712 opinio,
341 2676 455 2705 feliciter
470 2681 572 2712 tamen,
586 2681 613 2706 et
628 2677 768 2713 naufragio
782 2678 836 2706 sal-

887 2582 937 2601 vus
948 2578 1109 2608 portumque
1120 2578 1225 2605 tenens,
1236 2572 1337 2600 Christi
1350 2576 1451 2607 martyr
1462 2572 1605 2606 absorptus
1615 2573 1668 2599 est.

925 2609 981 2642 (82)
1007 2608 1130 2641 Τέλειος.
1150 2608 1229 2635 Forte
1246 2608 1329 2639 τέλος.

924 2638 979 2679 (85)
1001 2638 1125 2679 Ἑαιγτοῦ
1152 2643 1194 2670 δέ.
1215 2642 1293 2670 Forte
1311 2638 1409 2670 ἒιηιτοῦ
1431 2643 1486 2670 καί.
1506 2642 1537 2669 Et
1549 2649 1622 2675 mox,
1633 2638 1668 2668 δι’

890 2679 962 2714 ἡμᾶς
976 2678 1004 2704 δὲ
1021 2678 1076 2705 καί.

741 2770 984 2793 --—.o-—'—
