1909 3069
93 130 143 159 391

659 129 799 157 HOMILIA
818 129 861 158 DE
880 130 995 160 CRUCE
1013 131 1140 160 DOMINI.

1657 137 1708 163 598

92 187 119 214 δὲ
138 189 360 224 ἐπισπασάμενοι
379 188 471 221 ἀνοίας
489 188 628 224 λογισμὸν,
643 189 804 224 συμϐούλιον
820 193 878 217 κατ’

933 199 954 222 el
969 195 1104 228 sapientiw
1115 195 1170 229 ejus
1185 203 1235 222 non
1248 200 1285 223 est
1298 204 1420 224 numerus
1435 198 1468 223 ".
1490 196 1550 224 llaec
1561 197 1634 224 enim
1651 205 1710 224 om-

93 235 174 264 αὑτοῦ
187 236 340 263 ἐποιοῦντο.
359 236 455 269 Ἡμεῖς
465 235 493 261 δὲ
506 235 650 271 ψάλλωμεν
663 244 668 250 ·
685 236 782 271 Μέγης
795 237 810 262 ό
823 236 880 263 Κύ-

90 291 155 317 ριος
176 281 271 317 ἡμῶν,
288 282 339 309 καὶ
350 282 466 317 μεγάλη
485 282 504 315 ἡ
521 282 611 316 ἰσχὺς
631 282 734 313 αὑτοῦ,
755 282 804 308 καὶ
825 281 880 316 τῆς

92 327 247 361 συνέσεως
270 327 365 355 αὑτοῦ
388 329 443 354 οὐκ
467 327 553 353 ἐστιν
574 328 704 361 ἀριθμός.
722 327 812 354 Ταῦτα
826 327 880 363 γὰρ

94 375 201 402 ἅπαντα
223 373 351 407 γέγονεν,
373 373 416 400 ῐνα
439 374 455 399 ὁ
472 373 563 407 αἴρων
585 372 642 406 τὴν
659 373 804 407 ἁμαρτίαν
826 373 879 400 τοῦ

93 419 207 453 κόσμου
235 419 338 453 Ἁμνύς
357 419 402 445 καὶ
423 418 484 450 Υἱὸς
507 418 554 445 τοῦ
569 418 636 444 Θεοῦ
659 419 789 450 ἑκουσίως
809 420 878 455 ὑπὲρ

93 464 170 500 ἡμῶν
185 465 232 490 ἐπὶ
243 464 274 490 τὸ
293 464 423 500 σωτήριον
437 463 520 495 πάθος
533 463 597 500 ἔλθῃ
609 465 654 491 καὶ¹
672 464 718 491 ἐπὶ
732 465 762 490 τὸ
775 466 879 500 πρατή-

94 518 150 546 ριον
173 509 212 545 (⁵5)
236 510 385 546 γνωρισθῇ,
403 510 449 536 καὶ
463 510 487 536 οἱ
508 509 686 545 ἐξωνούμενοι
706 510 752 537 τὸν
766 510 880 543 ἐξωνού-

96 563 174 589 μενον
188 554 228 589 τῷ
250 554 373 590 ζωοποιῷ
386 554 467 581 αὐτοῦ
483 555 577 590 αἵματι
593 555 638 581 τὸν
651 556 751 590 κόσμον
767 565 879 592 συμφω-

93 601 195 635 νήσωσι
219 601 367 635 τριάκοντα
381 601 530 636 ἀργυρίοις,
547 601 594 628 καὶ
614 601 644 627 τὸ
665 601 773 636 Πάσχα
798 602 882 637 ἡμῶν

92 645 158 680 τιλθῇ
175 646 246 682 ὑπὲρ
266 646 344 681 ἡμῶν
366 647 497 682 Χριστός·
515 647 590 678 ὅπως
603 648 627 673 οἱ
644 647 682 682 τῷ
705 648 787 683 τιμίῳ
799 648 879 675 αὑτοῦ

93 691 188 726 αἵματι
201 691 399 726 ῥαντιζόμενοι,
415 691 463 717 καὶ
477 691 511 717 τά
523 691 600 726 χείλη
613 691 651 723 ὼς
667 691 746 726 φλιὰς
763 700 879 728 σφραγι-

93 735 210 771 ζόμενοι,
238 736 379 770 ἐκφύγωσι
397 736 443 763 τοῦ
468 737 655 772 ὀλοθρεύοντος
673 736 708 763 τὰ
731 737 810 773 βέλη·
833 738 880 765 καὶ

92 781 177 813 οὕτως
200 782 215 808 ὁ
239 781 334 808 παθὼν
356 782 438 818 σαρκὶ
460 783 586 818 Χριστὸς,
603 782 649 810 καὶ
672 782 789 814 ἀναστὰς
808 783 882 818 τριή-

929 239 974 265 nia
991 238 1061 266 facta
1073 243 1146 272 sunt,
1162 244 1191 266 ut
1202 240 1290 274 Agnus
1305 241 1349 267 ille
1364 245 1391 267 et
1409 241 1491 269 Filius
1509 241 1554 269 Dei
1579 243 1624 277 qui
1639 243 1707 269 tollit

927 291 1061 319 peccatum
1073 285 1163 313 mundi
1179 286 1211 318 ⁵⁸,
1238 290 1334 321 sponte
1347 294 1396 321 pro
1407 288 1484 315 nobis
1503 288 1534 315 ad
1560 288 1707 316 salutarem

929 332 1081 366 passionem
1107 332 1249 360 accederet
1266 342 1271 359 :
1289 337 1369 368 utque
1383 334 1456 360 velut
1469 333 1496 360 in
1525 333 1584 360 foro
1596 339 1622 362 et
1643 342 1708 361 ven-

928 378 1040 407 ditionis
1056 380 1146 414 lapide
1173 385 1401 415 cognosreretur;
1419 381 1491 416 iique
1505 382 1550 416 qui
1576 386 1707 414 emerent,

928 425 1038 460 triginta
1051 427 1187 461 argenteis
1198 434 1258 454 eum
1276 426 1479 462 paciscerentur
1493 428 1526 459 '9,
1542 428 1587 462 qui
1602 429 1708 455 vivilico

929 472 1061 510 sanguine
1075 481 1124 501 suo
1149 473 1281 500 mundum
1304 473 1491 508 redempturus
1506 479 1594 507 esset;
1611 481 1642 501 ac
1656 473 1708 500 Pa-

929 520 992 547 scha
1008 524 1128 546 nostrum
1141 519 1160 550 ¹,
1177 527 1226 553 pro
1239 519 1318 546 nobis
1341 519 1478 551 Christus,
1508 519 1596 546 hostia
1611 519 1685 547 ﬁeret
1700 529 1707 546 :

929 570 959 593 ut
971 565 1017 600 qui
1028 565 1087 600 ejus
1099 564 1218 599 pretioso
1234 564 1366 599 sanguine
1380 568 1472 591 essent
1495 565 1610 598 aspersi.
1629 572 1659 590 ac
1674 565 1708 590 la-

929 612 982 645 bia,
1000 616 1128 646 tanquam
1145 615 1236 646 postes
1267 611 1365 646 signati
1381 611 1402 643 ',
1423 610 1643 638 exterminatoris
1657 610 1708 637 tela

930 658 1079 693 effugerent
1092 667 1098 684 :
1112 657 1205 692 sicque
1220 665 1316 692 passus
1329 664 1409 684 carne
1420 656 1557 687 Christus,
1570 660 1596 683 et
1607 655 1709 682 tridua-

930 711 982 731 nus
1008 703 1166 735 suscitatus,
1185 702 1244 738 pari
1268 710 1329 730 cum
1350 701 1429 729 Patre
1446 706 1472 729 et
1499 701 1603 737 Spiritu
1616 708 1710 729 sancto

930 748 1033 776 honore
1043 752 1069 774 et
1085 748 1181 782 gloria,
1195 755 1209 774 a
1224 747 1323 774 creatis
1333 748 1458 775 omnibus
1471 747 1572 782 pariter
1584 747 1709 774 adorare-

931 797 985 824 tur,
1001 793 1063 828 quia
1079 793 1129 827 ipsi
1141 793 1259 827 ﬂectetur
1277 800 1351 819 omne
1368 801 1433 827 genu
1459 792 1613 823 cwlestium,
1631 797 1709 817 terre-

95 835 184 862 μερος,
205 827 245 862 τῷ
270 828 358 863 Πατρὶ
382 827 482 863 καὶτῷ
497 828 566 863 ἁγιῳ
584 828 722 864 Πνεύματι
744 829 879 864 ὸμοτίμως

933 827 1021 863 mium
1034 840 1059 863 et
1076 835 1237 870 infernarum
1254 836 1274 867 ',
1288 836 1339 870 ipsi
1354 837 1540 864 submitleutes
1552 836 1665 872 gloriam
1679 835 1709 864 in

94 872 137 898 καὶ
155 872 292 907 όμοδόξως
308 873 384 908 παρὰ
398 873 488 909 πάσης
503 874 615 906 κτίσεως
631 875 858 910 συμπροσκυνηθῇ
868 883 875 890 ·

933 882 1031 909 saecula
1048 882 1219 910 saeculorum.
1233 882 1328 910 Amen.

92 919 131 946 ὃτι
143 919 224 952 αὐτῷ
237 919 352 954 κάμψει
367 920 428 947 πᾶν
448 922 520 956 γόνυ
535 922 729 956 ἐπουρανίων,
743 923 792 949 καὶ
814 922 878 948 ἐπι-

91 964 184 999 γείων,
203 965 255 992 καὶ
278 962 493 999 καταχθονίων,
514 965 592 999 δόξαν
611 965 684 1001 αὑτῷ
703 966 918 1001 ἀναπέμποντες,
935 967 975 997 εἰς
991 966 1054 997 τοὺς
1068 966 1169 997 αἰῶνας
1182 965 1235 993 τῶν
1249 965 1363 993 αἰώνων.
1389 966 1483 1002 Ἀμήν.

654 1143 967 1188 EXCERPTA
1015 1143 1156 1187 TBIA

379 1237 427 1265 EX
445 1237 587 1267 HOMILIA
607 1238 634 1266 S.
654 1239 818 1267 METHODll
839 1239 883 1266 DE
901 1238 1016 1266 CRL'CE
1035 1238 1078 1265 ET
1097 1237 1265 1266 PASSIONE
1284 1238 1421 1266 CHRISTI

312 1353 400 1390 (Apud
417 1353 576 1386 Gretsemm,
591 1358 654 1381 tam.
669 1353 705 1386 ll,
716 1353 754 1381 De
770 1357 864 1380 sancta
880 1359 972 1384 cruce,
987 1360 1047 1388 pag.
1065 1352 1114 1380 401
1132 1361 1190 1379 nov.
1208 1352 1270 1380 edit.
1288 1352 1390 1379 Ratisb.
1406 1351 1498 1388 1754.)

92 1409 236 1446 Πεθοᾷίου
261 1409 527 1446 ἐπισκόπουλτρὸς
538 1408 618 1446 ἒτοὺς
626 1407 798 1446 ῌλέγονταςς
820 1408 879 1446 c-Tl

933 1406 1246 1446 Metltodiifgiscopi,_ad
1257 1408 1358 1446 eosAqui
1373 1407 1483 1446 dicunt:
1500 1416 1509 1432 ι
1528 1407 1598 1446 Quid
1611 1410 1710 1446 profuit

125 1444 285 1478 ὠφέλησεν
298 1443 378 1478 ἡμᾶς
391 1446 407 1470 ὀ
421 1444 486 1476 Υἱὸς
498 1444 551 1470 τοῦ
567 1442 639 1470 Θεοῦ
653 1443 816 1477 σιιρκωθεὶς
828 1443 877 1470 ἐπὶ

126 1479 182 1513 τῆς
196 1480 246 1506 καὶ
262 1480 422 1514 γενόμενος
435 1479 603 1514 ἅνθρωπος;
613 1478 662 1505 καὶ
671 1478 720 1514 διὰ
733 1479 760 1505 τί
771 1478 810 1514 τῷ
826 1478 878 1505 τοῦ

127 1513 414 1549 σταυροῧσχήματι
437 1513 584 1548 ἠνέσχετο
611 1513 724 1546 παθεῖν,
750 1513 798 1540 καὶ
824 1515 879 1549 οὐκ

127 1549 207 1582 ἄλλῃ
231 1549 291 1588 τινὶ
319 1549 439 1583 τιμωρίᾳ
447 1557 457 1580 ;
479 1549 528 1575 καὶ
552 1549 580 1575 τί
600 1549 633 1575 τὸ
654 1549 804 1583 χρήσιμον
825 1548 878 1575 τοῦ

127 1591 261 1618 σταυρου
271 1592 280 1615 ;
305 1593 314 1609 ›

134 1629 323 1664 Ἐπεδήμησεν
344 1630 358 1655 ὁ
374 1629 436 1661 Υἱὸς
451 1629 496 1656 τοῦ
514 1629 581 1655 Θεοῦ
598 1629 714 1664 Χριστος
737 1629 880 1663 ἐπιταγαῖς

93 1676 139 1703 τοῦ
158 1676 266 1711 Πατρὸς
283 1678 318 1712 τῇ
334 1676 417 1711 ὀρατῇ
435 1677 530 1707 κτίσει,
547 1676 590 1702 ἵνα
609 1675 650 1710 δὴ,
664 1675 698 1702 τὰ
717 1675 803 1710 κράτη
824 1673 878 1701 τῶν

93 1722 294 1757 τυραννούντων
307 1721 459 1756 ἀνατρέψας
474 1721 617 1756 δαιμόνων,
633 1721 755 1757 ἐξέληται
769 1723 818 1758 τῆς
835 1731 880 1748 πι-

94 1768 162 1803 κρᾶς
181 1767 230 1798 τὰς
246 1766 335 1802 ψυχὰς
350 1767 479 1799 δουλείας,
495 1767 551 1793 ἀνθ’
574 1764 611 1794 ὧν
628 1768 708 1802 φύσις
722 1767 806 1798 πᾶσα,
819 1769 878 1799 ταῖς

95 1812 256 1848 προποσίαις
266 1812 315 1847 τῆς
328 1811 434 1844 ἀδικίας
446 1812 656 1847 γεγοητευμένη,
667 1812 781 1848 θορύϐου
793 1821 822 1839 τε
833 1814 879 1841 καὶ

93 1858 206 1891 ἀταξίας
228 1858 415 1894 ἐπεπλήρωτο,
437 1859 487 1885 οὐκ
504 1858 544 1885 ἔτι
563 1858 616 1885 τῶν
635 1859 825 1894 συμφερόντων
840 1860 879 1890 εἰς

93 1905 244 1939 ἀνάμνησιν
270 1903 434 1939 ἀναδραμῖν
461 1904 586 1939 οὐδαμῶς
607 1904 753 1940 δυναμένη.
779 1905 879 1940 Διόπερ

95 1949 140 1975 καὶ
156 1949 226 1984 πρὸς
242 1949 275 1975 τὰ
292 1949 386 1975 εἴδωλα
407 1949 505 1985 ῥᾳδίως
523 1950 635 1982 εἵλκετο,
652 1951 699 1977 ἅτε
714 1950 878 1977 ὲπικλύσαν-

93 2003 137 2026 τος
153 1995 243 2022 πάντα
257 1995 302 2021 τοῦ
316 1995 413 2026 κακοῦ,
427 1996 473 2022 καὶ
487 1996 576 2027 πάσας
590 1997 734 2032 ὲπινενεμη
740 1995 818 2032 μένου
830 1995 878 2027 τὰς

93 2040 189 2075 γενεὰς
210 2040 280 2067 κατὰ
301 2041 350 2076 τὴν
370 2039 519 2074 ἀλλοίωσιν,
543 2042 592 2077 τὴν
615 2043 647 2068 ὲκ
662 2043 711 2078 τῆς
736 2042 878 2078 παρακοῆς

967 1443 1040 1469 nobis
1058 1442 1145 1469 Filius
1163 1442 1208 1468 Dei
1224 1444 1366 1477 cruciﬁxus
1386 1443 1411 1468 in
1427 1448 1513 1474 terra,
1527 1448 1551 1479 et
1573 1442 1711 1479 hoino'fa-

964 1479 1041 1505 ctus?
1056 1482 1080 1504 et
1096 1485 1176 1513 quare
1190 1479 1275 1504 crucis
1290 1479 1375 1512 ﬁgura
1394 1478 1451 1511 pali
1469 1478 1603 1511 sustinuit,
1619 1485 1643 1507 et
1660 1478 1711 1509 non

964 1513 1070 1575 aliquod
1088 1513 1161 1539 aliud
1186 1513 1366 1547 supplicium?
1388 1517 1414 1539 et
1439 1521 1504 1547 quo;
1522 1514 1625 1542 utilitas
1652 1525 1711 1543 cru-

963 1556 1000 1574 cis
1042 1557 1051 1573 ›

969 1626 1096 1655 Versatus
1115 1631 1157 1654 est
1184 1627 1311 1656 Christus
1329 1627 1375 1655 Dei
1398 1627 1493 1662 Filius,
1518 1637 1550 1656 ex
1577 1636 1712 1666 praecepto

929 1673 1029 1706 Patris,
1047 1681 1108 1700 cum
1129 1673 1231 1700 visibili
1247 1677 1382 1705 creatura,
1399 1678 1429 1700 ut
1447 1674 1567 1710 imperiis
1582 1680 1710 1712 tyranno-

930 1727 1002 1752 rum,
1018 1720 1171 1747 dzrmonum
1188 1719 1324 1752 videlicet,
1343 1721 1455 1752 eversis,
1474 1722 1590 1756 eriperet
1607 1723 1712 1751 animas

929 1774 962 1793 ex
976 1765 1035 1792 dira
1054 1765 1193 1797 servitute,
1217 1773 1250 1792 eo
1273 1765 1346 1799 quod
1366 1769 1421 1793 tota
1447 1772 1543 1794 natura
1571 1768 1712 1803 propinata

929 1813 1002 1840 velut
1019 1812 1162 1847 iniquitate
1189 1811 1332 1844 fascinata,
1359 1813 1492 1840 tumultus
1516 1813 1712 1850 turbarumquo

929 1859 1008 1893 plena
1026 1858 1124 1890 fuerat,
1137 1865 1186 1885 nec
1210 1858 1306 1892 jam.in
1325 1865 1415 1885 rerum
1432 1859 1538 1886 utilium
1555 1861 1712 1887 memoriam

929 1903 1020 1931 redire
1039 1903 1095 1931 ullo
1118 1903 1200 1930 modo
1227 1906 1343 1938 poterat.
1372 1902 1543 1939 Quapropter
1571 1905 1652 1932 etiam
1677 1905 1712 1933 al

930 1949 1000 1976 idola
1017 1948 1096 1977 facile
1111 1949 1281 1980 trahebatur,
1299 1949 1398 1983 quippe
1420 1957 1482 1976 curn
1501 1949 1600 1976 malum
1623 1951 1712 1978 omnia

929 1994 1076 2025 obruisset,
1093 2001 1242 2029 omnesque
1265 1993 1407 2028 depastum
1428 2001 1488 2021 esse
1511 1995 1713 2029 generationes.

930 2044 1041 2075 propter
1063 2041 1239 2067 mutationem
1257 2048 1317 2074 qua:
1332 2040 1438 2067 carneis
1460 2040 1643 2068 tabernaculis
1665 2049 1711 2068 no-

93 2085 333 2121 προγεγενημένην
343 2087 403 2118 ταῖς
417 2086 558 2122 ἐνσάρκοις
569 2087 648 2122 ἡμῶν
662 2089 788 2122 σκηναῖς·
803 2088 854 2119 ἕως
865 2089 879 2115 ὁ

933 2086 997 2113 stris
1011 2093 1044 2113 ex
1066 2085 1249 2113 inobedientia
1269 2085 1439 2120 promanavit
1456 2095 1462 2113 :
1477 2086 1563 2113 donec
1589 2087 1714 2116 Christus

93 2131 194 2167 Κύριος
207 2130 324 2166 Χριστὸς
338 2131 371 2157 δι’
384 2129 417 2167 ἦς
432 2132 553 2167 ἐπεφάνη
568 2133 668 2168 σαρκὸς
682 2133 720 2168 τῷ
735 2133 794 2168 βίῳ,
811 2134 881 2169 ἀμυ-

93 2177 200 2212 δρὼσας
215 2177 269 2203 τῶν
285 2177 385 2212 ἡδονῶν
401 2177 451 2209 τὰς
467 2178 604 2210 ἐπιϐολὰς,
623 2176 666 2210 αἷς
686 2180 714 2205 αἱ
737 2179 812 2206 κάτω
834 2179 879 2205 δυ-

93 2222 189 2256 νάμεις
207 2221 267 2249 καθ’
284 2222 363 2258 ἡμῶν
376 2222 524 2255 ὡπλίζοντο
542 2224 742 2251 καταδουλῶσαι
766 2225 797 2251 τὺ
820 2225 878 2252 δια-

94 2268 228 2303 νοητικὺν,
246 2267 386 2303 ἐλεύθερον
407 2269 515 2296 πάντων
537 2270 583 2295 τὸν
604 2269 746 2304 ἄνθρωπον
768 2270 879 2302 διέδειξε

94 2313 197 2339 κακῶν.
213 2313 314 2340 Τούτου
331 2314 385 2349 γὰρ
399 2314 479 2341 ἕνεκα
490 2315 536 2341 καὶ
552 2314 639 2351 σάρκα
655 2315 783 2351 ὲφόρεσεν
796 2317 810 2343 ὁ
823 2316 880 2342 Κύ-

96 2367 152 2394 ριος
172 2360 287 2395 Ἰησοῦς,
302 2361 348 2387 καὶ
361 2360 503 2396 ἄνθρωπος
516 2361 635 2395 ἐγένετο,
651 2362 697 2388 καὶ
717 2361 877 2398 προσηλώθη

95 2406 133 2440 τῷ
155 2405 265 2442 σταυρῷ
283 2405 508 2441 οίκονομούμενος
520 2414 526 2420 ·
547 2406 620 2438 ὅπως
635 2407 668 2433 δι’
684 2405 717 2442 ἧς
740 2407 840 2443 σαρκὸς
854 2408 880 2433 οἱ

95 2451 220 2486 δαίμονες
239 2451 375 2483 ἀναδεῖξαι
390 2451 467 2483 θεοὺς
482 2451 704 2486 ὴλαζονεύσαντο,
719 2452 787 2488 πρὸς
798 2452 880 2480 θάνα-

94 2505 138 2524 τον
158 2497 209 2529 τὰς
229 2496 317 2532 ψυχὰς
340 2496 459 2532 μεθόδοις
482 2496 589 2532 ἀπάτης
609 2497 881 2532 ἀγκιστρευσάμενοι,

96 2541 252 2577 διὰταύτης
265 2541 468 2576 ἀνατραπέντες
493 2541 711 2568 κατοπευθῶσιν
733 2542 783 2569 οὐκ
807 2541 882 2574 ὄντες

97 2586 161 2614 θεοί.
178 2587 298 2614 Κωλύων
315 2587 370 2622 γὰρ
385 2587 431 2613 ἐπὶ
448 2587 528 2613 πλέον
549 2587 664 2622 ἀρθῆναι
683 2587 731 2622 τὴν
747 2587 883 2622 μεγαλαύ-

97 2640 174 2666 χησιν
186 2630 286 2663 αὐτῶν,
303 2631 444 2666 ἄνθρωπος
460 2631 582 2666 ἐγένετο·
599 2631 641 2658 ἵνα
652 2632 683 2666 δὴ
698 2632 731 2658 δι’
745 2628 775 2658 οὗ
792 2632 884 2667 σώμα-

129 2690 247 2727 '1_Psal.
274 2698 355 2722 CXLV,
381 2691 407 2718 5.
445 2691 559 2719 ⁹⁸1οαη.
582 2699 601 2724 I,
630 2692 675 2720 29.
714 2693 736 2709 ’³
761 2692 856 2721 Hatth.

933 2702 961 2727 ηι,
984 2694 1027 2721 15.

99 2732 128 2756 Il,
143 2725 186 2752 to.

133 2802 170 2835 l5)
191 2803 257 2830 Ἐπὶ
272 2803 306 2830 τὸ
329 2811 407 2837 πρατ

100 2837 166 2869 ρίου.
186 2837 303 2867 Budmrs
321 2839 374 2866 col.
390 2837 455 2866 mihi
469 2839 530 2866 272.

932 2130 1063 2159 Dominus
1079 2139 1127 2166 per
1138 2138 1247 2159 carnem
1266 2131 1293 2158 in
1313 2139 1366 2166 qua
1389 2131 1455 2158 vixit
1478 2136 1505 2159 et
1519 2133 1655 2167 apparuit,
1670 2141 1715 2161 re-

931 2176 1034 2211 pressis
1045 2177 1212 2211 voluptatum
1231 2177 1387 2209 insultibus,
1407 2178 1505 2212 quibus
1528 2178 1641 2206 inferum
1665 2187 1714 2214 pn-

931 2226 1043 2250 testates
1061 2222 1205 2250 adversum
1225 2230 1275 2250 nos
1291 2227 1402 2249 armata
1417 2226 1534 2249 mentem
1562 2223 1589 2250 in
1603 2224 1715 2251 servitu-

930 2272 984 2297 tem
1004 2268 1172 2303 redigebant,
1187 2268 1322 2295 hominem
1339 2268 1465 2295 omnibus
1481 2269 1560 2297 malis
1579 2269 1713 2297 liberavit.

931 2314 1019 2348 Hujus
1033 2315 1104 2341 enim
1123 2314 1161 2341 rei
1184 2314 1271 2349 gratia
1295 2317 1322 2340 et
1341 2321 1452 2340 carnem
1476 2314 1560 2348 gessit
1583 2313 1714 2343 Dominus

930 2360 1020 2392 Jesus,
1034 2363 1061 2387 et
1079 2361 1160 2387 homo
1177 2360 1265 2386 factus
1282 2363 1333 2390 est,
1347 2363 1373 2386 et
1386 2359 1459 2386 cruci
1476 2367 1524 2394 per
1537 2359 1656 2387 divinam
1673 2361 1715 2388 di-

931 2406 1131 2441 spensationem
1149 2405 1261 2432 afﬁxus:
1275 2409 1304 2432 ut
1320 2412 1368 2439 per
1384 2412 1465 2439 quam
1484 2412 1594 2432 carnem
1614 2406 1714 2433 daemo-

930 2459 980 2479 nes
995 2452 1112 2486 superbe
1125 2451 1191 2478 deos
1205 2450 1327 2478 ementiti
1347 2449 1465 2481 fuerant,
1486 2450 1627 2478 animabus
1639 2458 1713 2477 eom-

931 2496 1061 2531 pendiosa
1080 2496 1177 2523 fraude
1193 2496 1290 2531 captis,
1308 2503 1356 2530 per
1369 2502 1428 2522 eam
1455 2494 1552 2528 deiecti
1580 2496 1714 2530 despecti-

931 2551 985 2577 que
998 2546 1100 2573 essent,
1120 2546 1149 2569 ut
1165 2549 1220 2568 non
1236 2542 1285 2569 dii.
1308 2541 1451 2569 Prohibuit
1473 2542 1546 2569 enim
1569 2542 1648 2569 altius
1667 2549 1710 2568 ex-

932 2588 990 2614 tolli
1003 2588 1158 2622 superbiam
1175 2588 1307 2622 ipsorum,
1325 2587 1413 2615 factus
1422 2588 1517 2621 homo;
1536 2591 1565 2614 ut
1580 2595 1626 2622 per
1642 2586 1713 2621 quod

934 2641 1045 2669 corpus,
1058 2633 1174 2661 rationis
1188 2633 1324 2669 particeps
1346 2642 1432 2669 genus
1454 2642 1469 2661 a
1494 2635 1550 2661 veri
1577 2633 1623 2660 Dei
1640 2634 1713 2660 cultu

1067 2694 1075 2710 ¹
1093 2693 1107 2720 1
1123 2693 1185 2721 Cor.
1198 2702 1224 2725 v,
1241 2694 1268 2721 7.
1307 2695 1316 2709 ’
1336 2694 1422 2721 Exod.
1444 2702 1483 2726 χι,
1510 2694 1535 2721 7.
1573 2693 1584 2710 ³
1601 2693 1714 2727 Philipp.

408 2803 516 2841 ήρςονη
531 2803 611 2833 Velut
634 2804 763 2832 nimirum
784 2813 879 2834 venum

933 2806 1064 2841 xpositus,
1093 2806 1148 2841 ipse
1171 2805 1262 2833 mundi
1287 2806 1413 2840 pretium,
1448 2806 1511 2841 περὶ
1537 2805 1583 2832 τοῦ
1613 2813 1718 2840 κρατη-
