1909 3069
201 151 254 180 405

689 150 717 177 S.
739 148 903 178 METllODIl
923 149 1076 178 EPISCOPI
1097 148 1140 177 ΕΤ
1161 147 1341 178 MARTYRIS

1756 151 1810 182 ιοι

198 221 260 249 quae
273 213 462 240 immutantur.
476 211 598 247 Namque
622 215 648 239 et
671 211 796 239 homines
819 216 846 239 et
871 212 975 247 reliqua

1029 219 1096 246 μενα
1110 211 1156 237 καὶ
1171 210 1206 237 τὰ
1221 210 1356 246 ἐρχόμενα
1370 209 1424 237 τῶν
1436 209 1512 242 ζώων
1521 212 1613 248 χαριαὶ
1625 212 1639 230 ⁸
1649 212 1692 248 ἐφ’
1707 209 1745 240 ὧν
1760 214 1813 249 μὴν

199 258 337 289 animalia,
361 259 434 285 circa
449 265 481 285 ea
497 258 524 284 in
545 257 644 292 quibus
660 257 761 292 aliquid
786 261 899 291 possunt
915 265 978 292 ope-

198 308 305 335 rantur,
331 305 403 331 circa
429 312 460 330 ea
482 304 510 330 in
524 303 624 338 quibus
639 311 693 330 non
709 308 834 338 possunt,
859 303 978 330 resoluta

198 350 301 378 viribus
315 350 384 377 nihil
403 353 495 384 agunt.
513 348 656 383 Propterea
673 349 743 376 hanc
758 350 792 376 ob
806 357 917 376 causam
934 348 978 375 Fi-

199 395 253 422 lius
270 395 315 422 Dei
328 395 354 422 in
370 395 478 421 homine
491 394 690 421 circumclusus
705 398 756 426 est,
774 394 846 428 quod
866 394 918 421 hoc
940 393 978 421 illi

199 440 368 474 impossibile
383 447 437 466 non
451 443 519 466 erat.
538 439 641 466 Virtute
664 439 735 466 enim
751 446 851 474 passus
866 443 917 469 est,
932 439 979 466 im-

200 486 335 520 passibilis
347 494 471 516 manens.
487 492 513 513 et
530 490 653 514 mortuus
667 491 720 519 est,
736 486 977 520 incorruptibilita-

199 535 251 558 tem
263 532 425 560 mortalibus
439 533 555 560 donans.
569 532 675 568 Corpus
688 532 822 568 siquidem
838 540 852 559 a
864 539 978 566 corpore

197 579 369 606 verberatum
381 583 428 606 aut
446 584 561 610 sectum,
577 579 745 607 tantumdem
760 580 919 606 verberatur
931 583 978 606 aut

197 629 318 658 secatur,
345 631 476 660 quantum
509 626 656 653 verberans
682 626 805 654 verberat
825 629 853 653 et
879 632 977 653 secans

196 675 281 698 secat.
301 671 456 698 Secundum
472 673 543 699 enim
567 673 607 700 rei
632 672 762 707 subjecta:
785 680 976 707 repercussum

196 716 349 744 verberanti
368 717 439 745 ictus
451 719 496 750 tit,
513 726 574 745 cum
588 719 701 754 aequalia
727 718 781 753 pati
803 726 915 745 necesse
930 718 975 749 sit.

195 766 222 790 et
238 770 331 797 agens,
349 767 376 791 et
396 763 422 790 id
437 764 509 798 quod
526 765 624 799 agitur.
642 764 782 798 Siquidem
805 764 829 790 si
845 764 917 798 quod
934 771 977 791 se-

195 810 275 834 catur
289 815 351 834 cum
370 816 451 843 parva
461 809 620 836 habitudine
631 810 734 837 secanti
749 817 802 836 non
817 817 978 844 corrcspon-

195 853 276 884 derit,
292 853 362 888 quod
378 857 453 881 secat
466 862 559 881 secare
572 862 626 881 non
644 855 753 889 poterit.
779 853 887 880 Lationi
902 854 974 881 enim

1029 257 1062 283 ἂν
1078 256 1208 283 δύνωνται
1225 265 1252 282 τι
1265 256 1363 292 δρᾶσαι
1378 256 1542 291 ἐνεργοῦσιν,
1559 258 1601 292 ἐφ’
1613 254 1650 284 ὧν
1666 259 1699 285 ἂν
1713 259 1751 295 μὴ
1765 260 1814 286 δύο

1029 310 1126 328 νωνται
1141 301 1264 336 φθίνωσι.
1280 301 1379 337 Διόπερ
1393 301 1478 338 ταύτῃ
1494 303 1592 338 μᾶλλον
1608 303 1763 340 κεχώρηται
1784 306 1814 332 ὲν

1028 347 1161 382 ἀνθρώπῳ
1182 348 1196 373 ό
1213 347 1275 379 Υἰὺς
1296 347 1343 373 τοῦ
1360 347 1437 379 Θεοῦ,
1459 348 1499 375 ὅτι
1524 349 1561 385 μὴ
1583 347 1618 384 ἦν
1640 349 1714 386 αὐτῷ
1733 350 1814 377 τοῦτο

1028 393 1171 420 ἀδύνατον·
1197 393 1237 419 ὃτι
1260 394 1372 429 δυνάμει
1397 395 1444 420 καὶ
1464 394 1561 421 ἔπαθεν
1585 395 1691 430 ἀπαθὴς
1712 396 1812 430 μένων,

1028 439 1074 465 καὶ
1109 439 1218 471 ἔθανεν,
1251 439 1400 466 ἀθανασίαν
1429 438 1469 473 τῷ
1506 440 1594 476 θνητῷ
1623 441 1812 476 χαριζόμενος.

1028 485 1110 520 Σῶμα
1136 485 1184 520 μὲν
1207 484 1259 520 γὰρ
1277 485 1328 510 ὑπὸ
1355 484 1478 521 σώματος
1493 487 1658 521 τυπτόμενον
1678 487 1694 522 ἢ
1714 486 1813 522 τεμνό-

1029 541 1108 567 μενον
1134 532 1258 558 τοσοῦτον
1281 532 1410 558 τύπτεται
1435 533 1452 568 ἢ
1473 533 1612 568 τέμνεται,
1635 533 1696 559 ὅσον
1720 533 1754 559 ἂν
1782 532 1814 559 τὺ

1027 579 1126 606 τύπτον
1151 578 1255 611 τύπτει,
1288 579 1335 605 καὶ¹
1359 579 1388 605 τὸ
1414 579 1576 614 τεμνόμενον
1603 579 1706 615 τέμνει.
1734 581 1814 607 Κατὰ

1028 625 1202 660 ὰντιτύπησιν
1226 625 1279 661 γὰρ
1308 624 1354 652 τοῦ
1383 625 1562 660 ὑποκειμένου
1582 625 1621 660 τῷ
1645 625 1773 653 τύπτοντι
1795 627 1812 662 ἡ

1028 670 1117 707 πληγὴ
1132 671 1246 705 γίνεται,
1265 672 1295 698 ὲν
1318 671 1368 706 ἴσῳ
1389 671 1468 697 πάθει
1488 672 1542 697 τῶν
1564 672 1702 708 ἑκατέρων
1728 672 1814 699 όντων

1027 717 1074 743 καὶ
1097 717 1143 743 τοῦ
1167 717 1284 753 δρῶντος
1311 718 1357 743 καὶ
1382 717 1428 743 τοῦ
1453 717 1601 753 δρωμένου.
1634 718 1743 752 Ἀμέλει
1766 718 1813 744 ἐὰν

1029 763 1065 798 μὴ
1092 762 1122 789 τὸ
1145 763 1309 799 τεμνόμενον
1338 762 1406 798 μετὰ
1428 763 1521 798 ὀλίγης
1544 762 1625 795 ἕξεως
1649 763 1814 800 ἀντιτορήσῃ

1026 807 1065 843 τῷ
1092 809 1227 843 τέμνοντι,
1258 808 1289 835 τὸ
1315 808 1479 844 τεμνόμενον
1505 808 1613 843 τέμνειν
1642 809 1672 835 οὑ
1701 809 1813 844 δυνήσε-

1026 863 1081 881 ται.
1099 855 1138 890 Τῇ
1154 854 1208 890 γὰρ
1222 855 1290 890 φορᾷ
1307 854 1398 889 ξίφους
1410 855 1459 880 οὐκ
1473 854 1754 890 ἁντιπαραμείναντος
1766 853 1812 880 τοῦ

193 898 269 926 ensis
284 900 306 926 si
324 907 378 926 non
391 900 526 927 obstiterit
535 901 686 935 subjectum
699 908 810 935 corpus,
823 900 870 928 sed
884 901 974 936 potius

1027 899 1205 934 ὑποκειμένου
1238 899 1372 935 σώματος,
1402 899 1471 926 ἀλλὰ
1499 899 1667 931 σννείξαντος
1701 899 1812 934 μᾶλλον,

194 944 319 976 cesserit,
332 945 406 972 omni
423 945 520 973 all‘ectu
533 946 656 980 operatio
673 945 860 978 frustrabitur,
888 950 918 973 ut
939 941 976 973 vi-

195 990 259 1018 dere
270 994 312 1018 est
332 992 357 1018 in
376 992 537 1026 corporibus
562 993 753 1020 subtilioribus
768 993 839 1028 ignis
853 997 880 1021 et
893 994 974 1022 aeris.

195 1035 358 1063 Dissolvitur
374 1045 490 1072 namque
511 1037 537 1064 in
553 1038 688 1065 similibus
710 1042 856 1072 manetque
873 1038 976 1073 absque

194 1081 292 1109 cllectu
307 1082 466 1109 solidiornm
480 1091 626 1118 corporum
637 1084 764 1118 impetus.
779 1083 856 1116 Quod
871 1084 893 1111 si
906 1084 976 1119 ignis

195 1131 242 1154 aut
257 1136 314 1159 aer,
332 1127 400 1163 lapis
416 1132 462 1155 aut
476 1129 590 1160 ferrum,
616 1133 663 1155 aut
693 1129 807 1164 lignum,
828 1133 874 1155 aut
891 1129 975 1163 aliud,

194 1172 266 1206 quod
283 1173 407 1200 homines
423 1177 517 1200 contra
533 1181 594 1201 sese
617 1178 780 1208 usurpantes
795 1174 846 1201 sibi
861 1175 975 1201 invicem

193 1218 296 1246 caedem
311 1219 443 1251 inferunt,
457 1220 602 1247 vulnerare
615 1224 641 1247 et
659 1220 782 1247 dividere
806 1228 860 1247 non
887 1223 976 1255 potest

193 1265 267 1299 quod
283 1265 433 1293 subtilioris
449 1269 553 1293 natura:
576 1266 622 1298 sit,
648 1273 766 1300 quanam
794 1266 899 1292 ratione
922 1273 975 1292 non

193 1310 285 1344 potius
302 1309 507 1337 invulnerabilis
528 1312 628 1338 mansit
646 1310 782 1345 Sapientia
810 1314 837 1338 et
854 1310 976 1345 impassi-

193 1354 268 1385 bilis,
279 1355 353 1381 nulla
370 1355 398 1382 in
413 1363 442 1382 re
453 1355 487 1382 ab
501 1355 592 1390 aliquo
618 1356 691 1388 laesa,
719 1356 782 1382 licet
808 1355 889 1382 simul
910 1363 976 1383 con-

191 1400 288 1435 juncta
300 1405 373 1428 esset
389 1402 507 1436 corpori,
526 1402 598 1436 quod
623 1402 766 1430 secabatur
788 1405 815 1429 et
839 1401 926 1430 clavis
944 1402 976 1428 li-

192 1446 317 1480 gebatur,
335 1454 397 1473 cum
420 1448 592 1482 praestantior
606 1451 632 1474 et
649 1447 744 1483 purior
766 1447 839 1474 omni
865 1451 974 1481 natura,

193 1499 277 1518 unum
298 1492 321 1520 si
338 1492 457 1528 excipias
476 1493 549 1521 illius
565 1494 716 1530 genitorem
745 1493 841 1526 Deum,
857 1494 974 1522 exsiste-

191 1541 233 1564 ret
243 1536 255 1564 ἵ

1027 945 1166 981 ἄπρακτος
1181 945 1284 979 γίνεται
1300 946 1316 980 ὴ
1339 945 1478 980 ἐνέργεια·
1496 942 1550 971 οἷον
1565 944 1689 980 καθάπερ
1704 945 1752 971 καὶ
1768 945 1814 971 ἐπὶ

1027 991 1080 1017 τῶν
1117 991 1371 1028 λεπτομερεστέρων
1410 991 1544 1026 σωμάτων
1583 991 1678 1025 πυρὸς,
1720 990 1811 1026 ἀέρος.

1033 1037 1171 1064 Ἐκλύεται
1183 1038 1237 1072 γὰρ
1251 1039 1279 1064 ὲν
1288 1039 1345 1070 τοῖς
1356 1038 1484 1069 τοιούτοις
1497 1037 1674 1073 ἀνενὲργητος
1684 1037 1740 1064 τῶν
1752 1046 1812 1064 στε-

1028 1083 1167 1119 ρεωτέρων
1183 1083 1272 1120 ὁρμῆς
1288 1084 1430 1118 σωμάτων.
1449 1084 1480 1110 Εἰ
1494 1083 1521 1110 δὲ
1539 1083 1603 1118 πῦρ,
1619 1083 1635 1118 ἢ
1652 1082 1715 1118 ἀὴρ,
1728 1082 1812 1116 λίθος,

1025 1129 1042 1165 ἢ
1056 1129 1173 1165 σίδηρος,
1187 1129 1202 1164 ἢ
1220 1129 1307 1162 ξύλον,
1319 1131 1335 1165 ἢ
1351 1130 1424 1162 ἄλλο,
1438 1129 1479 1161 οἷς
1492 1131 1516 1156 οἱ
1527 1129 1664 1165 ἂνθρωποι
1676 1129 1813 1164 χρώμενοι

1026 1173 1085 1200 καθ’
1103 1174 1205 1200 ἑαυτῶν
1220 1174 1440 1210 ἀλληλοφονοῦσι,
1452 1174 1554 1210 τρῶσαι
1564 1174 1592 1200 δὲ
1609 1174 1655 1201 καὶ
1670 1174 1767 1200 διελεῖν
1782 1175 1811 1201 οὗ

1026 1218 1133 1245 δύναται
1149 1219 1224 1255 παρὰ
1239 1220 1269 1246 τὸ
1285 1221 1333 1256 τῆς
1348 1220 1472 1255 θικτικῆς
1485 1228 1513 1246 τε
1533 1220 1597 1246 αὐτὸ
1614 1220 1661 1246 καὶ
1679 1220 1813 1255 λεπτομε-

1028 1265 1158 1300 ρεστὲρας
1171 1267 1276 1300 φύσεως
1288 1267 1443 1301 τυγχάνειν-
1458 1266 1516 1298 πῶς
1530 1267 1559 1292 οὐ
1579 1265 1676 1302 μᾶλλον
1691 1265 1813 1301 ἄτρωτός

1026 1320 1057 1346 γε
1072 1312 1178 1348 ἔμεινεν
1201 1313 1217 1348 ἡ
1235 1314 1321 1348 Σοφία
1335 1314 1381 1340 καὶ
1401 1313 1509 1349 ἀπαθὴς
1518 1333 1525 1344 ,
1539 1313 1614 1340 οὐδὲν
1626 1313 1694 1348 πρὸς
1706 1311 1812 1345 οὐδενὸς

1027 1358 1206 1393 κακυνομένη,
1231 1358 1282 1385 κᾶν
1295 1360 1459 1395 τεμνόμενον
1476 1359 1557 1395 συνῆν
1571 1360 1617 1386 καὶ
1633 1359 1812 1395 προσηλωμέ-

1025 1410 1070 1430 νον
1095 1403 1133 1438 τῷ
1160 1403 1276 1438 σώματι,
1295 1403 1405 1438 βελτίων
1427 1405 1475 1431 καὶ
1501 1403 1678 1439 καθαρωτέρα
1706 1403 1812 1438 φύσεως

1026 1448 1117 1484 πάσης
1140 1449 1208 1485 μετὰ
1232 1449 1276 1476 τὸν
1301 1450 1501 1485 γεννησάμενον
1530 1450 1614 1485 αὐτὴν
1633 1449 1700 1476 Θεὸν
1726 1450 1814 1485 Octap-

1025 1503 1071 1530 χου
1076 1503 1108 1521 σα
1121 1503 1128 1528 ;

199 1627 1799 1643 ———-———~——_—_—_—__—___-g___

747 1716 885 1761 ALlA
923 1718 1254 1764 NONNULLA

683 1810 835 1839 EIUSDEM
855 1812 884 1840 S.
905 1808 1072 1841 METHODII
1092 1813 1314 1842 FRAGMENTA.

483 1960 538 2000 (Ea;
557 1964 660 1993 Nicetc
675 1965 776 1994 Catena
791 1968 816 1994 in
834 1967 895 2001 Job,
915 1977 974 2004 cap.
991 1977 1046 2001 xu,
1058 1976 1118 2005 pag.
1141 1969 1193 1997 499
1212 1969 1275 1997 edit.
1292 1969 1405 2000 Londin.
1422 1970 1513 2006 1657.)

513 2064 648 2093 Methodii.

226 2117 355 2147 Fortasse
369 2122 468 2151 autem.
491 2121 619 2156 quoniam
647 2122 728 2150 amici
749 2123 800 2150 Job
817 2132 846 2152 se
861 2131 973 2153 causam
985 2127 1007 2156 C.

193 2165 344 2201 intelligere
358 2170 468 2201 propter
481 2175 562 2202 quam
585 2168 648 2195 talia
669 2173 819 2204 pateretur,
848 2171 974 2198 arbitrati

192 2216 297 2244 essent,
311 2212 433 2248 longiore
445 2214 567 2241 oratione
589 2214 623 2241 ad
648 2222 696 2242 eos
720 2223 786 2244 usus
811 2216 852 2243 vir
871 2215 974 2251 justus,

193 2257 347 2284 divinorum
360 2257 526 2292 judiciorum
540 2259 710 2294 sapientiam,
724 2269 778 2289 non
790 2262 842 2289 sibi
858 2265 974 2296 tantum,

194 2303 243 2330 sed
258 2308 286 2330 ot
298 2305 372 2331 omni
388 2305 491 2332 homini
507 2305 809 2342 incomprehensibilem
827 2316 888 2336 esse
903 2309 973 2336 fate-

193 2351 254 2382 tur;
276 2353 303 2377 et
326 2350 360 2378 ad
378 2351 579 2386 suscipiendam
597 2353 704 2380 consilii
716 2353 800 2381 divini
819 2354 973 2388 scientiam,

193 2394 284 2422 locum
300 2399 457 2424 terrestrem
474 2397 547 2425 haud
562 2398 690 2425 idoneum
703 2407 765 2427 esse
786 2399 909 2427 alIirmat.
929 2399 976 2426 Di-

194 2441 265 2468 xerit
279 2446 370 2470 autem
386 2442 494 2477 aliquis,
511 2443 661 2478 perfectam
689 2448 716 2472 ct
745 2445 898 2472 absolutam
918 2445 977 2479 pie—

195 2491 289 2519 tatem,
300 2495 357 2514 rem
369 2488 449 2523 plane
466 2489 586 2518 divinam
602 2495 629 2518 et
642 2498 656 2517 a
671 2490 726 2519 Deo
745 2493 804 2520 solo
818 2492 976 2520 horninibus

193 2533 335 2566 tributam,
354 2533 405 2562 hoc
420 2535 480 2562 loco
494 2537 655 2570 sapientiam
681 2537 785 2564 vocari.
810 2537 913 2566 Sensus
927 2546 977 2565 aus

193 2581 249 2605 tem
265 2579 409 2606 verborum
423 2581 467 2607 hic
479 2585 521 2609 est
536 2591 542 2608 :
559 2581 641 2614 Deus,
657 2583 755 2617 inquit,
773 2583 913 2610 hominum
926 2591 976 2611 na-

195 2627 264 2651 tura:
281 2625 334 2651 vim
350 2633 382 2653 ac
391 2626 546 2654 facultatem
562 2629 728 2661 inveniendi,
750 2637 804 2656 una
827 2637 888 2656 cum
913 2626 976 2665 pru-

193 2671 286 2699 dentia
300 2677 327 2700 et
338 2673 454 2700 artificio
465 2674 600 2708 inserens,
624 2683 721 2710 magna
741 2676 775 2703 iis
790 2676 901 2712 largitus
915 2681 955 2704 est
967 2686 974 2710 ;

194 2725 250 2752 qua
265 2723 376 2754 accepta
393 2724 492 2747 terram
518 2722 550 2748 ad
571 2721 691 2749 eruenda
709 2722 817 2749 metalla
833 2723 973 2755 eﬂ‘odiunt,

194 2767 221 2790 et
231 2764 342 2795 colunt;
355 2766 514 2798 sapientiam
531 2771 620 2794 autem
633 2776 694 2802 qua:
711 2776 771 2795 cum
793 2769 892 2803 pietate
909 2777 976 2796 con-

194 2807 215 2840 j.-
226 2813 288 2835 ncta
308 2812 360 2841 est,
380 2809 407 2836 in
421 2811 496 2838 nullo
513 2812 572 2839 loco
590 2812 712 2840 invenire
738 2814 809 2841 licet.
826 2814 880 2841 Nec
894 2814 975 2841 homo

194 2861 257 2882 eam
272 2861 304 2881 cx
319 2861 348 2881 se
364 2858 391 2881 et
407 2856 524 2891 propriis
540 2858 659 2893 assequi,
688 2866 775 2894 neque
799 2860 860 2887 aliis
875 2859 975 2894 imper-

1341 2068 1508 2096 Μεθοδίου.⁶

1061 2127 1140 2158 Ἴσως
1155 2125 1192 2158 δὲ,
1210 2126 1271 2152 ιπει
1286 2126 1311 2152 οἱ
1324 2125 1394 2160 φίλοι
1408 2126 1455 2153 τοῦ
1477 2126 1536 2152 Ἰὼϐ
1551 2126 1635 2162 ᾤοντο
1652 2127 1703 2162 τὴν
1722 2113 1813 2155 αἰτίαν

1026 2172 1216 2207 κατειληφέναι
1237 2172 1270 2198 δι’
1295 2173 1327 2206 ἣν
1347 2171 1433 2198 ταῦτα
1455 2172 1574 2208 ἔπασχε,
1597 2173 1665 2208 πρὸς
1693 2174 1814 2206 ἐκείνους

1025 2218 1233 2252 ἀποτεινόμενος
1243 2219 1257 2244 ὁ
1269 2217 1382 2249 δίκαιος,
1398 2218 1448 2253 τὴν
1465 2218 1529 2253 περὶ
1542 2218 1596 2245 τῶν
1609 2219 1751 2254 χριμάτων
1765 2220 1812 2247 τοῦ

1026 2263 1091 2290 Θεοῦ
1107 2265 1202 2298 σοφίαν
1216 2264 1334 2298 ἄληπτον
1348 2262 1417 2290 εἶναι
1431 2263 1566 2299 ὁμολογεῖ,
1585 2264 1615 2290 οὑ
1631 2265 1711 2300 μόνον
1725 2266 1811 2302 αὑτῷ,

1025 2310 1094 2337 ἀλλὰ
1118 2310 1165 2336 καὶ
1187 2311 1268 2336 παντὶ
1289 2310 1433 2346 ἀνθρώπῳ,
1454 2312 1501 2338 καὶ
1523 2311 1570 2346 τὴν
1588 2312 1742 2347 ἐπιστήμην
1764 2312 1813 2347 τῆς

1027 2357 1123 2392 βουλῆς
1139 2356 1185 2382 τοῦ
1202 2356 1268 2382 Θεοῦ
1287 2357 1323 2391 μὴ
1346 2357 1436 2383 ἱκανὸν
1456 2354 1524 2383 εῖναι
1541 2356 1743 2392 παραδέξασθαι
1766 2357 1812 2384 τὸν

1026 2402 1164 2438 περίγειον
1178 2401 1270 2434 τόπον,
1285 2402 1471 2436 ἀποφαίνεται.
1489 2402 1555 2438 Φαίη
1572 2402 1594 2428 δ’
1610 2402 1642 2429 ἄν
1659 2411 1700 2434 τις
1716 2403 1812 2437 σοφίαν

1026 2448 1141 2475 ἐνταῦθα
1163 2449 1211 2484 τὴν
1233 2448 1338 2475 τελείαν
1367 2449 1505 2476 εὐσέϐειαν
1532 2449 1665 2485 εἰρῆσθαι,
1696 2450 1811 2484 πρᾶγμα

1027 2494 1106 2526 θεῖον,
1125 2495 1176 2521 ὑπὸ
1190 2495 1270 2530 μόνου
1287 2494 1335 2520 τοῦ
1352 2494 1418 2521 Θεοῦ
1435 2497 1490 2527 τοῖς
1505 2495 1656 2531 ἀνθρώποις
1672 2495 1811 2531 δωρούμε-

1025 2548 1081 2566 νον.
1101 2541 1131 2565 ’0
1145 2539 1172 2566 δὲ
1188 2539 1249 2571 νοῦς
1263 2539 1316 2566 τῶν
1333 2541 1422 2576 ῥητῶν
1439 2538 1530 2572 οὗτος·
1546 2540 1668 2575 Μεγάλαι,
1687 2541 1780 2576 φησιν,
1797 2542 1811 2568 ό

1026 2584 1090 2615 Θεὸς
1113 2586 1168 2616 τοῖς
1180 2584 1332 2620 ἀνθρώποις
1349 2585 1512 2620 ἐδωρήσατο,
1533 2586 1561 2612 ὲν
1584 2587 1616 2620 τῇ
1632 2586 1711 2619 φύσει
1726 2594 1811 2613 κατα-

1027 2631 1140 2666 σπείρας
1151 2630 1239 2657 αὺτῶν
1251 2629 1281 2656 τὸ
1301 2630 1482 2665 ἐρευνητικὺν,
1498 2632 1544 2657 καὶ
1559 2631 1649 2665 σοφὸν,
1662 2631 1709 2657 καὶ
1723 2640 1812 2666 τεχνι-

1027 2676 1089 2702 κόν·
1107 2676 1175 2711 ὅπερ
1191 2675 1317 2707 λαϐόντες
1337 2677 1361 2701 οἰ
1380 2675 1527 2708 ἄνθρωποι,
1546 2676 1597 2710 γῆν
1617 2682 1646 2701 τε
1665 2675 1812 2710 μεταλλεύ-

1026 2730 1085 2748 ουσι
1108 2722 1154 2748 καὶ
1178 2721 1344 2757 γεωργοῦσι·
1367 2721 1417 2756 τὴν
1439 2721 1468 2747 δὲ
1492 2721 1563 2748 κατὰ
1586 2720 1741 2747 θεοσέϐειαν
1767 2729 1812 2747 σο-

1027 2768 1091 2803 φίαν
1113 2769 1163 2795 οὐκ
1188 2769 1217 2795 ἐν
1238 2768 1313 2804 τόπῳ
1327 2769 1389 2803 ιτινὶ
1414 2767 1487 2795 ἐστιν
1510 2769 1614 2803 εὑρεῖν·
1638 2767 1687 2793 οὐκ
1705 2767 1810 2794 οἴκοθεν

1026 2813 1127 2848 ταύτην
1141 2814 1282 2850 ἄνθρωπος
1299 2813 1441 2840 ἀναλαϐεῖν
1453 2812 1572 2839 δύναται·
1587 2813 1637 2839 οὐκ
1649 2812 1740 2845 ἄλλοις
1758 2821 1811 2839 πα-

1028 2860 1162 2895 ραδοῦναι.
1180 2860 1259 2888 Ὅθεν
1280 2860 1326 2886 καὶ
1339 2858 1514 2895 οἱῇΕλἎήνων
1530 2859 1615 2894 σοφοὶ,
1633 2858 1684 2895 ἰδίᾳ
1695 2859 1810 2895 δυνάμει
