1909 3069
109 89 164 120 4θό

814 92 1033 120 FRAGMENTA.

1685 93 1738 122 ‘03

109 150 157 184 τὴν
190 149 356 179 θεοσέϐειαν
383 152 558 188 ζητήσαντες,
589 151 750 187 ἠστόχησαν.
786 153 822 178 Τὸ
852 153 888 186 γὰ

965 152 1009 178 tiri
1025 155 1122 186 potest.
1136 150 1212 177 Unde
1221 153 1247 177 et
1260 149 1416 176 Graecorum
1439 149 1585 184 sapientes,
1612 150 1657 185 qui
1681 151 1738 178 suis

109 196 245 231 πρᾶγμα,
261 197 305 229 ὡς
329 198 443 234 ἔφημεν,
458 199 509 225 οὐκ
528 197 679 234 ἀνθρώποις
694 198 767 225 ἐστὶν
786 199 905 233 ἐφικτὸν,

109 241 176 267 ἀλλὰ
195 242 251 276 τῆς
281 243 361 275 Θείας
382 244 486 279 δωρεᾶς
505 252 534 270 τε
555 245 602 270 καὶ
622 244 749 279 χάριτοςο
765 243 809 270 διὰ
828 244 906 270 τοῦτο

109 287 153 313 καὶ
168 287 199 320 ἐξ
215 288 313 324 ἀρχῆς
327 290 342 316 ὁ
360 290 425 321 Θεὸς
444 290 478 316 τὰ
496 290 545 324 μὲν
561 290 594 316 δι’
613 289 759 321 ὀπτασιῶν,
774 289 809 316 τὰ
830 290 858 316 δὲ
872 290 905 316 δι’

107 332 234 366 ἀγγέλων
254 334 470 370 ὲπιφοιτήσεως,
491 333 525 360 τὰ
545 334 572 360 δὲ
590 334 632 360 διὰ
651 334 704 360 τῶν
726 334 905 369 θεοφορουμέ-

106 387 159 406 νων
186 379 281 413 ἁγίων
308 381 463 416 προφητῶν,
481 381 529 416 τὴν
545 380 696 407 θεοσέϐειαν
719 381 781 412 τοὺς
802 379 906 415 ἀνθρώ-

107 433 174 457 πους
194 425 391 458 ἐξεπαίδευσε.
412 428 497 462 Καὶή
521 427 673 462 θεωρητικὴ
690 426 718 453 δὲ
741 427 820 461 σοφία
837 426 904 453 Θεοῦ

105 469 205 505 δῶρον,
228 471 260 504 ἐξ
276 469 315 507 ἦς
330 472 476 507 κινούμεθα
493 473 557 508 περὶ
568 472 616 504 τὰς
629 472 725 507 τέ-χνας
740 473 788 499 καὶ
801 472 836 499 τὰ.
847 473 905 499 ἐπι-

106 516 285 551 τηδεύματα,
307 518 354 544 καὶ
367 520 399 553 ἢν
414 519 513 549 πάντες
529 518 625 550 κοινῶς
644 518 752 553 ἔχομεν,
771 518 857 545 ἄδικοί
876 527 904 544 τε

107 561 152 587 καὶ
170 561 297 589 δίκαιοι·
317 564 340 590 ει
354 564 408 600 γὰρ
424 563 460 599 (7)
475 563 531 596 ζῶα
549 565 698 599 γεγόναμεν
718 563 824 598 λογικὰ,
840 564 906 590 ταύ-

105 616 154 641 την
168 607 341 644 εἰλήφαμεν.
357 606 447 645 Ταύτῃ
462 618 503 636 τοι
515 610 561 636 καὶ
570 611 601 636 ἐν
613 611 669 642 τοῖς
682 610 833 645 ἔμπροσθεν
848 610 905 637 ἐλέ-

105 661 184 686 γετο·
201 654 342 688 Πότερον
355 656 410 689 οὐχ
426 657 442 682 ὁ
461 657 567 689 Κύριος
580 657 596 682 ὁ
613 656 762 682 διδάσκων
777 655 905 682 σύνεσιν

106 698 153 724 καὶ
164 699 349 735 ἐπιστήμην
357 708 367 733 ;
375 701 412 733 ὡς
421 701 467 728 τοῦ
482 701 621 737 κτήματος
632 701 798 737 θεοδωρήτου
807 701 902 736 τυγχά-

109 751 199 776 νοντος
204 765 211 770 .

956 198 1061 225 viribus
1086 196 1150 229 nisi,
1173 196 1299 230 pietatem
1316 200 1342 222 et
1358 195 1484 223 Numinis
1499 196 1603 222 cultum
1625 196 1737 231 indaga-

957 244 1029 275 bant,
1042 251 1057 269 a
1072 249 1155 277 scopo
1182 242 1351 269 aberrarunt.
1378 241 1431 269 Res
1445 244 1528 274 enim,
1560 247 1589 270 ut
1604 242 1735 273 diximus,

956 288 1028 315 vires
1043 288 1177 315 humanas
1191 287 1308 318 excedit,
1320 291 1347 313 et
1361 285 1407 313 Dei
1422 286 1522 313 donum
1532 294 1563 314 ac
1577 287 1662 322 gratia
1674 291 1733 314 est:

955 334 1122 370 proindeque
1139 333 1173 361 ab
1189 333 1279 366 initio,
1298 333 1384 367 partis
1395 332 1557 364 visionibus,
1571 333 1668 367 partim
1685 340 1735 359 an-

956 382 1076 416 gelorum
1092 381 1208 407 adventu
1233 384 1261 406 et
1284 386 1443 414 congressu,
1460 379 1558 414 partim
1576 384 1734 406 sanctorum

955 426 1148 462 prophetarum
1161 425 1291 453 divinitus
1308 425 1458 451 amatorum
1474 425 1654 457 sermonibus,
1663 424 1733 452 Deus

955 472 1078 499 homines
1092 471 1119 498 in
1135 471 1233 506 pietate
1248 478 1371 506 versaque
1384 470 1523 505 religionis
1539 470 1613 496 cultu
1641 469 1733 497 erudi-

919 529 925 537 -
937 519 941 524 '
955 518 1002 544 vit.
1013 517 1084 550 Quin
1096 517 1177 544 etiam
1193 517 1326 551 sapientia
1341 515 1560 550 contemplativa,
1577 522 1630 550 qua
1645 515 1678 542 ad
1689 523 1734 541 ar-

954 568 994 590 tes
1012 567 1038 590 et
1053 561 1142 589 studia
1167 562 1219 588 alia
1235 562 1408 596 impellimur,
1426 568 1534 596 quaque
1554 560 1734 588 communiter

953 608 1137 644 omnes,justi
1153 612 1180 636 et
1201 608 1307 643 injusti,
1328 608 1433 643 praediti
1449 615 1555 638 sumus,
1573 606 1619 634 Dei
1632 607 1733 634 donum

953 658 995 682 est
1010 663 1017 681 :
1033 661 1086 689 qua
1098 653 1170 681 enim
1183 653 1312 680 animalia
1328 654 1443 682 rationis
1458 653 1569 688 capacia
1583 654 1666 680 creati
1687 661 1734 680 su-

953 708 1025 731 mus,
1049 699 1120 727 hanc
1145 699 1309 734 accepimus.
1331 699 1420 732 Quare
1441 704 1469 727 et
1489 701 1515 726 in
1531 699 1731 735 superioribus,

953 751 1081 781 tanquam
1096 745 1130 773 de
1145 753 1174 773 re
1186 745 1316 774 divinitus
1331 753 1461 773 concessa
1483 746 1606 781 loquens,
1624 745 1712 773 aiebat
1725 754 1731 772 :

955 790 1082 826 Nunquid
1097 799 1149 818 non
1167 791 1296 818 Dominus
1317 796 1366 824 ρει,
1386 792 1431 827 qui
1446 792 1519 819 docet
1535 791 1693 819 intellectum
1707 796 1732 818 et

953 837 1090 865 scientiam
1100 837 1110 854 ⁸
1119 838 1130 864 ?

912 884 947 913 ll.

725 931 799 960 Ibid.
811 941 869 967 cap.
888 939 963 964 xxvt,
981 940 1041 975 aug.
1059 931 1120 959 558.

425 994 533 1022 Μεθοὸί
535 1003 580 1021 ου.

146 1036 350 1074 Ἑπισήμηναι,
359 1039 399 1066 ὅτι
410 1039 512 1075 Κύριος
523 1040 640 1076 ἀρχῆθεν
648 1039 798 1076 ἀνθρώποις
808 1040 839 1067 οὺ
851 1040 898 1067 λα‹

106 1083 154 1109 λεῖ·
164 1084 226 1111 ἀλλ’
236 1084 307 1111 ἐπὰν
319 1087 559 1121 παρασκευάσηται
571 1087 643 1122 ψυχὴ
651 1086 693 1113 διὰ
703 1087 841 1120 πλειόνων,
850 1088 897 1114 καὶ

105 1130 327 1166 enormis-qut,
342 1133 388 1159 καὶ
402 1133 487 1168 ἀναϐῇ
500 1134 540 1165 εἰς
552 1133 627 1168 ὕψος,
645 1133 704 1160 καθ’
715 1134 776 1160 ὅσον
788 1133 897 1160 δυνατὸν

106 1176 269 1213 ἀνθρωπίνῃ
283 1178 373 1212 φύσει,
387 1179 447 1205 τότε
461 1179 546 1210 λαλεῖ,
566 1180 610 1206 καὶ
624 1180 687 1211 τοὺς
705 1180 787 1206 αὑτοῦ
802 1180 896 1214 λόγους

105 1222 297 1250 ἀποκαλύπτει
312 1224 352 1256 εις
363 1223 486 1251 τοσοῦτον
501 1224 706 1260 ἀναῦεϐηκόσιν.
732 1222 855 1252 Ἐπειδὰν
868 1226 896 1253 δὲ

106 1267 122 1301 ἡ
137 1266 244 1303 λαῖλαψ
255 1269 389 1304 χειμῶνός
403 1272 461 1296 ἐστι
475 1271 613 1306 ποιητικὴ,
633 1272 661 1298 ἐν
677 1272 704 1298 δὲ
720 1272 832 1307 χειμῶνι
847 1281 896 1299 πε-

107 1313 263 1346 ριστάσεων
280 1314 294 1340 ό
320 1314 378 1340 ’1ὼό
400 1316 462 1351 περὶ
481 1315 530 1351 τὴν
547 1316 637 1342 πίστιν
652 1317 700 1343 οὐκ
717 1317 893 1353 ἐναυάγησεν,

106 1355 173 1382 ἀλλὰ
200 1358 251 1383 καὶ
269 1357 398 1394 διέλαμψε
409 1368 416 1374 ο
433 1360 477 1386 διὰ
497 1359 576 1386 τοῦτο
599 1361 613 1386 ὁ
630 1361 804 1397 χρηματίζων
822 1362 895 1397 αὐτῷ

107 1401 176 1436 πρὸς
192 1401 227 1427 σύ
232 1402 330 1437 μὸολον
343 1404 390 1430 τοῦ
404 1405 601 1438 καταλαϐόντος
616 1406 696 1433 αὑτὸν
708 1407 838 1442 χειμῶνος
851 1407 895 1434 διὰ

107 1444 240 1480 λαίλαπος
252 1448 432 1484 χρηματίζει·
446 1450 490 1477 διὰ
506 1451 534 1477 δὲ
550 1450 580 1478 τὸ
593 1451 750 1486 μεταϐαλεῖν
766 1452 847 1479 αὐτοῦ
861 1453 896 1480 τὰ

107 1492 262 1528 πράγματα
284 1494 338 1521 ἀπὺ
361 1495 492 1530 χειμῶνος
514 1497 553 1528 εἱς
575 1497 676 1529 εὐδίαν,
699 1498 729 1524 οὐ
749 1498 827 1533 μόνον
851 1499 894 1526 διὰ

107 1537 250 1572 λαίλαπος,
264 1540 331 1567 ἀλλὰ
347 1542 393 1567 καὶ
404 1541 447 1568 διὰ
463 1543 551 1576 νεφῶν
565 1542 649 1570 λαλεῖ.

1268 992 1407 1022 ΠειΙιὸιίίὶ.

987 1039 1067 1071 Nota,
1090 1040 1233 1068 Dominum
1251 1048 1306 1069 non
1331 1044 1423 1069 statim
1447 1040 1481 1068 ab
1504 1040 1583 1068 initio
1605 1040 1730 1067 homines

952 1085 1052 1121 alloqui
1064 1087 1173 1119 solere;
1187 1086 1234 1114 sed
1248 1090 1393 1122 postquam
1408 1086 1499 1113 anima
1515 1086 1638 1120 pluribus
1659 1093 1730 1120 prae-

950 1136 1044 1165 parata
1059 1136 1085 1158 et
1096 1132 1245 1159 exercitata
1261 1131 1354 1164 fuerit,
1372 1135 1399 1158 et
1413 1131 1441 1158 in
1452 1131 1730 1166 altitudinem,quan—

950 1182 1007 1204 tum
1021 1177 1139 1204 humana
1153 1182 1251 1205 natura
1264 1181 1364 1212 potest,
1387 1177 1615 1212 contemplatione
1629 1185 1728 1205 ascen-

949 1223 1030 1256 derit,
1045 1227 1102 1250 tum
1119 1223 1228 1252 demum
1244 1224 1328 1259 loqui,
1342 1228 1369 1251 et
1383 1231 1522 1251 sermones
1537 1224 1571 1250 iis
1596 1224 1727 1256 revelare,

948 1269 994 1304 qui
1011 1269 1044 1296 ad
1060 1269 1198 1305 fastigium
1220 1269 1286 1296 illud
1302 1269 1455 1297 altitudinis
1469 1270 1555 1297 evecti
1570 1273 1642 1297 sunt.
1659 1268 1728 1296 Cum

948 1320 1038 1343 autem
1056 1316 1136 1344 turbo
1164 1320 1352 1351 tempestatem
1374 1319 1495 1351 generet,
1519 1315 1604 1343 Jobus
1620 1323 1684 1343 vero
1700 1315 1728 1342 in

946 1361 1121 1389 amictionum
1137 1365 1297 1397 tempestate
1313 1362 1376 1390 ﬁdei
1395 1361 1567 1397 naufragium
1583 1369 1637 1388 non
1657 1361 1728 1388 fece-

946 1407 992 1440 rit,
1007 1408 1054 1436 sed
1070 1409 1225 1435 constantia
1235 1408 1294 1443 ejus
1306 1409 1397 1443 potius
1411 1408 1550 1438 enituerit.
1564 1407 1667 1438 ideirco
1679 1407 1726 1442 qui

943 1461 1107 1489 responsum
1122 1455 1146 1481 ei
1161 1454 1245 1487 dedit,
1271 1454 1305 1481 ad
1320 1454 1525 1489 signiﬁcandam
1541 1454 1726 1482 calamitatum

945 1500 1132 1532 tempestatem
1153 1506 1214 1533 quae
1234 1506 1296 1526 eum
1319 1499 1500 1534 corripuerat,
1525 1507 1573 1534 per
1589 1499 1725 1526 turbinem

945 1552 1107 1580 responsura
1123 1545 1169 1573 dat
1186 1555 1192 1573 :
1209 1545 1273 1580 quia
1289 1553 1353 1573 vero
1361 1546 1542 1580 procellosum
1558 1553 1648 1572 rerum
1665 1544 1726 1579 ejus

107 1589 212 1612 statum
237 1587 266 1614 in
289 1595 414 1615 serenam
440 1589 662 1625 tranquillitatem
691 1592 846 1624 mutaverit,
867 1600 921 1619 non
949 1596 1054 1620 tantum
1079 1600 1127 1628 per
1151 1593 1301 1626 turbinem,
1321 1593 1368 1621 sed
1398 1601 1446 1628 per
1472 1593 1559 1621 nubes
1581 1593 1663 1620 etiam
1686 1592 1731 1619 ἰο-

107 1633 163 1667 quit
169 1641 212 1661 nr.

900 1688 943 1715 Ill.

900 1689 908 1715 l
924 1689 943 1715 1.

805 1735 872 1764 1m.
886 1689 948 1772 pdg.
965 1736 1027 1763 547.

424 1789 578 1817 Μεθοὸίου.

143 1829 239 1857 Πολλοὶ
252 1831 442 1867 καταῦέϐηκαν
462 1836 501 1866 εἰς
515 1835 639 1868 ἄϐυσσον,
664 1837 711 1871 οὐχ
723 1837 792 1864 ὥστε
813 1847 890 1874 περι-

110 1877 204 1902 πατεῖν
214 1878 242 1903 ὲν
261 1878 339 1914 αὐτῇ,
353 1879 409 1905 ἀλλ’
427 1880 496 1907 ὥστε
511 1881 613 1917 δέσμιοι
626 1881 704 1909 εἶναι.
727 1884 827 1919 Ἰησοῦς
843 1885 890 1919 μό-

108 1928 152 1952 νος
177 1923 206 1948 ἐν
222 1922 334 1958 ἀϐύσσῳ
356 1926 556 1961 περιεπάτησεν
583 1927 620 1959 ὡς
648 1928 797 1965 ἐλεύθερος,
824 1930 890 1956 ὅπου

110 1966 167 2001 ἴχνη
195 1968 417 2002 περιπατούντων
442 1971 492 1997 οὐκ
516 1971 564 1998 ἕνι.
588 1972 680 1999 Εἵλετο
700 1973 753 2009 γὰρ
777 1973 890 2001 θάνατον

108 2013 155 2048 οὐχ
177 2014 326 2046 ὑπεύθυνος
343 2015 398 2048 ῶν,
417 2016 460 2043 ἵνα
484 2018 546 2049 τοὺς
567 2019 763 2054 ὑποκειμένους
783 2019 890 2055 θανάτῳ

107 2057 295 2095 λυτρώσηται·
318 2061 419 2096 Λέγων
436 2062 497 2095 τοῖς
514 2063 549 2089 ἐν
561 2063 698 2098 δεσμοῖς·
729 2065 887 2097 Ἐξέλθετε·

109 2106 156 2132 καὶ
171 2106 232 2140 τοῖς
244 2108 279 2133 ἐν
292 2107 332 2140 τῷ
345 2109 463 2136 σκότει·
482 2110 726 2145 Ἁνακαλύφθητε.
744 2109 778 2147 ᾯ
792 2112 837 2138 καὶ
854 2112 889 2139 τὰ

108 2150 169 2186 ἑξῆς
186 2153 386 2187 συμφωνοῦσιν.

1271 1794 1409 1822 Met/radii.

980 1840 1056 1867 Multi
1079 1840 1108 1868 in
1132 1840 1262 1876 abyssum
1278 1841 1488 1873 descenderunt,
1515 1848 1569 1868 non
1587 1845 1616 1867 ut
1639 1840 1666 1867 in
1692 1847 1725 1867 ea

944 1888 1124 1919 ambularent,
1144 1887 1191 1914 sed
1213 1891 1241 1914 ut
1259 1887 1375 1915 vinculis
1397 1887 1539 1915 constricti
1555 1891 1724 1915 tenerentur.

945 1932 1026 1960 Solus
1040 1932 1120 1959 Jesus
1138 1933 1165 1959 in
1180 1933 1279 1968 abysso
1294 1933 1340 1960 ubi
1354 1933 1429 1960 nulla
1448 1937 1512 1960 sunt
1526 1933 1722 1960 ambulantium

943 1977 1068 2012 vestigia,
1085 1982 1214 2012 tauquam
1236 1978 1305 2005 liber
1328 1979 1487 2006 ambulavit.
1518 1978 1630 2005 Mortem
1650 1978 1723 2005 enim

941 2023 1032 2058 elegit,
1056 2023 1099 2050 cui
1124 2031 1178 2050 non
1197 2029 1269 2052 esset
1283 2025 1429 2056 obnoxius,
1456 2031 1485 2051 ut
1502 2025 1584 2052 morti
1600 2024 1723 2051 addictos

942 2069 1087 2097 liberaret;
1103 2070 1199 2097 Dicens
1216 2071 1248 2097 iis
1262 2071 1307 2105 qui
1332 2072 1358 2098 in
1380 2071 1490 2098 vinculis
1516 2075 1603 2102 erant,
1620 2070 1697 2097 Exite
1713 2079 1725 2097 :.

940 2115 1012 2142 etiis
1025 2117 1070 2151 qui
1085 2117 1111 2143 in
1125 2116 1248 2148 tenebris,
1275 2117 1435 2144 Reuelamini
1453 2118 1474 2144 ⁵.
1498 2117 1559 2149 Cui,
1584 2125 1621 2144 ea
1641 2117 1728 2144 etiam

940 2168 1000 2195 quae
1014 2168 1174 2197 sequuntur,
1188 2164 1372 2191 consentiunt.

894 2203 940 2232 IV.

709 2247 780 2276 Ibid.
796 2257 853 2284 cap.
871 2258 966 2284 xxvm,
980 2259 1040 2286 pug.
1062 2251 1124 2279 5'10.

419 2294 573 2322 Μεθοδίου.

145 2336 243 2373 Ὀρᾷς⁴
263 2338 308 2364 ἐπὶ
320 2338 392 2364 τέλει
408 2339 461 2365 τῶν
474 2339 562 2376 ἄθλων
576 2340 733 2375 ἀναγορεύει
746 2341 792 2367 τὸν
808 2341 889 2377 ἀθλη-

107 2382 154 2419 τὴν
172 2383 292 2419 λαμπρῷ
303 2384 342 2420 τῷ
360 2385 526 2420 κηρύγματι,
544 2386 590 2412 καὶ
604 2388 702 2421 γυμνοί
716 2387 766 2421 τῆς
783 2387 888 2423 πληγῆς

1265 2297 1402 2325 ΜειΙιοιίὶἰ.

977 2342 1058 2370 Vides
1073 2347 1102 2369 nt
1113 2347 1174 2378 post
1188 2343 1367 2370 certaminqu
1381 2342 1493 2374 exitum,
1507 2342 1607 2370 illustri
1619 2351 1718 2378 prisco-

940 2389 987 2416 nio
1002 2389 1109 2416 athletae
1129 2388 1222 2416 laudes
1235 2388 1362 2420 celebret,
1382 2387 1510 2423 quodque
1525 2389 1552 2415 in
1569 2389 1646 2424 plaga
1659 2390 1722 2416 abs-

106 2429 134 2455 τὸ
149 2429 303 2465 ἀπόρρητον
313 2439 320 2445 ι
333 2431 393 2457 Οιει
402 2440 441 2465 με
454 2430 553 2464 ἄλλως
570 2440 619 2459 σοι
633 2434 886 2468 κεχρηματικέναι,

950 2436 1079 2462 :onditum
1095 2439 1162 2466 erat,
1176 2435 1286 2467 revelet,
1297 2441 1359 2461 cum
1375 2435 1413 2460 ait
1434 2443 1441 2461 :
1459 2434 1576 2461 Putasne
1591 2444 1631 2462 me
1645 2436 1722 2462 aliter

107 2473 202 2508 λέγων,
217 2474 236 2508 ἢ
252 2475 302 2502 ἵνα
315 2475 472 2510 ἀναφανῇς
488 2477 619 2510 δίκαιος;
634 2478 717 2504 Τοῦτο
733 2479 786 2505 τῶν
803 2488 885 2516 τραυ-

109 2519 199 2553 μάτων
215 2520 245 2546 τὸ
259 2521 403 2556 φάρμακον
413 2530 419 2535 ·
439 2522 517 2548 τοῦτο
536 2523 585 2558 τῆς
605 2524 743 2559 ὑπομονῆς
759 2526 775 2560 ὴ
792 2525 888 2552 ἀντίδο-

109 2573 157 2596 σις.
174 2565 215 2591 Τὰ
227 2565 281 2601 γὰρ
296 2566 359 2602 ἑξῆς
373 2567 437 2598 ἴσως
450 2568 544 2603 μικρὰ,
561 2568 611 2595 κᾶν
628 2570 731 2604 μεγάλα
744 2571 798 2596 τισὶ
811 2571 886 2606 δοκῇ,

110 2613 154 2638 καὶ
173 2613 278 2648 μικρῶν
292 2613 385 2640 ἕνεκεν
398 2615 618 2649 οἱκονομηθέντα,
637 2616 684 2642 καὶ
701 2617 726 2642 ει
741 2617 778 2653 (8)
794 2617 890 2644 διπλα-

109 2657 155 2684 σὶω
165 2656 219 2684 τῶν
233 2659 418 2695 ἀφῃρημένων
431 2660 631 2695 ἁντιλαμϐἀνει.

941 2480 988 2507 tibi
1003 2481 1177 2515 respondisse,
1202 2490 1282 2516 quam
1309 2486 1337 2507 ut
1357 2481 1447 2515 justus
1475 2481 1649 2514 apparens“?
1665 2481 1722 2508 Hoc

941 2527 1081 2553 vulnerum
1095 2527 1281 2560 pharmaeum,
1299 2526 1357 2553 iure
1377 2525 1512 2560 patientiae
1526 2527 1719 2553 remuneratio.

942 2571 1007 2603 Qua:
1032 2572 1104 2597 enim
1132 2576 1281 2598 consecuta
1305 2576 1380 2603 sunt,
1404 2572 1466 2599 licet
1487 2572 1625 2607 prioribus
1638 2572 1721 2607 duplo

941 2619 1061 2644 auctiora
1076 2618 1218 2652 receperit.
1234 2619 1330 2652 exigua
1351 2618 1515 2653 quibusdam
1530 2623 1556 2645 et
1574 2618 1722 2646 levioribus

941 2662 974 2689 de
989 2662 1089 2692 causis.
1107 2662 1200 2688 divina
1213 2662 1388 2690 Providentia
1405 2663 1443 2690 ita
1457 2663 1628 2698 disponente,
1643 2666 1671 2691 et
1682 2662 1723 2689 illi

940 2708 1040 2734 tributa
1053 2708 1136 2734 ndcri
1149 2707 1263 2742 possint.

141 2761 214 2788 ‘Jab
229 2770 286 2794 xxi,
302 2763 352 2790 2'2-
369 2764 474 2797 “11,2.
513 2765 523 2780 ³
549 2764 605 2793 Isa.
623 2774 697 2801 κως,
713 2767 739 2794 9.
778 2769 787 2784 '
802 2767 853 2795 Job
873 2775 915 2800 xu,
929 2767 955 2800 ὅ,
972 2774 1023 2794 sec.
1040 2765 1119 2794 LXX.

140 2823 177 2860 (7)
190 2825 226 2852 Ei
242 2824 309 2860 γάρ.
326 2825 390 2862 ιη.
406 2823 423 2863 ᾖ
442 2827 504 2863 γάρ.
519 2826 637 2856 Couner.

975 2828 1012 2863 (8)
1029 2827 1081 2855 lia-2
1098 2828 1133 2855 εὶ.
1153 2826 1233 2855 Forte
1247 2827 1277 2854 Ei
1295 2825 1349 2854 καί.
1366 2825 1396 2854 P.
1413 2824 1516 2854 Jumus.
