1909 3069
56 165 1670 190 m

715 263 829 284 INEUXTB
843 263 951 284 SECULO
968 264 1005 284 IV.

461 358 1264 468 ALEXANDER

301 546 955 614 LYCOPOLITANUS
1012 551 1438 617 EPISCOPUS

730 733 987 780 NOTITIA

513 829 644 861 (Gutum.
659 829 714 856 Yet.
728 830 798 855 Patr.
812 829 935 861 Biblioth.,
952 829 993 861 IV,
1003 830 1102 863 Proleg.
1114 849 1121 860 .
1132 837 1156 862 ρ.
1169 830 1215 863 ix.)

59 962 76 995 ι.
90 961 235 1024 Astra-prter
256 963 328 990 unde
346 961 431 988 dictus
451 960 626 996 Lycopolita?
643 960 686 987 An
708 959 866 996 Lycopoloot

91 1005 101 1024 ι
131 1006 167 1024 en
182 1016 191 1024 .

91 1005 191 1024 aettem.

888 961 1046 996 episcopus?
1067 960 1156 987 Photii
1183 959 1255 988 locus
1280 960 1448 995 expenditur.
1477 961 1535 994 Quo
1558 967 1672 998 tempore

59 1043 87 1071 ΙΙ.
102 1044 165 1079 Ejus
180 1044 328 1072 Tractatus
343 1044 474 1072 adversus
488 1043 651 1071 Manicbteos
675 1042 766 1078 quanti
781 1042 928 1076 faciendus.
945 1042 1044 1079 Auctor
1056 1042 1170 1077 primum
1185 1042 1312 1079 ethnicus,
1325 1042 1418 1069 deinde
1430 1041 1605 1079 Manicliaicis
1615 1044 1673 1079 pla.

90 1078 144 1107 citis
160 1080 297 1106 addictus.
319 1079 406 1113 Ipsius
421 1079 536 1106 llanetis
559 1079 722 1114 atatiquam
739 1078 857 1112 proxime
873 1079 992 1107 accessit.
1012 1078 1050 1104 Ab
1069 1086 1157 1105 errore
1179 1078 1303 1105 divinitus
1320 1083 1466 1110 ret-acutus,
1487 1078 1670 1107 Itte'resiatcltw

89 1115 211 1150 dogmata
222 1114 307 1142 solide
319 1115 454 1148 refutauit.

60 1160 98 1189 nl.
111 1161 258 1190 Alexandri
272 1169 336 1196 opus
349 1162 461 1195 primum
473 1170 490 1188 α
505 1160 662 1195 Combeﬁsio
679 1161 838 1196 evulgatum.
854 1161 924 1195 Quid
937 1161 963 1190 in
974 1169 1003 1189 eo
1015 1160 1110 1190 Latine
1122 1159 1253 1192 reddendo
1272 1161 1426 1195 praestiterit
1437 1160 1532 1188 editor.
1547 1159 1578 1187 1η
1594 1161 1670 1189 illius

88 1196 197 1224 editione
209 1196 358 1224 recudenda
370 1204 463 1223 novum
473 1196 589 1226 studium
601 1196 758 1224 adhibitum.

87 1278 106 1306 Ι.
125 1277 311 1306 Alexandrum
344 1277 529 1313 Lycopolitam
561 1276 724 1312 appellatum
756 1277 834 1312 quasi
850 1280 872 1309 Α

56 1324 124 1360 Lyco
145 1323 294 1351 Thebaidis
315 1323 382 1350 urbe
400 1322 556 1354 oriundum,
580 1323 701 1358 adeoque
723 1324 834 1351 natione

55 1371 219 1407 Egyptium,
237 1368 404 1398 existimavit
418 1367 596 1396 Combeﬁsius
609 1368 666 1403 (a);
682 1368 726 1395 cui
742 1376 835 1396 acces-

55 1425 112 1444 sere
125 1417 233 1444 Caveus
244 1414 282 1449 (b)
302 1417 329 1441 et
344 1412 489 1440 Fabricius
502 1413 547 1446 (c).
568 1411 621 1440 Sed
635 1413 739 1440 incerta
754 1413 834 1448 plane

54 1463 221 1496 conjectura,
236 1462 259 1489 si
276 1462 342 1489 fides
357 1461 480 1489 habenda
495 1460 593 1488 Photio
614 1461 641 1489 in
663 1461 784 1496 Epitome
802 1461 834 1489 de

54 1508 219 1540 Haniclutis,
247 1515 328 1543 quam
359 1507 460 1535 dudum
489 1507 573 1535 edidit
601 1508 636 1535 cl.
665 1507 835 1535 Montl'auco-

53 1554 113 1582 nias
124 1554 175 1590 (ά).
194 1554 224 1581 1η
239 1562 274 1582 eo
289 1553 420 1588 siquidem
441 1561 523 1588 opere
541 1552 654 1581 Photius
670 1553 703 1581 de
719 1555 835 1588 soiipto—

53 1599 127 1627 ribus
145 1600 230 1627 verba
255 1599 359 1626 faciens
381 1599 427 1633 qui
452 1598 584 1626 adversus
607 1599 668 1626 illos
693 1600 834 1627 haereticos

53 1646 149 1682 stylum
174 1646 320 1676 strinxere,
341 1644 464 1672 meminit
484 1652 593 1679 quoque
612 1645 697 1673 nostri
717 1645 835 1672 Alexan-

53 1692 90 1718 dri
100 1691 134 1727 (ε)
145 1695 277 1725 tanquam
293 1690 368 1718 urbis
382 1689 514 1726 Lycurum
527 1691 660 1726 pontificis
676 1699 683 1718 :
701 1692 733 1718 ’Ὁ
743 1700 773 1718 τε
785 1692 835 1727 τῆς

53 1737 153 1768 πόλεως
167 1736 265 1763 Λύκων
285 1735 456 1772 Ἀλέξανδρος
467 1736 530 1768 τοὺς
543 1737 749 1772 ἀρχιερατικοὺς
759 1739 836 1772 ἐγκε-

52 1781 220 1819 χειρισμένος
243 1782 352 1817 νόμους,
377 1785 405 1809 ut
426 1782 541 1816 proinde
562 1782 633 1809 haud
657 1782 735 1810 facile
759 1782 833 1810 dictu

53 1833 197 1861 statuatur,
221 1837 285 1856 num
307 1833 401 1856 auctor
416 1828 568 1864 Lycopalita
590 1833 731 1864 propterea
754 1828 834 1856 fuerit

53 1876 214 1910 appellatus,
231 1875 304 1909 quod
319 1878 410 1902 ortum
425 1874 533 1901 duxerit
555 1875 612 1901 sive
634 1882 667 1901 ex
687 1873 835 1902 Thebaidis

53 1923 142 1958 prima:
160 1921 301 1957 Lycopoli,
318 1920 375 1948 sive
389 1927 422 1947 ex
438 1920 522 1947 altera
546 1920 672 1955 Lycopoli
698 1921 834 1949 inferioris

53 1967 159 2003 [Ἐπριί
175 1974 257 2001 quam
273 1966 300 1992 in
312 1973 394 1992 nomo
408 1965 588 2001 Sebennytico
601 1967 668 1993 mari
684 1967 833 2001 proximam

53 2013 207 2048 Stephanus
223 2011 337 2044 statuit;
354 2019 387 2038 an
399 2012 490 2046 potius
501 2012 603 2039 idcirco
614 2012 695 2039 fuerit
713 2013 835 2048 Lycoptk

52 2059 95 2088 lita
107 2059 211 2089 dictus.
221 2058 295 2094 quod
307 2058 472 2093 Lycopoleos
481 2058 666 2093 episcopatum
677 2059 834 2088 obtinuerit.

83 2103 178 2138 Neque
200 2111 265 2130 vero
286 2103 368 2130 alicui
385 2110 489 2129 moram
505 2102 605 2130 inferre
620 2103 700 2131 debet
714 2103 835 2132 insolens

52 2148 182 2177 Pholiana
201 2147 330 2183 loquendi
342 2148 421 2179 ratio,
439 2155 492 2181 qua
511 2148 596 2175 fertur
610 2147 835 2184 Lycopolitanum

53 2195 316 2230 archiepiscopatum
338 2195 459 2223 tenuisse
481 2195 652 2228 Alexander;
673 2203 734 2222 cum
750 2203 836 2226 unum

53 2241 265 2269 Alexandrinum
282 2241 429 2268 antistitem
450 2241 535 2269 totius
553 2240 718 2276 Egyptians:
735 2242 835 2270 ditece-

54 2295 113 2314 scus
140 2286 378 2321 archiepiscopum
408 2286 494 2314 fuisse
522 2290 637 2314 constet.
668 2286 835 2323 Epiphanius

850 1955 871 1981 Β

54 2335 123 2359 certe
137 2330 275 2358 Meletium
292 2329 515 2366 Lycopolitanum
529 2330 684 2366 episcopum
700 2332 835 2360 schisma-

54 2377 133 2403 licum
153 2384 310 2403 memorans
326 2376 369 2410 (f)
384 2385 391 2403 :
410 2385 419 2402 ‹
434 2376 521 2411 Atque
532 2377 576 2404 ille
586 2377 706 2412 quidem,
718 2378 767 2409 ait,
783 2385 832 2405 αρε

53 2422 116 2450 teris
142 2421 255 2457 Egypti
283 2422 418 2457 episcopis
446 2423 621 2455 antecellens,
649 2424 798 2452 secundum
821 2432 835 2451 a

54 2467 130 2495 Petro
153 2467 339 2496 Alexandrino
363 2468 504 2503 dignitatis
532 2469 621 2496 locum
648 2470 806 2499 obtinebat:
824 2480 833 2497 ι

59 2513 158 2541 Ἐδόκει
170 2514 200 2541 δὲ
214 2515 228 2541 ὁ
242 2515 375 2550 Μελήτιος
387 2514 441 2546 τῶν
455 2516 524 2543 κατὰ
538 2516 586 2551 τὴν
605 2516 739 2550 Αἴγυπτον
753 2517 836 2553 προή-

54 2567 116 2592 κων,
131 2561 178 2587 καὶ
189 2561 354 2598 δευτερεύων
363 2562 401 2598 τῷ
411 2562 506 2598 Πέτρῳ
517 2561 556 2599 τῷ
569 2561 618 2596 τῆς
637 2561 835 2598 Ἀλεξανδρείας

54 2604 120 2635 κατὰ
133 2605 183 2640 τὴν
197 2606 424 2645 ἀρχιεπισκοπήν.
447 2607 534 2642 Atque
548 2607 575 2635 in
590 2608 711 2635 eamdem
727 2613 834 2636 senten-

99 2683 125 2721 ti)
138 2683 263 2721 Combel'.
277 2684 390 2712 Auctor.
404 2686 512 2717 navim,
527 2689 596 2719 part.
608 2693 639 2716 ll.
656 2693 717 2721 pag.
736 2687 763 2714 2.

98 2719 123 2756 b)
137 2720 330 2758 §a_v._Dis§e_rt.
342 2721 374 2758 de
384 2721 474 2755 script.
486 2721 549 2758 eget.
562 2719 755 2758 ιήεεζιίξωῐαιη
765 2731 791 2758 p.
806 2722 834 2753 2.

87 2754 122 2790 (ε)
136 2755 243 2783 Fabric.
256 2755 327 2783 Bibl.
345 2755 404 2788 (ἕνη
419 2754 484 2783 tam.
499 2754 532 2786 V,
545 2763 604 2790 pag.
619 2756 683 2784 287.

89 2790 124 2823 (Δ)
137 2790 326 2826 yonthBibl.
346 2790 441 2823 Caisl.,
457 2798 517 2826 pag.
531 2791 583 2817 549
598 2799 675 2826 seqq.

89 2828 120 2860 (el
136 2824 214 2857 Phot.
232 2825 318 2863 Epist.
334 2826 366 2857 de
381 2824 510 2861 Manio/1.",
525 2826 543 2853 Ι.
557 2834 594 2859 c.,
607 2824 668 2866 pag.
683 2827 745 2854 556.

887 1277 951 1306 tiam
968 1277 1032 1305 alibi
1046 1277 1129 1307 tradit
1140 1277 1176 1313 (g)
1191 1287 1200 1303 ι
1216 1277 1351 1306 Meletium
1369 1276 1491 1304 habitum
1504 1276 1590 1305 fuisse
1600 1277 1672 1306 The~

887 1323 975 1351 haidis
995 1323 1102 1359 Egypli
1122 1323 1267 1359 provincia:
1281 1323 1518 1358 archiepiscopum
1533 1333 1539 1350 :
1557 1333 1566 1349 ι
1582 1324 1671 1360 Μελὴ-

885 1378 951 1402 τιος,
965 1369 980 1394 ὁ
995 1369 1045 1404 τῆς
1058 1368 1195 1403 Αἰγύπτου
1217 1368 1271 1399 ἀπὸ
1290 1368 1420 1403 Θηϐαΐδος
1436 1368 1522 1394 δοκῶν
1545 1365 1614 1395 εἶναι
1626 1369 1672 1398 καὶ

886 1415 967 1446 αὐτὸς
980 1415 1202 1451 ἀρχιετείσκοπος.
1224 1413 1287 1441 llaec
1304 1418 1392 1441 autem
1408 1421 1517 1449 quoquo
1532 1415 1613 1441 modo
1626 1422 1673 1441 ac-

887 1461 1033 1496 cipiantur,
1047 1460 1069 1488 si
1080 1460 1142 1495 quis
1156 1459 1322 1487 admittenda
1338 1463 1457 1491 censeat.
1469 1460 1497 1486 in
1509 1460 1574 1487 sede
1590 1459 1673 1495 Lyco-

887 1508 1006 1544 politana
1021 1506 1144 1542 proxime
1164 1507 1342 1534 antecesserit
1355 1506 1508 1533 Alexander
1523 1505 1671 1538 Meletium,

887 1561 967 1589 quem
983 1553 1093 1581 ineunte
1105 1553 1205 1580 sa:culo
1221 1561 1247 1580 iv
1261 1552 1420 1580 cathedram
1438 1553 1509 1578 illam
1522 1560 1673 1587 occupasse

887 1600 1069 1634 comperimus
1083 1609 1090 1627 :
1106 1607 1160 1635 quo
1175 1607 1241 1627 sane
1259 1599 1354 1626 ordine
1374 1599 1444 1626 inter
1463 1598 1674 1633 Lycopolitanos

887 1647 1018 1682 prtcsules
1033 1647 1120 1682 ipsum
1138 1646 1222 1673 refert
1239 1644 1405 1680 Lequienius
1420 1643 1452 1672 V.
1468 1643 1500 1671 C.
1518 1643 1606 1672 Photii
1623 1651 1673 1671 au-

887 1693 1011 1720 ctoritate
1026 1695 1164 1727 permotus
1178 1691 1224 1726 (Ii).

923 1738 953 1765 ll.
974 1737 1060 1765 Porro
1081 1742 1220 1772 utcunque
1242 1744 1272 1764 se
1295 1743 1339 1763 res
1358 1735 1468 1767 habeat,
1491 1735 1549 1762 sive
1567 1734 1674 1770 origine

888 1784 945 1811 sive
959 1784 1090 1819 dignitate
1103 1783 1175 1811 sedis
1188 1782 1346 1818 Lycopolita
1359 1782 1440 1810 fuerit
1454 1787 1547 1809 noster
1557 1781 1673 1808 Alexan-

887 1830 946 1862 der,
968 1830 1034 1857 illud
1049 1833 1153 1858 certum
1170 1830 1406 1866 exploratumque,
1427 1829 1516 1864 ipsum
1529 1828 1590 1863 jure
1603 1827 1673 1862 opti-

887 1884 933 1904 mo
952 1877 1022 1904 inter
1039 1876 1186 1910 scriptores
1203 1875 1404 1903 ecclesiasticos
1423 1875 1511 1901 locum
1525 1873 1576 1901 sibi
1587 1872 1674 1900 vindi-

888 1930 961 1953 care.
973 1922 1072 1957 quippe
1081 1922 1127 1957 qui
1139 1922 1306 1949 luculentum
1317 1921 1448 1948 adversus
1463 1920 1673 1948 Manichaeorum

886 1968 984 2003 placita
999 1971 1143 1995 tractatum
1161 1967 1258 1994 litteris
1280 1965 1450 2001 consignarit
1469 1974 1476 1993 :
1495 1965 1594 1991 Allatio
1609 1972 1673 1999 pro‘

885 2017 977 2048 pterea
992 2013 1081 2041 dictus
1095 2013 1125 2049 (i)
1138 2019 1233 2040 auctor
1249 2012 1442 2040 eruditissimus
1454 2016 1481 2039 et
1494 2010 1674 2045 φιλοσοφικώ-

885 2068 974 2091 τατος.
993 2059 1107 2094 ejusque
1127 2067 1195 2094 opus
1215 2059 1318 2086 libellus
1334 2066 1449 2090 aureus;
1470 2065 1503 2085 ex
1523 2065 1577 2092 quo
1590 2057 1674 2088 etiam

886 2106 941 2133 duo
960 2107 1017 2133 loca
1034 2106 1181 2141 exscripsit
1197 2106 1376 2141 protulitque,
1398 2104 1463 2132 dum
1480 2104 1569 2132 adhuc
1588 2104 1617 2131 in
1631 2103 1673 2133 bi-

886 2151 1029 2180 bliothecis
1045 2152 1154 2180 latebat.

921 2197 960 2225 Ex
981 2198 1072 2232 operis
1093 2203 1183 2225 autem
1200 2197 1381 2233 inscriptione
1408 2197 1540 2225 discimus
1556 2195 1673 2224 Alexan-

886 2243 965 2270 drum
977 2243 1062 2272 fuisse
1072 2243 1189 2278 primum
1200 2243 1315 2271 ethnicae
1324 2243 1511 2278 superstitioni
1521 2242 1671 2271 addictum:

886 2297 949 2316 mox
963 2297 1036 2323 vero,
1054 2288 1209 2317 Graecorum
1225 2290 1299 2316 cultu
1311 2289 1416 2321 relicto,
1435 2289 1610 2316 Manichaicaa
1623 2288 1673 2316 do~

885 2336 980 2365 ctrina:
995 2335 1115 2362 animum
1130 2335 1274 2370 adjecisse,
1285 2342 1367 2369 quam
1382 2335 1416 2362 ab
1433 2335 1467 2362 iis
1479 2335 1525 2370 qui
1539 2342 1601 2362 cum
1616 2334 1673 2362 hat.

887 2381 1024 2409 resiarcha
1042 2381 1213 2410 familiariter
1229 2383 1337 2410 fuerant
1360 2381 1524 2413 conversati,
1548 2381 1602 2408 ἀπὸ
1616 2381 1674 2411 τῶν

886 2428 1032 2464 γνωρίμων
1050 2428 1097 2455 τοῦ
1114 2428 1220 2466 ἀνδρὸς,
1235 2436 1264 2456 se
1278 2428 1417 2463 accepisse
1430 2430 1547 2454 testatur
1557 2426 1566 2461 (
1569 2426 1599 2462 j)
1616 2437 1622 2454 :
1642 2430 1672 2454 ut

886 2476 1030 2508 propterea
1054 2475 1077 2502 si
1100 2474 1135 2501 ab
1157 2474 1243 2508 ipsius
1267 2473 1381 2501 Manetis
1403 2473 1570 2508 temporibus
1598 2472 1670 2501 haud

887 2518 966 2554 longe
981 2524 1114 2547 remotum
1134 2520 1218 2548 fuisse
1239 2523 1378 2547 auctorem
1400 2519 1462 2554 quis
1478 2518 1625 2550 existimet,
1643 2517 1670 2546 id

887 2573 952 2593 sane
962 2565 1024 2600 jure
1036 2566 1139 2600 optimo
1152 2566 1289 2601 conjicere
1307 2565 1439 2593 videatur.
1457 2565 1498 2592 Ab
1515 2572 1546 2592 ea
1561 2564 1670 2594 demum

887 2615 961 2640 secta
976 2612 1107 2640 divinitus
1128 2616 1273 2640 revocatus
1293 2617 1373 2647 atque
1388 2611 1422 2639 ad
1436 2611 1585 2640 Ecclesiam
1599 2617 1668 2638 con~

920 2685 959 2722 (f)
973 2685 1069 2722 Epiph.
1085 2686 1150 2712 haer.
1167 2692 1263 2717 vam,
1279 2693 1355 2722 num.
1373 2686 1399 2713 L

920 2693 959 2755 υς
975 2693 1069 2747 Ὑιριι.
1085 2693 1150 2712 uter.
1167 2693 1263 2717 vam,
1279 2693 1320 2713 nu:

920 2729 946 2755 (g
973 2719 982 2747 1
1004 2741 1011 2748 .
1028 2721 1093 2748 hair.
1110 2728 1183 2750 LXIX.
1202 2729 1277 2748 num.
1293 2721 1320 2747 2.

919 2755 958 2791 (Ιι)
970 2756 1098 2791 Lequien.
1118 2756 1165 2783 0r.
1178 2755 1334 2791 ClmLtom.
1348 2755 1380 2788 ll,
1395 2763 1456 2791 pag.
1471 2755 1533 2784 597.

919 2791 950 2826 (i)
966 2790 1046 2819 Allat.
1062 2792 1096 2818 ad
1108 2791 1231 2818 Euelnth.
1245 2790 1384 2821 Ηεπαεηι..
1397 2790 1479 2826 pagg.
1494 2791 1528 2818 30
1543 2793 1570 2819 et
1582 2790 1629 2823 56.

919 2799 950 2826 (ι)
966 2799 1046 2819 auat.
1062 2799 1095 2818 aa
1108 2799 1231 2818 inustam.
1245 2799 1384 2821 ηεπαεηι..
1401 2799 1433 2826 pa
1453 2800 1460 2825 ι

919 2828 954 2866 (j)
968 2827 1045 2858 Alex.
1057 2827 1088 2859 de
1105 2826 1221 2858 Manio/1.
1238 2826 1342 2866 placit..
1359 2799 1460 2864 cap.
