1909 3069
242 113 292 140 ιιι

733 115 932 144 ALEXANDRI
949 115 1102 144 EPISCOPI
1121 116 1373 144 LYCOPOLITANI

1806 116 1860 143 “2

240 171 360 206 fugiens,
375 172 561 200 haeresiarchaa
577 173 649 201 illius
662 175 762 209 probra
774 175 885 207 detexit,
902 180 928 203 et
941 176 1024 204 male-
1038 181 1061 207 Α
1075 176 1208 205 Henricus
1236 176 1360 205 Valesius
1385 177 1425 204 vir
1453 183 1585 209 summus,
1616 175 1704 210 inquit
1732 174 1862 201 laudatus

241 226 308 246 sana
324 218 384 252 ejus
404 218 530 253 dogmata
553 220 639 247 solide
662 220 896 256 refutavit:quod
916 222 1025 257 quidem

241 263 384 298 magniﬁce
405 265 542 299 praestitit,
567 266 699 301 pluraque
721 267 802 294 simul
823 275 903 302 quam
924 268 980 300 alii,
998 273 1027 296 ut

242 310 379 344 quondam
395 315 476 338 sectae
491 311 668 345 domesticus,
687 312 720 340 de
735 314 809 341 illius
826 314 933 348 placitis
947 315 1025 343 nobis

242 361 380 390 comperta
403 356 500 384 fecisse
523 359 691 392 comperitur
709 368 716 386 ι
736 367 791 394 quo
815 360 895 386 etiam
916 361 1026 389 nomine

242 401 399 435 hujusmodi
421 403 542 431 auctoris
559 404 713 432 lucubratio
730 405 816 432 multo
831 406 858 433 in
872 407 961 441 pretio
974 407 1025 433 ha-

241 447 330 475 benda
343 449 459 476 videtur.

276 492 321 520 lll.
342 492 420 520 Hunc
428 499 516 521 autem
529 494 675 522 Alexandri
688 495 771 523 fetum
781 497 884 531 primus
897 497 923 525 in
937 498 1024 526 lucem

242 539 338 566 extulit
349 539 527 568 Comhetisius
540 541 576 576 (k)
588 550 619 569 ex
629 542 745 569 Emerici
757 542 854 577 Bigotii
865 544 1023 579 exemplari,

241 586 314 620 quod
337 586 381 614 hic
402 587 428 613 in
450 586 552 614 Italiam
572 589 710 622 profectus
726 589 759 615 ab
771 589 910 616 Holstenio
926 597 1024 625 magno

242 636 354 656 munere
368 636 519 665 acceperat.
533 631 660 660 Auctoris
675 633 762 668 stylus
777 634 961 667 duriusculus,
981 640 1023 662 at—

241 682 294 709 que
319 676 452 711 imperitia
480 678 576 705 scriba:
602 679 691 707 adhuc
716 680 877 714 intricatior,
906 682 972 716 quin
997 686 1024 709 et

241 720 328 755 ipsius
357 724 508 757 argumenti
538 725 702 759 perplexitas
728 725 856 753 lectorem
888 726 1023 754 interdum

242 769 375 800 moratur,
406 767 473 794 adeo
489 772 517 794 ut
538 777 586 796 nec
608 770 749 797 lectionem
774 771 909 805 patienter
933 772 1024 800 tulerit

276 842 311 879 (is)
325 844 446 873 Combei‘.
458 845 535 874 Auct.
549 847 657 879 naviss.,
674 850 743 883 part.
758 855 788 880 ιι,
800 855 860 884 pag.
876 849 892 875 5
906 857 982 885 seqq.

1076 222 1266 250 Combetisius.
1282 223 1333 256 Qui
1350 228 1377 250 et
1391 223 1424 250 de
1439 230 1468 250 se
1484 222 1543 257 ipso
1558 221 1644 256 deque
1657 228 1705 248 sua
1722 220 1862 255 interpre-

1076 268 1179 296 tatione
1199 269 1251 297 ista
1274 269 1365 296 subdit
1387 278 1395 297 :
1417 278 1427 294 ‹
1452 269 1517 295 Mihi
1536 275 1653 302 quoque,
1678 267 1778 298 fateor.
1803 273 1860 293 non

1076 321 1156 341 unam
1174 314 1230 341 fixit
1245 322 1365 346 erucem,
1386 322 1440 341 non
1456 318 1511 341 tam
1527 313 1668 348 scriptoris
1682 311 1769 345 λοξὸν,
1789 319 1823 338 ac
1837 312 1862 339 si

1075 359 1140 394 quid
1163 359 1222 393 ejus
1243 360 1326 387 meris
1351 359 1450 387 ascribi
1476 363 1564 394 potest
1583 358 1690 393 (quibus
1713 365 1769 384 non
1791 357 1863 384 adeo

1076 405 1187 433 sordere
1198 406 1360 441 existimem)
1378 414 1458 441 quam
1476 404 1655 432 exscribentis
1673 412 1783 435 manus,
1801 404 1863 431 sive

1075 449 1172 477 menda
1186 451 1268 484 priori
1281 450 1428 485 exemplari
1442 450 1590 480 haerebant,
1606 450 1662 477 sive
1672 450 1731 483 ipsa
1745 448 1861 482 adjecit.

1075 495 1187 522 Factum
1200 499 1289 523 tamen
1301 503 1391 530 spero,
1403 499 1432 522 ut
1445 503 1497 530 qua
1507 495 1632 522 insudavi
1643 502 1737 529 opera,
1747 502 1862 521 onmem

1075 541 1169 568 lectori
1181 549 1265 576 prope
1278 541 1423 574 reﬁxerim,
1437 549 1469 568 ac
1483 541 1581 576 quibus
1595 541 1704 573 haereat,
1721 549 1808 577 pauca
1820 549 1863 569 re-

1075 586 1210 622 liquerim.
1230 597 1238 613 ι
1256 586 1318 614 iizec
1335 587 1389 615 ille.
1406 587 1491 622 Cujus
1506 587 1650 615 editionem
1666 595 1728 622 quae
1743 594 1797 614 una
1810 594 1863 614 ex-

1075 636 1138 665 stat,
1163 633 1375 661 emendatiorem
1398 633 1606 668 nitidioremquc
1627 633 1809 668 proferimus;
1834 637 1862 661 et

1075 686 1128 714 quo
1145 680 1252 714 planior
1267 679 1356 714 operis
1373 683 1516 708 contextus
1534 679 1640 712 evadat,
1657 679 1724 707 illud
1747 680 1776 706 in
1797 687 1862 707 sec-

1073 725 1163 754 tiones
1177 727 1305 761 partitum
1321 727 1490 755 exhibemus.

245 945 1850 962 ____—_________________

774 1036 1327 1116 ALEXANDRI

563 1183 916 1248 EPISCOPI
945 1184 1527 1250 LYCOPOLITANI

875 1310 1220 1356 TRACTATUS

506 1416 596 1472 DE
634 1416 961 1474 PLACITIS
1000 1415 1585 1475 MANICHIEORUM.

240 1563 456 1624 uastabat
477 1579 912 1624 .il’QQBQEUﬁRHt

1076 1582 1318 1624 Αίὲἓτῗέἒᾏέίζῖ
1332 1581 1675 1624 Ελάίῖιὲίὶῖζίζλέῖῖέἵ-
1684 1583 1862 1624 ξ)ρέξῖῗὲ

279 1614 387 1642 TIBUS
408 1615 455 1641 AD
473 1614 679 1643 MANICII/EI
700 1614 912 1645 OPINIONES
932 1618 1022 1647 CON-

280 1649 416 1677 VERSUS
435 1649 579 1678 FUERAT
592 1652 641 1688 (1).

1271 1617 1318 1644 ΕΞ
1328 1618 1452 1646 ΕΘΝΩΝ
1461 1619 1559 1645 ΠΡΟΣ
1571 1619 1637 1645 ΤΑΣ
1647 1620 1698 1645 MA

1728 1618 1864 1645 ΙΧΑΙΟΥ

484 1709 546 1738 CAP.
562 1710 583 1738 l.
600 1710 776 1745 Philosophia:
790 1711 947 1740 Christiana:
963 1713 1127 1748 praestantia.
1141 1712 1172 1739 In
1187 1711 1347 1740 Christianis
1366 1711 1506 1738 Iucreseum
1522 1712 1606 1747 origo.

274 1766 493 1795 Christianorum
520 1767 692 1803 philosophia
720 1769 833 1804 simplex
857 1770 1018 1805 appellatur.

239 1812 302 1840 Haec
317 1813 444 1840 nimirum
462 1813 633 1841 instituendis
647 1814 766 1841 moribus
778 1815 924 1849 plurimum
939 1820 1020 1843 navat

239 1866 366 1893 operam,
389 1858 514 1886 certioris
530 1858 653 1886 veritatis
680 1859 712 1886 de
736 1858 791 1886 Deo
808 1867 949 1888 sermones
971 1861 1021 1888 ob—

240 1913 319 1933 scure
339 1905 499 1938 insinuans;
517 1913 632 1940 quorum
646 1910 737 1940 caput,
756 1906 795 1934 rei
812 1906 894 1941 hujus
909 1907 1022 1942 diligen-

239 1954 306 1980 tiam
326 1952 424 1979 merito
445 1959 538 1979 omnes
558 1951 726 1984 admiserint,
744 1953 789 1980 ubi
802 1961 885 1982 causa
902 1954 1020 1982 etiiciens

239 1998 408 2026 nobilissima
424 1997 677 2033 antiquissimaque,
687 2002 767 2033 atque
779 1999 900 2026 omnium
914 2004 1019 2033 auctor,

239 2044 274 2071 ab
296 2044 350 2071 illis
369 2044 507 2071 statuitur.
525 2042 635 2071 Relictis
655 2052 771 2080 namque
794 2045 846 2078 his,
865 2046 911 2080 qui
929 2054 1020 2074 mores

239 2094 441 2123 consectantur,
457 2098 516 2125 qua:
532 2091 687 2125 operosiora
700 2095 774 2123 sunt,
791 2092 879 2126 qualis
895 2092 1021 2120 videlicet

238 2137 326 2164 virtus
339 2137 450 2164 moralis
467 2140 509 2164 est
519 2140 545 2163 et
563 2137 719 2170 rationalis,
731 2145 899 2172 quaecunque
914 2138 978 2166 item
986 2138 1020 2166 de

238 2184 372 2216 moribus.
390 2184 477 2219 deque
495 2183 567 2210 vitiis
582 2189 608 2210 et
623 2183 763 2212 ali'ectihus
780 2183 922 2216 dicuntur,
946 2186 1019 2212 circa

1108 1768 1275 1806 Χριστιανῶν
1289 1768 1432 1803 φιλοσοφία
1450 1768 1521 1803 ἁπλῆ
1537 1767 1666 1794 καλεῖται.
1678 1767 1751 1803 Αὕτη
1767 1767 1797 1793 δὲ
1812 1767 1862 1794 ἐπὶ

1072 1815 1178 1851 τὴντοῦ
1192 1814 1273 1850 ἤθους
1288 1813 1458 1849 κατασκευὴν
1481 1813 1530 1849 τὴν
1552 1814 1680 1849 πλείστην
1699 1813 1861 1849 ἐπιμέλειαν

1073 1863 1198 1893 ποιεῖται,
1218 1860 1389 1896 αἰνιττομένη
1406 1860 1470 1895 περὶ
1483 1859 1536 1886 τῶν
1555 1860 1754 1895 ἀκριϐεστέρων
1772 1859 1861 1894 λόγων

1074 1909 1137 1943 περὶ
1154 1907 1221 1934 Θεοῦ
1232 1916 1239 1923 ·
1255 1904 1291 1934 ὧν
1306 1906 1336 1933 τὺ
1353 1906 1500 1941 κεφάλαιον
1514 1906 1563 1941 τῆς
1579 1906 1643 1941 περὶ
1662 1906 1748 1932 ταῦτα
1773 1913 1862 1932 σπου-

1073 1954 1120 1990 δῆς
1131 1954 1241 1985 εἰκότως
1255 1953 1287 1980 ἂν
1303 1954 1420 1984 ἅπαντες
1441 1951 1622 1984 ἀποδέξαιντο,
1647 1951 1712 1979 ἔνθα
1733 1952 1763 1978 τὺ
1781 1960 1862 1988 ποιη-

1073 2000 1147 2027 τικὸν
1168 1999 1252 2026 αἴτιον
1269 1998 1432 2034 τιμιώτατον
1449 1998 1568 2024 τίθενται
1590 1998 1637 2024 καὶ
1659 1998 1861 2034 πρεσϐύτατον,

1073 2045 1121 2072 καὶ
1137 2045 1244 2072 πάντων
1256 2044 1340 2071 αἴτιον
1352 2044 1405 2070 τῶν
1421 2044 1514 2070 ὅντων.
1537 2043 1612 2070 Ἐπεὶ
1626 2043 1673 2070 καὶ
1688 2045 1744 2075 τοῖς
1753 2043 1862 2079 ἠθικοῖς

1073 2092 1106 2118 τὰ
1123 2091 1308 2127 ἐργωδέστεροι
1321 2091 1545 2125 παραλείποντες,
1561 2088 1615 2117 οἷον
1630 2090 1672 2122 τίς
1684 2099 1713 2116 τε
1734 2091 1751 2125 ἡ
1774 2091 1860 2126 ἠθικὴ

1071 2137 1155 2173 ἀρετὴ
1179 2137 1226 2163 καὶ
1250 2135 1361 2172 λογικὴ,
1383 2137 1430 2163 καὶ
1445 2137 1495 2164 ὃσα
1514 2136 1620 2171 λέγεται
1639 2136 1702 2171 περῖ⁵
1721 2136 1795 2171 ἠθῶν
1811 2138 1861 2163 καὶ

1072 2183 1175 2214 παθῶν,
1190 2183 1254 2217 περὶ
1265 2183 1310 2220 τρν
1326 2182 1483 2209 ὑποθετικὸν
1499 2182 1663 2218 διατρίϐουσι
1676 2182 1757 2209 τόπον
1767 2191 1774 2197 ·
1788 2191 1862 2209 στοι-

237 2230 431 2265 praeceptiones
454 2235 595 2257 morantur
626 2240 632 2257 :
656 2230 728 2257 haud
753 2230 862 2264 quidem
887 2230 1018 2258 elementa

1076 2230 1131 2264 (εἶα
1148 2228 1196 2263 μὲν
1209 2228 1277 2263 πρὸς
1289 2227 1407 2264 ἑκάστης
1425 2228 1525 2264 ἀρετῆς
1542 2228 1675 2263 ἀνάληψιν
1695 2229 1745 2255 οὒκ
1765 2229 1862 2256 ἁποδι·

237 2276 382 2303 reddeutes
399 2277 499 2311 quibus
518 2284 685 2311 unaquzeque
715 2276 801 2303 virtus
828 2276 946 2311 paranda
967 2276 1018 2309 sit;

237 2323 374 2350 crassiora
389 2330 453 2350 vero
471 2327 614 2358 praecepta,
635 2323 675 2350 sic
701 2322 781 2357 quasi
805 2327 906 2349 temere
924 2330 1020 2357 conge-

236 2373 327 2396 rentes
350 2378 357 2396 :
376 2376 492 2403 quorum
512 2368 605 2396 auditu
623 2376 766 2395 commune
779 2368 885 2402 vulgus,
903 2371 932 2394 ut
943 2375 1021 2402 expe-

236 2415 334 2442 rientia
350 2414 492 2446 discimus,
510 2414 544 2441 ad
563 2413 722 2440 modestiam
735 2411 813 2439 valde
828 2411 1020 2446 proiicit,insi—

236 2457 336 2492 detque
349 2465 442 2484 eorum
458 2457 578 2484 moribus
587 2457 695 2491 pietatis
708 2456 859 2488 character,
868 2455 1018 2489 viviticans,

237 2509 298 2536 quae
314 2509 349 2529 ex
360 2502 407 2528 tali
423 2502 619 2529 consuetudine
635 2509 741 2528 morum
761 2500 923 2535 compositio
943 2501 1022 2528 indo-

238 2548 331 2582 lesque
341 2548 522 2581 contrahitur,
537 2547 721 2583 paulatimque
730 2547 763 2574 ad
781 2547 844 2574 boni
861 2546 1022 2582 honestique

236 2595 340 2622 ducens
357 2594 515 2630 appetitum.

276 2640 330 2668 Hac
347 2648 412 2669 vero
427 2648 442 2667 a
458 2639 629 2675 sequentium
650 2638 728 2666 turba
754 2639 781 2666 in
810 2639 909 2666 multas
934 2638 1022 2666 divisa

239 2686 415 2721 quaestiones,
442 2684 569 2713 exstitere
585 2684 687 2719 plures,
703 2687 732 2710 ut
757 2683 813 2711 fere
830 2684 859 2711 in
877 2683 911 2711 iis
928 2683 957 2709 tit
975 2683 1023 2718 qui

278 2766 316 2800 (Ι)
333 2764 478 2798 lnterprete
488 2765 635 2793 Francisco
650 2758 822 2792 Combctisio.

277 2800 316 2834 (ἢ)
344 2800 435 2832 Ἀλέξ.
462 2800 573 2827 Photius
597 2801 625 2827 in
653 2800 772 2834 Epitome
796 2801 828 2827 de
850 2800 1023 2834 Manichwis,

239 2833 323 2871 quam
341 2833 424 2862 edidit
435 2834 470 2862 cl.
486 2835 703 2863 Montfauconius
718 2835 777 2863 Bib.
792 2834 874 2863 Coisl.
887 2843 948 2872 pag.
960 2833 1022 2871 555,

1071 2274 1160 2305 δόντες
1172 2282 1178 2288 '
1195 2274 1412 2310 παραγγέλματα
1427 2274 1455 2300 δὲ
1471 2274 1609 2309 παχύτερα
1620 2294 1627 2305 ,
1641 2274 1678 2306 ὡς
1699 2275 1859 2310 ἐτύγχανεν,

1071 2320 1293 2355 ἑπισωρεύοντες,
1308 2317 1344 2347 ὧν
1356 2321 1370 2346 ό
1390 2320 1472 2352 πολὺς
1485 2320 1570 2356 δῆμος
1581 2320 1698 2352 ἀκούων,
1710 2321 1748 2352 ὡς
1765 2322 1797 2348 ἐκ
1809 2322 1861 2356 τῆς

1073 2365 1170 2400 πείρας
1182 2365 1238 2391 ἔστι
1253 2365 1358 2400 μαθεῖν,
1368 2366 1469 2401 σφόδρα
1483 2366 1635 2392 ἐπιδίδωσιν
1648 2367 1688 2398 είς
1697 2366 1858 2398 ἐπιείκειαν,

1073 2410 1120 2436 καὶ
1145 2411 1194 2445 τῆς
1219 2409 1360 2442 εὐσεϐείας
1384 2411 1525 2446 χαρακτὴρ
1550 2411 1666 2442 ὲνιζάνει
1692 2411 1781 2438 αὐτῶν
1803 2414 1859 2444 τοῖς

1072 2455 1164 2490 ἤθεσιν
1178 2475 1186 2487 ,
1203 2454 1389 2491 ἀναξωπνρῶν
1404 2457 1434 2483 τὸ
1450 2458 1482 2483 ὲκ
1499 2456 1549 2492 τῆς
1570 2457 1696 2492 τοιαύτης
1714 2457 1861 2492 συνηθείας

1074 2501 1294 2537 συνεκλημμένον
1309 2499 1383 2537 ἦθος,
1404 2503 1451 2529 καὶ
1465 2503 1524 2529 κατ’
1535 2502 1622 2537 ὀλίγον
1636 2503 1676 2534 εἰς
1687 2503 1736 2538 τὴν
1749 2503 1796 2530 τοῦ
1809 2511 1859 2530 κα-

1072 2548 1118 2574 λοῦ
1135 2548 1217 2574 αὑτοῦ
1231 2547 1320 2583 ὄρεξιν
1335 2548 1449 2584 ὁδηγῶν(

1106 2639 1154 2670 Et;
1168 2638 1281 2665 πλεῖστα
1297 2639 1325 2665 δὲ
1335 2639 1437 2675 ταύτης
1452 2640 1504 2667 ὑπὸ
1517 2640 1572 2669 τῶν
1588 2641 1790 2677 ἐπιγενομένων
1812 2650 1860 2677 με·

1074 2685 1210 2721 ρισϐείσης
1225 2684 1353 2721 ζητήσεις
1363 2705 1370 2718 ,
1389 2687 1554 2723 συνέστησαν
1575 2687 1696 2719 πλείονες
1707 2707 1715 2720 ,
1733 2687 1859 2723 καθάπερ

1080 2767 1155 2794 urbis
1180 2766 1320 2804 Lycorum
1334 2767 1478 2804 praesulem
1496 2768 1579 2795 fuisse
1605 2770 1676 2796 hunc
1700 2771 1860 2804 scriptorem

1077 2805 1192 2838 testatur
1207 2802 1248 2829 his
1267 2802 1355 2829 verbis
1377 2812 1383 2830 :
1397 2802 1431 2828 ’Ὀ
1444 2811 1473 2829 τε
1490 2803 1539 2838 τῆς
1552 2803 1654 2836 πόλεως
1667 2802 1764 2831 Λύκων
1788 2805 1862 2831 Ἀλέ-

1077 2836 1187 2873 ξανδρος
1200 2837 1263 2869 τοὺς
1280 2838 1485 2872 ἀρχιερατικοὺς
1503 2836 1739 2875 ἐγκεχειρισμένος
1753 2840 1861 2877 νόμους.
