1909 3069
57 117 110 147 LE

511 114 722 145 TRACTATUS
741 115 786 143 DE
806 116 961 144 PLACITIS
976 116 1254 145 ΜΑΝΙΕΗΕΟΒΠΜ.

1635 115 1687 142 414

60 178 89 204 ὲν
100 177 157 208 τοῖς
174 176 336 211 ἐριστικοῖς.
350 177 396 211 ἀφ’
411 172 447 204 ὤν
464 177 686 213 ὲντρεχεστέρους
701 177 748 212 μὲν
760 177 855 208 ἄλλους

905 177 1073 204 contentioni
1086 176 1205 209 student,
1218 176 1261 202 alii
1273 176 1333 202 aliis
1343 176 1511 208 solertiores,
1521 176 1688 210 argutiisquc

63 223 164 259 ἐτέρων
178 222 278 257 μᾶλλον
293 223 342 249 καὶ
358 223 602 259 ζητητικωτέρους,
617 223 654 253 ὡς
666 222 697 249 ἄν
716 231 758 254 τις
771 222 853 255 εἴποι,

60 269 201 304 γεγονέναι
225 268 387 304 συμϐέϐηκε
399 278 405 284 ·
425 269 472 296 καί
497 278 567 301 τινες
591 269 640 304 ἤδη
658 270 704 295 καὶ
723 269 854 304 αἱρέσεων

62 315 240 351 προῦστησαν
253 323 260 330 ·
281 316 328 350 ἀφ’
342 313 379 343 ὧν
393 317 410 352 ή
426 316 496 342 κατὰ
517 315 547 342 τὸ
568 313 633 351 ἦθος
653 315 748 350 ἄδηλος
769 323 853 341 κατα-

63 363 147 397 σκευὴ
164 362 330 398 ἐμαραίνετο
341 372 346 378 ·
363 363 412 398 τῆς
422 363 469 398 μὲν
482 363 550 389 κατὰ
562 363 606 389 τὸν
619 363 696 396 λόγον
713 361 854 397 ἀκριϐείας

61 408 112 435 οὐκ
124 407 332 443 ὲφικνουμένων
349 409 459 440 τούτων,
477 409 533 435 ὅσοι
560 408 613 434 τῶν
630 408 760 444 αἱρέσεων
780 408 855 443 ἡγεῖ-

62 453 125 479 σθαι
138 453 232 488 ἠξίουν
244 462 250 468 ·
268 453 316 480 τοῦ
329 454 358 480 δὲ
376 452 471 480 πολλοῦ
487 454 604 490 πλήθους
626 454 852 481 στασιαστικὼτε-

63 507 108 534 ρον
127 499 199 534 πρὸς
213 498 279 527 αὐτὸ
292 500 466 532 διατεθέντας.
482 501 599 532 Κανόνος
613 500 641 526 δῖε
653 499 757 532 οὐδενὸς
774 500 854 526 ὑπόν-

62 553 107 576 τος
123 545 186 571 οὐδὲ
213 546 314 580 νόμων,
334 545 380 580 ἀφ’
401 543 438 572 ὦν
457 545 509 573 τῶν
531 546 669 582 ζητήσεων
692 546 854 582 πορίσασθαι

60 590 150 624 λύσιν,
163 591 290 627 καθάπερ
303 591 331 618 δὲ
346 593 439 624 ἐντοῖς
451 591 565 628 ἄλλοιςή
579 592 716 627 φιλοτιμία
728 593 767 623 εἰς
776 593 858 627 ὑπερ-

61 636 145 668 εολὰς
159 636 339 670 ἐκπίπτουσα,
352 638 400 664 οὐκ
413 637 485 663 ἐστιν
495 638 508 664 ὅ
524 647 550 664 τι
566 638 595 664 οὐ
614 637 781 672 λυμαίνεται.

908 231 940 250 ac
953 223 1159 259 quastionibus,
1178 226 1208 249 ut
1219 222 1258 249 sic
1271 223 1369 254 dicam,
1386 222 1555 256 sagaciores:
1570 223 1607 248 ita
1621 228 1688 249 sane

907 273 936 296 ut
947 269 1002 304 jam
1018 276 1125 304 quoque
1139 268 1274 295 heresewn
1290 271 1479 303 sectarumque
1492 268 1626 295 antistites
1642 275 1689 303 pa.

906 321 1050 350 rentesque
1069 315 1250 342 emerserint:
1267 322 1314 348 per
1335 321 1404 348 quos
1426 314 1452 341 in
1476 315 1621 342 obscurum
1636 315 1686 342 οὐκ

906 362 988 389 ducta
1006 369 1036 389 ac
1049 361 1209 388 labefactata
1228 368 1333 387 morum
1356 361 1490 388 institutio
1505 366 1546 388 est
1563 371 1569 388 :
1586 361 1649 388 dum
1667 362 1686 389 ii

906 413 1007 436 certam
1047 415 1204 436 sermonum
1240 408 1381 435 veritatem
1417 415 1472 434 non
1503 411 1687 442 assequuntur

906 455 1050 491 (quotquot
1064 456 1192 482 nimirum
1207 455 1290 482 sectis
1300 454 1687 489 antistarivolunt),plebsque

905 510 937 529 ac
951 502 1047 536 vulgus
1062 502 1124 529 inde
1136 501 1163 528 in
1178 502 1252 528 rixas
1265 509 1295 528 ac
1309 502 1497 529 contentiones
1513 501 1642 534 majorem
1658 501 1686 527 in

905 546 1015 574 modum
1032 547 1176 574 excitatur.
1190 546 1313 581 Cumque
1335 547 1407 572 nulla
1436 549 1563 580 suppetat
1583 545 1686 580 regula,

906 592 986 619 nulla}
1005 597 1102 626 prmsto
1119 593 1174 619 sint
1194 593 1276 627 leges.
1295 595 1366 619 unde
1388 599 1482 619 eorum
1496 599 1556 626 qua:
1573 591 1600 618 in
1615 599 1689 625 qua:-

906 637 1021 665 stioncm
1039 638 1161 670 veniunt,
1186 638 1347 665 solutionem
1373 638 1494 664 nancisci
1522 638 1619 669 liceat,
1639 637 1687 664 sed

59 684 136 711 velut
154 685 180 711 in
196 685 268 719 aliis,
286 686 398 713 honoris
418 686 556 713 contentio
579 687 607 713 in
622 686 789 713 nimietatem
813 685 928 712 adducta
954 690 1034 720 atque
1053 686 1197 719 excedens,
1220 694 1276 714 non
1287 690 1329 713 est
1353 686 1396 713 cui
1421 686 1506 713 labem
1534 693 1688 721 noxamque

61 739 117 760 non
132 732 242 761 aderat.

177 801 244 830 Cn.
262 801 293 829 Π.
310 802 460 836 Martia/imi,
475 811 520 830 seu
536 802 661 837 Manetis,
673 807 748 830 retur.
765 802 851 830 Primi
866 803 998 838 discipuli.
1017 803 1076 832 Duo
1090 805 1230 839 principia.
1246 805 1361 832 Materia
1379 805 1556 833 Manic/taica.

96 871 177 900 ὓῦτω
190 872 220 898 δὲ
235 872 283 898 καὶ
298 873 343 898 ἐπὶ
355 871 465 902 τούτων,
483 873 515 907 τῇ
538 871 675 906 καινότητι
694 871 747 898 τῶν
771 871 853 904 δοξῶν

943 871 988 898 Sic
1005 872 1031 899 in
1058 873 1101 900 his
1130 881 1252 908 quoque,
1280 874 1344 900 dum
1376 874 1534 909 opinionum
1567 876 1686 903 novitate

63 917 194 953 ἑκάτερος
208 917 254 944 τὸν
271 917 323 952 πρὸ
340 915 422 943 αὑτοῦ
445 917 660 952 ὑπερϐάλλεσθαι
685 917 852 950 σπουδάζων,

64 964 101 994 εἰς
116 963 248 998 ἀνήνυτον
267 963 384 998 πρᾶγμα
398 963 447 999 τὴν
456 963 544 998 ἁπλῆν
554 964 656 998 ταύτην
668 963 854 999 ὲμϐεϐλήκασι

65 1007 223 1041 φιλοδοξίαν
233 1016 240 1021 ·
258 1006 352 1042 ὥσπερ
367 1009 380 1034 ὁ
396 1007 540 1043 λεγόμενος
555 1009 717 1044 Μανιχαῖος,
736 1008 765 1040 ὃς
785 1009 854 1044 Πέρ-

65 1060 114 1087 σης
131 1051 180 1087 μέν
194 1061 237 1084 τις
253 1053 312 1078 ἐστὶ
332 1053 361 1079 τὺ
381 1053 471 1087 γένος·
490 1054 535 1080 καί
554 1053 586 1088 γέ
611 1063 653 1085 τις
675 1054 769 1086 nimo;
810 1056 848 1090 (5)

62 1101 180 1136 τοῦνομα
213 1097 282 1132 πρὸς
304 1098 377 1132 ἡμᾶς
401 1096 507 1132 ἐγένετο
529 1098 578 1133 τῆς
597 1099 643 1125 τοῦ
667 1099 762 1135 ἀνδρὸς
776 1099 854 1135 δόξης

65 1142 208 1177 ἐξηγητὴς,
221 1144 269 1169 καὶ
288 1142 356 1178 μετὰ
370 1143 464 1170 τοῦτον
478 1144 579 1180 Θωμᾶς
589 1165 596 1176 ,
617 1145 663 1171 καί
676 1154 747 1177 τινες
765 1145 853 1182 ἕτεροι

65 1188 123 1222 μετ’
141 1187 250 1219 αὐτούς.
262 1188 348 1219 Αὐτὸς
363 1188 391 1214 δὲ
403 1188 448 1214 ἐπὶ
460 1189 639 1226 Οὑαλεριανοῧ
653 1191 700 1226 μὲν
713 1192 853 1226 γεγονέναι

63 1233 182 1265 λέγεται,
203 1233 399 1268 συστρατεῦσαί
414 1242 443 1260 τε
459 1234 581 1270 Σαπὼρῳ
595 1235 632 1270 τῷ
646 1235 747 1273 Πέρσῃ·
768 1246 853 1272 προσ-

64 1279 218 1315 κρούσαντα
242 1278 271 1305 δέ
295 1288 320 1306 τι
334 1279 419 1315 τούτῳ
435 1280 612 1307 ἀτωλωλέναι.
637 1281 732 1308 Τοιάδε
749 1280 794 1309 οὖν
811 1292 853 1314 τις

64 1325 98 1359 qr]
104 1334 141 1360 μη
155 1325 205 1360 τῆς
218 1325 323 1352 ἐκείνου
335 1325 412 1360 δόξης
427 1325 480 1352 ἀπὸ
497 1326 549 1352 τῶν
570 1327 714 1362 γνωρίμων
741 1328 786 1354 τοῦ
807 1329 854 1355 ἁν-

63 1370 124 1405 Ξρδς
140 1371 256 1405 ὰᾳίκετο
274 1371 341 1406 πρὸς
364 1372 447 1406 ἡμᾶς.
472 1371 524 1397 Δύο
549 1373 635 1407 ἀρχὰς
657 1372 769 1405 ἐτίθετο,
787 1374 853 1401 Θεὸν

64 1417 110 1443 καὶ
122 1417 198 1452 ὓλην.
216 1416 293 1445 Εἶναι
305 1418 332 1444 δὲ
345 1417 389 1444 τὸν
407 1417 455 1453 μὲν
468 1418 534 1444 Θεὸν
550 1418 661 1452 ἀγαθὸν,
678 1419 726 1454 τὴν
743 1420 770 1445 δὲ
788 1419 853 1456 ὕλην

61 1464 157 1491 κακόν.
189 1464 298 1500 Ἀγαθῷ
322 1464 349 1490 δὲ
371 1464 459 1490 πλεῖον
484 1465 529 1491 τὸν
545 1465 612 1492 Θεὸν
640 1465 819 1501 ὑπερϐάλλειν
834 1466 851 1501 ἢ

61 1509 138 1545 κακῷ
154 1510 207 1546 τὴν
227 1510 304 1546 ὓλην.
323 1510 377 1545 Τὴν
393 1510 421 1537 δὲ
439 1510 504 1545 ὕλην
524 1511 599 1546 λέγει
621 1512 669 1547 οὐχ
686 1512 719 1547 ἣν
739 1513 852 1540 Πλάτων

905 918 1020 953 quisque
1032 927 1061 946 se
1078 920 1194 953 priorem
1211 927 1242 946 ac
1255 920 1422 954 superiorem
1441 929 1569 955 superare
1579 926 1687 949 conten-

904 963 954 994 dit,
970 963 1167 998 philosophiam
1185 973 1244 999 qua:
1259 966 1374 999 simplex
1399 966 1450 998 sit,
1465 973 1497 993 eo
1511 966 1617 993 tandem
1642 967 1686 994 ad-

904 1009 1058 1041 duxerunt,
1076 1014 1106 1036 ut
1123 1011 1247 1044 pra'stari
1273 1018 1326 1037 non
1360 1012 1456 1046 possit.
1473 1011 1548 1039 Talis
1571 1014 1686 1044 exstitit.

904 1062 984 1090 quem
1002 1053 1178 1082 Manichmum
1193 1059 1300 1087 vocant,
1315 1056 1425 1083 natione
1438 1057 1537 1088 Persa;
1558 1058 1636 1091 cujus
1652 1058 1686 1085 ad

904 1108 954 1128 nos
976 1100 1112 1135 opinionis
1140 1100 1235 1128 doctor
1251 1100 1341 1136 Papus
1357 1102 1476 1134 nomine,
1493 1107 1518 1129 et
1539 1106 1600 1136 post
1623 1111 1685 1130 eum

905 1145 1034 1178 Thomas,
1052 1146 1135 1177 venit,
1150 1154 1252 1181 eosque
1280 1147 1366 1174 secuti
1381 1147 1504 1174 nonnulli
1530 1148 1586 1174 alii.
1604 1148 1686 1175 Aiunt

904 1192 1041 1219 hominem
1062 1191 1208 1219 Valeriano
1229 1192 1392 1227 imperatore
1416 1193 1525 1224 vixisse,
1540 1200 1570 1219 ac
1591 1192 1685 1228 Sapori

903 1237 1049 1265 Persarum
1067 1238 1123 1274 regi
1142 1239 1312 1271 militantem,
1327 1247 1389 1266 cum
1411 1239 1482 1274 apud
1507 1239 1582 1266 illum
1602 1239 1687 1267 oﬂ‘en-

904 1284 998 1316 disset,
1015 1284 1136 1318 periisse.
1154 1283 1326 1318 Ejuseemodi
1343 1292 1407 1311 vero
1423 1284 1472 1311 viri
1494 1284 1566 1311 illius
1581 1285 1686 1319 opinio-

904 1332 947 1358 nis
970 1330 1051 1362 l'ama,
1070 1331 1103 1357 ab
1129 1330 1187 1365 ejus
1204 1330 1382 1357 familiaribus
1399 1330 1432 1357 ad
1458 1338 1509 1358 nos
1528 1331 1686 1365 permeavit.

903 1376 961 1404 Duo
977 1377 1093 1412 ponebat
1118 1377 1261 1412 principia,
1275 1376 1359 1404 Deum
1385 1380 1412 1404 et
1432 1377 1584 1404 materiam.
1601 1377 1685 1404 Deum

904 1426 993 1449 autem
1010 1423 1110 1450 bonum
1127 1422 1243 1455 dicebat,
1259 1424 1399 1449 materiam
1410 1423 1511 1448 malum
1526 1421 1685 1449 allirmabat.

903 1467 978 1495 Bono
993 1467 1078 1495 Deum
1106 1469 1191 1503 magis
1220 1468 1389 1503 praecellere,
1410 1475 1490 1502 quam
1506 1468 1578 1494 malo
1602 1472 1688 1495 mate-

904 1514 980 1540 riam.
999 1513 1137 1540 Materiam
1154 1521 1219 1540 vero
1236 1517 1314 1541 vocat
1332 1521 1387 1540 non
1413 1521 1495 1548 quam
1510 1512 1588 1540 Plato
1609 1513 1687 1544 dicit.

60 1556 109 1590 τὴν
145 1557 236 1583 πάντα
266 1557 420 1592 γινομένην,
447 1558 485 1584 ὅτ’
508 1557 540 1584 ἂν
562 1557 631 1594 λάϐῃ
656 1559 784 1594 ποιότητα
807 1560 854 1587 καὶ

905 1565 964 1592 qua:
977 1558 1067 1584 omnia
1082 1558 1137 1589 liat,
1161 1561 1242 1590 tunc,
1267 1565 1329 1585 cum
1345 1557 1502 1592 qualitatem
1521 1557 1688 1592 ﬁguramque

59 1602 156 1637 σλῆμα
167 1611 174 1616 ·
190 1602 224 1629 δι’
244 1602 259 1628 ὃ
275 1602 393 1638 πανδεχῆ
407 1604 454 1630 καὶ
474 1603 579 1639 μητέρα
598 1604 644 1630 καὶ
659 1604 736 1640 τιθὴν
755 1605 850 1632 καλεῖ·

59 1647 105 1673 καὶ
126 1647 321 1683 Ἀριστοτέλης
334 1648 366 1674 τὸ
380 1651 519 1684 στοιχεῖον,
536 1649 598 1685 περὶ
611 1649 625 1675 ὃ
643 1650 673 1676 τὸ
692 1649 759 1682 εἶδος
777 1651 851 1687 καὶὴ

60 1693 209 1728 στέρησις·
231 1693 288 1720 ἀλλ’
309 1694 401 1728 ἕτερόν
419 1703 444 1721 τι
469 1694 545 1730 παρὰ
565 1694 660 1722 ταῦτα.
686 1696 741 1731 Τὴν
754 1695 808 1732 γὰρ
823 1697 852 1723 ὲν

60 1739 170 1774 ἑκάστῳ
185 1738 240 1765 τῶν
251 1739 335 1766 ὄντων
346 1740 461 1767 ἄτακτον
473 1740 588 1776 κίνησιν,
606 1741 706 1777 ταύτην
723 1742 789 1778 ὕλην
802 1751 853 1769 κα-

59 1784 109 1811 λεῖ.
127 1785 314 1820 Συντετάχθαι
340 1786 367 1812 δὲ
382 1785 420 1821 τῷ
441 1786 500 1822 Θεῷ
514 1786 642 1822 δυνάμεις
667 1787 772 1823 ἐτέρας,
796 1785 852 1816 οἷον

61 1831 242 1866 ὑπηρέτιδας,
260 1831 364 1865 ἀγαθὰς
380 1831 469 1864 πάσας
481 1841 487 1847 ·
501 1833 548 1859 καὶ
559 1832 639 1864 ἄλλας
650 1834 682 1868 τῇ
692 1833 740 1869 ὕλῃ
751 1834 852 1869 ὁμοίως

62 1877 154 1909 πάσας
167 1877 266 1908 κακὰς.
283 1878 319 1904 Τὸ
332 1877 360 1904 δὲ
371 1877 494 1914 λαμπρὸν
506 1879 552 1905 καὶ
568 1879 598 1905 τὸ
615 1879 672 1913 φῶς
679 1880 727 1905 καὶ
743 1879 773 1906 τὸ
785 1880 851 1912 ἄνω,

63 1924 152 1950 πᾶντα
167 1924 255 1950 ταῦτα
271 1924 319 1950 σὺν
336 1923 374 1959 τῷ
392 1924 450 1959 Θεῴ
470 1922 538 1950 εἶναι
549 1933 555 1939 ·
571 1924 601 1950 τὸ
625 1925 743 1961 ἀμυδρὸν
759 1925 786 1951 δὲ
805 1926 852 1952 καὶ

65 1970 93 1995 τὸ
110 1970 207 2001 σκότος
222 1970 269 1996 καὶ
282 1969 313 1995 τὸ
327 1970 401 1996 κάτω
413 1971 461 1997 σὺν
476 1971 509 2006 τῇ
522 1970 582 2007 ὕλῃ.
605 1970 679 1998 Εἶναι
702 1971 731 1999 δὲ
748 1972 795 1998 καὶ
813 1971 852 2007 τῷ

66 2015 123 2050 Θεῷ
142 2015 257 2050 ὀρέξεις,
270 2014 337 2042 ἀλλᾶ
351 2015 398 2042 καὶ
411 2015 513 2048 ταύτας
534 2015 638 2050 ἀγαθάς
649 2024 655 2032 ·
679 2018 726 2043 καὶ
744 2018 777 2053 τῇ
802 2017 852 2054 ὕλῃ

66 2061 173 2095 ὁμοίως,
191 2060 260 2087 ἀλλὰ
273 2061 362 2093 πάσας
377 2061 476 2093 κακάς.

903 1602 1052 1637 receperit:
1066 1602 1138 1629 unde
1150 1607 1177 1629 et
1191 1602 1312 1629 omnium
1324 1601 1517 1636 susceptricem
1533 1605 1559 1628 et
1572 1605 1687 1629 matrem

903 1652 930 1676 et
941 1649 1074 1676 nutricem
1088 1651 1166 1675 vocat
1180 1657 1186 1675 :
1204 1647 1364 1693 Aristotel’es
1390 1654 1497 1682 quoque
1511 1647 1685 1678 elementum,

904 1695 977 1721 circa
991 1693 1063 1729 quod
1080 1693 1167 1721 forma
1182 1696 1209 1720 et
1223 1692 1339 1727 privatio
1356 1697 1519 1725 versantur;
1545 1692 1593 1719 sed
1612 1692 1686 1719 aliud

903 1742 969 1777 quid
985 1745 1082 1776 prreter
1094 1740 1150 1767 illa.
1166 1739 1218 1772 Qui
1234 1739 1306 1766 enim
1329 1739 1356 1765 in
1372 1738 1454 1766 rebus
1470 1738 1584 1772 singulis
1597 1743 1688 1766 motus

903 1787 1100 1821 incompositus
1113 1789 1165 1818 est,
1189 1785 1262 1812 hune
1282 1785 1421 1812 materiam
1447 1786 1573 1820 appellat.
1594 1786 1616 1812 Δ
1631 1786 1686 1813 Deo

905 1838 977 1861 stare
990 1834 1103 1860 virtutes
1120 1832 1198 1864 alias,
1226 1831 1298 1858 velut
1324 1831 1447 1864 ancillas,
1463 1839 1557 1858 omnes
1581 1831 1685 1864 bonas;

905 1880 1026 1913 aliasque
1053 1878 1178 1905 similiter
1193 1885 1207 1903 a
1224 1877 1348 1908 materia,
1365 1884 1460 1904 omnes
1488 1877 1582 1904 malas.
1603 1876 1687 1905 Porro

904 1923 1076 1958 splendidum
1091 1926 1118 1950 et
1135 1922 1224 1949 lucem
1243 1929 1275 1949 ac
1290 1922 1426 1957 superius,
1437 1926 1535 1948 cuncta
1549 1922 1605 1949 haec
1623 1930 1686 1949 cum

904 1969 960 1997 Deo
974 1969 1212 2003 esse;obscurum
1231 1976 1296 1996 vero
1311 1971 1338 1995 et
1359 1968 1486 1995 tenebras
1508 1975 1541 1995 ac
1561 1968 1685 2002 inferius,

904 2023 965 2042 cum
983 2014 1107 2042 materia.
1125 2014 1195 2047 Quin
1212 2014 1312 2041 habere
1334 2014 1418 2041 Deum
1441 2014 1687 2048 appetitiones,ve-

905 2067 966 2087 rum
977 2060 1027 2087 has
1043 2067 1150 2094 quoque
1166 2059 1252 2087 bonas
1268 2069 1274 2087 :
1291 2067 1322 2087 ac
1336 2060 1477 2087 materiam
1491 2060 1627 2092 similiter,
1637 2059 1685 2087 sed

905 2114 1001 2134 omnes
1019 2106 1116 2134 malas.

560 2179 626 2209 Car.
640 2179 686 2208 Ill.
708 2180 846 2207 Manio/mai
857 2179 952 2206 deliria
964 2179 1036 2205 circa
1048 2177 1198 2205 materiam.

103 2236 148 2267 Et;
160 2231 309 2270 ἐπιθυμίαν
322 2232 368 2262 οὖν
386 2244 450 2263 ποτε
463 2235 511 2272 τὴν
519 2235 584 2271 ὓλην
595 2236 681 2264 ἐλθεῖν
694 2238 786 2269 εις-ιον
798 2237 854 2265 ἄνω

940 2235 1111 2263 Desiderium
1138 2235 1230 2269 itaque
1252 2235 1392 2261 materiam
1412 2234 1573 2269 quandoque
1596 2233 1687 2261 inces-

74 2280 212 2316 ἀφικέσθαι
239 2281 335 2308 τόπον·
363 2281 532 2317 ἀφικομένην
552 2281 590 2314 δὲ,
620 2282 758 2318 θαυμάσαι
772 2283 803 2309 τό
823 2291 853 2309 τε

75 2327 193 2362 λαμπρὸν
206 2327 254 2353 καὶ
266 2327 297 2353 τὸ
312 2327 369 2361 φῶς
379 2328 440 2355 ὅσον
458 2326 492 2363 ἦν
506 2327 582 2364 παρὰ
597 2328 635 2363 τῷ
659 2329 727 2364 Θεῷ.
746 2329 801 2356 Καὶ
821 2329 853 2365 δὴ

77 2371 154 2398 θέλειν
170 2371 219 2407 τὴν
236 2372 323 2407 ἀρχὴν
338 2372 437 2407 ταύτην
451 2374 604 2407 κατασχεῖν,
616 2373 663 2400 τὸν
679 2373 743 2400 Θεὸν
761 2381 853 2408 παρω-

79 2418 198 2453 σαμένην.
217 2418 268 2444 Τὸν
284 2418 312 2444 δὲ
327 2419 373 2445 καὶ
385 2418 561 2453 βεϐουλῆσθαι
581 2418 631 2453 μὲν
647 2418 749 2454 ταύτην
767 2428 853 2454 τιμω-

80 2463 212 2499 ρήσασθαι,
227 2464 340 2499 ἀπορεῖν
354 2464 382 2490 δὲ
396 2464 492 2496 κακοῦ,
506 2462 582 2498 ᾧκαὶ
595 2465 780 2500 τιμωρήσεται
790 2474 797 2479 '
814 2465 851 2500 μὴ

79 2510 124 2544 γὰρ
135 2506 202 2535 εἶναι
219 2510 303 2536 κακὸν
316 2511 345 2536 ὲν
362 2509 428 2536 Θεοῦ
441 2510 516 2546 οἴκῳ.
533 2510 643 2546 Πέμψαι
663 2508 709 2537 οὖν
728 2519 788 2537 τινα
808 2510 854 2537 δύ-

80 2562 150 2590 ναμιν
161 2555 209 2590 τὴν
222 2555 266 2589 ὑφ’
278 2555 357 2590 ἡμῶν
368 2555 536 2591 καλουμένην
546 2555 645 2591 ψυχὴν,
656 2556 703 2582 ἐπὶ
716 2555 764 2592 τὴν
777 2555 852 2592 ὕλην,

80 2601 130 2635 ἥτις
143 2601 208 2636 αὐτῇ
226 2600 270 2627 διὰ
286 2601 376 2636 πάσης
400 2601 570 2637 μιχοήσεται.
593 2601 722 2628 Ἕσεσθαι
735 2602 789 2637 γὰρ
804 2602 854 2637 τῆς

111 2700 407 2737 (5)Πάπρς.νΠάαπις
435 2702 536 2737 dicitur
564 2702 591 2728 in
618 2702 851 2730 Anatlzamatismis

84 2736 151 2763 editis
172 2744 188 2763 ει
213 2736 352 2763 Cotelerid
375 2737 410 2763 ad
438 2736 633 2771 Recogniliones
663 2736 849 2770 Clemenliuas,

85 2779 146 2798 num.
162 2771 188 2798 5.
206 2771 312 2806 Dicitur
331 2779 438 2806 quoque
457 2772 564 2803 Πάαπις
581 2772 606 2798 in
626 2773 719 2799 iisdem
737 2773 850 2800 Anallie-

85 2807 199 2834 malismis
217 2805 342 2842 auTollio
356 2805 487 2841 evtilgatis
504 2808 530 2834 in
555 2807 657 2842 lusigu.
674 2807 767 2834 Iliner.
785 2807 848 2836 Ital.

87 2849 134 2876 pag.
149 2843 208 2869 145.
233 2840 303 2868 Hinc
317 2840 498 2870 frustrasunt
515 2840 620 2870 Gaveus
633 2848 659 2870 et
674 2843 823 2878 Busuugius
841 2853 847 2858 ι

905 2281 985 2314 sisse,
1009 2286 1038 2308 ut
1065 2282 1091 2308 in
1117 2288 1263 2315 supernum
1289 2281 1379 2307 locum
1401 2280 1527 2306 evaderet
1546 2289 1552 2306 :
1571 2287 1688 2314 cumque

905 2328 972 2355 adeo
987 2328 1130 2360 evasisset,
1156 2328 1317 2354 admiratam
1341 2325 1511 2361 splendorem
1528 2333 1559 2352 ac
1588 2325 1686 2358 lucem,

904 2375 1004 2407 quanta
1017 2371 1087 2406 apud
1099 2371 1182 2399 Deum
1196 2376 1278 2399 esset.
1296 2372 1384 2406 Atque
1401 2370 1473 2396 hunc
1493 2370 1686 2405 principatum,

904 2417 1014 2452 repulso
1029 2418 1084 2445 Deo
1097 2421 1177 2453 atque
1194 2421 1340 2450 summoto,
1357 2417 1408 2444 sibi
1422 2416 1541 2443 voluisse
1556 2417 1685 2450 arripere.

904 2461 988 2490 Deum
1017 2471 1098 2499 porro
1126 2464 1208 2492 etiam
1231 2463 1396 2491 deliberasse
1425 2463 1452 2490 in
1475 2471 1534 2490 eam
1562 2462 1687 2489 animad-

904 2513 1031 2543 vertere;
1061 2509 1109 2537 sed
1136 2510 1199 2536 mali
1232 2510 1338 2544 copiam
1365 2517 1418 2545 quo
1445 2509 1530 2544 ipsam
1558 2508 1686 2544 puniret,

905 2562 961 2582 non
981 2555 1120 2588 habuisse,
1138 2555 1237 2590 quippe
1256 2563 1318 2582 cum
1335 2563 1387 2583 non
1406 2555 1440 2583 sit
1459 2555 1559 2582 malum
1577 2554 1686 2588 aliquod

905 2602 933 2629 iu
957 2601 1004 2629 Dei
1020 2601 1111 2629 domo.
1142 2601 1249 2629 Misisse
1277 2602 1360 2636 igitur
1383 2602 1511 2630 virtutem
1529 2601 1686 2637 quamdam,

905 2710 1020 2737 quorum
1054 2702 1098 2729 ille
1124 2701 1175 2729 hoc
1186 2701 1261 2737 ﬁloco
1287 2701 1394 2736 reponit
1419 2701 1548 2736 Agapium
1573 2700 1688 2728 Manetis

904 2736 1079 2772 discipuluml
1108 2736 1355 2772 quiWHeptalogum
1372 2739 1540 2771 composuit;
1560 2736 1603 2762 hic
1623 2743 1687 2772 vero

904 2771 1025 2803 Addam,
1049 2780 1128 2807 quem
1153 2771 1275 2798 Buddam
1298 2771 1344 2798 alii
1368 2775 1528 2807 vocantrut
1545 2775 1617 2798 recte
1627 2771 1687 2807 api-

904 2805 1268 2842 matlvertit'Wcssclingius
1282 2807 1309 2834 in
1329 2807 1375 2834 lib.
1393 2805 1541 2839 Probabil.,
1561 2813 1620 2840 cap.
1639 2805 1685 2837 28,

903 2851 964 2878 pag.
983 2844 1000 2869 ‘2
1009 2844 1046 2870 ω.
