1909 3069
256 103 308 131 4Ιὸ

761 105 958 135 ALEXANDRI
977 107 1131 136 EPISCOP]
1150 109 1400 138 LYCOPOLITANI

1831 113 1882 143 «H6

255 171 336 199 quam
365 172 416 191 nos
441 164 561 192 animam
585 172 726 197 vocamus,
752 166 779 194 in
804 168 965 200 materiam,
982 177 1025 204 qu:

1094 169 1159 205 ὕλης
1178 169 1307 202 θάνατον,
1327 171 1373 197 τὸν
1396 171 1465 207 μετὰ
1487 171 1573 198 ταῦτά
1593 180 1657 198 ποτε
1680 172 1731 208 τῆς
1744 173 1884 209 δυνάμεως

255 209 294 236 illi
315 209 389 237 omni
404 210 600 238 immisceatur.
619 209 686 239 Fore
699 220 818 247 namque
839 214 962 241 materire
973 222 1047 242 mor-

238 281 242 283 _
255 258 320 286 tem,
340 262 404 282 cum
422 256 533 283 tandem
547 261 642 291 postea
654 258 743 286 virtus
755 258 812 287 haec
826 259 861 287 ab
872 259 917 286 illa
933 267 1044 295 separa-

254 300 339 328 bitur.

291 345 337 373 Sic
354 347 434 381 igitur
452 355 500 382 per
512 347 557 375 Dei
576 349 784 383 providentiam,
797 352 967 378 commistam
984 360 1038 378 ma.

253 392 329 420 teriae
345 401 406 419 esse
427 393 556 425 animam,
574 395 701 422 dissimili
721 404 777 423 rem
798 397 944 431 quamdam
959 398 1041 426 dissi-

254 435 356 462 milem.
373 435 425 463 Per
440 436 510 464 hanc
524 445 588 465 vero
603 439 710 465 interim
727 441 891 473 mistionem,
910 449 971 469 cum
988 450 1042 468 ma-

253 482 321 508 teria
344 482 439 510 vitium
454 485 556 518 pariter
569 487 748 520 contraxisse,
774 495 806 514 ac
830 487 968 517 laborasse
982 490 1036 516 ani-

253 534 335 555 mam.
353 527 585 562 Quemadmodum
608 533 680 559 enim
694 533 720 560 in
740 534 811 560 malo
824 542 898 566 vase,
920 536 991 570 quod
1010 537 1037 564 in

253 572 300 600 illo
314 574 431 606 exsistit.
451 575 522 604 haud
537 585 600 605 raro
621 579 679 613 pari
695 580 827 614 qualitate
846 585 979 615 mutatur,
996 583 1036 611 sic

253 618 381 659 nimirum
397 621 478 648 etiam
505 622 531 649 in
550 624 661 651 materia
684 625 736 653 tale
753 626 817 660 quid
844 634 951 661 passam
979 629 1038 656 ani-

250 670 333 697 mam,
348 672 363 691 a
377 658 434 693 sua
450 666 612 696 deteriorem
631 669 729 697 factam
754 671 855 704 indole,
884 673 912 700 in
928 674 1037 701 malitia:

250 711 445 739 commercium
460 715 602 743 transisse.
619 715 684 750 Ejus
704 725 768 745 vero
783 717 867 747 Deum
883 719 1035 752 misertum.

1100 214 1200 251 ταύτης
1215 216 1362 252 χωρισμόν.

1128 347 1220 376 Οὕτως
1235 342 1362 373 οὖνκατὰ
1379 344 1507 381 πρόνοιαν
1521 346 1569 373 τοῦ
1591 347 1658 374 Θεοῦ
1680 348 1814 384 μεμίχθαι
1835 348 1882 385 τὴν

1091 394 1180 429 ψυχὴν
1194 394 1227 428 τῇ
1240 393 1299 430 ὕλη⁷
1313 393 1439 428 ἀνόμοιόν
1454 401 1480 418 τι
1497 394 1612 431 πρᾶγμα
1631 394 1760 429 ἀνομοίῳ.
1792 395 1836 422 Ἑν
1855 395 1881 421 δὲ

1090 442 1123 475 τῇ
1140 440 1211 475 μίξει
1228 439 1379 474 συμπαθεῖν
1396 441 1428 475 τῇ
1446 439 1497 476 ὕλῃ
1507 439 1556 475 τὴν
1575 440 1674 476 ψυχήν.
1698 441 1804 476 ’Ὠσπερ
1826 441 1882 477 γὰρ

1090 487 1118 514 ἐν
1131 487 1224 522 φαύλῳ
1239 487 1342 522 ἀγγείῳ
1351 486 1605 522 συμμεταϐάλλεται
1614 487 1743 519 πολλάκις
1753 487 1783 514 τὸ
1796 489 1880 514 ἐνυπ-

1090 533 1190 569 άρχον,ζ
1204 532 1275 559 οὕτω
1291 533 1318 559 δὲ
1347 533 1393 559 καὶ
1411 534 1439 559 ὲν
1457 535 1489 570 τῇ
1506 533 1558 569 ὕλῃ
1574 533 1678 560 τοιοῦτό
1690 542 1717 560 τι
1728 534 1778 570 τὴν
1791 534 1880 570 ψυχὴν

1087 579 1237 612 παθοῦσαν,
1251 579 1327 615 παρὰ
1334 579 1382 616 τὴν
1394 577 1474 606 οὖσαν
1485 579 1743 614 ἡλαττῶσθαιφύσιν
1758 582 1798 612 εἰς
1814 589 1879 616 μετ-

1086 626 1180 653 ουσίαν
1202 625 1310 658 κακίας.
1332 626 1472 661 οἰκτεῖραι
1498 623 1544 652 οὖν
1566 624 1645 652 τοῦτο
1664 626 1708 652 τὸν
1728 625 1812 657 Θεὸν,
1832 626 1879 652 καὶ

1088 674 1193 709 πέμψαι
1209 673 1268 700 τινὰ
1283 674 1378 710 ἑτέραν
1391 674 1516 709 δύναμιν,
1530 674 1562 709 ἣν
1575 675 1655 710 ἡμεῖς
1674 674 1812 710 καλοῦμεν
1830 675 1878 710 δη-

1090 717 1234 754 μιουργόνσ
1252 715 1285 753 ἧς
1298 717 1329 753 δὴ
1347 718 1524 753 ἀφικομένης,
1537 719 1583 744 καὶ
1597 720 1629 754 τῇ
1644 720 1809 755 κοσμοποιίᾳ
1819 720 1879 745 ἐπι-

249 755 329 783 aliam
338 758 482 792 quamdam
494 759 621 789 virtutem
631 762 749 791 misisse.
758 771 839 798 quam
850 773 901 793 nos
908 766 1024 802 δημιουρ

1090 764 1293 799 κεχειρηκυίας,
1305 763 1502 799 ἀποκεκρίσθαι
1509 764 1559 799 τῆς
1567 764 1632 799 ὒλης
1645 766 1732 791 ἐκεῖνο
1742 765 1792 801 τῆς
1799 765 1879 791 δυνά-

248 801 296 835 γὸν
320 802 422 836 (rerum
440 804 546 833 scilicet
560 807 684 841 opiﬁcem
709 816 741 836 ac
768 811 930 847 creatorem)
952 801 1034 840 voca-

248 854 309 886 mps
326 857 332 875 :
349 856 409 883 qua:
421 857 483 877 cum
500 852 627 881 venisset.
642 857 668 880 et
684 854 718 880 ad
745 855 840 882 mundi
869 858 1033 886 creationem

247 882 376 928 ag’gressa
392 900 475 928 esset,
494 897 560 924 illud
577 898 685 926 virtutis
702 907 717 926 a
741 902 854 928 materia
864 904 1032 938 .secrevisse,

245 938 320 972 quod
334 947 368 967 ex
384 941 511 970 mistione
528 943 594 971 nihil
615 945 671 972 vitii
697 953 729 973 ac
745 946 814 974 labis
833 949 1032 984 contraxisset;

244 989 327 1020 atque
344 985 408 1014 hinc
422 988 504 1015 solem
520 993 547 1016 et
573 991 664 1018 lunam
685 993 802 1026 primum
823 993 932 1022 condita
946 1003 1007 1023 esse
1024 1006 1030 1023 :

244 1031 318 1066 quod
332 1040 396 1061 vero
412 1035 561 1068 pauxillum
579 1037 679 1072 aliquid
691 1045 723 1065 ac
736 1039 873 1067 mediocre
885 1040 1031 1075 hausisset,

244 1077 270 1104 id
289 1078 381 1106 stellas
397 1080 551 1116 ccelumque
561 1090 641 1111 omne
655 1084 756 1112 factum
772 1093 843 1114 esse.
860 1086 942 1114 Extra
953 1095 1032 1115 mun-

242 1122 306 1150 dum
320 1128 409 1152 autem
429 1127 554 1161 eiectam.
580 1137 611 1156 ex
628 1130 684 1157 sole
697 1135 724 1157 et
743 1131 806 1158 luna
820 1125 952 1160 secretam
974 1142 1032 1160 ma-

241 1168 317 1196 teria:
331 1174 448 1204 partem,
461 1180 578 1208 esseque
597 1175 684 1210 ignem
698 1176 784 1208 illum,
802 1177 846 1204 cui
857 1178 898 1205 vis
922 1179 1029 1213 quidem

242 1215 339 1242 urendi
365 1217 441 1250 insit,
457 1227 519 1246 cum
537 1220 594 1255 ipse
613 1222 774 1250 tenebrosus
789 1229 816 1251 et
831 1224 900 1252 lucis
921 1233 1028 1260 expers.

240 1267 273 1286 ac
287 1261 359 1287 nocti
384 1263 536 1292 consimilis
551 1266 596 1293 sit.
621 1266 651 1293 In
669 1267 781 1303 reliquis
800 1277 864 1297 vero
886 1270 1028 1299 elementis

239 1307 267 1330 ct
281 1304 413 1340 stirpibus
428 1311 455 1334 et
472 1309 647 1343 animalibus,
663 1312 690 1338 in
706 1313 757 1341 hac
784 1321 873 1341 rerum
891 1316 1027 1343 universi-

239 1353 295 1377 tatc
316 1353 499 1384 versantibus.
517 1354 687 1390 inaequaliter
705 1358 768 1386 ferri
789 1361 961 1390 commistam
984 1363 1026 1390 di-

1090 818 1173 845 μεως,
1185 811 1246 836 ὅσον
1260 810 1313 836 ἀπὸ
1327 810 1377 845 τῆς
1394 810 1492 845 μίξεως
1506 811 1581 837 οὐδὲν
1605 809 1638 846 ἦν
1657 811 1758 838 ἄτοπον
1776 820 1877 838 πεπον-

1089 855 1144 887 θὸς,
1157 856 1204 882 καὶ
1216 856 1356 890 γεγονέναι
1368 856 1443 891 ἣλιον
1463 857 1511 883 καὶ
1523 856 1637 893 σελήνην
1651 858 1758 893 πρῶτον
1769 866 1776 872 ·
1805 857 1835 884 τὸ
1847 857 1876 884 δὲ

1087 902 1115 928 ἐν
1131 902 1228 938 μετρίᾳ
1246 903 1357 936 γεγονὸς
1375 903 1458 938 κακίᾳ
1483 903 1600 939 ἀστέρας
1623 904 1669 931 καὶ
1690 904 1736 931 τὸν
1761 905 1876 941 οὐρανὸν

1087 946 1242 981 σύμπαντα.
1258 948 1313 983 Τῆς
1329 946 1375 974 οὖν
1391 947 1466 983 ὕλης,
1483 947 1714 985 ἦςηάπεκρίοησαν
1731 950 1807 985 ἥλιος
1829 952 1875 976 καὶ

1086 993 1195 1029 σελήνη,
1207 993 1237 1020 τὸ
1253 994 1333 1029 μέρος
1350 994 1427 1025 ἐκτὸς
1443 994 1490 1021 τοῦ
1501 995 1603 1030 κόσμου
1615 996 1814 1031 ἀπεληλάσθαι,
1827 998 1874 1023 καὶ

1085 1036 1154 1066 εἶναι
1179 1040 1268 1066 ἐκεῖνο
1287 1039 1353 1076 πῦρ,
1368 1040 1513 1067 καυστικὺν
1532 1041 1581 1076 μὲν
1594 1061 1601 1073 ,
1621 1042 1753 1074 σκοτῶδες
1775 1043 1804 1069 δὲ
1827 1045 1874 1069 καὶ

1084 1084 1214 1118 ἀφεγγὲς,
1229 1085 1307 1112 νυκτὶ
1318 1085 1490 1121 προσόμοιον.
1515 1086 1558 1113 Ἐν
1575 1086 1602 1113 δὲ
1617 1088 1673 1119 τοῖς
1688 1088 1779 1120 ἄλλοις
1798 1096 1872 1115 στοι-

1084 1129 1167 1164 χείοις
1181 1131 1228 1156 καὶ
1242 1132 1334 1165 φυτοῖς
1346 1132 1393 1157 καὶ
1408 1130 1497 1164 ζώοις,
1510 1133 1565 1163 τοῖς
1581 1133 1610 1158 ἐν
1624 1132 1739 1166 τούτοις,
1758 1134 1871 1168 ἀνωμά-

1083 1175 1136 1207 λως
1148 1176 1278 1212 φέρεσθαι
1289 1177 1338 1212 τὴν
1358 1176 1431 1203 θείαν
1445 1177 1558 1213 δύναμιν
1572 1179 1752 1214 μεμιγμένην.
1765 1180 1804 1205 Δι’
1817 1179 1831 1205 ὅ
1840 1180 1872 1215 δὴ

1083 1222 1130 1249 καὶ
1147 1222 1192 1248 τὸν
1206 1222 1307 1257 κόσμον
1319 1223 1470 1257 γεγονέναι,
1486 1224 1532 1250 καὶ
1549 1224 1577 1250 ὲν
1589 1224 1663 1260 αὐτῷ
1679 1225 1755 1260 ἥλιον
1767 1226 1814 1252 καὶ
1829 1234 1873 1252 σε-

1081 1269 1164 1305 λήνην
1176 1271 1236 1301 ταῖς
1255 1269 1378 1304 γενέσεσι
1390 1271 1438 1297 καὶ
1447 1272 1506 1303 ταῖς
1523 1271 1650 1307 φθοραῖς,
1670 1272 1713 1298 ἀεὶ
1729 1272 1777 1307 τὴν
1793 1272 1872 1299 δύναι

1082 1325 1127 1351 μιν
1137 1316 1186 1352 τὴν
1201 1316 1274 1343 θείαν
1288 1317 1338 1352 τῆς
1352 1317 1418 1352 ὕλης
1433 1317 1652 1353 ἁποχωρίζοντας
1668 1319 1715 1345 καὶ
1738 1319 1808 1356 πρὸς
1824 1319 1870 1346 τὸν

1080 1363 1146 1390 Θεὸν
1161 1363 1406 1399 παραπέμποντας.

239 1396 330 1423 vinam
346 1398 484 1426 virtutem.
503 1399 704 1438 Proptereaque
726 1407 857 1433 mundum
883 1408 1023 1436 conditum
1036 1417 1108 1442 esse,
1123 1413 1150 1437 et
1179 1411 1206 1436 in
1226 1410 1272 1436 illo
1298 1410 1384 1437 solem
1406 1414 1433 1438 et
1462 1411 1566 1441 lunam.
1591 1419 1651 1446 qua:
1677 1419 1768 1438 rermn
1797 1411 1868 1438 ortui

239 1440 414 1478 interituique
435 1445 609 1480 praesideant,
642 1449 760 1478 divinam
789 1460 897 1488 semper
922 1455 1048 1482 virtutem
1077 1463 1092 1483 a
1113 1455 1225 1483 materia
1252 1456 1421 1490 separando.
1447 1460 1529 1491 atque
1551 1457 1586 1484 ad
1611 1457 1696 1484 Deum
1724 1458 1868 1485 transmin-

238 1487 330 1514 tendo.

236 1546 301 1574 Car.
317 1546 359 1575 Ν.
373 1547 456 1577 Luam
466 1557 633 1587 augmentum
647 1559 671 1581 et
683 1553 895 1585 decrementum:
908 1566 984 1593 nugw
1001 1558 1030 1585 in
1045 1567 1074 1620 εῗ
1086 1557 1270 1585 Μαηὶσίιαίεω.
1286 1558 1323 1586 De
1342 1559 1446 1587 homine
1460 1564 1486 1586 et
1502 1559 1608 1587 Christo
1631 1561 1748 1588 somnia.
1771 1561 1864 1589 Absti-

888 1594 983 1620 nentiw
996 1594 1055 1620 insu
1068 1603 1099 1620 sa
1116 1594 1195 1620 ratio.

888 1594 983 1620 nantia:
996 1594 1099 1621 insulsa
1116 1594 1195 1621 ratio.

272 1638 334 1668 Haec
350 1649 446 1677 nempe
464 1643 586 1671 molitum
606 1652 676 1677 esse.
695 1650 723 1674 ut
739 1646 881 1683 deiniurgo
895 1657 927 1677 ac
946 1658 1026 1678 crea-
1039 1655 1060 1684 c

236 1687 288 1713 tori
302 1686 389 1715 virtus
401 1688 454 1715 alia
471 1695 609 1725 suppetat,
623 1700 685 1727 qua;
709 1694 744 1720 ad
762 1695 828 1722 solis
844 1696 913 1724 lucis
932 1698 1023 1732 splen-

236 1732 318 1760 dores
332 1734 422 1761 trahat
440 1744 447 1762 :
463 1744 578 1772 esseque
601 1746 657 1766 rem
673 1741 856 1774 manifestam,
870 1744 942 1771 velut
960 1745 1022 1779 quis

237 1777 320 1812 dicat,
339 1788 421 1808 caeco.
437 1781 540 1810 Lunam
552 1784 624 1811 enim
636 1791 811 1821 augmentum
832 1788 956 1818 faciendo
968 1791 1023 1818 vir-

236 1827 322 1853 tutem
337 1826 471 1862 accipere,
488 1837 548 1871 qua:
567 1835 710 1865 separatur
736 1840 751 1860 a
771 1835 895 1868 materia,
920 1843 952 1863 ac
975 1845 1024 1872 per

237 1870 289 1898 hoc
318 1875 425 1907 tempus
443 1881 475 1901 ea
492 1868 605 1909 plenam
636 1878 761 1906 evadere.
779 1878 831 1907 Ubi
856 1889 921 1909 vero
943 1868 1022 1916 plena

236 1915 337 1949 fuerit,
370 1918 441 1946 inter
466 1919 678 1949 decrescendum
707 1923 741 1950 ad
763 1925 847 1952 solem
870 1915 1018 1958 remittere,

235 1962 321 1990 solem
335 1971 400 1991 vero
409 1964 444 1991 ad
460 1964 544 1992 Deum
560 1965 646 1994 abire.
664 1966 747 2003 idque
757 1969 825 1997 adeo
839 1977 900 1997 cum
915 1972 1022 2005 praesti-

235 2009 309 2040 terit,
320 2016 480 2045 exspectare
496 2019 605 2040 rursum
621 2013 686 2040 dum
701 2014 755 2042 alio
765 2015 913 2050 plenilunio
929 2018 1019 2045 anima

235 2055 269 2083 nd
289 2056 378 2090 ipsum
391 2059 551 2093 commigret
565 2068 572 2086 τ
590 2067 671 2094 quam
697 2061 822 2089 similiter
838 2070 1017 2099 assumptam,

235 2100 269 2127 ad
286 2099 369 2128 Deum
397 2107 492 2136 sponte
506 2104 578 2131 sinat
598 2105 723 2134 transire.
750 2107 837 2143 Atque
851 2109 877 2136 id
893 2109 920 2136 in
938 2117 1018 2138 omne

233 2153 320 2176 aevum
335 2148 412 2183 pensi
428 2148 527 2176 habere
541 2154 622 2185 atque
636 2159 734 2186 operae.
943 2160 946 2163 '

268 2237 322 2264 Sed
337 2242 364 2264 et
388 2238 415 2265 in
430 2239 487 2267 sole
511 2240 644 2275 ejusmodi
671 2243 849 2271 simulacrum
880 2245 1015 2281 conspici.

232 2284 323 2319 qualis
334 2287 376 2311 est
392 2284 479 2312 forma
497 2285 632 2322 hominis;
650 2289 878 2325 ambitiosiusque
886 2292 951 2318 eniti
964 2299 1018 2318 ma-

233 2330 326 2358 teriam
344 2335 373 2358 ut
388 2339 420 2359 ex
434 2339 464 2360 se
479 2332 537 2368 ipsa
551 2335 651 2362 condat
683 2335 821 2364 hominem
838 2357 846 2368 ,
874 2338 948 2364 omni
965 2346 1015 2366 sua

231 2376 374 2404 commista
386 2378 496 2411 virtute,
511 2379 556 2414 qui
570 2379 628 2414 ipsc
643 2389 751 2416 quoque
764 2382 862 2410 animae
874 2383 1014 2418 quidpiam

231 2422 328 2451 habeat
343 2432 350 2450 :
365 2424 480 2451 multum
495 2430 583 2453 tamen
596 2427 746 2455 contulisse
757 2428 882 2460 formam,
893 2435 922 2456 ut
935 2430 1015 2458 homo

230 2469 319 2503 majus
331 2469 452 2504 aliquod,
468 2479 523 2506 pra;
535 2472 649 2507 reliquis
667 2473 865 2506 animantibus,
878 2481 1013 2503 commer-

230 2514 302 2541 cium
316 2516 523 2544 nancisceretur
543 2517 642 2547 divina:
661 2518 780 2546 virtutis.
797 2518 865 2547 Esse
879 2521 951 2547 enim
964 2521 1014 2548 ho-

228 2560 330 2588 minem
345 2561 444 2590 divinze
458 2563 569 2591 virtutis
595 2564 740 2600 imaginem
757 2574 764 2592 ι
792 2564 931 2594 Christum
951 2575 1014 2595 vero

228 2614 289 2633 esse
306 2612 434 2635 mentem.
453 2608 505 2641 Qui
522 2618 583 2637 cum
608 2611 754 2645 aliquando
774 2620 790 2640 e
812 2614 939 2648 supernis
957 2622 1014 2640 cm-

225 2655 301 2687 tique
314 2661 364 2681 axe
379 2655 508 2689 venisset,
531 2656 612 2692 hujus
629 2658 772 2693 plurimam
788 2664 891 2694 partem
904 2660 1013 2688 virtutis

228 2698 263 2725 ad
280 2698 363 2726 Deum
380 2700 529 2729 dimisisse.
545 2703 585 2729 Ac
603 2703 713 2730 demum
729 2704 754 2731 in
771 2712 880 2733 crucem
909 2711 1012 2737 aetum,

228 2751 276 2778 per
291 2752 353 2774 cum
364 2746 474 2773 modum
495 2748 636 2776 scientiam
646 2749 796 2784 praebuisse
812 2759 819 2783 ;
836 2751 1012 2786 divinamque

230 2791 339 2820 aptasse
372 2790 518 2823 virtutem,
543 2796 573 2818 ut
595 2793 622 2819 in
652 2794 765 2821 materia
792 2794 1008 2830 cruciﬁgeretur.

234 2833 302 2866 Quia
329 2834 410 2870 igitur
423 2835 520 2865 divinae
532 2837 679 2865 voluntatis
693 2845 723 2866 ac
740 2839 841 2867 decreti
854 2844 894 2868 est
908 2843 938 2867 ut
954 2848 1010 2867 ma-

1120 1650 1194 1676 Ἑπεὶ
1208 1650 1261 1685 γάρ
1275 1659 1316 1677 τοι
1330 1649 1369 1685 τῷ
1389 1650 1545 1687 δημιουργῷ
1566 1652 1662 1687 ἑτέραν
1684 1652 1800 1688 δύναμιν
1822 1654 1867 1681 ἐπὶ

1077 1695 1108 1722 τὸ
1121 1696 1263 1731 φωτοειδὲς
1279 1696 1326 1723 τοῦ
1342 1697 1417 1732 ἡλίου
1434 1697 1618 1725 καθέλκουσαν
1640 1698 1728 1726 ταῦτα
1747 1700 1864 1735 διαπρα-

1076 1741 1297 1776 γματεύσασθαι”
1319 1743 1364 1769 καὶ
1384 1740 1453 1769 εἶναι
1478 1743 1525 1770 καὶ
1544 1744 1662 1779 ἐμφανὲς
1683 1745 1714 1771 τὸ
1736 1746 1863 1781 πρᾶγμα,

1076 1788 1132 1818 καὶ,
1147 1788 1183 1819 ὼς
1197 1787 1229 1814 ἄν
1243 1796 1284 1819 τις
1301 1788 1382 1820 εἴποι,
1402 1789 1494 1824 τυφλῷ
1505 1789 1593 1825 δῆλον.
1612 1791 1656 1816 Ἐν
1674 1790 1723 1825 μὲν
1734 1791 1790 1826 γὰρ
1806 1794 1863 1823 ταῖς

1074 1833 1204 1869 αὺξήσεσι
1215 1833 1264 1868 τὴν
1274 1833 1388 1870 σελήνην
1399 1834 1547 1869 λαμϐάνειν
1560 1835 1609 1871 τὴν
1619 1836 1863 1872 ἀποχωριζομένην

1071 1878 1186 1914 δύναμιν
1210 1879 1263 1905 ἀπὸ
1283 1879 1332 1914 τῆς
1356 1879 1433 1914 ὕλης,
1451 1880 1498 1906 καὶ
1515 1880 1604 1916 πλήρη
1627 1881 1747 1916 γίνεσθαι
1761 1882 1863 1918 ταύτης

1073 1925 1117 1951 τὸν
1131 1925 1225 1961 χρόνον
1241 1925 1343 1952 τοῦτον.
1369 1927 1560 1963 Πληρωθεῖσαν
1573 1929 1611 1956 δὲ.
1630 1930 1658 1955 ἐν
1674 1930 1734 1960 ταῖς
1749 1929 1863 1964 μειώσε-

1076 1979 1117 1997 σιν
1133 1971 1172 2002 εἰς
1183 1970 1227 1997 τὸν
1242 1970 1316 2006 ἥλιον
1332 1972 1516 2007 ἀναπέμπειν·
1545 1973 1590 1999 τὸν
1607 1974 1636 2000 δὲ
1651 1974 1717 2009 πρὸς
1734 1975 1780 2001 τὸν
1797 1974 1862 2001 Θεὸν

1073 2016 1193 2043 ἀπιέναι.
1209 2017 1361 2052 Ποιήσαντα
1377 2017 1406 2044 δὲ
1419 2018 1508 2050 τοῦτο,
1532 2019 1688 2054 ἐκδέχεσθαι
1713 2020 1796 2059 πάλιν
1812 2021 1862 2055 τῆς

1072 2062 1125 2089 ἀπὺ
1138 2063 1188 2098 τῆς
1214 2063 1309 2098 ἑτέρας
1326 2064 1493 2100 πανσελήνου
1510 2066 1577 2100 πρὸς
1597 2066 1677 2092 αὑτὸν
1697 2067 1747 2102 τῆς
1772 2067 1860 2102 ψυχῆς

1073 2109 1229 2144 μετοίκησιν
1239 2118 1245 2125 ·
1263 2110 1309 2136 καὶ
1321 2111 1511 2145 παραλαόόντα
1526 2112 1625 2146 ὁμοίως
1644 2113 1711 2148 πρὸς
1733 2113 1780 2139 τὸν
1794 2113 1859 2140 Θεὸν

1071 2155 1117 2189 ἐᾷν
1130 2155 1288 2190 αὐτομάτως
1304 2155 1444 2192 φέρεσθαι.
1460 2157 1515 2184 Καὶ
1535 2158 1612 2184 τοῦτο
1629 2159 1673 2185 διὰ
1694 2159 1797 2191 παντὸς
1815 2161 1859 2186 ὲκ-

1068 2203 1167 2229 πονεῖν.

1102 2247 1157 2275 Κ¹αὶ
1180 2247 1271 2274 εἰκόνα
1287 2248 1316 2274 δὲ
1340 2249 1369 2274 ὲν
1385 2248 1451 2284 ἡλίῳ
1473 2249 1608 2284 ἑωρᾶσθαι
1636 2250 1782 2286 τοιαύτην,
1803 2249 1857 2278 οἶόν

1067 2294 1124 2319 ἐστι
1144 2294 1173 2319 τὸ
1186 2293 1232 2320 τοῦ
1248 2294 1390 2329 ἀνθρώπου
1406 2293 1488 2327 εἶδος·
1502 2296 1548 2322 καὶ
1563 2296 1856 2332 ἀντιφιλοτιμήσασθαι

1066 2339 1114 2374 τὴν
1130 2339 1195 2375 ὕλην
1212 2341 1323 2375 ποιῆσαι
1338 2341 1382 2367 τὸν
1399 2341 1540 2380 ἄνθρωπον
1564 2342 1592 2375 ἐξ
1612 2343 1698 2378 αὐτῆς
1713 2343 1786 2370 κατὰ
1809 2345 1856 2379 τὴν

1066 2385 1110 2412 διὰ
1124 2385 1212 2421 πάσης
1222 2387 1308 2421 αὐτῆς
1320 2387 1369 2422 τῆς
1384 2387 1522 2423 δυνάμεως
1538 2388 1619 2424 μίξιν,
1632 2389 1727 2424 ἔχοντα
1744 2390 1794 2415 καὶ
1809 2391 1856 2416 αὑ-

1066 2432 1110 2458 τόν
1122 2441 1147 2458 τι
1161 2433 1209 2468 τῆς
1223 2433 1326 2469 ψυχῆς·
1339 2434 1404 2460 πολὺ
1417 2435 1506 2470 μέντοι
1522 2435 1726 2470 συμϐεὸλῆσῦαι
1739 2436 1771 2462 τὸ
1786 2434 1855 2468 εἶδος

1065 2479 1105 2509 εἰς
1117 2478 1146 2504 τὸ
1162 2478 1251 2505 πλεῖόν
1268 2488 1293 2506 τι
1306 2480 1381 2516 παρὰ
1397 2481 1431 2506 τὰ
1444 2480 1510 2507 ἄλλα
1523 2480 1608 2516 θνητὰ
1630 2480 1687 2513 ζῶα
1706 2482 1756 2516 τῆς
1776 2482 1855 2510 δυνά-

1067 2532 1138 2558 μεως
1152 2524 1200 2558 τῆς
1220 2524 1293 2556 Θείας
1303 2526 1347 2551 τὸν
1363 2525 1504 2562 ἄνθρωπον
1521 2528 1675 2561 μετασχεῖν.
1702 2527 1853 2563 ’Υπάρχειν

1064 2570 1118 2604 γὰρ
1134 2570 1213 2596 αὺτὸν
1231 2570 1305 2602 Θείας
1325 2571 1464 2606 δυνάμεως
1486 2572 1594 2599 εἰκόνα-
1621 2573 1667 2599 τὸν
1687 2572 1716 2599 δὲ
1735 2573 1851 2608 Χριστὸν

1064 2613 1132 2643 εἶναι
1144 2616 1214 2643 νοῦν.
1232 2618 1280 2643 "Ov
1295 2617 1337 2652 δὴ,
1356 2619 1401 2643 καὶ
1416 2618 1578 2653 ἁφικόμενόν
1595 2627 1658 2645 ποτε
1671 2619 1783 2646 ἀπὸτοῦ
1797 2619 1851 2646 ἄνω

1063 2660 1155 2692 τόπου,
1179 2661 1301 2688 πλεῖστόν
1323 2670 1352 2690 τε
1373 2663 1423 2698 τῆς
1442 2663 1580 2698 δυνάμεως
1597 2665 1700 2699 ταύτης
1717 2664 1787 2699 πρὸς
1806 2665 1850 2690 τὸν

1063 2706 1127 2732 Θεὸν
1140 2706 1289 2734 λελυκέναι.
1306 2708 1361 2734 Καὶ
1376 2708 1408 2744 δὴ
1430 2709 1477 2735 καὶ
1491 2709 1522 2735 τὸ
1542 2709 1695 2736 τελευταῖον
1712 2710 1850 2736 ἀνασταυ-

1063 2751 1182 2787 ρωθέντα
1201 2753 1386 2789 παρασχέσθαι
1400 2754 1501 2788 γνῶσιν
1514 2755 1608 2790 τοιῷδε
1618 2755 1711 2790 τρόπῳ
1721 2763 1727 2770 ’
1743 2755 1792 2781 καὶ
1801 2755 1849 2789 τὴν

1061 2796 1174 2831 δύναμιν
1199 2797 1248 2833 τὴν
1273 2798 1346 2825 Θείαν
1366 2799 1542 2835 ἐνηρμόσθω,
1568 2799 1788 2835 ἐνεσταυρῶσθαι
1813 2801 1846 2836 τῇ

1061 2840 1121 2879 ὕλῃ.
1145 2841 1219 2871 Ἐπεὶ
1233 2841 1278 2870 οὖν
1295 2844 1456 2872 ἀπόλλυε-θαι
1465 2844 1513 2882 τὴν
1527 2845 1592 2881 ὓλην
1602 2845 1660 2872 ἐστὶ
1668 2845 1734 2872 Θεοῦ
1746 2845 1846 2883 δόιςμα,
