1909 3069
30 120 74 148 ιη

473 110 682 143 TRACTATUS
701 110 746 140 DE
766 111 922 141 PLACITIS
941 108 1217 138 MANICHEORUM.

1593 108 1647 136 H8

30 174 170 211 ἁπέχεσῦαι
192 173 242 208 μὲν
267 172 402 208 ἐμψύχων
416 172 538 203 πάντων,
562 168 710 202 σιτίζεσθαι
724 168 816 202 δὲλάι·

868 169 935 195 teria
954 170 1058 202 pereat,
1073 165 1106 192 ab
1121 165 1155 191 iis
1179 164 1316 192 abstinere
1337 171 1398 199 qua:
1426 163 1545 190 animata
1563 170 1649 199 sunt;

29 210 101 258 χανα,
114 221 159 246 καὶ
169 219 224 245 πᾶν
240 219 290 245 ὅτι
305 210 487 253 ἀναίσθητον(
499 215 655 250 Ἀπὲχεσθαι
679 215 707 241 δὲ
722 214 816 249 γάμων

29 269 73 294 καὶ
87 265 248 302 ἁφροδισῖων
265 264 313 291 καὶ
329 263 509 294 τεκνοποιίας.
531 263 574 288 ἵνα
594 262 630 297 μὴ
647 260 784 287 ὲπιπλεῖον
799 261 815 296 ὴ

28 313 133 346 δὸναμις
148 309 279 344 ἐνοικήσῃ
297 310 330 343 τῇ
344 308 395 344 ὕλῃ
410 307 480 334 κατὰ
489 307 536 342 τὴν
555 307 601 333 τοῦ
616 307 709 340 γένους
727 305 816 331 διαδο-

28 359 91 393 χήν·
109 357 143 392 μὴ
159 355 271 389 ἐξάγειν
286 355 314 381 δὲ
332 355 454 385 ἑαυτοὺς,
474 351 684 388 μηχανωμένους
709 351 813 386 κάθαρ-

30 413 70 429 σιν
82 400 117 430 ὧν
131 403 289 437 ἐλυμήνατο
300 402 317 436 ή
335 400 407 436 μίξις
421 399 468 434 τῆς
482 399 548 434 ὕλης
562 398 610 434 τὴν
625 397 748 432 δύναμιν.

869 213 942 240 vesci
967 219 1033 239 vero
1051 210 1180 241 oleribus,
1197 217 1227 236 ac
1242 208 1264 236 si
1285 210 1349 244 quid
1368 212 1410 236 est
1428 217 1525 236 sensus
1539 218 1648 244 expers.

871 258 905 285 Se
919 264 1026 292 quoque
1041 255 1177 283 abstinere
1192 262 1207 281 ιι
1222 254 1325 288 nuptiis
1344 257 1370 280 et
1385 254 1507 282 venereis
1533 261 1565 280 ac
1584 262 1650 287 pro-v

869 303 994 330 creandis
1010 301 1113 332 liberis,
1126 307 1159 327 ne
1175 299 1285 326 altiores
1300 299 1327 325 in
1341 300 1452 326 materia
1467 299 1575 327 radices
1601 308 1650 335 per

867 348 974 384 generis
997 346 1199 374 successionem
1222 345 1309 371 virtus
1342 349 1424 379 agat;
1448 352 1498 372 nec
1526 352 1556 372 se
1574 345 1648 380 ipsos

865 395 994 426 eximere,
1009 397 1140 419 conantes
1157 390 1319 422 emundare,
1348 398 1429 424 quam
1444 390 1496 417 sibi
1511 390 1599 417 virtus
1615 398 1648 418 ex

865 439 979 466 adniista
991 438 1104 465 materia
1115 437 1203 464 labem
1215 436 1405 463 eonscivisset.

29 519 84 546 Cn.
96 517 128 545 ν.
143 517 218 546 Solis
231 526 263 544 ac
277 518 346 544 luna:
361 515 446 543 cultus
458 516 504 542 sub
519 514 583 541 Deo.
596 512 749 540 Manicha’is
760 513 787 538 in
803 510 953 538 Grazcorum
966 509 1070 544 fabellis
1083 509 1194 543 quaesita
1206 507 1340 542 praesidia.
1350 507 1546 541 Seriplurarum
1558 512 1649 534 aucto-

626 549 694 575 ritas
710 556 741 574 ac
752 547 817 582 ﬁdes
837 545 993 572 Manicltwis
1006 549 1102 578 spreta.

60 623 98 650 Τὰ
115 622 166 657 μὲν
182 621 438 656 κεφαλαιωδέστερα
449 617 486 646 ὧν
496 620 629 653 λέγουσιν,
644 618 701 644 ἐστὶ
717 617 811 643 ταῦτα.

29 677 128 712 Τιμῶσι
144 676 175 702 δὲ
195 675 314 711 μάλιστα
332 674 407 709 ἥλιον
419 674 464 700 καὶ
479 672 660 707 σελήνην,οὺχ
671 671 708 702 ὡς
725 670 812 701 οεοὺς,

29 728 78 754 (131'
94 727 131 758 ὡς
145 727 207 753 ὁδὸν
225 726 260 752 δι’
274 722 308 761 ἧς
320 725 378 751 ἔστι
399 724 465 759 πρὸς
480 723 547 749 Θεὸν
561 721 717 756 ἀφικέσθαι.
737 721 815 746 Ἀπο-

30 773 206 809 χωρισθείσης
219 772 248 799 δὲ
265 770 386 807 ἀκριϐῶς
397 770 445 804 τῆς
463 770 537 801 θείας
553 768 702 803 δυνάμεως,
716 767 745 793 τὺ
762 766 814 800 ἔξω

30 820 78 856 πῦρ
92 828 171 853 φασι,
186 818 340 854 συμπεσὸν,
356 816 434 843 ἑαυτό
450 824 479 841 τε
492 815 539 841 καὶ
553 815 583 840 τὸ
606 814 669 841 ἄλλο
692 814 811 848 σύμπαν,

29 867 71 892 ὅτι
84 866 105 892 δ’
117 865 150 892 iv
163 865 293 900 λείπηται
308 863 356 898 τῆς
371 863 447 897 ὕλης,
473 860 713 895 συγκαταφλέξειν.
739 860 770 885 υἱ
784 859 813 885 δὲ

29 914 53 938 ὲν
64 912 169 943 τούτοις
189 910 361 947 χαριέστεροι
382 909 429 935 καὶ
457 907 618 943 Ἑλληνικῶν
635 906 684 932 οὐκ
706 905 811 940 ἄπειροι

28 958 106 991 λόγων
120 957 376 991 ἀναμιμνήσκουσιν
400 954 472 989 ἡμᾶς
493 954 524 979 ἐκ
545 952 599 978 τῶν
619 951 738 978 οἰκείων.
766 950 812 976 Ἐκ

31 1004 73 1037 μὲν
86 1003 142 1029 τῶν
165 1001 282 1028 τελετῶν
305 1000 351 1027 τὸν
375 998 611 1034 κατατεμνόμενον
629 997 755 1023 Διόνυσον
774 995 812 1030 τῷ

29 1049 92 1084 λόγῳ
103 1048 329 1083 ἐπιφημίζοντες,
342 1046 394 1072 ὑπὸ
404 1044 457 1071 τῶν
472 1045 593 1071 Τιτάνων
603 1064 609 1076 ,
629 1041 811 1078 καθάπερίλέ-

29 1103 115 1128 γουσιν
128 1093 219 1125 αὐτοὶ,
237 1092 285 1127 τὴν
299 1091 373 1118 θείαν
389 1089 504 1125 δύναμιν
528 1089 686 1125 μερίζεσθαι
703 1087 743 1119 ε”ς
763 1087 812 1123 τὴν

31 1139 103 1174 ἰλην·
118 1140 151 1165 ἐκ
170 1138 199 1164 δὲ
214 1137 268 1164 τῶν
290 1138 423 1172 ποιήσεων
444 1136 493 1171 τῆς
517 1134 750 1169 γιγαντομαχίας,
771 1134 811 1160 ὅτι

32 1185 91 1219 μηδὲ
100 1184 177 1211 αὐτοὶ
188 1184 325 1218 ἠγνόησαν
338 1182 387 1217 τὴν
401 1181 450 1216 τῆς
458 1181 524 1216 ὕλης
535 1180 605 1207 κατὰ
618 1179 664 1205 τοῦ
673 1179 739 1206 Θεοῦ
749 1179 811 1205 ἄντ-

30 1239 111 1267 ορσιν.
149 1230 221 1264 Ἐγὼ
237 1230 275 1261 δὲ,
292 1230 329 1260 ὡς
349 1229 398 1264 μὲν
420 1228 506 1255 ταῦτα
523 1228 572 1262 οὐχ
594 1226 672 1253 ἱκανὰ
687 1226 813 1260 ψυχαγω-

31 1282 105 1316 γῆσαι
116 1282 180 1312 τοὺς
195 1280 384 1311 ἀϐασανίστως
395 1278 439 1306 τὸν
448 1279 526 1313 λόγον
545 1276 749 1314 προσιεμένους,
763 1275 812 1301 οὐκ

32 1325 60 1354 ἃν
76 1326 196 1361 εἴποιμι,
220 1326 319 1359 ὃπουγε
343 1325 389 1351 καί
409 1333 485 1355 τινας
504 1323 559 1350 τῶν
579 1321 812 1356 συνεσχολακότων

31 1373 88 1407 ἡμῖν
101 1373 128 1398 ἐν
142 1372 183 1407 τῷ
197 1371 352 1406 φιλοσοφεῖν
371 1370 534 1406 μετέστησεν
554 1371 571 1405 ὴ
587 1368 697 1402 τοιαύτη
720 1366 811 1401 ἀπάτη

30 1417 78 1443 τῶν
88 1418 175 1452 λόγων
200 1418 269 1452 πρὸς
291 1417 405 1452 ἑαυτὴν·
427 1417 466 1448 εἰς
479 1415 602 1448 ἐξέτασιν
621 1413 649 1439 δὲ
668 1413 741 1443 ὅπως
757 1411 812 1446 ἔχει

30 1463 72 1490 νῦν
87 1464 206 1498 ἐμαυτὸν
219 1462 323 1495 καθεὶς,
339 1462 434 1497 ἀπορῶ
450 1462 476 1488 τί
497 1461 651 1496 χρήσωμαι.
665 1457 732 1484 Οὔτε
758 1456 812 1492 γὰρ

29 1509 68 1536 εει
81 1519 159 1536 τινων
172 1510 262 1543 λόγων
274 1508 473 1544 νενομισμένων
486 1508 554 1533 εἰσιν
569 1505 656 1532 αὐτῶν
675 1505 703 1531 at!
717 1503 812 1530 ὑποθέ-

31 1563 90 1587 σεις,
105 1555 148 1581 ἵνα
161 1554 233 1581 κατὰ
243 1554 344 1585 ταύτας
358 1554 407 1589 τὴν
420 1553 533 1588 ζήτησιν
545 1549 720 1586 ποιησώμεθα
731 1557 737 1564 ·
753 1547 813 1575 οὔτε
829 1552 848 1578 C

31 1599 96 1630 τινες
105 1599 189 1635 ἀρχαὶ
206 1599 379 1632 ἀποδείξεων,
396 1598 441 1625 καὶ
457 1599 500 1624 ἵνα
513 1597 544 1623 τὺ
558 1597 668 1627 ταύταις
683 1594 813 1628 ἑπόμενον

31 1646 185 1681 ὑεασὼμεθα
198 1655 206 1661 ·
219 1646 332 1681 ἕρμαιόν
343 1654 371 1672 τε
392 1644 498 1680 ἀληοῶς
515 1644 572 1669 ἐστι
595 1642 624 1668 τὸ
646 1641 699 1667 τῶν
723 1639 815 1670 ἁπλῶς

32 1694 179 1728 meas-mn
203 1692 372 1727 φιλοσοφεῖν·
404 1692 435 1717 0i
451 1690 499 1721 τὰς
513 1689 578 1724 παρ’
597 1688 686 1719 αὐτοῖς
708 1685 814 1722 γραφὰς

34 1740 141 1771 παλαιὰς
160 1748 191 1766 τε
213 1740 260 1766 καὶ
283 1738 345 1769 νέας
365 1737 598 1772 ὑποστησάμενοι,
621 1733 814 1763 θεοπνεύστους

33 1783 94 1812 εἶναι
110 1785 310 1820 ὑποτιθέμενοι,
329 1783 378 1815 τὰς
396 1782 468 1817 σφῶν
488 1781 578 1809 αὐτῶν
598 1779 675 1812 δόξας
692 1777 814 1805 ἐντεῦθεν

33 1831 197 1866 περαίνουσιι
216 1830 262 1857 καὶ
278 1828 434 1864 ἐλέγχεσθαι
455 1827 533 1862 μόνον
552 1824 701 1862 τηνικαῦτα
722 1821 814 1849 διικοῦ-

33 1886 78 1908 ειν,
93 1878 139 1905 ἐάν
155 1886 182 1903 τι
201 1877 239 1912 μὴ
250 1876 364 1907 ταύταις
374 1873 517 1902 ἀκόλουθον
529 1873 545 1908 ἧ
559 1871 684 1906 λέγεσθαι
698 1870 714 1905 ἢ
728 1869 816 1904 πράτ-

33 1932 117 1958 τεσθαι
132 1931 178 1957 ὑπ’
197 1930 286 1957 αὐτῶν
300 1929 453 1965 συμϐαίνει.
475 1927 531 1954 Καὶ
541 1927 609 1961 ὅπερ
622 1925 649 1951 αἱ
670 1922 746 1959 παρὰ
761 1923 815 1953 τοῖς

35 1979 199 2013 gaeso-905a:
215 1977 276 2004 καθ’
293 1976 426 2011 ’Έλληνας
442 1975 495 2001 τῶν
517 1971 677 2004 ἀποδείξεων
692 1970 775 2007 ἁρχαὶ
788 1970 815 1996 αἱ

35 2026 170 2061 προτάσεις
184 2025 322 2059 διὰμεσοι,
336 2022 415 2049 τοῦτο
435 2021 500 2057 παρ’
524 2021 616 2050 αὐτοῖς
632 2020 706 2044 ἐστιν
727 2017 744 2052 ἡ
761 2016 816 2042 τῶν

34 2075 172 2110 προφητῶν
185 2073 272 2108 φωνή.
294 2070 427 2098 Ἐνταῦοα
446 2070 476 2096 δὲ
496 2069 597 2095 τούτων
620 2067 669 2102 μὲν
690 2065 817 2092 ἁπάντων

36 2120 243 2156 ἐκδαλλομένων,
258 2117 412 2152 λεγομένων
428 2117 456 2143 δὲ
478 2112 515 2142 ὧν
538 2114 669 2149 πρότερον
696 2111 817 2146 ἐπεμνή-

35 2168 93 2202 σῧην
106 2167 170 2194 ἄνευ
183 2165 255 2197 τινὸς
268 2163 431 2196 ἀποδείξεως
440 2170 446 2176 ·
459 2160 607 2194 ἀναγκαίου
618 2158 646 2185 δὲ
658 2158 734 2189 ὄντος
749 2156 817 2191 μετὰ

34 2214 104 2248 λόγου
115 2211 283 2248 ποιήσασθαι
293 2211 342 2245 τὴν
355 2209 509 2243 ἀπόκρισιν,
520 2206 587 2234 ἀλλὰ
600 2205 636 2241 μὴ
645 2202 815 2237 πιθανώτερα

903 614 972 642 Sunt
989 615 1046 641 haec
1059 613 1169 648 quidem
1182 620 1275 639 eorum
1298 602 1358 646 qua:
1376 611 1470 639 dicunt
1486 619 1517 639 ac
1529 611 1650 639 sentiunt

868 662 1073 697 principaliora.
1090 659 1189 687 Colunt
1206 666 1270 686 vero
1284 659 1400 685 maxime
1412 659 1496 686 solem
1506 663 1532 685 et
1545 659 1647 690 lunam,

867 716 922 735 non
940 713 969 734 ιιι
993 707 1068 738 deus,
1093 705 1140 732 sed
1160 711 1188 732 ut
1202 706 1272 732 viam
1296 712 1348 739 qua
1371 705 1411 732 eis
1434 703 1516 731 Deum
1540 704 1648 739 assequi

868 755 958 781 liceat.
973 753 1102 787 Sejuncta
1122 759 1187 778 vero
1204 751 1314 786 penitus
1327 750 1417 777 divina
1431 751 1543 782 virtute,
1559 751 1649 785 ignem

867 800 945 826 aiunt
971 799 1133 826 exteriorem
1160 797 1311 830 delapsum,
1327 797 1416 831 ipsum
1434 804 1472 828 se,
1489 804 1520 822 ae
1538 797 1560 822 si
1584 795 1648 830 quid

866 845 938 872 aliud
954 844 1036 871 fuerit
1060 843 1179 870 materia:
1203 842 1347 876 reliquum,
1363 841 1579 868 combusturum.
1596 842 1648 875 Qui

867 897 955 919 autent
972 892 1041 918 inter
1056 898 1102 917 eos
1125 889 1270 924 lepidiores
1298 893 1381 920 sunt,
1412 896 1462 914 nec
1487 887 1640 914 Grzncanxea

865 937 1027 965 eruditionis
1040 943 1072 962 ae
1085 935 1236 962 litterarum
1252 938 1394 969 expertes,
1410 933 1461 967 ipsi
1475 941 1525 960 nos
1537 940 1571 960 ex
1587 939 1650 966 pro-

865 984 932 1019 priis
944 983 1098 1009 admonent.
1111 980 1148 1007 Ex
1157 980 1320 1006 caerimoniis
1331 979 1438 1014 quidem
1451 986 1482 1005 ac
1496 978 1649 1013 mysteriis:

866 1036 914 1064 per
931 1027 1067 1054 Bacchum
1082 1025 1127 1061 qui
1152 1025 1255 1052 scissus
1271 1028 1349 1050 utero
1363 1027 1415 1055 est,
1433 1023 1592 1058 signiﬁcari,
1607 1022 1658 1049 div

865 1073 919 1100 vidi
932 1074 959 1099 in
974 1071 1113 1098 materiam
1130 1078 1144 1096 a
1159 1069 1313 1100 Titanibus,
1325 1067 1355 1095 'ut
1372 1068 1422 1103 ipsi
1438 1068 1598 1102 loquuntur,
1609 1067 1659 1094 (ii--

865 1119 955 1146 vinam
971 1117 1099 1143 virtutem
1113 1124 1119 1142 :
1141 1122 1174 1142 ex
1188 1118 1328 1149 poetarum
1343 1117 1433 1140 autem
1450 1113 1540 1140 fabula
1555 1113 1657 1147 gigas--

866 1169 925 1191 tum
943 1169 1049 1198 pugnae,
1069 1160 1195 1192 indicari,
1214 1160 1252 1188 Ne
1269 1160 1330 1187 illos
1343 1159 1451 1194 quidem
1468 1159 1587 1186 materiae
1602 1158 1651 1186 ad?

869 1216 966 1236 versus
992 1208 1076 1236 Deum
1100 1207 1275 1234 rebellionem
1301 1205 1461 1233 nescivisse.
1484 1204 1540 1239 Ego
1565 1212 1649 1236 sane,

870 1253 1098 1290 quemadmodum
1113 1253 1171 1280 haec
1181 1252 1252 1279 haud
1269 1251 1429 1280 sufficientia
1444 1251 1477 1278 ad
1493 1257 1588 1278 eorum
1604 1251 1651 1278 de-

866 1300 1000 1327 liniendos
1013 1300 1129 1331 animos,
1152 1298 1198 1332 qui
1213 1297 1288 1324 nullo
1300 1297 1426 1324 examine
1438 1303 1593 1323 sermonem
1607 1303 1652 1322 re-

866 1347 981 1382 cipiunt,
999 1345 1071 1372 baud
1085 1345 1192 1372 inﬁcias
1210 1344 1298 1375 ierim,
1328 1341 1549 1378 quandoquidem
1566 1341 1649 1368 etiam

865 1393 1022 1425 nonnullos,
1046 1391 1092 1427 qui
1108 1399 1160 1418 una
1173 1390 1316 1418 nobiscum
1333 1387 1512 1423 philosophiae
1532 1393 1651 1414 navave-

866 1443 929 1466 runt
946 1445 1067 1472 operam,
1084 1435 1249 1471 ejnscemodi
1265 1441 1422 1462 sermonum
1433 1433 1559 1468 deeeptio
1573 1432 1608 1458 ad
1621 1439 1652 1459 se

866 1484 987 1511 traduxit
1006 1492 1013 1517 ;
1043 1484 1088 1517 qui
1105 1487 1194 1509 tamen
1210 1481 1290 1508 modo
1305 1487 1373 1511 rem,
1393 1482 1422 1505 ut
1438 1486 1467 1506 se
1491 1477 1589 1504 habeat
1603 1484 1651 1504 el-

867 1530 1040 1557 aminandam
1056 1529 1206 1564 aggrediar,
1225 1535 1279 1562 quo
1294 1534 1336 1553 me
1351 1529 1455 1552 vertam
1471 1524 1574 1551 nescio.
1589 1523 1650 1551 Non

866 1577 937 1603 enim
951 1583 998 1610 per
1015 1574 1148 1609 legitimas
1165 1573 1234 1600 ullas
1249 1572 1367 1598 rationes
1376 1570 1527 1604 procedunt
1539 1568 1649 1595 illorum

867 1622 1041 1657 liypotbeses.
1058 1625 1087 1647 ut
1102 1627 1149 1654 per
1169 1627 1216 1646 eas
1241 1624 1355 1644 examen
1385 1615 1528 1642 instituere
1558 1614 1648 1641 liceat.

866 1667 959 1702 Neque
976 1667 1030 1694 ulla
1045 1669 1108 1693 stitit
1123 1663 1387 1691 demonstrationum
1400 1660 1544 1696 principia,
1571 1663 1598 1686 et
1621 1663 1650 1685 ut

867 1714 938 1749 quod
952 1713 1076 1748 sequitur
1089 1712 1230 1738 videamus
1247 1720 1252 1736 :
1281 1709 1475 1741 inventumque
1497 1713 1527 1733 re
1541 1713 1604 1733 vera
1623 1708 1651 1731 ct

866 1762 972 1788 lucrum
987 1760 1156 1794 insperatum
1174 1764 1268 1784 eorum
1283 1759 1335 1786 est,
1355 1753 1402 1789 qui
1420 1752 1573 1788 simplicius
1590 1751 1650 1786 phi-

869 1805 1008 1841 losophari
1020 1805 1157 1832 dicuntur.
1173 1801 1217 1832 Hi,
1242 1808 1327 1828 novas
1339 1799 1390 1827 sibi
1404 1803 1564 1832 veteresque
1581 1797 1651 1824 scri—

867 1856 964 1887 pturas
976 1850 1145 1881 adhibentes,
1161 1856 1222 1876 eum
1234 1846 1365 1874 divinitus
1375 1845 1521 1879 inspiratus
1536 1843 1589 1871 sibi
1604 1850 1652 1870 eas

867 1886 999 1930 statuant,
1017 1904 1082 1925 suas
1093 1896 1156 1923 inde
1167 1886 1309 1929 opiniones
1323 1891 1490 1919 cont-ludunt
1506 1899 1512 1922 ;
1530 1893 1650 1923 tuncque

867 1943 955 1970 solum
972 1941 1047 1977 argui
1064 1940 1191 1967 videntur
1213 1942 1294 1973 atque
1309 1936 1406 1968 refelli,
1419 1943 1481 1962 cum
1497 1934 1530 1962 ab
1544 1934 1584 1961 eis
1601 1933 1648 1959 ali-

867 1989 932 2024 quid
946 1995 1000 2016 non
1017 1988 1050 2014 iis
1067 1992 1218 2014 consonum
1234 1989 1279 2011 aut
1295 1983 1348 2010 diei
1366 1985 1412 2008 aut
1438 1981 1480 2016 agi
1493 1978 1654 2014 contigerit..

868 2034 999 2068 Quodque
1024 2032 1056 2059 iis
1078 2031 1123 2066 qui
1146 2030 1302 2057 Graecorum
1321 2028 1376 2054 ritu
1401 2025 1648 2062 philosophantur,

868 2077 1131 2106 demoustrationum
1155 2074 1288 2110 principia
1309 2071 1476 2100 intermediae
1487 2068 1655 2105 propositio—

868 2132 918 2152 nes
932 2128 996 2151 sunt
1012 2132 1019 2156 ;
1035 2123 1086 2149 hoc
1113 2121 1179 2156 ipsis
1196 2124 1239 2147 est
1252 2118 1445 2153 prophetarum
1471 2123 1523 2143 vox
1542 2122 1573 2142 ac
1587 2121 1651 2142 ora-

870 2171 972 2197 culum.
989 2169 1039 2196 Hie
1054 2172 1155 2199 autem,
1186 2165 1294 2193 eunetis
1312 2164 1354 2191 bis
1369 2162 1531 2193 eliminatis,
1548 2165 1575 2187 ct
1589 2168 1650 2187 cum

865 2223 897 2243 ea
915 2222 1030 2250 quorum
1047 2213 1174 2248 superius
1205 2209 1316 2237 memini
1331 2229 1338 2240 ,
1364 2209 1466 2242 absque
1482 2207 1535 2233 ulla
1553 2205 1657 2240 proba--

35 2259 107 2294 ἕτερα
118 2258 284 2294 παραθεῖναι
301 2256 348 2282 καὶ
365 2255 463 2290 μᾶλλον
477 2250 665 2288 ψυγαγωγεῖν·
693 2249 816 2285 χαλεπω-

870 2262 944 2288 tione
958 2260 1084 2287 dicantur
1098 2267 1105 2292 ;
1123 2258 1212 2292 sitque
1225 2255 1411 2283 necessarium
1429 2257 1458 2280 ut
1469 2260 1532 2280 cum
1547 2251 1661 2278 ratione

35 2308 95 2343 τέρα
109 2309 125 2342 ἡ
140 2308 244 2341 ἔφοδος,
263 2306 310 2333 καὶ
323 2305 362 2331 ἔτι
375 2304 474 2340 μᾶλλον
490 2301 678 2336 δυσκολωτέρα
691 2321 697 2332 ,
714 2301 754 2326 ὅτι
770 2298 817 2325 καὶ

36 2353 165 2385 ποικῡιους
181 2355 244 2384 τοὺς
257 2352 353 2386 λόγους
363 2349 495 2378 ποιεῖσθαι
508 2348 557 2375 δεῖ,
574 2345 609 2374 Οἵ
625 2355 653 2373 τε
668 2346 720 2381 γὰρ
737 2345 816 2380 ἀκρι-

36 2398 149 2433 ίὲστεροι
163 2398 228 2429 τοὺς
243 2397 297 2423 ὑπὸ
319 2395 420 2422 τούτων
438 2394 502 2421 ἄνευ
519 2393 591 2424 τινὸς
615 2391 731 2421 πίστεως
750 2398 817 2425 προ-

36 2445 262 2480 κατειλημμένους
274 2442 379 2468 λάθοιεν
403 2441 446 2473 ἂν,
461 2441 495 2471 εἰ,
518 2439 561 2465 ὅτε
585 2439 624 2470 είς
641 2435 818 2472 ψυχαγωγίαν

36 2493 141 2525 γένοιτο,
153 2495 192 2525 είς
210 2493 261 2524 τὰς
271 2492 357 2523 αὑτὰς
366 2490 449 2521 λαϐὰς
460 2487 657 2525 ἐμπεσοῦνται·
675 2484 704 2517 ὲξ
717 2484 817 2519 ὁμοίων

36 2539 84 2575 γὰρ
104 2540 244 2574 γεγονέναι
261 2536 413 2570 δοξάζουσι,
434 2536 480 2562 Διὸ
503 2533 604 2569 πολλῆς
628 2531 675 2558 καὶ
697 2529 818 2566 μεγάλης

38 2592 162 2626 φροντίδος
174 2592 226 2625 δεῖ,
244 2591 293 2618 και
306 2589 373 2616 Θεοῦ
382 2589 419 2620 ὡς
427 2587 545 2622 ἀληθῶς,
559 2585 588 2616 ὃς
601 2583 648 2610 τοῦ
659 2583 737 2617 λόγου
748 2581 819 2616 ἡγή-

36 2650 110 2671 cent.

867 2309 1071 2344 responsionem
1090 2306 1232 2337 faciamus,
1248 2311 1302 2330 non
1318 2309 1382 2329 vero
1398 2299 1658 2336 probabilioraalia,.

867 2359 894 2383 et
911 2363 972 2390 qua
993 2353 1080 2388 magis
1095 2351 1210 2379 delinire
1227 2349 1344 2379 valeant,
1367 2353 1550 2382 proponamus
1564 2353 1570 2371 :
1591 2350 1647 2370 mo-

869 2388 964 2427 lestior
980 2401 1021 2426 est
1034 2396 1189 2432 aggressio,
1216 2394 1334 2428 hincque
1355 2391 1422 2418 adeo
1445 2390 1532 2424 magis
1554 2388 1658 2420 ardua,,

869 2445 941 2480 quod
955 2449 981 2472 et
999 2443 1241 2472 variosinstituere
1253 2445 1394 2466 sermones
1407 2443 1520 2464 necesse
1535 2440 1587 2463 est.
1599 2435 1657 2468 Qui.

869 2499 988 2526 namque
1003 2490 1088 2525 magis
1104 2487 1224 2515 aecurati
1242 2486 1422 2519 certiorisque
1437 2481 1560 2510 veritatis
1576 2485 1657 2511 sunt,

872 2545 919 2565 eos
943 2536 1081 2566 latuerint,
1098 2542 1167 2568 quos
1185 2536 1258 2559 certa
1281 2529 1397 2566 quadam
1414 2526 1575 2555 credulitate
1590 2529 1658 2552 ante

871 2582 1042 2611 admiserint,
1059 2580 1093 2611 si,
1118 2586 1180 2606 cum
1194 2577 1227 2604 ad
1241 2573 1424 2604 deliniendam
1449 2570 1571 2599 adhiberi
1585 2576 1654 2596 eoa»-

873 2630 983 2665 tigerit,
999 2628 1027 2655 in
1041 2626 1151 2653 easdem
1176 2631 1258 2651 ansas
1284 2620 1516 2653 necessitatesque
1550 2616 1654 2644 incide-

36 2692 89 2718 rint.
102 2691 291 2727 Quamobrem
319 2687 404 2716 multa
420 2692 571 2722 magnaque
590 2689 659 2718 opus
673 2678 813 2717 diligentia
826 2682 878 2710 est,
894 2685 925 2705 ae
938 2677 1018 2712 plane
1036 2674 1100 2706 Deo,
1118 2673 1165 2708 qui
1181 2672 1239 2706 ipse
1254 2670 1310 2698 dux
1331 2673 1358 2697 et
1384 2674 1485 2702 auspex
1515 2665 1566 2693 erit
1589 2670 1653 2693 ser-—

36 2739 126 2768 uanis.
