1909 3069
233 110 288 139 ιιθ

738 104 938 132 ALEXAND!“
957 103 1110 132 EPISCOPI
1131 103 1384 133 LYCOPOLITANI

1797 105 1854 134 420

233 183 298 211 Cn.
316 181 361 209 Vl.
377 180 585 208 Manichworum
601 180 651 206 duo
663 179 804 214 principia.
822 178 886 213 Ipsa
900 176 1245 238 vexatahl’bylhagqrforum
1260 177 1291 204 de
1311 176 1446 211 principiis
1470 176 1567 211 opinio.
1586 175 1689 204 Bonum
1709 180 1735 204 et
1749 177 1853 204 malum

643 224 646 229 τ
839 218 980 238 cnntmrta.
1050 220 1099 238 ano
1115 220 1152 238 me
1166 221 1235 238 orm.

643 224 646 229 ⁴
839 218 980 242 conu'arza.
998 218 1018 238 Α
1033 218 1099 238 υοηο
1115 218 1235 239 victoria.

272 279 329 306 Duo
341 277 474 313 principia
496 277 630 305 statuunt,
655 273 739 300 Deum
756 277 782 300 ct
805 272 956 299 materiam.
974 270 1018 297 Si-

1103 270 1154 296 Δύο
1169 270 1255 306 ἀρχὰς
1270 270 1451 304 ὑποτίθενται,
1467 271 1533 297 Θεὸν
1552 272 1597 298 καὶ
1615 271 1689 306 ὓλην.
1711 271 1742 298 El
1759 272 1808 306 μὲν
1822 271 1856 298 τδ

235 322 344 359 qui-lem
359 321 385 348 id
401 320 473 355 quod
499 319 527 345 tit
549 323 630 352 atque
655 318 758 349 oritur,
777 317 811 344 ab
828 324 860 344 eo
877 315 949 350 quod
963 321 1016 349 est,

237 372 361 396 secernat
379 365 503 401 (Manes),
531 364 602 391 haud
629 363 741 398 perinde
755 363 824 389 mala
842 361 992 396 suppositio
1009 370 1016 393 ;

237 418 267 441 ut
283 421 370 448 neque
384 413 494 439 materia
511 411 569 445 ipsa
593 417 622 437 se
642 410 728 444 ipsam
745 408 851 438 etliciat.
867 412 894 434 ct
909 411 1018 434 contra-

238 460 340 488 riorum
357 459 486 485 rationem
499 456 622 491 recipiat.
636 463 697 490 qua:
711 459 767 481 tum
784 457 846 488 agat
858 457 914 480 tum
930 453 1018 488 patia-

236 510 284 533 tur
300 513 306 530 :
322 511 409 538 neque
421 510 516 530 rursus
531 503 584 528 alia
598 501 662 528 talia
675 501 708 528 de
724 500 851 527 etl'ectore
875 507 1019 534 rerumque

239 554 349 579 auctore
365 549 561 583 intelligantur,
576 555 635 582 quae
650 554 699 574 nec
713 546 781 573 forte
797 546 838 572 fas
855 545 889 571 sit
909 545 1018 578 dicere;

238 596 346 624 tametsi
361 595 432 622 Deus
445 594 477 621 ad
490 593 597 624 etlccut,’
615 592 728 619 materia
743 599 797 618 non
812 591 942 626 indigeat.
957 598 1019 618 cum

239 643 331 670 omnia
345 643 371 669 in
385 640 536 668 substantia
551 643 578 667 et
594 647 654 674 quae
670 645 733 665 vere
746 638 879 665 exsistant
895 637 927 664 ad
944 637 1019 664 illum

239 697 322 718 sensu
336 688 402 716 ellici
419 685 647 720 nihilproliibeat.
665 683 713 711 Sin
726 687 827 714 autem,
844 683 915 717 quod
933 682 1020 717 magis

239 736 293 764 dici
323 735 440 764 videtur,
459 733 510 760 sub
537 731 596 766 ipso
622 730 794 757 inordinatus
814 737 905 757 rerum
932 734 1020 756 motus

240 781 351 809 materia
368 784 418 810 est.
432 779 547 813 primmn
563 777 671 812 quidem
689 776 798 803 incaute
812 783 844 802 ac
860 776 1020 810 imprudens

241 826 314 853 aliud
326 825 442 852 etliciens
454 823 514 859 (etsi
531 822 692 856 maleﬁcum)
706 821 850 848 constituit
869 831 875 848 :
891 829 942 848 nec
956 821 1021 856 quid

241 872 304 900 inde
318 875 447 906 sequatur
458 868 667 900 animadvertit;
682 875 789 902 nempe.
803 866 826 894 si
842 874 1023 894 necesse-om-

240 919 306 946 nino
329 917 365 944 sit
387 920 416 943 ut
441 915 513 942 Deus
527 918 553 941 et
575 913 688 940 materia
709 917 916 948 supponantur,
941 913 1021 939 aliam

1067 317 1226 352 γιγνόμενον
1241 316 1288 343 τοῦ
1305 316 1380 348 δντος
1394 316 1571 352 ἁποχωρίζει,
1585 317 1633 352 οὐχ
1651 317 1751 351 ὁμοίως
1764 317 1854 352 φαύλη

1068 363 1085 397 ἡ
1097 362 1224 394 ὑπόθεσις
1236 382 1244 393 ,
1272 362 1314 388 ἵνα
1329 363 1397 397 μήτε
1418 364 1434 398 ἡ
1449 362 1498 397 ὕλη
1518 363 1617 398 ἑαυτὴν
1635 364 1714 398 ποιῇ,
1739 364 1786 389 καὶ
1801 363 1857 389 τῶν

1069 408 1195 435 ἐναντίων
1203 407 1367 443 ἀποδέχηται
1379 407 1467 442 λόγον,
1479 407 1596 434 ποιοῦσά
1606 417 1634 434 τε
1645 409 1690 434 καὶ
1700 409 1854 443 πάσχουσα·

1071 454 1132 489 μήτ’
1156 450 1189 480 αὖ
1215 453 1327 480 τοιαῦτα
1346 453 1426 480 πάλιν
1452 453 1533 489 ἕτερα
1559 454 1622 488 περὶ
1640 454 1685 480 τὸν
1713 453 1857 489 ποιητικὴν

1069 499 1153 525 αἴτιον
1170 498 1314 534 θεωρῆται,
1331 499 1349 525 ἃ.
1362 498 1423 525 οὐδὲ
1435 498 1522 533 λέγειν
1535 500 1599 531 ἴσως
1615 499 1692 533 Θέμις
1702 508 1708 514 ·
1721 500 1812 526 καίτοι
1823 499 1855 524 οὐ

1069 545 1193 580 δεομένου
1208 545 1254 572 τοῦ
1272 545 1339 572 Θεοῦ
1354 546 1422 582 πρὸς
1445 546 1478 572 τὰ
1492 545 1699 580 ἀποτελέσματα
1724 545 1807 580 ὖλης,
1826 546 1857 571 ἑν

1071 590 1215 616 ὑποστάσει
1230 591 1384 626 δυναμένων
1395 591 1534 626 γίγνεσθαι
1549 591 1656 618 πάντων
1671 591 1740 626 πρὸς
1751 592 1858 618 ἐκεῖνον

1070 635 1114 661 τὸν
1127 635 1204 662 νοῦν·
1225 637 1248 662 εί
1261 637 1299 668 δὲ,
1315 637 1382 672 ὅπερ
1395 637 1493 672 μᾶλλον
1509 637 1634 672 λέγεσθαι
1650 637 1733 669 δοκεῖ,
1748 637 1794 663 ὑπ’
1808 637 1859 663 αὑ-

1070 681 1116 707 τοῦ
1130 683 1146 716 ἡ
1162 682 1276 714 ἄτακτος
1293 683 1398 718 κίνησις
1410 683 1463 709 τῶν
1480 684 1564 710 ὅντων
1580 685 1652 710 ἐστὶν
1668 683 1730 719 ὕλη,
1746 683 1858 719 πρῶτον

1073 728 1121 763 μὲν
1133 728 1257 755 λανθάνει
1271 730 1364 756 ἑαυτὸν
1376 730 1468 765 ἕτερον
1488 730 1626 765 ποιητικὸν
1638 729 1723 756 αἴτιον
1740 729 1858 763 ὑφιστά-

1074 782 1152 808 μενος
1176 775 1337 808 (κακοποιὸν
1352 775 1458 810 μέντοι)
1475 784 1482 790 ·
1503 776 1550 810 οὺχ
1573 776 1624 811 ὁρᾷ
1641 775 1668 801 δὲ
1685 776 1731 801 καὶ
1749 775 1778 801 τὸ
1792 774 1858 801 ἑπό-

1074 829 1163 855 μενον,
1171 821 1221 852 ὅτι,
1231 821 1254 846 εί
1263 821 1328 848 Θεὸν
1337 821 1445 853 πάντως
1453 822 1617 848 ὑποστατέον
1632 822 1677 848 καὶ
1689 821 1766 857 ὕλην,
1776 821 1859 856 ἑτέρα

1072 875 1114 898 τις
1128 866 1177 902 ὕλη
1192 867 1230 902 τῷ
1244 867 1301 902 Θεῷ
1313 868 1494 903 ὑποστήσεται
1504 876 1510 883 ·
1525 868 1567 895 ἵνα
1579 868 1702 903 ἑκατέρω
1713 867 1767 894 τῶν
1780 876 1861 902 ποιη-

1072 911 1155 938 τικῶν
1168 913 1260 938 αἰτίων
1275 913 1290 947 ἡ
1308 912 1472 948 ὑποκειμένη
1490 913 1600 949 ὑπάρχῃ
1613 912 1672 948 ὕλη.
1689 910 1759 939 Ἀντὶ
1769 913 1860 940 τοίνυν

241 970 349 998 quoque
364 961 503 988 materiam
519 960 573 987 Deo
584 959 754 995 suppositum
773 959 806 986 iri
822 969 828 986 :
843 961 874 986 ut
891 959 1021 986 videlicet

1076 955 1117 985 Ξῦο
1132 959 1263 994 τέτταρας
1275 959 1341 994 ἡμῖν
1355 958 1439 985 ποιῶν
1455 959 1542 995 ἀρχὰς
1557 959 1786 994 ἐπιδειχθήσεται.

241 1008 373 1035 ambobus
393 1007 572 1034 ellicientibus
584 1007 696 1034 materia
707 1006 829 1041 subjecta
843 1005 889 1034 sit.
915 1005 968 1033 Pro
996 1005 1102 1034 duobus
1120 1006 1211 1041 igitur,
1235 1010 1353 1040 quatuor
1371 1006 1449 1033 nobis
1466 1006 1598 1041 principia
1611 1010 1754 1041 .prmstare
1778 1013 1860 1033 mon-

242 1055 325 1083 strabi
330 1058 383 1081 tur.

274 1100 440 1129 Admiranda
465 1107 531 1128 vero
544 1104 571 1127 et
587 1099 621 1126 ab
635 1099 681 1127 illo
696 1100 785 1135 posita
813 1099 951 1134 utrimque
966 1099 1023 1127 dis-

241 1147 346 1175 tinctio.
362 1146 390 1173 Si
411 1146 482 1174 enim
499 1146 549 1172 hoc
563 1145 644 1172 Deum
660 1146 809 1176 existimat,
823 1145 897 1180 quod
908 1145 1021 1176 bonum,

241 1193 351 1227 vultque
366 1201 428 1219 vere
451 1192 583 1219 exsistere
612 1191 684 1226 quod
699 1195 741 1219 est
764 1191 803 1218 illi
829 1192 1022 1224 contrarium;

240 1239 335 1274 quidni
345 1239 418 1266 velut
435 1237 606 1272 Pythagorici
616 1237 726 1271 quidam
739 1237 840 1264 malum
856 1237 906 1271 ipsi
914 1241 1024 1263 contra-

241 1285 312 1312 rium
331 1284 432 1319 ponit?
453 1283 606 1310 Ferendum
618 1290 684 1309 sane
695 1283 794 1317 magis,
808 1287 836 1309 ut
851 1283 884 1309 ab
901 1282 955 1309 illis
967 1282 1022 1310 duo

241 1331 375 1367 principia
383 1330 520 1360 dicantur,
533 1328 635 1355 bonum
646 1332 673 1355 et
691 1329 792 1355 malum
806 1337 813 1361 ;
833 1328 904 1355 inter
920 1336 949 1355 se
957 1336 1024 1355 con-

241 1377 317 1404 tinue
334 1375 492 1410 pugnantia,
519 1382 580 1402 cum
595 1378 686 1401 tamen
714 1373 814 1400 bonum
837 1374 907 1400 malo
920 1381 1024 1408 praeva-

241 1423 304 1450 leat.
320 1421 387 1448 Nam
404 1422 427 1448 si
446 1420 547 1447 malum
572 1423 713 1454 superaret
728 1439 736 1452 ,
759 1420 902 1447 interirent
920 1421 1022 1447 omnia.

242 1466 360 1494 Prorsus
376 1466 448 1493 enim
463 1465 576 1492 materia
589 1464 739 1492 secundum
756 1472 795 1496 se,
818 1473 906 1499 neque
923 1472 1023 1499 corpus

241 1516 295 1546 est,
319 1519 407 1547 neque
427 1511 539 1538 omnino
557 1511 746 1545 incorporeum
763 1510 882 1545 aliquid;
897 1514 924 1537 at
936 1518 1023 1545 neque

241 1559 402 1594 simpliciter
413 1559 465 1585 hoc
476 1557 577 1591 aliquid
589 1567 594 1584 :
607 1556 653 1584 sed
668 1556 806 1583 indefinita
821 1557 954 1591 quaedam,
965 1564 1024 1592 qua:

242 1607 329 1634 forma
344 1605 489 1632 accedente
501 1605 610 1631 ﬁniatur
625 1611 657 1630 ac
674 1604 846 1634 terminetur,
865 1603 938 1630 velut
952 1604 1023 1638 ignis

241 1656 312 1679 meta
330 1659 361 1678 ac
374 1649 671 1686 pyramide’;.octaedro
688 1648 859 1684 (octouorum
877 1656 1023 1683 corporum

241 1696 332 1731 eessu)
348 1704 411 1728 aer;
434 1695 577 1722 icosaedro
589 1694 768 1729 (ricenorum)
786 1701 855 1728 aqua
868 1703 875 1727 ;
888 1694 1025 1728 quadran-

241 1741 299 1773 tali,
316 1745 400 1768 terra.
418 1741 541 1773 Quonam
557 1740 639 1774 igitur
659 1740 740 1766 modo
757 1740 869 1766 materia
886 1740 1025 1766 inordina-

241 1790 286 1814 tus
301 1791 390 1813 niotus
401 1786 595 1813 elementorum
604 1784 734 1812 exsistit?
747 1784 797 1816 Per
807 1792 836 1811 se
852 1785 943 1819 itaque
959 1786 1025 1812 sub-

243 1831 344 1858 sistens
361 1838 478 1865 vereque
501 1831 638 1858 exsistens
654 1837 708 1856 non
723 1833 783 1856 est:
800 1836 860 1855 nam
881 1830 904 1856 si
921 1834 1021 1862 motus,

1107 1098 1254 1134 Θαυμαστὴ
1269 1098 1297 1125 δὲ
1316 1098 1360 1125 καὶ
1377 1099 1393 1133 ἡ
1409 1098 1610 1134 ἀντιδιαίρεσις.
1622 1098 1790 1133 ΕίγὰρΘεός
1802 1098 1862 1124 ἐστι

1074 1146 1138 1181 παρ’
1151 1145 1234 1180 αὐτῷ,
1249 1145 1316 1181 ὅπερ
1332 1146 1362 1171 τὸ
1373 1145 1483 1179 ἀγαθὸν,
1493 1145 1540 1171 καὶ
1557 1144 1680 1180 βούλεται
1697 1144 1862 1179 ὑψίστςισθαι

1073 1192 1146 1227 αὐτῷ
1160 1192 1289 1224 ἐναντίον,
1307 1191 1351 1218 διὰ
1366 1192 1392 1218 τί
1406 1192 1436 1218 οὺ
1453 1191 1577 1227 καθάπερ
1590 1192 1661 1223 τινὲς
1674 1191 1728 1218 τῶν
1742 1191 1865 1225 Πυθαγο-

1075 1238 1153 1273 ρείων
1168 1237 1197 1264 τὸ
1212 1238 1296 1264 κακὸν
1311 1237 1384 1272 αὑτῴ
1395 1237 1577 1273 ἀντιτίθησιν;
1598 1237 1786 1272 ’Δνεκτότερον
1795 1235 1864 1271 γοῦν

1075 1283 1121 1308 ὑπ’
1136 1283 1246 1309 ἐκείνων
1261 1283 1388 1317 λέγεσθαι
1399 1282 1445 1309 δύο
1456 1281 1524 1309 εῖναι
1541 1283 1637 1319 ἀρχὰς,
1656 1283 1685 1310 τὸ
1696 1282 1797 1317 ἀγαθὸν
1814 1282 1864 1308 καὶ

1075 1329 1105 1355 τὸ
1119 1329 1216 1355 κακόν·
1235 1329 1388 1360 στασιάζειν
1401 1329 1428 1356 δὲ
1441 1329 1542 1360 ταύτας
1558 1329 1687 1364 συνεχῶς,
1702 1330 1864 1365 ἐπικρατεῖν

1075 1373 1105 1399 δὲ
1117 1373 1148 1399 τὸ
1165 1372 1276 1406 ἀγαθόν.
1293 1374 1324 1400 Et
1336 1373 1390 1408 γὰρ
1406 1374 1436 1400 τὸ
1452 1374 1536 1400 κακὴν
1557 1374 1702 1409 ὑπερέχοι,
1725 1374 1864 1410 φθαρήσε-

1078 1418 1246 1445 σθαιπάντα.
1262 1419 1349 1450 Ὂλως
1362 1419 1416 1454 γὰρ
1430 1419 1490 1446 καθ’
1502 1419 1600 1455 ἑαυτὴν
1618 1420 1666 1455 μὲν
1685 1420 1701 1455 ἡ
1726 1419 1776 1455 ὕλη
1799 1419 1864 1446 οὗτε

1077 1464 1156 1500 σῶμά
1170 1466 1252 1496 ἐστιν,
1265 1464 1326 1491 οὔτε
1340 1465 1460 1501 ἀκριϐῶς
1475 1465 1619 1501 ἀσώματόν
1635 1475 1671 1497 τι,
1687 1465 1750 1492 οὔτε
1767 1466 1863 1499 ἁπλῶς

1076 1510 1134 1537 τόδε
1149 1519 1189 1537 τι·
1210 1510 1278 1537 ἀλλὰ
1293 1511 1417 1544 ἀόριστος
1428 1520 1469 1542 τις
1484 1511 1672 1547 προσλαϐοῦσα
1686 1512 1717 1538 τὺ
1732 1509 1804 1543 εἶδος
1821 1513 1864 1546 γί-

1076 1565 1149 1583 νεται
1165 1557 1314 1593 ὡρισμένη·
1324 1554 1378 1584 οἷον
1389 1557 1436 1593 τὴν
1449 1558 1587 1594 πυραμίδα
1597 1558 1645 1593 μὲν
1657 1558 1712 1593 πῦρ
1721 1567 1729 1573 ·
1742 1559 1773 1585 ca
1782 1559 1864 1586 ὁκτάυ

1077 1603 1152 1638 εδρον
1165 1603 1193 1629 δὲ
1206 1604 1259 1639 ἀήρ
1269 1612 1275 1618 ·
1295 1603 1325 1630 τὸ
1341 1604 1511 1640 εἰκοσάεδρον
1527 1603 1640 1640 δεῦδωρ
1650 1613 1656 1620 -
1674 1605 1758 1631 κύϐον
1770 1605 1799 1632 δὲ
1815 1605 1862 1640 γ’ἠ.

1076 1649 1138 1680 Πῶς
1152 1647 1198 1675 οὗν
1213 1650 1271 1675 ἐστι
1282 1649 1336 1676 τῶν
1348 1650 1486 1686 στοιχείων
1499 1652 1516 1686 ἡ
1530 1651 1645 1683 ἄτακτος
1659 1651 1792 1687 κίνησιςή
1801 1652 1863 1687 ὕλης

1076 1696 1144 1722 Καθ’
1162 1695 1259 1731 ἑαυτὴν
1289 1696 1337 1731 μὲν
1361 1695 1406 1723 οὖν
1421 1697 1470 1724 οὐκ
1497 1698 1569 1724 ἐστιν
1594 1698 1751 1733 ιῖιτιτοο’·ια.τή⁴
1765 1699 1789 1725 εί
1809 1698 1864 1734 γὰρ

1076 1741 1192 1776 κίνησις,
1204 1743 1232 1768 ὲν
1250 1741 1289 1776 τῷ
1306 1743 1455 1778 κινουμένῳ
1465 1751 1471 1758 ·
1490 1744 1520 1770 οὐ
1534 1744 1606 1770 δοκεί
1619 1744 1648 1770 δὲ
1661 1744 1782 1771 τοιοῦτον
1795 1743 1865 1771 εἶναι

1076 1788 1093 1822 ἡ
1111 1787 1171 1822 ὕλη,
1184 1787 1250 1814 ἀλλὰ
1259 1788 1357 1823 μᾶλλον
1372 1789 1401 1815 τὸ
1415 1789 1521 1824 πρῶτον
1535 1790 1712 1825 ὑποκείμενον
1725 1792 1773 1818 καὶ
1781 1791 1866 1827 app-3-

1078 1832 1199 1867 θμιστον,
1218 1834 1264 1860 καὶ
1281 1834 1326 1868 ἀφ’
1337 1832 1367 1861 οὗ
1383 1834 1417 1861 τὰ
1432 1835 1507 1862 ἄλλα.

243 1878 271 1905 in
287 1877 408 1912 subjecto
420 1881 460 1904 est
477 1885 484 1909 ;
503 1885 557 1903 non
574 1876 681 1903 videtur
706 1879 795 1902 autem
820 1876 882 1903 talis
915 1884 976 1904 esse
998 1878 1121 1911 materia,
1145 1880 1210 1914 quin
1241 1881 1295 1907 imo
1318 1881 1435 1915 primum
1463 1882 1615 1917 subjectum
1637 1887 1664 1909 et
1696 1883 1867 1918 incomposf.

242 1929 311 1958 tum,
326 1929 353 1952 et
363 1933 394 1952 ex
408 1933 462 1959 quo
477 1925 592 1959 reliqua.

277 1972 391 2006 Quando
417 1972 500 2006 igitur
520 1976 610 1998 motus
639 1970 810 1998 inordinatus
831 1974 873 1998 est
893 1971 1018 2004 materia,

244 2026 387 2054 semperne
413 2018 506 2045 mobili
519 2018 683 2052 conjunctus
697 2021 765 2048 erat.
782 2021 826 2044 aut
837 2018 983 2052 aliquando
992 2019 1025 2045 ab

241 2072 274 2091 eo
291 2064 455 2098 separatus?
472 2063 561 2093 Certe,
581 2063 604 2090 si
624 2063 679 2090 ullo
695 2071 813 2098 unquam
831 2067 952 2098 tempore
976 2072 1026 2099 per

242 2117 272 2137 se
285 2113 354 2140 erat,
370 2109 410 2136 sic
427 2109 521 2144 utique
539 2117 593 2136 non
623 2113 701 2136 erat:
726 2110 816 2136 nullus
838 2109 911 2136 enim
934 2114 1024 2138 motus

242 2154 302 2181 sine
316 2154 438 2188 subjecto
453 2158 504 2182 est.
522 2154 550 2181 Si
564 2162 628 2181 vero
639 2152 746 2189 semper
764 2155 791 2181 iu
806 2155 930 2189 subjecto
952 2160 1022 2187 erat,

241 2200 282 2226 sic
297 2207 392 2226 rursus
402 2199 456 2226 duo
470 2203 625 2227 statuentur
641 2200 790 2236 principia,
807 2201 879 2235 quod
892 2206 982 2228 movet
995 2205 1023 2229 et

241 2245 313 2280 quod
325 2249 457 2272 movetur.
471 2245 528 2272 litri
544 2246 626 2280 igitur
642 2246 738 2273 horum
751 2245 898 2280 tribuetur,
916 2250 944 2273 ut
959 2254 1022 2274 cum

241 2289 296 2318 Deo
308 2290 425 2326 primum
438 2291 502 2318 illud
516 2291 736 2319 constituamus?
755 2304 757 2307 -

1116 1972 1193 1999 Ἐπεὶ
1206 1973 1320 2008 τοίνυνὴ
1334 1973 1450 2005 ἄτακτος
1461 1972 1566 2009 κίνησίς
1578 1975 1678 2009 ἐστινὴ
1696 1973 1746 2010 ὕλη
1758 1995 1764 2006 ,
1788 1976 1867 2004 πότε-

1074 2026 1119 2054 ρον
1149 2016 1183 2053 ἦν
1209 2019 1252 2044 ἀεὶ
1270 2019 1318 2044 σὺν
1335 2017 1373 2052 τῷ
1390 2018 1550 2053 κινουμένῳ,
1568 2019 1584 2053 ἢ
1607 2018 1672 2045 ποτὲ
1697 2019 1866 2055 κεχώρισται

1072 2065 1167 2089 τούτου
1180 2071 1187 2095 ;
1201 2063 1232 2089 Εἰ
1244 2063 1292 2098 μὲν
1307 2063 1361 2098 γὰρ
1377 2063 1441 2089 ποτὲ
1454 2060 1488 2098 ἦν
1498 2063 1556 2090 καθ’
1571 2064 1666 2099 αὐτὴν,
1682 2064 1756 2090 οὕτω
1768 2073 1801 2099 γε
1817 2066 1868 2092 οὑκ

1074 2109 1107 2135 ἂν
1118 2107 1166 2144 ἦν·
1182 2109 1294 2143 οὐδεμία
1310 2109 1362 2144 γὰρ
1375 2108 1482 2144 κίνησις
1495 2109 1558 2136 ἄνευ
1575 2109 1622 2135 τοῦ
1644 2111 1806 2145 κινουμένου
1817 2120 1824 2127 ·
1842 2113 1867 2138 εί

1076 2153 1104 2180 δὲ
1119 2155 1162 2180 ἀεὶ
1179 2155 1207 2181 ὲν
1221 2154 1259 2189 τῷ
1274 2155 1426 2190 κινουμένῳ
1439 2153 1483 2190 ἦν,
1497 2155 1577 2182 πάλιν
1589 2153 1621 2182 αὖ
1636 2155 1682 2182 δύο
1696 2157 1782 2191 ἀρχαὶ
1796 2157 1867 2183 οὕτω

1078 2209 1108 2234 γε
1120 2201 1327 2236 ὑποστήσονται,
1340 2201 1370 2227 τὸ
1381 2201 1470 2228 κινοῦν
1479 2203 1524 2229 κα)⁸
1534 2203 1564 2229 τὸ
1572 2202 1739 2237 κινούμενον.
1754 2203 1868 2239 Ποτέρῳ

1075 2244 1122 2272 οὖν
1133 2246 1222 2272 αὐτῶν
1233 2245 1391 2281 ψηφίζεται,
1404 2246 1447 2273 ἵνα
1460 2247 1547 2274 ἐκεῖνο
1560 2248 1629 2284 μετά
1641 2248 1688 2275 τοῦ
1703 2248 1772 2275 Θεοῦ
1797 2249 1865 2275 ὑπο-

1039 2288 1061 2315 D
1076 2292 1238 2328 στησώμεθα
1249 2293 1370 2328 πρῶτον;

241 2349 304 2376 CAP.
317 2349 374 2378 Ἧι.
390 2349 542 2377 Vindicatus
552 2350 583 2377 ab
597 2350 794 2378 inordinatione
808 2357 905 2378 motus.
916 2351 1074 2378 Circularis.
1087 2351 1192 2379 Rectus.
1210 2351 1391 2380 Geuerationis
1407 2358 1431 2380 el
1446 2355 1633 2388 corruptionis.
1651 2354 1826 2382 Alterah‘om’s
1838 2360 1865 2383 et

813 2395 919 2414 sensum
934 2387 1076 2421 afficienlis
1092 2388 1242 2422 qualitatis.

276 2443 389 2471 Accedit
414 2445 532 2472 sermoni
547 2446 680 2481 appendix
699 2447 744 2473 illa
762 2454 876 2482 prorsus
892 2447 1022 2480 extorris,

241 2489 432 2518 inordinatum.
451 2490 565 2525 Quando
578 2493 649 2520 enim
674 2497 765 2521 motus
781 2500 835 2520 non
862 2492 955 2525 fuerit,
970 2501 1024 2520 me-

242 2535 295 2563 rito
308 2536 424 2565 dicatur.
434 2536 564 2570 Quaenam
582 2545 646 2565 vero
661 2539 741 2566 etiam
757 2542 880 2566 motuum
894 2539 1024 2566 materia?

241 2579 310 2608 Num
325 2582 371 2616 qui
384 2587 476 2610 rectus
491 2587 542 2616 est,
555 2590 589 2609 an
604 2584 748 2611 circularis
767 2592 775 2615 ;
795 2584 838 2611 vel
850 2592 910 2619 qua:
935 2584 1022 2619 quali-

241 2630 297 2655 tate
308 2635 416 2654 sensum
429 2628 561 2656 aﬂicientc
575 2633 724 2661 mutantur.
741 2629 780 2656 vel
795 2630 979 2664 generationis
989 2637 1022 2656 ac

241 2674 425 2708 corruptionis
447 2675 563 2702 motus?
590 2675 735 2703 Enimvero
752 2676 894 2704 circularis
921 2680 1021 2707 motus,

242 2719 282 2744 sic
294 2718 410 2746 decorus
423 2724 465 2746 est
485 2725 512 2748 et
537 2721 716 2755 compositus,
733 2727 762 2748 ut
782 2729 873 2748 rerum
889 2721 1024 2748 universi—

244 2764 308 2790 tatis
325 2764 413 2791 ordiui
428 2766 563 2800 ascriptus
576 2767 631 2794 sit:
648 2775 698 2794 nec
715 2766 925 2794 Manichaeorum
941 2775 1023 2794 sensu

243 2807 288 2835 hic
303 2809 453 2843 culpandus
469 2811 602 2845 videatur,
619 2812 645 2839 in
660 2821 714 2847 quo
730 2813 770 2840 sol
794 2817 820 2840 et
841 2813 906 2840 luna
919 2834 926 2847 ,
955 2820 1023 2847 quos

1114 2447 1247 2484 Πρόσεστι
1261 2447 1337 2482 δὲτῷ
1352 2447 1422 2483 λόγῳ
1436 2448 1558 2482 ἐφόλκιον
1575 2448 1608 2475 τὸ
1624 2449 1754 2476 ἄτακτον
1774 2449 1863 2484 ὲξόρμ

1077 2502 1138 2521 στον
1155 2493 1293 2526 παντελῶς
1307 2493 1395 2521 τοῦτο.
1418 2495 1513 2521 Ὁπότε
1525 2495 1579 2531 γὰρ
1597 2495 1633 2530 μὴ
1647 2495 1755 2531 κίνησις
1766 2517 1773 2529 ,
1791 2495 1863 2522 εικό-

1075 2549 1129 2572 τως
1146 2540 1178 2567 ἆν
1190 2540 1304 2574 λέγοιτο.
1319 2541 1365 2572 Τίς
1380 2541 1408 2567 δὲ
1424 2542 1470 2568 καὶ
1484 2542 1538 2569 τῶν
1548 2542 1681 2578 κινήσεων
1693 2543 1710 2578 ἡ
1722 2541 1790 2577 ὕλης
1807 2542 1862 2569 Πύ-

1075 2593 1152 2621 τερον
1171 2585 1187 2620 ὴ
1203 2585 1263 2612 κατ’
1276 2585 1396 2617 εὐθεῖαν,
1408 2586 1424 2620 ἢ
1435 2587 1452 2622 ὴ
1466 2586 1699 2623 κυκλοφορητική-
1722 2587 1738 2623 ἦ
1761 2588 1778 2623 ἡ
1801 2589 1867 2614 κατ’

1071 2630 1221 2661 ἀλλοίωσιν,
1236 2631 1252 2665 ἢ
1265 2631 1282 2666 ὴ
1294 2631 1364 2657 κατὰ
1381 2631 1487 2665 γένεσιν
1500 2632 1546 2658 καὶ
1562 2631 1632 2659 κατὰ
1647 2632 1750 2668 φθορὰν
1764 2641 1772 2665 ;
1791 2632 1860 2659 Ἀλλ’

1072 2678 1089 2712 ἡ
1111 2677 1158 2711 μὲν
1171 2676 1388 2713 κυκλοφορητικὴ
1403 2677 1473 2704 οὕτω
1486 2679 1596 2713 κοσμία,
1609 2679 1679 2706 ὥστε
1687 2680 1720 2714 τῇ
1734 2679 1784 2706 τοῦ
1795 2689 1863 2706 παν-

1071 2721 1116 2752 τὸς
1139 2721 1296 2748 ἀποδέδοται
1312 2722 1397 2753 τάξει.
1419 2723 1457 2749 Οὖ
1480 2723 1550 2750 κατὰ
1569 2723 1680 2756 τούτους
1703 2724 1732 2751 δὲ
1757 2725 1862 2761 ταύτην

1073 2767 1222 2797 αἰτιᾶσθαι,
1239 2768 1268 2793 ἐν
1314 2768 1327 2794 ὁ
1343 2767 1417 2802 ἥλιος
1444 2769 1490 2795 καὶ
1513 2770 1529 2804 ἡ
1555 2769 1667 2805 σελήνη,
1692 2769 1740 2801 οὓς
1762 2770 1860 2806 μόνους

1075 2813 1143 2839 θεῶν
1160 2812 1289 2840 αἰδεῖσθαί
1312 2821 1405 2847 φασιν·
1432 2814 1499 2841 ἀλλὰ
1512 2815 1560 2849 τὴν
1577 2815 1620 2841 ἐπ’
1638 2815 1744 2848 εὐθείας
1758 2824 1765 2831 ·
1793 2815 1862 2844 ἀλλὰ
