1909 3069
33 116 74 145 421

475 106 681 136 TRACTATUS
699 105 743 133 DE
762 102 918 132 PLACITIS
935 100 1213 130 MANICHIEORUM.

1599 97 1652 125 422

33 177 76 205 καὶ
97 172 185 210 ταύτῃ
207 172 297 208 πέρας
307 165 397 203 ἐστὶν,
414 171 431 206 ἡ
451 169 498 196 τοῦ
523 169 588 195 ἰδίου
612 167 693 194 τόπου
719 165 816 197 τεῦξις.
832 170 850 198 Α

887 162 945 189 olos
957 161 1070 189 deorum
1082 159 1210 187 venerari
1227 158 1312 186 aiunt.
1326 157 1378 185 Sed
1392 157 1438 192 qui
1451 161 1554 184 rectus.
1570 156 1652 192 Atqui

33 223 119 256 Πάντη
130 209 186 254 γὰρ
198 219 230 245 τδ
240 219 337 254 γήϊνον
350 216 486 243 πέπαυται
498 213 664 248 κινούμενον,
679 211 716 238 ὅτ’
728 210 760 236 ἂν
769 209 820 244 γῆς

34 267 193 302 ἐπιλάϐηται
203 274 210 280 '
225 265 282 291 πᾶν
294 264 323 290 δὲ
336 263 405 295 ζῶον
420 261 467 288 καὶ
480 259 561 294 φυτὸν
578 257 769 292 αὐξανόμενον,
781 253 819 281 ὅτ’

35 317 67 342 ἂν
81 313 125 341 τοῦ
146 312 213 340 ίδίου
236 312 302 346 ὅρου
325 310 460 344 ἐφίκηται.
479 308 559 333 Ὥστε
576 307 592 341 ἡ
611 305 711 331 τούτων
729 302 820 332 στάσις

35 359 214 394 εὐλογώτερος
231 357 264 384 ἂν
280 356 394 386 θάνατος
409 354 512 389 γένοιτο
522 354 554 388 τῇ
575 351 625 387 ὕλῃ
639 351 655 385 ὴ
672 350 716 376 ὑπ’
731 346 820 374 αὐτῶν

35 391 132 441 ταύτης
145 391 305 438 πλεκομένη
325 402 455 436 ἀνήνυτος
470 398 591 432 τελευτή.
618 396 673 431 Τὴν
699 394 727 420 δὲ
751 391 821 419 κατὰ

37 454 136 489 γένεσιν
154 451 204 478 καὶ
222 449 326 485 φθορὰν
351 447 410 474 οὐδὲ
427 446 567 480 ἐπινοῆσαι
580 440 634 469 οἷόν
653 450 683 468 τε
704 441 737 475 τῇ
755 439 820 465 ὐπο-

38 500 105 526 θέσει
138 496 229 532 ταύτῃ
258 495 464 530 προσήκουσαν”
497 490 628 525 ἀγένητος
650 487 704 522 γὰρ
730 486 820 517 αὐτοῖς

39 547 105 572 ἐστιν
128 545 146 579 ἡ
163 542 226 577 ὖλη.
248 541 280 568 Εἰ
305 540 332 566 δέ
352 548 383 573 γε
402 538 450 573 τὴν
469 536 538 564 κατὰ
557 535 696 562 ἀλλοίωσιν
716 532 821 566 κίνησιν

40 590 223 620 ἀποδώσουσιν
251 587 319 622 αὐτῇ
341 584 464 620 (δοκοῦσι
482 583 535 618 γὰρ
557 581 674 617 μάλιστα
689 579 766 605 τοῦτο
779 577 823 603 λέ-

41 647 106 672 γειν,
129 636 195 663 ἐπεὶ
206 635 250 662 διὰ
268 634 317 669 τῆς
331 632 395 668 ὕλης
409 631 455 658 καὶ
472 628 621 666 μεταϐολὰς
640 626 713 662 ἠθῶν
729 625 776 652 καὶ
794 625 822 650 ἐν

40 686 69 720 τῇ
85 684 160 718 ψυχῇ
175 682 275 712 κακίας
291 677 360 706 εἶναι
370 679 493 712 λέγουσιν
543 675 651 701 σκοπεῖν
667 673 739 704 ἄξιον
749 671 822 701 ὅπως

182 727 272 754 ταῦτά
287 734 378 761 φασιν.
411 721 563 750 Ἀλλοιοῦσα
582 720 636 756 γὰρ
657 717 740 753 αὐτὴν
753 736 761 748 ,
781 716 824 742 ἀεὶ

41 776 148 812 ἄρξεται
166 774 214 800 ἀπ’
238 772 339 808 ἀρχῆς·
355 769 463 797 καὶτοῦ
481 767 561 803 μέσου
579 763 709 801 προϊοῦσα
728 762 823 797 ἐπιλή-

41 822 128 856 ψεται,
142 820 191 847 καὶ
204 820 245 849 εἰς
259 818 289 843 τὸ
302 816 377 847 τέλος
391 814 476 845 οὕτως
491 812 625 847 ἀφίξεται.
654 810 722 836 Ἀλλ’
736 809 775 839 εἰς
794 807 824 834 τὸ

870 207 933 234 huic
947 213 1056 241 quoque
1072 205 1205 232 terminus
1223 207 1275 237 est,
1293 202 1365 238 quod
1380 203 1468 229 locum
1490 210 1569 229 suum
1586 210 1652 229 con-

870 256 1010 287 sequatur.
1026 250 1144 277 Prorsus
1161 249 1232 276 enim
1247 248 1317 282 quod
1327 251 1463 274 terrenum
1482 251 1532 277 est.
1546 254 1560 273 a
1578 251 1652 273 motu

870 300 960 324 cessat
974 295 1018 322 ubi
1041 299 1143 322 terram
1165 293 1293 327 attigerit.
1311 292 1396 319 Omne
1419 299 1484 318 vero
1508 292 1608 318 animal
1626 296 1654 318 et

871 343 961 377 planta
974 340 1115 368 crescendi
1134 339 1214 366 ﬁnem
1235 339 1308 369 facit,
1323 345 1384 364 eum
1402 338 1548 364 terminum
1572 345 1653 364 suum

870 391 995 415 assecuta
1012 385 1124 412 fuerint.
1141 384 1323 418 Quamobrem
1338 384 1446 410 illorum
1463 384 1550 418 quies,
1567 384 1654 410 ratio-

870 433 989 460 nabilius
1003 438 1076 458 mors
1093 430 1216 457 materia:
1232 429 1329 461 fuerit,
1347 436 1427 464 quam
1444 437 1504 463 qua:
1533 429 1566 455 ab
1588 428 1654 463 ipsis

871 479 930 514 ejus
942 485 1015 505 mors
1029 477 1104 504 nullo
1119 476 1251 511 explenda
1263 476 1336 502 exitu
1346 476 1457 502 texitur.
1471 474 1557 501 Motus
1564 480 1653 501 autem

872 523 1056 560 generationis
1072 527 1098 550 et
1106 522 1299 557 corruptionis,
1317 529 1351 548 ne
1362 521 1473 554 intelligi
1490 520 1596 555 quidem
1605 527 1654 554 po-

873 574 935 602 test,
954 570 1016 596 huic
1039 572 1119 604 aptus
1137 572 1298 603 argumento
1313 576 1321 600 ;
1338 568 1438 602 quippe
1455 575 1515 592 cum
1531 566 1655 597 materia,

873 616 927 643 illis
940 615 1057 650 ingenita
1074 615 1120 642 sit.
1138 614 1185 641 Sin
1207 619 1296 640 autem
1319 617 1420 639 motum
1436 612 1614 643 alterationis,
1628 615 1658 639 ut

872 666 980 695 vocant,
996 668 1021 690 et
1031 670 1084 696 quo
1099 661 1228 697 qualitate
1241 667 1350 687 sensum
1364 660 1496 686 alliciente
1508 662 1657 690 mutamur,

873 709 910 736 illi
936 708 1112 743 ascripserint
1138 707 1212 741 (hoc
1226 705 1298 733 enim
1323 705 1439 732 maxime
1461 705 1551 732 dicere
1565 704 1658 731 viden-

875 759 927 786 tur,
943 753 1044 780 idcirco
1060 752 1189 780 nimirum
1203 751 1274 786 quod
1286 759 1333 785 per
1349 750 1489 777 materiam
1505 749 1585 777 etiam
1598 757 1659 775 mnu

873 800 926 826 tari
944 806 1044 830 mores.
1062 801 1088 824 et
1103 797 1131 824 in
1145 798 1235 824 animo
1247 797 1342 822 vitium
1358 795 1461 822 versari
1474 795 1579 828 (licunt)
1592 801 1657 829 ope-

61 840 128 852 -.-.,
144 840 243 849 .....-.,
264 840 288 843 --
307 840 376 847 _____,
396 840 402 842 ν
467 840 475 845 _
516 840 521 847 _
547 840 555 845 _

42 840 113 898 like;
125 864 281 900 ἀφικομένη
295 863 324 889 οὺ
338 862 473 896 στήσεται,
483 858 509 885 εἴ
520 867 551 892 γε
564 856 641 883 οὐσία
654 855 726 881 ἐστὶν
740 852 823 887 αὐτῆς
840 847 850 874 1

887 853 913 872 'a:
922 845 1037 880 pretium
1053 844 1089 870 sit
1101 847 1131 870 ut
1141 842 1330 877 dispiciamus,
1348 848 1464 876 quonam
1483 840 1590 866 tandem
1606 847 1659 866 mi)

887 893 892 900 ι
944 893 960 900 ,1
1029 891 1035 900 ι
1077 898 1082 900 Α
1106 891 1127 900 1.
1143 895 1252 900 νηᾼγι..-
1289 888 1346 900 1...,,.
1372 895 1487 900 »αμα-..Α
1509 887 1647 900 λΙΙ....η.ιᾹΛ

41 915 57 947 1';
73 897 232 942 ἀλλοίοισις·
251 897 318 936 ἀλλὰ
334 908 413 935 πάλιν
432 903 586 939 ἀνακάμψει
607 902 651 929 διὰ
672 901 723 927 τῶν
737 897 825 925 αὐτῶν

43 958 87 985 ἐπὶ
110 958 162 992 τὴν
177 955 275 992 ἀρχὴν,
301 954 347 981 καὶ
362 953 460 988 ὁμοίως
476 950 597 977 ἐντεῦθεν
619 948 664 974 ἐπί
687 947 716 973 τὸ
734 945 824 976 τέλος⁹

44 1005 87 1031 καὶ
97 1003 196 1030 abi-.012
211 1001 288 1027 τοῦτο
302 1000 415 1026 ποιοῦσα
430 997 571 1024 παύσεται.
583 992 643 1021 Οἷον
659 994 682 1020 εί
696 992 825 1018 ἀλλοιοῖτο

45 1052 87 1085 na
102 1059 130 1084 τ,
145 1049 228 1084 μέσον
237 1047 265 1074 δὲ
274 1046 304 1072 τὸ
318 1045 371 1072 ἀπὸ
388 1045 436 1080 μὲν
449 1043 494 1070 τοῦ
504 1042 527 1074 ,β
536 1051 542 1057 ·
554 1049 574 1067 α
586 1042 603 1076 ὴ
617 1037 750 1075 μεταϐολὴ
763 1036 826 1071 ἀφί-

46 1083 115 1128 ξεται
131 1083 178 1121 ἐπὶ
187 1094 218 1120 τὸ
230 1094 264 1125 β,
280 1092 327 1119 καὶ
339 1090 442 1118 ἐκεῖθεν
455 1089 501 1115 ἐπὶ
519 1087 548 1114 τὸ
571 1096 598 1121 τ.
621 1085 704 1111 Πάλιν
727 1083 826 1114 τοίνυν,

45 1127 97 1168 ἀπὸ
108 1140 156 1167 τοῦ
173 1139 258 1175 ἄκρου
269 1138 316 1164 τοῦ
330 1147 349 1172 τ
362 1137 407 1163 ἐπὶ
421 1135 450 1161 τὸ
461 1135 484 1167 β
496 1133 719 1167 ἀνακάμπτουσα,
736 1127 829 1162 ἀφίξεα

47 1188 89 1213 ταί
106 1194 171 1212 ποτε
203 1185 249 1211 ἐπὶ
274 1183 305 1210 τὸ
332 1191 365 1208 α·
396 1181 443 1208 καὶ¹
467 1179 547 1206 τοῦτο
573 1178 647 1203 ἔσται
674 1173 828 1205 διαπαντός.

49 1233 152 1267 Ὠσπερ
166 1229 222 1257 ἀπὺ
243 1229 290 1255 τοῦ
315 1227 426 1264 μέλανος
449 1227 465 1261 ἠ
489 1222 633 1260 μεταϐολὴ,
663 1220 743 1256 μέσον
757 1218 785 1244 δὲ
800 1218 830 1244 τὸ

49 1263 141 1312 quam.
153 1276 200 1302 καὶ
216 1276 299 1311 ἄκρον
311 1274 342 1300 τὸ
354 1273 458 1300 λευκόν.
479 1270 562 1297 Πάλιν
578 1268 605 1294 δὲ
625 1265 757 1294 ἀνάπαλιν
775 1263 830 1291 ἀπὸ

50 1310 140 1348 τούτου
156 1321 202 1348 ἐπὶ
217 1321 248 1346 τὸ
259 1319 348 1353 φαιδν,
364 1318 410 1344 καὶ
421 1316 519 1352 ὁμοίως
531 1314 576 1341 ἐπὶ
588 1313 617 1340 τδ
633 1312 714 1347 μέλαν
725 1319 732 1326 ·
750 1310 830 1336 πάλιν

51 1368 77 1394 δὲ
94 1367 147 1394 ἀπὸ
171 1365 219 1392 τοῦ
242 1352 339 1392 λευκοῦ
356 1364 373 1398 ὴ
387 1360 522 1397 ἀρχὴτῆς
543 1355 748 1389 ἀλλοιώσεως,ἠ
764 1352 832 1388 αὑτὴ

51 1412 140 1447 tam;
157 1412 219 1447 ηδη-
749 1404 753 1408 ’

53 1462 124 1488 hum.
141 1441 262 1487 Rbrsum
289 1466 304 1486 e
333 1457 480 1488 contrario,
497 1454 530 1480 ab
547 1452 608 1479 albo
625 1450 658 1478 ad
673 1448 789 1485 pullum,
805 1453 837 1473 ac
855 1445 981 1472 similiter
1002 1441 1036 1469 ad
1051 1442 1159 1476 nigrum
1185 1449 1193 1466 :

52 1510 95 1537 nis
108 1508 262 1540 exordium,
275 1507 400 1540 idemque
409 1505 465 1539 jam
483 1503 683 1536 argumentum.

877 893 912 920 do
927 893 1006 919 etiam
1029 891 1086 918 haec
1106 891 1263 925 loquantur.
1288 888 1348 923 ipsa
1371 895 1488 922 namque
1508 887 1661 920 alterandn,

877 945 986 974 semper
999 945 1013 964 a
1030 937 1166 972 principio
1182 937 1262 963 ducet
1276 934 1438 966 exordium;
1456 932 1662 968 procedenSque

876 984 994 1010 medium
1005 982 1128 1016 attinget,
1141 981 1222 1015 inque
1237 987 1297 1007 eum
1313 979 1422 1005 modum
1437 978 1517 1004 ﬁnem
1531 985 1662 1012 asseque—

875 1033 930 1056 tur.
951 1028 1096 1055 Enimvero
1112 1034 1172 1053 cum
1189 1025 1221 1052 ad
1239 1025 1317 1052 ﬁnem
1336 1024 1500 1059 pervenerit,
1525 1031 1579 1049 non
1601 1031 1657 1057 qui-

879 1076 964 1104 escet,
992 1071 1126 1107 siquidem
1153 1069 1278 1097 alteratio
1299 1069 1359 1102 ejus
1380 1068 1498 1094 essentia
1520 1072 1561 1094 est
1579 1076 1586 1100 ;
1613 1068 1661 1094 sed

879 1126 976 1147 rursus
991 1125 1038 1153 per
1061 1116 1153 1144 eadem
1171 1115 1283 1142 ﬂectens
1294 1135 1301 1147 ,
1317 1115 1350 1141 ad
1365 1113 1527 1148 principium
1544 1116 1663 1139 reverte-

881 1169 937 1198 tur,
961 1164 1023 1192 inde
1046 1162 1170 1191 similiter
1183 1162 1216 1188 ad
1237 1161 1337 1188 linem:
1354 1168 1405 1187 nec
1430 1160 1480 1186 hoc
1507 1159 1596 1186 facere
1613 1166 1665 1185 un-

882 1219 964 1247 quam
982 1210 1112 1238 cessubit.
1139 1208 1218 1235 Velut
1233 1207 1256 1235 si
1271 1207 1446 1234 altercntura
1462 1210 1488 1232 et
1504 1213 1527 1236 ε,
1546 1204 1664 1231 medium

882 1263 973 1286 autem
998 1257 1033 1284 sit
1047 1257 1081 1288 l1;
1099 1256 1213 1283 mutatio
1230 1263 1246 1281 a
1263 1257 1289 1281 et
1304 1255 1317 1280 b
1330 1252 1477 1289 perveniet,
1495 1255 1577 1286 atque
1600 1250 1666 1276 hinc

883 1305 917 1332 ad
927 1313 950 1332 ο.
963 1303 1069 1330 Rursus
1081 1302 1162 1336 igitur
1171 1301 1204 1326 ab
1217 1303 1339 1326 extremo
1353 1306 1367 1324 c
1381 1297 1414 1324 ad
1428 1297 1442 1322 b
1451 1296 1572 1328 ﬂectens,
1582 1302 1668 1330 quan-

884 1351 973 1385 doque
987 1358 1004 1376 a
1019 1351 1179 1382 assequetur
1195 1355 1202 1372 :
1218 1345 1324 1379 eritque
1343 1344 1393 1369 hoc
1406 1343 1544 1370 continue.
1558 1340 1637 1368 Velut
1649 1347 1666 1367 a

885 1397 964 1431 nigro
984 1394 1098 1422 mutatio
1115 1402 1122 1426 ;
1151 1391 1280 1422 medium,
1301 1389 1423 1425 pullum;
1447 1392 1609 1419 extremum,
1629 1386 1670 1412 al-

1223 1445 1374 1479 rursusque
1393 1436 1427 1463 ab
1454 1435 1516 1463 albo
1532 1433 1671 1462 alteratio‘

473 1560 538 1587 Car.
553 1558 621 1586 Vill.
635 1557 677 1584 An
687 1554 798 1583 materia
811 1548 952 1584 maleﬁca?
970 1546 1006 1572 De
1019 1545 1072 1572 Deo
1087 1548 1111 1570 et
1125 1541 1248 1569 materia.

86 1627 155 1656 Κατ’
175 1624 317 1652 ἀλλοίωσιν
348 1620 493 1651 κακοποιὸς
516 1619 589 1646 αἰτία
619 1616 692 1643 ἐστὶν
723 1616 741 1651 ἡ
769 1613 838 1648 mn;

55 1675 90 1701 Οὔ
105 1672 207 1709 μᾶλλόν
223 1679 249 1697 τι
263 1668 410 1699 κακοποιὸς
433 1667 449 1702 ἣ
466 1663 638 1700 ἁγαθοποιὺς,
651 1662 724 1693 ,οὕτω
742 1669 773 1695 γε
784 1659 837 1686 δεί-

56 1704 158 1746 κνυται.
176 1718 267 1744 Ἔστω
283 1715 338 1751 γὰρ
354 1715 370 1750 ή
388 1712 458 1748 ἀρχὴ
473 1712 522 1746 τῆς
539 1709 706 1739 ἀλλοιώσεως
723 1706 776 1733 ἀπὸ
792 1704 838 1732 τοῦ

57 1765 151 1792 κακοῦ.
164 1762 268 1790 Οὐκοῦν
283 1761 368 1791 οὕτως
385 1759 437 1785 ἀπὸ
451 1757 544 1784 τούτου
559 1755 603 1782 διὰ
619 1754 672 1781 τῶν
687 1752 839 1787 ἀδιαφόρων

58 1812 101 1837 ἐπὶ
122 1810 152 1836 τὸ
172 1807 274 1843 ἀγαθὸν
290 1808 307 1843 ἡ
331 1805 480 1835 ἀλλοίωσις.
504 1802 572 1828 Ἀλλ’
593 1801 645 1827 ἀπὸ
660 1799 705 1826 τοῦ
727 1796 838 1832 ἀγαθοῦ.

58 1856 140 1883 Πάλιν
163 1855 254 1881 τοίνυν
270 1853 314 1879 διὰ
335 1851 388 1878 τῶν
413 1849 564 1884 ἀδιαφόρων
586 1849 602 1883 ἡ
619 1846 700 1882 ἀρχή.
724 1844 780 1871 Εἶτ’
795 1843 841 1869 ἐπὶ

57 1901 113 1927 τόδε
127 1900 157 1926 τὸ
170 1901 255 1935 ἄκρον
270 1898 318 1925 εἴτ’
338 1897 383 1923 ἐπὶ
394 1896 424 1923 τὸ
445 1895 536 1930 ἕτερον
556 1894 574 1928 ὴ
590 1892 705 1927 κίνησις,
724 1891 739 1916 ὁ
761 1889 841 1920 αὐτὸς

58 1948 150 1981 λόγος’
168 1945 256 1972 ταῦτα
275 1944 306 1970 ὲκ
321 1941 477 1978 περιουσίας
495 1939 614 1973 λέγεται.

91 2039 172 2065 Πᾶσα
189 2037 237 2072 μὲν
253 2034 308 2070 γὰρ
324 2034 429 2068 κίνησις
444 2031 509 2066 περὶ
529 2030 559 2056 τὸ
576 2028 674 2056 ποσόν⁶
700 2026 797 2058 κακίας
815 2025 843 2051 δὲ

60 2083 104 2110 καί
118 2070 219 2118 ἀρετῆς
227 2079 338 2116 ἡγεμών
352 2077 450 2112 ἐστινὴ
460 2075 578 2110 ποιότης.
594 2073 687 2100 Ταῦτα
700 2073 727 2098 δὲ
741 2072 783 2098 ὅτι
797 2070 843 2097 καὶ

60 2130 97 2165 τῷ
109 2116 184 2163 γένει
199 2127 350 2162 διώρισται,
369 2123 457 2159 ἴσμεν.
475 2122 593 2157 Πότερον
607 2120 635 2146 δὲ
657 2119 735 2154 μόνον
750 2117 763 2144 ὁ
779 2116 845 2148 Θεὸς

61 2161 135 2208 καὶῆ
152 2173 203 2207 ὕλη
217 2161 290 2198 ἐστὶν
307 2170 398 2206 ἀρχαὶ,
411 2170 428 2205 ἦ
441 2177 467 2194 τι
482 2168 573 2202 ἓτερον
589 2165 740 2195 ἀπολείπει,
754 2163 768 2189 ὃ
782 2161 844 2188 τού-

61 2229 112 2246 των
126 2206 202 2245 eam
215 2217 243 2243 ὲν
260 2215 352 2252 μέσῳ;
367 2214 397 2240 Ei
417 2213 465 2248 μὲν
479 2211 532 2246 γὰρ
554 2209 634 2245 μηδέν
646 2209 729 2238 ἐστιν,
743 2206 846 2240 ἄμικτα

62 2265 146 2292 ταῦτα
160 2262 338 2290 ὑπολείπεται
359 2259 425 2295 πρὸς
442 2256 528 2284 αὑτά·
545 2255 634 2286 καλῶς
653 2253 707 2289 γὰρ
728 2252 845 2286 λέγεται,

63 2312 112 2342 δτι,
136 2311 181 2336 ἵνα
202 2308 237 2335 τὰ
256 2307 328 2342 ἄκρα
350 2304 441 2340 μιχθῇ,
454 2303 493 2329 δεῖ
506 2302 534 2328 τὶ
546 2299 613 2327 εἷναι
627 2301 654 2326 ὲν
671 2299 755 2335 μέσῳ,
773 2298 846 2328 ὅπως

64 2356 148 2384 ταῦτα
164 2354 261 2389 σννδέῃ
273 2361 279 2368 ·
297 2352 322 2378 εἱ
335 2352 362 2378 δέ
379 2359 404 2378 τι
423 2350 515 2383 ἕτερον
531 2347 657 2382 ὑπάρχει,
675 2345 780 2378 ἀνάγκη
797 2343 849 2369 πά-

66 2403 105 2430 λιν
124 2400 193 2428 εἶναι
213 2401 231 2436 ἢ
254 2392 397 2434 ἀσώματον
418 2396 435 2432 ἢ
457 2395 552 2430 σῶμ-α’
568 2393 638 2420 ὥστε
659 2391 754 2427 τριττὴ
779 2388 849 2425 ἀρχὴ

68 2447 215 2478 ὲπεισόδιος
231 2445 353 2480 γέγονεν.

102 2539 238 2575 Πρότερον
256 2536 285 2562 δὲ
305 2535 330 2562 εί
352 2534 420 2566 ὅλως
435 2534 450 2559 ὸ
464 2531 529 2563 Θεὸς
549 2531 595 2558 καὶ¹
616 2531 633 2565 ἡ
654 2528 703 2564 ὒλη
717 2526 849 2562 ἀσώματα

70 2571 199 2622 ἑκάτερα,
221 2583 361 2617 οὐδέτερον
385 2581 414 2607 ὲν
437 2577 578 2612 οὐδετέρῳ,
605 2575 674 2610 πλὴν
700 2575 724 2600 ει
752 2573 789 2608 μὴ
813 2571 850 2603 ὼς

71 2617 249 2668 γραμματικὴ
264 2629 293 2654 ὲν
306 2627 377 2662 ψυχῇ
388 2634 394 2640 “
409 2624 487 2651 τοῦτο
505 2623 533 2649 δὲ
547 2623 645 2650 ἄτοπον
664 2620 710 2647 ἐπὶ
721 2618 787 2645 Θεοῦ
804 2617 851 2644 καὶ

167 2664 296 2702 ἐπινοεῖν.
310 2672 342 2698 Εἰ
358 2671 386 2698 δὲ
398 2670 436 2702 ὡς
452 2670 480 2695 ἐν
496 2667 576 2702 κενῷ,
598 2665 635 2697 ὥς
647 2673 717 2696 τινες
731 2664 850 2698 λέγουσι,

72 2724 100 2750 τδ
122 2707 200 2750 κενὸν
214 2720 254 2755 τῷ
271 2717 353 2745 παντὶ
373 2713 588 2751 περικεχῶσθαι·
607 2712 637 2738 τὸ
658 2711 750 2746 ἕτερον
772 2707 852 2736 πάλιν

73 2753 267 2795 ἀνυπόστατον.
285 2761 369 2789 Οὐσία
383 2761 437 2796 γὰρ
459 2759 505 2786 τοῦ
529 2757 606 2786 κενοῦ
622 2757 653 2783 τὸ
669 2756 759 2792 μηδέν.
778 2755 809 2781 Ei
825 2753 853 2780 δὲ

72 2814 106 2845 t'o;
126 2809 332 2848 συμϐεϐηκότα,
350 2806 456 2843 πρῶτον
483 2805 532 2840 μὲν
551 2803 680 2830 ἀδύνατον
698 2801 791 2828 τοῦτο·
810 2800 856 2826 οὐ·

75 2860 132 2892 αἴας
163 2845 220 2892 fam
252 2856 353 2889 ἄμοιρα
383 2852 456 2884 ὅντα,
487 2848 604 2883 οὐδαμοῦ
637 2845 705 2876 εἶναι
733 2847 854 2873 δύναται.

854 1613 875 1641 c
925 1605 1038 1633 Materia
1053 1601 1222 1630 aiteralionis
1245 1598 1352 1626 ratiOne
1367 1603 1451 1624 causa
1466 1600 1508 1622 est
1522 1594 1644 1622 maleﬁca
1661 1595 1674 1621 τ

888 1653 949 1682 Non
969 1651 1055 1686 magis
1071 1647 1219 1676 maleficam
1235 1653 1305 1675 esse,
1321 1650 1402 1678 quam
1431 1641 1579 1668 beneficam
1609 1641 1673 1668 inde

890 1699 1030 1734 probatur.
1045 1695 1085 1722 Sit
1102 1694 1174 1722 enim
1189 1690 1359 1718 aiterationis
1376 1688 1540 1723 principium
1558 1694 1573 1712 a
1588 1687 1672 1712 malo.

890 1732 935 1773 Sic
953 1744 1035 1779 igitur
1052 1741 1085 1768 ab
1100 1740 1161 1769 hoc,
1177 1745 1224 1772 per
1236 1743 1268 1763 ea
1281 1742 1341 1770 qua:
1364 1733 1446 1761 medii
1463 1732 1570 1768 generis
1598 1735 1674 1764 sunt,

891 1791 1015 1818 alteratio
1031 1792 1072 1815 est
1091 1786 1124 1813 ad
1149 1785 1263 1812 bonum.
1285 1781 1382 1809 Verum
1399 1784 1458 1807 esto
1473 1787 1487 1805 a
1505 1779 1586 1806 bono.
1603 1777 1678 1804 Rur-

891 1845 938 1865 sus
956 1836 1036 1870 igitur
1052 1841 1098 1868 per
1108 1839 1138 1859 ea
1159 1838 1218 1865 quae
1234 1827 1314 1855 medii
1334 1826 1440 1861 generis
1453 1829 1526 1855 sunt,
1543 1828 1584 1851 est
1599 1824 1675 1857 priu-

892 1883 1003 1917 cipium.
1019 1879 1081 1906 Sive
1096 1877 1129 1904 ad
1145 1883 1229 1904 unum
1246 1878 1410 1903 extremum,
1432 1872 1489 1899 sive
1508 1870 1540 1897 ad
1558 1871 1675 1896 alterum

893 1929 927 1955 sit
945 1931 1044 1956 motus,
1069 1923 1165 1951 eadem
1180 1926 1221 1948 est
1237 1919 1305 1947 ratio
1323 1927 1331 1951 ;
1357 1922 1438 1952 atque
1463 1916 1520 1943 haec
1536 1923 1568 1942 ex
1589 1915 1678 1942 abun-

893 1973 968 2001 danti
982 1972 1121 1998 dicuntur.

929 2016 1024 2045 Omnis
1040 2017 1129 2041 motus
1140 2011 1213 2038 circa
1230 2008 1410 2044 quantitatem
1425 2009 1569 2033 versatur:
1594 2011 1677 2040 porro

894 2062 1010 2098 qualitas
1024 2059 1081 2086 vitii
1098 2058 1153 2085 dux
1176 2064 1208 2082 ac
1225 2055 1335 2082 virtutis
1358 2052 1476 2080 exsistit.
1494 2051 1603 2078 Scimus
1630 2057 1678 2076 au-

894 2094 949 2135 tem
970 2107 1028 2133 hac
1048 2105 1128 2132 etiam
1146 2108 1244 2137 genere
1270 2098 1411 2133 distingui.
1430 2097 1500 2124 Num
1520 2102 1585 2123 vero
1608 2094 1679 2122 υνιιε

895 2153 1026 2180 duntaxat
1042 2149 1210 2182 materiaque
1234 2144 1392 2181 principia;
1424 2151 1458 2169 an
1483 2141 1584 2176 aliquid
1604 2139 1679 2167 aliud

897 2201 1031 2234 superest,
1047 2195 1119 2230 quod
1133 2194 1229 2220 horum
1247 2191 1366 2218 medium
1380 2189 1495 2216 exsistat
1509 2188 1520 2214 Ἰ
1539 2187 1679 2221 Siquidem

898 2249 988 2273 autem
1006 2243 1072 2270 nihil
1087 2245 1137 2273 est,
1154 2241 1264 2266 manent
1289 2237 1347 2264 haec
1364 2236 1435 2262 inter
1449 2242 1478 2262 se
1493 2233 1679 2261 ineommista.

861 2290 884 2318 D
899 2292 980 2319 Recte
990 2289 1060 2317 enim
1070 2287 1170 2314 dicitur
1185 2294 1192 2313 :
1209 2284 1231 2312 si
1243 2283 1351 2318 quidem
1367 2286 1488 2309 extrema
1503 2280 1682 2313 misceantur,

897 2343 1010 2365 necesse
1025 2337 1066 2362 est
1083 2339 1143 2360 esse
1158 2328 1259 2365 aliquid
1278 2329 1304 2355 in
1319 2327 1418 2359 medio,
1431 2326 1502 2361 quod
1520 2326 1564 2352 illa
1581 2332 1682 2351 conne-

897 2387 961 2411 ctat.
982 2381 1030 2408 Sin
1059 2382 1147 2405 autem
1163 2375 1236 2403 aliud
1252 2373 1318 2410 quid
1345 2373 1462 2404 exsistit,
1485 2378 1597 2398 necesse
1623 2378 1683 2397 rurc

862 2429 867 2432 ’
897 2437 945 2457 sus
962 2431 1005 2454 aut
1024 2427 1214 2459 incorporeum
1233 2424 1279 2447 aut
1294 2426 1393 2454 corpus
1407 2424 1488 2450 esse;
1516 2421 1598 2451 atque
1613 2415 1682 2442 adeo

897 2475 1009 2502 tertium
1020 2471 1195 2499 adventitium
1209 2465 1372 2503 principium
1384 2463 1504 2491 emersit.

937 2521 1058 2548 Primum
1080 2519 1172 2552 itaque
1187 2515 1210 2542 si
1237 2513 1307 2541 Deus
1321 2516 1348 2539 et
1359 2509 1472 2538 materia
1483 2508 1561 2535 ambo
1570 2513 1684 2542 prorsus

904 2568 1062 2601 incorporea
1077 2573 1084 2598 ;
1109 2566 1237 2590 neutrum
1252 2560 1280 2586 in
1300 2558 1395 2587 altero.
1421 2560 1598 2590 praeterquam
1611 2551 1683 2587 quod

904 2614 976 2641 sicut
991 2609 1167 2646 grammatica
1179 2609 1221 2633 est
1238 2605 1266 2631 in
1281 2603 1382 2631 anima.
1395 2601 1452 2628 Hoc
1468 2603 1557 2627 autem
1579 2599 1607 2625 in
1629 2597 1684 2624 Deo

906 2663 932 2686 et
946 2645 1059 2685 materia
1076 2653 1236 2686 intelligere,
1267 2648 1414 2676 absurdum
1431 2651 1483 2674 est.
1509 2645 1536 2672 Si
1552 2649 1639 2671 autem
1655 2645 1685 2668 ut

907 2705 934 2732 in
945 2709 1041 2733 vacuo,
1057 2704 1086 2727 ut
1110 2698 1220 2734 quidam
1243 2696 1404 2729 loquuntur,
1426 2699 1541 2719 vacuum
1558 2690 1686 2717 universo

906 2749 970 2777 huic
986 2744 1180 2775 circumfusum
1198 2748 1273 2774 esse;
1290 2739 1404 2766 alterum
1422 2745 1518 2764 rursus
1533 2735 1686 2763 substantia

908 2798 994 2823 caret.
1011 2791 1096 2819 Vacui
1112 2791 1182 2828 enim
1200 2785 1355 2815 substantia
1378 2783 1446 2811 nihil
1463 2786 1515 2809 est.
1531 2781 1578 2808 Sin
1596 2783 1687 2806 autem

910 2845 939 2869 ut
956 2837 1119 2870 accidentia,
1130 2825 1259 2871 primum
1281 2830 1390 2867 quidem
1408 2836 1439 2857 ea
1454 2835 1497 2856 res
1511 2825 1689 2862 impossibilia
