1909 3069
227 91 297 135 ηδ’
717 102 916 135 ALEXAND!“
936 106 979 134 EP

1109 102 1362 136 LYCOPOLITANI
1798 108 1855 137 ὗεν)

228 170 281 194 est.
298 164 363 199 Qum
376 164 448 192 enim
459 164 725 196 substantiacarent.
742 165 816 192 nullo
828 172 943 200 usquam
952 165 982 191 loi

1101 174 1176 201 χημα
1190 165 1244 201 γὰρ
1255 165 1347 202 ὥσπερ
1360 165 1434 193 ἐστὶν
1447 155 1665 202 ὐποσεὸλημένον
1677 165 1735 197 τοῖς
1747 166 1854 200 ωμὸεδ

226 215 340 247 possunt
352 219 422 238 esse.
440 210 488 238 Est
503 211 575 238 enim
590 211 742 238 substantia
759 211 837 246 quasi
852 210 979 238 velliculu

1101 211 1175 238 κόσιν
1191 212 1208 246 ἡ
1224 211 1311 238 οὐσία.
1331 211 1365 238 El
1375 220 1405 238 τε
1427 211 1540 246 σώματα
1562 211 1690 247 ἑκάτερα,
1707 212 1819 246 ἀνάγκη
1835 212 1851 247 ἢ

225 256 413 284 accidentibus
427 256 560 291 subjecta.
576 255 654 289 Quod
676 257 699 284 si
718 257 798 284 ambo
820 264 946 291 corpora,
963 264 979 283 n

1100 263 1146 290 quo
1163 255 1247 291 βαρέα
1262 253 1339 287 εἶναι,
1355 256 1371 290 ἥ
1387 256 1470 291 ἄμφω
1485 256 1581 290 κοῦφα,
1598 256 1614 292 ἢ
1631 256 1710 292 μέσα·
1725 257 1742 291 ἢ
1756 257 1789 282 τὸ
1802 257 1854 292 μὲν

225 311 303 331 cesse
315 307 358 330 est
369 307 486 338 utraque
502 307 549 330 aut
561 303 652 338 gravia
662 311 732 335 esse,
745 306 792 330 aut
803 308 919 338 utraque
929 303 979 330 levi

1099 302 1143 337 "pb,
1159 302 1175 337 ἢ
1193 302 1223 329 τὸ
1236 302 1265 329 δὲ
1287 302 1398 336 κοῦφον,
1416 302 1432 338 ἤ
1449 302 1479 328 τὸ
1493 303 1520 329 δὲ
1539 302 1629 338 μέσον.
1646 301 1709 329 Εἴτε
1726 300 1773 328 οὖν
1787 302 1853 329 ἑκά-

224 354 270 376 ιιυι
283 349 370 376 metlia
382 358 390 383 ;
407 353 455 376 aut
468 350 582 377 alterum
589 349 698 384 quidem
705 357 798 384 grave,
811 350 925 377 alterum
941 349 978 376 16V

1099 357 1128 384 οα
1144 348 1236 384 βαρέα,
1253 343 1383 385 σύμπασα
1397 348 1482 381 οὕτως
1496 349 1601 384 ἀνάγκη
1616 347 1685 375 εἶναι
1701 348 1766 375 τάδε
1779 349 1853 376 αὐτὰ

224 395 296 422 aliud
309 395 438 422 medium.
459 395 521 422 Sive
535 395 618 431 igitur
630 400 746 431 utraque
758 396 862 432 gravia,
875 397 915 424 sic
932 397 974 431 pla

1096 395 1109 421 η).
1123 396 1168 421 ἐπὶ
1180 395 1232 422 τῶν
1245 395 1352 430 κούφων
1367 395 1413 422 καὶ
1426 396 1471 421 ἐπὶ
1483 394 1537 421 τῶν
1553 395 1721 430 μέσων”·εῐτε
1740 395 1850 430 παραλ-

223 449 335 469 necesse
350 446 392 469 est
409 442 467 468 hmc
478 442 572 469 eadem
589 445 616 469 et
629 442 656 468 in
668 442 775 469 levibus
788 450 859 476 esse,
875 446 902 470 et
927 443 956 470 in
976 452 977 455 η

1096 450 1192 473 ττοιτο,
1210 441 1241 468 τὸ
1259 441 1351 477 ἓτερον
1367 441 1474 472 πάντως
1494 439 1541 467 τοῦ
1557 440 1650 476 ἑτέρου
1668 441 1743 467 ἔσται
1760 449 1850 476 κεχω-

222 494 282 520 (ιιισι
300 491 364 514 sunt
381 487 469 515 media
488 497 494 515 :
516 488 573 515 sive
589 488 764 516 dissentanea
782 489 848 520 sint,
861 489 935 516 aliud
951 497 976 516 or

1097 487 1199 522 πμένον.
1216 486 1311 517 Ἄλλος
1326 487 1379 522 γὰρ
1393 485 1432 520 τῷ
1453 486 1542 522 βάρει,
1558 487 1604 512 καὶ
1620 486 1698 519 ἄλλος
1717 486 1757 522 τῷ
1774 487 1851 522 μέσῳ

222 534 288 560 nino
313 537 450 561 secretum
466 534 518 561 erit
533 534 567 560 ab
578 534 642 561 alio.
663 534 753 561 Alium
773 535 845 562 enim
862 535 912 563 sibi
928 543 975 570 gra

1096 532 1158 567 ὶτῷ
1171 532 1263 566 κούφῳ
1277 532 1357 564 τόπος
1369 540 1376 547 ι
1392 532 1430 567 τῷ
1448 532 1496 567 μὲν
1513 532 1566 568 γὰρ
1585 532 1615 558 τὺ
1630 532 1696 564 ἄνω,
1718 532 1757 568 τῷ
1775 533 1804 559 δὲ
1820 533 1850 559 τὶ

222 578 311 606 locum
326 579 457 612 vindicat,
477 584 558 615 atque
573 580 647 607 aliud
661 580 733 615 quod
745 580 863 608 medium
876 585 927 613 est,
935 581 976 608 alii

1097 587 1144 612 τω,
1156 579 1193 614 τῷ
1204 579 1232 605 δὲ
1243 579 1272 605 τὸ
1285 579 1374 614 μέσον.
1385 579 1488 610 Παντὸς
1497 578 1524 605 δὲ
1535 579 1718 614 σφαιροειδοῦς
1732 574 1762 606 τὸ
1773 579 1851 606 κάτω

221 625 288 653 leve.
312 625 365 652 Alii
387 626 516 652 nimirum
540 626 618 653 locus
649 634 758 653 sursum
784 627 931 661 competit;
950 627 975 654 al

1098 635 1142 652 σον
1159 626 1246 653 ἐστίν·
1264 626 1317 653 ἀπὸ
1335 627 1389 661 γὰρ
1402 625 1484 652 αὑτοῦ
1498 625 1567 661 πρὸς
1588 627 1641 653 πᾶν
1655 625 1685 652 τὸ
1708 626 1848 662 μετέωρον

220 670 366 705 deorsum;
385 671 442 703 alii,
470 672 543 706 quod
559 672 613 699 situ
637 673 756 700 medium
778 678 830 700 est.
855 672 920 708 Ejus
944 680 974 701 ve

1096 685 1122 712 ρι
1139 676 1188 711 τῆς
1207 676 1262 703 ἂνω
1279 676 1438 710 ἐπιφανείας
1456 675 1587 702 πάντοθέν
1604 677 1678 702 ὲστιν
1692 677 1708 711 ή
1726 675 1849 702 ἀπόστα-

221 718 293 752 quod
308 718 447 752 sphaerica:
469 718 562 754 ﬁgura:
575 725 627 751 est,
646 719 723 747 locus
748 720 869 752 iniimus,
887 720 975 747 mediu

1092 730 1111 753 ;.
1129 722 1183 748 Καὶ
1199 722 1286 749 πάντα
1302 721 1382 748 πάλιν
1398 721 1433 748 τὰ
1450 721 1534 757 βαρέα
1548 721 1717 756 πανταχόθεν
1732 721 1846 756 φέρεται

220 769 271 793 est.
287 765 327 792 Ab
341 766 388 793 illo
403 767 474 793 enim
487 766 520 793 ad
535 766 626 793 omnia
641 766 791 793 excelsiora
806 766 838 793 ad
849 774 974 801 suprema

1091 766 1101 792 :'
1121 767 1195 794 αὑτό.
1219 767 1263 794 Διὸ
1283 767 1329 794 καὶ
1345 767 1462 802 γέλωτάς
1481 775 1525 802 μοι
1548 767 1664 802 ἐπῆλθεν
1687 760 1845 797 ἀκούσαντι,

220 817 307 844 usque
323 810 494 845 superficiem
512 810 693 846 undequaque
708 814 751 838 est
767 811 909 839 distantia.
929 811 974 839 Cu:

1093 813 1274 849 ικινουμένη
1296 815 1315 848 ἠ
1339 814 1398 848 ὕλη
1422 813 1560 847 ἀτάκτως
1587 813 1683 849 (τοῦτο
1706 813 1762 849 γὰρ
1777 813 1846 848 αὐτῇ

220 861 318 892 ctaque
332 864 428 884 rursus
447 857 549 892 gravia,
570 857 750 892 undequaque
769 857 796 883 in
811 857 899 892 ipsum
918 857 974 884 feru

1096 859 1130 886 τὰ
1146 843 1237 894 φύσιν)
1265 843 1314 893 ὲιέ
1326 843 1447 893 rint-‘10:?
1463 860 1536 887 Θεοῦ
1549 843 1677 894 ’ἀξέίκετο
1692 843 1810 894 [meum

220 906 276 930 tur.
293 902 428 935 Quocirca
444 903 527 930 etiam
542 902 631 930 ridere
647 903 744 934 subiit,
763 903 883 930 audienti
897 913 903 930 :
920 902 974 930 Mal

1005 918 1007 923 ι
1059 905 1091 937 ἐς
1103 904 1165 939 φῶς
1181 903 1231 932 καὶ
1246 904 1395 939 λαμπρὸν,
1416 905 1463 932 καὶ
1480 905 1568 932 πάντα
1582 904 1615 931 τὰ
1635 904 1759 931 τοιαῦτα.

219 950 370 982 riam,dum
382 951 551 986 incomposite
560 956 675 978 movetur
685 960 715 978 ac
725 951 873 979 inordinate
882 952 920 987 (id
930 952 1002 980 enim
1024 953 1064 980 illi
1079 959 1113 981 ex
1126 959 1224 981 natura
1241 954 1292 989 est)
1314 953 1348 980 ad
1361 953 1410 980 Dei
1430 955 1543 981 evasisse
1563 953 1704 989 regionem,
1733 953 1789 980 sive
1811 952 1847 978 ad

219 999 300 1025 lucem
314 1003 337 1025 et
349 999 509 1032 claritatem,
523 1000 638 1035 ejusque
655 1001 764 1036 generis
777 1001 881 1029 omnia.

254 1044 284 1072 Si
308 1048 398 1073 autem
420 1046 493 1073 aliud
519 1054 629 1081 corpus,
649 1045 722 1073 aliud
733 1046 923 1082 incorporeum
937 1051 980 1075 est
997 1055 1003 1075 :

1094 1047 1126 1074 Ei
1141 1042 1168 1075 δὲ
1185 1046 1214 1075 τὸ
1230 1047 1279 1083 μὲν
1300 1047 1388 1083 σῶμα,
1405 1042 1435 1074 τὸ
1452 1042 1479 1074 δὲ
1496 1047 1649 1083 ἀσώματον,
1670 1048 1779 1083 πρῶτον
1797 1048 1844 1083 μὲν

218 1091 334 1125 primum
350 1092 458 1126 quidem
474 1093 545 1127 quod
562 1100 663 1127 corpus
677 1097 729 1124 est,
749 1093 776 1120 in
789 1094 877 1121 solum
904 1095 972 1122 mob‘

1090 1095 1146 1121 ἐστι
1164 1093 1254 1129 σῶμα,
1283 1094 1362 1129 μόνον
1376 1090 1482 1129 κινητόν
1497 1095 1580 1120 ἐστιν·
1594 1094 1687 1120 ἔπειτα
1703 1094 1742 1126 δὲ,
1754 1095 1778 1120 εἰ
1796 1094 1844 1129 μὲν

217 1141 269 1165 est.
278 1137 422 1169 Przcterea,
431 1139 566 1174 siquidem
576 1139 746 1166 incommista
756 1143 820 1166 sunt
830 1147 971 1174 unumquo

1090 1149 1174 1172 ιικτα,
1199 1136 1272 1167 ἐστὶν
1293 1141 1422 1176 ἑκάτερον
1444 1141 1528 1176 χωρὶς
1547 1141 1676 1176 ἑκατέρου
1700 1141 1772 1168 κατὰ
1796 1141 1844 1176 τὴν

217 1191 270 1217 que
284 1191 407 1211 seorsum
420 1184 452 1211 ab
464 1185 550 1212 altero
566 1184 717 1212 secundum
727 1184 863 1219 propriam
876 1189 971 1212 natura

1087 1183 1158 1213 κείαν
1175 1186 1254 1222 φύσιν
1265 1196 1271 1201 ·
1296 1188 1319 1213 εἰ
1335 1187 1363 1213 δὲ
1381 1187 1512 1223 μέμικται
1526 1187 1556 1213 τὸ
1572 1187 1664 1222 ἕτερον
1683 1187 1724 1222 τῷ
1745 1187 1841 1222 ἑτέρῳ,

217 1235 269 1258 est.
287 1230 336 1257 Sin
357 1238 421 1257 vero
447 1230 563 1257 alterum
584 1231 662 1258 alteri
691 1231 866 1258 commistum
882 1235 934 1264 est,
948 1239 971 1266 La

1092 1232 1159 1269 ψυχὴ
1171 1233 1186 1268 ἢ
1199 1233 1261 1265 νοῦς
1275 1233 1291 1269 ῆ
1303 1233 1474 1269 συμϐεϐηκὸς
1490 1233 1524 1260 ἂν
1535 1233 1587 1269 εἴη.
1602 1233 1680 1261 Οὕτω
1692 1234 1748 1270 γὰρ
1764 1233 1846 1269 μόνον

217 1276 317 1308 anima,
347 1280 394 1303 aut
419 1284 496 1303 mens
514 1276 627 1309 fuerint,
645 1281 692 1304 aut
709 1276 848 1304 accidens.
865 1275 911 1304 Sic
928 1277 971 1305 eui

980 1285 1002 1304 ω
1056 1277 1091 1304 τὰ
1108 1278 1241 1314 ἀσώματα.
1253 1281 1309 1311 τοῖς
1325 1279 1432 1315 σώμασι
1448 1279 1563 1315 πάρεστι
1579 1274 1734 1315 μίγνυσθαι.

217 1322 389 1349 solummodo
397 1322 559 1357 incorporea
574 1323 736 1357 corporibus
751 1323 926 1351 commisceri
938 1330 1005 1350 con-

217 1367 307 1403 tingit.

217 1435 282 1464 CAP.
295 1435 341 1463 1X.
362 1435 483 1463 Ridicule
498 1435 707 1462 Manichaorum
722 1437 841 1463 materia:
854 1437 883 1462 in
897 1435 980 1463 Deum
998 1440 1084 1464 Motus
1104 1437 1211 1465 delirio.
1233 1437 1315 1469 Deus,
1329 1439 1448 1465 materia
1471 1442 1563 1465 auctor
1585 1437 1746 1470 rebellionis,
1763 1449 1844 1468 sensu

305 1471 483 1498 Manio/laico.
499 1471 621 1498 Materia:
636 1472 760 1506 appetitio
776 1472 841 1498 lucis
852 1476 876 1499 et
885 1471 1042 1506 splendoris,
1052 1472 1130 1500 bona.
1143 1473 1220 1499 Bona
1235 1473 1324 1500 divina
1338 1473 1404 1500 nihil
1417 1481 1449 1500 ea:
1464 1475 1620 1501 commercio
1636 1475 1752 1502 minora.

252 1539 305 1568 Sed
327 1547 445 1575 quonam
461 1539 542 1567 modo
557 1539 585 1566 in
601 1538 649 1566 Dei
674 1540 812 1574 regionem
836 1546 869 1566 ac
897 1538 1001 1571 sedem,

1095 1541 1164 1568 Ἀλλ’
1184 1541 1258 1574 ὅπως
1272 1541 1373 1577 ἠνέχθη
1386 1543 1426 1574 είς
1445 1541 1494 1578 τὴν
1513 1542 1559 1569 τοῦ
1571 1542 1638 1570 Θεοῦ
1652 1543 1754 1579 χώραν,
1774 1544 1790 1580 ἢ
1810 1544 1841 1570 ἐκ

216 1594 304 1621 quave
323 1594 357 1612 ex
386 1591 470 1612 causa
488 1586 594 1612 invecta
608 1585 672 1612 est?
686 1585 724 1612 illi
742 1584 852 1620 quidem
863 1592 898 1612 ex
908 1588 970 1612 natu

1089 1587 1135 1619 νίας
1159 1588 1264 1620 αἰτίαςς
1286 1588 1356 1614 κατὰ
1379 1587 1459 1622 φύσιν
1480 1589 1528 1623 μὲν
1548 1588 1602 1624 γὰρ
1621 1590 1689 1624 αὐτῇ
1713 1589 1742 1616 τὸ
1765 1590 1843 1617 κάτω

214 1638 257 1661 est
268 1633 344 1660 locus
359 1632 487 1659 deorsum
501 1638 527 1659 et
538 1631 666 1663 tenebrae,
680 1636 709 1658 ut
724 1631 890 1667 loquuntur;
907 1635 968 1666 praal

1085 1633 1102 1659 ιὶ
1113 1633 1143 1660 τὸ
1158 1633 1260 1666 σκότος,
1276 1633 1314 1666 ὣς
1327 1642 1402 1668 φασι,
1419 1633 1495 1670 παρὰ
1507 1633 1587 1669 φύσιν
1598 1634 1625 1661 δὲ
1636 1635 1667 1661 τδ
1681 1635 1737 1662 ἄνω
1753 1636 1839 1662 καὶτὸ

219 1683 345 1706 naturam
361 1686 426 1706 vero
450 1678 526 1705 locus
543 1685 653 1706 sursum
674 1683 701 1705 et
725 1678 784 1704 lux.
808 1677 973 1710 Quamobrei

1087 1679 1130 1711 ῦς·
1150 1679 1187 1712 ὥς
1200 1688 1231 1714 γε
1254 1679 1329 1715 παρὰ
1349 1674 1430 1714 φύσιν
1445 1680 1506 1706 τότε
1521 1680 1631 1714 γέγονεν
1649 1681 1717 1717 αὐτῇ
1731 1682 1747 1717 ἡ
1761 1682 1841 1717 3:di-~

216 1730 308 1753 motus
324 1725 349 1752 ei
364 1729 430 1752 tunc
449 1725 680 1760 prtelernaturalis
692 1724 753 1751 fuit.
769 1724 854 1759 Eique
869 1724 970 1759 ejusmc

1085 1735 1107 1758 ς.
1130 1726 1185 1752 Καὶ
1198 1725 1317 1752 τοιοῦτόν
1336 1735 1361 1753 τι
1383 1726 1525 1759 πέπονθεν,
1544 1724 1599 1754 οἷον
1619 1728 1643 1754 εί
1666 1726 1738 1754 λίθον
1755 1736 1796 1759 τις
1820 1727 1839 1762 ἦ

215 1769 318 1805 aliquid
331 1769 440 1801 accidit,
458 1777 490 1796 ac
508 1769 530 1797 si
548 1771 610 1804 quis
624 1768 739 1804 lapidem
753 1772 800 1796 aut
812 1769 918 1804 glebam
925 1773 967 1796 ter

1081 1771 1138 1797 ὒλον
1160 1771 1210 1806 γῆς
1230 1772 1270 1802 εὶς
1286 1771 1317 1797 τὸ
1337 1770 1393 1798 ἄνω
1413 1771 1532 1806 ῥίψειενο
1553 1772 1586 1798 δι’
1599 1772 1613 1798 ὂ
1634 1771 1676 1808 δὴ,
1694 1772 1782 1806 ὀλίγον
1804 1773 1835 1800 τὰ

216 1823 324 1844 sursum
343 1815 510 1850 proiecerit;
529 1822 583 1849 qua
599 1815 693 1849 utique
709 1814 814 1842 ratione
825 1822 856 1842 ea
870 1822 914 1842 res
937 1822 969 1850 pr

1081 1814 1164 1842 ιιαῦτα
1175 1815 1354 1850 κουφισθέντα
1367 1815 1418 1842 ὑπὸ
1428 1816 1478 1851 τῆς
1488 1815 1535 1842 τοῦ
1549 1817 1675 1852 ῥίψαντος
1687 1816 1758 1851 βίας,
1773 1826 1835 1852 μετ-

214 1862 334 1897 jicicntis
347 1862 447 1896 impetu
462 1861 603 1896 paululum
622 1861 720 1892 levata,
732 1868 794 1888 cum
811 1868 923 1888 sursum
938 1869 968 1888 ev

1078 1871 1124 1898 opu
1144 1863 1289 1897 γεγονότα,
1313 1863 1352 1893 είς
1372 1862 1417 1888 τον
1445 1861 1524 1888 αὐτὸν
1541 1862 1725 1898 καταφέρεται
1741 1863 1832 1890 τόπον.

216 1909 292 1940 serit,
311 1908 339 1935 in
360 1907 484 1935 eumdem
511 1907 601 1934 locum
624 1907 726 1934 decidit
739 1914 770 1934 ac
784 1907 849 1934 ruit.
868 1905 970 1940 Quisna

1082 1917 1105 1943 1v
1126 1905 1172 1934 οὖν
1194 1908 1260 1943 ὓλην
1274 1907 1317 1939 τίς
1336 1907 1478 1942 ὲκὰύφισεν
1492 1908 1531 1939 είς
1545 1908 1590 1934 τὸν
1613 1909 1668 1935 ἄνω
1683 1908 1780 1941 τόπον;
1795 1904 1836 1935 At"

216 1956 300 1991 igitur
316 1955 455 1983 materiam
467 1955 499 1982 ad
516 1958 664 1989 supernum
680 1955 769 1981 locum
786 1951 884 1981 leravit
898 1955 910 1980 τ
929 1953 970 1981 Sal

1079 1953 1135 1989 ιτὴν
1153 1953 1200 1989 μὲν
1216 1953 1269 1988 γὰρ
1287 1953 1334 1980 καὶ
1347 1953 1375 1986 ἐξ
1393 1953 1477 1988 αὐτῆς
1492 1953 1542 1980 οὐκ
1563 1953 1595 1980 ἂν
1618 1955 1718 1980 κινοῖτο
1732 1954 1833 1989 ταύτην

215 2001 324 2037 quidem
351 2002 408 2029 suis
425 2001 542 2032 meritis,
560 2009 592 2028 ac
606 2009 639 2028 ex
654 2008 683 2028 se
701 2001 771 2035 ipsa,
787 2008 820 2028 eo
834 2005 909 2027 motu
926 2000 969 2027 hal

1077 2007 1097 2033 3v
1109 1998 1225 2032 κίνησιν,
1240 1997 1323 2032 αὐτῆς
1339 1997 1523 2033 ὑπάρχουσαν.
1543 1999 1588 2024 Δεῖ
1604 1998 1632 2025 δὲ
1653 1998 1738 2034 αὐτὴν
1765 1999 1831 2025 ὐπο-

215 2052 356 2075 moveatur
372 2048 418 2083 qui
434 2048 495 2082 ejus
522 2048 579 2082 ipse
592 2048 717 2075 exsistat.
737 2046 855 2074 Necesse
869 2053 935 2074 vero
956 2054 969 2074 e

1079 2045 1138 2069 ;ϊναι
1148 2043 1217 2078 βίαν,
1232 2043 1276 2070 ἵνα
1289 2044 1328 2074 είς
1339 2043 1383 2069 τὸν
1396 2043 1452 2070 ἄνω
1464 2043 1544 2069 τόπον
1554 2043 1734 2080 μετεωρισθῇ,
1746 2044 1833 2072 καθάέ

213 2095 269 2121 vim
284 2096 308 2121 ei
329 2095 430 2121 illatam
451 2102 512 2121 esse
526 2098 555 2121 ut
567 2101 676 2121 sursum
692 2094 821 2124 ferretur,
837 2093 908 2120 baud
918 2100 967 2120 seet

1075 2098 1100 2125 ῑρ
1113 2090 1126 2115 ὁ
1140 2089 1212 2121 λίθος
1225 2089 1272 2115 καὶ
1286 2089 1302 2125 ή
1317 2089 1409 2124 βῶλος.
1435 2089 1503 2116 Ἀλλ’
1516 2089 1607 2125 ἓτερον
1628 2091 1676 2125 μὲν
1690 2090 1767 2117 οὐδὲν
1783 2091 1829 2117 σὺν

213 2148 246 2168 ac
266 2139 348 2175 lapidi
362 2144 389 2167 et
403 2140 498 2174 glebae.
516 2139 616 2166 Verum
643 2139 710 2166 nihil
726 2139 765 2165 illi
785 2146 848 2166 cum
868 2146 900 2166 ea
914 2139 967 2166 reti.

1078 2137 1115 2171 ιτῇ
1130 2135 1316 2169 ἀπολείπουσι,
1333 2136 1378 2162 τὸν
1398 2134 1464 2162 Θεὸν
1485 2135 1522 2162 δέ.
1547 2136 1664 2172 Φανερὸν
1684 2134 1731 2162 οὖν
1747 2136 1779 2162 τὸ
1799 2138 1832 2162 ὲκ-

212 2190 310 2222 quunt,
328 2190 424 2221 praeter
439 2185 533 2213 Deum.
553 2185 725 2212 Manifestum
743 2184 824 2220 igitur
850 2184 916 2219 quid
932 2184 966 2211 int

1079 2181 1093 2208 ὖ
1114 2182 1192 2216 λόγου
1213 2182 1376 2216 ωμῦαῑνον·
1396 2183 1449 2214 ὅτι,
1465 2182 1526 2208 κατ⁸
1546 2182 1652 2214 αὐτοὺς,
1670 2183 1684 2208 ὁ
1700 2182 1766 2213 θεὸς
1785 2181 1833 2217 βίῳ

212 2233 396 2261 conﬁciatur:
424 2232 508 2259 Deum
532 2232 647 2263 scilicet,
665 2234 696 2258 ut
710 2231 760 2265 ipsi
786 2230 953 2263 existimant,

1020 2232 1034 2260 )
1047 2228 1093 2255 καὶ
1109 2229 1215 2265 ἀνάγκῃ
1227 2229 1328 2264 ταύτην
1343 2228 1478 2264 μετέωρον
1493 2229 1619 2263 ἐποίησεν
1633 2229 1671 2260 ὡς
1684 2228 1774 2254 αὐτόν.

212 2287 244 2307 ac
259 2279 432 2311 necessitate,
447 2278 537 2313 ipsum
546 2277 579 2305 ad
592 2285 622 2306 se
637 2277 778 2305 materiam
794 2277 938 2305 sublimem
954 2277 994 2304 le-

210 2334 300 2354 V3558.

245 2372 338 2407 Atqui,
354 2372 377 2399 si
391 2371 492 2398 malum
509 2371 622 2397 materia
634 2373 685 2401 est,
712 2369 824 2396 omnino
838 2369 919 2396 etiam
935 2376 994 2395 ma-

1082 2367 1137 2393 Καὶ
1153 2375 1214 2402 μην,
1231 2367 1255 2393 εί
1266 2368 1349 2393 κακὸν
1363 2373 1379 2401 η
1396 2366 1456 2401 ὕλη,
1472 2366 1578 2397 πάντως
1594 2373 1645 2391 που
1661 2361 1730 2390 εἰσὶν
1744 2363 1829 2399 αὐτῆς

210 2418 244 2446 ιε
257 2422 322 2445 sunt
337 2418 397 2452 ejus
423 2416 612 2451 appetitiones.
633 2416 678 2442 Est
693 2423 758 2442 vero
782 2415 847 2441 mali
864 2414 964 2449 appetit

1072 2413 1094 2438 ιὶ
1105 2412 1207 2448 ὀρέξεις
1223 2411 1356 2438 τοιαῦταιι
1372 2412 1450 2438 Ἔστι
1468 2411 1496 2438 δὲ
1511 2412 1527 2446 ἡ
1543 2411 1592 2445 μὲν
1605 2409 1651 2436 τοῦ
1667 2408 1751 2436 κακοῦ
1766 2408 1826 2444 δρε-

210 2463 282 2490 mala
298 2472 306 2496 ;
324 2463 387 2490 boni
402 2470 466 2490 vero
481 2466 562 2496 atque
573 2461 690 2494 honesti,
702 2461 762 2495 ipsa
779 2460 855 2487 valde
865 2459 964 2486 honest

1075 2467 1088 2489 ς
1099 2457 1186 2493 φαύλη
1197 2466 1204 2472 δ
1221 2459 1236 2492 ή
1251 2457 1279 2484 δὲ
1292 2456 1339 2483 τοῦ
1357 2456 1440 2483 καλοῦ
1457 2457 1526 2483 πάνυ
1543 2454 1727 2482 σπουδαία.Εῑ
1738 2453 1768 2480 δὲ
1780 2452 1826 2480 τοῦ

212 2508 351 2544 Siquidem
369 2509 452 2544 igitur
474 2509 588 2536 materia
604 2507 674 2542 quod
703 2505 875 2541 splendidum
889 2508 933 2532 est
949 2504 966 2532 Ιι

1071 2503 1173 2539 ιμπροῦ
1202 2504 1248 2530 καὶ
1275 2503 1322 2529 ταῦ
1344 2502 1432 2538 φωτὸς
1456 2502 1629 2537 ἐπεθύμησεν
1662 2501 1679 2536 ἡ
1703 2500 1771 2536 ὕλη,
1796 2499 1825 2526 σὺ

210 2561 323 2588 cemque
342 2552 508 2588 concupivit,
525 2551 598 2579 haud
613 2552 683 2578 mala
697 2552 757 2586 ejus
776 2550 913 2585 cupiditas
934 2557 963 2577 es

1072 2548 1134 2584 ιύλη
1157 2549 1173 2584 ἡ
1195 2547 1343 2584 ἐπιθυμία·
1370 2548 1495 2583 καθάπερ
1514 2547 1574 2574 οὐδὲ
1589 2549 1613 2574 ει
1633 2548 1662 2574 ὲν
1679 2546 1764 2582 κακίᾳ.
1785 2553 1826 2576 τις

210 2603 241 2626 ιιι
253 2606 341 2633 neque
356 2599 379 2625 si
393 2599 455 2633 quis
470 2598 566 2625 vitiose
588 2598 672 2624 vitam
700 2596 847 2624 traducens
862 2616 870 2628 ,
896 2600 964 2631 post:

1073 2594 1110 2626 ὗν,
1127 2594 1194 2629 μετὰ
1203 2594 1288 2621 ταῦτά
1301 2603 1364 2621 ποτε
1378 2594 1573 2629 ἐπιθυμήσειεν
1587 2592 1695 2629 ἀρετῆς.
1709 2592 1827 2618 Τοὺναν-

211 2644 319 2671 tandem
335 2644 444 2671 virtutis
470 2644 606 2671 desiderio
632 2642 774 2671 exarserit.
804 2641 890 2670 Secus
914 2650 965 2670 veri

1072 2648 1100 2666 ον
1116 2640 1180 2675 γὰρ,
1196 2640 1224 2666 ἐν
1244 2639 1394 2675 ἐγκλήματι
1410 2639 1442 2665 τὸ
1458 2638 1601 2666 σπουδαῖόν
1619 2645 1678 2664 τινα
1699 2636 1746 2663 τοῦ
1760 2636 1826 2671 φαύ-

210 2689 282 2717 liaud
294 2694 370 2717 vacat
384 2690 510 2721 crimine,
526 2690 549 2717 si
563 2689 626 2725 quis
641 2689 783 2717 studiosus
797 2687 825 2714 in
839 2688 903 2715 mali
917 2688 964 2715 des

1072 2696 1089 2712 ιυ
1111 2687 1150 2718 εἰς
1171 2686 1317 2721 ἐπιθυμίαν
1336 2685 1438 2713 ἐλθεῖν·
1455 2685 1579 2720 καθάπερ
1602 2683 1635 2710 ἂν
1655 2683 1679 2710 εἰ
1698 2682 1744 2709 τὸν
1759 2682 1826 2710 Θεὸν

210 2735 315 2763 derium
325 2735 437 2762 venerit.
456 2734 535 2763 Velut
549 2736 571 2763 si
586 2736 648 2771 quis
661 2736 744 2766 dicat.
763 2735 845 2762 Deum
860 2741 920 2769 quae
935 2741 964 2760 mi

1069 2735 1123 2760 zisv
1137 2728 1278 2768 ὀρέγεσθαι
1297 2732 1350 2760 τῶν
1371 2733 1404 2768 τῇ
1420 2731 1471 2769 ὕλῃ
1485 2733 1640 2767 προσόντων
1662 2729 1765 2756 κακῶν.
1787 2729 1823 2756 Οὑ

210 2781 284 2808 terim
294 2785 461 2815 competunt,
475 2782 544 2808 mala
552 2786 689 2816 appetere.
705 2781 761 2809 Nec
781 2782 852 2809 enim
861 2780 908 2808 Dei
919 2781 963 2808 bo:

1069 2778 1098 2814 ὶρ
1109 2778 1140 2814 δὴ
1156 2778 1190 2805 τὰ
1200 2778 1246 2804 τοῦ
1260 2778 1327 2805 Θεοῦ
1346 2777 1435 2812 ἀγαθὰ
1448 2777 1560 2804 τοιαῦτα
1573 2775 1753 2810 ὑποληπτέον,
1769 2771 1823 2801 οἷόν

212 2826 276 2853 talia
288 2824 446 2853 testimanda
459 2830 534 2859 sunt,
547 2827 637 2862 qualia
652 2830 716 2855 sunt
727 2827 818 2854 multa
832 2833 898 2861 opes
909 2829 936 2852 et
949 2825 966 2852 is

1071 2833 1116 2852 τιν
1128 2825 1142 2850 ὀ
1155 2824 1267 2857 πλοῦτος
1283 2825 1354 2860 καὶὴ
1372 2823 1455 2859 πολλὴ
1469 2823 1515 2858 γῆ,
1529 2823 1578 2850 καὶ
1589 2824 1603 2850 ὁ
1618 2823 1700 2854 πολὺς
1713 2820 1825 2857 χρυσὸς,
