1909 3069
77 50 128 78 435

521 50 731 85 TRACTATUS
750 56 794 83 DE
814 56 971 86 PLACITIS
991 58 1270 88 MANICll/EORUM.

1651 65 1702 95 426

76 108 113 138 ὧν
130 111 248 139 ἐλάττων
273 113 382 147 γίνεται
407 115 447 150 τῷ
461 117 621 152 κεκτημένῳ
644 118 660 152 ἡ
681 117 734 144 ἀπὸ
748 117 802 143 τῶν
820 119 865 144 ἀν-

916 117 1031 145 tilundia
1049 118 1198 154 ingensque
1219 120 1279 146 auri
1295 121 1346 152 vis,
1365 128 1482 157 quorum
1507 123 1628 153 minores
1649 129 1702 157 do.

78 156 188 192 θρώπων
209 158 249 190 εἰς
270 158 366 195 ἕτερον
394 161 570 195 μετάστασις.
599 162 667 188 Ἀλλ’
691 162 718 188 εἴ
730 171 790 188 τινα
806 163 867 189 τού-

77 198 126 229 των
135 203 206 246 ᾇλως
225 205 320 232 εἰκόνα
332 206 475 242 ἐπινοῆσαι
489 208 537 240 δεῖ,
554 208 603 243 τὴν
624 208 731 242 σοφίαν,
745 206 821 243 οἶμαι
838 209 866 235 δὲ

75 249 117 275 καὶ
134 249 173 281 ὡς
188 251 221 277 ἄν
234 260 276 284 τις
293 253 447 288 παραϐάλοι
460 253 566 286 καὶτὰς
581 255 745 289 ἐπιστήμας.
761 255 865 290 ’Ὠσπερ

74 293 117 322 οὖν
129 294 192 322 οὔτε
213 297 231 332 ἡ
249 297 329 332 σοφία
348 298 506 325 ἐλαττοῦται
520 299 610 334 οὖτεὴ
633 300 781 335 ἐπιστήμη,
803 299 865 326 οὔτε

73 342 95 367 οξ
113 342 200 374 αὑτὰς
217 343 337 378 ἔχοντες,
363 343 396 371 ἂν
418 344 511 381 ’ἔτερος
530 345 584 372 τῶν
599 345 688 372 αὐτῶν
706 346 861 382 μεταλάϐῃ’

73 386 159 419 οὕτως
175 387 240 415 οὗτε
256 390 301 416 τὸν
322 390 389 417 Θεὸν
405 390 513 424 εὔλογον
530 391 662 427 φθονῆσαι
691 394 724 427 τῇ
743 391 792 428 ὕλῃ
815 392 866 427 τῆς

72 434 116 461 τοῦ
129 435 215 462 καλοῦ
229 436 355 472 ὀρέξεως·
369 439 393 465 εί
404 438 435 474 δὴ
447 438 516 465 κατὰ
529 439 627 470 αὐτοὺς
637 438 744 474 ὠρέχθη
757 439 862 465 τούτου.

916 165 991 191 mino
1005 165 1105 192 cedunt
1121 170 1221 199 partes,
1237 166 1259 192 si
1275 167 1336 201 quis
1350 168 1377 195 in
1388 169 1504 196 alterum
1520 170 1554 197 ab
1564 175 1700 201 eotrans-

916 209 1019 236 tulerit.
1036 210 1090 237 Sed
1101 210 1123 237 si
1132 211 1203 246 quod
1216 212 1328 239 omnino
1342 212 1438 241 borum
1454 215 1629 244 simulacrum
1638 217 1700 244 ani-

917 262 962 282 mo
976 255 1181 283 informandum
1189 257 1411 291 sit.sapientiam.
1424 265 1489 295 puto
1497 270 1559 290 vero
1572 266 1599 290 et
1606 263 1696 290 scien‘

915 303 978 334 tias,
995 302 1021 329 in
1038 303 1190 338 exemplum
1203 303 1356 331 adduxerit.
1370 305 1602 338 Quemadmodum
1616 309 1698 344 igitur

915 354 1002 381 neque
1016 347 1149 382 sapientia
1166 348 1298 376 minuitur
1326 357 1415 385 neque
1442 352 1567 385 scientia,
1584 362 1635 382 nec
1650 355 1696 390 qui

919 391 973 419 illis
988 391 1118 426 praditus
1132 397 1174 420 est
1188 394 1280 421 damni
1296 395 1398 430 aliquid
1416 396 1496 429 facit,
1510 400 1582 434 quod
1598 400 1697 436 aliquis

917 437 1015 465 borum
1041 439 1176 474 particeps
1202 439 1313 468 eﬂectus
1338 441 1438 470 fuerit:
1455 444 1495 472 sic
1521 453 1608 480 neque
1629 448 1697 475 ratio

71 480 140 508 satis
165 481 251 513 favet,
275 487 306 510 ut
326 484 513 512 existimemus
536 484 620 512 Deum
646 485 767 512 materia:
786 484 917 512 invidisse
933 484 1126 519 appetitionem
1156 485 1220 512 boni
1239 485 1419 522 honestique;
1438 489 1502 517 dum
1523 490 1601 526 juxta
1625 491 1697 526 illos,

70 530 220 564 appetiisse
236 532 325 566 ipsum
345 533 509 562 dederimus.

69 599 133 627 Car.
146 599 183 627 Χ,
201 600 314 639 Deorum
331 602 506 639 mytltaloqica
517 611 526 629 :
539 603 621 638 iisque
637 603 735 630 similia
750 601 892 639 Manielttei
906 601 1016 639 placita.
1034 601 1185 639 Ho‘mericm
1202 603 1382 630 Theomachite
1394 604 1531 639 allegoria.
1549 605 1697 635 Emulatia

176 640 203 662 et
220 636 321 663 invidia
336 636 364 664 iit
377 638 439 670 Deo,
449 636 659 665 Manichtiorum
673 638 812 665 sententia.
831 637 903 664 Vitia
918 637 973 663 hwc
986 638 1012 664 in
1022 637 1095 664 nullo
1109 638 1239 670 studioso,
1250 639 1396 674 probroque
1415 636 1590 669 admittenda.

103 694 177 721 Πολὺ
190 694 218 721 δὲ
230 696 294 728 τοὺς
306 696 468 731 μυθοποιοὺς
481 697 711 733 ὑπερϐεϐλήκασι,
726 696 789 728 τοὺς
800 695 816 732 ἢ
828 696 863 723 τὰ

67 740 114 766 τοῦ
130 741 256 776 Οὐρανοῦ
268 742 354 768 αίδοία
367 743 522 777 τὲμνοντας,
541 743 556 779 ἢ
571 743 620 775 τὰς
635 743 779 774 ἐπιϐουλὰς
792 742 864 769 κατὰ

67 786 115 812 τοῦ
133 788 240 823 Κρόνου
254 788 307 815 ὑπὸ
323 789 370 815 τοῦ
384 789 440 816 υἱοῦ
460 790 640 822 συντιθέντας,
659 791 701 816 ἵνα
714 790 795 822 αὐτὸς
812 798 864 816 κα-

946 695 1038 730 Longe
1054 703 1136 730 porro
1154 696 1324 731 mythologos
1337 696 1436 725 fabulis
1447 705 1611 733 superarunt
1626 720 1632 731 .
1650 708 1698 729 eos

911 741 1042 768 nimirum
1060 742 1106 776 qui
1129 746 1177 769 aut
1190 742 1259 769 C(eli
1274 743 1362 770 virilia
1377 748 1482 778 putent,
1506 749 1553 772 aut
1565 746 1697 775 adversus

911 787 1059 814 Saturnum
1074 796 1089 814 a
1104 787 1158 815 lilio
1174 792 1294 816 structas
1321 788 1445 822 insidias,
1463 794 1492 817 ut
1509 791 1561 818 sibi
1573 792 1632 826 ipse
1645 792 1696 819 im-

65 833 156 869 τὰσχῃ
180 835 231 870 τὴν
255 835 356 871 ἀρχήν·
384 836 400 872 ἢ
425 837 566 869 ποιοῦντας
582 837 669 875 πάλιν
691 836 736 863 τὸν
757 837 861 872 Κρόνον

912 833 1017 868 perium
1042 833 1183 869 arriperet,
1205 835 1351 862 commenti
1369 835 1425 862 sint
1441 845 1448 869 ;
1462 840 1510 864 aut
1526 838 1571 872 qui
1596 846 1695 866 rursus

65 880 129 911 τοὺς
147 881 225 913 υἱοὺς
246 883 421 909 καταπίνειν*
438 881 496 910 εἶτα
517 883 734 918 διαμαρτάνοντα
751 883 795 910 διὰ
810 883 860 918 τῆς

65 925 114 952 τοῦ
129 926 206 953 λίθου
224 927 336 958 εἰκόνος.
360 928 421 959 Πῶς
436 928 489 965 γὰρ
512 928 545 955 τὰ
566 927 696 964 λεγόμενα
713 929 758 954 ὑπ’
771 927 860 954 αὐτῶν

65 972 96 998 οὐ
135 973 266 1007 semita;
297 975 335 1000 ὅτ’
355 973 387 1001 ἂν
419 975 535 1010 πόλεμον
564 976 693 1011 ἄντικρυς
717 975 769 1010 τῆς
794 974 860 1010 ὕλης

66 1018 137 1054 πρὸς
149 1019 196 1045 τὸν
207 1018 274 1045 Θεὸν
289 1019 498 1056 ὑφηγήσωνται·
520 1020 567 1048 καὶ
583 1021 649 1056 μηδὲ
665 1020 752 1047 ταῦτα
769 1020 858 1055 μέντοι

65 1064 99 1090 δι’
120 1065 250 1096 ὑπονοίας
270 1065 381 1100 λέγωσι,
398 1066 521 1103 καθάπερ
538 1068 660 1102 ’Όμηρος
671 1087 677 1098 ,
693 1067 797 1102 χαίρειν
813 1065 859 1092 τὸν

65 1111 116 1137 Δία
138 1111 188 1137 ἐπὶ
211 1111 251 1146 τῷ
273 1111 328 1138 τῶν
349 1111 417 1138 θεῶν
444 1112 555 1148 πολέμῳ
582 1110 650 1148 πρὸς
673 1111 804 1147 ἀλλήλους
830 1112 859 1138 ἐν

72 1155 188 1191 Ἰλιάδι,
215 1158 399 1194 αἰνιττόμενος
420 1159 449 1185 τὸ
474 1159 504 1191 ἐξ
531 1159 664 1195 ἀνομοίων
686 1158 731 1186 τὸν
757 1159 859 1194 κόσμον

67 1203 239 1237 συγκεῖσθαι,
255 1205 436 1239 ἡρμοσμένων
453 1204 520 1240 πρὸς
533 1204 643 1240 ἄλληλα,
660 1204 706 1230 καὶ
722 1203 859 1231 νικώντων

66 1256 95 1274 τε
115 1248 165 1274 καὶ
187 1249 356 1284 νικωμένων.
376 1249 430 1275 Καὶ
451 1248 538 1275 ταῦτα
560 1257 604 1284 μοι
628 1247 745 1283 εἴρηται,
765 1246 858 1282 ἐπειδὴ

67 1294 214 1328 γιγνώσκω
232 1295 295 1326 τοὺς
315 1294 463 1326 τοιούτους,
482 1294 590 1320 ἐπειδὰν
612 1292 775 1325 ἀποδείξεων
795 1293 860 1318 ἁπο-

67 1340 162 1374 ρῶσιν,
185 1340 244 1366 ἔνια
262 1340 430 1375 πανταχόθεν
445 1339 499 1367 ἀπὸ
518 1340 572 1367 τῶν
593 1341 728 1376 ποιήσεων
753 1339 858 1374 συμφέ-

66 1395 174 1422 ροντας,
192 1387 240 1413 καὶ
256 1387 404 1421 ἀπολογίαν
421 1387 509 1414 ταῦτα
528 1388 596 1422 ὑπὲρ
615 1387 669 1414 τῶν
686 1387 757 1413 ἰδίων
774 1386 858 1418 δοξῶν

66 1433 253 1467 ποιουμένους.
271 1432 328 1459 Οὐκ
342 1432 375 1459 ἂν
391 1433 419 1460 δὲ
431 1433 517 1460 ταῦτα
530 1433 738 1466 ἐπεπόνθεισαν,
752 1433 777 1459 εἰ
790 1432 859 1468 μετά

65 1485 138 1511 τινος
155 1478 296 1514 φροντίδος
316 1476 394 1506 ὧτινι
408 1479 508 1514 δήποτε
527 1477 715 1515 ἐνετύγχανον.

97 1617 155 1644 Καὶ
174 1617 228 1653 μὴν
243 1618 332 1645 πάντα
350 1618 398 1653 μὲν
412 1618 446 1644 τὰ
465 1617 538 1645 κακὰ
552 1614 605 1644 ἀπὸ
620 1617 666 1644 τοῦ
685 1615 757 1644 θείου
773 1617 855 1653 χοροῦ

64 1663 244 1699 ἀπελήλαται,
260 1664 273 1690 ὁ
287 1663 368 1698 ζῆλος
380 1663 408 1690 δὲ
424 1663 539 1698 μάλιστα
554 1663 601 1689 καὶ
618 1663 632 1689 ὁ
649 1662 753 1696 φθόνος.
767 1663 857 1689 Κατα-

64 1709 188 1736 λείπουσι
201 1709 229 1736 δὲ
244 1705 317 1736 οὗτοι
338 1709 408 1736 αὐτὰ
429 1708 504 1744 παρὰ
517 1708 556 1743 τῷ
576 1708 645 1743 Θεῷ,
669 1709 706 1734 ὅτ’
721 1708 754 1735 ἂν
769 1707 856 1743 φῶσιν

63 1756 146 1783 αὐτὸν
160 1755 210 1791 τὴν
226 1755 373 1791 ἐπιϐουλὴν
398 1754 468 1781 κατὰ
482 1754 532 1789 τῆς
555 1752 620 1789 ὕλης
638 1754 774 1787 συντάξαι,
788 1753 855 1781 διότι

63 1802 94 1837 δὴ
111 1801 159 1828 τοῦ
177 1801 261 1828 καλοῦ
282 1798 450 1837 ἐπεθύμησε.
465 1801 524 1827 Τίνι
538 1800 566 1827 δὲ
588 1801 634 1826 καὶ
647 1800 661 1826 ὁ
675 1800 740 1832 Θεὸς
758 1797 795 1827 ὧν
818 1799 856 1827 εἷ-

64 1856 110 1882 χεν
129 1847 264 1883 ἐϐουλήθη
286 1847 334 1882 τὴν
363 1846 429 1882 ὕλην
444 1847 665 1883 τιμωρήσασθαι;
684 1846 714 1872 τὸ
736 1846 784 1882 μὲν
801 1847 855 1884 γὰρ

63 1893 166 1921 ἁπλοῦν
187 1892 270 1928 φάναι
290 1893 336 1920 τὸν
356 1891 422 1920 Θεὸν
438 1891 631 1929 ἀκριϐέστερον
652 1890 729 1928 οἶμαι
751 1893 767 1929 ἢ
784 1893 855 1920 κατὰ

63 1940 186 1972 τούτους.
205 1940 284 1966 Ἔστι
306 1939 354 1966 καὶ
375 1941 391 1975 ὴ
408 1940 456 1974 τῆς
473 1939 575 1971 ἐννοίας
591 1939 686 1966 τούτου
707 1938 853 1975 ἀφήγησις,

63 1987 111 2021 οὐχ
133 1986 172 2018 ὡς
187 1985 251 2022 περὶ
274 1986 328 2012 τῶν
349 1985 446 2017 ἄλλων,
467 1983 586 2016 εὔκολος.
606 1985 672 2012 Οὐδὲ
691 1984 743 2021 γὰρ
762 1984 854 2016 ἅπλῶς

64 2032 232 2064 ἐνδείξασθαι
245 2032 330 2068 αὐτὴν
345 2031 466 2063 δυνατὸν,
479 2031 522 2057 διὰ
535 2031 562 2057 δὲ
576 2027 674 2066 πολλῆς
688 2030 854 2062 παιδεύσεως

64 2079 110 2105 καὶ
127 2079 218 2106 πόνου.
244 2078 326 2105 Ἀλλὰ
345 2077 425 2104 τοῦτό
437 2086 468 2112 γε
483 2077 583 2109 πάντες
599 2076 687 2113 ἴσμεν,
702 2078 742 2103 ὅτι
785 2077 853 2112 ὀργὴ

64 2126 110 2151 καὶ
133 2125 150 2161 ή
178 2126 230 2160 τῆς
250 2124 385 2160 τιμωρίας
408 2123 478 2151 κατὰ
504 2124 553 2159 τῆς
577 2123 642 2159 ὕλης
671 2122 760 2158 ὄρεξις
779 2123 851 2158 πάθη

64 2171 130 2202 ἐστὶ,
146 2169 212 2206 περὶ
227 2170 273 2196 τὸν
288 2169 359 2196 οὕτω
374 2170 536 2204 διωκόμενον
551 2168 745 2203 συνιστάμεναλ
766 2168 851 2194 ταῦτα

64 2217 91 2244 δέ
102 2217 163 2244 οὐδὲ
174 2217 238 2252 περί
250 2225 310 2243 τινα
323 2216 465 2243 σπουδαῖον
483 2215 587 2250 γένοιτο
600 2215 631 2242 ἂν
642 2215 676 2241 τὰ
691 2214 848 2251 παθήματαΔ

66 2263 129 2298 μήτι
148 2271 180 2297 γε
198 2261 263 2298 περὶ
280 2261 310 2288 τὸ
327 2261 430 2296 ἀγαθὸν
450 2260 524 2288 αὐτὸ.

912 879 1058 908 Saturnum
1072 880 1245 908 ﬁliosvorare
1267 881 1379 913 faciant,
1401 886 1513 918 tumque
1534 884 1694 913 frustratum

911 927 1028 954 consilio
1050 934 1083 954 ex
1108 927 1207 962 lapidis
1229 927 1337 962 objecto
1363 928 1522 957 simulacro.
1552 929 1695 963 Quomodo

910 973 994 1005 enim,
1010 980 1069 1008 quae
1082 973 1115 1000 ab
1131 974 1171 1001 eis
1186 973 1324 1006 dicuntur,
1344 982 1399 1001 non
1424 974 1467 1002 bis
1490 975 1613 1003 similia?
1630 985 1694 1005 cum

910 1019 1000 1052 palam
1014 1018 1134 1046 materiae
1142 1026 1205 1046 cum
1223 1019 1280 1046 Deo
1292 1019 1391 1046 bellum
1406 1020 1547 1055 referant;
1563 1029 1594 1049 ac
1607 1031 1696 1059 neque

910 1064 968 1091 btec
994 1065 1109 1100 spiritali
1126 1073 1209 1093 sensu
1234 1073 1267 1092 ac
1290 1066 1472 1102 mylbologico
1498 1067 1599 1099 dicunt,
1622 1070 1696 1096 velut

910 1109 1045 1139 Homerus
1059 1111 1087 1138 in
1100 1111 1191 1142 Iliade,
1203 1111 1323 1146 gaudere
1334 1111 1427 1140 Jovem
1445 1113 1559 1141 deorum
1581 1113 1696 1144 interea

909 1165 999 1193 pugna
1015 1165 1046 1184 ac
1063 1157 1143 1188 bello.
1172 1157 1288 1185 obscure
1316 1159 1484 1193 signiﬁcans,
1512 1159 1695 1189 mundum-ex

910 1202 1089 1237 inaequalibus
1108 1203 1255 1230 conflatum
1270 1212 1341 1236 esse,
1354 1212 1414 1239 qua:
1428 1205 1479 1232 alia
1491 1205 1552 1233 aliis
1566 1211 1695 1235 conserta

909 1252 966 1275 tum
984 1249 1105 1280 vincant,
1123 1253 1180 1276 tum
1195 1251 1308 1277 victoria
1326 1251 1435 1279 cadant.
1465 1251 1553 1287 Atque
1571 1253 1629 1280 haec
1651 1254 1694 1281 id-

909 1295 983 1322 circo
998 1304 1013 1321 ιι
1029 1303 1072 1322 me
1087 1295 1159 1323 dieta
1171 1301 1244 1327 sunt,
1257 1297 1328 1332 quod
1340 1296 1425 1325 sciam
1441 1298 1596 1326 istiusmodi
1606 1307 1693 1334 genus

909 1341 1061 1374 hominum,
1074 1343 1119 1369 ubi
1134 1351 1181 1371 eos
1191 1343 1367 1378 probationes
1379 1352 1410 1371 ac
1423 1345 1558 1372 rationum
1572 1353 1694 1374 momen~

909 1389 936 1413 ta
953 1387 1113 1419 defecerint.
1130 1389 1255 1423 quaedam
1280 1389 1400 1424 undique
1412 1398 1443 1417 ex
1461 1394 1603 1425 poetarum
1619 1399 1694 1419 com-

909 1434 1009 1462 mentis
1020 1442 1178 1468 congerere,
1198 1439 1278 1470 atque
1290 1435 1353 1463 hinc
1364 1436 1423 1464 suis
1434 1437 1609 1471 opinionibus
1624 1445 1695 1473 prat-

909 1479 1021 1511 sidium,
1043 1487 1075 1507 ac
1102 1488 1156 1516 quo
1171 1489 1200 1508 se
1218 1481 1271 1509 illis
1286 1485 1414 1509 tueantur
1429 1502 1436 1514 ,
1457 1490 1588 1518 quaerere.
1615 1483 1694 1516 Quod

907 1526 973 1560 ipsis
988 1526 1198 1562 haudquaquam
1213 1528 1359 1560 evenisset,
1372 1529 1394 1556 si
1410 1529 1507 1563 majori
1522 1528 1638 1564 quadam
1645 1537 1695 1558 cu-

906 1578 936 1598 ra
947 1579 979 1598 ac
995 1571 1135 1608 diligentia
1149 1580 1206 1600 rem
1222 1573 1360 1608 quidpiam
1379 1573 1518 1608 legissent.

941 1617 1034 1652 Atqui,
1050 1626 1113 1645 cum
1129 1618 1199 1645 mala
1216 1618 1327 1654 quidem
1353 1618 1445 1645 omnia
1463 1626 1478 1644 a
1495 1618 1587 1645 divino
1607 1618 1694 1647 choro

905 1664 1049 1696 exsulem,
1077 1668 1134 1691 tum
1165 1664 1206 1691 vel
1232 1664 1350 1691 maxime
1369 1663 1506 1693 :emulatip
1529 1666 1556 1691 et
1578 1663 1691 1691 invidia.

907 1708 1005 1737 Sinunt
1021 1714 1111 1738 tamen
1123 1711 1149 1738 hi
1165 1710 1236 1745 apud
1249 1711 1330 1737 Deum
1346 1710 1408 1741 ista.
1422 1710 1485 1736 dum
1502 1710 1595 1737 dicunt
1606 1709 1692 1738 Deum

905 1755 1021 1784 insidias
1044 1757 1179 1785 struxisse
1207 1757 1338 1784 adversus
1368 1757 1521 1789 materiam,
1536 1765 1568 1784 ea
1585 1757 1691 1784 ratione

905 1803 977 1838 quod
992 1803 1092 1830 bonum
1111 1804 1268 1838 cupivisset.
1287 1802 1410 1836 Quonam
1426 1810 1490 1830 vero
1511 1803 1591 1830 etiam
1619 1802 1691 1830 Deus

905 1857 998 1876 eorum
1012 1857 1072 1884 qua:
1080 1849 1206 1878 habebat.
1220 1849 1318 1884 punire
1333 1848 1474 1876 materiam
1490 1849 1591 1876 voluit?
1607 1849 1692 1884 Equi-

907 1896 967 1923 dem
983 1895 1162 1923 accuratioris
1172 1896 1301 1923 doctrinm
1313 1895 1439 1923 existimo
1453 1898 1482 1920 ut
1491 1893 1562 1922 Deus
1576 1895 1691 1930 simplex

905 1941 1026 1973 dicatur,
1045 1948 1126 1976 quam
1143 1948 1192 1975 pro
1205 1941 1313 1967 illorum
1329 1939 1443 1966 ratione.
1460 1938 1514 1966 Nec
1532 1947 1607 1970 vero,
1621 1944 1649 1965 ut
1661 1939 1690 1967 in

906 1987 978 2020 aliis,
996 1987 1078 2021 bujus
1097 1987 1179 2014 etiam
1194 1986 1293 2014 mentis
1308 1985 1397 2013 facilis
1413 1984 1551 2012 enarratio
1569 1984 1689 2013 exsistit.

904 2032 982 2060 Haud
1001 2033 1101 2068 quippe
1116 2032 1276 2067 simpliciter
1290 2031 1418 2066 nudoque
1427 2037 1552 2058 sermone
1566 2037 1625 2057 eam
1641 2030 1690 2057 de-

904 2083 1058 2106 monstrare
1073 2079 1145 2108 licet,
1163 2077 1210 2105 sed
1227 2078 1313 2104 multa
1333 2077 1475 2111 disciplina
1499 2079 1581 2110 atque
1595 2083 1686 2110 opera.

905 2123 1037 2150 Caeterum
1055 2130 1150 2150 omnes
1162 2123 1187 2150 id
1206 2123 1317 2156 scimus,
1344 2122 1413 2149 iram
1436 2130 1468 2149 ac
1484 2122 1614 2154 lurorem,
1637 2123 1688 2149 ad—

904 2175 1054 2202 versusque
1071 2168 1210 2194 materiam
1238 2167 1366 2194 vindictae
1394 2167 1558 2201 appetitum,
1575 2166 1689 2194 allectus

904 2222 965 2242 esse
978 2219 1004 2241 et
1021 2214 1239 2249 perturbationes
1251 2213 1350 2248 (πάθη)
1368 2212 1441 2240 circa
1458 2220 1519 2239 eum
1543 2220 1623 2247 quem
1648 2213 1689 2240 sic

905 2260 948 2287 illa
967 2264 1157 2294 persequatur,
1181 2262 1322 2286 versantes
1343 2267 1350 2284 :
1370 2257 1504 2292 ejusmodi
1517 2265 1583 2284 sane
1595 2262 1625 2284 ut
1637 2264 1688 2284 nec

66 2310 134 2336 circa
152 2309 238 2336 ullum
251 2308 297 2344 qui
314 2308 412 2335 virtute
428 2308 513 2334 fultus
527 2307 580 2339 sit,
597 2314 701 2334 versari
718 2314 838 2342 unquam
858 2307 999 2342 contingat
1013 2315 1020 2340 ;
1045 2309 1150 2333 tantum
1168 2305 1246 2332 abest
1266 2308 1296 2331 ut
1312 2304 1365 2332 illis
1381 2303 1470 2338 ipsum
1494 2303 1595 2330 bonum
1622 2303 1687 2331 sub-

66 2357 162 2392 jaceat.

293 2415 357 2443 CAP.
373 2412 419 2443 XI.
434 2414 519 2442 Missa
531 2415 613 2442 virm:
626 2413 804 2442 Martia/laico.
817 2411 939 2441 Materia:
949 2418 1067 2446 virtutes,
1079 2414 1139 2449 pari
1153 2414 1277 2440 minarive
1294 2413 1408 2440 malitia.

103 2478 159 2511 Ἐφ’
172 2477 258 2511 ἕτερα
272 2475 361 2501 τοίνυν
376 2475 438 2510 ἥκει
453 2475 533 2501 πάλιν
547 2476 560 2501 ὁ
576 2475 654 2509 λόγος
668 2475 849 2511 περιφερόμε-

66 2531 115 2554 νος.
133 2521 244 2557 Ἐπειδὴ
258 2520 312 2556 γὰρ
326 2519 438 2557 δύναμιν
451 2518 496 2547 τὸν
511 2519 575 2547 Θεὸν
589 2523 629 2553 είς
653 2520 701 2556 τὴν
724 2520 788 2557 ὓλην
800 2531 848 2548 κα-

67 2568 204 2604 ταπέμψαι
228 2567 306 2602 φασὶ,
332 2568 441 2593 σκοπεῖν
458 2567 542 2600 ἄξιον,
561 2564 674 2602 πότερον
692 2567 708 2603 ἡ
735 2568 847 2605 δύναμις

67 2613 131 2650 αὕτη
147 2613 220 2641 κατὰ
244 2612 275 2640 τὸ
295 2612 395 2648 ἀγαθὸν
410 2613 564 2647 ἠλάττωται
580 2613 657 2649 παρὰ
676 2612 723 2640 τὸν
738 2614 814 2645 Θεὸν,
829 2613 846 2650 ἣ

67 2659 160 2695 ὀμοίως
174 2658 258 2695 εἶχεν.
279 2658 311 2686 Εἰ
329 2659 377 2694 μὲν
397 2659 451 2695 γὰρ
474 2659 640 2694 ἠλάττωται,
657 2660 682 2686 τί
699 2659 729 2686 τὸ
745 2660 846 2692 uirum;

68 2705 128 2742 ῠλης
146 2706 196 2741 μὲν
225 2704 281 2740 γὰρ
295 2703 370 2731 οὐδὲν
391 2705 497 2740 μετεῖχε
519 2704 573 2730 τῶν
589 2704 664 2740 παρὰ
683 2703 757 2739 Θεῷ·
776 2705 804 2730 ἒν
819 2704 847 2730 δέ

68 2755 141 2788 μόνον
155 2751 260 2787 ἀγαθὸν
281 2752 385 2786 εἰσάγει
403 2751 448 2779 τὸν
472 2751 548 2784 Θεὸν,
574 2752 621 2778 καὶ
641 2751 669 2777 ἓν
690 2751 774 2777 κακὸν
796 2752 846 2787 τὴν

66 2799 142 2835 ὓλην
160 2801 186 2826 εἰ
203 2799 232 2824 δὲ
248 2797 347 2832 ὁμοίως
378 2795 444 2831 εἶχε,
461 2797 533 2828 τίνος
553 2797 633 2824 ἕνεκα
654 2798 668 2823 ὁ
692 2797 739 2832 μὲν
753 2797 846 2832 ὥσπερ

200 2847 339 2878 Ριτιιοι..
355 2846 412 2877 Gn.
428 2844 536 2877 XVIII.

938 2474 978 2501 Ad
996 2474 1048 2501 alia
1069 2474 1151 2509 igitur
1164 2482 1261 2502 rursus
1278 2473 1363 2501 tendit
1378 2471 1601 2500 circumvolitans
1621 2479 1684 2499 ora:

901 2519 949 2547 tio.
967 2519 1035 2553 Quia
1049 2520 1120 2547 enim
1140 2521 1248 2548 misisse
1259 2519 1342 2547 Deum
1356 2519 1484 2547 virtutem
1501 2518 1528 2545 in
1543 2518 1684 2545 materiam

901 2565 1005 2597 dicunt,
1020 2565 1225 2592 consideremus
1246 2571 1336 2599 operte
1355 2565 1490 2599 pretium,
1508 2566 1600 2591 utrum
1627 2563 1685 2590 haec

900 2611 1004 2642 virtus,
1020 2610 1054 2637 ad
1075 2611 1138 2638 boni
1160 2610 1293 2638 rationem
1313 2610 1387 2646 quod
1408 2611 1524 2643 attinet,
1551 2616 1607 2645 prae
1629 2609 1685 2637 Deo

901 2657 991 2684 minor
1008 2660 1090 2688 esset,
1107 2661 1153 2683 aut
1171 2657 1252 2684 simili
1269 2657 1373 2683 ratione
1392 2657 1513 2683 haberet.
1544 2655 1683 2691 Siquidem

900 2704 973 2731 enim
989 2703 1035 2730 illa
1052 2703 1192 2731 deﬁciebat
1207 2703 1349 2736 minorque
1362 2706 1436 2734 erat,
1455 2710 1579 2737 quaenam
1595 2701 1684 2728 ratio?

899 2750 967 2776 Nam
980 2757 1040 2785 quae
1056 2749 1127 2784 apud
1147 2748 1230 2776 Deum
1243 2767 1251 2778 .
1278 2748 1381 2775 nullum
1397 2748 1517 2774 materia:
1538 2747 1686 2774 admittunt

899 2795 1103 2824 eommercimn.
1129 2794 1218 2822 Unum
1236 2802 1299 2822 vero
1314 2794 1445 2821 duntaxat
1472 2793 1572 2820 bonum
1599 2792 1683 2820 Deum

1498 2840 1534 2868 illi
