1909 3069
243 79 301 108 "i7

735 81 933 111 ALEXAND!“
953 83 1104 114 EPISCOPI
1123 87 1373 116 LYCOPOLITANI

1811 84 1866 114 B8

249 137 379 172 insignit,
406 144 543 171 unumque
563 137 662 164 malum
684 138 834 166 materiam.
864 139 912 167 Sin
937 145 1016 168 auten

1078 152 1119 175 τις
1135 144 1259 178 βασιλεὺς
1271 144 1428 175 ἐπέταττεν,
1445 144 1462 179 ἡ
1476 144 1504 170 δὲ
1517 143 1563 170 τὸν
1579 143 1658 171 πόνον
1674 143 1721 170 τὸν
1735 143 1865 171 ἀκούσιον

248 183 371 210 similiter
388 182 531 214 habebant,
549 182 679 217 quidnam
706 191 795 212 causa:
819 190 878 216 est,
905 194 954 214 cur
972 187 1029 223 ipse

247 229 320 255 velut
341 235 387 255 rex
411 228 520 262 quidam
542 228 710 262 imperaret,
740 231 797 263 ipsa
819 237 882 258 vero
908 231 1029 261 laborem

247 274 318 302 hunc
329 275 412 302 invita
429 274 550 302 subiret?

280 321 350 354 Quin
368 321 401 348 ad
417 320 557 348 materiam
572 327 680 355 quoque
693 320 764 355 quod
782 322 894 354 attinet,
923 330 1028 358 quaere-

239 369 300 399 ‘tur,
317 375 381 394 num
395 367 458 394 mali
479 367 584 394 ratione
595 367 698 394 similes
709 367 764 394 sint
780 375 815 394 an
837 369 955 397 minores
972 370 1027 397 vir-

245 413 336 440 tutes?
351 412 417 439 Nam
435 415 457 440 si
479 412 608 444 minores,
626 419 736 446 prersus
758 413 862 441 minore
877 414 979 441 malitia
993 422 1026 442 ac

244 459 385 494 pravitate.
403 458 468 485 Boni
479 465 543 493 ergo
558 458 721 485 commercio
731 459 864 485 exsistant
881 459 942 487 iure.
956 459 1024 488 Cum

241 505 313 533 enim
328 504 382 530 duo
401 504 472 531 mala
499 504 563 535 sint,
580 503 652 539 quod
678 505 767 531 minus
782 509 841 536 cst,
869 505 922 532 tale
946 506 1024 540 plane

241 550 305 578 boni
319 549 482 578 commercio
495 553 605 576 nactum
621 553 649 576 ut
669 554 742 578 esset
762 557 793 576 ac.
805 549 843 577 ita
859 558 888 578 se
900 550 1021 579 haberet.

239 596 274 624 At
290 597 328 624 illi
343 596 416 624 circa
434 596 575 623 materiam
598 595 703 622 nullutn
730 595 831 623 bonum
855 597 1021 632 relinquunt.

241 642 346 669 Rursus
373 641 455 676 igitur
480 641 532 668 alia
555 641 668 676 emergit
683 641 808 675 quaestio.
835 641 902 668 Nam
921 643 943 669 si
970 643 1022 669 alia

239 689 362 723 quaedam
379 689 466 715 virtus
479 687 542 714 mali
558 687 663 715 ratione
682 687 802 714 materiae
819 687 947 722 prtecellit
963 695 1023 723 qua:

239 734 359 761 dominio
376 734 492 769 polleat,
517 734 576 768 ipsa
594 733 772 769 principalior
797 733 914 762 exsistit.
944 733 1022 767 Quod

238 781 311 807 enim
327 780 413 814 magis
430 779 540 811 malum,
557 779 644 814 ipsutn
661 779 733 807 illius
749 779 862 814 imperio
877 779 985 814 polleat.

1080 190 1175 226 ἀνέτλη
1195 191 1286 218 τοῦτον
1294 199 1302 222 ',

1112 327 1166 354 Καὶ
1190 327 1235 353 ἐπὶ
1257 327 1305 362 τῆς
1325 324 1390 360 ὕλης
1415 326 1443 353 δὲ
1468 326 1660 362 ζητηθήσεται,
1687 325 1803 360 πότερον
1822 326 1862 356 είς

1076 373 1106 400 τὸ
1123 373 1206 400 κακὸν
1220 373 1310 408 ὅμοιαι
1328 373 1344 408 ἡ
1360 373 1486 404 ἐλάττους
1501 371 1644 406 δυνάμεις;
1660 372 1692 397 Εἰ
1712 371 1767 406 γὰρ
1783 370 1863 397 ἐλάτ-

1075 428 1146 451 τους,
1168 419 1274 450 πέιντως
1294 427 1323 445 τε
1343 418 1440 450 κακίας
1458 418 1600 449 ἐλάττους*
1620 418 1718 452 μετοχῇ
1738 417 1792 452 ἄρα
1814 415 1861 442 τοῦ

1075 464 1177 499 ἀγαθοῦ
1199 461 1279 492 αὗται
1297 464 1329 491 ἂν
1348 459 1478 498 γένοιντο.
1505 463 1556 489 Δύο
1574 463 1628 498 γὰρ
1649 462 1734 489 ὄντων
1755 462 1859 494 κακῶν,

1074 511 1105 538 τὸ
1126 509 1205 547 ἦττον
1218 510 1336 537 τοιοῦτον
1350 510 1420 537 κατὰ
1439 509 1588 545 μετάληψιν
1604 508 1651 535 τοῦ
1671 508 1773 542 ἀγαθοῦ
1791 508 1860 534 πάν-

1074 566 1127 589 τως
1143 566 1193 584 που
1210 557 1296 588 οὕτως
1310 556 1433 592 ἔσχηκεν.
1461 555 1575 590 Ἀγαθὸν
1593 555 1619 581 δὲ
1636 555 1711 581 οὐδὲν
1729 554 1793 589 περὶ
1808 554 1859 588 τὴν

1077 599 1143 635 ὓλην
1162 599 1349 626 ἀπολείπουσι.
1370 598 1452 625 Πάλιν
1485 597 1574 624 τοίνυν
1595 597 1695 632 ἀπορία
1713 597 1807 631 ἑτέρα.
1827 597 1859 622 Εἰ

1073 645 1127 680 γάρ
1139 653 1181 676 τις
1194 644 1258 679 ἄλλη
1278 644 1390 678 δύναμις
1403 643 1442 678 τῷ
1459 643 1536 677 κακῷ
1553 642 1714 678 ὑπερϐάλλει
1729 642 1779 678 τὴν
1795 642 1858 677 ἡγε-

1075 690 1238 726 μονεύουσαν
1263 689 1342 724 ὓλην,
1367 689 1435 724 αὕτη
1460 689 1532 714 ἐστὶν
1550 687 1791 724 ὴγεμονικωτέρα·
1827 686 1858 712 τὸ

1073 735 1127 771 γὰρ
1141 735 1239 770 μᾶλλον
1254 735 1336 761 κακὸν
1352 734 1402 769 τῆς
1416 734 1502 770 ἀρχῆς
1517 733 1566 768 τῆς
1581 734 1639 760 κατ’
1653 733 1737 768 αὐτὴν
1753 733 1855 767 ἡγοῖτο.

239 837 303 865 CAP.
316 835 370 863 XII.
389 836 540 870 lmprobata
552 835 655 862 virtutis
674 835 846 866 immissione.
860 836 924 862 mali
938 835 1098 869 destructio;
1115 836 1183 871 quod
1194 836 1258 863 mali
1272 844 1304 863 ex
1320 843 1350 862 ea
1367 835 1439 862 nulla
1451 834 1572 862 minutio.
1589 833 1728 869 Erpunc'ta
1742 829 1855 860 Zenonis

710 871 808 905 opinio,
820 871 884 897 solis
899 871 956 906 igne
971 870 1058 898 orbem
1073 870 1129 898 esse
1143 872 1381 907 conﬂagraturum.

273 930 379 958 Misisse
395 932 484 956 autem
499 927 583 956 Deum
602 927 731 955 virtutem
753 927 780 954 in
801 926 961 960 materiam,
978 927 1016 954 di-

1106 927 1142 954 Τὸ
1157 927 1195 960 δὲ,
1210 926 1375 962 Κατέπεμψε
1390 926 1405 952 ὁ
1419 923 1484 957 Θεὸς
1498 919 1610 960 δύναμιν
1629 925 1675 952 ἐπὶ
1690 924 1739 961 τὴν
1777 925 1854 960 ὓλην,

237 979 309 1006 citur
324 975 431 1012 quidem
445 975 518 1001 nulla
531 974 708 1008 probatione;
724 981 755 1001 ac
771 974 841 1009 quod
857 974 930 1002 omni
942 981 1020 1009 pror-

237 1031 283 1051 sus
297 1021 486 1058 probabilitate
495 1025 596 1048 careat.
612 1019 664 1047 Par
681 1024 770 1048 tamen
785 1023 837 1053 est,
852 1024 880 1047 ut
892 1024 919 1047 et
931 1019 1019 1055 ipsum

237 1068 294 1104 pari
310 1067 414 1094 ratione
437 1065 495 1093 suis
512 1065 683 1092 sermonibus
701 1072 732 1092 ac
746 1064 926 1099 explicatione
953 1071 1020 1099 gau-

236 1115 307 1141 deat.
331 1112 418 1147 llujus
451 1119 517 1139 sane
533 1118 643 1138 causam
667 1110 738 1137 banc
763 1118 825 1138 esse
850 1109 959 1142 dicunt,
990 1113 1020 1136 ut

236 1161 337 1188 nullum
359 1159 393 1187 sit
411 1158 523 1189 malum,
538 1157 588 1184 sed
608 1157 698 1183 omnia
715 1156 795 1183 bona.
813 1155 932 1184 Docebat
946 1156 1018 1183 enim

236 1207 361 1233 virtutem
379 1204 499 1232 materiae
529 1202 648 1234 misceri,
662 1202 825 1229 athletarum
847 1209 922 1229 more
934 1222 941 1234 ,
973 1201 1018 1236 qui

235 1259 384 1287 congressu
400 1249 572 1285 implexuque
597 1247 769 1275 adversarios
794 1251 938 1282 superant;
965 1255 1019 1282 quo

235 1298 339 1325 scilicet
366 1296 430 1323 mali
451 1295 582 1325 victoria,
611 1293 698 1328 ipsum
733 1293 896 1320 aboleretur.
928 1293 1019 1329 Longe

235 1351 300 1370 vero
311 1341 453 1376 angustius
471 1340 598 1370 arbitror,
614 1338 714 1373 Deique
726 1339 884 1366 excellentia
898 1340 1018 1375 dignius,

235 1389 323 1424 primo
355 1387 446 1414 statim
473 1385 647 1412 existentium
670 1384 789 1418 cogitatu
803 1382 941 1410 materiam
953 1385 1021 1412 sub.

240 1432 320 1458 latam
352 1437 422 1458 esse.
448 1428 526 1457 Haud
555 1435 644 1457 tamen
669 1434 734 1465 puto
761 1437 816 1457 rem
833 1429 1017 1463 admiserunt,

235 1477 307 1512 quod
343 1484 415 1504 nunc
439 1484 546 1512 quoque
583 1475 683 1503 malum
714 1476 852 1511 quidpiam
886 1477 1017 1508 exsistat,

235 1523 305 1558 quod
319 1521 459 1549 materiam
474 1526 583 1548 vocant.
607 1519 661 1548 Res
683 1527 748 1547 vero
766 1520 832 1546 nihil
850 1519 935 1554 magis
959 1527 1019 1547 ces-

234 1576 296 1596 sure
310 1576 341 1596 ac
356 1567 457 1595 aboleri
473 1567 602 1602 possibile
628 1569 687 1598 est,
712 1573 772 1601 qua:
797 1566 865 1594 tales
890 1565 962 1599 sint,
984 1573 1018 1592 ne

233 1615 294 1649 quis
307 1614 334 1640 in
345 1613 464 1640 deterius
475 1611 598 1647 quaedam
615 1611 715 1638 mutari
731 1610 881 1639 admiserit.
899 1610 1016 1639 Decebat

233 1660 304 1687 enitn
323 1659 403 1694 hujus
417 1658 560 1693 quemdam
586 1665 696 1685 sensum
714 1657 789 1689 ﬁeri,
819 1657 892 1692 quod
920 1660 1017 1693 nempe

234 1706 291 1732 haec
307 1705 479 1732 mediocriter
502 1703 598 1739 quovis
625 1710 691 1730 sane
712 1701 792 1729 modo
816 1702 956 1729 imminuta
973 1710 1016 1729 es-

233 1754 304 1782 sent,
321 1753 350 1776 ut
363 1752 390 1776 et
405 1749 431 1776 in
449 1753 586 1783 posterum
604 1747 729 1774 meliores
750 1746 828 1774 nobis
839 1755 902 1782 spes
915 1755 1015 1782 suppe-

234 1797 330 1822 tet-ent.
348 1793 464 1821 Pulchre
479 1794 550 1820 enim
572 1794 599 1820 in
615 1792 731 1820 Zenonis
751 1791 830 1820 Citiei
853 1793 1014 1821 sententiam

233 1840 335 1867 dictum
352 1843 404 1872 est,
416 1838 462 1873 qui
476 1846 567 1865 rerum
581 1838 782 1865 universitatem
794 1832 849 1872 igni
866 1837 1016 1872 conﬂagra-

234 1887 334 1914 turam,
346 1882 386 1909 sic
404 1885 539 1917 argueret,
554 1881 668 1916 Quiquid
684 1880 759 1908 habet
773 1881 841 1916 quod
865 1886 944 1914 urat,
963 1890 1015 1908 non

233 1926 387 1960 cessaverit,
402 1925 482 1953 donec
497 1931 580 1952 totunt
594 1925 746 1958 comburat;
768 1926 856 1961 solque
876 1927 943 1962 ignis
957 1932 1012 1959 est,

233 1981 278 1999 nec
293 1972 361 2008 quod
374 1971 462 2004 habet,
485 1969 641 1999 comburat?
661 1971 698 1998 Ex
714 1979 768 2006 quo
781 1971 957 2004 conﬁciebat,
985 1976 1013 1999 ut

233 2019 285 2046 sibi
301 2017 453 2050 videbatur,
469 2025 561 2045 rerum
578 2017 647 2045 hanc
663 2018 866 2045 universitatem
880 2017 934 2053 igni
947 2026 1014 2045 exu-

232 2064 343 2092 rendam
357 2071 428 2091 esse.
445 2063 485 2091 Ad
497 2071 576 2099 quem
589 2062 747 2090 facetiorum
756 2063 900 2098 quemdam
912 2063 1014 2091 dixisse

233 2110 333 2136 ferunt.
351 2109 428 2144 Atqui
445 2117 490 2144 ego
510 2107 582 2140 lteri,
597 2113 622 2136 et
641 2114 700 2135 ante
716 2116 824 2140 annum,
845 2117 875 2135 ac
894 2107 939 2135 diu
954 2113 1014 2135 ante

233 2155 295 2186 vidi,
312 2163 428 2190 namque
453 2155 574 2182 similiter
596 2153 687 2186 video,
715 2154 815 2181 nullam
842 2154 926 2181 labem
949 2154 1012 2181 satis

232 2203 316 2237 ignem
333 2201 461 2228 attulisse.
478 2201 588 2228 Decebat
601 2209 659 2227 cum
679 2205 792 2232 tempore
809 2200 940 2234 paulatim
959 2208 1013 2226 rem

232 2248 300 2282 ﬁeri,
317 2252 345 2273 ut
370 2246 523 2282 quandoque
546 2247 694 2274 universum
718 2247 766 2274 hac
787 2246 1012 2281 conﬂagraturum

232 2293 404 2322 crederemus.
426 2293 496 2326 Quin
513 2293 546 2320 ad
563 2293 704 2320 Manichaei
720 2300 828 2327 quoque
847 2291 1010 2324 doctrinam,

232 2344 387 2376 quanquam
407 2340 481 2366 nulla
493 2339 586 2366 nititur
603 2339 653 2366 ﬁde
667 2345 699 2365 ac
712 2338 826 2370 ratione,
843 2337 936 2365 eadem
947 2341 1013 2372 puto

232 2385 375 2420 responsio
389 2388 537 2420 congruat,
560 2384 628 2411 nihil
643 2384 699 2410 haec
712 2383 877 2410 decrementi
894 2381 1012 2409 fecisse:

231 2429 280 2458 sed
298 2435 325 2458 et
340 2429 424 2458 fuiSSe
439 2431 524 2465 prius,
537 2429 597 2464 ejus
609 2429 788 2464 temporibus,
800 2428 847 2463 qui
857 2427 1012 2454 mortalium

232 2475 335 2510 primus
351 2475 477 2502 conditus
488 2478 539 2506 est,
555 2481 618 2501 cum
630 2472 713 2500 lrater
725 2472 835 2499 fratrem
852 2471 973 2504 sustulit,
986 2474 1012 2498 et

232 2528 305 2548 nunc
323 2521 410 2548 adhuc
425 2528 504 2548 esse:
520 2520 667 2554 eademque
682 2519 762 2550 bella,
775 2523 801 2545 et
817 2517 939 2545 diversas
954 2525 1013 2543 rna-

233 2567 273 2601 gis
285 2566 446 2601 cupiditates
460 2574 492 2597 ac
505 2565 638 2593 libidines.
653 2563 769 2591 Docebat
784 2567 874 2590 autem
888 2563 955 2594 haec.
970 2563 1011 2590 vel

233 2613 256 2639 si
272 2620 326 2639 non
340 2616 523 2643 cessaverant,
535 2614 609 2638 certe
634 2610 736 2639 minuta
751 2617 821 2640 esse,
836 2613 865 2635 ut
884 2614 910 2636 et
924 2615 1012 2643 quan-

233 2655 321 2691 doque
336 2661 455 2692 tempore
476 2660 615 2685 cessatura
643 2662 849 2691 augurarentur.
874 2654 942 2680 Dum
965 2661 1013 2680 au-

234 2706 287 2728 tem
307 2702 399 2729 eadem
417 2702 514 2730 exinde
530 2705 702 2737 perseverant
715 2721 722 2734 ,
745 2708 869 2736 quamam
887 2708 948 2735 spes
969 2699 1010 2726 lu-

234 2746 374 2774 turoruni?

1069 973 1176 1008 λέγεται
1198 973 1247 1008 μὲν
1261 973 1317 1008 μετ’
1333 972 1458 1007 οὐδεμιᾶς
1472 971 1644 1004 ἀποδείξεως·
1659 971 1715 999 ἑστι
1728 971 1760 999 δὲ
1775 973 1855 999 πιθα-

1069 1020 1112 1047 νὸν
1128 1019 1181 1046 οὐδ’
1196 1018 1355 1046 ὁπωστιοῦν.
1371 1018 1431 1055 Χρὴ
1450 1018 1478 1044 δὲ
1493 1018 1592 1053 ὁμοίως
1611 1019 1657 1045 καὶ
1673 1018 1739 1045 αὐτὸ
1762 1020 1854 1054 τυλεῖν

1069 1066 1122 1092 τῶν
1141 1065 1248 1092 οἰκείων
1264 1065 1361 1099 λόγων.
1375 1064 1411 1090 Τὸ
1428 1064 1476 1100 μὲν
1489 1063 1543 1100 γὰρ
1556 1064 1642 1091 αἴτιον
1658 1065 1753 1091 τούτου
1767 1065 1854 1091 ἐκεῖνο

1070 1109 1149 1142 εἶναι,
1171 1111 1244 1142 ὅπως
1271 1110 1353 1146 μηδὲν
1376 1110 1424 1145 μὲν
1479 1110 1573 1141 κακὸν,
1593 1109 1682 1143 ἀγαθὰ
1701 1109 1730 1136 δὲ
1753 1109 1851 1136 πάντα,

1072 1157 1142 1183 Ἔδει
1157 1155 1283 1192 μιχθῆναι
1296 1155 1344 1191 τὴν
1357 1155 1469 1190 δύναμιν
1493 1157 1525 1190 τῇ
1538 1155 1597 1192 ὕλῃ,
1611 1156 1680 1182 κατὰ
1694 1156 1757 1187 τοὺς
1770 1155 1852 1190 ἀθλην

1069 1202 1127 1234 τὰς,
1153 1203 1216 1234 τοὺς
1236 1203 1264 1228 ὲν
1290 1202 1329 1238 τῷ
1357 1202 1557 1241 συμπλέκεσθαι
1587 1201 1853 1237 καταγωνιι-ζομένοις

1067 1248 1130 1280 τοὺς
1152 1241 1323 1285 ἀντιπάίλους,
1338 1247 1391 1278 ἵνα,
1412 1247 1570 1282 κρατήσασα
1586 1246 1632 1273 τοῦ
1649 1247 1745 1277 κακοῦ,
1760 1246 1852 1281 παύσῃ

1069 1293 1133 1319 αὐτὸ
1149 1292 1194 1319 τοῦ
1214 1290 1292 1319 εἶναι.
1316 1288 1385 1318 Πολὺ
1401 1292 1428 1318 δὲ
1447 1290 1522 1326 οἶμαι
1543 1292 1713 1327 σεμνότερον,
1735 1292 1781 1318 καῖ
1803 1292 1853 1326 τῆς

1067 1337 1115 1363 τοῦ
1129 1336 1195 1363 Θεοῦ
1207 1336 1340 1372 ὑπεροχῆς
1360 1336 1479 1368 ἐπάξιον,
1492 1336 1522 1362 τὸ
1537 1336 1602 1371 ὁμοῦ
1619 1337 1733 1372 νοήματί
1744 1337 1798 1363 τῶν
1808 1336 1850 1362 ιν-

1068 1392 1122 1410 των
1148 1383 1276 1418 ἀφανίσαι
1304 1383 1352 1418 τὴν
1382 1382 1457 1418 ὕλην.
1486 1383 1554 1409 Ἀλλ’
1588 1382 1675 1418 οἶμαι,
1698 1383 1776 1409 τοῦτο
1801 1383 1852 1409 οὐκ

1069 1428 1239 1461 ἀπεδέξαντο,
1255 1428 1298 1455 διὰ
1313 1428 1343 1454 τὸ
1357 1428 1403 1454 καὶ
1419 1428 1465 1454 νῦν
1479 1428 1563 1454 κακόν
1576 1437 1602 1454 τι
1616 1428 1757 1464 ὑπάρχειν,
1773 1428 1787 1454 ὃ
1799 1428 1850 1463 τὴν

1069 1470 1134 1510 ὓλην
1161 1472 1231 1511 εἷναί
1253 1483 1328 1509 φασι.
1347 1474 1387 1500 Τὰ
1400 1473 1546 1509 πράγματα
1559 1473 1586 1500 δὲ
1600 1472 1674 1500 οὐδὲν
1693 1474 1792 1510 μᾶλλον
1804 1473 1849 1500 δύ-

1069 1527 1146 1546 ναται
1167 1519 1320 1546 παύσασθαι
1336 1519 1400 1547 ὄντα
1415 1519 1536 1551 τοιαῦτα,
1555 1519 1597 1546 ἵνα
1613 1528 1654 1552 τις
1671 1520 1700 1546 τὸ
1715 1519 1752 1555 μὴ
1767 1528 1850 1554 μετα-

1071 1565 1214 1592 ϐάλλεσθαι
1237 1566 1277 1597 εἰς
1293 1565 1327 1592 τὰ
1348 1565 1431 1601 χείρω
1451 1566 1509 1592 ἔνια
1531 1567 1705 1602 συγχωρήσῃ.
1728 1566 1801 1592 Ἔδει
1821 1566 1850 1593 δέ

1030 1596 1052 1627 C
1067 1619 1126 1637 τινα
1150 1610 1274 1646 αἴσθησιν
1295 1610 1420 1645 γενέσθαι
1443 1610 1545 1643 τούτου,
1568 1612 1607 1638 ὅτι
1635 1610 1751 1646 μετρίως
1775 1611 1850 1642 ὅπως

1067 1652 1166 1691 δήποτε
1184 1656 1300 1692 ὲμειὼθη
1317 1657 1413 1688 ταῦτα,
1430 1649 1474 1684 ἵνα
1497 1657 1543 1683 καὶ
1566 1657 1614 1688 τὰς
1636 1658 1675 1687 εἰς
1695 1656 1725 1682 τὸ
1754 1656 1849 1691 μέλλον

1066 1701 1174 1733 ἐλπίδας
1195 1701 1315 1737 βελτίους
1338 1702 1453 1738 ἔχωμεν.
1474 1702 1570 1734 Καλῶς
1586 1703 1640 1738 γὰρ
1660 1702 1691 1737 δὴ
1717 1702 1784 1738 πρὸς
1803 1702 1848 1729 τὸν

1066 1748 1186 1784 Ζήνωνος
1202 1749 1246 1775 τοῦ
1264 1750 1380 1781 Κιτιέως
1404 1751 1508 1786 εἴρηται
1526 1750 1614 1784 λόγον,
1635 1750 1664 1781 ὃς
1683 1745 1713 1775 τὸ
1732 1749 1786 1776 πᾶν
1803 1749 1849 1775 ὲκ-

1066 1794 1275 1831 πυρωθήσεσθαι
1285 1792 1381 1829 λέγων,
1396 1795 1460 1823 Πᾶν
1471 1797 1503 1822 τὸ
1518 1796 1602 1822 καῖον
1611 1796 1683 1829 ἕχον
1693 1795 1729 1821 οὐ
1743 1795 1847 1828 παύσῃ

1064 1839 1119 1873 ἕως
1149 1839 1223 1867 ὅλον
1247 1841 1364 1875 καύσῃ·
1388 1841 1436 1868 καὶ
1455 1843 1471 1868 ὁ
1486 1841 1570 1875 ἣλιος
1592 1840 1650 1874 πῦρ
1667 1840 1742 1872 ἐστι,
1759 1839 1809 1867 καὶ
1832 1839 1847 1865 ὃ

1063 1886 1126 1920 ἔχει
1142 1887 1177 1912 οὐ
1190 1887 1313 1916 καύσεις
1336 1886 1379 1919 Ἐξ
1395 1884 1424 1914 οὗ
1444 1888 1583 1923 συνήγετο,
1601 1886 1638 1917 ὡς
1653 1886 1731 1922 ᾤετο,
1749 1885 1778 1912 τὸ
1795 1885 1848 1911 πᾶν

1065 1931 1316 1967 ὲκπυρωθήσεσθαι.
1333 1932 1405 1967 Πρὸς
1423 1932 1452 1958 ὃν
1473 1941 1513 1964 τις
1534 1931 1587 1958 τῶν
1610 1930 1793 1967 χαριεστέρων
1807 1931 1846 1956 εἰ·

1065 1977 1177 2012 ρηκέναι
1201 1977 1325 2012 λέγεται·
1355 1977 1430 2004 Ἀλλ’
1455 1977 1511 2011 ἐγώ
1535 1984 1578 2004 τοι
1603 1976 1690 2011 χθὲς,
1715 1976 1763 2002 καὶ
1789 1975 1846 2008 πρὸ

1064 2022 1212 2054 ἐνιαυτοῦ,
1240 2023 1289 2049 καὶ
1313 2023 1367 2057 πρὸ
1395 2024 1534 2055 πλείονος
1555 2023 1665 2056 χρόνου
1686 2018 1777 2050 εἶδον.
1798 2021 1846 2046 καὶ

1064 2068 1121 2096 νῦν
1135 2070 1240 2103 ὁμοίως
1260 2068 1326 2103 ὁρῶ,
1345 2069 1434 2096 οὐδὲν
1445 2069 1503 2096 ὑπὸ
1515 2069 1567 2095 toﬁ
1582 2068 1670 2102 ἡλίου
1685 2067 1845 2099 πεπονθός.

1064 2114 1144 2149 Χρῆν
1164 2115 1197 2141 δὲ
1210 2115 1270 2142 σὺν
1284 2115 1381 2149 χρόνῳ
1395 2116 1458 2141 κατ’
1471 2114 1575 2149 ὀλίγον
1594 2114 1731 2149 γενέσθαι
1747 2112 1845 2143 τοῦτο,

1064 2161 1113 2186 ἵνα
1128 2161 1176 2188 καὶ
1189 2160 1232 2187 ὅτι
1247 2161 1319 2187 ποτὲ
1329 2159 1571 2195 ἑκπυρωθήσεται
1587 2159 1619 2187 τὸ
1639 2159 1712 2186 ὅλον
1726 2159 1846 2185 moreri-

1063 2214 1172 2241 σωμεν.
1190 2207 1244 2233 Καὶ
1268 2207 1335 2243 πρὸς
1355 2207 1399 2233 τὸν
1421 2207 1571 2241 Μανιχαίου
1590 2205 1622 2241 δὴ
1645 2205 1740 2239 λόγον,
1758 2205 1845 2231 καίτοι

1065 2252 1112 2278 σὺν
1120 2253 1230 2287 οὐδεμιᾷ
1243 2252 1462 2288 πίστειρηοέντα,
1476 2253 1492 2288 ἡ
1505 2251 1583 2287 αὑτὴ,
1595 2249 1681 2286 οἶμαι,
1690 2251 1844 2286 ἀπόκρισιςο

1063 2299 1103 2325 ὅτι
1123 2298 1192 2324 Ἀλλ’
1218 2299 1293 2325 οὐδὲν
1308 2298 1425 2334 ὲμειώθη
1447 2297 1550 2324 ταῦτα·
1569 2297 1636 2324 ἀλλὰ
1653 2297 1699 2323 καὶ
1715 2296 1846 2332 πρότερον

1061 2340 1095 2379 ἦν
1108 2345 1153 2371 ἐπὶ
1170 2344 1216 2371 τοῦ
1232 2344 1338 2380 πρώτου
1354 2344 1498 2379 γενομένου
1515 2343 1670 2379 ἀνθρώπου,
1685 2343 1753 2369 ὅπου
1769 2341 1846 2368 ἀδελ-

1062 2390 1110 2424 φὸς
1128 2390 1241 2425 ἀδελφὸν
1258 2390 1396 2422 ἀπόλλυσι,
1412 2391 1459 2417 καὶ
1474 2389 1520 2417 νῦν
1536 2390 1575 2417 ἔτι
1591 2389 1657 2415 ἐστί’
1672 2388 1718 2414 καὶ
1733 2387 1846 2422 πόλεμοι

1062 2437 1086 2462 οἱ
1099 2436 1186 2467 αὐτοὶ,
1199 2436 1245 2462 καὶ
1254 2434 1444 2471 ποικιλώτεραι
1455 2435 1607 2469 ἐπιθυμίαι.
1621 2433 1697 2468 Χρῆν
1707 2431 1746 2463 δὲ,
1765 2432 1789 2457 εί
1802 2432 1847 2456 καὶ

1066 2481 1102 2516 μὴ
1119 2481 1282 2512 πεπαῦσθαι,
1304 2481 1470 2517 μεμειῶσθαι
1481 2483 1507 2515 γ’
1521 2479 1566 2507 οὖν
1581 2479 1677 2509 ταῦτα,
1695 2479 1738 2505 ἵνα
1755 2478 1846 2512 οἰηθῇ-

1064 2534 1164 2561 σωμεν,
1179 2527 1219 2553 ὅτι
1232 2528 1278 2553 καὶ
1292 2527 1428 2562 παύσηταί
1442 2536 1505 2553 ποτε
1520 2526 1567 2552 σὺν
1579 2525 1618 2560 τῷ
1631 2525 1728 2560 χρόνῳ.
1744 2524 1846 2550 Ὄντων

1063 2572 1091 2598 δὲ
1107 2573 1161 2599 τῶν
1178 2573 1266 2600 αὐτῶν
1281 2574 1394 2607 ἐκεῖθεν,
1416 2574 1458 2605 τις
1473 2574 1489 2608 ὴ
1510 2573 1600 2604 πίστις
1615 2571 1667 2598 τῶν
1685 2570 1725 2602 εἰς
1737 2569 1769 2596 τι
1787 2568 1846 2604 μέλ-

1063 2619 1107 2646 λον
1115 2627 1123 2651 ;
