1909 3069
236 91 286 120 ιὸί

723 89 920 118 ALEXANDRI
939 89 1092 119 EPISCOPI
1111 91 1363 120 LYCOPOLITANI

1794 99 1848 126 ΒΞ

272 148 372 176 Deinde
386 155 460 180 vero,
477 147 541 182 quid
557 150 598 174 cst
613 146 685 182 quod
700 151 777 174 terra:
791 147 856 175 vitio
871 151 1008 180 vertatur,

1074 173 1078 178 ,
1100 149 1215 176 Ἔπειτα
1235 150 1264 176 δὲ
1286 151 1312 177 τί
1335 151 1365 177 τὸ
1382 151 1506 187 ἔγκλημα
1524 153 1572 188 τῆς
1588 146 1650 189 γῆς,
1677 155 1701 181 εί
1726 157 1848 192 γεωργὸς

236 195 308 230 quod
319 202 377 222 eam
390 194 515 229 subigere
531 201 562 220 ac
577 200 703 220 exercere
719 193 835 229 agricola
849 193 1015 228 neglexerit?

235 241 307 277 quod
317 241 363 268 Dei
376 240 544 275 principatus
556 239 715 266 imminutus
728 243 778 271 est,
793 239 839 274 qui
853 240 880 265 in
893 239 958 273 justi
970 247 1015 266 ra-

237 289 309 316 tione
324 287 463 318 consistit,
486 294 548 313 cum
569 285 669 312 fuerint
691 285 751 320 ejus
765 286 872 320 quidem
890 286 942 312 alia
958 284 1014 312 fru-

235 340 326 362 ctuum
343 333 502 368 frugumque
521 331 636 364 feracia;
652 331 758 366 aliaque
776 331 913 358 contraria
925 331 1014 365 quali—

233 384 290 410 tate
312 380 440 415 praedita;
465 383 512 406 aut
537 385 599 405 cum
623 377 711 405 ventis
737 377 895 409 ruentibus,
917 385 1016 404 secun-

235 428 298 455 dum
323 427 402 453 aliam
418 425 561 456 rationem,
579 425 646 451 alios
670 423 731 451 inde
755 423 925 450 commodum
950 431 1013 451 sen-

234 473 297 503 tire,
314 472 382 499 alios
399 478 463 498 vero
489 472 571 498 etiam
595 470 693 497 invitos
709 469 778 496 mala
803 468 925 503 quaedam
942 468 1013 496 ferre

234 518 396 553 contigerit?
412 517 513 552 Nempe
540 517 663 544 nesciant
688 523 799 543 necesse
820 519 872 546 est,
889 522 1012 550 quamam

1062 194 1206 230 ἀμελήσειε
1222 196 1268 222 τοῦ
1281 196 1381 232 ταύτην
1393 198 1528 233 ὴμεροῦν;
1545 199 1585 225 ὅτι
1597 199 1780 236 ἠλάττωταιή
1800 201 1846 227 τοῦ

1062 239 1129 266 Θεοῦ
1147 240 1227 276 ἀρχὴ,
1243 241 1303 276 ἥτις
1317 242 1375 269 ἐστὶ
1397 242 1468 269 κατὰ
1485 243 1515 270 τὸ
1531 244 1643 276 δίκαιον,
1665 246 1704 272 ὅτ’
1725 245 1759 272 ἂν
1815 246 1848 273 τὰ

1065 286 1113 320 μὲν
1126 287 1240 321 καρπῶν
1253 286 1362 322 γόνιμα,
1377 287 1411 314 τὰ
1425 288 1454 314 δὲ
1469 288 1506 324 μὴ
1517 288 1628 317 τοιαῦτα
1638 299 1645 305 ·
1660 290 1676 325 ἢ
1689 291 1849 327 φερομένων

1062 331 1116 358 τῶν
1134 333 1296 368 πνευμάτων
1321 333 1381 360 καθ’
1395 334 1490 369 ἑτέραν
1507 335 1606 368 αἰτίαν,
1624 337 1686 369 τοὺς
1705 337 1756 372 μὲν
1775 337 1848 372 ὠφε-

1063 377 1176 410 λεῖσθαι,
1190 380 1252 410 τοὺς
1267 379 1296 406 δὲ
1317 380 1364 406 καὶ
1384 380 1520 423 decuma
1535 391 1595 408 τινα
1610 383 1769 418 ὑπομένειν,
1782 392 1849 419 συμ-

1065 423 1162 460 6αίνῃ;
1176 424 1305 460 ἀπείρους
1320 424 1430 458 τούτους
1444 425 1513 454 εἶναι
1533 428 1582 463 τῆς
1597 428 1650 455 τῶν
1665 429 1849 465 ἐνδεχομένων

1061 468 1171 502 φύσεως
1187 470 1234 497 καὶ
1251 471 1300 506 τῆς
1316 471 1369 498 τῶν
1385 473 1548 507 ἀναγκαίων.
1575 474 1652 501 Οὕτω
1667 475 1721 511 γὰρ
1742 476 1793 502 οὐκ
1815 476 1848 502 ἂν

1065 514 1099 541 τὰ
1114 515 1225 543 τοιαῦτα
1242 517 1439 552 ὲτερατεύοντο.

234 572 327 592 eorum
347 564 461 595 indoles,
475 571 536 598 quae
555 562 748 597 contingentia,
765 564 792 588 et
817 569 877 596 quae
901 562 1055 589 necessaria
1082 566 1154 590 sunt.
1183 562 1228 590 Sic
1243 563 1315 590 enim
1339 571 1394 590 non
1411 565 1474 591 talia
1497 565 1620 600 prodigio
1647 571 1786 594 verterent
1816 575 1847 594 ac

234 613 476 640 calumniarentur.

234 672 297 698 Car.
310 670 368 698 XV.
383 670 476 697 Libido
495 674 520 697 et
534 669 665 704 cupiditas
681 675 767 696 rerum
783 669 960 697 sentientium.
981 669 1129 697 Dazmones.
1153 670 1283 696 animalia
1297 670 1447 698 aentientia.
1473 670 1522 698 Sol
1533 671 1593 698 item
1616 675 1640 697 et
1656 671 1730 704 luna,
1749 674 1845 701 stellte.

843 704 989 736 Platonica,
1009 714 1060 732 non
1075 705 1232 732 Christiane.

270 764 347 792 Unde
375 763 457 798 igitur
483 761 607 796 voluptas
625 768 672 787 seu
700 760 785 787 libido
805 763 832 787 et
858 761 1012 796 cupiditas?

1098 761 1183 788 Πόθεν
1198 760 1244 788 οὖν
1262 762 1342 797 ἡδονὴ
1365 763 1410 788 καὶ
1434 762 1580 797 ἔπιθυμία;
1605 763 1696 789 Ταῦτα
1715 764 1770 800 γὰρ
1796 766 1848 800 μά-

234 811 295 839 Ilzec
315 809 386 837 enim
406 807 521 835 maxime
541 807 611 833 mala
625 813 686 833 esse
698 806 809 838 dicunt,
825 806 1008 841 Oderuntque;

1063 807 1139 834 λιιι-ια
1167 807 1239 834 κακὰ
1264 806 1333 835 εἶναι
1361 808 1467 842 λέγουσι
1490 809 1536 835 καὶ
1560 808 1848 845 διαμεμισήκασι·τὴν

234 863 283 884 nec
305 853 417 882 materia
438 852 511 879 aliud
536 851 681 886 quidquam
698 851 782 886 magis
793 851 927 880 videatur.
943 850 1013 879 Sane

233 901 305 937 qttod
321 901 376 931 haec
401 898 486 927 solum
505 898 666 924 animalibus
691 898 822 924 attineaut
849 905 908 932 qua:
930 905 1011 924 sensu

233 947 344 984 praedita
371 948 450 976 sunt,
474 944 601 978 nullaque
619 943 671 970 alia
700 951 742 970 res
760 951 840 978 quam
866 951 926 978 qua:
951 952 1012 971 sen-

233 994 313 1024 tiunt,
327 991 501 1027 cupiditatem
518 989 650 1024 percipiat
664 996 695 1016 ac
708 988 847 1016 libidinem
869 997 915 1016 seu
935 988 1009 1016 volu-

231 1044 341 1076 ptatem,
356 1036 529 1065 manifestum
547 1039 598 1063 est.
611 1035 678 1068 Quis
692 1036 764 1063 enim
776 1035 852 1070 stirpi
865 1035 1011 1070 voluptatis

230 1096 262 1114 ac
274 1086 389 1113 tristitia:
402 1083 558 1117 dolorisque
572 1082 689 1109 sensus?
702 1081 831 1114 Quisnam
844 1089 907 1109 vero
921 1087 1010 1114 terrae,

230 1138 306 1164 aqua:
319 1134 366 1156 aut
379 1129 452 1156 aeri?
465 1129 606 1157 Daemones
621 1137 696 1162 vero,
718 1130 740 1156 si
756 1130 864 1164 quidem
877 1135 940 1157 sunt
955 1130 1013 1156 ani-

230 1176 310 1203 malia
332 1182 413 1202 sensu
436 1176 544 1210 ptzedita
556 1195 563 1206 ,
579 1183 637 1202 eam
658 1175 726 1202 forte
743 1175 778 1202 ob
790 1183 846 1202 rem
859 1175 1013 1203 constitutis

229 1220 371 1248 sacriﬁciis
393 1228 426 1248 ac
450 1221 577 1256 legitimis
598 1221 776 1253 delectantur,
789 1228 913 1256 aegreque
923 1221 1013 1248 ferunt

228 1274 290 1292 cum
305 1266 349 1292 illa
363 1265 512 1293 defuerint:
529 1273 589 1292 cum
605 1265 673 1292 nihil
685 1265 818 1299 ejusmodi
828 1265 862 1293 de
875 1265 929 1293 Deo
939 1266 1013 1300 cogi-

230 1311 280 1337 tari
295 1310 390 1345 possit.
403 1309 485 1344 Igitur
497 1310 541 1344 qui
553 1310 646 1337 dicunt
659 1318 665 1335 :
678 1309 809 1342 Quidnam
823 1319 909 1338 causa
919 1315 956 1338 est
967 1319 1013 1337 cur

230 1359 358 1386 animalia
380 1357 510 1390 voluptate
533 1354 680 1389 afﬁciantur
702 1362 733 1380 ac
750 1353 911 1387 calliditate?
934 1354 1011 1389 prius

229 1407 291 1435 inde
302 1406 439 1441 querelam
456 1407 579 1431 moveant
590 1423 597 1433 .
613 1401 667 1429 Cur
681 1402 735 1428 lucc
748 1402 800 1428 sint
815 1410 892 1428 sensu
912 1401 1012 1434 prmiti-

229 1458 267 1482 ta,
285 1459 371 1486 Iluwva
385 1457 466 1475 causa
485 1449 518 1475 sit
530 1456 575 1474 cur
585 1447 640 1474 cibo
649 1446 802 1482 indigeant?
819 1446 855 1473 Ea
871 1454 936 1474 sane
953 1447 1012 1474 ani-

1062 853 1126 890 ὕλην
1139 854 1176 889 (4)
1208 854 1257 890 οὐχ
1272 855 1352 889 ἑτέρα
1370 854 1468 890 μᾶλλόν
1482 855 1565 882 ἐστιν.
1580 856 1640 882 ’Ότι
1655 856 1705 891 μὲν
1717 855 1765 884 οὖν
1782 859 1845 894 περὶ

1060 900 1094 926 τα
1110 899 1254 936 αίσθητικὰ
1274 899 1328 927 τῶν
1345 900 1421 932 ζώων
1445 901 1532 936 μόνων
1554 902 1611 928 ἐστὶ
1626 903 1722 936 ταῦτα,
1741 905 1789 931 καὶ
1801 905 1845 932 ού-

1060 946 1103 974 δὲν
1123 947 1216 982 ἕτερον
1231 947 1459 983 ἀντιλαμϐάνεται
1476 947 1623 983 ἐπιθυμίας
1646 950 1692 976 καὶ
1713 950 1812 986 ἡδονῆς
1827 951 1845 987 ἢ

1059 991 1094 1018 τὰ
1107 992 1296 1028 αἰσθανόμενα,
1315 993 1439 1029 φανερόν.
1458 993 1524 1020 Ποία
1536 994 1591 1030 γὰρ
1606 996 1731 1032 αῐσθησις
1749 997 1846 1033 ἡδονῆς

1061 1038 1106 1064 καὶ
1122 1037 1208 1074 λύπης
1224 1038 1320 1074 φυτῷ;
1337 1039 1401 1065 ποία
1416 1039 1443 1065 δὲ
1458 1041 1504 1074 γῇ,
1520 1039 1596 1066 ὕδατι
1611 1041 1626 1076 ἢ
1644 1041 1721 1076 ἀέρις
1741 1043 1772 1068 Οἱ
1786 1042 1845 1068 δαί-

1062 1083 1140 1118 μονές
1156 1091 1196 1112 τε.
1219 1082 1299 1119 εἴπερ
1325 1084 1393 1109 εἰσιν
1416 1083 1532 1119 αἰσθητὰ
1548 1083 1585 1119 (5)
1608 1083 1675 1116 ζῶα,
1695 1085 1740 1112 διὰ
1765 1086 1846 1112 τοῦτο

1062 1129 1126 1160 ἴσως
1152 1129 1207 1160 τοῖς
1231 1129 1433 1164 νενομισμένοις
1458 1130 1522 1165 περὶ
1541 1130 1590 1162 τὰς
1611 1130 1704 1163 θυσίας
1722 1132 1844 1167 ἥδονται,

1061 1174 1108 1199 καὶ
1130 1173 1350 1209 ἀπολειπομένων
1373 1174 1565 1210 δυο-φοροῦσιν³
1591 1176 1696 1208 οὐδενὸς
1720 1178 1844 1205 τοιούτου

1061 1219 1123 1254 περὶ
1143 1219 1210 1245 Θεοῦ
1233 1219 1396 1246 ἐπινοεῖσθαι
1412 1220 1572 1256 δυναμένου.
1595 1223 1627 1248 Oi
1654 1222 1686 1258 δὴ
1706 1221 1842 1256 λέγοντες·

1060 1265 1111 1291 Διὰ
1128 1265 1156 1291 τί
1179 1263 1281 1298 ἣδεται
1297 1265 1345 1292 καί
1366 1265 1503 1300 ἐπιθυμεῖ
1520 1266 1554 1293 τὰ
1571 1266 1641 1298 (tua;
1658 1268 1843 1295 αἰτιάσθωσαν

1060 1311 1201 1348 πρότερον’
1219 1312 1270 1338 Διά
1283 1312 1312 1338 τί
1324 1313 1409 1339 ἐστιν
1421 1314 1579 1346 αισθητικὰ
1592 1314 1685 1340 ταῦτα
1693 1322 1703 1345 ;
1717 1315 1736 1348 ἢ
1753 1314 1804 1341 διὰ
1816 1315 1845 1341 τι

1060 1358 1173 1393 τροφῆς
1187 1358 1293 1389 defeat;
1313 1359 1361 1385 Ἂν
1378 1359 1426 1394 μὲν
1445 1358 1498 1394 γὰρ
1518 1357 1551 1394 ἦν
1575 1359 1694 1386 ἀθάνατα
1710 1359 1780 1391 ζῶα,
1796 1359 1844 1387 καὶ

1061 1403 1162 1439 φθορᾶς
1174 1404 1220 1430 καὶ
1232 1404 1317 1440 αὕξης
1333 1404 1513 1439 ἀπήλλακται,
1525 1402 1580 1430 οἷον
1595 1403 1668 1439 ἣλιος
1680 1405 1728 1431 καὶ
1743 1405 1842 1441 σελήνη

1062 1449 1107 1475 καὶ
1120 1449 1243 1484 ἀστέρες,
1257 1449 1344 1476 καίτοι
1356 1449 1421 1476 ὄντα
1437 1449 1591 1484 αἰσθητικά·
1608 1450 1684 1482 ἐκτὸς
1699 1450 1727 1477 δὲ
1739 1451 1844 1477 τούτων

228 1498 308 1525 malia
322 1503 382 1531 quae
395 1495 555 1522 immortalia
569 1497 656 1524 erant,
669 1500 683 1519 a
698 1493 882 1528 corruptionis
896 1493 1007 1520 interitu

1061 1495 1117 1521 ἐστὶ
1139 1496 1186 1521 καὶ
1209 1495 1258 1529 τῆς
1273 1495 1400 1530 τοιαύτης
1416 1496 1567 1527 αίτιάσεως.
1594 1496 1621 1522 '0
1638 1496 1666 1522 δὲ
1687 1496 1843 1532 ἄνθρωπος,

228 1547 425 1578 augmentoque
445 1540 521 1568 fuere
543 1541 664 1572 liberata,
677 1539 829 1575 cujusmodi
844 1542 908 1567 sunt
922 1539 964 1567 sol
980 1543 1007 1567 et

227 1591 288 1618 luna
302 1595 328 1616 et
345 1589 449 1619 stellat,
478 1595 631 1622 quanquam
651 1591 714 1614 sunt
736 1586 793 1613 haec
816 1586 897 1613 etiam
924 1594 1006 1613 sensu

226 1636 336 1672 praedita
350 1645 355 1661 :
373 1639 446 1662 extra
464 1637 554 1660 tamen
567 1633 624 1660 hac
639 1636 713 1666 sunt,
731 1632 852 1667 nihilque
867 1632 931 1659 huic
951 1632 1005 1659 cri-

1060 1541 1106 1567 καὶ
1127 1540 1265 1568 αἰσθέσθαι
1288 1542 1336 1567 καὶ
1358 1541 1460 1576 κρίνειν
1474 1541 1630 1577 δυνάμενος,
1656 1543 1704 1570 καὶ
1728 1543 1843 1576 δυνάμει

1061 1587 1140 1621 σοφὸς
1165 1586 1236 1621 (ἔχει
1254 1587 1307 1622 γὰρ
1322 1586 1434 1622 δύναμιν
1450 1587 1568 1620 τοιοῦτος
1584 1588 1842 1624 γενέσθαι),ἀπολα-

1059 1633 1113 1659 ϐὼν
1127 1632 1157 1658 τὸ
1171 1632 1236 1659 ἴδιον
1252 1632 1293 1668 δὴ,
1309 1634 1468 1663 καταπατεῖ.

225 1684 366 1713 minationi
379 1683 507 1710 obnoxia.
522 1680 609 1709 llomo
628 1685 727 1713 autem.
744 1688 805 1708 cum
817 1684 843 1707 et
863 1688 945 1708 sensu
962 1681 1001 1707 uti
1029 1680 1117 1707 valeat
1130 1684 1157 1708 et
1186 1680 1319 1714 judicare.
1336 1681 1425 1716 sitque
1440 1682 1558 1716 potentia
1575 1682 1683 1717 sapiens
1713 1681 1842 1718 (potesta.

225 1737 279 1759 tein
294 1731 363 1758 enim
375 1729 454 1757 habet
468 1733 496 1756 ut
508 1729 569 1756 talis
583 1728 764 1764 ﬁat),accepto
778 1728 848 1763 quod
861 1728 999 1763 preprium
1014 1732 1066 1759 est.
1078 1727 1144 1754 illud
1161 1728 1289 1755 nimirum
1303 1729 1454 1756 conculcat.

225 1790 290 1817 CAP.
306 1788 462 1824 XVLQuad
478 1787 711 1824 sapientesaliqut'.
728 1786 872 1824 "litt-[pellit
886 1787 990 1824 et_alios
1005 1794 1070 1813 esse.
1078 1785 1236 1824 Diligentia
1246 1791 1270 1813 et
1282 1787 1369 1824 studio
1384 1787 1505 1824 paranda
1518 1789 1609 1815 virtus.
1629 1789 1741 1816 Sunion
1756 1789 1841 1824 philo-

327 1823 418 1858 sophia
433 1820 547 1849 homines
559 1824 592 1849 ad
608 1820 702 1848 bonum
718 1822 884 1855 provehendi.
904 1820 1045 1848 Commune
1060 1820 1162 1848 virtutis
1177 1822 1294 1849 stadium
1308 1831 1322 1849 a
1338 1822 1443 1850 Christo
1455 1823 1572 1850 onmibus
1586 1829 1714 1857 apertum.

259 1884 374 1911 Prorsus
388 1883 458 1911 enim
473 1890 561 1918 opera:
580 1882 696 1917 pretium
709 1890 742 1909 ex
759 1882 802 1909 his
819 1882 884 1909 viris
901 1890 1007 1917 quaera-

224 1938 285 1958 mus
298 1940 305 1957 :
318 1929 447 1957 Nullusne
464 1928 602 1955 hominum
619 1928 758 1956 studiosus
770 1929 856 1963 possit
872 1929 986 1956 evadere
997 1947 1004 1960 ,

224 1983 258 2003 an
274 1977 390 2011 aliquem
420 1975 558 2010 contingat
583 1975 712 2001 virtutem
739 1974 898 2009 capessere?
921 1974 960 2001 Ac
982 1974 1005 2001 si

224 2023 330 2058 quidem
343 2029 422 2050 nemo
436 2022 554 2056 sapiens.
564 2020 629 2055 quid
643 2021 701 2055 ipse
711 2020 819 2048 tandem
830 2020 1006 2047 Manichacus?

224 2069 300 2095 Mitto
313 2069 384 2095 enim
402 2076 455 2095 non
463 2068 551 2095 solum
563 2068 632 2094 alios
647 2066 785 2094 studiosos
797 2067 902 2099 dicere;
917 2066 963 2094 sed
977 2069 1004 2093 et

223 2115 291 2142 alios
309 2114 430 2146 idoneos,
446 2113 492 2148 qui
508 2113 575 2140 tales
599 2112 710 2144 faciant,
729 2120 781 2140 non
798 2115 904 2140 adesse.
927 2111 1004 2145 Quod

1096 1883 1181 1914 Ὂλως
1200 1882 1254 1918 γὰρ
1275 1883 1349 1916 ἄξιον
1375 1882 1505 1910 πυθέσθαι
1524 1883 1623 1909 τούτων
1647 1883 1701 1909 τῶν
1723 1883 1840 1919 ἀνδρῶν,

1059 1928 1170 1963 πότερον
1189 1928 1284 1955 οὐδένα
1308 1928 1448 1964 ἄνθρωπον
1468 1928 1579 1955 δυνατὸν
1599 1929 1739 1956 σπουδαῖον
1765 1931 1840 1964 γενέ-

1058 1974 1128 2006 σθαι,
1145 1975 1161 2009 ἢ
1176 1975 1235 2001 τινά
1251 1983 1281 2009 γε
1296 1974 1444 2009 ὲνδέχεται;
1460 1975 1490 2000 Εἰ
1509 1975 1557 2010 μὲν
1569 1974 1622 2010 γὰρ
1634 1975 1721 2006 οὐδεὶς
1746 1976 1839 2009 σοφὸς,

1057 2019 1082 2045 τί
1104 2019 1202 2055 δήποτε
1224 2019 1303 2051 αὐτὸς
1322 2020 1336 2046 ὁ
1360 2020 1522 2054 Μανιχαῖος;
1551 2019 1603 2046 Ἐὼ
1622 2019 1686 2055 γὰρ,
1710 2019 1753 2046 ὅτι
1777 2021 1839 2051 τοὺς

1057 2063 1152 2096 ἄλλους
1174 2064 1203 2091 ού
1227 2064 1305 2099 μόνον
1329 2064 1487 2095 σπουδαίους
1510 2062 1577 2090 εἶναι
1598 2064 1687 2099 λέγει·
1705 2064 1775 2091 ἀλλὰ
1793 2065 1838 2092 καὶ

1057 2110 1152 2141 ἄλλους
1172 2110 1253 2145 φησὶν
1278 2111 1385 2140 ἱκανοὺς
1407 2107 1474 2136 εἶναι
1496 2109 1630 2141 τοιούτους
1655 2110 1779 2146 ποιῆσαι.
1807 2111 1837 2137 El

223 2160 245 2188 si
258 2159 369 2188 omnino
387 2159 484 2195 aliquis
497 2163 550 2190 est,
563 2158 629 2193 quid
642 2162 714 2186 vetat
726 2166 820 2186 omnes
830 2159 932 2193 pariter
943 2163 1002 2186 stu-

1061 2156 1076 2182 i‘
1099 2155 1166 2187 ὅλως
1189 2156 1248 2182 ἐστί
1271 2165 1321 2187 τις,
1346 2156 1372 2182 τί
1398 2154 1496 2182 κωλύει
1516 2155 1562 2182 καὶ
1581 2156 1685 2187 πάντας
1709 2155 1837 2190 γενέσθαι

221 2206 314 2234 diosos
330 2206 462 2233 evadere?
475 2205 553 2238 Quod
569 2206 642 2234 enim
665 2205 700 2233 de
723 2213 778 2232 uno
792 2226 799 2237 ,
827 2205 860 2232 de
878 2205 1003 2233 omnibus

220 2259 329 2287 quoque
340 2252 501 2287 contingens
524 2256 581 2285 est;
599 2255 626 2279 et
639 2259 755 2286 quorum
778 2258 859 2284 opera
872 2250 1004 2285 quibusve

220 2298 317 2325 mediis
334 2305 404 2325 unus
415 2318 422 2330 ,
444 2298 537 2326 iisdem
553 2303 580 2325 et
594 2306 689 2325 omnes
706 2298 814 2324 virtutis
834 2304 923 2323 arcem
938 2304 1002 2332 pos~

220 2343 275 2370 sint
288 2344 409 2378 arripere
422 2352 430 2370 ι
444 2343 496 2372 nisi
506 2344 569 2378 quid
583 2344 729 2378 plurimum
743 2343 850 2370 virtutis
862 2350 893 2370 ac
909 2347 1003 2377 poten-

219 2387 263 2414 tiae
277 2387 370 2415 dicunt
385 2388 484 2415 talibus
498 2387 653 2415 intercludi.

255 2432 361 2460 Rursus
378 2433 460 2468 igitur
471 2434 587 2468 primum
607 2442 613 2459 :
638 2433 704 2464 Quae
727 2434 877 2458 necessutas
901 2431 1003 2459 laboris

220 2478 253 2505 ad
262 2478 440 2513 capessendas
454 2478 612 2514 disciplinas
624 2478 716 2514 (liceat
726 2477 798 2504 enim
807 2481 833 2504 et
844 2476 1002 2503 dormienda

218 2524 346 2552 virtutem
360 2524 514 2559 nancisci)?
533 2528 581 2551 aut
602 2531 663 2559 qua:
674 2531 757 2551 causa
772 2527 814 2551 est
826 2530 876 2550 cur
892 2522 941 2548 viri
957 2521 1002 2549 isti

219 2570 356 2597 auditores
367 2578 432 2598 suos
445 2570 616 2605 potissimum
629 2570 656 2596 in
671 2577 745 2604 spem
756 2569 862 2603 erigant
877 2568 1003 2602 parandae.

219 2615 370 2643 honestatis
383 2621 463 2651 atque
476 2616 603 2643 virtutis?
616 2615 684 2642 Nam
704 2614 756 2642 etsi
773 2614 924 2641 volutantes
936 2621 998 2640 cum

218 2662 424 2693 meretricibus,
447 2662 586 2696 proprium
610 2661 712 2688 bonum
735 2659 856 2688 nancisci
881 2659 996 2695 possint.

217 2705 293 2738 Quod
308 2707 331 2734 si
345 2707 486 2742 disciplina
504 2707 654 2741 meliorque
671 2706 805 2734 institutio
816 2713 847 2733 ac
861 2705 996 2738 educatio,

250 2791 289 2824 (ι’)
313 2793 370 2821 Thr
382 2794 468 2823 ὓλην.
482 2795 517 2821 Ἤ
530 2802 558 2820 τε
574 2794 634 2824 ὕλη.

1056 2201 1230 2232 σπουδαίους;
1251 2202 1283 2227 Ὃ
1303 2200 1357 2237 γὰρ
1370 2201 1433 2237 περὶ
1448 2201 1507 2232 ἕνα,
1528 2202 1576 2228 καὶ
1593 2202 1655 2236 περὶ
1672 2201 1777 2233 πάντας
1793 2203 1836 2228 ὲν-

1054 2247 1174 2282 δέχεται·
1193 2247 1239 2274 καὶ
1255 2249 1286 2274 δι’
1305 2245 1342 2274 ὧν
1361 2249 1408 2274 καὶ
1423 2245 1472 2279 εἷς,
1489 2248 1532 2276 διὰ
1548 2249 1649 2276 τούτων
1671 2249 1718 2275 καὶ
1734 2249 1836 2280 πάντες

1055 2293 1175 2328 ἑνάρετοι
1194 2293 1226 2320 ἂν
1244 2294 1379 2328 γένοιντο·
1394 2295 1418 2320 εξ
1434 2294 1470 2329 μὴ
1488 2294 1515 2320 τί
1530 2303 1609 2328 φασιν
1625 2294 1674 2329 τῆς
1694 2295 1835 2330 δυνάμεως

1054 2337 1176 2364 πλεῖστον
1189 2339 1243 2369 τοῖς
1258 2339 1386 2370 τοιούτοις
1400 2338 1679 2374 ὲναπολαμὸάνεσθαι.

1088 2427 1170 2454 Πάλιν
1183 2429 1271 2454 τοίνυν
1288 2428 1395 2463 πρῶτον
1412 2429 1470 2464 μέν·
1488 2430 1536 2461 Τίς
1551 2430 1630 2466 χρεία
1643 2430 1689 2456 τοῦ
1707 2431 1773 2466 περὶ
1786 2431 1834 2466 τὴν

1051 2474 1190 2500 παίδευσιν
1214 2474 1296 2500 πόνου
1338 2475 1500 2510 (γενοίμεθα
1525 2476 1578 2511 γὰρ
1602 2476 1634 2502 ἂν
1658 2476 1833 2508 καθεύδοντες

1051 2520 1230 2557 σπουδαῖοι);
1250 2521 1267 2556 ἢ
1296 2521 1339 2548 διὰ
1360 2521 1387 2547 τί
1413 2522 1529 2557 μάλιστα
1556 2522 1618 2553 τοὺς
1642 2522 1833 2557 ἀκροωμένους

1050 2566 1138 2592 αὐτῶν
1151 2566 1176 2592 οἱ
1188 2566 1301 2593 τοιοῦτοι
1318 2566 1413 2602 ἄνδρες
1428 2568 1467 2598 είς
1485 2567 1595 2599 ἐλπίδας
1616 2567 1711 2601 ἄγουσι
1725 2568 1773 2594 τοῦ
1788 2577 1833 2595 κα-

1049 2612 1112 2645 λοῦ;
1130 2613 1185 2639 Καὶ
1201 2612 1253 2648 γὰρ
1271 2613 1472 2648 καλινδούμενοι
1497 2613 1544 2640 σὺν
1566 2614 1625 2644 ταῖς
1649 2613 1781 2649 ἑταίραις,
1804 2614 1834 2640 τὸ

1049 2658 1146 2685 οἰκεῖον
1165 2658 1249 2694 ἓχειεν
1271 2658 1304 2685 ἃν
1327 2659 1437 2693 ἀγαθόν.
1455 2659 1486 2686 Εἰ
1502 2660 1530 2685 δὲ
1549 2659 1566 2694 ἡ
1589 2659 1728 2691 παίδευσις
1746 2660 1794 2686 καὶ
1816 2661 1833 2695 ἠ

1051 2704 1208 2739 περιαγωγὴ
1226 2704 1242 2739 ἡ
1257 2704 1368 2739 βελτίων
1383 2704 1430 2731 καὶ
1446 2704 1476 2732 τὸ
1489 2705 1630 2732 σπουδαῖον
1645 2706 1709 2742 περὶ
1720 2706 1770 2742 τὴν
1783 2706 1833 2742 τῆς

1084 2793 1120 2824 (5)
1142 2793 1282 2826 Αίσθιῖτά,
1295 2793 1452 2825 Alcen-nua.
