1909 3069
75 182 122 210 £53

78 240 170 277 ἀρετῆς
183 240 320 276 ἀνάληψιν
337 242 455 268 τοιοῦτον
471 242 550 269 αὑτὸν
567 243 772 278 ὲπειργάσαντο,
791 243 858 269 πάν·
873 251 895 279 Α

77 295 119 318 τες
139 287 311 320 γινέσθωσαν
332 288 458 320 τοιοῦτοι,
481 289 527 314 καὶ
543 289 676 324 ἀνῄρηται
695 287 711 321 ἠ
732 288 858 324 θρυλλου-

80 333 142 368 μένη
157 332 204 360 ὑπ’
217 333 311 360 αὐτῶν
327 334 378 369 τῆς
395 335 460 370 ὖλης
475 335 588 366 ἄτακτος
601 335 716 370 κίνησις.

112 423 181 450 Πολὺ
196 423 227 449 δὲ
249 423 361 450 κάλλιον
380 422 413 460 ἦν
430 424 480 459 τὴν
498 424 592 458 σοφίαν
610 425 691 452 ὅπλον
709 426 789 460 φάναι
804 428 861 458 τοῖς

80 469 230 505 ἀνθρώποις
243 471 298 496 ὑπὸ
311 470 358 497 τοῦ
373 470 439 496 Θεοῦ
453 470 584 502 δεδόσθαι,
603 471 636 497 ἵν’
654 471 669 498 ὅ
683 473 756 498 ἐστιν
772 473 861 504 αὐτοῖς

79 516 120 542 διὰ
139 516 170 542 τὸ
191 516 361 551 αῑσθτιτικοίς
380 514 449 543 εἶναι
469 516 498 550 ἐξ
516 517 665 552 ἐπιθυμίας
688 519 734 544 καὶ
756 518 860 554 ἡδονῆς,

80 562 156 588 τοῦτο
179 562 251 589 κατὰ
279 562 376 598 μικρὸν
396 564 435 594 εἰς
459 562 489 588 τὸ
509 563 608 597 ἀγαθὸν
631 564 807 599 περιάγουσα.
834 564 863 591 τὸ

80 609 212 644 ἑπόμενον
227 608 327 635 ἄτοπον
344 609 373 642 ἐξ
389 608 476 636 αὔτῶν
499 609 581 646 ἀνέλῃ
591 617 598 624 ⁸
616 609 701 641 οὕτως
717 609 771 646 γὰρ
791 607 862 637 οὗτοι

80 662 117 687 τε,
143 654 246 690 ἀρετὴν
269 655 495 690 ἐπαγγελλόμενοι
524 655 668 688 διδάσκειν,
693 656 806 692 ζηλωτοὶ
830 657 864 684 ἂν

80 697 149 734 ἦσαν
163 701 215 734 τῆς
230 700 386 736 προθέσεως
405 701 452 728 καὶ
471 701 517 728 τοῦ
535 701 608 736 βίου·
626 701 709 737 πολλή
729 710 758 728 τε
783 701 815 728 ἂν
830 700 863 737 ἦν

81 745 156 776 ἐλπὶς
172 745 232 776 τοῦ,
255 746 295 772 ὃτι
312 746 377 772 ποτὲ
393 746 524 773 παύσεται
540 747 574 773 τὰ
591 747 674 779 κακὰ,
692 747 800 774 πάντων
819 756 864 782 γε-

81 792 200 826 νομένων
224 792 323 826 σοφῶν.
345 793 376 819 ‘0
393 793 466 819 δοκεῖ
481 802 525 827 μοι
542 795 766 828 κατανενοηκέναι
780 795 794 821 ό
813 795 863 829 Ὶη-

82 837 162 868 σοῦς·
184 838 232 864 καὶ
257 838 301 865 ἵνα
326 839 363 874 μὴ
384 839 582 874 ἀπεληλαμένοι
607 837 656 866 ὦσι
691 840 735 866 τοῦ
761 840 863 874 ἀγαθοῦ

81 883 198 918 γεωργοί
219 892 248 910 τε
265 883 312 910 καὶ
328 884 450 916 τέκτονες
467 885 512 911 καὶ
534 885 668 920 οἰκοδόμοι
686 886 733 912 καὶ
751 886 776 912 oi
791 885 864 912 ἄλλοι

83 929 134 954 ἀπὸ
157 928 212 955 τῶν
239 929 349 964 τεχνῶν,
370 930 456 957 κοινὸν
477 930 611 966 συνέδριον
627 931 735 958 καθίσαι
756 931 864 958 πάντων
881 939 900 966 Β

83 976 165 1010 ὁμοῦ·
193 977 240 1002 καὶ
261 976 304 1003 διὰ
325 977 418 1003 ἁπλῶν
442 977 488 1004 καὶ⁸
512 978 630 1005 εὐκόλων
647 978 801 1011 διαλέξεων,
818 979 864 1005 καὶ

84 1021 122 1052 εἰς
141 1020 209 1047 Θεοῦ
231 1021 334 1048 ἔννοιαν
355 1023 451 1053 αὐτοὺς
467 1024 671 1059 ἀπενηνοχέναι,
695 1024 741 1050 καὶ
755 1024 801 1050 τοῦ
815 1033 864 1050 κα-

84 1067 128 1092 λοῦ
141 1067 182 1099 εἰς
199 1067 347 1103 ἐπιθυμίαν
362 1068 450 1094 ἐλθεῖν
465 1069 584 1099 ποιίσαι,

518 182 727 211 TRACTATUS
746 183 791 210 DE
810 183 965 211 PLACITIS
982 182 1258 211 MANICIIALIRUM.

1636 182 1687 212 ⁸51

909 242 1102 278 diligentiaque
1114 249 1147 271 ac
1162 243 1293 270 sedulitas
1308 244 1478 279 percipienda
1493 245 1592 271 virtute
1607 244 1687 272 talem

911 297 972 316 eum
989 288 1148 320 reddidere,
1169 296 1263 316 omnes
1280 290 1347 317 tales
1362 289 1425 317 ﬂant
1437 310 1443 319 .
1459 290 1636 324 sublatusque
1647 293 1690 316 est

912 334 946 361 ab
974 334 1014 361 eis
1033 335 1185 362 celebratus
1207 335 1496 370 dccantatissimusque
1519 336 1689 363 inordinatus

913 380 1031 406 materia:
1044 383 1143 407 motus.

949 425 1040 460 Longe
1059 434 1124 453 vero
1143 430 1293 461 prmstaret,
1311 430 1340 453 ut
1364 426 1505 459 dicerent,
1530 427 1689 461 sapientiam

914 480 1045 507 organum
1060 480 1074 499 a
1090 472 1143 500 Deo
1156 473 1311 500 hominibus
1322 480 1490 503 concessam,
1506 477 1536 499 ut
1554 472 1624 506 quod
1637 472 1695 500 illis.

914 526 947 546 ex
962 519 1108 553 cupiditate
1123 523 1150 545 et
1165 519 1302 553 voluptate
1314 525 1361 546 seu
1381 518 1490 545 libidine
1505 518 1627 545 molitum
1638 522 1690 549 cst,

915 571 946 590 ea
962 563 1067 590 ratione
1081 572 1134 598 qua
1149 569 1212 590 sunt
1223 571 1305 591 sensu
1321 564 1436 598 praediti,
1455 563 1505 591 hoc
1520 564 1647 598 paulatim
1665 564 1692 591 in

916 610 1016 637 bonum
1031 609 1177 637 traducens
1188 631 1194 643 ,
1211 611 1281 644 quod
1305 611 1428 644 sequitur
1441 611 1588 637 absurdum
1605 610 1638 637 ab
1653 611 1693 637 eis

915 655 1044 682 auferret.
1061 654 1105 682 Sic
1119 657 1190 683 enim
1204 657 1319 691 ipsi,qui
1333 664 1362 683 sc
1374 656 1480 684 virtutis
1497 656 1621 683 doctores
1635 664 1695 691 pro-

917 699 1054 729 ﬁteantur.
1079 708 1112 727 ex
1135 701 1273 735 proposito
1290 702 1398 736 vilaque
1420 701 1562 728 tumulandi
1587 705 1692 732 essent;

916 754 1067 782 magnaque
1079 755 1142 782 spes
1157 747 1296 782 aﬁulgeret
1306 769 1312 779 ,
1332 748 1389 774 fore
1404 752 1433 774 ut
1449 747 1612 782 quandoque
1625 747 1694 773 mala

916 798 1065 824 cessarent,
1077 800 1139 819 cum
1165 800 1259 820 otnnes
1286 793 1421 827 sapientes
1435 792 1595 819 evasissent.
1614 792 1696 827 quue

917 839 984 867 adeo
1015 838 1095 866 Iesus
1128 837 1195 866 mihi
1224 838 1412 866 considerasse
1443 839 1567 871 videtur;
1596 846 1627 865 ac
1660 846 1695 866 ne

916 886 992 922 plebs
1013 885 1162 917 rusticana,
1179 885 1319 920 agricolae,
1343 885 1422 916 fabri,
1437 885 1612 916 cmmentarii,
1629 885 1693 912 reli-

915 933 1015 967 quique
1026 931 1145 959 artiﬁces
1153 937 1179 959 et
1187 932 1334 959 mechanici
1347 939 1361 958 a
1374 931 1446 958 bono
1457 935 1582 959 extorres
1595 937 1695 965 essent,

917 986 1061 1006 commune
1077 979 1197 1006 omnium
1224 978 1305 1006 simul
1326 978 1458 1005 conﬂasse
1473 978 1634 1010 concilium;
1665 985 1697 1005 ac

918 1026 1048 1061 simplicis
1077 1026 1218 1060 facilisque
1238 1025 1348 1060 alloquii
1372 1025 1623 1055 dissertationibus,
1638 1028 1696 1050 tum

917 1071 945 1098 in
956 1071 1002 1099 Dei
1016 1078 1063 1099 eos
1076 1079 1186 1099 sensum
1197 1071 1337 1102 extulisse,
1352 1075 1407 1098 tum
1421 1071 1447 1098 in
1460 1070 1523 1098 boni
1537 1070 1697 1104 honestique

916 1116 1079 1144 desiderium
1093 1117 1247 1144 adduxiSse.

85 1169 148 1196 CAP.
165 1168 247 1196 XVII.
265 1169 408 1206 Exagitata
421 1170 588 1199 Manichaica
606 1173 687 1200 virtus
700 1173 725 1198 in
742 1171 865 1214 Materia.
877 1173 905 1200 Si
919 1182 972 1235 ιιῗα
982 1174 1065 1201 virtus
1076 1179 1163 1201 creata
1178 1174 1233 1201 sine
1250 1173 1374 1206 Materia,
1388 1179 1412 1201 et
1428 1174 1543 1209 reliqum.
1566 1173 1655 1201 Virtus
1671 1175 1697 1200 in

767 1213 876 1235 materia
887 1217 935 1235 exn
948 1218 1005 1235 osa.

767 1213 876 1235 materia
887 1213 1005 1244 explosa.

125 1263 205 1290 Ἀλλὰ
216 1263 271 1298 γὰρ
284 1263 393 1290 πώποτε
409 1263 516 1297 λέγεται
526 1265 556 1290 τὸ
570 1263 746 1299 καταπέμψαι
760 1264 809 1299 τὴν
823 1264 868 1291 δύ-

86 1318 164 1344 ναμιν
184 1309 234 1345 τὴν
253 1309 328 1335 Θείαν
343 1310 358 1336 ὁ
382 1310 448 1341 Θεὸς
469 1310 514 1337 ἐπὶ
526 1310 574 1345 τὴν
597 1310 678 1344 ὗλην;
701 1310 731 1336 Εἰ
749 1310 797 1345 μὲν
813 1310 868 1346 γὰρ

85 1353 118 1390 ἦν
134 1355 188 1386 ἀεὶ,
211 1354 259 1382 καὶ
277 1355 338 1381 οὔτε
353 1355 367 1381 ὁ
381 1355 446 1387 Θεὸς
466 1355 597 1391 πρότερος
613 1356 696 1390 αὐτῆς
711 1355 867 1389 ἐπινοεῖται,

85 1401 145 1428 οὔτε
158 1401 175 1437 ἡ
197 1402 258 1436 ὓλη,
277 1403 351 1437 τρεῖς
371 1401 450 1428 πάλιν
464 1402 549 1434 οὕτως
561 1403 629 1428 εἰσὶν
645 1403 727 1438 ἁρχαὶ
741 1402 811 1429 κατὰ
823 1402 868 1428 τὸν

86 1449 244 1482 Μανιχαίον·
258 1448 328 1482 τάχα
344 1447 371 1474 δὲ
386 1448 432 1474 καὶ
444 1448 597 1483 πάμπολλαι
612 1448 774 1483 φανήσονται
785 1448 868 1481 ὀλεγω

86 1494 208 1530 ὓστερον.
227 1494 256 1520 El
268 1493 289 1519 δ’
298 1495 444 1530 ἐπιγενητή
462 1503 518 1526 πως
532 1495 599 1526 ἐστὶ,
612 1494 669 1526 πῶς
680 1494 745 1529 ὕλης
756 1495 867 1530 ἄμοιρος

86 1540 170 1575 αΰτή;
184 1541 216 1566 Εἰ
237 1540 266 1566 δὲ
283 1540 364 1575 μέρος
382 1541 439 1567 ἐστὶ
457 1540 502 1566 τοῦ
518 1540 595 1573 Θεοῦ,
611 1540 718 1576 πρῶτον
737 1540 785 1575 μὲν
807 1539 867 1566 σύν-

86 1586 162 1613 θετον
179 1587 226 1612 καὶ
244 1586 397 1621 σωματικὸν
416 1587 609 1621 ἀποφαίνουσιν
623 1586 709 1619 οὕτως
723 1587 767 1614 τὸν
784 1586 849 1613 Θεὸν
861 1594 868 1602 ·
883 1574 904 1603 C

86 1632 164 1658 τοῦτο
180 1632 208 1658 δὲ
225 1632 324 1659 ἄτοπον
336 1632 384 1659 καὶ
394 1633 532 1661 ἀδύνατον.
547 1634 579 1659 Εἰ
591 1634 619 1660 δὲ
634 1633 759 1668 ἐποίησεν
773 1632 868 1668 αὐτὴν,

88 1679 134 1705 καὶ
154 1677 221 1714 ὕλης
240 1678 352 1714 ἄμοιρός
368 1679 435 1711 ἐστι,
449 1678 581 1714 θαυμάζω
616 1679 670 1711 πῶς
686 1679 734 1706 οὐκ
753 1679 870 1714 ὲσχότπλ-

89 1732 149 1756 σαν,
165 1723 227 1750 οὔτε
242 1720 330 1757 οὗτος,
343 1724 404 1751 οὔτε
420 1720 504 1752 οϊὰπ⁹
516 1725 630 1757 ἐκείνου,
644 1726 696 1757 ὅτι,
708 1726 732 1752 εἱ
747 1725 780 1760 (ὃ
795 1725 870 1759 λέγε-

88 1780 132 1799 ται
147 1772 219 1799 κατὰ
241 1771 290 1807 τὴν
310 1772 395 1808 ἀληθῆ
411 1772 498 1805 δόξαν,
512 1773 552 1800 ὅτι
569 1772 602 1800 τὰ
617 1772 725 1807 ἑφεξῆς,
744 1772 870 1807 μένοντος

89 1817 135 1844 τοῦ
159 1817 239 1850 Θεοῦ,
265 1818 439 1849 ὑποστάσεως
459 1817 540 1853 εισὶ,)
566 1819 615 1854 τὴν
635 1818 747 1853 δυνάμιν
770 1818 871 1853 ταύτην

91 1863 200 1899 ἐποίησε
219 1863 382 1900 βουληθεὶςὸ
400 1864 474 1896 Θεὸς,
493 1863 551 1895 πῶς
570 1865 630 1899 οὐχὶ
650 1865 696 1890 καὶ
715 1863 768 1890 τῶν
783 1863 869 1890 ἄλλων

91 1908 218 1937 ἁπάντων
232 1909 285 1935 τῶν
306 1909 455 1944 γενομένων
478 1909 562 1941 αἴτιος
581 1910 697 1944 ἐγένετο,
712 1909 787 1936 οὐδὲν
807 1908 873 1944 ὕλης

91 1955 321 1991 προϋπαρχούσης
342 1955 533 1990 προσδεηθείς;
553 1955 594 1982 Τὰ
614 1956 662 1992 μὲν
679 1956 710 1991 δὴ
725 1956 874 1992 φαινόμενα

92 2002 178 2030 ἄτοπα
193 2003 226 2028 ἐκ
239 2002 335 2028 τούτου
349 2003 470 2034 τοιαῦτα,
485 2003 605 2038 ἑπόμενα
621 2003 648 2029 δὲ
664 2003 697 2029 τὰ
714 2003 784 2038 ἑξῆς.

954 1266 1106 1299 Enimvero,
1117 1266 1288 1302 quandonam
1314 1266 1389 1293 aiunt
1406 1265 1489 1293 Deum
1509 1265 1628 1293 divinam
1641 1265 1697 1292 vir-

919 1316 1002 1340 tutcm
1020 1313 1126 1353 misisse
1142 1313 1170 1340 in
1184 1313 1343 1340 materiam?
1354 1312 1420 1339 Nam
1433 1312 1456 1340 si
1467 1319 1573 1347 semper
1589 1315 1656 1342 erat.
1666 1319 1698 1339 ac

918 1367 1006 1394 neque
1020 1359 1092 1387 Deus
1106 1359 1180 1394 prior
1196 1359 1242 1386 illa
1263 1358 1421 1393 intelligitur
1433 1379 1440 1391 ,
1458 1366 1546 1394 neque
1565 1358 1677 1385 materia
1690 1366 1697 1390 ;

919 1406 959 1433 sic
974 1413 1069 1434 rursus
1089 1414 1121 1433 ex
1137 1405 1275 1433 Manichzei
1292 1405 1416 1432 doctrina
1438 1405 1489 1432 tria
1504 1409 1584 1432 erunt
1598 1404 1700 1439 princi-

922 1452 975 1486 pia.
995 1450 1076 1479 Forte
1090 1459 1152 1478 vero
1162 1451 1243 1479 etiam
1259 1452 1337 1486 longe
1363 1450 1476 1485 plurima
1491 1450 1571 1485 paulo
1584 1453 1645 1484 post
1660 1449 1700 1476 vi-

921 1497 1065 1524 debuntur.
1089 1497 1136 1524 Sin
1152 1502 1241 1524 autem
1266 1498 1411 1524 adventitia
1431 1500 1472 1524 est
1487 1500 1514 1523 et
1535 1503 1594 1531 quae
1608 1500 1701 1530 postea

920 1544 1062 1576 exstiterit,
1078 1552 1193 1579 quonam
1212 1544 1291 1570 modo
1312 1544 1430 1571 materiae
1458 1550 1554 1577 expers
1576 1541 1701 1570 exsistit?

922 1589 999 1623 Quod
1019 1590 1042 1617 si
1072 1589 1117 1617 Dei
1148 1595 1250 1624 partem
1280 1592 1421 1621 statuunt,
1448 1588 1564 1622 primum
1592 1586 1701 1621 quidem

923 1637 963 1664 sic
977 1636 1117 1663 sentiendo
1133 1635 1218 1662 Deum
1231 1635 1410 1669 compositum
1421 1641 1634 1668 corporeumque
1644 1636 1701 1659 tra-

923 1682 1000 1709 dunt.
1015 1681 1096 1716 Atqui
1122 1680 1173 1707 hoc
1195 1680 1341 1707 absurdum
1369 1684 1410 1707 est
1433 1687 1483 1706 nec
1500 1686 1614 1714 uSquam
1641 1686 1704 1706 esse

923 1728 1019 1762 possit.
1037 1726 1085 1754 Sin
1112 1731 1200 1754 autem
1219 1734 1279 1754 eam
1296 1726 1434 1757 condidit,
1460 1733 1493 1752 ac
1521 1725 1639 1752 materia:
1655 1732 1703 1752 ex-

924 1782 986 1809 pers
1003 1773 1119 1805 exsistit,
1135 1773 1219 1800 miror
1235 1772 1370 1807 quomodo
1392 1780 1446 1799 non
1461 1772 1634 1801 attenderint.
1651 1779 1702 1798 nec

924 1820 982 1855 ipse
994 1827 1044 1847 nec
1064 1819 1124 1854 ejus
1137 1817 1275 1852 discipuli,
1290 1818 1362 1853 quod
1378 1814 1407 1845 si'
1419 1817 1458 1853 (ut
1474 1818 1502 1844 in
1517 1825 1579 1844 vera
1594 1821 1702 1845 senten-

925 1866 961 1892 tia
976 1864 1085 1896 dicitur,
1102 1871 1162 1898 quae
1178 1863 1304 1897 deinceps
1319 1866 1526 1894 sunt,manente
1537 1861 1602 1894 Deo,
1619 1861 1703 1896 hypo-

925 1914 1011 1939 stases
1024 1910 1098 1946 sunt)
1113 1910 1182 1936 hanc
1197 1909 1268 1936 Deus
1281 1909 1405 1935 virtutem
1422 1908 1559 1935 voluntate
1572 1908 1703 1938 condidit,

925 1955 1061 1992 quomodo
1074 1962 1128 1982 non
1140 1955 1222 1983 etiam
1240 1954 1403 1989 reliquorum
1421 1953 1541 1980 omnium
1555 1960 1615 1987 qua:
1633 1952 1703 1979 facta

927 2005 1000 2033 sunt,
1013 2004 1107 2028 auctor
1122 2001 1181 2033 fuit,
1196 2000 1269 2027 nulla
1285 2000 1309 2027 ei
1321 1998 1473 2027 necessaria
1494 1999 1606 2026 materia
1619 2018 1626 2030 ,
1645 2006 1705 2032 qua:

92 2052 154 2076 ante
168 2048 320 2075 exstiterit?
338 2047 400 2076 Ilzec
416 2049 553 2076 enimvero
574 2057 634 2084 quae
649 2057 682 2076 ex
707 2057 738 2076 ea
756 2036 893 2083 opinione,
919 2051 1048 2083 apparent
1066 2047 1203 2080 absurda;
1228 2054 1288 2082 quae
1301 2053 1364 2074 vero
1381 2036 1601 2081 sequuntur,‘hic
1628 2045 1705 2072 dein-

92 2086 156 2131 cep's
169 2096 268 2131 posita.

126 2140 200 2178 'Apa’t
212 2152 244 2177 γε
262 2143 316 2179 γὰρ
338 2143 417 2177 φύσιν
438 2142 509 2179 εἶχεν
528 2145 544 2179 ἡ
560 2143 674 2179 δύναμις
693 2145 748 2180 ρεῐν
764 2145 810 2171 ἐπὶ
826 2144 874 2180 τὴν

95 2188 173 2224 ὓληνς
185 2190 216 2215 El
232 2189 307 2224 παρὰ
318 2190 396 2223 φύσιν
408 2187 441 2225 ἦν
453 2191 520 2225 αὐτῇ
530 2189 620 2222 τοῦτο,
631 2191 689 2222 πῶς
700 2187 745 2216 οὖν
758 2189 873 2225 ἑμίχθης

963 2142 1033 2177 Ergo
1049 2142 1105 2168 lnec
1118 2141 1224 2169 virtutis
1235 2144 1332 2168 natura
1346 2140 1395 2167 fuit
1406 2143 1486 2175 atque
1496 2139 1600 2167 indoles
1615 2141 1644 2166 ut
1654 2137 1705 2165 απ-

928 2188 1023 2216 ﬂueret
1038 2188 1065 2214 in
1079 2186 1241 2214 materiam?
1257 2186 1285 2213 Si
1301 2190 1398 2221 prater
1418 2190 1541 2212 naturam
1558 2187 1625 2216 erat,
1636 2191 1706 2217 quo-

94 2235 124 2260 Εἰ
147 2235 175 2261 δὲ
192 2236 264 2262 κατὰ
283 2236 362 2270 φύσιν
379 2233 413 2271 ἦν
432 2237 499 2272 αὐτῇ
519 2235 607 2266 τοῦτο.
630 2237 736 2268 πάντως
760 2245 810 2262 που
831 2236 876 2263 καὶ

928 2242 989 2261 nam
1007 2233 1089 2268 igitur
1103 2232 1182 2259 modo
1194 2232 1233 2259 illi
1247 2232 1390 2258 commista
1415 2230 1478 2258 est?
1494 2229 1542 2256 Sin
1567 2232 1657 2255 autem
1672 2235 1706 2254 cx

94 2281 135 2308 ἀεὶ
150 2282 198 2307 σὺν
212 2282 244 2316 τῇ
260 2281 311 2317 ὕλῃ
324 2279 367 2316 ἦν.
386 2282 417 2308 Εἰ
432 2281 459 2309 δὲ
473 2282 560 2314 τοῦτο,
577 2282 635 2313 πῶς
649 2284 731 2308 κακὸν
749 2282 798 2317 τὴν
811 2281 876 2316 ὕλην

96 2327 354 2362 προσαγορεύουσιν,
378 2328 466 2362 μίγμα
489 2326 570 2354 οὖσαν
589 2327 618 2359 ἐξ
636 2327 721 2362 ἀρχῆς
739 2327 806 2362 πρὸς
828 2327 876 2362 τὴν

95 2372 167 2399 θείαν
178 2372 293 2408 δύναμιν
303 2381 310 2404 ς
320 2373 383 2405 Πῶς
392 2373 569 2409 φθαρήσεται,
584 2372 725 2408 μιχθείσης
736 2373 786 2406 τῆς
804 2372 878 2404 θείας

95 2417 246 2453 δυνάμεως,
263 2419 331 2453 πρὸς
351 2420 435 2454 αὐτὴν
458 2419 674 2454 ἁποχωρησάσης
692 2420 771 2451 noti;
791 2419 877 2445 Ἔσω-

95 2463 124 2495 ζε
139 2464 171 2500 δὴ
191 2465 247 2501 γὰρ
268 2465 303 2491 τὰ
323 2464 401 2495 καλὰ,
418 2465 465 2492 καὶ
480 2465 573 2500 ἑτέρου
590 2465 662 2496 τινος
683 2464 785 2499 ἀγαθοῦ
803 2465 876 2491 αἰτία

96 2509 235 2545 γίγνεσθαι
249 2507 290 2542 οἷς
307 2510 339 2537 ἂν
351 2512 435 2545 παρῇ,
450 2510 568 2544 εὔλογον,
587 2510 604 2545 ἢ
624 2509 798 2546 διαφθορὰνῆ
815 2510 878 2537 ἄλλο

95 2565 120 2582 τι
135 2556 218 2584 κακὸν
233 2556 325 2592 ἕτερον
341 2558 453 2590 ἐπάγειν
465 2557 565 2588 αὐτοῖς.

99 2609 157 2633 sent
179 2596 327 2633 in'columia
351 2605 487 2636 servabat,
513 2604 677 2631 conveniens
694 2607 723 2630 ut
739 2607 766 2631 et
793 2603 904 2631 alterius

926 2283 1033 2310 natura,
1049 2278 1159 2305 omnino
1174 2278 1253 2312 plane
1265 2281 1291 2304 et
1306 2284 1413 2311 semper
1433 2284 1476 2302 res
1493 2275 1530 2302 illi
1547 2281 1608 2301 cum
1622 2277 1707 2300 mate~

926 2326 967 2352 ria
983 2329 1051 2356 erat,
1065 2331 1096 2352 ac
1119 2323 1171 2358 ipsi
1189 2330 1280 2350 comes
1295 2326 1364 2350 erat.
1388 2321 1415 2348 Id
1441 2325 1530 2348 autem
1550 2320 1574 2347 si
1591 2319 1628 2346 ita
1644 2321 1705 2349 est,

928 2370 992 2406 quid
1011 2378 1101 2397 causa:
1111 2372 1152 2396 est
1166 2375 1216 2395 cur
1234 2361 1373 2395 materiam
1387 2365 1487 2393 malum
1504 2365 1632 2397 vocitent,
1646 2370 1706 2397 qua:

929 2424 943 2445 a
961 2415 1093 2451 principio
1102 2422 1164 2442 cum
1177 2414 1267 2441 divina
1281 2413 1378 2440 virtute
1389 2410 1542 2442 commista,
1554 2410 1614 2444 ejus
1628 2411 1708 2435 nacta

899 2472 905 2476 ·
926 2462 1118 2490 commercium
1143 2461 1206 2488 est?
1231 2460 1354 2492 Quonam
1377 2465 1442 2485 vero
1457 2457 1536 2484 modo
1551 2456 1631 2483 etiam
1646 2462 1708 2482 cor--

927 2512 1079 2542 rumpetur,
1092 2506 1183 2533 divina
1198 2506 1306 2536 virtute,
1324 2511 1383 2538 quae
1398 2503 1513 2529 admista
1528 2505 1586 2528 erat
1597 2520 1605 2532 ,
1628 2500 1661 2526 ad
1678 2507 1708 2526 se

927 2555 1014 2589 ipsam
1041 2552 1202 2588 quandoque
1228 2549 1386 2578 secedente?
1410 2549 1474 2581 Qua:
1492 2548 1563 2575 enim
1580 2546 1650 2573 bona
1665 2553 1709 2572 es-

929 2602 1069 2635 cnjusdam
1099 2601 1182 2632 boni,
1209 2599 1308 2634 quibus
1334 2597 1429 2629 adest,
1461 2599 1555 2622 auctor
1580 2594 1706 2626 exsistat,

99 2660 176 2686 quam
196 2659 226 2680 ut
240 2652 441 2686 corruptionem
459 2652 501 2679 vel
521 2652 592 2678 aliud
608 2653 751 2686 quodpiam
777 2651 877 2678 malum
896 2652 949 2677 illis
962 2650 1080 2676 inducat.

166 2710 231 2737 CAP.
245 2708 341 2736 XVIII.
359 2707 566 2735 Manickworum
580 2709 676 2736 solutio
692 2713 716 2736 et
733 2708 870 2735 instantia.
884 2707 955 2734 Scite
974 2705 1007 2732 ad
1021 2705 1150 2732 hominem
1168 2703 1199 2730 dc
1215 2703 1330 2736 Moneta,
1344 2703 1389 2737 qui
1404 2702 1458 2737 ipse
1472 2702 1498 2728 in
1517 2702 1637 2728 materia.

132 2768 168 2794 Τὸ
190 2769 240 2803 μὲν
261 2768 315 2803 γὰρ
331 2767 362 2802 δὴ
391 2768 471 2802 σοφὸν
494 2767 525 2794 τὸ
549 2766 692 2802 λεγόμενον
718 2767 762 2793 ὑπ’
788 2765 877 2793 αὐτῶν

101 2814 183 2839 ἐκεῖνό
207 2814 290 2839 ἐστιν·
314 2813 385 2843 Ὅτι,
405 2812 498 2847 ὥσπερ
520 2811 636 2847 ὁρῶμεν,
658 2811 706 2846 τῆς
725 2811 814 2846 ψυχῆς
831 2811 878 2837 τοῦ

103 2858 222 2893 σώματος
237 2858 460 2895 ἀποζευχθείο-ης,
473 2858 502 2884 τὸ
517 2857 595 2892 σῶμα
606 2857 670 2884 αὐτὸ
686 2857 878 2892 ἀπολλύμενον,

105 2904 171 2931 οὕτω
190 2905 236 2932 καὶ
259 2905 309 2939 τῆς
331 2904 468 2939 δυνάμεως
485 2904 598 2938 ἀφείσης
621 2904 669 2938 τὴν
686 2903 762 2937 ὕλην,
782 2903 810 2929 τὸ
827 2903 880 2931 λεε-

966 2763 1066 2791 Eorum
1083 2762 1127 2790 hic
1148 2765 1272 2797 argutum
1289 2767 1450 2796 responsum
1466 2766 1497 2786 ac
1511 2758 1618 2790 evasio;
1637 2764 1711 2784 nem-

932 2818 975 2845 pe,
987 2810 1058 2837 sicut
1073 2809 1196 2837 videmus
1213 2808 1303 2835 anima
1322 2807 1443 2841 seiuncta
1457 2814 1471 2832 a
1485 2811 1598 2844 corpore
1611 2810 1711 2837 corpus

934 2856 1021 2890 ipsum
1038 2855 1141 2890 perire;
1158 2854 1198 2882 sic
1211 2854 1292 2881 etiam
1308 2853 1352 2881 ubi
1369 2853 1454 2880 virtus
1470 2852 1622 2881 materiam,
1639 2848 1712 2883 quod

935 2902 1067 2935 reliquum
1082 2901 1143 2932 erit.
1159 2901 1242 2935 ipsam
1256 2900 1379 2928 videlicet
1394 2899 1532 2926 matcrimn
1550 2896 1718 2925 dissolutum
