1909 3069
199 177 251 206 εδδ

701 178 903 206 ALEXANDRI
920 177 1072 208 EPISCOPI
1091 177 1342 208 LYCOPOLITANI

1760 181 1813 206 456

199 233 233 261 iri
252 240 284 260 ac
298 232 456 268 perituram.
473 233 593 262 Primum
614 233 723 269 quidem
741 242 795 265 non
811 235 970 265 animadver-

1030 235 1156 271 πόμενον,
1169 236 1236 272 ὅπερ
1249 236 1322 263 ἐστὶν
1335 236 1351 271 ἡ
1367 234 1426 271 ὕλη,
1440 235 1561 262 διαλυθὲν
1576 234 1722 271 οἰχήσεται.
1734 235 1816 271 H913-

199 283 260 307 tunt
271 298 279 312 ,
304 278 362 307 ﬁeri
377 287 431 306 non
451 287 532 315 posse
556 284 586 313 ut
603 280 658 308 ulla
680 288 724 309 res
740 280 768 308 in
784 288 837 310 non
853 289 903 310 ens
918 289 980 309 cor-

197 330 349 362 rumpatur.
361 325 421 354 Non
435 334 485 355 ens
499 327 571 355 enim
586 335 642 357 non
658 332 710 356 est.
730 327 874 364 Dissipatis
889 333 978 356 autem

198 372 369 407 corporibus,
385 380 417 401 ac
431 380 493 400 cum
508 373 548 401 eis
563 373 677 401 mutatio
693 374 815 409 quaedam
839 374 977 406 acciderit,

197 418 402 453 dissolvuntur;
420 420 488 448 adeo
504 424 534 447 ut
557 421 654 455 partim
679 420 708 447 in
736 424 836 448 terram
861 421 978 454 cedant,

196 463 297 498 partim
313 463 340 490 in
356 470 456 497 aerem,
472 464 624 500 partimque
638 465 666 492 in
678 464 751 492 aliud
763 465 912 500 quidpiam.

230 507 364 541 Praeterea
378 517 432 536 non
447 510 636 543 meminerunt,
653 511 750 539 docere
765 511 827 541 illos
839 512 978 540 materiam

195 558 298 583 motum
312 555 495 587 inordinatum
515 564 585 585 esse.
600 556 676 590 Quod
704 561 794 586 autem
819 558 862 585 sui
888 558 978 593 ipsum

194 601 300 634 ratione
316 606 450 634 m0vetur,
463 605 489 629 et
500 602 578 637 cujus
597 603 715 631 essentia
738 608 828 631 motus
843 608 885 631 est
896 623 904 636 ,
928 611 979 631 nec

192 654 243 682 per
256 646 383 674 accidens
393 647 432 675 illi
443 649 582 682 competit,
604 656 722 684 quanam
741 650 786 677 tiat
809 651 913 678 ratione
924 670 931 682 ,
948 654 979 678 ut

194 691 358 725 abscedente
370 691 477 725 virtute,
492 693 519 720 id
534 693 606 728 quod
626 698 700 726 erat.
725 699 788 724 ante
801 697 882 723 etiam
895 703 978 731 quam

164 750 168 761 ι
193 737 281 772 virtus
293 737 320 764 in
336 737 424 772 ipsum
439 737 625 772 descenderet,
641 747 702 768 esse
716 740 844 768 desinat?
864 741 920 769 Nec
937 742 979 769 vi-

194 783 258 811 dent
273 783 461 819 dill'erentiam,
471 785 630 822 quodomne
643 794 743 822 corpus
754 794 852 822 expers
867 788 975 822 animm,

191 829 331 858 immobile
346 831 393 861 sit.
418 831 486 858 Nam
511 834 538 860 et
561 832 660 866 stirpes
679 833 797 859 animam
813 833 913 861 habent
931 841 978 861 ve-

190 874 346 908 getabilem.
367 874 457 911 ipsum
474 883 538 904 vero
552 881 667 909 motum,
683 879 858 912 quantumvis
870 879 976 907 inordi-

1028 290 1074 308 τον
1098 281 1146 317 μὲν
1162 281 1215 317 γὰρ
1232 282 1281 317 οὐχ
1298 281 1406 318 ὁρῶσιν,
1426 281 1467 308 ὄτι
1483 281 1536 308 τῶν
1559 281 1642 308 ὄντων
1661 281 1737 308 οὐδὲν
1757 279 1815 308 οἷόν

1030 327 1103 353 ἐστιν
1125 325 1281 362 φθείρεσθαι
1302 328 1342 358 εις
1361 326 1391 352 τὸ
1415 326 1452 362 μὴ
1470 326 1509 353 δψ
1528 326 1559 352 τὸ
1580 325 1634 361 γὰρ
1655 326 1692 362 μὴ
1716 325 1747 353 ὃν
1762 326 1814 359 οὐκ

1029 375 1097 402 ἔστι.
1118 374 1368 401 Διασκεδασθέντων
1385 374 1413 401 δὲ
1440 373 1494 400 τῶν
1510 374 1651 409 σωμάτων,
1669 373 1716 400 καὶ
1729 382 1814 409 μετα-

1029 421 1109 457 σολήν
1127 430 1188 447 τινα
1211 421 1339 456 σχόντων,
1359 419 1479 450 διάλυσις
1493 418 1606 453 γίνεται·
1625 418 1695 445 ὣστε
1713 418 1743 445 τὸ
1761 418 1813 453 μὲν

1028 468 1069 499 είς
1081 467 1133 502 γῆν
1153 465 1291 496 ἀπελθεῖν,
1309 466 1339 492 τὺ
1353 465 1381 492 δὲ
1397 466 1437 496 εἰς
1451 465 1530 499 ἀέρα,
1549 464 1580 490 τὸ
1594 464 1622 490 δὲ
1639 465 1679 495 εις
1695 463 1759 491 ἄλλο
1772 472 1810 489 τι.

1065 513 1180 540 Ἔπειτα
1203 513 1232 539 δὲ
1257 513 1286 539 οὺ
1313 512 1473 547 μέμνηνται,
1497 510 1537 536 ὅτι
1560 510 1666 545 κίνησιν
1695 510 1813 536 ἄτακτον

1027 558 1197 587 ὑποτίθενται
1208 556 1276 585 εἶναι
1287 558 1335 593 τὴν
1346 557 1421 593 ὕλην.
1436 557 1472 584 Τὸ
1483 557 1510 583 δὲ
1518 557 1551 583 δι’
1562 555 1626 583 αὐτὸ
1640 555 1811 590 κινούμενον,

1028 604 1074 631 καὶ
1090 601 1120 631 οὗ
1134 605 1207 630 ἐστιν
1221 604 1298 630 οὐσία
1315 604 1331 638 ή
1346 603 1463 638 κίνησις,
1476 602 1544 629 ἀλλά
1562 601 1600 636 μὴ
1621 601 1690 628 κατὰ
1706 600 1811 636 συμϐε-

1028 649 1111 685 ϐηκὸς
1134 649 1250 684 ὑπάρχει
1277 648 1360 684 αὐτῷ,
1383 648 1442 679 πῶς
1462 647 1581 681 εῠλογον,
1599 646 1649 681 τῆς
1669 645 1812 680 δυνάμεως

1027 694 1203 730 ἀπελθούσης,
1225 692 1380 720 παύσασθαι
1394 692 1440 719 τοῦ
1461 692 1528 727 ὅπερ
1550 688 1595 726 ἦν,
1610 690 1675 726 πρὶν
1697 689 1744 716 καὶ
1760 688 1812 724 τὴν

1026 739 1139 775 δύναμιν
1150 740 1189 771 είς
1200 738 1266 766 αὐτὸ
1279 737 1434 770 κατελθεῖν;
1451 737 1505 772 Οὐχ
1520 735 1602 771 ὁρῶσι
1616 734 1644 761 δὲ
1658 734 1688 760 τὸ
1705 733 1812 769 παραλ-

1026 785 1131 823 λάττον,
1147 785 1188 812 ὅτι
1201 786 1255 811 πᾶν
1272 784 1320 820 μὲν
1336 783 1424 818 σῶμα,
1435 782 1523 817 ψυχῆς
1534 781 1656 816 ἄμοιρον,
1670 779 1810 814 ἀκίνητον,

1029 832 1103 867 Ἔχει
1117 831 1171 867 γὰρ
1185 830 1231 858 καὶ
1245 831 1279 857 τὰ
1298 829 1370 865 φυτὰ
1383 829 1431 864 τὴν
1450 827 1564 863 φυτικὴν
1578 827 1678 862 ψυχήν.
1702 825 1760 860 Τῆς
1781 824 1810 851 δὲ
1848 863 1850 866 ν

1027 877 1092 913 ὕλης
1106 877 1190 913 αὐτὴν
1203 876 1251 913 τὴν
1267 875 1359 902 οὐσίαν
1375 875 1481 910 κίνησιν
1496 872 1565 900 εἶναι
1581 872 1672 907 φασὶν,
1691 870 1810 897 ἄτακτον
1852 870 1853 874 “

192 922 297 952 natum,
311 921 430 950 materia:
452 921 547 949 dicunt
562 929 624 955 esse
649 922 840 952 substantiam.
857 923 896 951 Ac
910 932 970 952 verc

1027 924 1127 960 μέντοι.
1152 923 1268 950 Κάλλιον
1288 921 1316 948 δὲ
1338 919 1383 956 ἦν,
1407 919 1531 955 καθάπερ
1547 918 1593 944 ἐπὶ
1612 917 1709 953 λύρας,
1726 915 1810 952 ἀνάρ-

191 968 250 997 erat
275 965 383 999 melius,
407 967 481 995 Velut
503 967 530 995 in
546 967 705 1002 dissonante
727 969 803 1004 lyra,
830 970 976 998 accedente

191 1009 332 1047 harmonia
344 1011 467 1047 initoque
482 1016 626 1051 concentu,
640 1014 771 1049 quidquid
786 1019 854 1047 erat,
871 1016 975 1044 musice

189 1059 347 1088 consertum
373 1057 597 1094 modulatumque
622 1059 757 1087 efﬁcitur:
777 1061 818 1089 sic
846 1061 973 1089 nimirum

189 1101 310 1129 divinam
336 1102 466 1131 virtutem
495 1103 651 1133 inordinate
685 1105 830 1136 admistam
869 1108 973 1139 motui,

189 1154 269 1188 quem
286 1148 339 1187 ipsi
353 1150 495 1188 materiam
521 1150 652 1189 sentiunt,
669 1158 719 1190 pro
730 1158 763 1181 eo
779 1152 852 1187 quod
875 1159 974 1182 ornatu

188 1193 309 1226 carebat,
327 1195 471 1229 quemdam
487 1195 526 1222 illi
543 1199 670 1223 ornatum
686 1196 835 1231 adjecisse,
857 1205 888 1224 ac
902 1205 973 1226 sem-

188 1246 236 1274 per
251 1239 380 1281 adjicere,
396 1240 530 1275 ejusmodi
545 1241 649 1268 scilicet
669 1241 715 1277 qui
730 1242 823 1278 divino
836 1243 887 1277 rite
907 1250 973 1279 con-

187 1290 266 1320 gruat
288 1286 414 1328 tempori.
437 1286 505 1323 Nam
529 1295 640 1328 quaeso,
666 1288 839 1323 quandonam
863 1290 972 1318 tandem

187 1330 246 1366 ipse
261 1329 439 1368 lllanicliaaus,
456 1334 486 1358 ut
496 1330 530 1358 de
546 1331 588 1359 bis
600 1335 729 1359 tractaret
740 1332 853 1360 idoneus
867 1331 928 1364 fuit,
940 1340 973 1360 ac

187 1368 296 1412 quando
318 1376 427 1404 demum
449 1376 542 1404 istliaac
568 1377 726 1406 enarravit?
748 1377 815 1417 Nam
835 1381 862 1417 et
882 1379 970 1416 ipsum

187 1421 308 1460 materiae
323 1425 389 1448 tunc
404 1420 503 1456 migma
512 1425 539 1449 et
554 1422 661 1457 virtutis
677 1423 704 1450 in
717 1430 748 1450 ea
762 1427 876 1458 receptze
887 1423 972 1461 fuisse

187 1466 351 1495 concedunt.
369 1466 432 1505 Sive
447 1467 530 1510 igitur
542 1487 549 1500 ,
566 1468 602 1495 ita
615 1474 644 1496 ut
657 1472 725 1509 erat,
741 1469 798 1496 haec
817 1469 972 1496 inordinato

187 1518 261 1552 motu
275 1513 384 1552 locutus
398 1517 450 1546 est,
467 1515 604 1551 quomodo
623 1523 678 1554 non
702 1515 773 1542 mala
786 1515 898 1551 opinio?
914 1516 972 1544 sive

186 1558 277 1600 divina
307 1559 408 1599 virtute
437 1567 537 1600 anceps
569 1560 735 1601 dubiumque
766 1560 863 1599 dogma
894 1554 936 1592 est
961 1570 968 1591 τ

186 1596 218 1632 ea
233 1597 348 1639 ratione,
360 1613 412 1642 qua
429 1609 471 1634 est
492 1591 514 1636 τί
527 1607 618 1635 divina
641 1591 748 1640 virt‘ute,
760 1597 882 1635 veritatis
896 1615 970 1635 com-
983 1591 1004 1620 δ

1027 978 1112 1005 μοοτα
1125 967 1305 1004 μελῳδοὺσης,
1318 967 1334 1002 ἡ
1351 965 1467 1002 ἁρμονία
1482 963 1596 993 ἐλθοῦσα
1608 963 1638 989 τὺ
1654 963 1708 989 πᾶν
1723 963 1810 997 ἡρμο-

1025 1015 1123 1051 σμένον
1141 1013 1345 1049 ἀπειργᾲσατο·
1367 1012 1438 1039 οὕτω
1454 1010 1485 1046 δὴ
1507 1009 1648 1046 μιχθεῖσαν
1668 1007 1718 1043 τὴν
1734 1007 1811 1035 θείαν

1024 1061 1136 1096 δύναμιν
1150 1061 1182 1095 τῇ
1200 1059 1310 1094 ἀτάκτῳ
1338 1058 1453 1094 κινήσει,
1473 1057 1540 1091 ὅπερ
1554 1055 1611 1083 ἐστὶ
1625 1054 1685 1083 κατ’
1709 1053 1809 1084 αὐτοὺς
1856 1062 1862 1066 ·

1023 1107 1039 1142 ἡ
1058 1106 1118 1142 ὕλη,
1140 1106 1199 1133 ἀντὶ
1212 1106 1261 1141 τῆς
1277 1104 1390 1139 ἐνούσης
1403 1102 1536 1138 ἀκοσμίας
1552 1101 1654 1136 κόσμον
1667 1099 1728 1126 τινὰ
1738 1099 1807 1133 αὐτῇ

1024 1151 1219 1179 ὲπιτεθεικέναι
1235 1151 1282 1179 καὶ
1289 1150 1332 1178 ἀεὶ
1349 1149 1480 1183 ἐπιθεῖναι
1495 1146 1541 1174 τοῦ
1552 1147 1623 1185 θείου
1636 1145 1731 1184 χρόνου
1739 1144 1809 1175 ὲπάτ

1024 1197 1089 1230 ξιον.
1107 1197 1182 1224 Ἐπεὶ
1195 1185 1332 1228 πῶς’ποτε
1344 1195 1424 1226 αὐτὸς
1437 1195 1450 1220 ὸ
1467 1193 1615 1227 Μανιχαῖος
1626 1190 1690 1226 ατερὶ
1706 1189 1809 1216 τούτων

1023 1229 1131 1277 ἐγένετο
1153 1241 1243 1273 ἱκανὸς
1258 1229 1403 1271 διαλαϐεῖν,
1427 1238 1474 1272 καὶ
1489 1237 1518 1264 τὺ
1536 1236 1600 1268 πότε
1614 1234 1684 1262 αὐτὰ
1701 1233 1809 1269 ἀφηγή-

1023 1296 1103 1320 σατο;
1117 1287 1154 1319 ὡς
1167 1286 1219 1323 γὰρ
1236 1287 1325 1322 μίγμα
1341 1285 1437 1320 γέγονε
1450 1284 1498 1310 καὶ
1511 1282 1595 1321 αὐτος
1608 1282 1659 1316 τῆς
1671 1281 1748 1315 ὕλης,
1761 1278 1808 1306 καὶ

1021 1335 1070 1369 τῆς
1093 1332 1322 1369 ὲναποληφθείσης
1343 1332 1412 1367 αὐτῇ
1436 1329 1586 1367 δυνάμεως,
1608 1325 1806 1369 συγχωροῦσιν.

1021 1368 1083 1408 Είτμ
1096 1377 1152 1411 οὖν,
1170 1368 1207 1410 ὡς
1223 1375 1290 1412 εἶχε,
1314 1378 1348 1412 τῇ
1369 1376 1478 1411 ἀτάκτῳ
1495 1375 1600 1409 κινήσει
1615 1368 1701 1399 ταῦτα
1718 1371 1806 1404 ἔλεγε,

1021 1424 1080 1460 πῶς
1091 1424 1122 1451 οὐ
1140 1423 1228 1459 φαύλη
1240 1424 1256 1459 ὴ
1268 1422 1345 1455 δόξας
1358 1422 1411 1448 εἴτε
1421 1423 1453 1457 τῇ
1469 1420 1528 1456 θείᾳ
1539 1419 1651 1454 δυνάμει
1660 1416 1807 1453 ἀμφίδοξον

1021 1471 1072 1507 ἤδη
1084 1471 1114 1498 τὸ
1128 1471 1216 1506 δόγμα
1225 1479 1232 1486 ’
1250 1469 1288 1505 τῷ
1305 1469 1353 1505 μὲν
1364 1467 1417 1495 ἀπὸ
1435 1468 1483 1503 τῆς
1497 1467 1572 1498 θείας
1586 1465 1726 1500 δυνάμεως
1736 1461 1807 1490 εἶναι

1022 1517 1134 1554 μέτοχον
1147 1515 1288 1552 ἀληθείας
1305 1514 1344 1551 τῷ
1364 1515 1392 1541 δὲ
1407 1513 1462 1540 ἀπὺ
1479 1513 1527 1548 τῆς
1545 1511 1660 1539 ἀτάκτου
1673 1510 1808 1545 κινήσεως

1020 1553 1067 1589 «ob
1092 1563 1184 1599 ἑτέρου
1211 1562 1309 1598 μέρους
1338 1559 1473 1598 μετέχεινι
1490 1557 1684 1595 μεθιστάμενον
1710 1556 1750 1587 είς
1776 1555 1810 1589 τδτ

1019 1609 1125 1644 ψεῦδος.

186 1651 289 1681 mercio
316 1652 451 1688 gaudens;
481 1660 534 1688 qua
557 1661 622 1682 vero
644 1653 677 1693 ab
691 1653 846 1691 inordinate
870 1658 962 1695 motu,
978 1655 1089 1694 alterius
1125 1655 1209 1696 partis
1232 1653 1396 1683 commercio
1422 1652 1456 1680 ad
1478 1651 1648 1687 mendacium
1672 1655 1806 1684 vergens,

185 1695 278 1742 illique
295 1697 408 1726 haerens.
420 1700 422 1703 '

185 1753 251 1792 Qu,
263 1753 334 1782 XIX.
357 1754 449 1783 Altera
463 1755 607 1783 Manichwi
624 1755 725 1793 Virtus,
737 1756 870 1793 prioribus
886 1757 1009 1793 novisque
1036 1753 1268 1793 absurdispetila.
1294 1751 1515 1793 Kirtusnefﬁ‘ciena
1531 1755 1556 1777 et
1572 1749 1701 1785 patibilis,
1717 1750 1808 1786 opifex

514 1796 538 1818 et
555 1792 672 1818 materia:
689 1787 821 1819 con'crela.
837 1791 955 1837 Corpora
966 1787 1119 1818 'Manicltazo
1139 1789 1222 1815 tribus
1234 1787 1353 1822 partibus
1365 1787 1476 1821 digesta.

220 1846 299 1881 Quod
312 1846 335 1878 si
355 1845 458 1881 dictum
472 1851 561 1880 esset,
576 1847 695 1875 divinam
711 1847 838 1885 virtutem
855 1855 967 1875 ornasse

185 1894 328 1931 materiam
343 1897 424 1928 atque
435 1898 550 1925 ornare,‘
558 1893 637 1929 longe
659 1894 808 1928 sapientius
833 1898 925 1926 esset,
940 1897 968 1921 et

185 1937 219 1971 ad
234 1937 314 1976 ﬁdem
335 1937 476 1967 Manichaei
496 1938 628 1966 doctrinae
641 1946 672 1965 ac
688 1938 858 1972 sermonibus
876 1939 969 1966 conci-

185 1983 306 2013 liandum
317 1984 526 2014 conducibilius.
551 1984 791 2019 Verumenimvero
805 1984 885 2013 aliam
898 1984 968 2014 Deus

184 2037 200 2056 e
215 2029 341 2064 supernis
353 2030 430 2058 misit
446 2030 585 2057 virtutem.
603 2028 673 2056 Sane
686 2029 795 2064 quidem
815 2037 875 2064 qua:
896 2029 967 2057 dicta

185 2079 250 2102 sunt
263 2074 296 2101 de
310 2074 402 2109 priore
415 2075 540 2107 .virtute,
557 2074 590 2102 de
613 2075 664 2101 hac
690 2075 792 2109 pariter
813 2074 968 2102 communia

184 2122 268 2157 sunt;
284 2119 430 2156 omniaque
453 2120 589 2153 absurda,
604 2121 750 2156 conjuncta
776 2121 907 2149 doctrina:
935 2121 969 2152 de

184 2165 271 2200 prima
291 2164 400 2202 illorum
416 2166 533 2202 virtute,
561 2167 654 2195 eadem
671 2172 697 2195 et
724 2168 966 2203 impraesentiarum

185 2212 249 2239 licet
269 2211 374 2251 afferre.
402 2213 481 2244 Aliud
498 2222 562 2250 vero
589 2215 650 2249 quis
675 2214 762 2242 ferat?
780 2214 880 2248 Quidni
893 2214 966 2242 enim

1054 1847 1085 1873 Εἰ
1096 1846 1124 1877 δὲ
1136 1846 1237 1883 εἴρητο,
1248 1843 1285 1875 ὡς
1299 1843 1315 1878 ἡ
1328 1842 1388 1870 θεία
1402 1842 1514 1878 δύναμις
1527 1842 1575 1877 τὴν
1585 1840 1650 1876 ὓλην
1664 1840 1806 1876 ἐκόσμησε

1019 1893 1067 1919 καὶ
1081 1892 1187 1926 κοσμεῖ,
1205 1888 1302 1926 μακρῷ
1316 1888 1347 1915 ἂν
1362 1886 1395 1924 ἦν
1409 1887 1572 1923 σοφώτερον,
1587 1886 1635 1913 καὶ
1650 1886 1719 1922 πρὸς
1732 1886 1807 1919 ἀξιοτ

1021 1937 1128 1972 ⁸ιςιστίαν
1139 1936 1192 1963 τῶν
1204 1935 1354 1970 Μανιχαίου
1366 1935 1452 1968 λόγων
1463 1932 1680 1968 συμϐαλλόμενον
1692 1932 1804 1967 μᾶλλον.

1027 1973 1106 2011 Ἀλλὰ
1122 1982 1176 2017 γὰρ
1196 1981 1293 2016 ἑτέραν
1310 1979 1422 2014 δύναμιν
1444 1977 1617 2014 κατέπεμψεν
1638 1977 1652 2003 ό
1673 1977 1750 2009 Θεός.
1772 1979 1806 2013 Ἀ

1023 2029 1072 2064 μὲν
1087 2028 1119 2064 δὴ
1140 2027 1246 2066 εἴρηται
1260 2026 1325 2065 περὶ
1340 2025 1389 2059 τῆς
1408 2025 1541 2060 προτέρας
1560 2024 1710 2058 δυνάμεως,
1726 2023 1806 2060 κοινςξ

1021 2075 1067 2102 καὶ
1080 2074 1144 2110 περὶ
1158 2073 1259 2107 ταύτης
1272 2071 1343 2098 ὲστί·
1357 2071 1403 2097 καὶ
1415 2071 1465 2097 ὅσα
1478 2071 1564 2097 ἄτοπα
1574 2069 1668 2096 ἓπεται
1679 2069 1719 2104 τῷ
1732 2069 1805 2104 λόγῳ

1019 2121 1060 2157 τῷ
1079 2121 1143 2157 περὶ
1162 2120 1212 2155 τῆς
1238 2118 1350 2155 πρώτης
1371 2116 1460 2150 αὐτῶν
1482 2116 1632 2151 δυνάμεως,
1656 2115 1744 2142 ταῦτα
1758 2115 1805 2141 καὶ

1018 2156 1065 2199 νῦν
1082 2156 1139 2194 ἐστι
1153 2166 1252 2200 λέγειν.
1266 2165 1302 2191 Τὸ
1316 2157 1344 2190 δὲ
1354 2163 1417 2198 ἀλλο
1427 2163 1468 2195 τίς
1478 2159 1634 2198 aven-(orto;
1650 2161 1699 2188 Διὰ
1714 2161 1804 2197 τίγὰρ

1020 2213 1051 2251 δὴ
1066 2213 1096 2240 οὺ
1113 2213 1202 2239 πάντα
1218 2211 1280 2247 μίαν
1295 2210 1354 2237 τινὰ
1368 2209 1517 2244 δυναμένην
1533 2208 1646 2243 δύναμιν
1662 2207 1805 2242 κατέπεμε

186 2258 257 2301 ρευε
270 2265 352 2286 unam
374 2259 517 2298 quamdam
532 2260 659 2292 virtutem
682 2260 772 2292 misit,
790 2268 851 2296 quae
878 2261 968 2287 omnia

1025 2260 1069 2299 ξεν
1093 2260 1107 2285 ό
1130 2258 1212 2290 Θεός;
1236 2258 1267 2289 Εἰ
1292 2255 1435 2292 ἀνθρώπου
1461 2255 1522 2291 νοῦς
1539 2253 1630 2301 ρῦτως
1654 2253 1713 2280 ἐστὶ
1735 2253 1804 2301 πρδς

186 2304 372 2343 ροεεειῖϐιιηι
387 2313 463 2332 mens
480 2305 598 2343 humana
613 2307 653 2334 sic
669 2306 703 2333 ad
717 2308 808 2334 omnia
824 2306 898 2333 varia
915 2306 968 2336 sit.

185 2352 215 2383 ut
227 2349 322 2383 eadem
343 2349 506 2385 geometrica
522 2350 636 2387 scientia
647 2371 654 2382 ,
678 2351 826 2385 eademque
841 2355 967 2378 astrono—

184 2387 255 2422 mica
271 2398 298 2422 et
308 2395 442 2434 tectonica
457 2395 568 2430 praedita
586 2396 631 2429 sit,
650 2403 682 2424 ao
697 2395 720 2423 si
735 2395 798 2431 quid
815 2396 874 2430 ejus
888 2403 969 2430 gene-

185 2440 224 2468 ris
237 2443 295 2475 cst;
313 2440 347 2475 ad
366 2441 464 2479 ipcitas
479 2440 550 2468 Deus
567 2441 692 2473 redactus
715 2446 767 2472 est,
782 2448 833 2467 nec
848 2439 970 2467 invenire

185 2485 272 2523 potuit
287 2486 366 2514 talem
383 2487 522 2519 virtutem,
538 2494 598 2525 qua:
614 2487 652 2514 illi
667 2486 700 2515 ad
713 2486 804 2520 omnia
818 2485 915 2513 idonea
928 2493 970 2513 cs-

185 2535 276 2566 set,vut
288 2540 344 2562 non
354 2533 441 2568 prima
457 2537 537 2568 atque
549 2524 669 2563 secunda
681 2532 830 2570 indigeret?

221 2577 323 2615 thuid
341 2586 406 2606 vero
417 2580 469 2606 alia
483 2579 592 2613 quidem
607 2579 694 2605 virtus
711 2577 827 2616 opiﬁcis,
844 2578 896 2604 alia
912 2577 967 2604 vim

185 2625 272 2659 magis
287 2625 416 2661 patientis
432 2625 534 2653 habens
556 2633 588 2653 ac
606 2625 773 2660 recipientis,
796 2631 850 2659 quo
865 2623 969 2650 scilicet

185 2680 299 2707 pronum
316 2672 355 2699 illi
366 2672 490 2707 beneque
504 2672 539 2699 sit
551 2675 582 2699 ut
601 2671 748 2699 misceatur
760 2678 822 2705 cum
838 2669 969 2697 materia?

186 2717 245 2745 Non
261 2718 334 2745 enim
359 2718 404 2745 hic
419 2711 531 2745 causam
554 2717 658 2744 ordinis
680 2716 744 2744 boni
759 2716 850 2748 video,
873 2714 969 2742 adver-

186 2770 288 2796 susque
306 2763 396 2796 ipsum
415 2769 555 2790 excessus.
573 2761 602 2789 Si
625 2762 725 2789 malum
747 2765 815 2793 erat,
836 2768 890 2788 non
911 2763 970 2788 erat

187 2809 214 2836 in
230 2808 311 2835 domo
328 2807 385 2838 Dei.
403 2807 471 2834 Cum
488 2807 559 2836 enim
583 2807 655 2836 Deus
672 2807 842 2835 solummodo
856 2807 967 2838 bonum,

282 2895 390 2922 Καλοῦ.

1021 2298 1108 2336 ncitqu
1121 2304 1252 2336 ποικίλος,
1266 2302 1335 2329 ὥστε
1345 2303 1358 2328 ὁ
1370 2301 1449 2338 αὐτὸς
1463 2301 1511 2336 μὲν
1526 2298 1594 2327 εἶναι
1605 2299 1804 2334 γεωμετρικὸς,

1020 2352 1034 2378 ὁ
1047 2342 1127 2381 αὐτὸς
1146 2349 1175 2375 δὲ
1196 2348 1389 2384 ἀστρονομικὸς
1407 2347 1453 2373 καὶ
1472 2344 1635 2376 τεκτονικὸς,
1660 2343 1708 2370 καὶ
1729 2343 1756 2369 εἴ
1778 2352 1804 2370 τι

1019 2395 1136 2422 τοιοῦτον
1146 2403 1152 2409 ·
1168 2393 1227 2429 Θεῷ
1239 2393 1267 2419 δὲ
1278 2391 1331 2428 ἄρα
1346 2390 1380 2428 ἧν
1396 2393 1497 2427 ἄπορον
1512 2391 1602 2426 εὑρεῖν
1616 2389 1744 2424 τοιαύτην
1759 2388 1805 2415 δύ-

1019 2431 1111 2474 ναμιν,
1128 2438 1187 2473 ἥτις
1199 2430 1274 2472 αύτῷ
1287 2437 1354 2473 πρὸς
1371 2437 1459 2464 πάντα
1469 2434 1502 2472 ἦν
1518 2435 1605 2473 ἱκανὴ,
1623 2435 1667 2461 ἵνα
1679 2434 1717 2471 μὴ
1730 2433 1805 2470 πρώ-

1020 2492 1069 2519 ⁴ι-ης
1080 2483 1126 2510 καὶ
1137 2482 1264 2520 δευτέρας
1275 2482 1366 2520 δέηται
1376 2491 1383 2514 ;
1827 2478 1833 2482 ’

1056 2575 1104 2601 Διὰ
1118 2574 1144 2600 τί
1164 2573 1192 2607 δὲ
1205 2573 1222 2608 ὴ
1247 2573 1295 2611 μὲν
1316 2572 1432 2610 δύναμίς
1446 2573 1502 2598 ὲστι
1523 2569 1716 2607 δημιουργικὴ,
1741 2569 1758 2604 ὴ
1775 2568 1804 2595 δὲ

1020 2620 1156 2656 παθητικὴ
1178 2611 1287 2655 μᾶλλον,
1309 2618 1347 2650 ὡς
1365 2618 1455 2649 καλῶς
1473 2610 1556 2652 αὐτὴν
1575 2615 1646 2650 ἔχειν
1665 2615 1734 2651 πρὸς
1754 2614 1805 2649 τὴν

1020 2667 1085 2703 ὕλην
1107 2665 1303 2702 κερᾲννυσθαις
1319 2665 1375 2699 Οὐχ
1395 2663 1449 2699 ὁρῶ
1466 2663 1520 2698 γὰρ
1537 2663 1617 2689 πάλιν
1640 2661 1759 2688 ἐνταῦθα
1773 2661 1804 2687 τὸ

1019 2713 1105 2739 αἴτιον
1121 2713 1170 2747 τῆς
1189 2711 1292 2743 τάξεως
1309 2711 1356 2737 τοῦ
1371 2709 1453 2737 καλοῦ
1465 2708 1503 2743 (6)
1522 2709 1568 2735 καὶ
1584 2707 1633 2742 τῆς
1647 2706 1707 2734 κατ’
1720 2705 1804 2733 αὑτοῦ

1020 2760 1166 2795 ὑπεροχῆς.
1182 2759 1214 2785 Et
1228 2758 1311 2785 κακὸν
1322 2755 1367 2792 ἦν,
1380 2757 1429 2783 οὐκ
1443 2754 1477 2791 ἦν
1490 2757 1519 2782 ὲν
1531 2755 1570 2790 τῷ
1584 2754 1631 2781 τοῦ
1643 2753 1711 2780 Θεοῦ
1724 2753 1804 2788 οἴκῳ.

1021 2807 1052 2834 Εἰ
1071 2806 1124 2842 γὰρ
1141 2806 1219 2842 μόνον
1236 2804 1316 2832 καλὸν
1329 2803 1343 2829 ὁ
1356 2802 1432 2834 Θεὸς,
1451 2802 1497 2829 καὶ
1511 2801 1589 2836 μόνον
1608 2799 1691 2827 κακδν
1705 2799 1723 2834 ἡ
1739 2798 1805 2834 ὕλη,
