1909 3069
77 191 122 220 45⁸1

514 187 719 217 TRACTATL'S
737 187 780 215 DE
798 186 953 217 PLACITIS
969 185 1243 213 MANICHA‘IOBUM.

1614 184 1675 214 ιω.

77 249 138 285 μέσα
150 247 185 274 τὰ
199 247 268 275 ἄλλα
289 248 337 274 καὶ
355 247 454 282 μεταξὺ
469 246 572 281 ἀνάγκη
591 245 682 280 φάναι.
710 245 778 272 Ἀλλ’
804 246 863 276 εὐ-,

908 245 1049 280 nalumque
1073 243 1241 273 solummodo
1267 244 1377 270 materia
1398 242 1530 274 exsistat,
1555 250 1666 270 necesse

78 294 189 331 ρίσκεταί
209 302 252 325 τις
273 294 389 328 ποιητὴς
404 293 527 327 διάφορος
541 293 602 327 περὶ
616 291 649 318 τὰ
667 291 746 326 μέσα,
761 292 799 317 ὅτ’
813 292 846 318 ἂν

79 340 140 375 φῶσι
149 339 196 374 τῂν
209 340 260 374 μὲν
271 337 470 373 δημιουργικὴν
480 337 576 368 αἰτίαν,
588 336 636 372 τὴν
642 337 668 362 δὲ
678 336 773 371 μικτὴν
783 337 849 371 πρὸς

77 386 121 422 τὴν
135 385 210 419 ὓλην.
232 384 311 418 Τάχα
324 381 370 410 οὖν
385 383 442 409 ἐστι
457 382 486 408 τὸ
505 382 706 417 προηγούμενον
724 382 770 408 καὶ
783 381 849 407 ἀπο-

78 428 297 465 προηγησάμενον
313 427 399 459 τοῦτο,
411 426 425 452 ὃ
442 427 487 452 καὶ
506 426 530 451 οἱ
549 426 672 460 νεώτεροι
685 425 808 459 λέγουσιν
821 425 850 452 ἐν

76 475 112 510 τῷ
123 474 192 508 Περὶ
206 473 265 499 τῶν
281 471 428 506 διαφορῶν
442 472 523 506 λόγῳ.
535 471 589 505 Τῆς
603 471 630 497 δὲ
643 471 846 506 δημιουργικῆς,

79 520 149 554 φασὶ,
178 518 319 553 δυνάμεως
355 516 564 552 ὲπιχειρησάσης
587 515 635 551 τῆς
661 515 846 550 κοσμοποιίας,

78 563 271 598 ἀποκεκρίσθαι
289 562 336 597 τῆς
351 561 415 597 ὕλης
428 561 459 587 τὸ
477 561 568 596 μεῖναν
582 560 627 586 ἐπὶ
641 560 689 595 τῆς
706 559 772 591 ἰδίας
786 561 849 595 ἀρε-

78 610 123 644 τῆς
140 609 190 635 κᾶν
210 610 242 644 τῇ
264 608 399 642 συμμίξει,
418 607 464 632 καὶ
478 605 615 640 γεγονέναι
631 605 704 640 ἥλιον
715 606 760 632 καὶ
774 606 850 640 σελή-

79 662 140 687 νην·
160 652 193 679 τὸ¹
206 653 233 678 δὲ
255 652 367 687 μετρίας
383 650 541 685 μετειληφὸς
560 649 666 681 κακίας,
682 650 793 685 οὺρανδν
805 650 852 675 καὶ

79 698 202 732 ἀστέρας.
214 697 312 723 Λοιπὸν
324 696 353 722 δὲ
369 696 402 722 τὰ
420 695 485 722 ἄλλα
503 694 576 727 ὲντδς
597 695 698 721 τοὺτων
716 695 852 730 περιειλῆ-

81 744 140 778 φθαι
159 743 196 773 ὡς
215 742 316 777 ἔτυχεν,
345 742 465 777 μίγματα
484 741 546 767 ὄντα
563 741 612 776 τῆς
633 749 661 767 τε
686 740 759 772 θείας
778 741 853 767 δυνά-

81 798 150 823 μεως
169 789 216 814 καὶ
234 788 282 822 τῆς
299 788 372 822 ὕλης.

899 294 940 318 est
956 294 985 317 ut
1005 291 1108 324 reliqua
1123 289 1210 317 media
1228 288 1355 317 dicamus,
1370 291 1395 314 et
1415 288 1445 318 in
1465 287 1552 314 medio
1566 288 1667 314 consti—

900 339 967 361 tuta.
983 334 1064 369 Atqui
1085 334 1221 364 invenitur
1245 332 1368 359 diversus
1380 333 1464 359 factor
1488 339 1519 358 ac
1543 332 1667 358 conditor

899 379 971 406 circa
987 386 1018 405 ea
1037 385 1097 412 qua:
1120 377 1207 404 media
1223 382 1295 408 sunt,
1316 384 1378 403 cum
1394 376 1485 402 dicant
1508 375 1586 402 aliam
1603 383 1668 402 cau-

898 431 957 451 sam
975 423 1108 458 opiticem,
1125 423 1205 454 aliam
1217 422 1335 450 materia:
1351 421 1504 448 admistam.
1519 420 1598 447 Forte
1617 421 1668 456 igi-

899 473 944 496 tur
965 474 1006 497 est
1023 469 1182 507 primarium
1203 469 1274 499 istud
1297 472 1324 495 et
1345 467 1417 502 quod
1430 475 1445 493 a
1467 467 1593 500 primario
1615 472 1666 500 est,

901 515 973 549 quod
986 516 1065 541 etiam
1081 514 1175 541 dicunt
1191 513 1353 540 recentiores
1369 513 1395 538 in
1410 511 1479 538 libro
1497 511 1533 538 De
1547 510 1669 545 diﬂ'cren-

902 560 955 588 tiis.
972 560 1092 593 Cumque
1109 559 1176 586 adeo
1190 557 1278 594 opifex
1297 557 1381 583 virtus
1398 564 1430 583 ac
1444 556 1521 590 cujus
1537 555 1671 583 condendi

902 606 942 634 vis
956 605 1048 634 mundi
1066 604 1195 631 fabricam
1211 610 1337 638 aggressa
1352 606 1435 634 esset,
1453 606 1584 629 secretum
1596 601 1672 628 aiunt

902 650 935 678 de
958 650 1070 677 materia
1090 649 1161 684 quod
1185 649 1212 676 in
1232 649 1291 683 ipsa
1305 656 1413 682 quoque
1433 647 1558 675 mistione
1573 647 1599 674 in
1623 654 1673 674 sua

903 696 1010 730 propria
1027 698 1163 722 manserat
1177 693 1285 724 virtute,
1303 697 1383 728 atque
1400 692 1463 719 hinc
1479 693 1562 719 solem
1580 698 1607 720 et
1628 691 1672 718 lu-

904 749 965 768 nam
987 739 1135 767 exstitisse.
1157 737 1185 764 Id
1206 745 1269 764 vero
1292 737 1363 771 quod
1385 737 1491 763 modice
1512 736 1674 771 parciusque

903 790 995 816 vitium
1012 790 1183 814 contraxerat
1204 792 1235 811 ac
1250 784 1391 816 malitiam,
1410 783 1509 810 calum
1527 787 1553 809 et
1568 782 1670 810 stellas.

901 840 1039 867 Postremo
1052 841 1141 864 autem
1157 829 1261 869 reliqua
1278 834 1349 861 intra
1372 833 1428 860 haec
1444 837 1544 860 temere
1562 832 1674 859 interce-

864 881 885 909 B
900 889 953 921 pta,
971 890 1030 918 quae
1045 882 1123 909 mista
1144 883 1208 908 sunt
1223 887 1254 905 ex
1270 878 1361 905 divina
1379 877 1477 903 virtute
1497 880 1524 903 et
1548 876 1671 903 materia.

79 948 141 974 CAP.
154 945 213 972 XX.
233 945 328 972 Diuina
343 946 424 972 virtus
436 944 518 977 eidem
537 944 683 972 Manirhwo
699 953 823 986 corporea
840 949 863 971 et
875 942 1023 984 diuisibilis.
1037 940 1132 967 Divina
1142 939 1222 967 virtus
1237 937 1293 971 ipsa
1307 936 1427 967 materia,
1440 943 1496 970 qua:
1508 935 1650 969 ﬁatomnia
1662 943 1673 963 :

753 987 940 1006 ηισοιιυειιιεηε.

118 1039 187 1073 Ἐγὼ
203 1039 229 1065 δὲ
255 1039 330 1075 παρὰ
347 1040 434 1066 πάντα
457 1040 540 1066 ταῦτα
557 1039 696 1074 θαυμάζω,
721 1037 777 1068 πῶς
802 1036 851 1062 οὐκ

80 1085 247 1111 αἰσθάνονται
257 1085 411 1120 σωματικὴν
427 1084 564 1116 ποιοῦντες
576 1085 624 1120 τὴν
641 1084 714 1110 θείαν
726 1082 849 1116 δύναμιν,

81 1131 124 1156 καὶ
140 1130 280 1165 τέμνοντες
295 1130 417 1165 καθάπερ
436 1130 469 1156 τὰ
485 1130 564 1165 μέρη.
579 1129 628 1156 Διὰ
642 1129 668 1155 τί
684 1128 736 1163 γὰρ
752 1127 799 1161 οὐχ
815 1126 852 1157 ὡς

81 1175 138 1210 ὕλη,
155 1176 203 1202 καὶ
218 1176 234 1211 ἡ
252 1175 310 1201 θεία
323 1176 433 1210 δύναμις
448 1176 497 1211 ἠδη
516 1176 588 1202 ἐστὶν
607 1173 713 1209 παθητὴ
726 1173 771 1205 καὶ
787 1172 854 1199 διαι-

81 1223 142 1256 ρετὴ
159 1221 203 1248 διὰ
217 1222 307 1257 πάσης
320 1222 418 1256 αὐτῆς·
437 1223 482 1249 καὶ
498 1222 528 1248 τὸ
544 1222 591 1257 μέιν
606 1230 632 1247 τι
646 1221 728 1255 αὐτῆς
751 1219 853 1254 γίνεται

82 1266 159 1301 ἥλιος,
176 1267 208 1293 τὸ
222 1267 251 1293 δὲ
266 1267 362 1302 σελήνη
373 1276 380 1299 ;
393 1267 526 1302 Καθαρῶς
538 1266 592 1302 γὰρ
607 1265 690 1292 ταῦτα
704 1263 773 1292 εἶναι
787 1265 852 1298 φασὶ

81 1312 126 1346 τῆς
148 1312 222 1344 θείας
239 1313 389 1347 δυνάμεως·
411 1312 489 1340 τοῦτο
503 1312 531 1339 δὲ
550 1310 583 1347 ἦν
605 1312 619 1338 ὃ
639 1311 766 1346 ἐλέγομεν
789 1311 852 1336 ἴδιον

81 1358 125 1392 τῆς
151 1357 218 1393 ὕλης
241 1356 319 1389 εἶναι,
334 1358 364 1384 τὸ
389 1358 470 1393 μηδὲν
485 1356 566 1386 οὖσαν
580 1357 641 1384 καθ’
653 1356 763 1391 ἑαυτὴν,
778 1356 852 1389 δεχο-

82 1402 161 1438 μένην
176 1403 205 1429 δὲ
222 1403 256 1430 τὰ
271 1404 398 1439 σχήματα
410 1405 456 1430 καὶ
474 1404 522 1436 τὰς
539 1404 690 1439 ποιότητας,
706 1403 793 1429 πάντα
811 1402 853 1436 γί-

80 1447 188 1480 γνεσθαι
202 1448 236 1474 τὰ
252 1449 424 1484 διωρισμένα.
447 1450 477 1475 El
494 1447 538 1475 οὖν
552 1450 589 1480 ὡς
607 1449 651 1483 ἀφ’
669 1448 727 1479 ἐνὸς
744 1448 854 1474 ὑποκει-

81 1493 159 1527 μένου
178 1493 228 1528 τῆς
250 1493 323 1524 θείας
344 1494 482 1529 δύναμεως
502 1494 579 1529 μόνον
596 1494 704 1528 γέγονεν
720 1492 794 1527 ἥλιος
809 1492 855 1518 καὶ

82 1537 187 1574 σελήνη,
202 1538 289 1565 ταῦτα
308 1539 335 1565 δὲ
355 1540 444 1575 ἔτερα,
464 1540 507 1566 διὰ
527 1540 553 1566 τί
570 1540 605 1575 μὴ
625 1540 671 1565 καὶ
686 1538 749 1565 ἄλλο
764 1547 789 1565 τι
809 1538 855 1572 γέ·-

81 1592 172 1618 νηται;
189 1584 220 1610 Εἰ
235 1584 262 1611 δὲ
272 1585 360 1615 πάντα
369 1587 519 1621 γενήσεται,
528 1586 558 1612 τὸ
569 1585 715 1620 συμϐαῖνον
728 1583 853 1620 φανερὸν,

80 1629 146 1664 ὃτιὴ
170 1628 230 1655 θεία
244 1629 355 1665 δύναμις
372 1630 430 1666 ὕλη,
453 1632 499 1658 καὶ
515 1631 581 1666 αὐτὴ
599 1631 665 1666 πρὸς
681 1630 715 1657 τὰ
731 1631 855 1665 σχήματα

80 1675 236 1709 ποιουμένη.
256 1675 286 1701 El
301 1675 329 1701 δὲ
344 1676 417 1702 οὐδὲν
427 1677 544 1712 ἕτερονῆ
560 1676 632 1710 ἦλιρς
645 1676 691 1702 καὶ
715 1675 809 1711 σελήνη
823 1675 857 1701 τὰ

80 1721 108 1745 ὲκ
121 1720 170 1754 τῆς
184 1720 259 1751 θείας
273 1720 410 1755 δυνάμεώς
425 1723 480 1748 ἐστι
494 1722 634 1756 γενόμενα,
647 1720 680 1748 τὰ
695 1721 857 1755 ἐναπειλημ-

68 1764 148 1798 ’μένα
161 1765 215 1799 ἄρα
226 1766 292 1791 πᾶσι
308 1767 362 1796 τοῖς
376 1764 449 1792 οὖσιν
463 1766 538 1800 ἥλιός
550 1767 606 1792 ἐστι
623 1765 669 1798 καὶ
686 1765 780 1800 σελήνη
791 1774 797 1779 ·
811 1765 857 1795 καιῐ

81 1809 193 1841 ἕκαστος
210 1810 265 1836 τῶν
282 1811 401 1846 ᾁστέρων
416 1811 489 1846 qua;
503 1812 560 1838 ἐστι
575 1812 621 1838 καὶ
638 1811 733 1846 σελήνη
744 1819 750 1825 ·
768 1810 814 1836 καὶ
828 1810 857 1836 τὸ

81 1855 171 1890 ἓτερον
197 1856 244 1882 καὶ
263 1857 317 1882 τῶν
343 1858 475 1892 χερσαίων
495 1856 570 1889 ζώων
593 1856 653 1883 καθ’
677 1856 790 1883 ἕκαστον
811 1856 858 1882 καὶ

82 1900 132 1929 τῶν
148 1902 258 1936 πηνῶν
275 1903 321 1928 καὶ
336 1902 389 1929 τῶν
403 1903 550 1938 ἁμφιὸίων.
563 1902 662 1929 ’Ταῦτα
678 1903 716 1935 δὲ,
736 1903 776 1928 ὅτι
797 1901 857 1927 οὐδὲ

81 1947 104 1971 οἱ
113 1947 147 1972 τὰ
158 1947 286 1983 θαύματα
295 1948 444 1980 δεικνύντες
455 1949 627 1981 ἀποδέξαιντο
637 1948 679 1980 ἂν,
690 1945 862 1983 οἶμαι-παντί

84 2000 124 2018 πω
137 1992 216 2028 δῆλον
229 1991 309 2020 εἶναι.

937 1034 993 1070 Ego
1013 1041 1088 1066 sane,
1114 1037 1210 1068 praeter
1231 1033 1288 1060 haac
1311 1031 1412 1063 omnia,
1433 1030 1516 1056 miror
1539 1027 1675 1064 quomodo

903 1087 956 1107 non
970 1079 1133 1114 intelligunt,
1145 1085 1301 1113 corpoream
1316 1085 1346 1105 se
1359 1076 1446 1103 facere
1459 1075 1576 1102 divinam
1592 1074 1677 1102 virtu-

904 1129 968 1156 tem,
987 1125 1067 1158 inque
1092 1125 1207 1158 partium
1235 1130 1335 1150 morem
1356 1129 1456 1150 secare.
1480 1120 1578 1153 Quidni
1602 1119 1676 1147 enim

904 1169 1128 1204 quemadmodum
1149 1168 1270 1200 materia,
1295 1167 1375 1194 etiam
1401 1165 1492 1192 divina
1511 1165 1597 1191 virtus
1619 1163 1675 1198 jam

905 1214 1025 1250 patibilis
1041 1217 1092 1245 est,
1107 1221 1190 1248 seque
1205 1217 1258 1240 tota
1271 1211 1432 1243 divisibilis;
1447 1215 1527 1244 atque
1540 1210 1601 1244 ejus
1612 1216 1676 1244 pars

905 1259 961 1289 alia
972 1259 1011 1286 sol
1022 1259 1145 1289 cﬂicitur.
1159 1259 1210 1288 alia
1224 1258 1285 1284 luna
1295 1258 1306 1284 ’Ξ
1317 1256 1396 1286 Clare
1409 1255 1480 1285 enim
1491 1255 1541 1281 hoc
1555 1258 1596 1281 est
1604 1252 1677 1289 quod

906 1305 1061 1336 dicebamus
1076 1313 1136 1332 esse
1160 1303 1298 1339 proprium
1320 1301 1447 1333 materiae,
1466 1308 1527 1327 cum
1547 1301 1606 1334 ipsa
1629 1305 1677 1333 per

907 1359 935 1378 se
949 1350 1014 1381 nihil
1029 1351 1074 1380 sit.
1089 1357 1149 1376 cum
1168 1349 1267 1384 figuras
1280 1353 1306 1376 et
1321 1348 1467 1383 qualitates
1479 1346 1601 1380 recipiat,
1616 1352 1676 1372 om-

908 1397 952 1422 nia
974 1396 1042 1425 tieri.
1064 1404 1122 1430 quae
1139 1395 1223 1422 divisa
1242 1402 1273 1421 ac
1295 1394 1423 1423 distincta
1446 1396 1518 1420 sunt.
1547 1391 1575 1418 Si
1596 1390 1679 1425 igitur

907 1442 980 1469 velut
1006 1449 1039 1468 ex
1054 1448 1107 1468 uno
1130 1440 1251 1474 subjecto
1268 1439 1360 1466 divina
1380 1438 1488 1468 virtute,
1509 1434 1691 1463 solummodo.

907 1487 948 1514 sol
962 1487 1079 1521 lunaque
1099 1485 1279 1518 exstiterunt;
1297 1484 1405 1517 hincque
1421 1483 1488 1510 adeo
1504 1482 1556 1508 alia
1576 1488 1607 1508 ac
1626 1480 1690 1511 alia

906 1536 980 1564 sunt,
1008 1532 1102 1567 quidni
1125 1532 1205 1559 etiam
1231 1529 1306 1558 aliud
1333 1528 1470 1564 quidpiam
1493 1527 1592 1554 factum
1618 1526 1680 1553 est?

907 1579 983 1613 Quod
1005 1578 1027 1607 si
1055 1578 1119 1607 ﬁent
1141 1577 1240 1608 omnia,
1265 1576 1330 1610 quid
1355 1578 1484 1609 sequatur
1505 1572 1680 1603 manifestum

907 1629 962 1658 est;
986 1625 1104 1656 divinam
1128 1623 1254 1654 virtutem
1279 1620 1418 1651 materiam
1444 1626 1516 1650 esse,
1539 1618 1681 1652 ipsamque

908 1677 969 1699 esse
985 1676 1044 1703 quae
1063 1668 1090 1694 in
1112 1668 1210 1701 ﬁguras
1225 1665 1364 1692 formetur.
1387 1662 1463 1696 Quod
1485 1662 1508 1689 si
1524 1662 1591 1688 nihil
1607 1659 1687 1687 aliud,

911 1720 973 1742 sunt
990 1715 1030 1743 sol
1042 1718 1068 1741 et
1079 1713 1153 1744 luna,
1170 1718 1250 1746 quam
1261 1717 1321 1746 quae.
1332 1717 1365 1737 ex
1376 1709 1467 1736 divina
1482 1707 1580 1737 virtute
1590 1708 1681 1737 creata

910 1765 991 1794 sunt;
1008 1767 1072 1796 ergo
1083 1766 1141 1794 qua:
1156 1757 1237 1786 rebus
1254 1755 1380 1787 omnibus
1390 1755 1538 1787 intercepta
1554 1755 1627 1784 sunt,
1639 1750 1681 1778 sol

910 1811 937 1835 et
959 1807 1023 1833 luna
1037 1809 1100 1833 sunt
1116 1813 1123 1831 :
1140 1811 1172 1830 ac
1187 1802 1298 1837 singulas
1315 1808 1427 1835 quaeque
1443 1799 1537 1831 stellae,
1563 1797 1604 1824 sol
1618 1800 1682 1824 sunt

910 1856 936 1880 et
951 1852 1030 1884 luna;
1049 1849 1207 1884 singulaque
1228 1847 1280 1874 alia
1300 1853 1412 1883 quaeque
1434 1843 1560 1871 animalia
1575 1842 1682 1878 generis

910 1896 1078 1926 terrestrium
1099 1898 1125 1921 et
1146 1894 1296 1922 volucrium
1317 1896 1343 1919 et
1359 1898 1451 1919 eorum
1467 1897 1526 1924 qua:
1546 1887 1682 1923 amphibia

910 1943 1046 1975 dicuntur.
1063 1940 1124 1967 Haec
1139 1947 1203 1969 vero
1219 1947 1252 1966 ne
1269 1939 1341 1975 ipsos
1352 1937 1459 1972 quidem
1471 1935 1682 1971 praestigiatores

912 1989 1089 2018 admissuros,
1101 1985 1236 2013 universis
1248 1982 1418 2010 manifestum
1433 1988 1493 2008 esse
1509 1980 1644 2007 existimo.

82 2049 144 2077 (λη’-
159 2050 231 2077 ΧΧῘ-
251 2050 341 2078 Virtus
356 2051 452 2085 Partim
477 2052 554 2085 bona,
569 2053 665 2086 partim
682 2052 782 2078 melior.
804 2049 836 2076 In
858 2046 912 2087 ante
930 2049 953 2072 et
975 2044 1038 2070 luna
1060 2042 1174 2075 illibata,
1195 2041 1222 2067 in
1239 2040 1298 2066 aliis
1320 2039 1482 2073 depravata:
1503 2034 1689 2070 improbabilia

827 2089 925 2116 opima.

116 2143 152 2169 Τὸ
168 2143 197 2170 δὲ
212 2143 281 2178 μετὰ
294 2143 378 2171 ταῦτα
390 2145 582 2171 ἐπισκοποῦσιν
593 2145 642 2171 οὐκ
652 2143 742 2170 εὐθεῖα
756 2144 772 2178 ἡ
787 2142 856 2172 ὁδὸς,

83 2187 150 2215 ἀλλὰ
170 2187 352 2224 δυσαντοτέρα
371 2189 419 2224 τῆς
443 2189 638 2224 παρελθούσης.
663 2188 778 2222 Λέγουσι
803 2187 857 2222 γὰρ

85 2231 165 2266 μηδὲν
187 2231 287 2258 ἄτοπον
308 2233 468 2260 πεπονθέναι
485 2233 555 2260 κατὰ
577 2234 626 2268 τὴν
646 2232 774 2268 σύμμιξιν
790 2232 858 2267 πρὸς

84 2277 130 2312 τὴν
143 2277 208 2312 ὓλην
225 2277 300 2311 ἥλιον
311 2278 357 2304 καὶ
372 2279 493 2314 σελήνην.
508 2278 572 2305 Εἶτα
586 2278 643 2310 πῶς
655 2278 688 2304 τὰ
703 2278 768 2305 ἄλλα
778 2277 860 2312 ἠλατ-

84 2321 154 2357 τώθη
180 2323 256 2357 παρὰ
279 2323 328 2358 τὴν
349 2324 414 2350 ἰδίαν
436 2324 514 2358 φύσιν
529 2325 578 2354 οὐκ
601 2324 691 2358 ἔχουσι
715 2323 812 2357 λέγειν.
829 2324 859 2349 Ei

85 2367 133 2401 μὲν
149 2367 205 2403 γὰρ
220 2368 268 2394 καὶ
283 2369 327 2394 ὅτε
343 2369 404 2395 καθ’
420 2369 516 2405 ἑαυτὴν
530 2367 563 2404 ἦν
580 2371 595 2405 ὴ
611 2369 669 2396 θεία
687 2369 798 2404 δύναμις
813 2369 859 2394 οὕ-

83 2420 134 2443 τως
150 2411 233 2447 εἶχεν,
251 2413 320 2439 ὥστε
336 2414 366 2440 τὸ
381 2414 429 2449 μέν
444 2423 470 2440 τι
492 2415 576 2450 αὐτῆς
592 2412 659 2440 εἶναι
681 2414 772 2445 καλὸν,
787 2413 818 2439 τὸ
831 2413 860 2439 δὲ

83 2458 201 2490 κάλλιον,
227 2459 298 2485 κατὰ
324 2460 368 2486 τὸν
387 2460 440 2486 τῶν
468 2460 687 2495 ίπποκενταύρων
718 2459 811 2494 μῦθον,
836 2459 860 2485 οἳ

82 2503 111 2529 τὸ
135 2504 186 2538 μὲν
209 2504 273 2539 ἄχρι
294 2504 398 2539 στηθῶν
420 2505 558 2540 ἄνθρωποι,
579 2503 656 2540 ἦσαν,
679 2504 708 2531 τὺ
731 2504 821 2530 λοιπὸν
834 2505 861 2530 δὲ

83 2549 178 2575 ἵπποι·
195 2549 266 2575 καλὰ
285 2550 332 2584 μὲν
348 2550 464 2585 ἑκάτερα
481 2550 515 2577 τὰ
534 2550 600 2583 ζῶα,
617 2549 726 2582 κάλλιον
743 2550 771 2576 δὲ
787 2550 801 2575 ὁ
814 2550 862 2576 ἇν-

84 2594 206 2630 θρωπος·
231 2594 303 2621 οὕτω
324 2595 370 2621 καὶ
390 2595 435 2621 ἐπὶ
460 2595 509 2631 τῆς
534 2595 607 2626 θείας
626 2595 764 2629 δυνάμεώς
789 2596 865 2624 ἐστιν,

84 2640 237 2674 ἐπινοῆσαι,
251 2640 281 2665 τὸ
299 2641 347 2674 μέν
365 2649 389 2666 τι
404 2641 487 2675 αὐτῆς
507 2641 536 2666 τὸ
559 2641 665 2667 κάλλιον
683 2641 773 2675 φέρον,
787 2641 817 2666 τὸ
834 2641 861 2666 δὲ

84 2684 278 2719 ἐλαττούμενον
298 2685 367 2711 κατὰ
383 2685 469 2712 τοῦτο.
491 2686 544 2711 Καὶ
565 2686 610 2711 ἐπὶ
630 2685 677 2720 τῆς
699 2684 763 2719 ὕλης
784 2684 812 2711 δὲ
832 2684 866 2710 τὸ.

87 2731 134 2767 μὲν
143 2731 262 2766 ὑπάρχει
273 2731 422 2766 ὑπερϐολήν
430 2740 488 2757 τινα
498 2731 558 2765 ἔχον
570 2731 677 2761 κακίας.
691 2750 697 2757 .
713 2750 719 2757 .
735 2730 769 2756 τὰ
778 2729 862 2765 ἕτερα

87 2775 135 2811 μὲν
149 2776 242 2811 ἕτερα,
258 2777 305 2802 καὶ
319 2777 412 2811 ἑτέρας
424 2775 500 2807 ἄλλος
514 2775 546 2801 ἃν
557 2773 589 2810 ἦν
605 2775 690 2809 λόγος.
714 2775 862 2810 Ἐνεδέχετο

86 2820 139 2856 γὰρ
155 2821 310 2853 ὑπολαϐεῖν,
323 2821 362 2847 ὅτι
377 2821 587 2856 ἐμφρονέστερον
601 2820 634 2847 τὰ
648 2820 677 2851 ἐξ
689 2820 773 2855 ἀρχῆς
788 2819 861 2854 ἥλιος

87 2867 131 2892 καὶ
147 2867 247 2904 σελήνη
265 2867 298 2893 τὰ
312 2865 391 2902 ἦττον
409 2866 511 2903 πονηρὰ
526 2867 574 2902 τῆς
589 2865 652 2900 ὕλης
669 2867 707 2896 εὶς
722 2865 768 2900 τὴν
792 2865 860 2900 σύμ.-

947 2137 974 2164 Si
985 2143 1046 2171 quis
1054 2142 1117 2162 vero
1131 2133 1194 2160 huic
1205 2131 1276 2167 quod
1294 2133 1415 2165 sequitur
1427 2128 1546 2157 animum
1562 2126 1691 2157 attend“

909 2183 954 2213 rit.
968 2182 1039 2210 haud
1052 2185 1125 2209 recta
1140 2178 1263 2208 videatur
1274 2177 1328 2208 via,
1347 2176 1394 2203 sed
1409 2182 1470 2209 quae
1485 2174 1624 2208 superiore
1637 2180 1683 2198 ar-

910 2226 963 2252 dua
983 2225 1072 2259 magis
1090 2231 1122 2253 ac
1145 2222 1317 2254 anfracluosa
1333 2220 1378 2247 sit.
1402 2220 1483 2251 Aiunt
1500 2219 1571 2246 enim
1589 2227 1595 2244 ς
1617 2216 1683 2245 nihil

911 2271 980 2298 labis
998 2269 1127 2297 ascivisse
1141 2268 1225 2295 solem
1238 2271 1265 2293 et
1286 2266 1377 2292 lunam
1391 2272 1424 2291 ex
1440 2263 1600 2294 commercio
1620 2271 1682 2290 cum

909 2314 1107 2347 materia.,Jam
1120 2313 1191 2341 enim
1206 2313 1345 2346 nequeunt
1356 2310 1447 2342 dicere
1467 2309 1603 2343 quomodo
1618 2309 1682 2336 reli-

910 2371 962 2398 qua
988 2362 1015 2388 in
1031 2360 1151 2388 deterius
1174 2358 1281 2389 iverint,
1307 2364 1387 2393 quam
1403 2355 1484 2386 ferret
1507 2363 1601 2382 eorum
1620 2362 1684 2390 pro-

910 2410 968 2445 pria
984 2412 1091 2436 natura.
1108 2406 1136 2433 Si
1152 2406 1223 2433 enim
1240 2409 1303 2435 tunc
1318 2403 1410 2433 etiam,
1425 2409 1486 2428 cum
1500 2409 1582 2436 penes
1599 2409 1628 2429 se
1644 2409 1681 2429 σε*

910 2459 961 2488 set,
975 2456 1001 2482 in
1010 2462 1069 2482 eum
1082 2453 1190 2480 modum
1202 2459 1231 2479 se
1241 2450 1334 2481 divina
1343 2448 1429 2476 virtus
1442 2447 1566 2476 habebat.
1579 2451 1608 2473 ut
1618 2454 1683 2480 par-

910 2503 957 2529 tim
981 2501 1062 2532 bona,
1091 2498 1188 2534 partim
1211 2496 1306 2526 melior
1330 2497 1415 2525 esset,
1438 2500 1491 2527 quo
1515 2499 1582 2526 pene
1603 2492 1683 2518 modo

910 2547 1137 2581 hippocentauros
1155 2543 1311 2577 fabulantur
1324 2540 1404 2568 otiosi
1425 2539 1557 2568 homines,
1575 2538 1620 2572 qui
1639 2537 1683 2563 νὶ-

910 2593 1007 2619 delicet
1030 2591 1063 2618 ad
1085 2597 1171 2624 usque
1192 2592 1286 2623 pectus
1308 2587 1440 2618 homines,
1466 2585 1568 2618 reliquo
1592 2589 1681 2609 autem

911 2644 1024 2671 corpore
1042 2635 1103 2670 equi
1127 2640 1235 2666 essent;
1248 2640 1307 2668 qua:
1323 2637 1436 2666 utraque
1454 2630 1524 2657 bona
1537 2627 1681 2658 animalia;

911 2683 958 2710 sed
979 2682 1006 2708 in
1020 2682 1060 2708 eis
1082 2681 1161 2708 homo
1176 2680 1290 2707 melior:
1304 2679 1343 2706 sic
1359 2685 1466 2713 quoque
1481 2677 1509 2704 in
1526 2676 1615 2703 divina
1628 2675 1683 2702 vir-

912 2733 968 2755 tute
979 2728 1040 2754 licet
1053 2727 1212 2760 intelligere,
1225 2725 1284 2760 ejus
1297 2724 1370 2751 aliud
1385 2723 1481 2750 melius
1494 2729 1555 2749 esse
1569 2728 1600 2748 ac
1614 2727 1683 2756 pra-

912 2772 1040 2803 stantius,
1055 2770 1127 2797 aliud
1144 2769 1269 2797 secundis
1286 2769 1407 2804 partibus
1430 2767 1487 2794 fore
1503 2774 1535 2793 ac
1552 2764 1682 2795 deterius.

911 2818 1058 2852 itidemque
1076 2817 1199 2848 materia,
1215 2815 1287 2843 aliud
1302 2822 1441 2843 enormem
1453 2812 1596 2848 quamdam
1607 2812 1687 2844 mali-7

913 2864 976 2890 tiam
988 2862 1069 2890 habet
1087 2868 1167 2897 atque
1180 2869 1356 2889 excessum...
1374 2860 1432 2887 Alia
1444 2859 1551 2894 quidem
1565 2858 1628 2888 alia,
1643 2860 1686 2883 ιλιι
