1909 3069
214 187 264 215 ιόθ

704 181 905 210 ALEXAND!“
922 180 1076 209 EPISCOPI
1095 179 1346 209 LYCOPOLITANI

1780 178 1835 206 δέυ

213 254 265 282 que
289 246 359 273 alius
378 245 431 273 alia
452 245 533 272 fuerit
559 243 640 271 ratio.
661 242 826 271 Existimare
840 241 911 270 enim
931 241 992 268 lice-

1049 241 1122 277 μιξιν
1151 240 1301 273 ἐξελέξατο,
1325 241 1369 267 ἵνα
1397 239 1463 275 μένῃ
1487 239 1532 265 ἐπὶ
1555 239 1604 274 τῆς
1629 238 1696 269 ιδίας
1719 237 1833 274 ἀρετῆς-

213 293 268 325 hat.
292 299 308 319 a
324 292 460 328 principio
473 291 557 319 solem
575 294 602 318 et
626 290 728 322 lunam,
747 287 996 322 solertiorijudicio

212 345 245 366 ac
264 338 420 374 prudentia,
437 342 528 374 partes
544 337 663 365 materiae
678 337 769 365 minus
791 336 876 363 malas
897 334 996 369 quibus

212 385 367 414 commistio
379 386 465 416 ﬁeret,
481 385 531 413 sibi
544 385 670 420 elegisse,
682 388 712 412 ut
726 385 752 411 in
766 391 815 412 sua
829 382 997 419 perfectione

212 437 244 458 ac
266 432 368 459 virtute
392 431 595 463 consisterent;
623 429 770 458 debilitatis
801 434 890 456 autem
913 432 997 455 tanta:

211 476 300 504 aetatis
317 477 472 510 maleﬁciis,
488 481 590 505 tantam
607 478 633 504 in
654 477 727 504 bono
743 474 932 503 excellentiam
953 481 998 501 re-

211 527 354 558 portasse;
370 524 489 560 reliquas
504 532 568 552 vero
590 524 651 558 ejus
669 528 760 559 partes
774 522 910 556 collapsas
925 527 997 552 csse,

211 568 283 596 haud
311 570 421 604 quidem
446 571 506 598 sine
530 569 717 605 providentia;
744 576 806 595 cum
824 567 883 602 pari
905 571 996 594 tamen

211 615 394 649 providentia,
410 623 442 644 ea
460 623 519 651 qua
532 617 558 642 in
572 616 631 651 ipsa
649 618 700 646 cst,
721 613 833 644 malitia,
850 619 900 647 pro
911 615 994 646 quota

211 660 344 694 cujusque
360 661 466 688 ratione
483 661 569 695 magis
590 660 708 686 imbutas
725 666 794 686 esse.
813 656 891 690 Quod
906 656 993 682 cnim-

1046 285 1281 322 ὲξασθενησάντων
1310 286 1427 321 τηλίκων
1452 285 1480 312 δὲ
1508 285 1732 321 πονηρευμάτων,
1758 285 1835 312 ἐκσι-

1047 331 1183 359 6άσασοαι
1207 332 1340 368 τοσαύτην
1362 332 1498 368 ὑπεροχὴν
1522 333 1551 358 ὲν
1566 332 1605 368 τῷ
1624 333 1728 368 ἀγαθῷ,
1750 332 1785 359 τὰ
1805 333 1835 359 δὲ

1046 378 1113 406 ἄλλα
1129 379 1198 414 μέρη
1213 379 1297 415 αὐτῆς
1315 377 1349 415 ἦν
1369 379 1496 411 πεσόντα,
1512 379 1562 406 οὐκ
1578 379 1754 414 ἀπρονοήτως
1773 379 1834 414 μὲν,

1046 426 1077 452 οὺ
1101 425 1154 460 μὴν
1174 425 1244 460 μετὰ
1261 426 1309 461 τῆς
1332 425 1394 461 ἴσης
1414 425 1542 461 προνοίας
1563 425 1714 452 ἀπολαῦσαι
1733 425 1835 461 μᾶλλον

1047 470 1146 502 κακίας
1159 471 1208 506 τῆς
1223 471 1251 497 ὲν
1266 471 1333 507 αὐτῇ
1350 471 1420 498 κατὰ
1435 471 1465 498 τὸ
1481 471 1562 498 ποσὸν
1576 471 1701 498 ἕκαστον.
1723 471 1834 506 Ἐπειδὴ

1048 516 1076 541 δὲ
1096 516 1172 542 οὐδὲν
1189 516 1315 552 διάφορον
1334 517 1398 552 περὶ
1419 517 1468 552 τῆς
1487 517 1628 552 δυνάμεως
1649 516 1752 552 ταύτης
1768 516 1834 552 παρ’

1049 561 1138 588 αὐτῶν
1154 561 1273 595 λέγεται,
1288 562 1344 588 ἀλλ’
1361 563 1441 598 ὃμοια
1457 562 1501 589 διὰ
1517 562 1607 598 πάσης
1620 562 1706 597 αὐτῆς
1722 562 1836 597 Θεωρεῖ-

1047 616 1102 638 ται,
1113 607 1244 640 ἀπίθανος
1263 609 1277 634 ὁ
1290 608 1384 643 λόγοςτ
1406 609 1467 636 Ὀτι
1484 610 1512 636 ὲν
1528 609 1578 645 μὲν
1593 611 1626 645 τῇ
1648 609 1790 645 συμμίξει,
1805 608 1836 634 τὺ

1049 654 1098 689 μὲν
1112 653 1216 689 ἔμεινεν
1229 655 1365 690 ἀκέραιον,
1379 656 1409 682 τὸ
1422 656 1449 682 δὲ
1463 655 1590 692 μετέσχεν
1603 655 1702 686 κακίας
1716 654 1790 685 τινός

211 713 275 733 vero
288 707 321 733 de
338 708 386 734 hac
403 707 502 735 virtute
525 707 592 734 nihil
616 706 650 733 ab
663 706 704 733 eis
719 705 857 732 diversum
879 703 991 733 dicitur,
1007 701 1054 729 sed
1069 709 1098 729 se
1112 705 1168 729 tota
1197 703 1295 730 similis
1321 703 1499 737 ejusdemque
1519 702 1633 730 rationis
1661 701 1834 736 intelligitur,

211 753 401 789 improbabilis
412 754 535 781 doctrina
549 761 580 781 ac
594 753 729 781 sententia
743 755 800 778 est:
817 749 890 785 quod
922 756 1018 784 nempe
1041 748 1069 775 in
1093 749 1283 777 commistione
1306 750 1378 777 aliud
1397 751 1533 782 sincerum
1553 757 1706 784 purumque
1731 757 1839 776 reman-

210 799 288 832 serit,
306 799 380 827 aliud
398 800 503 827 malitia
519 799 636 835 quadam
653 797 823 833 impartitum
840 796 885 823 sit.

245 873 250 879 '
281 867 346 895 CAP.
364 867 447 895 XXII.
463 867 546 895 Lunae
563 868 650 896 lumen
665 877 681 895 a
696 867 759 894 sole.
776 865 949 899 Receptarum
965 865 991 890 in
1014 872 1047 890 ea
1060 863 1210 890 animarum
1224 864 1443 892 inconvenientia.
1458 863 1559 891 ercis
1574 863 1627 890 duo
1648 863 1763 890 diluvia.

247 934 330 962 Aiunt
344 942 420 968 vero,
438 935 522 963 solem
539 939 566 963 et
579 936 683 968 lunam,
696 942 758 962 cum
772 934 890 962 divinam
907 933 992 959 virtu-

1080 933 1196 966 Λέγουσι
1212 933 1250 965 δὲ,
1263 933 1304 960 ὅτι
1319 933 1366 960 καὶ
1381 932 1457 968 ἦλιος
1470 933 1517 960 καί
1533 932 1630 968 σελήνη
1641 931 1690 967 τήν
1705 931 1781 958 θείαν
1791 931 1836 958 δύ-

211 984 265 1007 tem
288 987 304 1006 a
331 980 447 1007 materia
473 980 603 1015 paulatim
632 979 825 1010 secrevissent,
849 977 882 1005 ad
912 976 995 1003 Deum

211 1024 408 1054 transmisisse.
431 1025 516 1053 Porro
540 1026 563 1053 si
587 1026 629 1053 vel
654 1033 751 1060 parum
773 1029 995 1053 astronomorum

210 1070 284 1101 iores
300 1070 452 1105 trivissent,
465 1071 493 1098 in
509 1070 672 1099 haecdeliria
693 1069 766 1097 haud
790 1070 952 1097 incidissent
966 1071 996 1097 ut

209 1117 250 1145 sic
271 1117 419 1151 sentirent;
445 1125 496 1145 nec
517 1117 709 1147 nescivissent,
733 1117 824 1143 lunam
851 1123 911 1151 qum
927 1123 996 1150 quo-

208 1163 333 1191 rumdam
348 1164 494 1196 sententia,
518 1164 645 1199 suo'ipsa
662 1163 764 1190 lumine
779 1167 882 1195 careat,
898 1170 914 1189 a
937 1162 996 1190 sole

208 1209 376 1244 illuminari;
400 1210 516 1245 ejusque
541 1210 605 1237 inde
628 1217 689 1238 esse
714 1209 900 1244 ﬁgurationes,
921 1209 995 1244 quod

208 1255 249 1283 sic
262 1256 303 1284 vel
329 1255 370 1284 sic
390 1256 473 1284 distet
497 1264 511 1283 a
533 1256 600 1284 sole.
621 1255 752 1291 Tuncque
770 1256 849 1291 plena
868 1256 993 1288 etlicitur,

207 1309 270 1329 cum
284 1310 299 1329 a
313 1302 372 1330 sole
383 1302 467 1330 distat
481 1306 590 1330 centum
606 1303 745 1337 octoginta
762 1301 902 1337 gradibus.
916 1301 995 1329 Tunc

208 1355 273 1376 vero
296 1349 324 1376 in
341 1349 414 1376 coitu
436 1352 488 1381 est,
507 1356 570 1376 eum
594 1349 622 1376 in
639 1349 735 1376 eodem
750 1357 813 1376 cum
827 1349 884 1377 sole
907 1347 994 1383 gradu

209 1394 307 1421 fertur.
325 1393 439 1428 Deinde,
459 1395 596 1430 quomodo
613 1403 667 1422 non
689 1396 799 1428 mirum,
815 1403 869 1431 qua
884 1394 993 1422 tandem

208 1441 256 1468 ﬁat
268 1441 384 1473 ratione,
401 1446 458 1469 tum
482 1441 574 1468 multae
593 1441 649 1469 sint
666 1441 763 1468 anima:
779 1445 807 1469 et
824 1449 839 1468 a
860 1440 995 1468 diversis?

207 1485 316 1514 Etenim
338 1489 403 1515 sunt
419 1486 513 1517 mundi
539 1487 626 1522 ipsius
648 1489 674 1514 et
692 1486 861 1518 animalium,
878 1490 906 1512 et
930 1485 994 1512 stir-

207 1531 281 1566 pium
297 1535 324 1559 et
338 1531 520 1567 nympharum
541 1536 568 1558 et
588 1531 740 1562 daemonum
756 1539 762 1558 :
781 1538 813 1558 ac
826 1530 852 1558 in
868 1529 911 1556 his
925 1529 994 1557 facie

207 1575 425 1611 distinguuntur,
442 1576 606 1609 volucrium,
631 1575 804 1603 terrestrium
821 1574 992 1606 animalium,

206 1626 232 1651 et
245 1629 340 1650 eorum
353 1629 414 1658 quae
431 1621 568 1657 amphibia
580 1626 643 1650 sunt
658 1631 665 1649 :
683 1621 710 1648 in
727 1621 791 1648 luna
802 1626 892 1648 autem
909 1627 993 1648 unum

206 1667 344 1702 quoddam
366 1667 455 1694 simile
471 1675 571 1702 corpus
592 1675 700 1703 semper
717 1666 797 1694 nobis
814 1665 993 1701 conspicitur.

205 1712 278 1746 Quid
294 1720 358 1740 vero
372 1716 398 1740 ct
417 1712 474 1740 haec
488 1714 612 1748 corporis
628 1712 816 1742 continuitas?
831 1713 870 1740 Ac
884 1711 993 1747 quidem

206 1765 269 1791 cum
298 1758 364 1785 luna
392 1759 542 1794 semiplena
564 1763 617 1792 est,
646 1763 758 1794 apparet
785 1758 992 1791 semicirculus;

205 1811 325 1839 cumque
345 1804 491 1840 plusquam
514 1805 614 1837 media,
639 1805 710 1832 idem
735 1812 842 1833 rursus.
868 1804 993 1838 Quonam

205 1849 290 1885 igitur
305 1850 386 1878 modo
403 1850 431 1878 in
447 1851 539 1878 lunam
554 1855 744 1883 assumuntur,
763 1858 794 1878 ac
807 1858 862 1887 quo
873 1858 930 1879 usa:
945 1858 993 1877 ve-

207 1895 316 1924 hiculo?
333 1896 362 1924 Si
385 1897 458 1925 enim
483 1898 543 1925 leve
564 1902 606 1925 est
628 1898 701 1925 velut
717 1897 799 1932 ignis,
825 1905 880 1924 non
903 1897 992 1924 solum

205 1950 254 1982 par
266 1942 300 1970 ad
319 1943 411 1974 lunam
432 1944 557 1975 evadere.
574 1943 622 1971 sed
646 1945 772 1979 superius
792 1943 925 1979 quidquid
950 1947 997 1971 est‘

206 1989 401 2018 transcendere
417 1999 423 2017 :
440 1990 483 2017 sin
499 1994 589 2018 autem
604 1997 696 2026 grave,
712 1998 762 2018 nec
778 1987 940 2027 aprincipio
959 1990 992 2023 ad

205 2034 298 2062 lunam
317 2035 380 2067 licet
399 2037 542 2071 attingere.

240 2080 371 2116 Quaenam
386 2089 451 2109 vero
464 2083 534 2110 ratio
555 2087 607 2115 est,
627 2087 656 2110 ut
676 2083 749 2118 quod
763 2083 881 2119 primum
904 2083 938 2110 ad
953 2084 993 2111 iu-

204 2134 269 2154 nam
291 2127 410 2160 advenit,
424 2136 480 2156 non
503 2130 596 2157 statim
620 2129 654 2156 ad
675 2130 759 2157 solem
775 2130 989 2163 transmittatur,

205 2172 253 2201 sed
267 2179 407 2208 exspectet
429 2182 492 2201 eum
509 2176 588 2210 plena
612 2179 663 2209 est,
680 2176 745 2203 dum
760 2176 872 2211 reliquae
893 2177 991 2204 animm

205 2219 372 2252 adveniant?
385 2219 452 2247 Cum
474 2221 558 2256 igitur
574 2222 636 2248 luna
654 2229 714 2256 quae
731 2222 811 2257 plena
834 2227 918 2255 esset,
943 2224 991 2250 dc-

205 2266 315 2298 crescit,
339 2266 425 2295 virtus
442 2274 474 2294 eo
489 2272 612 2302 tempore
628 2268 674 2295 ubi
690 2273 798 2301 manet;
825 2269 912 2297 donec
929 2277 989 2304 qua:

203 2318 318 2342 vacuata
335 2313 424 2339 fuerat
444 2313 581 2348 prioribus
601 2313 756 2345 animabus,
772 2314 844 2342 haud
861 2323 941 2342 secus
958 2323 990 2342 ac

204 2358 270 2386 urbs
293 2358 426 2394 desolata,
449 2360 529 2387 aliam
552 2368 661 2388 rursum
683 2360 818 2388 coloniam
837 2362 901 2388 luna
921 2361 991 2389 reci-

203 2405 282 2445 piat?
303 2404 368 2433 Erat
384 2405 457 2432 enim
473 2406 555 2433 etiam
580 2406 726 2434 thesaurus
750 2407 861 2442 quidam
879 2407 906 2434 in
922 2415 990 2443 qua-

203 2451 266 2478 dam
280 2454 361 2479 terra:
376 2456 452 2487 parte
469 2452 666 2488 segregandus,
689 2454 732 2481 vel
753 2453 879 2485 nubium,
894 2454 936 2480 vel
954 2454 990 2483 al-

202 2497 288 2531 terius
303 2498 446 2533 cujusdam
459 2498 528 2533 loci;
541 2499 587 2526 ubi
603 2500 700 2527 animae
716 2506 896 2536 congregatae,
911 2507 991 2535 para-

202 2546 238 2572 ιε
253 2548 347 2572 essent
357 2549 388 2574 ut
403 2544 437 2575 ad
452 2546 546 2581 lunam
560 2549 783 2584 commigrarent.

241 2636 339 2664 Verum
358 2637 410 2667 alia
431 2646 529 2667 rursus
543 2640 659 2674 emergit
671 2641 796 2675 quaestio.
814 2639 884 2673 Quid
906 2639 989 2674 igitur

203 2691 295 2712 causa:
309 2687 351 2714 est
363 2691 413 2713 cur
427 2692 482 2712 non
498 2686 590 2713 statim
604 2687 760 2721 repleatur?
771 2692 818 2714 aut
831 2695 880 2714 cur
892 2695 989 2716 rursus

203 2730 263 2757 dies
277 2730 433 2765 quindecim
448 2732 608 2767 exspectat?
621 2732 676 2760 Nec
693 2733 766 2760 istud
786 2734 918 2761 minorem
938 2734 988 2761 ha-

203 2776 249 2805 bet
266 2776 484 2809 admirationem,
505 2785 586 2812 quam
601 2786 633 2805 ea
649 2787 710 2813 qua:
730 2779 802 2806 dicta
819 2785 899 2813 sunt;
915 2780 988 2815 quod

204 2827 344 2855 nunquam
361 2821 396 2848 ab
415 2822 489 2849 omni
506 2827 579 2850 retro
598 2823 738 2850 hominum
764 2826 894 2852 memoria
911 2831 988 2852 extra

204 2864 468 2902 quintumdecimum
484 2867 555 2894 diem
580 2869 645 2895 luna
671 2869 748 2903 plena
778 2870 838 2897 fuit.
861 2870 932 2904 Quin
954 2879 989 2899 uc

197 2910 302 2944 .dituvii
323 2910 434 2948 quidem
449 2916 568 2948 tempore
582 2913 634 2941 sub
656 2912 830 2949 Deucalione,
847 2916 988 2950 magisque

1003 2285 1029 2314 D

1047 984 1137 1011 ναμιν,
1153 977 1222 1004 κατὰ
1237 977 1333 1013 μικρὸν
1345 978 1532 1013 διακρίναντες
1544 977 1596 1004 ἀπὸ
1610 977 1660 1013 τῆς
1675 977 1752 1013 ὕλης,
1766 978 1836 1013 πρὸς

1045 1023 1090 1049 τὸν
1100 1024 1166 1050 Θεὸν
1180 1024 1374 1059 παρέπεμψαν.
1385 1022 1417 1050 Et
1426 1023 1446 1050 δ’
1458 1021 1527 1059 ἦσαν
1541 1023 1669 1052 καὶκατὰ
1684 1024 1784 1059 μικρὸν
1795 1024 1836 1054 είς

1046 1069 1221 1105 ἀστρονόμων
1238 1069 1323 1106 θύρας
1347 1071 1544 1105 φοιτήσαντες,
1562 1069 1612 1096 οὐκ
1630 1069 1663 1097 ἂν
1682 1070 1770 1096 ταῦτα
1788 1078 1836 1096 πε-

1046 1115 1199 1142 πόνθεσαν’
1223 1115 1284 1143 οὔτε
1310 1116 1446 1152 ἠγνόησαν
1471 1117 1514 1148 ἂν,
1534 1117 1574 1143 ὅτι
1598 1117 1615 1152 ὴ
1640 1115 1739 1152 σελήνη
1763 1117 1836 1143 κατά

1044 1170 1120 1194 τινας
1132 1161 1246 1198 ἄμοιρος
1266 1160 1334 1191 οὖσα
1351 1163 1415 1191 ἰδίου
1433 1163 1531 1198 φωτὸς,
1551 1163 1603 1189 ὑπὸ
1621 1162 1667 1189 τοῦ
1689 1163 1766 1198 ἡλίου
1786 1171 1836 1189 κα-

1044 1208 1224 1244 ταλάμπεται·
1239 1210 1286 1236 καὶ
1296 1210 1336 1236 ὁτι
1350 1210 1375 1235 οἱ
1390 1210 1575 1245 σχηματισμοὶ
1589 1209 1675 1244 αὐτῆς
1689 1211 1742 1236 εἱσι
1759 1209 1836 1245 παρὰ

1045 1254 1094 1286 τὰς
1112 1255 1159 1282 τοῦ
1173 1255 1248 1290 ἡλίου
1267 1256 1439 1288 διαστάσειςν
1463 1255 1630 1292 πανσέληνος
1649 1264 1678 1282 τε
1699 1256 1834 1290 γίγνεται,

1044 1301 1083 1327 ὅτ’
1097 1301 1130 1328 ἂν
1147 1301 1236 1339 ἀπέχῃ
1253 1301 1301 1328 τοῦ
1322 1302 1396 1338 ἡλίου
1417 1301 1466 1334 τὰς
1486 1302 1582 1329 ἑκατὸν
1602 1302 1649 1328 καὶ
1670 1301 1835 1337 ὀγδοήκοντα

1047 1347 1157 1383 μοίρας·
1180 1348 1288 1380 σύνοδος
1308 1348 1347 1380 δὲ,
1369 1349 1408 1375 ὅτ’
1421 1348 1453 1375 ἂν
1473 1348 1519 1375 ἐπὶ
1539 1348 1590 1384 τῆς
1610 1348 1695 1384 αὐτῆς
1714 1347 1753 1383 τῷ
1767 1347 1836 1383 ἡλίῳ

1045 1393 1162 1429 φέρηται
1175 1394 1281 1430 μοίρας.
1296 1394 1411 1421 Ἔπειτα
1425 1394 1453 1425 δὲ
1465 1394 1522 1426 πῶς
1535 1395 1566 1421 οὺ
1582 1393 1748 1430 θαυμαστὸν,
1761 1395 1835 1426 ὅπως

1046 1439 1111 1465 ποτὲ
1128 1439 1223 1466 πολλαὶ
1239 1438 1316 1467 οὖσαι
1336 1441 1363 1466 αἱ
1378 1440 1463 1476 ψυχαὶ
1474 1440 1521 1467 καὶ
1541 1440 1596 1467 ἀπὸ
1609 1440 1746 1476 διαφόρων
1758 1450 1765 1474 ;
1778 1441 1835 1468 Καὶ

1045 1484 1100 1524 γὰρ
1115 1485 1161 1512 τοῦ
1178 1486 1280 1522 κόσμου
1296 1486 1378 1513 αὑτοῦ
1391 1487 1438 1514 καὶ
1450 1487 1526 1519 ζώων
1537 1487 1584 1514 καὶ
1596 1487 1688 1522 φυτῶν
1703 1487 1751 1514 καὶ
1767 1496 1835 1522 νυμ-

1046 1533 1103 1568 φῶν
1116 1534 1162 1560 καὶ
1174 1533 1307 1569 δαιμόνων
1328 1533 1405 1560 εἰσίν’
1421 1534 1467 1560 καὶ
1478 1535 1507 1560 ὲν
1521 1533 1625 1565 τούτοις
1640 1533 1759 1568 πτηνῶν,
1770 1542 1834 1569 χερ-

1046 1580 1140 1612 σαίων,
1163 1580 1300 1615 ἀμφιδίων
1317 1579 1497 1615 διακρίνονται
1517 1580 1550 1615 τῇ
1574 1579 1648 1614 ὄψει·
1666 1579 1734 1606 ἀλλὰ
1755 1579 1785 1606 ἓν
1807 1588 1834 1605 τι

1048 1626 1128 1662 σῶμα
1141 1627 1232 1662 ὅμοιον
1249 1627 1291 1655 ἀεὶ
1304 1626 1347 1653 διὰ
1361 1626 1461 1658 παντὸς
1474 1625 1597 1660 φαίνεται
1615 1626 1680 1661 ἡμῖν
1696 1626 1725 1652 ὲν
1740 1627 1773 1661 τῇ
1790 1634 1834 1652 σε-

1045 1672 1123 1710 λήνῃ.
1140 1672 1173 1699 Τί
1188 1672 1217 1699 δὲ
1232 1672 1322 1699 καὶτὸ
1340 1672 1450 1707 συνεχὲς
1461 1671 1508 1698 τοῦ
1527 1671 1652 1708 σώματος
1667 1671 1763 1704 τοῦτο;
1778 1672 1834 1698 Καὶ

1045 1719 1089 1745 ὅτε
1109 1718 1157 1754 μὲν
1174 1717 1317 1754 διχότομός
1333 1719 1407 1745 ἐστιν
1427 1719 1443 1753 ή
1462 1717 1571 1754 σεληνη,
1587 1717 1750 1753 φαινόμενον
1765 1719 1833 1752 ἡμι-

1045 1763 1169 1790 κύκλιον·
1193 1764 1237 1790 ὅτε
1257 1764 1285 1790 δὲ
1308 1765 1492 1801 ἀμφίκυρτος,
1511 1764 1630 1790 τοιοῦτον
1650 1763 1743 1790 πάλιν.
1771 1764 1835 1796 Πῶς

1045 1809 1279 1844 ἀναλαμϐάνονται
1303 1811 1348 1836 ἐπὶ
1365 1811 1414 1847 τὴν
1430 1811 1544 1846 σελήνην
1564 1809 1580 1847 ἢ
1603 1809 1671 1846 ποίῳ
1691 1809 1834 1848 χρώμεναι

1046 1857 1180 1892 σχήματι;
1192 1857 1223 1884 Εἰ
1234 1857 1282 1893 μὲν
1292 1857 1346 1898 γὰρ
1361 1858 1460 1893 κοῦφόν
1473 1859 1547 1884 ἐστιν
1559 1855 1614 1884 οἷον
1625 1857 1690 1894 πῦρ,
1706 1858 1756 1885 οὐκ
1768 1859 1831 1894 ἄχρι

1043 1902 1094 1937 τῆς
1115 1902 1229 1939 σελήνης
1254 1903 1332 1938 μόνον
1352 1904 1424 1936 εἰκὸς
1445 1904 1570 1938 γενέσθαι
1593 1903 1636 1936 ἂν,
1653 1903 1710 1930 ἄλλ’
1728 1904 1832 1931 ἄνωθεν

1043 1947 1196 1980 διαπαντός·
1211 1949 1234 1974 εί
1250 1948 1277 1975 δὲ
1292 1948 1372 1985 βαρὺ,
1387 1949 1441 1976 οὐδ’
1455 1950 1544 1989 ἀρχὴν
1559 1950 1627 1985 πρὸς
1639 1950 1753 1986 σελήνην
1770 1951 1831 1985 ἀφι-

1044 1993 1138 2022 κέσθαι
1151 1992 1205 2023 οἷόν
1218 2003 1258 2022 τε.

1078 2087 1144 2114 Τίνα
1165 2087 1193 2114 δὲ
1214 2088 1291 2122 λόγον
1314 2088 1380 2123 ἕχει,
1399 2088 1430 2114 τὸ
1450 2089 1557 2124 πρῶτον
1575 2088 1739 2125 ἀφικόμενον
1763 2089 1830 2125 πρὸς

1044 2133 1168 2169 σελήνην,
1186 2134 1223 2170 μὴ
1246 2134 1326 2166 εὐθὺς
1346 2134 1414 2170 πρὸς
1435 2134 1510 2169 ἥλιον
1531 2134 1751 2170 ἀναπέμπεσθαι,
1773 2135 1829 2162 ἀλλ’

1042 2179 1199 2215 ἐκδέχεσθαι
1222 2181 1271 2215 τὴν
1297 2181 1462 2216 πανσέληνον
1486 2180 1533 2212 τὰς
1554 2180 1607 2207 τῶν
1627 2181 1717 2208 ἄλλων
1736 2181 1829 2216 ψυχῶν

1042 2226 1204 2261 ὲπιδημίαςς
1229 2227 1293 2255 Ὅτε
1316 2227 1405 2253 τοίνυν
1421 2227 1475 2254 ἀπὸ
1489 2226 1540 2262 τῆς
1563 2227 1730 2262 πανσελήνου
1750 2228 1766 2262 ἡ
1787 2236 1829 2253 σε-

1042 2273 1108 2308 λήνη
1132 2272 1254 2308 μειοῦται
1279 2272 1516 2309 ἀποχωριζομένη,
1535 2273 1649 2309 δύναμις
1665 2273 1711 2300 τὸν
1734 2273 1829 2309 χρόνον

1040 2319 1136 2345 τοῦτον
1156 2319 1207 2345 ποῦ
1228 2319 1315 2354 μένει,
1334 2319 1387 2351 ἕως
1406 2319 1438 2346 ἂν
1457 2320 1605 2347 κενωοεῖσα
1628 2322 1644 2356 ἡ
1661 2320 1760 2356 σελήνη
1777 2321 1830 2348 τῶν

1041 2365 1184 2400 προτέρων
1204 2365 1307 2400 ψυχῶν,
1325 2365 1451 2402 καθάπερ
1470 2366 1547 2398 πόλις
1569 2366 1681 2402 ἔρημος,
1699 2367 1830 2403 δευτέραν

1042 2411 1122 2438 πάλιν
1139 2411 1247 2446 δέξηται
1262 2412 1406 2445 ἁποικίαν;
1435 2413 1533 2448 Ἐχρῆν
1547 2413 1601 2449 γὰρ
1616 2413 1771 2448 ἀςωρίσθαι
1783 2414 1830 2440 καὶ

1041 2457 1176 2493 θησαυρόν
1192 2466 1251 2483 τινα
1269 2457 1297 2483 ἓν
1307 2466 1360 2484 τινι
1373 2458 1450 2494 μέρει
1464 2459 1512 2494 τῆς
1524 2459 1584 2494 γῆς,
1602 2459 1618 2494 ἢ
1633 2459 1686 2485 τῶν
1698 2459 1828 2493 νεφελῶν,

1040 2503 1056 2538 ἢ
1072 2501 1164 2537 ἐτέρου
1180 2501 1263 2528 τόπου
1277 2501 1358 2534 τινὸς,
1377 2502 1441 2529 ἔνθα
1452 2504 1478 2529 αἱ
1491 2503 1574 2538 ψυχαὶ
1589 2503 1828 2539 συναγειρόμεναι,

1040 2549 1147 2584 ετοιμαι
1162 2548 1301 2583 γίγνονται
1318 2548 1387 2584 πρὸς
1400 2549 1449 2584 τὴν
1469 2548 1615 2584 ἐπιδημίαν
1628 2549 1678 2584 τὴν
1696 2549 1766 2584 πρὸς
1787 2557 1828 2574 σε-

1040 2594 1132 2630 λήνην.

1081 2641 1161 2667 Ἀλλὰ
1176 2641 1256 2668 πάλιν
1271 2641 1371 2678 ἀπορία
1391 2641 1480 2677 ἑτέρα.
1504 2640 1552 2668 Διὰ
1567 2641 1594 2667 τί
1609 2641 1698 2667 τοίνυν
1715 2640 1766 2667 οὐκ
1782 2640 1828 2666 εὑ-

1040 2687 1088 2719 θὺς
1110 2687 1278 2722 ﬁngo-Stat;
1299 2687 1316 2723 ἢ
1337 2688 1381 2714 διὰ
1400 2687 1427 2713 τί
1451 2687 1532 2714 πάλιν
1554 2687 1603 2718 τὰς
1631 2687 1827 2713 πεντεκαίδεκα

1039 2734 1147 2770 ἡμέρας
1169 2734 1323 2769 περιμένει;
1345 2735 1402 2761 Οὐκ
1419 2734 1527 2760 ἔλαττον
1550 2733 1578 2761 δὲ
1594 2733 1648 2759 τῶν
1673 2733 1827 2768 εἰρημένων

1040 2780 1193 2815 θαυμαστὸν
1204 2781 1250 2806 καὶ
1265 2779 1353 2811 τοῦτο,
1368 2779 1398 2806 τὸ
1412 2780 1556 2815 μηδέποτε,
1571 2779 1616 2814 ἀφ’
1631 2777 1660 2806 οὗ
1673 2779 1826 2814 μέμνηνται

1039 2827 1063 2853 οἱ
1080 2827 1227 2862 ἄνθρωποι,
1242 2826 1291 2861 τὴν
1306 2826 1419 2861 σελήνην
1436 2827 1514 2858 ἐκτὸς
1537 2825 1734 2852 πεντεκαίδεκα
1757 2826 1827 2860 ἢμε-

1040 2872 1094 2906 ρὼν
1110 2871 1315 2908 πεπληρῶσθαι.
1337 2871 1416 2898 Ἀλλὰ
1428 2873 1465 2907 μὴ
1477 2872 1499 2898 δ’
1512 2872 1558 2898 ἐπὶ
1571 2872 1617 2898 τοῦ
1633 2870 1828 2905 κατακλυσμοῦ

1039 2917 1086 2944 τοῦ
1103 2918 1150 2944 ἐπὶ
1166 2917 1348 2949 Δευκαλίωνος
1358 2925 1364 2932 '
1381 2917 1428 2945 καὶ
1441 2917 1480 2944 ἔτι
1498 2917 1596 2945 μᾶλλον
1614 2918 1658 2945 ἐπὶ
1670 2916 1828 2948 Φοοωνέως’
