1909 3069
83 163 125 190 ut
523 160 733 188 TRACTA'I‘US
752 161 796 188 DE
815 159 971 188 PLAClTlS
990 159 1266 188 MANICHIEORUM.

1642 155 1696 181 Mi

83 223 121 249 δτε
135 221 232 253 πάντα,
248 221 286 253 ὼς
303 223 402 254 εἱπεῖν,
418 222 452 249 τὰ
462 223 507 248 ἐπὶ
517 223 569 257 γῆς
585 222 728 258 διεφθάρη,
744 223 790 249 καὶ
802 223 866 249 πολ-

919 221 1009 248 adhuc
1033 222 1085 249 sub
1105 221 1258 251 Phoronco,
1282 219 1390 254 quando
1404 225 1435 246 ea
1451 224 1512 252 quae
1524 219 1601 244 erant
1617 223 1698 250 super

83 268 126 304 λὴν
140 267 188 303 τὴν
199 267 315 303 δύναμιν
331 268 431 303 συνέῦη
448 268 633 303 διακεκρίσθαι
648 269 697 303 τῆς
713 268 787 304 ὕλης.
805 269 866 294 Χω-

83 314 122 349 ρὶς
142 312 171 339 δὲ
189 312 294 339 τούτων
315 313 365 339 κει)⁸
386 312 471 348 φορὰς
491 312 591 347 γενεῶν
612 314 659 339 καὶ
682 313 796 347 ἀφορίας
819 314 866 339 καὶ

82 359 183 394 φθορὰν
203 359 306 394 ὁμοίως
324 360 436 385 σκοπεῖν
456 359 609 394 προσῆκεν-
627 355 664 385 ὧν
679 357 808 389 ὡσαύτως
829 357 867 394 μὴ

81 406 229 442 γινομένων
242 406 314 433 κατὰ
327 406 415 439 τάξιν,
432 406 484 442 χρὴ
500 406 565 441 μηδὲ
578 405 627 442 τὴν
643 406 718 438 τάξιν
733 407 786 433 τῶν
802 415 868 432 παν-

82 452 207 487 σελήνων,
224 451 292 487 μηδὲ
307 451 361 478 τῶν
377 451 512 487 μειώσεων
526 451 597 478 οὕτω
611 451 761 487 τηρεῖσθαι.

917 271 1030 299 terram,
1045 271 1076 294 ut
1097 267 1138 294 sic
1159 267 1260 295 dicam,
1282 264 1374 292 omnia
1397 264 1568 294 interierunt,
1589 262 1698 296 vimque

919 320 1043 348 magnam
1063 312 1173 339 virtutis
1197 310 1310 346 contigit
1325 317 1340 336 a
1363 308 1475 336 materia
1494 308 1640 342 segregari.
1656 306 1697 333 Ad

915 357 973 385 haec
994 365 1060 384 vero
1072 358 1153 385 etiam
1169 357 1373 392 generationum
1387 357 1534 389 proventus
1550 359 1697 387 earumque

917 402 1039 430 delectus
1063 410 1094 429 ac
1112 401 1265 432 frustratio,
1291 399 1469 433 similiterque
1492 398 1696 432 corruptionum

917 448 1079 474 attendenda
1094 453 1187 480 erant;
1203 454 1263 481 qua:
1277 453 1338 472 cum
1353 444 1447 472 eodem
1467 443 1548 471 modo
1562 447 1588 471 et
1603 443 1698 469 ordine

916 501 972 520 non
988 494 1123 524 eveniant.
1143 500 1193 520 nec
1211 492 1424 527 pleniluniorum
1445 489 1524 520 ordo,
1543 496 1594 515 nec
1604 488 1697 515 decre-

917 539 1020 567 scentis
1032 540 1103 566 luna'.
1115 542 1236 573 tempora
1252 538 1292 565 sic
1307 535 1479 564 observanda
1491 538 1580 563 erant.

80 603 146 632 CAP.
166 602 262 631 XXIII.
280 604 373 641 Imago
389 605 511 644 Materne
524 607 551 632 in
569 606 634 644 so_l_e,
649 606 684 632 ad
694 615 772 644 quam
782 607 858 635 homo
870 616 879 635 :
893 617 968 644 nugo:
985 618 1015 636 ac
1029 609 1161 636 delirium.
1179 609 1310 636 Delirium
1325 608 1397 639 item,
1412 607 1542 634 hominem
1554 613 1570 631 a
1587 605 1699 631 materia

362 649 418 668 esse
428 641 572 669 conditum.
589 641 687 674 Homo,
706 642 744 669 vel
759 641 943 678 compositum,
960 646 999 672 vel
1012 645 1112 676 anima,
1131 645 1169 671 vel
1183 652 1254 672 mens
1268 649 1291 670 et
1305 644 1419 670 animus.

115 700 153 726 Οὐ
171 700 320 736 παρέργως
333 700 361 726 δὲ
382 700 442 727 οὐδὲ
462 701 548 737 τούτῳ
571 703 746 737 προσεκτέον.
770 703 830 731 Ὅτι
844 704 867 729 εί

83 746 132 781 μὲν
147 747 262 782 ἄπειρός
284 749 357 774 ἐστιν
374 748 391 782 ἡ
413 748 610 783 ὲναποκειμένη
631 750 663 784 τῇ
685 748 735 785 ὕλῃ
754 748 867 784 δύναμις

81 792 150 823 θεία,
167 793 238 827 πρὸς
250 793 281 819 τὸ
295 793 435 828 μειοῦσθαι
456 794 539 829 αὐτὴν
550 794 626 821 οὐδὲν
640 795 760 827 δύναται,
779 794 796 821 ἂ
809 794 866 821 δια-

80 838 320 873 πραγματεύονται
329 839 405 873 ἦλιος
416 839 462 866 καὶ
473 840 581 875 σελήνη.
593 840 629 866 Τὸ
642 840 696 876 γὰρ
708 840 866 875 λειπόμενον

81 883 161 909 πάλιν
182 884 297 919 ἄπειρον
319 884 373 910 ἀπὸ
396 885 603 920 πεπερασμένου
634 885 681 912 τοῦ
706 885 863 921 ληφθέντος.

955 703 993 730 Ac
1007 711 1057 730 nec
1072 702 1145 730 istud
1161 702 1332 729 defunctorie
1345 701 1451 736 levique
1466 706 1548 734 opera
1560 697 1699 724 attenden.

919 748 994 775 dum.
1009 747 1110 783 Nempe
1129 747 1153 775 si
1170 747 1274 774 inﬁnita
1293 752 1335 774 est
1352 745 1443 773 divina
1460 744 1549 771 virtus
1565 751 1625 778 qua
1643 750 1700 769 ma-

919 794 994 821 teria:
1015 793 1101 821 indita
1123 796 1175 825 est.
1192 793 1225 820 ad
1240 800 1300 820 eam
1323 790 1497 818 minuendam
1517 789 1585 816 nihil
1600 788 1699 821 valent,

918 844 1128 875 quantacunque
1149 839 1189 866 sol
1214 843 1240 866 et
1262 839 1326 865 luna
1349 837 1507 865 moliantur.
1530 835 1607 868 Quod
1627 836 1700 862 enim

918 886 1051 920 reliquum
1067 889 1118 917 est,
1139 885 1173 911 ab
1188 885 1234 912 illo
1250 884 1325 911 ﬁnito
1341 883 1414 918 quod
1434 886 1571 916 sumptum
1588 885 1640 913 est,
1658 881 1700 907 in-

80 929 111 954 Εἰ
126 928 155 955 δέ
172 930 246 955 ἐστιν
264 919 472 965 πεπερασμένης
494 919 576 966 ἐχρῆν
599 931 724 967 αἴσθησιν
734 919 864 965 ’γενέσθαι

919 919 1023 960 (initum
1037 937 1088 959 est.
1101 931 1178 964 Quod
1196 931 1218 958 si
1232 935 1273 958 est
1290 931 1376 962 linita,
1394 937 1477 956 sensu
1495 927 1699 963 percipiendum

80 976 108 1000 ὲν
122 974 242 1010 τοσούτῳ
257 975 345 1011 χρόνῳ
365 976 446 1002 πόσον
462 977 527 1002 ποτὲ
542 976 590 1011 τῆς
607 977 747 1011 δυνάμεως
763 976 865 1012 ταύτης

80 1021 112 1047 ὲκ
126 1021 173 1047 τοῦ
188 1021 292 1056 κόσμου
308 1021 437 1057 ὲμειώθη.
459 1022 539 1048 Ἀλλά
554 1023 642 1049 πάντα
656 1023 758 1058 ὁμοίως
778 1023 863 1059 μένει.

81 1067 161 1098 Τίνας
180 1067 210 1098 δὲ
235 1067 337 1102 θυμοὺς
362 1068 410 1103 οὐχ
435 1068 606 1103 ὑπερϐέϐηκε
627 1068 666 1104 τῷ
683 1069 806 1103 ἀπιθάνῳ
819 1069 865 1096 καὶ

81 1112 176 1143 ταῦτα,
191 1113 236 1138 ὅτε
260 1113 331 1139 κατὰ
349 1112 397 1148 τὴν
417 1113 546 1148 ὀφθεῖσαν
562 1114 590 1139 ὲν
611 1114 678 1149 ἡλίῳ
701 1114 792 1141 εἰκόνα
816 1114 865 1149 τῆς

82 1159 146 1194 ὕλης
160 1159 207 1186 τὸν
221 1159 362 1195 ἄνθρωπον
382 1159 574 1195 δημιούργημα
593 1158 662 1187 εἶναι
677 1160 795 1194 λέγωσις
811 1161 866 1187 Καὶ

82 1205 134 1239 γὰρ
148 1204 253 1235 εικόνι-,ς
268 1204 364 1230 εἴδωλα
385 1205 437 1231 εἰσὶ
450 1205 504 1232 τῶν
526 1205 695 1241 ἀρχετύπων.
714 1205 745 1232 El
759 1205 781 1232 δ’
798 1205 865 1241 ἡλίῳ

83 1251 128 1286 τὴν
143 1251 237 1278 εἰκόνα
248 1251 448 1283 καταλείπουσι,
480 1252 531 1278 ποῦ
546 1252 576 1278 τὺ
598 1252 780 1287 παράδειγμα,
798 1252 866 1287 πρὸς

83 1297 147 1332 ὅπερ
165 1298 182 1335 ἡ
200 1296 282 1323 εἰκὼν
299 1297 390 1327 αὐτοῖς
406 1297 628 1330 ἀναπέπλασται;
647 1298 683 1324 Οὺ
699 1297 753 1333 γὰρ
770 1297 802 1333 δὴ
817 1299 866 1324 αὺ-

84 1342 126 1368 τόν
140 1351 172 1377 γε
196 1343 244 1370 τὸν
259 1342 401 1378 ἄνθρωπον
417 1344 531 1378 φήσουσι
554 1343 598 1370 τὸν
617 1343 701 1375 ὅντως
723 1343 866 1379 ἄνθρωπον

83 1385 164 1415 εἶναι’
181 1389 244 1420 οὐδὲ
262 1389 311 1424 τὴν
328 1388 440 1424 δύναμιν
454 1389 503 1424 τὴν
517 1389 602 1416 θείαν.
621 1389 727 1425 Ταύτην
746 1390 794 1425 μὲν
811 1389 866 1425 γὰρ

83 1433 149 1469 πρὸς
173 1433 224 1469 τὴν
248 1434 314 1470 ὕλην
340 1434 512 1470 μιγνύουσιν·
537 1436 566 1462 ὲν
580 1435 648 1471 ἡλίῳ
663 1435 691 1462 δὲ
710 1435 758 1472 τὴν
774 1436 866 1463 εἰκόνα

83 1480 218 1516 ἑωρᾶσθαι
235 1479 369 1514 λέγουσιν,
383 1480 412 1511 ὃς
425 1480 531 1514 ἐγένετο
552 1481 612 1507 κατ’
628 1481 725 1513 αὐτοὺς
744 1482 798 1508 ἀπὸ
816 1481 866 1517 τῆς

84 1526 149 1561 πρὸς
167 1526 220 1562 τὴν
241 1525 307 1561 ὓλην
332 1525 444 1561 ὕστερον
464 1525 634 1562 διακρίσεως.
660 1526 728 1552 Ἀλλ’
743 1526 803 1553 οὐδὲ
817 1526 865 1562 τὴν

82 1571 281 1608 δημιουργικὴν
303 1571 405 1598 αἰτίαν·
424 1571 524 1606 ταύτην
540 1572 593 1607 γὰρ
609 1572 655 1598 ἐπὶ
673 1572 794 1608 σωτηρίᾳ
817 1573 866 1607 τῆς

83 1618 154 1649 θείας
167 1618 309 1652 δυνάμεως
322 1617 551 1652 καταπεπέμφθαι
564 1617 637 1652 φασί·
651 1617 698 1644 καὶ
711 1617 779 1653 προς
790 1616 865 1652 ἡλίου

84 1664 141 1690 κατ’
158 1663 259 1694 αὐτοὺς
275 1662 384 1694 πάντως
401 1671 432 1696 γε
445 1662 549 1698 ταύτην
563 1661 685 1694 τακτέον·
708 1662 864 1697 ἐπειδήπερ,

84 1709 236 1744 ἀφιγμένης
246 1708 341 1743 αὐτῆς,
351 1708 395 1735 τὸν
406 1708 480 1744 ἥλιον
492 1709 537 1735 καὶ
549 1708 598 1744 τὴν
611 1708 724 1743 σελήνην
739 1707 788 1744 τῆς
801 1707 866 1742 ὕλης

84 1753 282 1789 ἀποκεκρίσθαι
300 1753 480 1790 συμϐέϐηκεν.

122 1888 166 1914 Ἐν
177 1887 247 1923 ἡλίῳ
264 1887 292 1914 δὲ
307 1887 356 1923 τὴν
367 1888 455 1915 εἰκόνα
473 1887 610 1924 ἑωρᾶσθαι
629 1888 745 1922 λέγουσι·
755 1888 868 1924 πεποίη-

83 1943 128 1961 κεν
156 1934 185 1961 δὲ
196 1935 213 1970 ἡ
234 1934 296 1969 ὕλη,
312 1935 388 1968 φασὶ,
398 1934 443 1961 τὸν
455 1934 605 1970 ἄνθρωπον.
622 1934 681 1961 Τίνι
700 1932 763 1960 ποτὲ
776 1935 868 1970 τρόπῳ

83 1980 98 2015 ἦ
114 1980 192 2013 πῶς;
207 1980 276 2006 Οὐδὲ
292 1979 346 2015 γὰρ
363 1980 514 2006 πλάσασθαί
525 1988 557 2014 γε
572 1979 650 2006 τοῦτο
665 1980 785 2007 δυνατόν.
797 1980 868 2016 Πρὸς

83 2024 136 2060 γὰρ
152 2024 190 2063 τῷ
207 2024 317 2051 εἴδωλον
330 2023 439 2050 εἰδώλου
455 2024 501 2050 τὸν
523 2023 665 2058 ἄνθρωπον
680 2024 814 2059 ὑπάρχειν
827 2023 869 2050 οὓ-

83 2080 134 2102 τως
151 2079 183 2104 γε
198 2071 259 2097 κατ’
273 2070 382 2102 αὐτοὺς,
398 2070 444 2096 καὶ
462 2069 595 2105 μηδεμίαν
622 2069 693 2105 ἔχειν
708 2069 867 2101 ὑπόστασιν,

84 2117 122 2143 ἔτι
137 2116 199 2143 οὐδὲ
215 2117 254 2147 εἰς
267 2115 369 2144 ἔννοιάν
387 2117 458 2142 ἐστιν
480 2116 557 2151 ἥκειν
571 2115 717 2150 δυνάμενα,
738 2115 796 2146 πῶς
821 2116 870 2151 τῆς

86 2161 149 2197 ὕλης
178 2161 258 2196 ἔργον
286 2161 358 2188 ἐστὶν
375 2162 388 2188 ὁ
410 2161 560 2196 ἄνθρωπος.
587 2161 623 2187 Τὸ
649 2160 702 2196 γὰρ
717 2160 870 2194 λογίζεσθαι

84 2209 129 2234 καὶ
142 2207 287 2234 αἰσθέσθαι
301 2207 360 2234 οὐδὲ
373 2208 421 2242 τῆς
449 2208 508 2233 κατ’
523 2206 621 2238 αὐτοὺς
636 2206 701 2242 ὖλης
725 2207 807 2234 ἐστίν.
823 2206 870 2238 Τίς

84 2253 110 2280 δὲ
125 2254 186 2280 κατ’
199 2253 299 2284 αὐτοὺς
316 2253 329 2279 ὁ
343 2252 484 2289 ἅνθρωπος
496 2261 503 2285 ;
514 2251 587 2288 Ἀρά
601 2261 632 2287 γε
655 2253 686 2279 τὸ
709 2254 740 2279 ἐκ
757 2253 805 2288 τῆς
817 2252 868 2288 ψυ-

84 2299 133 2335 χῆς
146 2300 193 2326 καὶ
209 2298 335 2334 σώματος
351 2299 457 2334 μίγμα;
472 2299 489 2334 ἦ
502 2299 533 2325 τὸ
543 2299 647 2334 ἕτερον,
665 2299 682 2334 ἢ
703 2299 734 2325 τὸ
748 2298 811 2334 ὅλης
822 2298 869 2334 ψυ-

83 2343 133 2380 χῆς
143 2345 285 2380 ἀνωτέρω,
301 2345 378 2377 vuig;
399 2345 467 2371 Ἀλλ’
476 2344 531 2371 εἴτε
543 2344 603 2376 νοῦς
615 2345 683 2376 ἐστι,
697 2345 754 2376 πῶς
768 2345 798 2371 τὸ
808 2345 869 2372 κάλ-

83 2389 137 2419 λιον
151 2390 252 2424 γένοιτ’
269 2389 302 2416 ἂν
316 2389 362 2416 τοῦ
379 2390 499 2425 χείρονος
514 2389 592 2425 ἔργον
603 2397 610 2421 ;
622 2388 677 2421 εἴτε
691 2389 773 2425 ψυχή’
792 2389 868 2425 (ταύ-

84 2444 130 2470 την
144 2435 174 2462 δὲ
188 2435 238 2470 τὴν
255 2435 329 2462 θείαν
339 2435 452 2470 δύναμιν
467 2433 536 2461 εἶναι
558 2435 666 2469 λέγουσι
680 2435 689 2469 )
706 2435 775 2467 πῶς,
792 2435 870 2469 ἀφαι-

85 2479 212 2516 ρούμενοι
240 2479 285 2506 τὸν
301 2479 368 2506 Θεὸν
388 2480 437 2516 τὴν
454 2480 527 2507 θείαν
544 2479 670 2515 δύναμιν,
692 2480 794 2516 ταύτην
816 2480 869 2507 ὑπὸ

84 2525 131 2561 τὴν
153 2526 206 2561 τῆς
230 2525 297 2561 ὓλης
326 2525 504 2562 δημιουργίαν
527 2526 757 2558 κατατάττουσιν;
781 2527 812 2552 Εἰ
840 2526 868 2552 δὲ

84 2572 113 2599 τὺ
134 2572 215 2608 σῶμα
244 2572 323 2608 μόνον
348 2572 567 2604 καταλείπουσιν,
588 2572 869 2608 ἀναμιμνησκέτωσαν

85 2618 174 2651 πάλιν,
188 2619 230 2645 ὃτι
242 2617 321 2645 τοῦτο
334 2618 394 2645 καθ’
409 2618 489 2644 ὲαυτὺ
504 2618 534 2645 δν
549 2619 685 2653 ἀκίνητον,
703 2619 752 2654 τῆς
763 2618 791 2645 δὲ
804 2618 870 2654 ὕλης

86 2665 131 2701 τὴν
151 2665 246 2692 οὐσίαν
271 2665 376 2697 κίνησιν
395 2662 463 2691 εἶναι
481 2664 572 2698 φασίν.
591 2664 671 2692 Ἀλλὰ
700 2665 751 2701 μὴν
765 2664 824 2691 οὕτε
838 2674 869 2699 γε

85 2711 157 2738 οῢδὲν
171 2711 234 2738 καθ’
247 2711 328 2737 ἑαυτὸ
344 2711 391 2737 ἐπὶ
414 2711 463 2746 τὴν
478 2710 543 2746 ὓλην
555 2710 666 2745 ἄγεσθαι
681 2710 789 2737 οἴονται.
804 2711 870 2738 Οὐδὲ

86 2756 113 2782 τὺ
123 2757 154 2783 ὲκ
164 2756 267 2783 τούτων
292 2757 424 2788 συνεστὼς
445 2756 554 2790 εὔλογον
578 2756 679 2792 ταύτης
699 2756 778 2792 ἔργον
800 2754 870 2783 εἶναι

88 2801 297 2840 ὑπολαμϐάνειν.
325 2802 380 2829 Καὶ
396 2802 447 2838 μὴν
468 2803 498 2829 τὸ
523 2803 667 2837 γενόμενον
693 2803 745 2830 ὑπό
760 2804 870 2835 του,ὅτι

90 2848 192 2880 πάντως
209 2850 299 2884 χεῖρον
311 2849 414 2874 ἐκείνου
427 2869 434 2879 ,
453 2849 690 2885 ἀναμφισϐήτητον
704 2848 772 2876 εἶναι
786 2849 868 2877 δοκεῖ.

91 2894 161 2926 Οὕτω
176 2895 232 2930 γὰρ
248 2895 264 2922 ὀ
277 2895 377 2928 κόσμος
390 2895 437 2928 τοῦ
449 2895 619 2930 Δημιουργοῦ
632 2897 731 2930 χεῖρον*
747 2896 793 2922 καὶ¹
817 2896 870 2922 τῶν

918 981 1001 1009 esset,
1016 985 1062 1012 per
1082 981 1157 1004 tanta
1183 976 1334 1008 intervalla,
1360 978 1490 1010 quantum
1508 974 1615 1000 tandem
1641 973 1701 1007 ejus

918 1024 1037 1056 virtutis,
1051 1033 1066 1050 υ
1078 1023 1179 1053 mundo
1192 1023 1326 1050 minutum
1343 1024 1426 1049 esset.
1443 1021 1476 1047 At
1492 1020 1583 1047 omnia
1601 1019 1699 1046 simili-

917 1073 959 1096 ter
972 1072 1157 1107 perseverant.
1180 1068 1254 1102 Quos
1269 1075 1334 1097 vero
1349 1068 1455 1097 animos
1473 1073 1624 1100 sensusque
1642 1065 1700 1092 haec

917 1123 1029 1150 quoque
1044 1123 1098 1143 non
1114 1122 1256 1143 excessere
1283 1118 1312 1142 ut
1337 1114 1415 1141 iidem
1440 1113 1557 1147 aliquam
1577 1118 1700 1138 merean-

918 1166 972 1193 tur,
991 1168 1053 1189 cum
1075 1165 1198 1188 creatum
1221 1160 1314 1187 dicant
1338 1159 1476 1186 hominem
1499 1163 1581 1192 atque
1599 1156 1700 1183 formae

918 1214 975 1236 tum
990 1209 1024 1235 ad
1044 1209 1164 1236 materiae
1184 1207 1330 1242 imaginem
1344 1207 1373 1234 in
1398 1206 1456 1234 sole
1470 1205 1574 1233 visam?
1593 1203 1700 1239 Quippe

918 1255 1049 1290 imagines
1073 1254 1218 1281 simulacra
1242 1256 1306 1280 sunt
1323 1252 1457 1287 nudaeque
1481 1249 1700 1285 reprarsentatio‘

919 1308 968 1328 nes
991 1299 1144 1335 principum
1167 1299 1329 1329 formarum.
1354 1298 1433 1331 Quod
1457 1297 1479 1324 si
1506 1296 1651 1331 imaginem
1671 1295 1699 1322 in

918 1346 975 1373 sole
988 1345 1141 1378 includunt,
1160 1345 1271 1372 ubinam
1294 1344 1433 1378 exemplar
1447 1343 1480 1370 ad
1495 1343 1567 1378 quod
1583 1342 1623 1369 eis
1644 1342 1699 1369 elli-

918 1395 962 1419 cta
982 1396 1024 1420 est
1036 1391 1140 1427 imago?
1155 1391 1233 1419 Haud
1248 1399 1314 1418 sane
1340 1390 1412 1418 enim
1433 1390 1575 1416 hominem
1599 1388 1699 1423 ipsum,

918 1445 981 1465 vere
994 1437 1141 1470 hominem,
1158 1437 1258 1464 dicturi
1274 1441 1353 1469 sunt;
1373 1443 1462 1470 neque
1477 1435 1597 1463 divinam
1614 1434 1697 1462 virtu-

919 1487 1072 1511 temznam
1101 1482 1172 1509 hanc
1198 1481 1306 1516 quidem
1334 1488 1396 1508 cum
1425 1480 1540 1507 materia
1567 1479 1701 1512 miscent;

919 1526 1063 1562 imaginem
1079 1534 1144 1554 vero
1167 1526 1194 1553 in
1213 1527 1270 1554 sole
1294 1525 1380 1553 visam
1402 1525 1518 1558 docent;
1537 1524 1594 1559 qui,
1611 1528 1642 1550 ut
1663 1523 1701 1550 illi

918 1572 1075 1607 opinantur,
1094 1576 1189 1606 postea
1209 1570 1334 1597 conditus
1346 1573 1429 1597 estex
1449 1569 1601 1597 secretione
1618 1574 1701 1596 mate-

916 1618 973 1645 ria}.
988 1616 1041 1644 Sed
1057 1625 1145 1652 neque
1158 1623 1269 1644 causam
1285 1623 1376 1642 rerum
1387 1615 1510 1650 opilicem
1524 1615 1612 1642 :hanc
1628 1615 1701 1641 enim

916 1663 1030 1693 missam
1044 1663 1129 1691 fuisse
1142 1663 1218 1689 aiunt
1233 1662 1268 1689 ad
1282 1662 1395 1689 salutem
1409 1661 1507 1689 divinae
1521 1661 1614 1688 virtuti
1631 1668 1702 1695 prae-

917 1709 1043 1737 standam
1060 1719 1067 1736 :
1083 1709 1195 1736 omnino
1218 1716 1271 1742 quo
1289 1708 1396 1735 illorum
1419 1707 1553 1734 sententia
1575 1707 1632 1734 haec
1650 1706 1701 1733 soli

918 1755 1079 1782 ascribenda
1107 1754 1159 1787 sit;
1183 1744 1286 1781 idcirco
1307 1753 1447 1785 nimirum,
1471 1753 1543 1787 quod
1566 1753 1625 1787 ejus
1651 1752 1701 1779 ad-

917 1804 998 1828 ventu
1022 1807 1054 1827 ac
1077 1800 1220 1834 praesentia
1242 1799 1366 1834 contigit,
1388 1799 1526 1834 segregari
1551 1806 1567 1825 a
1586 1798 1701 1825 materia

917 1846 1002 1873 solem
1020 1849 1046 1872 et
1063 1845 1164 1872 lunam.

952 1889 1037 1917 Porro
1053 1890 1081 1916 in
1095 1890 1152 1917 sole
1164 1890 1257 1916 dicunt
1273 1890 1359 1917 visam
1377 1897 1438 1917 esse
1460 1890 1622 1925 imaginem;
1641 1897 1701 1917 ma-

918 1935 1015 1964 teriam
1037 1943 1101 1963 vero
1120 1934 1214 1962 dicunt
1231 1934 1386 1962 condidisse
1409 1935 1556 1962 hominem.
1577 1935 1700 1967 Quonam

919 1980 1030 2008 tandem
1045 1981 1137 2013 modo,
1151 1989 1238 2016 quave
1251 1981 1375 2008 ratione?
1385 1980 1477 2016 Neque
1489 1982 1561 2008 enim
1572 1981 1624 2008 hoc
1640 1981 1701 2010 sani

918 2028 1015 2062 capitis
1037 2035 1098 2055 esse
1112 2028 1199 2062 possit
1223 2031 1417 2054 commentum.
1432 2027 1615 2062 Praeterquam
1629 2027 1702 2062 quod

919 2074 1001 2105 enim,
1021 2073 1093 2108 quod
1116 2074 1153 2100 ita
1169 2074 1298 2105 sentiant,
1313 2073 1393 2100 homo
1417 2073 1498 2100 inane
1523 2073 1702 2101 simulacrum

920 2118 1008 2149 inanis
1024 2119 1162 2146 simulacri
1187 2119 1295 2146 futurus
1313 2119 1359 2152 sit,
1381 2126 1412 2145 ac
1427 2118 1474 2154 qui
1497 2119 1598 2145 nullam
1609 2126 1700 2145 veram

920 2164 1017 2191 habeat
1038 2164 1237 2197 exsistentiam,
1251 2164 1339 2191 adhuc
1354 2171 1405 2191 nec
1422 2164 1449 2190 in
1470 2168 1587 2191 mentem
1608 2164 1701 2191 venire

922 2213 1019 2246 potest,
1035 2218 1152 2245 quonam
1171 2210 1250 2237 modo
1267 2210 1347 2237 homo
1359 2210 1477 2237 materiae
1492 2217 1561 2244 opus
1576 2209 1700 2237 exsistat.

884 2263 907 2292 ο
921 2255 1024 2283 Etenim
1042 2257 1146 2284 ratione
1162 2264 1298 2291 sensuque
1314 2256 1363 2288 uti,
1377 2263 1432 2282 non
1446 2256 1506 2289 ejus
1521 2255 1639 2282 materia
1649 2257 1700 2287 est,

919 2310 999 2337 quam
1020 2302 1072 2338 ipsi
1092 2305 1223 2329 statuunt.
1238 2301 1323 2334 Quem
1342 2308 1406 2328 vero
1418 2301 1553 2328 hominem
1568 2300 1702 2332 sentiunt,

918 2348 1044 2383 quisnam
1059 2348 1117 2375 est?
1132 2347 1202 2374 Num
1217 2347 1290 2382 quod
1303 2356 1335 2375 ex
1354 2347 1444 2374 anima
1458 2353 1490 2373 ac
1511 2353 1625 2380 corpore
1646 2345 1699 2373 mi-

919 2398 991 2421 stum
1005 2393 1066 2421 est?
1076 2401 1110 2420 an
1125 2393 1250 2424 alterum,
1266 2392 1308 2419 vel
1319 2392 1391 2427 quod
1403 2395 1457 2419 tota
1473 2391 1561 2417 anima
1570 2390 1696 2425 superius

919 2443 972 2469 est,
993 2446 1070 2466 mens
1090 2438 1194 2466 scilicet
1214 2441 1295 2472 atque
1317 2436 1443 2464 animus?
1465 2435 1528 2468 Sed,
1544 2435 1600 2463 sive
1623 2443 1701 2462 mens

918 2488 970 2517 est,
982 2491 1100 2519 quonam
1121 2484 1200 2511 modo
1217 2483 1290 2518 quod
1315 2482 1463 2518 perfectius
1485 2485 1527 2509 est
1543 2485 1625 2516 atque
1645 2489 1700 2508 me-

920 2529 983 2561 lius,
1002 2529 1146 2557 deterioris
1171 2537 1239 2564 opus
1256 2529 1409 2556 exstiterit?
1428 2528 1485 2555 sive
1507 2528 1597 2554 anima
1619 2527 1700 2562 (hanc

919 2583 984 2603 vero
998 2575 1118 2603 divinam
1141 2576 1268 2603 virtutem
1289 2574 1394 2609 dicunt)
1421 2574 1556 2609 quomodo
1582 2573 1699 2600 ablatam

920 2621 975 2649 Deo
1000 2621 1120 2648 divinam
1141 2620 1212 2647 hanc
1232 2620 1371 2652 virtutem,
1395 2619 1514 2647 materiae
1533 2618 1642 2654 opificio
1668 2625 1700 2646 ac

919 2665 1051 2694 ereationi
1075 2673 1134 2693 eam
1158 2664 1324 2698 subjiciunt?
1347 2664 1424 2697 Quod
1444 2664 1467 2691 si
1489 2664 1576 2691 solum
1600 2670 1699 2698 corpus

920 2713 1085 2747 relinquunt,
1105 2710 1276 2739 meminerint
1288 2717 1384 2738 rursus
1397 2710 1486 2745 ipsum
1502 2718 1549 2745 per
1565 2717 1594 2737 se
1609 2710 1698 2745 ipsum

920 2759 1056 2787 immobile
1077 2765 1147 2790 esse,
1169 2756 1343 2792 materiaque
1366 2755 1512 2783 essentiam
1535 2760 1637 2782 motum
1657 2755 1700 2782 di-

920 2812 992 2832 cere.
1008 2804 1041 2830 At
1056 2810 1143 2837 neque
1157 2809 1214 2829 rem
1229 2802 1312 2828 ullam
1323 2802 1408 2836 ipsam
1422 2808 1471 2835 per
1481 2808 1510 2827 se
1520 2807 1607 2834 exque
1619 2799 1698 2835 genio

921 2850 954 2877 ad
967 2849 1105 2877 materiam
1118 2849 1189 2876 trahi
1205 2849 1369 2876 existimant.
1384 2846 1439 2873 Nec
1451 2846 1523 2881 quod
1533 2854 1566 2873 ex
1581 2846 1624 2873 his
1637 2853 1698 2872 con-

921 2896 1012 2923 ﬂatum
1040 2898 1090 2925 cst,
1115 2899 1143 2922 ut
1171 2895 1229 2931 ejus
1253 2902 1320 2925 opus
1349 2893 1516 2921 existimetur
1535 2891 1698 2919 conveniens
