1909 3069
60 138 111 166 us

510 143 718 174 TRACTATUS
733 147 779 175 DE
797 148 952 178 PLACITIS
968 148 1245 178 MANICHIEORUM.

1620 149 1675 179 “3

63 196 134 242 χαῖος
143 195 346 242 διαπράττεται
358 199 432 236 λόγῳ
445 200 508 237 περὶ
528 202 621 229 τούτου
631 203 772 231 διδάσκων·
789 206 841 232 "Or

900 206 1005 235 facere:
1021 207 1094 242 quod
1109 206 1167 242 ipse
1179 206 1342 234 Manichacus
1352 206 1422 235 libro
1433 207 1466 234 de
1479 214 1511 234 ea
1525 214 1555 234 re
1571 207 1675 241 scripto

62 243 78 276 ἠ
93 241 152 268 θεία
160 241 277 277 δύναμις
301 245 342 277 εἰς
363 243 429 280 ὕλην
453 247 664 283 κατακέκληται,
694 250 741 277 καὶ
765 250 844 278 πάλιν

62 289 208 323 ἀποχωρεῖ.
226 289 336 332 Τρόπον
353 292 430 318 αὐτοὶ
441 293 649 321 ἀναπλάττουσι.
668 295 704 327 Τὸ
722 296 770 331 μὲν
791 296 844 332 γὰρ

62 332 130 358 κατὰ
138 333 184 359 τὸν
194 333 423 371 ἐκκλησιαστικὸν
437 337 513 372 λόγον
526 340 611 371 εἰπεῖν
622 340 662 375 εἰς
676 340 750 374 λύσιν
760 341 845 378 ἁμαρ-

62 379 124 405 τιῶν
136 380 233 406 ἑαυτὸν
248 381 453 420 ἐπιδεδωκέναι,
467 384 522 419 ἔχει
535 386 623 411 πίστιν
631 386 692 412 τινὰ
701 387 766 422 πρὸς
778 387 843 414 πολ-

62 425 123 456 Αοὺς
135 425 192 452 κάκ
207 426 262 452 τῶν
280 427 406 464 ἱστοριῶν
431 429 484 455 τῶν
511 430 569 457 καθ’
589 431 729 468 Ἕλληνας,
756 433 794 459 ὅτ’
809 433 842 460 ἄν

63 480 137 506 east,
151 473 239 507 Τινὰς
253 474 328 508 ὑπὲρ
344 477 489 510 σωτηρίας
504 477 619 504 πόλεων
638 478 762 511 ἑαυτοὺς
778 478 843 506 ἐπι-

63 517 233 547 δεδωκέναι.
251 520 307 547 Καὶ
321 521 495 557 παράδειγμα
518 522 566 556 τοῦ
591 523 671 558 λόγου
695 523 751 558 ἔχει
766 524 813 550 καὶ
825 525 842 560 ἡ

69 564 200 598 Ἰουδαίων
213 566 327 601 ἱστορία,
338 568 383 594 τὸν
400 568 447 595 τοῦ
467 568 590 605 Ἀϐραὰμ
603 571 685 605 παῖδα
697 571 736 602 εις
749 569 844 597 θυσίαν

64 608 98 643 τῷ
109 609 169 646 Θεῷ
186 612 441 647 παρασκευάζουσα.
459 613 495 640 Τὸ
510 614 539 640 δὲ
556 616 594 646 εἰς
609 615 768 650 πράγματος
782 615 844 641 ἐπί-

64 655 140 688 δειξιν
162 656 202 692 τῷ
232 658 371 694 παθήματι
398 660 511 694 ὑπάγειν
534 661 579 687 τὸν
604 661 720 697 Χριστὸν
745 661 844 701 πολλῆς

63 702 132 727 ἐστιν
148 702 280 738 ἀμαθίας,
303 705 343 737 είς
357 705 528 734 διδασκαλίαν
550 708 596 742 καὶ
618 707 718 743 γνῶσιν
733 707 786 735 τῶν
797 706 842 734 δν·-

62 754 112 772 των
124 747 173 773 τοῦ
187 748 275 783 Λόγου
292 749 366 781 δντος
384 750 516 787 ὑπάρχου.

899 251 1017 277 instituit
1037 251 1156 284 docere;
1180 250 1253 286 quod
1274 250 1402 277 nimirum
1425 251 1516 278 divina
1536 251 1623 278 virtus
1646 251 1674 278 in

897 298 1037 324 materiam
1058 297 1168 332 delapsa
1187 297 1234 329 sit,
1254 304 1286 324 ac
1304 304 1400 324 rursus
1423 297 1540 324 recedat.
1565 295 1672 324 Modum

897 342 936 370 illi
952 343 1204 371 comminiscuntur.
1217 341 1289 370 Sane
1303 343 1410 377 quidem
1431 346 1460 369 ut
1476 342 1582 369 dicatur
1594 342 1673 376 juxta

897 387 1025 416 Ecclesia;
1047 388 1198 415 doctrinam
1216 392 1301 416 semet
1320 388 1409 423 ipsum
1429 387 1572 414 tradidisse
1582 387 1614 414 ad
1630 387 1672 414 di-

897 432 995 460 luenda
1019 436 1139 467 peccata,
1157 432 1234 460 iidem
1250 432 1394 467 quamdam
1413 432 1492 467 vulgo
1511 432 1623 463 obtinet,
1638 440 1671 458 ex

896 477 963 512 ipsis
979 470 1084 513 quoque
1095 476 1249 504 Graecorum
1265 477 1395 508 historiis,
1411 485 1472 504 cum
1488 477 1573 508 aiunt,
1595 476 1672 503 Non-

895 516 981 550 nullos
996 531 1023 550 se
1037 524 1106 557 ipsos
1127 522 1257 558 dedidisse
1273 528 1303 549 ut
1317 523 1434 550 civitates
1449 521 1591 549 iuctﬂumes
1604 529 1672 556 prte-

894 573 1003 597 starent.
1023 562 1143 604 Eiusque
1165 569 1296 596 doctrinae
1314 569 1466 604 exemplum
1486 568 1567 595 habet
1586 572 1611 594 ct
1624 567 1672 594 Ju-

893 612 1012 640 dazorum
1025 613 1164 645 historia',
1176 621 1236 648 qua:
1249 613 1362 640 Abrahre
1374 613 1494 641 ﬁliumin
1508 613 1671 639 sacriﬁcium

893 657 949 686 Deo
955 663 1088 693 pneparet
1100 662 1235 694 aptetque.
1245 657 1293 686 Rei
1307 663 1396 685 autem
1407 658 1575 686 ostentanda:
1585 657 1671 692 gratia

892 707 920 731 et
931 703 964 730 ad
980 704 1115 738 specimen
1131 703 1268 731 Christum
1281 703 1399 739 passioni
1412 703 1556 738 subjicere,
1568 710 1672 738 magna:

894 745 1010 776 inscitiae
1024 752 1075 782 est,
1089 756 1149 775 cum
1169 749 1288 787 Verbum
1308 749 1340 776 ad
1358 757 1447 776 rerum
1466 749 1616 776 doctrinam
1639 757 1672 777 ac
1710 779 1718 791 ί

893 794 1034 822 scientiam
1051 802 1151 829 praeses
1166 801 1197 822 ac
1212 794 1315 830 legatus
1329 795 1374 822 sit.

61 845 124 880 Cur.
140 845 226 875 XXV.
245 847 454 882 Hanicltworum
470 849 629 886 abstinentia
643 859 658 878 a
673 850 826 886 viventibas,
836 848 1057 886 ridicularQuod
1071 849 1209 886 abhorrent
1225 857 1241 876 a
1254 849 1363 884 nuptiis,
1375 849 1515 877 dementia.
1528 849 1671 886 Gigantum

582 886 750 921 mythologia.
765 885 853 912 Nimis
871 883 1012 918 allegorica
1027 885 1164 919 expositio.

100 937 260 975 ’ᾼπέχονται
270 941 298 976 δὲ
311 941 449 976 ἐμψύχων.
472 942 502 968 Εἰ
520 943 569 977 μὲν
584 942 637 978 γὰρ
661 943 754 979 ἑτέρου
769 942 841 974 τινὸς

926 941 1071 968 Abstinent
1094 945 1184 967 autem
1211 941 1245 969 ab
1272 940 1408 968 animatis.
1430 939 1458 967 Si
1479 941 1587 976 quidem
1609 941 1670 976 ejus

62 985 148 1020 χᾴριν,
166 987 197 1013 οὐ
220 987 441 1022 περιεργαστέον·
467 988 492 1014 εί
516 988 544 1014 δὲ
567 988 633 1015 διότι
657 989 674 1024 ἡ
697 988 838 1024 δύναμιςή

61 1030 118 1066 θεία
130 1030 232 1061 τούτων
255 1032 359 1067 ἀπέστη
376 1032 474 1068 μᾷλλον
488 1032 504 1068 ἢ
518 1033 664 1069 ἐνυπάρχει
679 1033 778 1066 πλεῖον,
795 1042 840 1068 γε-

60 1075 128 1102 λοῖον
138 1076 206 1114 αὑτὴ
219 1077 309 1104 αὐτῶν
322 1079 339 1113 ἡ
363 1078 520 1114 προαίρεσις
539 1078 620 1114 αὕτη.
650 1080 712 1106 Ehe
739 1080 793 1116 γὰρ
804 1079 838 1106 τὰ

61 1122 128 1158 φυτὰ
141 1122 221 1150 ἔνυλα
237 1123 346 1160 μαλλον,
363 1125 403 1156 εἰς
414 1125 514 1161 τροφὴν
536 1127 583 1152 καὶ
606 1125 709 1152 δίαιταν
721 1126 838 1162 χρῆσθαι

59 1167 99 1203 τῷ
111 1169 208 1204 χείρονι
221 1169 280 1201 πῶς
291 1169 400 1205 εὔλογον
411 1179 418 1205 ;
431 1171 485 1198 εἴτε
499 1172 578 1199 πλέον
600 1174 630 1199 ὲν
641 1173 744 1204 τούτοις
755 1174 771 1209 ἡ
794 1173 838 1199 δύ-

60 1222 135 1249 ναμις
147 1216 162 1249 ἠ
181 1214 252 1248 θεία,
264 1216 323 1242 ἐστὶ
339 1217 406 1252 πρὸς
418 1218 468 1253 τὴν
477 1218 579 1254 τροφὴν
597 1219 631 1246 τὰ
648 1219 759 1246 τοιαῦτα
771 1220 838 1256 χρή-

62 1267 134 1294 σιμα,
148 1259 197 1286 τοῦ
211 1260 359 1296 θρεπτικοῦ
381 1263 427 1289 καὶ
439 1263 585 1300 αὐξητικοῦ
606 1265 703 1300 μέρους
722 1265 772 1301 τῆς
785 1265 837 1300 ψυ-

61 1305 108 1344 χῆς
119 1305 194 1342 ὄντος
206 1307 445 1343 σωματιῃωτέρου.
755 1306 756 1309 “

92 1440 124 1467 Τὸ
135 1441 163 1472 δὲ
177 1441 328 1477 ἀπέχεσθαι
345 1441 432 1476 γάμου
452 1443 499 1469 καὶ
522 1442 836 1478 ἁφροδισίων,δεδειότας

58 1486 103 1521 μὴ,
116 1486 184 1513 κατὰ
198 1487 247 1522 τὴν
260 1486 308 1513 τοῦ
320 1487 413 1521 γένους
423 1487 556 1523 διαδοχὴν,
566 1489 611 1516 ἐπὶ
621 1489 700 1515 πλέον
710 1489 835 1530 ἐνοικῄσῃ

56 1532 296 1568 τῇῦλῃὴδύναμις
326 1534 343 1569 ἡ
368 1533 436 1566 θεία,
453 1533 583 1569 θαυμάζω
612 1535 670 1566 πῶς
690 1536 738 1565 καὶ
759 1535 836 1562 αὐτοὶ

55 1577 162 1610 ἑαυτοὺς
179 1578 369 1613 ἀποδέχονται.
383 1579 414 1606 Εἰ
431 1579 485 1615 γὰρ
499 1580 538 1614 μὴ
550 1579 660 1615 ἐξαρκεῖ
671 1581 687 1615 ἡ
703 1580 749 1607 τοῦ
767 1580 833 1607 Θεοῦ

891 987 1063 1014 abstinentia).
1085 987 1137 1013 alia
1157 986 1228 1013 ratio
1247 987 1293 1018 sit,
1310 987 1381 1014 haud
1403 987 1537 1013 curiosius
1557 987 1670 1014 investi-

891 1033 1018 1069 gandum.
1034 1031 1083 1059 Sin
1095 1035 1186 1059 autem
1202 1039 1233 1058 ea
1250 1032 1367 1064 ratione,
1383 1031 1455 1067 quod
1474 1031 1565 1058 divina
1581 1033 1669 1060 virtus

889 1078 944 1105 illis
957 1078 1043 1116 magis
1063 1078 1149 1110 abest,
1171 1082 1218 1104 aut
1235 1077 1351 1119 amplius
1367 1077 1452 1110 inest;
1469 1077 1602 1104 ridiculus
1625 1077 1670 1104 hic

889 1124 998 1151 illorum
1013 1124 1121 1160 animus
1133 1131 1165 1150 ac
1179 1131 1277 1151 sensus
1291 1127 1341 1150 est.
1360 1122 1423 1150 Sive
1442 1123 1514 1150 enim
1530 1123 1628 1157 stirpes
1642 1127 1670 1150 et

889 1170 988 1204 plantae
1000 1169 1087 1204 magis
1099 1169 1254 1196 materiales
1269 1171 1342 1199 sunt,
1356 1168 1491 1203 quomodo
1504 1168 1669 1195 conveniens

888 1222 975 1249 exque
987 1214 1104 1247 ratione,
1127 1217 1158 1248 ut
1176 1221 1209 1241 eo
1229 1213 1301 1249 quod
1318 1208 1438 1241 deterius
1455 1218 1506 1246 est,
1527 1214 1555 1240 in
1577 1213 1668 1241 cibum

887 1260 1043 1295 victumque
1059 1260 1185 1287 utamur?
1195 1260 1252 1288 sive
1265 1260 1352 1294 major
1364 1259 1390 1287 in
1402 1260 1442 1288 eis
1453 1265 1496 1288 est
1511 1259 1601 1287 divina
1613 1259 1669 1286 vir-

888 1309 943 1336 tus,
963 1310 1028 1336 sunt
1047 1306 1201 1333 istiusmodi
1225 1306 1253 1333 in
1271 1306 1363 1333 cibum
1386 1306 1471 1337 utilia,
1491 1313 1552 1333 cum
1573 1305 1669 1332 animae

887 1349 1003 1378 facultas
1018 1351 1154 1379 nutriendi
1170 1356 1250 1387 atque
1263 1355 1436 1387 augmentum
1453 1349 1569 1378 faciendi
1582 1349 1669 1384 magis

887 1404 1017 1433 corporea
1033 1404 1065 1424 ac
1087 1397 1206 1424 crassior
1222 1397 1267 1424 sit.

922 1441 1000 1474 Quod
1020 1445 1111 1469 autem
1131 1449 1146 1468 a
1169 1442 1273 1477 nuptiis
1297 1449 1380 1476 reque
1397 1448 1511 1469 venerea
1535 1449 1564 1468 se
1585 1440 1669 1468 absti-

886 1491 978 1521 neant,
994 1492 1147 1518 metuentes
1168 1496 1202 1516 ne
1221 1496 1269 1523 per
1284 1488 1392 1523 generis
1408 1487 1608 1515 successionem
1623 1488 1667 1514 di-

885 1534 950 1560 vina
965 1533 1052 1561 virtus
1067 1534 1094 1561 in
1110 1534 1222 1562 materia
1238 1534 1324 1568 magis
1338 1533 1480 1565 inhabitet,
1504 1533 1590 1560 miror
1600 1540 1668 1567 quo-

886 1579 967 1610 modo
986 1579 1028 1607 vel
1046 1579 1098 1619 ipsi
1115 1587 1144 1607 se
1165 1580 1251 1615 ipsos,
1275 1579 1347 1614 quod
1365 1579 1402 1606 ita
1421 1579 1552 1610 sentiunt,
1569 1578 1668 1605 admit-

55 1623 173 1658 πρόνοια,
188 1623 260 1650 ὣστε
271 1624 318 1650 καὶ
329 1623 373 1651 διὰ
385 1624 528 1658 γενέσεων,
543 1625 590 1651 καὶ
611 1624 654 1653 διὰ
667 1625 720 1652 τῶν
734 1625 776 1652 ἀεὶ
788 1627 834 1653 καὶ

886 1629 953 1653 tant.
970 1625 999 1652 Si
1019 1616 1090 1653 enim
1113 1633 1164 1653 nec
1187 1625 1234 1653 Dei
1251 1625 1420 1665 providentia
1442 1624 1549 1656 sullicit,
1565 1628 1594 1651 ut
1609 1630 1666 1652 tum

53 1666 177 1701 ὡσαύτως
201 1668 318 1702 ἑχόντων
345 1668 612 1704 ἀποικονομήσασθαι
639 1669 688 1704 τῆς
704 1669 769 1704 ὕλης
786 1670 835 1705 τὴν

55 1713 123 1740 θείαν
137 1713 263 1748 δύναμιν,
284 1714 325 1745 τίς
353 1715 370 1749 ἡ
393 1714 438 1740 τοῦ
458 1715 608 1751 Μανιχαίου
637 1715 741 1741 ἐπίνοια
766 1714 835 1751 ὑπὲρ

53 1759 144 1785 τούτου
156 1760 412 1795 διαμηχανήσασθαι
425 1760 534 1797 δύναται
567 1761 604 1793 Οὐ
626 1761 679 1796 γὰρ
696 1761 781 1797 δήπου
793 1770 835 1796 γι-

52 1805 167 1840 γανταίῳ
192 1805 315 1841 λήμματι
342 1806 380 1838 ὼς
404 1806 510 1842 άληθῶς
522 1815 588 1843 φησι
611 1807 650 1842 τῷ
663 1807 722 1842 Θεῷ
738 1807 834 1843 βοηθὸς

51 1849 115 1885 πρὸς
132 1850 213 1877 τοῦτο
240 1851 390 1885 γεγονέναι,
411 1852 464 1883 ἴνα,
491 1851 542 1891 τὰς
569 1846 688 1886 γενέσεις
704 1853 831 1889 ἀναιρῶν,

53 1898 180 1932 σύντομον
196 1897 297 1934 ποιήσῃ
326 1898 375 1933 τὴν
399 1899 448 1934 τῆς
464 1898 537 1930 θείας
552 1899 693 1934 δυνάμεως
718 1899 772 1934 ἀπὸ
782 1900 832 1935 τῆς

52 1941 112 1977 ὕλης
124 1942 313 1978 ἀναχώρησιν;
814 1938 816 1940 ’

84 1989 117 2015 ’Δ
130 1988 160 2015 δὲ
174 1989 282 2023 λέγεται
297 1989 349 2015 ὑπὸ
362 1988 417 2016 τῶν
443 1990 576 2029 ποιήσεων
596 1990 659 2025 περὶ
672 1989 726 2016 τῶν
738 1991 832 2025 γιγάν-

51 2043 108 2065 των,
120 2035 250 2070 ἄντικρυς
265 2035 348 2070 μῦθός
361 2036 444 2066 ἐστιν,
468 2036 499 2061 Ol
524 2035 573 2071 μὲν
587 2035 641 2072 γὰρ
654 2036 718 2071 περὶ
731 2037 830 2064 τούτων

50 2079 231 2112 διατάττοντες
245 2081 273 2106 ὲν
289 2080 460 2117 ἀλληγορίαις
469 2081 503 2108 τὰ
515 2082 625 2108 τοιαῦτα
638 2083 828 2118 προφέρονται,

50 2125 77 2150 τὸ
88 2126 184 2161 σεμνὸν
210 2125 258 2152 τοῦ
275 2126 353 2160 λόγου
375 2127 594 2162 ἀποκρύπτοντες
610 2130 642 2163 τῇ
666 2128 713 2155 τοῦ
744 2129 828 2164 μύθου

51 2171 112 2206 ἰδέᾳ·
127 2168 183 2198 οἷον
199 2171 264 2198 ὅταν
287 2172 304 2206 ἡ
320 2171 373 2198 τῶν
396 2172 529 2206 Ἰουδαίων
555 2173 657 2208 ἱστορία
680 2175 727 2209 φῇ,
757 2174 829 2207 Τοὺς

49 2216 192 2250 ἀγγέλους
223 2216 288 2250 ταῖς
313 2217 475 2252 θυγατράσι
505 2217 564 2244 τῶν
599 2219 761 2253 ἀνθρώπων
785 2221 829 2253 εἰς

49 2261 227 2295 ἀφροδισίων
253 2263 491 2297 συνεληλυθέναι
516 2263 610 2298 μίξινο
628 2265 677 2297 τὰς
700 2266 753 2301 γὰρ
766 2266 828 2301 θρε-

49 2308 143 2340 mue;
153 2308 282 2343 δυνάμεις
293 2308 343 2343 τῆς
357 2309 444 2344 ψυχῆς
455 2309 509 2336 ἀπὸ
522 2309 575 2336 τῶν
592 2310 646 2337 ἄνω
662 2311 707 2337 ἐπὶ
720 2311 753 2338 τὰ
763 2312 825 2346 τῇδε

49 2353 64 2388 ᾖ
77 2354 185 2389 τοιαύτη
202 2354 327 2390 προφορέι
350 2355 397 2381 τοῦ
413 2355 493 2389 λόγου
516 2356 652 2391 σημαίνει.
667 2357 698 2383 Οἱ
714 2357 826 2392 ποιηταὶ

45 2399 84 2430 δὲ,
100 2401 133 2426 ἐκ
156 2399 212 2434 γῆς
227 2400 377 2432 ἐνόπλους
392 2399 538 2433 ἀνασχεῖν
552 2399 674 2434 λέγοντες
692 2398 825 2432 τούτους,

46 2443 91 2471 εἴτ’
106 2445 197 2478 εὐθὺς
213 2445 288 2478 ,πρὸς
301 2444 388 2477 θεοὺς
401 2439 570 2479 ἑπάράντας
583 2443 780 2478 ἀπολωλέναι,
797 2444 829 2471 τὸ

46 2491 106 2525 ταχὺ
121 2490 168 2516 καὶ
184 2490 318 2525 ἐπίκηρον
327 2490 381 2516 τῶν
396 2490 529 2525 σωμάτων
544 2489 745 2526 ὑποδηλοῦντες,
757 2489 828 2516 οὕτω

46 2536 91 2572 τὴν
111 2536 219 2572 ποίησιν
244 2537 284 2567 είς
310 2535 490 2570 ψυχαγωγίαν
515 2535 553 2571 τῷ
577 2535 695 2571 θαύματι
712 2544 828 2562 κατακο-

47 2581 162 2616 σμοῦσιν.
175 2582 206 2608 Οἱ
220 2581 259 2614 δὲ,
273 2582 349 2608 οὐδὲν
364 2581 464 2613 εἰδότες
480 2581 591 2614 τούτων,
609 2582 671 2609 ἔνθα
685 2582 708 2608 δ’
722 2582 755 2609 ἄν
772 2591 826 2608 πα-

50 2627 205 2664 ραλογισμοῦ
220 2636 291 2659 τινος
307 2627 457 2663 εὐπορῆσαι
472 2627 612 2659 δύνωνται,
623 2627 718 2654 ὁπόθεν
730 2627 827 2662 δήποτε

49 2675 128 2701 ἐκεῖνο
147 2675 260 2710 ἓρμαϊον
285 2673 389 2700 ἑαυτῶν
409 2673 557 2705 ποιοῦνται,
572 2674 640 2708 ὅπερ
655 2673 827 2709 διαπραγμα-

50 2719 176 2756 τευόμενοι
189 2720 219 2747 τὺ
234 2719 336 2756 ἀληθὲς
350 2719 426 2756 πάσῃ
440 2719 520 2755 τέχνῃ
533 2719 773 2759 καταγωνεζονται.

102 2836 184 2866 'Gen.
205 2843 277 2868 xm,
295 2834 322 2861 1.
379 2835 389 2852 ’
405 2835 467 2863 Gen.
483 2844 519 2867 vr.
535 2836 562 2865 2.

885 1677 933 1706 per
948 1671 1146 1706 generationes,
1170 1674 1227 1698 tum
1244 1678 1291 1706 per
1307 1678 1338 1697 ea
1357 1677 1417 1705 quae
1437 1677 1542 1704 semper
1555 1669 1666 1697 eodem-
1716 1669 1724 1678 '

884 1725 937 1755 que
952 1717 1033 1750 modo
1054 1724 1084 1744 se
1099 1716 1210 1751 habent,
1234 1716 1354 1743 divinam
1375 1716 1502 1743 virtutem
1518 1723 1533 1742 a
1553 1715 1666 1742 materia

883 1762 1002 1794 eximat;
1015 1762 1080 1797 quid
1099 1762 1238 1789 Manichaai
1255 1762 1364 1789 solertia
1376 1765 1403 1788 et
1418 1761 1554 1789 subtilitas
1568 1768 1628 1787 eam
1638 1761 1665 1787 in

883 1817 940 1837 rem
964 1809 1114 1836 machinari
1140 1808 1247 1843 potest?
1266 1807 1336 1834 Num
1363 1807 1501 1835 enimvero
1542 1806 1665 1841 giganteo

882 1863 994 1885 munere
1010 1863 1074 1883 vere
1092 1854 1148 1884 Deo
1167 1854 1195 1881 in
1210 1855 1262 1882 hoc
1277 1854 1343 1881 dicit
1358 1853 1466 1888 adjutor
1481 1854 1621 1885 exsistere,
1634 1857 1665 1880 ut

881 1902 998 1935 sublatis
1011 1901 1233 1936 generationibus
1246 1900 1366 1928 divinam
1379 1900 1509 1927 virtutem
1524 1907 1539 1926 a
1550 1899 1663 1926 materia

880 1946 954 1975 brevi
967 1951 1076 1983 praestet
1092 1948 1236 1980 recedere?

919 1992 985 2026 Quae
1006 2000 1070 2020 vero
1092 1997 1180 2027 poeta:
1199 1993 1232 2020 de
1254 1991 1408 2028 gigantibus
1429 1989 1551 2021 tradunt,
1573 1988 1661 2024 palam

881 2037 973 2065 fabula
993 2041 1045 2065 est.
1068 2037 1120 2070 Qui
1139 2037 1211 2064 enim
1233 2037 1267 2064 de
1288 2036 1329 2064 his
1349 2038 1484 2066 statuunt,
1501 2034 1554 2060 alio
1580 2040 1662 2068 quam

879 2084 963 2111 verba
977 2087 1085 2114 sonent,
1103 2091 1199 2115 sensu,
1216 2083 1281 2110 talia
1292 2082 1443 2118 proferunt,
1461 2079 1558 2109 fabula:
1573 2078 1663 2112 specie

880 2129 1015 2157 sermonis
1040 2129 1154 2164 gratiam
1175 2133 1360 2164 contegentes,
1383 2133 1413 2156 ut
1432 2135 1492 2155 cum
1514 2127 1596 2154 rel‘ert
1613 2123 1662 2152 Ju-

879 2176 1000 2203 dzeorum
1014 2175 1148 2202 historia‘
1162 2185 1168 2202 :
1188 2175 1294 2203 Venisse
1310 2175 1414 2210 angelos
1431 2179 1459 2201 ut
1476 2182 1534 2200 cum
1554 2172 1660 2207 ﬁliabus

879 2220 1012 2248 hominum
1026 2221 1272 2252 commiscerent”;
1289 2228 1385 2256 nempe
1399 2219 1472 2255 quod
1482 2221 1518 2247 ita
1537 2218 1660 2254 loquitur

880 2266 933 2294 hoc
952 2259 1120 2302 significans,
1139 2267 1212 2295 vires
1237 2267 1334 2293 animae
1356 2273 1415 2301 quas
1438 2265 1589 2293 inserviunt
1609 2271 1661 2291 nu-

878 2313 993 2349 tritioni,
1015 2320 1029 2339 a
1052 2312 1179 2348 supernis
1199 2312 1234 2339 ad
1260 2315 1366 2339 terrena
1392 2311 1550 2338 descivisse.
1571 2310 1660 2337 Poetae

878 2361 968 2386 autem
986 2357 1032 2393 qui
1054 2358 1157 2389 dicant,
1182 2357 1246 2389 Eos,
1264 2365 1323 2384 cum
1340 2356 1437 2383 armati
1450 2364 1464 2382 ε
1481 2359 1551 2381 terra
1575 2362 1658 2382 emer—

877 2404 986 2436 sissent,
1011 2408 1082 2431 mota
1110 2403 1203 2430 statim
1229 2405 1256 2430 in
1280 2403 1341 2429 deos
1369 2401 1506 2428 rebellion
1530 2400 1658 2434 periisse;

877 2452 907 2476 ut
918 2449 1049 2476 caducam
1066 2449 1217 2484 celerisque
1231 2449 1360 2476 interitus
1377 2454 1522 2482 corporum
1539 2446 1657 2473 indolem

874 2493 1056 2526 insinuarent,
1072 2494 1100 2521 in
1120 2495 1192 2522 hunc
1207 2494 1318 2522 modum
1333 2492 1542 2521 recreandarum
1563 2499 1596 2518 ex
1617 2491 1656 2518 rei

873 2540 1006 2566 miraculo
1030 2539 1183 2567 animortun
1207 2548 1290 2568 causa
1323 2539 1419 2574 pocsin
1453 2540 1597 2565 exornant.
1622 2536 1655 2563 Hi

873 2592 948 2616 vero,
961 2592 1022 2611 cum
1037 2584 1105 2612 nihil
1120 2585 1216 2612 horum
1233 2584 1394 2619 intelligant,
1413 2583 1461 2610 ubi
1476 2582 1559 2610 ullius
1574 2589 1655 2618 para-

871 2629 981 2665 logismi
1007 2637 1101 2657 ansam
1124 2630 1246 2658 nancisci
1261 2630 1379 2661 licuerit,
1397 2628 1577 2662 undecunque
1594 2631 1654 2654 tan-

873 2675 934 2706 dem
961 2675 1013 2703 sibi
1037 2676 1175 2703 inventum
1200 2675 1277 2704 avide
1299 2675 1444 2710 arripiunt,
1465 2679 1492 2702 et
1519 2673 1552 2700 ad
1578 2680 1654 2700 ever-

872 2721 982 2748 tendam
998 2728 1108 2757 quoquo
1125 2725 1204 2756 pacto
1217 2720 1359 2749 veritatem
1373 2719 1446 2747 omni
1470 2723 1527 2746 arte
1539 2724 1653 2745 consur-

873 2770 947 2801 gunt.
