1909 3069
261 170 312 198 δι’]

667 171 865 200 ALEXAND!“
885 171 1132 202 LYCOPOLITANJ
1146 172 1189 199 DE
1209 172 1341 200 PLACIT.
1353 171 1492 200 MANlCH.

1826 173 1883 201 με

582 237 645 267 οη.
660 239 754 267 XXVI.
773 239 845 276 Ignis
859 240 1040 268 Manis/micas
1057 245 1176 267 vexatus.
1193 239 1267 275 Ignis
1284 240 1339 272 ille,
1353 241 1410 274 ipsa
1428 240 1548 268 materia.

294 298 367 336 Ignis
390 305 480 328 autern
506 301 567 333 ille,
597 300 694 328 urendi
718 301 828 336 quidem
852 301 879 328 vi
900 301 1039 336 praeditus.

1129 299 1164 326 Τὸ
1181 299 1208 326 δὲ
1229 300 1284 335 πῦρ
1298 299 1387 330 αὐτοῖς
1401 299 1430 326 τὸ
1453 298 1598 327 καυστικὸν
1622 300 1682 334 μὲν,
1707 299 1827 334 ἀφεγγὲς
1838 299 1880 331 δὲ,

261 346 329 373 nihil
349 348 440 373 tamen
457 347 525 374 lucis
547 346 662 378 habens,
685 347 730 382 qui
750 348 786 374 sit
804 351 879 374 extra
899 346 1041 379 mundum,

261 399 379 427 quonam
389 391 429 420 eis
441 392 500 419 loco
511 392 652 420 consistit?
666 391 732 419 Nam
747 393 770 420 si
781 393 888 427 quidem
900 393 926 420 in
942 394 1043 420 mundo

260 441 312 469 est,
335 445 385 465 cur
408 438 527 466 mundus
548 438 680 466 hactenus
707 439 850 466 incolumis
871 440 1044 473 perseverat?

261 482 326 509 Nam
349 483 372 510 si
395 484 542 518 aliquando
568 484 667 519 ipsum,
694 484 718 512 ei
739 485 956 520 propinquando,
984 493 1045 512 cor—

261 533 377 564 rumpet.
393 537 466 558 tunc
480 538 588 566 quoque
613 530 664 565 ipsi
691 530 856 564 conjunctus
873 536 925 558 est.
948 531 976 558 Si
994 540 1044 558 au-

260 579 313 601 tem
328 582 450 602 seorsum
464 580 516 608 est,
533 577 606 605 velut
624 577 650 603 in
666 577 778 612 propria
795 577 859 604 sede
874 585 905 604 ac
921 578 981 605 loco
999 587 1044 605 su-

260 619 362 650 blimis,
377 619 442 654 quid
457 627 551 655 postea
566 626 596 648 ιιι
611 621 637 648 in
653 621 784 647 mundum
800 620 942 648 delabatur
958 621 982 649 ei
997 629 1043 649 ac-

260 663 352 691 cidet?
380 666 434 692 Aut
462 673 516 700 quo
540 667 620 693 modo
643 675 658 694 e
680 667 740 694 loco
765 674 814 694 suo
837 667 963 699 excedet.
990 676 1042 702 qua

259 711 434 745 necessitate,
458 713 571 747 cujusve
593 721 727 742 excussus
751 714 895 741 violentia?
914 714 1041 747 Qumnatn

260 765 326 785 vero
341 759 422 785 etiam
437 758 508 794 ignis
524 759 675 788 substantia
693 761 780 796 possit
794 760 907 795 intelligi
920 761 979 789 sine
993 769 1042 796 pa~

260 803 342 831 bulo?
367 804 421 831 Aut
440 805 576 839 quomodo
599 805 741 833 humidum
766 807 804 834 illi
829 807 957 842 pabulum
981 809 1043 835 est?

260 849 311 876 nisi
330 849 402 884 quod
421 858 481 885 quae
496 850 529 881 de
544 851 589 878 illo
606 859 639 878 ex
662 856 765 879 natura:
784 853 870 888 magis
890 853 1042 882 rationibus

259 892 399 925 dicuntur,
419 902 473 921 non
489 899 530 922 est
545 895 627 930 hujus
643 900 775 925 tractatus
796 897 957 932 disquirere.
974 898 1042 926 illud

258 943 347 966 autem
366 947 399 967 ex
422 940 464 968 his
479 949 539 976 quae
555 942 627 968 dicta
642 947 716 974 sunt,
734 951 849 978 prorsus
867 945 1042 973 manifestum

257 987 309 1010 est.
325 984 396 1019 Ignis
415 985 487 1011 enim
509 991 586 1013 extra
599 987 730 1015 mundum
745 989 912 1021 consistens,
930 991 1042 1018 omnino

257 1034 299 1056 est
311 1038 391 1065 quam
407 1030 458 1066 ipsi
476 1036 572 1059 vocant
589 1034 728 1060 materiam
742 1044 748 1061 :
765 1036 985 1070 quandoquidem
1001 1037 1042 1064 sol

256 1081 282 1104 et
299 1077 375 1110 luna,
393 1079 454 1113 puri
471 1086 601 1114 purorum
623 1080 714 1107 divina
732 1081 834 1109 virtute
853 1082 887 1109 ab
904 1082 956 1110 hoc
980 1083 1042 1118 igne

255 1124 372 1159 sejuncti
392 1129 466 1156 sunt.
489 1127 564 1153 nulla
583 1133 695 1154 suarum
715 1128 833 1162 partium
856 1128 883 1154 in
904 1128 956 1155 hoc
980 1129 1042 1164 igne

256 1170 360 1198 relicta.
377 1171 443 1199 Erat
459 1171 503 1199 hic
515 1171 585 1206 ignis
603 1172 661 1206 ipsa
676 1180 723 1207 per
739 1180 768 1200 se
779 1174 903 1205 materia,
920 1173 953 1201 ab
967 1175 1040 1202 omni

254 1224 318 1244 cum
344 1217 436 1244 divina
458 1217 560 1245 virtute
583 1225 696 1252 prorsus
724 1223 846 1246 semotus
865 1220 1040 1247 commercio.

255 1262 436 1298 Quamobrem
459 1264 505 1291 ubi
529 1264 646 1292 mundus
669 1265 743 1292 omni
766 1265 856 1292 divina
880 1266 981 1293 virtute
1001 1267 1040 1294 illi

254 1309 418 1337 adversante
437 1309 624 1342 evacuabitur,
648 1309 782 1344 ejusmodi
801 1319 897 1338 rursus
912 1311 983 1347 ignis
998 1320 1041 1340 τος

255 1353 407 1389 linquetur;
424 1362 543 1389 quonam
566 1354 648 1390 igitur
672 1355 752 1382 modo
778 1355 848 1390 ignis
866 1359 913 1383 aut
935 1357 1038 1392 aliquid

255 1404 421 1435 corrumpet,
447 1404 493 1427 aut
513 1401 547 1427 ab
570 1409 602 1427 eo
618 1402 831 1436 corrumpetur?
847 1402 889 1430 Ab
914 1410 946 1430 eo
965 1403 1039 1432 enim

254 1445 327 1479 quod
343 1445 430 1472 simile
450 1449 501 1477 est.
526 1454 579 1473 non
595 1445 673 1474 video
691 1455 745 1482 qua
771 1448 875 1474 ratione
891 1447 927 1475 sit
949 1448 1038 1474 futura

246 1491 405 1526 ‘corruptio.
423 1491 501 1524 Quod
526 1493 598 1519 enim
618 1492 662 1520 lict
687 1493 816 1523 materia.
843 1494 935 1520 divina
957 1494 992 1521 ab
1006 1501 1038 1521 ea

255 1537 355 1565 virtute
369 1537 504 1573 sejuncta,
526 1538 577 1566 hoc
591 1542 649 1567 erat
671 1539 830 1574 priusquam
844 1540 934 1568 divina
951 1541 1038 1569 virtus

254 1590 315 1610 cum
331 1591 362 1610 ea
385 1583 616 1612 commisceretur.
636 1585 664 1612 Si
680 1586 788 1620 quidem
814 1585 896 1621 igitur
912 1586 1036 1618 materia,

253 1628 345 1656 divina
361 1629 491 1657 destituta
506 1630 606 1658 virtute
623 1632 742 1666 peritura
760 1636 811 1664 est,
828 1632 923 1666 quidni
945 1632 1034 1667 periit,
1051 1651 1072 1679 C

253 1677 399 1709 antequam
417 1675 499 1702 etiam
517 1675 636 1703 divinam
657 1677 785 1704 virtutem
804 1677 924 1705 ullumve
938 1686 1038 1706 munus

253 1721 400 1748 creationis
415 1727 646 1757 consequeretur;
660 1727 690 1750 ut
709 1724 839 1759 deinceps
860 1725 975 1752 materia
991 1733 1039 1760 pe-

216 1759 222 1763 .
253 1771 322 1799 teat,
339 1771 367 1795 et
388 1767 416 1795 in
439 1768 575 1796 inﬁnitum
597 1769 623 1796 id
646 1769 744 1796 faciat?
767 1769 800 1796 Et
821 1770 887 1805 quid
908 1759 1039 1806 prodest?

253 1812 332 1846 Quod
348 1813 419 1841 enim
437 1822 468 1842 ex
488 1814 575 1849 prima
591 1815 730 1842 voluntate
750 1815 852 1842 factum
864 1824 920 1843 non
936 1820 988 1849 est,
1005 1825 1039 1844 ex

253 1860 379 1894 Ecquenti
394 1860 533 1896 quomodo
551 1861 614 1888 ﬁet?
631 1864 678 1888 aut
695 1870 818 1896 quamam
834 1861 888 1889 Deo
909 1863 990 1895 ratio,
1008 1867 1038 1902 ut

252 1908 360 1942 negotia
387 1900 505 1939 differat,
524 1915 584 1942 quas
605 1915 639 1934 ne
661 1908 688 1934 in
711 1908 771 1935 viro
794 1909 904 1943 quidem
926 1917 955 1937 se
972 1900 1038 1937 bene

252 1952 354 1980 habere
376 1953 461 1980 videri
477 1957 597 1988 queant;
616 1953 670 1980 illis
687 1954 759 1981 enim
778 1955 852 1989 quod
869 1955 1039 1990 impossibile

253 2000 290 2027 sit
306 2000 458 2028 deliberare
473 2001 594 2036 proclive
620 2000 728 2027 dicatur
743 2006 907 2036 competere.
925 2002 973 2037 qui
996 2001 1037 2029 fa-

252 2045 340 2078 ciunt,
357 2049 388 2072 ut
409 2053 459 2073 nec
473 2050 539 2073 tunc
554 2045 638 2072 velint
660 2053 721 2072 cum
737 2046 868 2082 possibile
881 2051 933 2075 est.
953 2047 1038 2075 Caete-

253 2098 326 2123 rum,
341 2091 392 2118 nisi
403 2091 468 2126 quid
477 2092 560 2124 aliud,
572 2091 656 2119 Deum
666 2099 748 2127 supra
759 2093 906 2120 essentiam
921 2096 947 2120 et
957 2101 1038 2128 quem

251 2136 357 2168 dicunt,
368 2137 442 2164 velut
458 2145 554 2165 novam
570 2138 714 2173 quamdam
726 2139 867 2166 materiam
885 2139 1035 2166 inducunt:

252 2188 303 2210 nec
318 2189 378 2209 eam
394 2183 514 2218 quidem,
530 2191 610 2218 quam
622 2183 673 2210 viri
689 2185 836 2220 prudentes
853 2185 965 2212 omnino
975 2193 1038 2212 eon-

251 2229 374 2264 iunctam
396 2229 569 2262 cxistimant,
594 2234 641 2257 aut
662 2239 723 2266 qua:
743 2231 864 2259 omnium
886 2235 1037 2259 extremum

251 2278 304 2307 est,
321 2274 420 2310 vixque
435 2275 590 2303 intuentem
607 2280 636 2303 ut
653 2285 712 2304 eam
729 2277 810 2305 homo
829 2277 973 2312 intelligat,
988 2285 1036 2304 ve-

1093 345 1123 371 τὸ
1136 344 1213 376 ἐκτὸς
1223 344 1269 370 τοῦ
1290 344 1402 379 κόσμου,
1426 344 1476 370 ποῦ
1503 344 1625 379 ἴδρυται;
1642 345 1674 370 El
1693 344 1741 379 μὲν
1759 343 1814 380 γὰρ
1832 344 1879 370 ὲπὶ

1093 391 1138 416 τὸν
1148 391 1260 426 κόσμον,
1273 391 1300 417 τί
1318 391 1348 416 τὸ
1368 390 1452 417 αἴτιον
1471 390 1518 417 τοῦ
1533 391 1624 426 ἀπαθῆ
1641 388 1709 417 εἶναι
1732 390 1812 426 μέχρι
1831 389 1879 416 τοί

1094 437 1224 472 παρόντος
1238 437 1283 463 τὸν
1296 437 1415 471 κόσμον;
1438 437 1469 463 Εἰ
1494 437 1548 472 γὰρ
1560 436 1698 472 διαφθερεῖ
1715 445 1778 463 ποτε
1798 436 1879 462 αὑτὸν

1093 483 1255 518 πλησιάσαν,
1271 483 1318 509 καὶ
1333 483 1380 510 νῦν
1395 483 1462 517 πρὸς
1477 482 1557 509 αὑτὸν
1572 482 1716 516 συνῆπται.
1735 482 1767 508 Et
1779 481 1808 508 δὲ
1822 490 1864 516 χω

1095 528 1136 564 ρίς
1156 530 1239 560 ἐστιν,
1255 526 1355 560 οἷονὼς
1367 529 1394 554 ἐν
1409 529 1465 562 ἰδίῳ
1484 529 1558 564 τόπῳ
1582 529 1727 564 μετέωρον,
1743 529 1768 554 τί
1792 527 1879 554 παθὸν

1095 575 1206 611 ὕστερον
1222 575 1383 602 ὲπιπέσεται
1402 575 1440 610 τῷ
1462 576 1573 610 κόσμῳ;
1597 576 1632 601 Ἦ
1657 575 1714 607 πῶς
1736 575 1783 601 τοῦ
1812 575 1880 601 ἰδίου

1093 621 1175 648 τόπου
1193 622 1353 656 ὲκστήσεται
1368 621 1419 648 ὑπό
1429 630 1500 652 τινος
1512 622 1632 657 ἀνάγκης
1644 621 1690 647 καὶ
1707 621 1785 656 βίας;
1811 621 1880 647 Τίνα

1093 666 1121 692 δὲ
1134 667 1180 693 καὶ
1191 665 1256 702 ὕλης
1272 667 1354 702 χωρὶς
1368 667 1467 693 ἐννοεῖν
1481 666 1528 692 τοῦ
1546 667 1632 702 πυρὸς
1650 666 1814 697 ὑπόστασιν;
1841 666 1880 691 Ἦ

1094 711 1152 743 πῶς
1166 711 1197 738 τὸ
1216 712 1298 746 ὑγρὸν
1310 711 1396 746 τούτῳ
1410 711 1482 737 ἐστὶν
1497 712 1583 747 τροφῇ
1594 719 1601 743 ;
1614 711 1630 746 ἦ
1643 711 1692 737 ὅσα
1703 710 1814 744 λέγεται
1829 718 1880 743 φυ-

1094 757 1251 794 σικώτερον,
1269 759 1298 784 οὺ
1311 757 1357 784 τοῦ
1372 757 1502 793 παρόντος
1521 757 1599 791 λόγου
1619 757 1702 783 ἐστίν.
1723 756 1827 782 Ἐκεῖνο
1850 755 1880 780 δὲ

1094 804 1202 836 πάντως
1215 813 1265 831 που
1293 805 1407 840 φανερὸν
1438 805 1469 830 ὲκ
1498 803 1553 830 τῶν
1578 803 1740 839 εἰρημένων.
1767 801 1804 828 Τὸ
1824 801 1880 837 γὰρ

1093 850 1149 886 πῦρ
1161 851 1208 877 τοῦ
1223 851 1324 886 κόσμου
1335 851 1412 882 ἐκτὸς
1426 851 1545 886 ἀκριϐῶς
1563 852 1636 877 ἐστιν
1651 851 1667 885 ὴ
1681 849 1815 884 λεγομένη
1832 849 1880 875 ὑπ’

1093 898 1182 925 αὐτῶν
1196 898 1255 934 ὕλη·
1272 898 1420 933 ἐπειδήπερ
1433 899 1446 924 ὁ
1459 897 1532 932 ἣλιος
1556 898 1602 924 καὶ
1618 897 1634 932 ἡ
1652 895 1750 932 σελήνη
1763 895 1881 929 καθαροὶ

1093 945 1219 981 καθαρῶν
1234 945 1309 977 ὄντες
1324 945 1367 971 διὰ
1391 945 1440 979 τῆς
1461 944 1535 975 θείας
1559 943 1698 978 δυνάμεως
1709 941 1880 976 ἀπεζεύχθη-

1093 999 1142 1017 σαν
1156 991 1203 1017 τοῦ
1221 990 1305 1026 ἲωρὸς
1321 990 1426 1021 τούτου,
1441 990 1514 1016 οὐδὲν
1527 988 1629 1015 ἑαυτῶν
1643 989 1671 1014 ἐν
1687 987 1726 1023 τῷ
1737 987 1803 1022 πυρὶ
1815 986 1880 1013 τού-

1091 1045 1130 1071 τῳ
1145 1037 1336 1071 ὑπολείψαντες
1347 1036 1438 1071 μέρος.
1455 1035 1539 1062 Τοῦτο
1550 1033 1582 1070 ἦν
1595 1036 1610 1070 ἡ
1628 1034 1677 1068 ὕλη
1693 1033 1753 1060 καθ’
1767 1033 1878 1067 ἑαυτὴν,

1091 1084 1121 1110 τὸ
1134 1082 1254 1118 ἀκριϐῶς
1268 1083 1382 1118 ἄμικτον
1398 1082 1465 1118 πρὸς
1479 1081 1526 1117 τὴν
1550 1081 1623 1108 θείαν
1636 1080 1762 1115 δύναμιν.
1785 1079 1879 1109 Ὥστε,

1091 1130 1124 1162 ἂν
1134 1129 1237 1164 κενωθῇ
1252 1129 1352 1164 κόσμος
1370 1122 1422 1162 ίτῆς
1450 1129 1510 1154 κατ’
1524 1127 1605 1154 αὑτοῦ
1625 1127 1765 1161 δυνάμεως
1792 1124 1878 1157 θείας,

1092 1176 1172 1202 πάλιν
1208 1175 1329 1202 τοιοῦτον
1353 1174 1580 1210 ὑπολειφθήσεται
1609 1173 1675 1208 πῦρ,
1702 1173 1762 1203 πῶς
1787 1169 1834 1198 οὖν
1849 1171 1878 1197 τὸ

1091 1224 1146 1256 πῦρ
1161 1221 1177 1256 ἦ
1190 1220 1328 1256 διαφθερεῖ
1342 1229 1379 1252 τι,
1403 1220 1419 1255 ἢ
1444 1221 1489 1246 ὑπ’
1507 1219 1585 1246 ἄλλου
1602 1218 1789 1254 φθαρήσεται;
1806 1216 1879 1252 Πρὸς

1091 1266 1144 1302 γὰρ
1160 1266 1206 1292 τοῦ
1220 1266 1312 1301 ὁμοίου
1329 1267 1377 1301 οὐχ
1392 1266 1448 1302 ὁρῶ
1462 1265 1519 1297 πῶς
1536 1266 1676 1300 γενήσεται
1699 1265 1713 1299 ἡ
1730 1262 1829 1298 φθορά,
1845 1262 1878 1288 Ὀ

1091 1313 1144 1348 γὰρ
1155 1313 1297 1347 γενήσεται
1313 1312 1401 1347 ἡῦλη,
1430 1313 1478 1347 τῆς
1503 1311 1577 1342 θείας
1599 1310 1740 1345 δυνάμεως
1756 1309 1876 1341 ἀποζευ-

1090 1359 1194 1394 χθεῖσα,
1210 1358 1281 1385 τοῦτ’
1291 1357 1325 1394 ἦν
1338 1359 1401 1394 πρὶν
1417 1359 1464 1386 καὶ
1479 1357 1609 1393 μεμίχθαι
1632 1357 1700 1393 πρὸς
1715 1356 1800 1391 αὐτὴν
1825 1356 1877 1391 τὴν

1090 1404 1164 1431 θείαν
1180 1404 1303 1440 δύναμιν.
1319 1405 1351 1431 Et
1375 1405 1464 1431 τοίνυν
1478 1403 1617 1430 ἀπολεῖται
1639 1402 1814 1438 ἐρημωθεῖσα
1825 1401 1878 1435 τῆς

1089 1450 1163 1483 θείας
1176 1451 1324 1486 δυνάμεως,
1336 1450 1379 1477 διὰ
1390 1451 1416 1476 τί
1429 1451 1464 1486 μὴ
1477 1451 1523 1477 καὶ
1533 1449 1656 1476 ἀπώλετο
1668 1448 1732 1484 πρὶν
1741 1449 1787 1474 καὶ
1801 1447 1877 1474 θείαν

1088 1497 1202 1532 δύναμιν
1216 1496 1368 1532 γενέσθαιῆ
1382 1496 1462 1531 ἄλλην
1478 1495 1665 1531 δημιουργίαν,
1684 1495 1727 1521 ἵνα
1738 1493 1876 1528 ἀπόληται

1089 1543 1106 1578 ὴ
1121 1542 1182 1577 ὕλη,
1195 1543 1242 1569 καὶ
1258 1541 1335 1568 τοῦτο
1346 1542 1446 1577 ποιήσῃ
1467 1541 1562 1576 μέχρις
1577 1539 1708 1574 ἀπείρου;
1724 1539 1781 1565 Καὶ
1805 1539 1831 1564 τί
1848 1539 1877 1564 τὸ

1088 1587 1196 1622 ὃφελοςς
1214 1588 1246 1614 "0
1259 1587 1312 1622 γὰρ
1330 1586 1366 1622 μὴ
1379 1586 1485 1620 ἐγένετο
1500 1586 1532 1612 ἐκ
1545 1585 1591 1612 τοῦ
1613 1584 1720 1620 πρώτου
1737 1583 1876 1619 βουλήμα-

1089 1643 1143 1666 τος,
1154 1634 1212 1666 πῶς
1229 1635 1261 1660 ἐκ
1276 1633 1322 1660 τοῦ
1339 1633 1463 1668 δευτέρου
1480 1633 1639 1667 γενήσεται;
1667 1631 1683 1666 ἦ
1704 1632 1746 1663 τίς
1773 1633 1787 1657 ὁ
1799 1631 1877 1664 λόγος

1090 1680 1159 1715 θεῷ,
1175 1679 1311 1706 ἀναθεῖναι
1325 1679 1484 1715 πράγματα,
1502 1678 1519 1706 ἂ
1534 1678 1588 1705 οὐδ’
1607 1679 1649 1704 ἐπ’
1669 1678 1812 1713 ἀνθρώπου
1828 1687 1877 1704 κα-

1089 1727 1141 1759 λῶς
1155 1726 1226 1762 ἔχειν
1242 1727 1382 1758 ὑπονοεῖν;
1398 1726 1434 1752 Τὸ
1457 1725 1511 1760 γὰρ
1536 1725 1664 1752 ἀδύνατον
1691 1724 1822 1759 πρόσεστι
1838 1723 1876 1758 τῷ

1090 1772 1264 1808 βουλεύεσθαι
1283 1772 1328 1797 ἐπὶ
1353 1771 1407 1797 τῶν
1439 1770 1585 1797 ποιούντων
1611 1769 1679 1805 πρὸς
1703 1769 1742 1804 τῷ
1768 1768 1876 1804 μηδὲτὸ

1090 1818 1240 1854 βούλεσθαι,
1257 1818 1308 1845 κᾶν
1323 1818 1434 1844 δυνατὸν
1449 1815 1477 1854 ᾗ,
1493 1817 1644 1852 προχείρως
1658 1816 1757 1851 χρῆναι
1774 1815 1874 1849 λέγειν.

1089 1864 1162 1899 Πλὴν
1180 1865 1203 1890 εί
1222 1864 1258 1899 μή
1273 1872 1299 1889 τι
1312 1863 1414 1899 ἕτερον,
1428 1862 1493 1889 Θεὸν
1511 1863 1557 1889 καὶ
1573 1862 1618 1888 τὸν
1638 1861 1767 1887 ἐπέκεινα
1781 1861 1876 1892 οὐσίας

1089 1909 1221 1944 λέγουσιν,
1236 1909 1330 1945 ὥσπερ
1352 1909 1447 1944 καινήν
1469 1917 1530 1935 τινα
1550 1908 1704 1941 εἰσάγουσιν
1727 1906 1806 1942 ὕλην·
1830 1907 1876 1933 καὶ

1089 1957 1149 1991 οὐχὶ
1165 1956 1213 1992 τὴν
1227 1956 1424 1991 ὑπερημμένην
1438 1955 1513 1990 παρὰ
1538 1956 1594 1986 τοῖς
1607 1954 1669 1981 νοῦν
1680 1954 1800 1989 ἔχουσιν·
1814 1954 1848 1989 ἣν
1860 1954 1875 1988 ἢ

1091 2002 1128 2037 μὴ
1142 2003 1313 2029 παντάπασιν
1326 2001 1407 2029 οὖσαν
1426 2003 1440 2028 ό
1455 2002 1531 2035 λόγος
1546 2001 1676 2036 εὑρίσκει,
1689 2000 1707 2036 ἦ
1721 2000 1752 2026 τὸ
1767 2001 1877 2026 πάντων

1089 2048 1199 2083 ἔσχατον
1207 2049 1252 2075 καὶ
1265 2048 1343 2084 μόγις
1353 2049 1392 2080 εἰς
1406 2048 1508 2075 ἔννοιαν
1519 2046 1690 2082 ἀνθρωπίνην
1704 2045 1876 2080 ἀφικνεῖσθαι

1087 2094 1244 2129 δυνάμενον.
1279 2094 1357 2122 Ἀλλὰ
1373 2094 1426 2130 γὰρ
1451 2094 1481 2120 τὸ
1496 2093 1551 2129 πῦρ
1575 2093 1604 2119 τὸ
1627 2092 1758 2126 ἀφεγγὲς,
1775 2090 1831 2128 ἆρά
1845 2100 1876 2124 γε

1088 2139 1169 2166 πλέον
1183 2139 1256 2166 ἐστὶν
1267 2140 1316 2175 τῆς
1335 2139 1483 2175 μελλούσης
1498 2137 1726 2174 ὲρημωθήσεσθαι
1744 2137 1811 2172 ὕλης
1823 2137 1876 2163 ἀπὸ

1087 2186 1136 2220 τῆς
1147 2185 1221 2217 θείας
1231 2185 1381 2221 δυνάμεως,
1396 2185 1412 2221 ἦ
1425 2185 1548 2217 anno};
1567 2184 1636 2211 Ἀλλ’
1651 2185 1675 2210 εἰ
1693 2184 1742 2219 μὲν
1756 2184 1874 2213 ἔλαττον,

1089 2232 1147 2263 πῶς
1159 2234 1367 2266 καταγωνιεῖται
1381 2232 1411 2258 τὸ
1424 2231 1518 2263 πλέον;
1534 2232 1556 2257 εἰ
1576 2231 1604 2256 δὲ
1617 2230 1706 2261 πλέον,
1726 2230 1876 2263 ἐπανάγειν

1090 2277 1138 2312 μὲν
1153 2277 1217 2304 αὐτὸ
1229 2277 1388 2312 δυνήσεται,
1415 2276 1465 2311 τῆς
1491 2276 1574 2311 αὐτῆς
1593 2275 1623 2302 ὃν
1645 2274 1762 2310 φύσεως·
1776 2274 1806 2300 οὐ
1824 2273 1876 2308 μὴν

251 2321 311 2348 nire
321 2321 417 2356 possit.
432 2321 576 2349 Enimvero
592 2322 662 2357 ignis
677 2323 722 2350 ille
744 2323 917 2354 tenebrosus.
936 2323 1034 2357 plusne

1090 2323 1234 2360 διαφθείρει
1246 2332 1277 2358 γε
1290 2323 1365 2350 αὑτό·
1377 2323 1471 2358 ὥσπερ
1482 2321 1541 2349 οὐδὲ
1557 2323 1571 2349 ὁ
1583 2321 1678 2353 Νεῖλος
1694 2321 1759 2352 τοὺς
1770 2321 1817 2346 ἀπ’
1829 2320 1876 2346 αὐ-

252 2366 322 2393 valet
339 2374 420 2401 quam
438 2367 562 2400 materia,
584 2375 644 2402 quae
657 2368 748 2396 divina
769 2368 917 2396 desolanda
932 2368 1034 2396 virtute

1085 2369 1132 2396 τοῦ
1148 2369 1382 2405 ἀποτεμνομένους
1395 2369 1520 2400 κόλπους.

251 2416 303 2446 est,
319 2420 354 2440 an
370 2413 479 2441 minus?
495 2414 534 2441 Ac
545 2414 568 2441 si
586 2415 695 2450 quidem
722 2414 825 2447 minus,
854 2415 991 2449 quomodo
1012 2416 1177 2451 expugnabit
1198 2416 1271 2451 quod
1291 2419 1333 2443 est
1353 2415 1460 2450 majus?
1485 2414 1533 2441 Sin
1553 2417 1643 2441 autent
1673 2417 1752 2448 plus,
1784 2411 1817 2438 ad
1847 2418 1875 2436 se

251 2460 360 2495 quidem
379 2461 511 2490 reducere
525 2463 634 2498 poterit,
649 2470 711 2490 cum
724 2462 760 2491 sit
775 2462 897 2499 ejusdem
918 2467 1022 2490 natura:
1038 2470 1045 2488 :
1063 2463 1135 2490 haud
1160 2468 1251 2492 tamen
1266 2467 1432 2498 corrumpet,
1441 2467 1471 2491 ut
1490 2469 1578 2497 neque
1592 2461 1679 2493 Nilus,
1699 2459 1749 2495 qui
1768 2459 1803 2485 ab
1828 2457 1875 2484 illo

251 2505 447 2537 abscinduntur
460 2510 546 2537 sinus.
