1909 3069
44 117 1654 144 ΜΨ

795 137 1670 152 ’Ἥ

730 212 799 232 ANNO
817 213 909 233 DOIINl
925 212 1012 233 οεοιι.

520 259 1222 405 S.PETBUS

336 472 947 540 ALEXANDRINUS
987 476 1405 543 EPISCOPUS

655 604 745 659 ET
790 603 1090 662 MABTYR

365 789 618 838 NOTITIA
653 789 1372 838 HlSTORICO-LITTERARIA

555 886 688 917 (ϐψω.
702 885 756 910 νει.
772 885 840 910 Patr.
852 883 966 910 Biblioth.
977 885 1019 916 IV,
1031 885 1140 918 Proleg.,
1153 886 1189 919 ι.)

55 1021 77 1048 1.
95 1021 362 1059 ΡέινὶᾃΑιεειταηόνὶηὲ
377 1020 505 1059 antistitis
521 1020 615 1046 merita
629 1019 662 1059 ab
673 1027 723 1059 uua
740 1018 853 1046 Eusebio
868 1019 1009 1048 celebrata.
1029 1021 1140 1049 Themue
1152 1029 1293 1050 successor.
1312 1024 1418 1059 Tempus
1429 1032 1485 1058 e;ua
1497 1026 1564 1053 sedis
1575 1028 1672 1054 statui-

95 1063 145 1085 tur.
163 1057 308 1084 Desinente
323 1065 394 1083 anno
405 1056 454 1082 511
473 1059 574 1090 martyr
589 1054 718 1081 occubuit.

56 1104 90 1132 ll.
112 1105 238 1145 Tempore
257 1103 446 1145 persecutiouis
465 1102 589 1145 capones
604 1101 937 1145 poenitentialesscrinii.
948 1101 1121 1145 'Ili't‘ju‘smodi
1133 1102 1254 1145 panges
1274 1104 1378 1139 aliaque
1393 1106 1477 1132 sancti
1490 1105 1581 1134 Patris
1594 1115 1672 1142 opera

94 1136 201 1173 plurinii
218 1136 320 1165 ducunt
334 1139 472 1172 scriptores
490 1137 646 1164 Orientales.
663 1136 853 1173 Nequenaliler
868 1136 963 1164 Gnaei.
984 1137 1151 1173 Balsamonis
1167 1144 1191 1165 et
1207 1138 1319 1166 Zonaras
1336 1136 1534 1168 commentariis
1550 1136 1672 1170 instructi

95 1171 174 1202 iidem
189 1175 313 1202 Canones
326 1174 368 1200 hic
385 1171 507 1204 exhibui;
528 1180 637 1208 quorum
652 1171 772 1198 nonnulli
782 1177 907 1204 praeterea
923 1180 980 1198 cum
995 1172 1081 1200 codice
1093 1182 1141 1200 ms.
1154 1173 1254 1201 collati.

57 1221 102 1249 lli.
120 1221 162 1248 Ea:
176 1221 237 1247 aliis
251 1220 398 1246 beatissimi
417 1217 727 1256 antistitismouumenlis
743 1217 890 1252 fragmenta
905 1218 1025 1245 collecta.
1037 1220 1087 1247 His
1108 1219 1209 1246 intexta
1226 1219 1282 1255 ejus
1296 1221 1406 1255 epistola
1426 1229 1443 1248 α
1458 1220 1566 1256 ﬁla/fcio
1588 1223 1668 1251 edita.

92 1257 152 1289 Quo
165 1262 279 1290 tempore
294 1259 381 1282 ortum
392 1255 503 1282 schisma
519 1252 699 1280 Meletianum.

92 1325 113 1353 l.
135 1326 248 1353 Petrum
261 1326 418 1362 episcopum
434 1325 644 1353 Alexandrinum
654 1325 768 1352 summis
784 1325 843 1352 lau-
857 1326 879 1355 Α
928 1322 960 1351 ll.
981 1325 1097 1360 Scripsit
1111 1329 1223 1354 sanctus
1238 1325 1320 1354 Pater
1336 1333 1407 1354 anno
1421 1327 1618 1362 persecutionis
1635 1336 1671 1360 ιν,

57 1372 141 1399 dibus
166 1373 290 1400 celebrat
313 1380 346 1400 ex
373 1372 573 1407 antiquioribus
601 1379 672 1398 unus
699 1370 843 1398 Eusebius.

57 1417 120 1444 Fuit
139 1418 197 1449 ille,
215 1417 305 1452 inquit
322 1417 390 1454 (a),«
407 1417 527 1444 divinum
545 1416 734 1451 episcoporum
750 1415 843 1447 decus,

57 1471 121 1490 cum
139 1464 175 1490 ob
187 1463 274 1491 totius
287 1463 349 1491 vitae
365 1463 581 1495 sanctimoniam,
599 1467 654 1489 tum
675 1462 709 1489 ob
725 1462 845 1488 studium

59 1516 89 1535 ac
102 1510 232 1544 peritiam
248 1517 387 1537 sacrarum
399 1509 547 1536 litterarum
561 1517 567 1535 :
584 1518 593 1534 ι
607 1508 676 1535 θεῖον
690 1508 845 1534 ἐπισκόπων

57 1555 164 1590 χρῆμα,
185 1555 243 1590 βίου
258 1564 288 1582 τε
305 1555 351 1582 καὶ
364 1555 463 1590 ἀρετῆς
476 1555 555 1581 ἕνεκα
571 1555 617 1580 καὶ
632 1555 679 1589 τῆς
695 1553 749 1581 τῶν
766 1552 846 1587 ἱερῶν

58 1600 148 1634 λόγων
159 1601 361 1636 συνασκήσεως.
375 1600 408 1626 Ει
422 1600 485 1627 alibi
497 1598 533 1635 (ό)
546 1607 606 1627 eum
621 1598 736 1633 appellat
750 1607 759 1623 ι
772 1597 847 1625 Chri-

60 1647 316 1681 stianesreligionis
330 1647 467 1674 doctorem
479 1646 608 1673 eximium
619 1655 625 1672 :
636 1645 670 1680 (c)
680 1645 724 1679 qui
737 1644 845 1679 quidem

60 1695 116 1718 toto
133 1691 283 1719 sacerdotii
302 1692 344 1719 sui
360 1695 480 1726 tempore
494 1690 564 1726 quod
585 1690 664 1718 annis
679 1689 763 1725 gessit
778 1688 846 1715 duo-

60 1737 160 1768 decim,
178 1738 325 1765 maximam
348 1745 454 1772 quoque
476 1737 589 1772 gloriam
611 1739 653 1764 est
671 1738 844 1763 consecutus.

60 1782 128 1811 Post
146 1784 287 1811 Theonam
307 1784 492 1819 episcopatum
507 1782 719 1809 Alexandrinum
733 1781 845 1809 sortitus

61 1834 112 1857 est.
124 1829 159 1856 Et
174 1834 239 1856 ante
252 1829 466 1865 persecutionem
481 1829 589 1864 quidem
604 1828 691 1856 tribus
706 1827 790 1854 ferme
801 1834 846 1853 an-

62 1875 105 1902 nis
128 1875 281 1902 Ecclesiam
302 1875 390 1902 rexit:
409 1874 465 1910 Πρὸ
481 1873 527 1900 τοῦ
548 1871 666 1908 διωγμοῦ
686 1872 773 1906 τρισὶν
791 1871 845 1898 οὐδ’

62 1921 132 1952 ὅλοις
149 1921 325 1956 ἡγησάμενος
343 1920 392 1955 τῆς
415 1918 575 1953 Ἐκκλησιας
589 1927 595 1945 :
608 1918 740 1952 reliquum
756 1920 845 1943 autem

63 1967 152 1994 aetatis
168 1970 287 2000 tempus,
308 1965 425 1991 arctiore
446 1963 588 1998 disciplina
609 1970 639 1989 se
657 1962 745 1997 ipsum
767 1969 846 1989 exer-

897 1369 1004 1399 Christo
1017 1372 1079 1405 506,
1101 1372 1220 1400 Cannues
1237 1373 1424 1408 pwnilentiales
1442 1377 1551 1408 propter
1565 1382 1612 1401 eos
1628 1375 1674 1409 qui

897 1417 925 1445 in
947 1419 1073 1453 prmdicta
1098 1420 1284 1454 persecutione
1309 1419 1376 1454 lapsi
1399 1425 1500 1447 essent.
1521 1420 1675 1448 Occurrunt

897 1469 985 1491 autem
1011 1466 1039 1491 in
1063 1466 1189 1493 omnibus
1212 1465 1351 1493 Canonum
1382 1466 1594 1494 collectionibus.
1620 1466 1674 1494 Nos

896 1517 961 1537 vero
975 1510 1035 1537 illos
1051 1509 1250 1545 desumpsimus
1263 1518 1295 1538 ex
1312 1510 1429 1538 editione
1446 1511 1534 1546 magni
1549 1510 1674 1546 Synodici

897 1555 1055 1589 Oxoniensi,
1076 1564 1157 1597 quam
1183 1556 1287 1584 curavit
1316 1555 1475 1583 Guillelmus
1501 1556 1672 1592 Beveregius,

897 1608 1010 1635 eamque
1025 1601 1189 1628 contulimus
1204 1608 1258 1627 non
1274 1601 1361 1628 solum
1379 1608 1440 1627 cum
1456 1599 1601 1628 Frontonis
1618 1600 1673 1627 Dua

897 1646 944 1673 cmi
962 1645 1079 1672 editione
1095 1645 1252 1678 Parisiensi,
1267 1645 1314 1673 sed
1336 1645 1418 1672 etiam
1433 1652 1494 1672 cum
1511 1653 1561 1672 ms.
1580 1646 1674 1674 codice

897 1692 1061 1728 bombycino
1089 1692 1248 1727 amplissimi
1276 1693 1410 1720 senatoris
1438 1691 1566 1719 Bernardi
1593 1692 1672 1722 Nani,

899 1738 1009 1765 scholiis
1027 1741 1156 1773 praeterea
1177 1737 1312 1764 Theodori
1336 1737 1504 1765 Balsamonis
1519 1741 1546 1764 et
1560 1736 1673 1765 Joannis

898 1784 1009 1810 Zonaras
1022 1783 1140 1811 intextis.
1160 1783 1197 1811 De
1214 1783 1256 1811 his
1270 1787 1359 1810 autem
1374 1782 1529 1810 Canonibus
1545 1784 1674 1818 paeniten-

897 1830 1008 1857 tialibus
1019 1828 1220 1856 Tillemontium
1235 1829 1361 1856 consulas
1373 1829 1452 1855 velim
1465 1829 1512 1863 (g).
1530 1828 1615 1855 Porro
1626 1829 1674 1856 hu-

895 1875 1014 1910 jusmodi
1036 1874 1176 1901 Canonum
1197 1875 1370 1905 testimoniis,
1396 1878 1425 1901 ut
1447 1873 1530 1901 refert
1549 1874 1673 1903 laudatus

898 1920 1082 1948 RenauJotius
1094 1919 1141 1955 (ll),
1154 1923 1267 1946 utuntur
1278 1918 1484 1952 Echmimensis,
1496 1918 1672 1952 Ebnassalus,

897 1966 1088 2001 Abuli‘aragius
1107 1968 1132 1992 et
1154 1964 1198 1991 alii
1221 1964 1408 1998 cujuscunque
1426 1969 1505 1991 sectae
1523 1964 1673 1991 Orientales

63 2021 139 2044 cens,
157 2011 312 2046 transegit:
329 2017 378 2037 nec
401 2010 490 2036 minus
510 2009 617 2036 interim
640 2007 776 2035 communi
795 2007 846 2034 Εο-
862 2009 882 2037 Β
897 2012 1043 2040 Christiani
1059 2021 1065 2038 :
1080 2010 1149 2046 apud
1174 2018 1242 2045 quos
1264 2009 1344 2037 etiam
1363 2009 1389 2036 in
1411 2009 1445 2037 iis
1466 2009 1672 2036 collectionibus

64 2059 213 2085 etesiarum
237 2055 348 2083 utilitati
364 2053 506 2089 magniﬁce
531 2052 679 2088 prospexit.
704 2052 789 2085 Quam
809 2052 844 2079 ob

64 2111 176 2131 causam
192 2109 265 2129 anno
284 2100 482 2136 persecutionis
501 2107 573 2127 nono
588 2100 676 2134 capite
692 2102 843 2131 truncatus,

64 2148 188 2184 martyrii
205 2155 334 2175 coronam
347 2146 504 2182 promeruit.
520 2155 529 2171 ι
545 2145 680 2172 Hactenus
691 2144 823 2172 Eusebius
836 2153 842 2170 :

64 2201 145 2228 quem
166 2197 295 2220 accurate
309 2192 381 2220 Petri
398 2191 571 2226 episcopatus
587 2197 673 2217 annos
689 2189 844 2224 digessisse,

64 2240 191 2273 pluribus
217 2237 371 2265 Dodwellus
393 2237 494 2264 evincit
508 2236 555 2271 (d).
575 2235 643 2262 Cum
659 2236 738 2270 igitur
751 2234 846 2262 Petrus

65 2285 212 2312 duodecim
235 2291 321 2311 annos
346 2283 374 2310 in
393 2283 550 2318 episcopatu
571 2281 741 2317 transegerit,
767 2286 847 2315 atque

66 2339 138 2358 anno
149 2331 184 2358 ab
194 2334 253 2357 orta
262 2330 448 2366 persecutione
460 2336 541 2360 nono,
555 2328 680 2355 smviente
693 2328 719 2354 in
730 2327 846 2354 Alexan-

66 2378 172 2405 drinam
188 2377 338 2404 Ecclesiam
351 2375 507 2407 Maximino,
527 2375 615 2409 capite
631 2377 772 2400 truncatus
790 2373 848 2400 iue-

68 2424 118 2457 rit;
153 2424 214 2459 ejus
248 2422 362 2459 proinde
390 2422 548 2457 martyrium
577 2420 671 2447 incidit
695 2419 723 2446 in
746 2416 847 2446 annum

68 2469 169 2497 Christi
190 2469 252 2501 511,
275 2468 347 2504 quod
363 2467 482 2503 Egyptii
501 2467 624 2493 recolunt
640 2465 684 2503 die
697 2465 732 2492 “)9
747 2465 847 2492 mensis

69 2516 162 2551 Athyr,
179 2516 225 2550 qui
241 2514 387 2549 respondet
401 2513 435 2541 23
449 2512 608 2539 Novembris
623 2515 651 2539 ut
667 2516 726 2546 post
737 2510 847 2538 “enau-

70 2561 170 2588 dotium
183 2561 217 2598 (e)
233 2561 360 2588 observat
374 2558 536 2593 Lequienius
548 2558 594 2592 (Γ).

105 2639 141 2674 (a)
158 2639 259 2667 Euseb.
278 2638 350 2665 Hist.
360 2638 422 2664 ccci.
440 2637 486 2664 lib.
497 2645 541 2674 Vlix,
558 2643 619 2670 cap.
635 2635 661 2662 6.

102 2677 137 2710 (b)
153 2675 191 2701 lvi.
210 2675 275 2702 ibid.
289 2675 335 2702 lib.
347 2681 406 2706 vm,
418 2680 476 2706 cap.
493 2673 535 2710 l5».

103 2706 136 2745 (ε)
155 2711 193 2738 lii.
211 2710 278 2738 ibid.
295 2710 342 2737 lib.
360 2717 408 2740 vn,
425 2716 483 2743 cap.
499 2706 597 2745 52‘sth
614 2706 658 2733 lin.

103 2741 138 2781 (Δ)
157 2747 252 2774 ltodw.
271 2746 382 2773 Dissert.
398 2741 466 2780 sing.
480 2743 513 2769 ad
531 2741 635 2774 Pears.,
654 2749 712 2776 cap.
730 2741 756 2773 6,
772 2741 785 2776 ᾗ
803 2741 848 2774 21,

72 2787 127 2817 pag.
141 2783 183 2809 74.

895 2058 1036 2094 anonymis
1053 2065 1112 2092 qtae
1136 2061 1233 2084 vocant
1248 2055 1389 2090 Responsa,
1411 2056 1531 2090 quaedam
1558 2064 1590 2082 ex
1612 2056 1673 2083 aliis

895 2105 954 2139 ejus
977 2103 1104 2138 operibus
1131 2102 1281 2137 fragmenta
1309 2105 1427 2129 exstant.
1453 2100 1587 2127 Nonnulla
1610 2101 1673 2127 item

895 2149 1040 2176 laudamur
1055 2156 1069 2175 a
1084 2147 1214 2175 Jacobitis
1229 2147 1256 2174 in
1273 2154 1352 2181 opere
1371 2146 1443 2181 quod
1461 2145 1553 2172 Fidem
1569 2150 1674 2180 patrum

896 2195 1039 2230 appellant.
1063 2193 1091 2220 In
1114 2194 1167 2220 alio
1184 2200 1292 2228 quoque
1307 2200 1398 2227 opere,
1422 2192 1465 2219 cui
1487 2192 1583 2218 titulus
1607 2191 1673 2218 Unio

895 2241 1034 2275 pretiosus,
1049 2239 1107 2273 ejus
1118 2239 1256 2266 homiliam
1269 2238 1300 2265 de
1316 2238 1444 2273 baptismo
1457 2236 1557 2264 Christi
1570 2243 1673 2264 memo-

897 2290 982 2314 ratam
997 2286 1097 2313 videas.

932 2332 975 2359 lll.
996 2332 1061 2365 Quae
1084 2339 1147 2358 vero
1173 2331 1244 2366 apud
1263 2331 1372 2358 Graecos
1395 2337 1428 2357 ex
1456 2328 1559 2356 caeteris
1586 2328 1673 2355 sancti

898 2379 1024 2414 martyris
1047 2378 1155 2412 scriptis
1179 2377 1328 2411 fragmenta
1351 2379 1505 2406 servantur,
1528 2381 1559 2401 ea
1583 2370 1690 2401 omnia'

898 2424 1010 2451 collecta
1028 2423 1087 2457 ejus
1103 2422 1259 2450 Canonibus
1274 2421 1396 2456 subjecta
1410 2420 1577 2448 exhibemus.
1590 2419 1676 2446 Nimi-

898 2477 968 2500 rum,
989 2469 1013 2496 l.
1030 2473 1184 2504 excerptum
1204 2476 1235 2496 ex
1258 2468 1318 2503 ejus
1340 2467 1410 2494 libro
1425 2466 1463 2493 De
1479 2466 1585 2497 deitate,
1601 2465 1675 2500 quod

898 2518 986 2541 exstat
1008 2515 1034 2541 in
1056 2514 1123 2541 actis
1144 2513 1321 2540 conciliorum
1343 2511 1472 2548 Ephesini
1487 2515 1512 2538 et
1527 2510 1675 2538 Chalcedo-

899 2561 1001 2592 nensis,
1027 2567 1087 2586 cum
1110 2559 1185 2586 Marii
1208 2558 1364 2586 Mercatoris
1378 2557 1502 2593 apposita
1516 2557 1674 2591 interpreta-

935 2636 969 2670 (e)
988 2635 1107 2664 Renand.
1120 2634 1351 2669 Hist..pa!riarch.
1367 2635 1455 2670 Alex“
1471 2641 1532 2669 pag.
1549 2633 1591 2670 69.

936 2672 976 2708 (f)
989 2671 1175 2708 lloquienzpr.
1192 2670 1386 2708 C/irist.,__tom.
1404 2669 1513 2708 ll,__pag.
1525 2669 1586 2697 597.

936 2704 972 2741 (gi
989 2704 1095 2734 'l‘illem.
1113 2705 1203 2739 Mem.,
1220 2711 1284 2732 tom.
1297 2704 1330 2741 Y7,
1345 2711 1406 2739 pag.
1422 2704 1483 2731 450.

939 2739 975 2778 (71)
992 2742 1112 2769 Renaud.
1130 2741 1147 2768 Ι.
1162 2750 1197 2773 τ.,
1217 2747 1277 2775 pag.
1293 2739 1325 2766 61
1341 2747 1399 2774 seq.
