1909 3069
92 49 143 76 J53

762 59 855 88 ACTA
871 61 1030 90 SlNCERA.

1659 77 1712 105 454

249 111 965 162 Il’gﬂﬂggndﬁgimartyrisaetati
981 119 1136 162 l.‘Siiucera
1155 125 1248 149 nostra
1271 127 1298 150 et
1317 125 1438 162 omnium
1452 127 1580 162 ioptima,
1598 130 1713 161 Baronio

90 140 233 186 judicciﬂl
249 140 549 186 breviora‘i‘llajmtiua
562 149 632 186 apud
649 140 1160 186 S'u’r’iiliiij'i'ErzEEi‘coibbliiEZhBJ

1182 165 1249 203 qum
1263 163 1326 203 sunt
1340 161 1433 203 eadem
1450 161 1545 192 Latine
1560 165 1587 192 in
1602 168 1710 203 codice,

94 179 119 202 ut
133 176 262 209 diximus,
278 177 341 206 Vat.
359 180 421 208 622.
438 181 493 209 Nos
507 176 674 218 vero'prima
690 189 716 212 et
733 176 1362 229 priest-axitiainque-incdit;

586 313 963 376 INCIPIUNT
1000 320 1211 378 ACTA.

119 451 147 479 Si
161 460 260 481 omnes
284 455 338 482 mei
353 457 478 491 corporis
494 461 570 485 artus
589 462 760 487 verterentur
777 461 804 487 in
823 461 873 489 lin-
884 468 910 497 Α
924 462 1014 497 itaque
1028 462 1194 490 sanctissimi
1209 463 1261 491 viri
1274 465 1428 501 episcopale
1449 467 1609 498 inchoantes
1629 479 1704 500 exor.

83 506 166 533 guns,
184 507 338 535 omnesque
355 503 539 530 membrorum
555 511 699 540 compages
713 507 872 535 articulatas

83 544 194 571 ederent
208 553 304 578 voces,
317 548 380 582 quis
388 548 429 576 vel
443 549 542 583 qualis,
552 549 704 584 quantusve
719 551 799 579 fuerit
812 553 872 580 bea-

83 591 205 618 tissimus
231 591 314 619 Pater
341 596 434 621 noster
455 593 563 628 Petrus,
579 596 768 624 Alexandrinae
797 599 870 626 sedis

82 636 319 673 archiepiscopus,
347 639 499 674 exprimere
528 641 683 669 nullatenus
709 643 867 672 suflicerem.

81 680 237 709 Praesertim
249 688 353 718 quanta
365 689 542 720 tyrannorum
555 688 686 722 pericula,
697 691 869 725 quantosque

80 728 225 761 gentilium
246 733 329 765 atque
353 730 544 760 hmreticorum
570 733 684 761 subierit
710 735 866 770 conflictus,

80 776 192 810 papyris
207 777 301 803 omnia
326 778 448 810 tradere,
474 780 517 807 vel
545 781 663 808 maxime
687 781 865 818 incongruum

77 820 217 853 ducimus,
228 830 262 850 ne
273 822 374 851 favoris
387 825 460 852 illius
472 826 664 862 panegyricum
675 829 866 857 commendare

75 867 168 902 potius
179 867 326 896 videamur
337 877 418 905 quam
440 871 598 906 passionum
612 892 618 904 ,
642 872 721 908 cujus
736 872 864 908 praeclaro

76 913 173 940 annisu
190 915 324 949 populum
345 915 400 943 Deo
415 917 580 952 acquisitum
598 918 702 946 salvum
719 919 807 948 facere
821 921 863 948 vi-

75 959 163 986 riliter
179 962 314 988 cucurrit.
331 961 521 990 Verumtamen
541 963 605 998 quia
622 964 654 991 ad
671 964 773 993 intima:
794 974 862 994 con-

73 1007 240 1034 versationis
255 1015 288 1034 ac
299 1008 421 1035 mirifica:
438 1009 498 1043 ejus
512 1009 628 1036 actionis
645 1011 780 1038 narranda
795 1019 862 1046 prm-

73 1053 152 1079 conia
168 1054 241 1080 ratio
252 1054 416 1086 succumbit,
428 1060 455 1082 et
463 1063 552 1082 sermo
564 1055 686 1083 sulIieere
706 1057 860 1086 nullatenus

72 1099 154 1130 valet,
169 1100 233 1127 ideo
249 1100 423 1127 commodum
447 1101 616 1129 mstimamus
639 1109 670 1129 ea
690 1102 860 1131 solummodo

925 509 1015 541 dium,
1045 508 1131 542 ipsius
1157 508 1308 544 flagitemus
1327 512 1497 546 orationem,
1523 519 1553 542 ut
1575 523 1625 544 nos
1647 525 1698 545 ean

925 557 1019 581 nostro
1035 554 1105 589 stylo
1119 556 1329 589 cooperatricem
1344 557 1444 586 habere
1459 560 1635 594 gaudeamus.

958 599 1121 627 Alexandria
1136 600 1217 634 igitur
1230 601 1295 630 urbs
1308 604 1425 638 copiosae
1439 606 1635 640 magnitudinis
1647 612 1703 641 est,

922 651 983 678 quae
996 651 1049 671 non
1070 643 1262 680 Egyptiorum
1277 647 1460 681 solummodo,
1472 650 1520 678 sed
1534 652 1615 679 etiam
1634 653 1705 681 The-

921 692 1042 719 baaorum
1057 696 1139 728 atque
1155 693 1316 729 Libycarum
1333 695 1404 722 haud
1421 698 1517 731 procul
1540 699 1573 726 ab
1587 699 1702 735 Egypto

921 737 1104 772 principatum
1119 742 1202 765 tenet.
1230 737 1384 767 Salutifera:
1407 745 1498 768 autem
1522 741 1585 770 Jesu
1599 743 1701 772 Christi

920 783 1025 810 Domini
1041 784 1127 811 nostri
1143 784 1341 813 incarnationis
1361 787 1542 815 ducentorum
1562 790 1700 825 octoginta

918 833 944 856 et
958 829 1079 864 quinque
1090 837 1223 857 annorum
1235 830 1355 858 circulus
1370 832 1537 865 volvebatur,
1548 841 1609 861 cum
1623 843 1699 863 vene-

917 875 1011 902 rabilis
1039 875 1165 903 Theonas
1187 876 1308 911 ejusdem
1339 876 1459 906 civitatis
1486 886 1555 913 papa
1582 881 1698 909 :ethereo

916 919 1009 946 volatu
1026 920 1149 947 coelestia
1169 927 1252 955 regna
1267 921 1429 948 conscendit
1443 922 1490 957 (ὁ).
1506 923 1557 950 Cui
1574 924 1698 958 profecto

915 969 1081 993 memoratus
1090 964 1187 993 Petrus
1195 966 1228 993 ad
1239 965 1416 993 ministranda
1426 966 1553 995 Ecclesiae
1563 969 1697 1004 guberna-

915 1011 975 1038 cula
992 1011 1141 1038 succedens
1152 1030 1159 1043 ,
1176 1011 1210 1038 ab
1229 1011 1303 1038 omni
1316 1011 1389 1038 clero
1407 1017 1434 1039 et
1448 1012 1603 1041 Christiana
1620 1016 1696 1049 plebe

913 1056 1056 1084 ordinatus
1069 1060 1110 1084 est
1136 1056 1268 1091 pontifex,
1291 1060 1387 1084 sextus
1409 1057 1533 1087 decimus
1558 1060 1661 1088 scilicet
1680 1068 1695 1088 a

913 1101 1003 1128 Marco
1018 1101 1182 1136 evangelista
1197 1100 1333 1136 simulque
1348 1101 1553 1138 archiepiscopo
1573 1104 1694 1138 ejusdem

71 1144 245 1178 describere,
269 1146 370 1182 quibus
387 1146 480 1182 utique
503 1147 536 1174 ad
557 1144 731 1183 pontificatus
757 1149 860 1184 apicem
876 1149 897 1176 B
912 1147 1041 1175 civitatis.
1064 1147 1115 1175 Hic
1127 1147 1200 1174 enim
1214 1147 1288 1175 velut
1302 1147 1412 1176 Lucifer
1434 1149 1504 1175 inter
1527 1153 1602 1177 astra
1626 1158 1693 1179 eon-

70 1192 268 1220 conscendissc
279 1192 424 1228 pandetur,
440 1198 478 1224 et,
490 1194 556 1221 Ario
571 1202 586 1221 a
605 1195 738 1222 catholica
753 1195 859 1224 unitate

70 1238 196 1272 praeciso,
219 1239 424 1274 martyrialibus
440 1239 541 1267 laureis
558 1240 593 1267 sit
606 1239 763 1268 coronatus.
780 1240 858 1269 Hunc

69 1287 159 1312 tamen
192 1284 344 1320 gloriosum
368 1286 449 1313 finem
477 1294 510 1313 ac
536 1286 672 1320 magnifici
701 1287 857 1315 certaminis
876 1304 885 1321 ην

69 1331 211 1365 speculum
225 1351 233 1363 ,
251 1339 341 1367 operae
357 1333 472 1367 pretium
489 1333 529 1360 eis
552 1333 676 1360 sullieere
695 1333 793 1366 credo,
809 1334 856 1370 qui

67 1381 192 1404 nostram
212 1378 357 1406 attendunt
377 1378 566 1410 devotionem,
585 1387 617 1406 ac
638 1379 697 1406 sine
721 1380 855 1408 mendacii

67 1424 129 1451 fuco
145 1423 297 1451 veridicum
311 1432 366 1452 non
390 1425 530 1460 ambigunt
549 1425 744 1453 narrationem.
767 1425 857 1462 Hujus

100 1513 140 1546 (α)
155 1512 322 1549 Fragmenta
338 1514 468 1547 Actorum
487 1512 515 1540 S.
524 1513 604 1549 Petri
626 1513 737 1549 Coptice
755 1519 782 1542 et
801 1515 854 1543 La-

65 1547 123 1584 tine
143 1548 231 1584 edidit
256 1549 389 1584 Georgius
405 1548 633 1584 ZoegatDanns,
661 1547 688 1576 in
712 1550 782 1578 libro
807 1552 852 1580 cui

66 1583 162 1620 t_i_tulus
182 1583 352 1620 :ACalafogus
368 1584 486 1610 Codicum
500 1583 669 1620 Copticorunt
684 1593 748 1612 mss.
765 1587 851 1620 quiin

67 1617 157 1656 Musca
177 1617 312 1656 Borgianj
333 1618 443 1656 Velitris;
459 1624 637 1656 “seruantur.
652 1619 745 1647 Romae
760 1617 828 1648 {810
840 1641 848 1656 ,

66 1652 169 1688 ingfol.,
186 1661 213 1688 p.
226 1652 269 1681 Η.
288 1653 328 1680 En
341 1662 373 1681 ea
387 1653 482 1681 Latine
497 1654 601 1682 reddita
615 1663 621 1680 :

97 1687 117 1725 1.
135 1687 290 1725 Cod.leV,
305 1697 339 1725 ex
351 1690 409 1725 vol.
421 1689 509 1717 Vatic.
525 1691 592 1716 un.
609 1688 766 1716 Encomium
780 1691 849 1725 quod

65 1724 175 1759 scripsit,
189 1723 271 1750 abbas
289 1723 439 1751 Alexander
456 1725 663 1759 archiepiscapus
679 1723 849 1754 Alexandrim

64 1758 140 1794 inqS.
161 1758 271 1785 Petrum
288 1760 412 1794 virginem
436 1763 461 1786 et
487 1760 709 1794 archiepiscopum
731 1761 848 1793 ejusdem

65 1793 135 1820 urbis
146 1814 154 1826 ,
175 1795 220 1828 qui
241 1793 398 1828 martyrium
411 1795 537 1822 sustinuit
555 1803 602 1828 pro
620 1793 724 1821 nemine
737 1795 845 1823 Domini

65 1830 145 1865 nostri
156 1829 223 1856 Jesu
236 1828 336 1857 Christi
347 1850 354 1861 ,
366 1831 433 1865 quod
444 1834 469 1856 et
480 1830 598 1857 recitavit
614 1830 640 1865 in
656 1831 773 1856 oratorio
787 1831 843 1865 ejus

63 1864 128 1897 quod
144 1870 183 1891 est
205 1873 221 1891 α
241 1870 316 1898 parte
335 1865 490 1892 occidentali
510 1865 600 1897 urbis,
613 1864 656 1890 ubi
673 1865 769 1899 festum
786 1864 842 1900 ejus

63 1899 192 1935 celebrant
204 1900 247 1926 die
258 1900 394 1927 honoratae
407 1900 662 1927 commemorationis
675 1900 742 1934 ejus,
752 1899 843 1935 quiest

61 1934 114 1962 dies
125 1935 162 1962 29
173 1936 271 1962 mensis
282 1936 375 1962 Athor.
391 1935 424 1962 In
435 1943 498 1969 pace
506 1936 554 1962 Dei
562 1943 647 1961 amen.
660 1935 755 1961 Sermo
773 1935 843 1962 inter

61 1969 110 2005 alia
125 1970 214 1997 estde
230 1970 348 1998 Sabellio
361 1971 504 2002 hmretico,
526 1970 571 2005 qui
587 1970 704 2005 surrexit
721 1974 842 2005 tempolc

60 2003 175 2032 'l'beome
206 2006 405 2041 archiepiscopi
439 2003 648 2039 pr:cdecessoris
685 2003 784 2041 l’etrii‘
808 2006 842 2033 de

59 2041 250 2074 persecutione
264 2039 315 2068 sub
329 2039 506 2071 Diocletiano,
520 2047 573 2074 qua
584 2041 690 2074 vigente
708 2039 735 2066 in
754 2039 841 2067 Meso-

58 2076 205 2109 potatniam
220 2076 334 2103 secessit
346 2076 441 2103 Petrus
452 2076 597 2102 comitibus
607 2074 711 2109 Achilla
722 2079 747 2101 et
759 2075 839 2109 hujus

57 2108 172 2138 encomii
190 2115 320 2144 auctore;
332 2111 365 2138 de
377 2111 478 2139 Melitio
489 2111 617 2145 episcopo
632 2108 836 2144 Lycopolitano,

56 2146 99 2179 qui
115 2147 230 2174 absente
249 2145 329 2173 Petro
344 2147 442 2173 invasit
458 2144 590 2172 thronum
600 2144 780 2176 Alexandriae,
791 2145 838 2172 sed

55 2184 148 2214 postea
165 2182 201 2208 ab
218 2190 252 2209 eo
273 2181 300 2208 in
314 2180 459 2216 .Egyptum
474 2187 584 2208 reverso
609 2180 703 2216 pulsus
719 2180 838 2216 est;_Ade

54 2216 117 2243 Ario
133 2217 297 2251 presbytero
317 2214 486 2251 qui's'eeutus
498 2223 617 2243 errorem
631 2214 755 2249 Origenis
766 2214 837 2242 affir-

55 2251 137 2277 mavit
151 2251 253 2279 Filium
271 2251 318 2279 Dei
331 2259 392 2279 esse
407 2255 571 2278 creaturam.

87 2285 265 2321 Subscriptio
280 2287 306 2314 in
322 2287 374 2314 fine
391 2296 397 2314 :
415 2286 526 2313 Domine
537 2306 543 2318 ,
568 2285 691 2312 miserere
713 2285 780 2312 servi
799 2286 837 2312 lui

53 2319 158 2348 diaconi
175 2319 306 2348 (Sabrielis
321 2321 432 2349 Cosmdz.
448 2322 539 2348 Amen.

86 2356 116 2383 ll.
141 2356 209 2383 Cod.
228 2357 294 2388 XV,
312 2364 344 2383 ex
362 2357 415 2384 vol.
432 2356 519 2383 Vatic.
539 2363 604 2382 Lm.
625 2354 787 2388 Martyrium
803 2354 832 2381 S.

54 2390 125 2418 Petri
148 2392 339 2425 archiepiscopi
359 2392 549 2422 Aleiandrini,
577 2391 621 2424 qui
644 2390 835 2425 consummavit

54 2433 182 2453 certamen
203 2435 282 2453 suum
305 2424 424 2453 sanctum
449 2428 491 2453 die
506 2427 540 2452 29
559 2426 654 2452 mensis
680 2425 771 2451 Alltor.
801 2424 834 2451 lit

53 2470 111 2495 pare
130 2461 188 2489 Dei.
204 2462 224 2488 Α
231 2471 298 2488 men.

85 2496 284 2530 Argumentum
302 2496 357 2524 fere
373 2496 423 2523 hoc
442 2499 502 2523 est:
516 2495 593 2522 Anno
613 2493 771 2521 Diocletiani
785 2502 831 2521 xix

54 2532 165 2559 excitata
178 2536 222 2559 est
239 2533 334 2566 ingens
352 2531 508 2566 persecutio
518 2550 524 2559 .
536 2535 562 2557 et
577 2530 677 2556 tribuni
692 2534 719 2566 et
735 2530 830 2563 praesi-

53 2566 97 2594 des
111 2567 145 2593 ad
161 2567 187 2593 id
202 2565 427 2594 constituti’sunt
445 2567 471 2592 in
483 2566 610 2592 omnibus
627 2565 785 2600 provinciis,
802 2568 830 2591 et

54 2601 77 2627 in
86 2601 204 2636 {Egyplo
219 2601 378 2629 aThebaide
393 2604 589 2636 magnaiusque
603 2601 635 2626 ad
650 2599 751 2634 Libyen
769 2606 829 2636 qua:

53 2635 196 2671 porrigitur
211 2637 244 2663 ad
268 2642 353 2671 usque
369 2636 472 2671 Leptin.
492 2635 642 2671 immensus
663 2635 828 2671 antem_fuit

52 2668 198 2700 inartvrum
221 2668 352 2699 numerus
366 2672 393 2698 in
407 2668 499 2698 'Afriea
512 2674 540 2710 et
550 2669 729 2709 Mauretania,
742 2668 826 2729 {Egy-

53 2711 102 2729 ma.
119 2701 272 2729 ’l‘tmha‘idn,
292 2706 412 2729 Cvl‘enn.
424 2705 568 2729 Palmstma
586 2710 612 2729 et
629 2704 778 2729 Phoemeia.
809 2711 826 2729 n

53 2711 102 2767 ἔω,
119 2701 274 2737 Thebaide.
292 2706 413 2742 Cyrene.
424 2705 568 2746 Palaestina
586 2710 612 2732 et
629 2701 826 2744 Phoeniciaﬂn

69 2742 89 2767 is
113 2741 231 2767 Petrus.
257 2749 370 2767 manuus
394 2742 613 2767 archiepiscoous
638 2739 825 2767 Alexandriae.

69 2742 89 2768 is
107 2741 213 2778 Petrus
224 2762 231 2772 ,
257 2739 382 2778 magnus
394 2741 613 2775 archiepiscopus
638 2739 825 2778 Alexandriae,

53 2777 92 2807 eui
106 2777 132 2804 in
146 2784 258 2804 carcere
274 2774 414 2807 praedixit.
437 2774 630 2805 successurum
651 2774 704 2802 sibi
723 2774 826 2802 essein

911 1200 1043 1228 surgens,
1080 1195 1237 1220 sanctarum
1268 1193 1351 1221 radiis
1384 1193 1516 1220 virtutum
1550 1196 1692 1230 emicans,

909 1245 999 1265 arcem
1012 1237 1073 1265 fidei
1087 1237 1354 1272 magnificentissime
1371 1238 1549 1274 gubernabat.
1575 1240 1604 1267 In
1616 1240 1691 1269 Scri-

908 1283 996 1318 pturis
1020 1291 1084 1310 vero
1107 1283 1208 1311 divinis
1235 1283 1357 1318 priorum
1372 1283 1475 1310 nullius
1500 1284 1630 1318 inferior,
1656 1286 1690 1314 ad

907 1329 1036 1357 Ecclesia
1058 1329 1203 1356 utilitatem
1219 1333 1302 1364 atque
1324 1329 1533 1357 instructionem
1561 1331 1690 1358 nobiliter

907 1375 1070 1408 insistebat;
1086 1375 1230 1410 prudentia
1241 1383 1351 1410 quoque
1369 1375 1528 1410 singularis,
1545 1380 1571 1404 et
1585 1377 1613 1404 in
1629 1385 1690 1404 om-

906 1422 987 1449 nibus
1006 1421 1162 1457 pcrfectus,
1180 1429 1242 1449 vere
1259 1421 1387 1449 sacerdos
1404 1425 1431 1449 et
1448 1420 1537 1449 hostia
1551 1421 1611 1456 Dei,
1624 1430 1688 1458 erga

903 1509 1003 1536 throno
1013 1509 1146 1537 Achillam
1163 1513 1190 1538 et
1203 1514 1265 1545 post
1276 1510 1348 1538 hunc
1363 1510 1546 1538 Alexandrum
1559 1520 1565 1544 ;
1591 1511 1686 1539 Arium

903 1548 993 1580 autem
1009 1545 1121 1580 impium
1146 1546 1394 1573 anathematizavit.
1417 1546 1644 1573 Commemoravit
1657 1547 1685 1573 et

902 1578 1001 1621 fratres
1010 1578 1167 1621 episcopos,
1183 1579 1277 1621 Phylel
1292 1582 1319 1620 '_et
1334 1580 1515 1621 Hesychimn,
1522 1585 1552 1620 et
1560 1580 1684 1621 Pabhom

901 1618 928 1641 et
949 1614 1135 1646 Theodorum,
1153 1615 1200 1650 qui
1226 1614 1254 1642 in
1276 1614 1396 1642 vincula"
1412 1615 1528 1649 conjecti
1558 1615 1683 1648 fuerant,

901 1656 955 1684 quo
969 1653 1091 1684 tempore
1107 1650 1166 1685 ipse
1181 1650 1279 1678 absens
1301 1654 1360 1677 erat
1381 1651 1410 1677 in
1426 1650 1636 1685 Mesopotamia,
1656 1655 1683 1678 et

899 1685 1024 1720 martyrii
1037 1692 1166 1712 coronam
1182 1689 1345 1720 acceperant
1359 1693 1412 1712 una
1429 1693 1490 1712 cum
1501 1685 1609 1712 clericis
1620 1685 1682 1719 plus

899 1726 977 1746 acu.
995 1719 1124 1746 Hortalus
1137 1719 1302 1754 quoque’est
1315 1727 1389 1752 suos,
1407 1721 1437 1747 ut
1452 1724 1580 1747 caverent
1594 1727 1609 1747 a
1623 1720 1680 1747 Me-

900 1754 957 1790 litio
967 1754 1160 1790 Lycopolitano
1178 1754 1546 1790 quilacerabatEcclesiam
1562 1759 1590 1781 et
1611 1755 1680 1782 insi-

899 1789 958 1816 dias
970 1790 1093 1816 struebat
1108 1790 1196 1817 bonis.
1213 1789 1233 1815 E
1246 1797 1357 1817 carcere
1371 1789 1470 1817 ductus
1481 1793 1522 1816 est
1537 1789 1633 1817 Petrus
1650 1790 1678 1818 in

858 1817 880 1846 C
895 1824 984 1850 locum
1005 1832 1086 1859 quem
1112 1828 1209 1851 vocant
1230 1824 1409 1858 Bucolorum,
1438 1824 1484 1851 ubi
1512 1824 1541 1853 S.
1562 1823 1679 1859 Marcus

894 1858 1059 1894 evangelista
1077 1866 1173 1894 passus
1187 1863 1256 1887 erat.
1272 1859 1301 1886 ln
1316 1860 1412 1887 itinere
1431 1859 1538 1886 obviam
1557 1858 1620 1886 facti
1635 1867 1677 1887 se-

893 1901 944 1930 nex
960 1893 1094 1930 etanus;
1107 1902 1121 1920 a
1142 1898 1233 1922 castro
1257 1895 1288 1921 ad
1311 1894 1440 1930 oppidum
1462 1893 1677 1930 descendentes,

893 1929 1051 1964 obtulerunt
1072 1929 1095 1956 ei
1113 1930 1207 1964 pellem
1225 1929 1442 1964 quadrangulam
1460 1933 1487 1955 et
1506 1929 1674 1964 sindonium.

892 1963 1039 1999 Postquam
1056 1969 1145 1991 autem
1157 1963 1269 1991 ventum
1283 1963 1486 1999 essetamplins
1502 1963 1535 1990 ad
1548 1967 1674 1990 austrum

891 1999 919 2025 in
934 1997 1022 2026 locum
1044 1999 1166 2034 martyrii
1183 1999 1211 2026 S.
1231 1999 1332 2032 Marci,
1358 1999 1385 2026 in
1407 1997 1474 2026 ualle
1498 2002 1621 2034 porrecta
1642 1999 1674 2026 ad

890 2034 1029 2068 planitiem
1051 2037 1256 2068 sepulcrorum,
1289 2035 1392 2061 tribuni
1421 2033 1506 2060 recidi
1531 2033 1674 2067 jusserunt

890 2073 971 2104 caput
986 2069 1069 2096 Petri.
1083 2069 1160 2102 Quod
1177 2069 1223 2096 ubi
1241 2070 1351 2096 rescivit
1366 2069 1482 2104 populus
1493 2089 1500 2100 ,
1513 2068 1617 2104 scilicet
1629 2076 1674 2095 ar-

890 2104 1090 2138 chiepiscopum
1120 2107 1255 2131 nocturno
1280 2103 1409 2138 tempore
1427 2107 1453 2130 et
1473 2103 1619 2131 remotiore
1646 2104 1672 2131 in

889 2139 950 2166 loco
965 2139 1148 2168 interfectum.
1165 2147 1270 2173 magum
1282 2140 1368 2166 turbae
1383 2142 1537 2166 nataa'sunl.
1550 2138 1672 2165 Conten-

888 2174 927 2201 tio
940 2175 1020 2202 etiam
1041 2178 1101 2201 orta
1119 2178 1160 2201 est
1177 2174 1203 2200 in
1221 2175 1321 2209 popqu
1337 2174 1370 2201 de
1381 2178 1498 2209 corpore
1511 2173 1569 2207 ejus
1581 2193 1588 2205 ,
1605 2174 1671 2200 dum

889 2210 933 2236 alii
950 2209 1062 2243 sepelire
1080 2209 1179 2236 vellent
1196 2210 1223 2235 in
1236 2208 1352 2236 eeclesia
1367 2208 1495 2241 Theonaa,
1511 2209 1556 2234 alii
1570 2208 1668 2235 inloco

889 2243 918 2271 S.
944 2244 1034 2271 Marco
1064 2247 1234 2271 consecrato.
1258 2244 1390 2271 Proceres
1417 2247 1506 2270 autem
1533 2243 1668 2274 civitatis,

887 2280 1017 2306 senatorii
1035 2279 1157 2306 homines
1174 2286 1207 2306 ex
1220 2278 1336 2310 Dromo,
1353 2278 1431 2305 veriti
1443 2285 1477 2305 ne
1489 2277 1609 2304 oriretur
1626 2285 1668 2305 se-

886 2314 971 2347 ditio,
993 2322 1093 2349 corpus
1108 2314 1177 2348 pelle
1197 2314 1241 2339 illa
1259 2313 1418 2349 involutum
1428 2313 1626 2349 transtulerunt
1640 2312 1667 2339 in

885 2346 1181 2385 navigiumfsiqu—idem
1202 2349 1278 2375 locus
1292 2348 1360 2385 mari
1375 2347 1534 2385 adjacebat,
1551 2351 1578 2373 et
1594 2346 1667 2385 Pha-

885 2380 1136 2412 rum'circumveeti
1150 2384 1311 2418 appulerunt
1326 2383 1359 2410 ad
1375 2380 1462 2418 locum
1474 2381 1575 2418 dictum
1593 2380 1666 2418 Le‘u-_

885 2425 969 2450 cates,
987 2420 1022 2446 ibi
1035 2416 1218 2455 deposuerunt
1229 2419 1258 2455 in
1276 2417 1444 2449 cmmeterio,
1456 2416 1528 2455 quod
1542 2416 1599 2455 ipse
1614 2416 1664 2455 sibi

886 2451 1077 2481 construxerat
1094 2455 1120 2480 in
1141 2453 1272 2480 suburbio
1287 2460 1302 2479 a
1323 2456 1400 2487 parte
1418 2451 1581 2487 occidentali
1597 2451 1664 2477 civi-

849 2484 871 2511 D
886 2491 958 2518 tatis.
983 2489 1036 2516 Sed
1060 2489 1176 2524 populus
1202 2496 1256 2524 non
1277 2484 1403 2524 permisit
1424 2489 1462 2524 ut_
1482 2486 1641 2524 sepeliretur
1655 2505 1662 2517 ,

884 2530 1028 2559 anu-quam
1046 2520 1186 2560 primi-tuum
1202 2520 1382 2560 collocassent
1397 2521 1425 2548 in
1443 2520 1542 2560 throno
1556 2520 1663 2560 episeo-

883 2560 935 2596 pali
952 2555 978 2586 in
996 2557 1389 2596 ecclesia,_clero__comitaute,
1401 2563 1456 2596 quo
1473 2555 1546 2582 facto
1565 2555 1662 2589 sepeli-

882 2591 981 2622 verunt
994 2601 1055 2620 eum
1073 2593 1100 2619 in
1111 2592 1244 2620 sindoniis
1263 2596 1290 2619 et
1305 2591 1466 2618 holosericis
1479 2598 1541 2618 cum
1555 2597 1662 2616 aroma-

882 2630 964 2658 libus.
982 2628 1059 2656 Ευιτ.
1073 2627 1158 2654 Pun.

917 2664 954 2700 (b)
981 2663 1056 2700 Apud
1079 2662 1188 2700 Eusebii
1212 2661 1390 2700 Chronicum,
1408 2661 1436 2687 in
1456 2663 1572 2700 utraque
1600 2665 1661 2700 mea

881 2693 1012 2728 editione'
1026 2697 1219 2725 Med‘iolanensi
1246 2703 1279 2724 ac
1298 2696 1420 2723 Romana
1432 2715 1439 2728 ,
1462 2694 1495 2721 ad
1520 2694 1592 2721 hunc
1606 2693 1662 2720 fere

881 2742 981 2762 annum
992 2741 1045 2761 non
1059 2733 1148 2761 obitus
1157 2752 1164 2765 ,
1179 2732 1226 2760 sed
1240 2732 1347 2760 initium
1359 2731 1532 2766 episcopatus
1544 2728 1661 2757 Thoona

880 2770 981 2798 referta
986 2777 1006 2796 r.
