1909 3069
243 101 297 129 ιδδ

751 98 779 127 S.
796 96 897 126 PETRI
913 96 1147 125 ALEXANDRINI
1167 93 1319 125 EPISCOPi

1802 98 1857 125 456

244 163 350 184 omnem
366 156 510 184 sacerdotii
527 163 620 183 curam
636 155 733 183 diebus
750 163 782 183 ac
807 156 934 183 noctibus
949 155 1020 191 vigi-
1036 162 1059 186 Α
1073 155 1170 186 illuxit,
1183 158 1376 190 coeperuntque
1391 154 1482 181 ﬁdeles
1497 154 1531 181 ad
1548 158 1695 190 martyrum
1708 155 1857 182 memorias

245 202 332 229 linter
343 201 504 229 desudabat.

280 247 332 274 Sed
348 247 411 281 quia
425 254 531 282 semper
543 246 602 274 zelo
620 246 772 281 percutitur
786 247 889 279 virtus,
907 246 1022 273 feriunt-

242 300 295 327 que
309 299 430 320 summos
442 292 548 326 fulgura
562 295 684 323 montes,
699 291 859 318 aemulorum
873 291 936 318 hinc
959 291 1022 318 inde

242 337 407 364 multifarios
425 336 579 371 patiebatur
594 335 747 363 conﬂictus.
759 335 828 370 Quid
838 335 936 370 plura?
952 343 1021 369 pene

241 382 315 408 omni
327 386 446 416 tempore
459 382 521 408 vita:
546 388 601 408 suae
616 381 643 408 in
659 381 847 415 persecutione
863 381 944 416 degit.
969 380 1021 408 0r-

241 426 344 454 dinavit
363 427 464 454 interea
479 427 675 462 quinquaginta
693 429 719 453 et
733 426 852 460 quinque
865 425 1019 460 episcopos.

241 471 364 500 Meletius
390 473 524 507 denique,
551 473 661 499 nomine
679 476 706 499 et
724 475 813 498 mente
833 471 996 506 nigerrimus
1011 491 1018 504 ,

240 517 312 553 apud
328 518 546 553 Lycopolitanam
559 518 653 545 urbem
668 517 860 544 schismaticus
876 517 964 544 factus
979 522 1021 545 est

239 563 355 598 prazsul;
370 563 453 589 multa
463 563 577 597 quidem
593 567 687 590 contra
700 569 833 589 canonum
847 569 928 597 agens
941 570 1020 597 regu-

239 608 304 641 lam,
323 615 511 643 superansquc
526 608 608 635 etiam
626 613 802 636 cruentorum
818 609 933 635 militum
955 608 1020 639 feri-

239 657 333 685 tatem,
341 654 388 688 qui
400 653 428 680 in
437 653 542 681 Domini
556 655 682 689 passione
691 655 768 682 veriti
778 659 842 682 sunt
851 654 1018 682 Dominicam

238 699 363 727 scindere
374 699 510 732 tunicam;
534 701 601 728 adeo
624 701 721 728 laxatis
737 701 849 727 insaniae
861 701 1019 736 raptabatur

239 744 362 777 habenis,
372 749 400 771 ut
409 746 570 773 catholicam
583 746 711 774 scindens
724 746 891 778 Ecelesiam,
907 755 962 774 non
974 754 1020 774 so-

238 790 293 817 lum
306 798 354 826 per
367 791 489 818 civitates
501 791 620 826 ngypti,
637 792 684 820 sed
699 793 779 820 etiam
794 800 842 827 per
854 793 935 820 villas
946 793 1016 826 ejus,

238 844 303 864 suos
317 844 446 872 sequaces
457 838 595 865 ordinaret
610 839 754 874 episcopos
764 859 772 872 ,
784 843 811 866 et
830 839 895 866 nihil
910 840 934 867 ei
947 847 1019 866 cura:

238 882 272 910 de
287 882 367 910 Petro
379 886 446 914 erat,
458 883 511 910 imo
527 892 576 910 nec
591 884 624 911 de
635 884 745 912 Christo
756 885 802 920 qui
813 889 872 912 erat
886 885 913 912 in
926 885 1017 912 Petro.

240 929 308 957 Huic
321 931 448 966 praefatus
462 930 542 958 Arius
560 931 648 958 adhuc
665 931 751 958 laicus
762 931 932 963 adhaerebat,
954 938 1019 958 nec-

239 975 303 1003 dum
321 977 439 1003 clericali
456 981 568 1004 tonsura
583 980 692 1004 notatus
703 997 710 1009 ,
726 982 837 1012 eratque
851 977 889 1004 illi
905 976 1019 1011 ejusque

238 1022 329 1049 domui
343 1023 486 1050 admodum
501 1024 619 1056 charus;
635 1031 685 1050 nec
701 1024 854 1050 immerito:
868 1031 948 1050 omne
960 1024 1018 1050 ani-

239 1067 303 1099 mal,
321 1071 350 1095 ut
365 1069 402 1095 ait
419 1067 570 1104 Scriplura,
585 1069 673 1096 simile
689 1068 740 1096 sibi
753 1068 849 1104 diligit.
866 1068 914 1096 His
927 1073 1018 1096 autem

237 1114 352 1149 cognitis
365 1133 372 1146 ,
393 1114 435 1141 vir
450 1114 556 1141 Domini
570 1122 686 1142 mmrore
705 1114 847 1142 confectus
867 1114 938 1141 hanc
955 1122 1018 1150 per-

237 1160 404 1188 secutionem
429 1160 518 1188 aiebat
544 1161 664 1195 pejorem
684 1168 745 1188 esse
772 1161 872 1195 priore.
899 1160 932 1187 Et
955 1161 1018 1188 licet

235 1206 397 1242 quibusdam
414 1207 526 1234 latebris
541 1208 692 1234 absconsus
703 1227 710 1238 ,
728 1210 817 1233 tamen
843 1213 892 1240 pro
913 1206 1017 1234 viribus

236 1252 436 1280 exhortatorios
452 1253 551 1288 ubique
564 1252 683 1287 dirigens
698 1252 800 1286 apices,
813 1251 1017 1286 praedicansun

236 1297 364 1326 Ecclesia:
382 1299 513 1325 unitatem
525 1316 532 1329 ,
546 1297 689 1332 vegetabat
703 1304 751 1324 eos
763 1297 894 1325 adversus
906 1297 1017 1332 imperi-

235 1344 302 1372 tiam
319 1347 346 1371 et
358 1343 490 1371 nefariam
507 1343 606 1370 Meletii
621 1343 812 1370 temeritatem.
824 1342 901 1370 Unde
913 1342 1016 1371 factum

237 1393 278 1417 est
294 1393 388 1416 utnon
406 1389 486 1424 pauci
501 1389 559 1423 ejus
576 1389 742 1416 salutaribus
758 1389 868 1417 monitis
886 1390 1014 1423 animati,

237 1442 253 1462 a
270 1434 413 1462 Meletiana
429 1434 601 1462 discederent
616 1434 762 1469 impietate.

272 1481 324 1509 Per
335 1481 403 1509 idem
417 1481 473 1508 fere
487 1485 593 1515 tempus
606 1480 697 1512 Arius,
707 1481 813 1516 viperea
826 1485 945 1508 armatus
959 1488 1016 1508 ver—
1028 1498 1049 1526 ε

239 1528 320 1561 sutia,
345 1527 423 1562 quasi
445 1527 573 1555 deserens
597 1527 754 1554 Meletianos
768 1526 891 1561 confugit
914 1526 947 1554 ad
966 1526 1016 1554 Pe-

236 1580 327 1606 trum,
353 1574 399 1609 qui
422 1577 533 1609 rogatus
558 1574 592 1600 ab
616 1573 751 1608 episcopis
778 1573 933 1600 sublimavit
954 1582 1015 1601 eum

236 1620 351 1647 diaconii
369 1621 479 1652 honore,
494 1619 619 1647 nesciens
633 1619 731 1654 quippe
746 1623 848 1646 tantam
860 1621 919 1654 ejus
931 1620 1017 1655 hypo-

235 1665 328 1692 msin.
346 1663 410 1691 Erat
421 1668 510 1691 autem
525 1668 611 1691 tnstar
624 1663 728 1690 colubri
741 1664 870 1699 pestifero
887 1665 1016 1693 suffectus

235 1715 349 1734 veneno.
375 1707 467 1743 Neque
493 1708 566 1734 enim
585 1707 738 1742 bujusmodi
765 1715 861 1736 manus
878 1708 1015 1744 impositio

235 1753 298 1780 huic
310 1757 404 1780 sancto
418 1754 445 1780 in
463 1754 565 1780 crimen
577 1754 699 1788 deputari
710 1754 807 1788 potuit,
825 1754 895 1781 sicut
907 1762 957 1781 nec
973 1754 1016 1781 Si-

235 1797 323 1824 monis
349 1797 453 1832 magica
482 1806 526 1825 ars
551 1798 678 1825 sinmlata
705 1798 850 1826 ascribitur
880 1798 1013 1834 Philippo.

235 1842 439 1870 lli-letianorum
458 1843 558 1870 interea
582 1843 739 1871 detestabile
752 1844 829 1872 nefas
852 1852 933 1880 supra
957 1852 1015 1872 mo—

234 1889 299 1916 dum
314 1889 464 1921 crescebat,
490 1897 647 1924 pavensque
670 1889 844 1917 beatissimus
868 1889 964 1917 Petrus
982 1899 1015 1918 ne

235 1934 359 1962 haeretica
375 1934 460 1969 pestis
476 1939 562 1961 totum
589 1935 640 1962 sibi
656 1935 787 1962 creditum
803 1936 941 1964 invaderet
953 1944 1014 1971 gre-

233 1987 303 2016 gem,
319 1980 452 2014 simulque
467 1980 556 2007 sciens
570 1981 642 2015 quod
669 1981 742 2008 nulla
758 1982 874 2009 societas
894 1986 936 2010 est
960 1983 1012 2009 luci

233 2033 295 2052 cum
312 2025 440 2056 tenebris,
456 2026 584 2060 nullaque
597 2026 742 2053 conecrdia
755 2026 864 2054 Christo
878 2031 904 2054 et
917 2027 1011 2060 Belial,

234 2069 391 2097 Meletianos
406 2069 440 2096 ab
453 2069 572 2097 Ecclesia
597 2079 644 2106 per
669 2072 773 2098 litteras
793 2073 952 2108 segregavit.
980 2073 1012 2100 Et

233 2114 296 2149 quia
315 2114 382 2140 mala
395 2114 520 2142 voluntas
538 2115 583 2142 diu
611 2117 741 2143 occultari
765 2125 819 2144 non
843 2118 923 2150 valet,
939 2118 1012 2145 illico

233 2159 443 2188 nefandissimus
457 2161 547 2193 Arius,
563 2165 703 2196 propterea
718 2162 788 2197 quod
805 2171 870 2190 suos
894 2163 1011 2190 fautores
1029 2175 1049 2201 ο

231 2203 266 2230 ab
292 2203 417 2232 Ecclesiae
442 2204 571 2239 dignitate
595 2211 718 2233 cerneret
745 2207 864 2239 divisos,
897 2208 1012 2234 tristitite

232 2249 401 2284 mancipatus
431 2251 564 2285 geiuebat.
593 2251 670 2284 Quod
696 2253 899 2279 sanctissimum
923 2254 1010 2280 virum

231 2294 343 2322 minime
361 2295 449 2322 latuit.
474 2295 614 2322 Denudata
638 2305 754 2332 namque
776 2298 835 2332 ejus
861 2299 1008 2333 hypocrisi,

233 2342 356 2375 protinus
383 2342 537 2377 evangelico
560 2346 639 2369 utens
662 2342 750 2374 ferro,
777 2343 807 2370 Si
834 2345 923 2370 oculus
949 2349 1009 2372 tuus

231 2383 320 2412 dexter
346 2385 511 2412 scandalizat
529 2390 562 2416 te,
585 2394 645 2412 erue
663 2394 722 2412 eum
745 2392 768 2412 et
786 2388 882 2422 prujice
906 2388 953 2416 ab:
975 2394 1007 2423 te,

231 2431 325 2458 Arium
351 2432 385 2458 ab
416 2431 544 2459 Ecclesia:
574 2439 719 2467 compage,
748 2437 840 2467 utpote
872 2434 1009 2468 putridum

231 2477 382 2504 membrum
400 2478 581 2510 detruncans,
603 2478 676 2505 foras
695 2479 798 2513 expulit
821 2482 848 2506 et
862 2487 876 2505 a
891 2480 1008 2508 fidelium

230 2523 420 2550 communione
436 2527 569 2550 extorrem
580 2530 641 2549 esse
652 2522 798 2551 mandavit.

267 2566 314 2594 llis
328 2569 364 2594 ita
390 2570 483 2602 gestis.
502 2568 592 2597 subito
609 2569 752 2595 admodum
778 2570 866 2597 ablata
881 2579 1008 2606 persecu-

230 2612 313 2640 tionis
326 2615 453 2648 procella,
468 2622 536 2649 pax,
566 2614 628 2641 licet
652 2615 758 2649 exigua,
785 2615 900 2644 refulsit.
931 2616 1008 2644 Tunc

231 2657 447 2693 elegantissimus
459 2659 564 2687 Domini
586 2658 705 2686 pontifex
733 2660 830 2694 populo
848 2661 1007 2689 nianifestus

266 2734 490 2772 {a)__ltectissime
525 2743 616 2764 noster
647 2737 721 2771 ponit
751 2736 820 2764 Petri
854 2739 1006 2772 passionem

232 2770 283 2807 sub
300 2769 462 2807 Maximino,
477 2779 529 2797 non
558 2773 608 2799 sub
630 2769 816 2802 Diocletiano,
843 2769 915 2807 quod
943 2774 1007 2800 facit

231 2801 340 2831 Oramus
366 2806 410 2832 ille
439 2806 603 2837 biogranhus
629 2815 644 2834 a
673 2801 835 2835 Combctisio
853 2801 1004 2837 'vulzatus.

1072 201 1231 228 catervatim
1259 208 1379 232 currere,
1397 205 1423 227 et
1442 200 1476 227 ad
1503 200 1605 227 Christi
1622 201 1727 227 laudem
1751 205 1855 228 emtum

1072 254 1250 282 congregare;
1263 254 1331 281 quos
1350 246 1448 273 divina!
1463 245 1529 281 legis
1548 246 1662 274 antistes
1677 247 1771 274 divino
1792 254 1857 273 ora-

1071 291 1133 318 culo
1151 290 1314 323 viviﬁcabat,
1330 290 1450 326 erigebat
1465 294 1546 325 atque
1561 290 1719 323 roborabat,
1749 299 1857 318 cresce-

1070 336 1170 371 batque
1193 336 1294 371 iugiter
1308 336 1335 363 in
1352 335 1473 363 Ecclesia
1502 336 1647 363 multitudo
1671 337 1854 364 credentium.

1072 381 1125 409 Sed
1140 382 1197 409 hzec
1220 389 1274 408 non
1300 381 1384 416 requis
1399 381 1485 408 oculis
1503 381 1548 409 ille
1563 382 1691 416 antiquus
1715 383 1855 416 aspiciens

1069 427 1195 454 humanae
1207 427 1303 454 salutis
1315 427 1402 454 hostis
1415 426 1486 453 haud
1499 427 1526 454 in
1538 428 1645 462 longum
1660 428 1774 462 quievit.
1784 427 1854 455 Nam

1070 474 1161 502 subito
1185 474 1348 508 paganitatis
1374 473 1453 500 turbo
1475 481 1507 500 ex
1529 474 1644 502 adverso
1671 475 1808 506 intonuit,
1827 479 1857 503 et

1070 526 1145 546 more
1162 518 1311 545 hibernalis
1322 517 1416 545 imbris
1430 517 1557 546 Ecclesiae
1568 519 1741 547 serenitatem
1754 527 1856 554 percu-

1070 564 1111 595 lit,
1125 572 1239 599 eamque
1253 564 1345 599 procul
1361 564 1473 599 fugavit.
1490 564 1542 592 Sed
1559 565 1610 592 hoc
1637 569 1666 592 ut
1679 566 1855 594 manifestius

1070 609 1181 644 intelligi
1197 609 1290 644 possit,
1302 611 1456 637 necessario
1471 611 1503 638 ad
1515 611 1667 645 impiissimi
1687 615 1714 638 et
1737 611 1793 638 Deo
1808 619 1853 639 re-

1069 653 1147 680 bellis
1162 653 1322 680 Diocletiani
1334 654 1513 686 atrocitatem.
1522 655 1677 690 pariterque
1691 654 1852 682 Maximiani

1069 698 1170 726 Galerii
1186 699 1350 727 reflectimus
1364 701 1518 734 articulum,
1542 701 1588 735 qui
1603 709 1635 728 eo
1651 705 1773 736 tempore
1787 709 1850 728 cum

1069 745 1124 773 filio
1140 753 1190 773 suo
1206 745 1351 773 Maximino
1375 746 1518 781 tyrannico
1531 746 1671 774 dominatu
1696 746 1852 774 Orientales

1069 791 1184 817 vexabat
1191 791 1324 826 regiones.

1104 834 1191 870 Hujus
1206 844 1322 871 namque
1346 837 1512 872 temporibus
1527 837 1555 864 in
1566 841 1670 864 tantum
1688 836 1852 865 Christiana:

1069 882 1265 916 persecutionis
1277 883 1408 910 aestuabat
1423 883 1589 915 incendium,
1603 886 1633 909 ut
1647 890 1701 909 non
1716 883 1806 910 solum
1823 883 1851 910 in

1068 936 1124 954 uno
1139 928 1231 955 mundi
1243 929 1360 962 climate,
1373 929 1419 956 sed
1431 929 1511 957 etiam
1525 936 1573 964 per
1586 929 1742 956 universum
1755 928 1851 956 orbem

1069 979 1142 1001 terra
1156 975 1277 1009 marique
1292 974 1439 1010 impietatis
1463 975 1581 1009 procella
1607 978 1720 1002 tonaret.
1736 974 1852 1001 Discur-

1067 1020 1190 1048 rentibus
1214 1021 1305 1056 itaque
1336 1021 1399 1048 hinc
1426 1021 1489 1048 inde
1517 1022 1702 1056 imperialibus
1735 1021 1850 1056 syllabis

1068 1070 1149 1101 atque
1163 1067 1361 1094 crudelissimis
1385 1067 1513 1099 decretis,
1530 1067 1698 1095 Christicolae
1712 1074 1788 1094 nunc
1803 1073 1852 1101 pa-

1068 1111 1121 1138 lam
1134 1119 1205 1139 nunc
1218 1111 1393 1140 clandestinis
1406 1113 1600 1148 jugutabantur
1614 1114 1737 1147 insidiis;
1756 1113 1850 1140 nullus

1067 1157 1139 1184 enim
1167 1157 1225 1185 dies
1248 1158 1377 1193 nullaque
1400 1167 1454 1186 nox
1481 1159 1516 1187 ab
1543 1160 1673 1187 elfusione
1698 1159 1849 1187 Christiani

1067 1204 1173 1231 cruoris
1187 1205 1320 1232 transibat
1335 1205 1472 1233 immunis.
1488 1205 1543 1234 Nec
1554 1211 1633 1242 typus
1648 1206 1849 1234 interfectionis

1067 1247 1194 1276 horrebat
1206 1249 1336 1285 simplex;
1354 1251 1398 1278 alii
1411 1251 1520 1286 quidem
1531 1252 1646 1279 diversis
1661 1255 1687 1279 et
1703 1252 1848 1280 acerrimis

1066 1294 1232 1322 necabantur
1248 1296 1404 1331 suppliciis;
1421 1297 1467 1324 alii
1479 1305 1551 1329 vero,
1564 1301 1593 1324 ut
1604 1298 1683 1325 etiam
1702 1303 1847 1332 parentum

1066 1338 1234 1368 humanitate
1258 1341 1400 1376 patriaque
1422 1347 1547 1370 carerent
1569 1343 1718 1378 sepultura,
1739 1343 1773 1370 ad
1795 1343 1848 1370 alia

1066 1385 1300 1414 transferebantur
1323 1387 1391 1421 loca,
1412 1389 1491 1416 novis
1513 1389 1676 1424 quibusdam
1700 1393 1727 1417 et
1747 1390 1848 1417 saeculo

1066 1429 1195 1458 inauditis
1220 1439 1362 1466 poenarum
1389 1434 1636 1463 machinationibus
1664 1435 1698 1462 ad
1721 1435 1847 1471 martyrii

1065 1477 1295 1511 compellebantur
1308 1482 1417 1506 metam.
1436 1479 1506 1507 Proh
1519 1480 1608 1508 nefas!
1627 1485 1701 1508 tanta
1713 1486 1773 1508 erat
1786 1482 1848 1509 illo-

1066 1528 1126 1548 rum
1141 1521 1280 1556 impietas,
1301 1527 1331 1550 ut
1345 1525 1426 1551 etiam
1444 1525 1527 1552 divini
1542 1526 1633 1553 cultus
1657 1527 1813 1554 sanctuaria
1830 1534 1846 1554 a

1065 1565 1248 1595 fundamentis
1261 1573 1422 1603 everterent,
1439 1576 1601 1606 sanctosque
1612 1572 1696 1600 libros
1710 1573 1766 1607 igni
1786 1580 1849 1601 cre-

1064 1617 1178 1640 marent.
1214 1612 1346 1642 Defuncto
1379 1616 1470 1651 itaque
1496 1618 1670 1645 exsecrabilis
1705 1619 1845 1646 memoria:

1064 1656 1241 1692 Diocletiano,
1253 1659 1448 1688 Constantinus
1467 1660 1552 1696 Major
1567 1662 1600 1689 ad
1616 1660 1690 1697 regni
1707 1663 1846 1697 guberna-

1064 1703 1125 1730 cula
1140 1704 1241 1733 electus
1255 1709 1306 1737 est,
1321 1712 1348 1733 et
1370 1706 1496 1742 Occiduis
1524 1708 1648 1742 partibus
1673 1709 1845 1744 principatus

1064 1748 1106 1775 sui
1123 1750 1203 1782 coepit
1213 1750 1347 1777 moderari
1369 1751 1498 1779 habenas.

1098 1793 1145 1821 His
1168 1794 1288 1829 profecto
1303 1796 1399 1824 diebus
1420 1796 1566 1825 Maximino
1581 1798 1618 1833 (α)
1638 1805 1654 1824 a
1677 1798 1844 1833 quibusdam

1063 1840 1096 1867 de
1117 1840 1229 1875 prmfato
1255 1842 1460 1878 archiepiscopo
1491 1844 1606 1871 relatum
1637 1848 1690 1876 est,
1716 1845 1845 1873 videlicet

1063 1887 1134 1921 quod
1155 1887 1212 1922 ipse
1228 1887 1439 1916 Christianitatis
1453 1889 1507 1916 dux
1520 1893 1601 1925 atque
1616 1890 1728 1925 signifer
1748 1895 1842 1924 esset;

1063 1932 1109 1966 qui
1129 1933 1208 1960 solita
1232 1932 1414 1961 inflammatus
1440 1934 1578 1968 nequitia,
1593 1943 1608 1962 e
1623 1934 1737 1969 vestigio
1760 1935 1844 1969 jussit

1062 1978 1254 2013 comprehendi
1269 1978 1378 2005 Petrum
1392 1984 1418 2006 et
1433 1979 1459 2005 in
1474 1988 1609 2007 carcerem
1624 1980 1739 2008 retrudi.
1756 1982 1843 2013 Quam

1062 2024 1098 2051 ob
1113 2031 1168 2051 rem
1182 2025 1301 2059 quinque
1315 2025 1438 2052 tribunos
1450 2026 1566 2061 stipatos
1583 2026 1698 2053 militum
1724 2027 1844 2054 catervis

1062 2070 1251 2097 Alexandriam
1268 2071 1431 2105 destinavit;
1458 2073 1503 2107 qui
1518 2073 1657 2100 venientes
1676 2073 1756 2107 juxta
1770 2073 1842 2108 quod

1062 2117 1113 2144 sibi
1127 2117 1213 2144 fuerat
1226 2118 1397 2151 imperatum.
1414 2119 1503 2146 subito
1517 2119 1651 2154 rapientes
1661 2119 1763 2146 Christi
1776 2127 1843 2154 pon-

1062 2162 1160 2190 tificem
1176 2163 1294 2191 carceris
1309 2164 1438 2191 custodia:
1462 2165 1661 2199 manciparunt.
1690 2164 1759 2192 Mira
1775 2165 1842 2192 lide-

1062 2208 1126 2234 lium
1141 2208 1264 2236 devotio!
1282 2209 1331 2236 Ubi
1351 2213 1518 2245 compertum
1539 2214 1580 2238 est
1602 2211 1674 2245 quod
1694 2215 1787 2238 tantus
1802 2211 1843 2238 vir

1061 2253 1245 2281 carceralibus
1261 2255 1432 2282 clauderetur
1446 2256 1600 2290 ergastulis,
1617 2257 1737 2283 cucurrit
1759 2265 1840 2291 supra

1061 2299 1171 2326 modum
1186 2300 1353 2328 incredibilis
1365 2301 1525 2333 multitudo,
1543 2302 1676 2337 praecipue
1689 2303 1840 2330 monacho-

1060 2353 1120 2372 rum
1140 2353 1171 2373 ac
1186 2347 1320 2381 virginum
1334 2347 1444 2380 chorus,
1470 2352 1496 2375 et
1513 2357 1567 2376 non
1595 2349 1783 2376 materialibus
1798 2358 1842 2376 ar~

1060 2393 1122 2424 mis,
1139 2393 1186 2420 sed
1211 2393 1390 2428 laorymarum
1407 2394 1502 2422 rivulis
1518 2399 1545 2422 et
1558 2395 1608 2429 pia:
1625 2396 1722 2422 mentis
1742 2395 1841 2423 affectu

1059 2437 1297 2465 circumdederunt
1327 2440 1445 2468 carceris
1475 2441 1625 2473 ambitum,
1654 2445 1681 2468 et
1710 2445 1838 2477 tanquam

1059 2483 1124 2511 boni
1136 2484 1183 2510 filii
1197 2491 1260 2518 erga
1275 2484 1373 2511 bonum
1389 2489 1503 2520 patrem,
1519 2486 1572 2513 imo
1585 2486 1738 2514 Christiana
1754 2495 1839 2514 mem-

1059 2529 1107 2555 bra
1129 2529 1362 2558 Christianissimo
1388 2531 1489 2565 capiti,
1523 2532 1585 2559 totis
1616 2533 1837 2567 compassionum

1058 2574 1207 2601 visceribus
1223 2575 1403 2606 adhaerebant,
1420 2580 1550 2611 erantque
1567 2577 1603 2604 illi
1620 2585 1724 2609 murus,
1741 2578 1837 2606 obser-

1060 2624 1153 2647 vantes
1168 2628 1201 2647 ne
1212 2621 1273 2655 quis
1290 2628 1455 2656 paganorum
1472 2622 1504 2648 ad
1521 2630 1581 2649 eum
1602 2622 1771 2658 ingrediendi
1791 2631 1837 2650 co—

1059 2665 1130 2700 piam
1150 2666 1269 2694 haberet.
1301 2666 1360 2694 Una
1389 2667 1517 2695 nimirum
1537 2668 1657 2695 omnium
1673 2672 1746 2700 vota,
1771 2676 1834 2696 con-

1058 2752 1111 2779 quo
1139 2744 1198 2805 lot‘o
1226 2745 1322 2772 doctus
1350 2745 1438 2774 editor
1470 2754 1495 2781 p.
1526 2746 1579 2773 222
1609 2754 1731 2774 errorem
1765 2747 1835 2775 hunc

1058 2787 1167 2805 εοτπαιιι
1183 2799 1188 2805 .

1058 2787 1188 2814 εοτιῐειιιι.
