1909 3069
65 129 109 159 ιδτ
733 126 824 157 ACTA
844 134 845 154 ἒ

899 128 985 157 CERA
992 149 998 156 .

1625 123 1676 153 458

63 196 125 216 sons
139 196 202 220 vox,
218 186 372 223 eademque
392 188 555 224 eompassio,
571 187 639 215 mori
653 187 744 223 potius
766 194 846 222 quam
861 189 884 218 Δ
896 195 943 215 eos
959 197 966 215 :
984 186 1070 214 Nolite
1086 194 1140 218 me,
1165 186 1273 219 fratres,
1288 189 1416 221 tanquam
1442 183 1619 213 inhumanum
1647 192 1678 212 ac

63 238 184 262 sanctum
203 234 348 270 quidpiam
366 234 430 261 mali
456 235 558 269 perpeti
587 235 710 262 viderent
732 236 781 268 (α).
799 233 847 261 Vir

62 285 150 308 autem
163 279 271 307 Domini
291 287 354 307 cum
369 287 471 314 paucos
486 280 543 308 dies
561 280 656 308 eodem
672 288 756 308 nervo
772 284 847 307 tene-

62 330 134 354 retur
145 330 282 360 retrosus,
301 327 403 355 tribuni
432 327 554 354 fecerunt
577 327 610 354 de
637 327 696 362 ipso
710 326 766 362 regi
781 334 846 361 sug-

61 373 225 408 gestionem;
236 373 283 401 ille
305 378 397 401 autem
411 373 488 408 juxta
506 380 608 400 morem
626 380 681 400 suae
698 372 847 400 ferocitatis

61 419 208 446 destinavit
221 419 397 451 sententiam,
418 423 448 445 ut
466 418 652 446 beatissimum
665 418 846 453 patriarcham

61 465 169 499 capitali
197 465 328 499 punirent
345 464 510 492 discrimine.
537 463 622 492 Porro
644 464 708 491 dum
726 464 778 491 hoc
798 471 848 499 per

61 518 139 538 aures
164 509 387 538 Christianorum
419 514 556 545 serperet,
586 513 728 545 cmperunt
752 517 847 537 omnes

62 556 228 582 unanimiter
248 555 370 583 careeris
392 555 494 583 aditum
520 563 582 582 cum
600 556 672 583 luctu
694 560 722 583 et
746 555 846 590 gemitu

62 601 213 633 custodire,
239 607 265 628 et
278 602 445 629 obsistentes
462 602 595 629 neminem
611 602 751 637 gentilium
771 602 846 629 illum

61 646 164 681 ingredi
195 647 398 681 permittebant.
418 646 530 673 Tribuni
557 654 620 673 vero
647 654 709 673 cum
734 646 767 674 ad
784 654 846 673 eum

59 692 239 728 iugulandum
266 693 421 720 nullatenus
443 693 573 720 haberent
599 693 769 727 ingressum,
795 692 846 719 ha-

60 738 114 766 bito
129 739 247 766 consilio
270 742 426 766 statuerunt
452 742 481 765 ut
507 739 597 765 cuncti
617 738 716 765 milites
738 737 847 765 nudatis

61 785 238 811 mucronibus
268 784 426 819 popularem
455 785 636 819 irrumperent
667 783 794 814 turbam,
820 785 847 809 et

65 831 104 856 sic
123 837 187 857 eum
208 830 341 857 duntaxat
360 830 393 857 ad
412 830 600 858 decollandum
625 829 696 856 foras
721 828 846 856 extrahe-

60 879 140 909 rent;
156 883 221 902 mox
235 883 301 903 vero
315 875 338 903 si
354 876 415 910 quis
429 876 563 904 obsistere
582 876 678 909 vellet,
695 875 784 911 gladio
804 875 846 901 in-
862 866 883 894 Β

61 922 164 949 teriret.

94 968 177 996 Arius
190 969 293 996 interea
308 968 396 996 adhuc
413 967 522 996 levitico
540 971 643 994 tantum
657 967 759 994 honore
772 965 846 993 colo-

66 1018 142 1042 ratus
158 1014 209 1050 (lt),
224 1019 349 1042 metuens
363 1023 398 1042 ne
412 1019 473 1050 post
489 1015 592 1042 exitum
607 1013 675 1041 tanti
692 1011 781 1040 Patris
804 1019 846 1039 re-

62 1060 203 1088 conciliari
226 1061 383 1088 nullatenus
396 1061 512 1092 valeret,
529 1060 595 1087 adiit
617 1067 665 1086 eos
688 1059 734 1093 qui
761 1058 845 1085 nobi-

62 1107 144 1134 liores
168 1110 247 1133 erant
261 1107 289 1133 in
308 1107 392 1137 clero,
406 1111 433 1133 et
448 1107 572 1132 luctuoso
588 1104 712 1140 precario
727 1102 847 1130 blando-

61 1160 113 1187 que
135 1159 260 1179 sermone
287 1155 381 1187 utpote
411 1152 552 1179 simulator
574 1150 723 1177 conabatur
751 1152 846 1176 sancto

61 1199 176 1227 suadere
202 1199 406 1234 archiepiscopo
417 1218 424 1230 ,
453 1202 483 1224 ut
499 1198 537 1224 illi
555 1196 741 1224 misericordia
758 1195 846 1222 indul-

60 1250 143 1279 geret,
159 1253 277 1280 eumque
300 1245 335 1272 ab
350 1244 505 1280 huiusmodi
529 1243 646 1271 solveret
671 1241 844 1277 obligatione.

63 1290 161 1318 Verum
178 1292 244 1326 quid
260 1292 389 1319 simulato
402 1290 484 1318 corde
505 1289 647 1317 fallacius?
658 1288 728 1322 Quid
751 1292 846 1316 sancta

61 1337 258 1372 compositione
291 1337 466 1372 simplicius?
496 1336 571 1363 [laud
602 1342 702 1368 mora;
731 1334 846 1371 ingressi

62 1388 123 1410 sunt
142 1383 191 1418 qui
210 1384 296 1419 rogati
314 1383 422 1411 fuerant
442 1383 475 1410 ad
499 1382 600 1410 Christi
627 1381 796 1417 pontiﬁcem,
820 1384 846 1408 et

61 1433 121 1464 post
148 1434 308 1457 consuetam
335 1429 496 1461 orationem,
523 1428 689 1456 consternati
703 1427 764 1455 solo
783 1433 846 1454 cum

61 1476 160 1512 gemitu
175 1480 201 1502 et
216 1476 344 1511 laerymis
358 1483 451 1503 sacras
461 1475 520 1509 ejus
531 1475 720 1502 deosculantes
736 1480 844 1505 manus,

60 1521 220 1557 ﬂagitabant
243 1529 306 1548 eum
332 1522 452 1549 dicentes
468 1530 474 1549 :
491 1519 530 1548 Te
547 1520 673 1555 quidem,
689 1518 844 1546 beatissime

61 1566 153 1600 Pater,
185 1567 337 1594 secundum
367 1566 428 1593 iidei
458 1565 616 1601 dignitatem
648 1564 778 1591 Dominus
810 1562 843 1590 ad

61 1614 183 1649 martyrii
199 1620 328 1641 coronam
340 1612 547 1647 vocavit,quam
557 1615 583 1638 te
597 1611 712 1638 celerius
721 1609 844 1644 accipere

62 1667 231 1694 nequaquam
245 1658 418 1693 ambigimus.
435 1658 538 1685 idcirco
551 1657 656 1692 justum
671 1660 798 1691 putamus
815 1659 845 1682 ut

63 1705 140 1732 solita
166 1705 268 1740 pietate
284 1704 426 1739 indulgeas
443 1703 526 1736 Ario,
543 1703 658 1738 ejusque
678 1701 784 1730 ﬂetibus
800 1709 846 1728 ve-

62 1751 129 1778 niam
145 1751 264 1778 tribuas.

94 1795 200 1829 Quibus
233 1795 334 1824 auditis
365 1795 406 1822 vir
430 1795 536 1822 Domini
568 1801 630 1821 eum
657 1791 845 1828 indignatione

62 1842 196 1869 submovit
214 1849 273 1873 eos,
289 1845 317 1868 et
343 1841 455 1868 elevatis
476 1847 585 1868 sursum
608 1838 734 1866 manibus
749 1837 846 1865 excla—

62 1895 148 1919 mans,
159 1888 245 1915 dixit:
257 1886 311 1914 Pro
324 1887 389 1914 Ario
403 1894 446 1914 me
462 1886 566 1914 audetis
580 1884 750 1920 supplicare?
764 1884 845 1911 Arius

62 1937 86 1959 et
100 1933 144 1960 hic
158 1939 186 1960 et
203 1933 231 1960 in
248 1933 341 1960 futuro
367 1933 466 1960 saeculo
491 1939 505 1958 a
529 1932 615 1967 gloria
631 1930 692 1957 Filii
716 1928 764 1957 Dei
779 1928 845 1956 Jesu

61 1978 162 2006 Christi
181 1978 291 2006 Domini
310 1979 395 2006 nostri
411 1985 518 2012 semper
531 1978 583 2005 erit
600 1981 757 2012 segregatus
777 1983 847 2002 sem-

62 2031 160 2059 perque
174 2023 299 2051 manebit
321 2023 436 2051 extorris
452 2023 498 2058 (ε).
514 2021 576 2050 Haec
598 2022 643 2049 illo
665 2024 844 2056 protestante,

60 2078 153 2097 omnes
166 2069 217 2104 qui
231 2070 355 2101 aderant,
372 2069 469 2096 timore
484 2068 619 2103 perculsi,
633 2072 762 2101 tanquam
778 2066 846 2092 mliti

61 2117 221 2144 reticebant.
239 2115 325 2142 Porro
345 2115 476 2150 suspicati
496 2118 560 2142 sunt
581 2122 642 2141 eum
658 2121 712 2141 non
730 2112 789 2140 sine
807 2111 847 2138 di-

59 2163 121 2190 vino
146 2168 217 2190 nutu
244 2162 326 2189 talem
351 2163 379 2188 in
406 2161 500 2188 Arium
526 2159 648 2195 proferre
672 2158 844 2187 sententiam.

898 233 1014 268 rigidum
1032 233 1168 267 accipere;
1190 239 1285 259 revera
1307 231 1377 259 enim
1396 235 1422 259 et
1448 239 1498 267 ego
1520 231 1601 259 homo
1616 236 1678 258 sum

897 279 948 306 sub
960 279 1017 313 lege
1032 278 1134 313 peccati
1150 277 1263 312 degens;
1282 276 1329 304 sed
1345 276 1446 304 credite
1463 277 1530 304 meis
1547 276 1680 304 sermoni-

897 324 957 352 bus.
971 323 1069 351 Latens
1085 323 1142 350 Arii
1153 322 1231 350 dolus
1247 330 1353 350 omnem
1372 326 1481 356 superat
1494 322 1675 357 iniquitatem.

896 375 1058 402 omnemque
1074 366 1277 402 supergreditur
1293 366 1456 401 impietatem
1473 376 1480 399 ;
1511 371 1537 394 et
1553 367 1606 394 hoc
1622 374 1675 394 nou

897 420 912 440 a
927 413 1086 447 melnetipso
1103 420 1240 444 asserens,
1252 411 1312 446 ejus
1327 411 1429 438 sanciri
1452 411 1674 446 segregationem.

897 459 953 486 Hac
968 459 1068 486 etenim
1085 463 1165 487 nocte
1181 458 1245 486 dum
1266 457 1422 485 solemniter
1432 464 1526 491 preces
1544 456 1576 483 ad
1592 455 1674 483 Deum

897 505 1047 536 funderent,
1061 504 1146 532 astitit
1157 503 1222 530 mihi
1239 502 1349 537 quidam
1361 509 1428 536 puer
1439 501 1517 535 quasi
1533 500 1674 527 duodecim

896 556 1042 581 annorum,
1059 550 1138 584 cujus
1169 548 1246 576 faciei
1262 548 1412 575 claritatem
1444 546 1516 574 ferre
1537 554 1590 574 nou
1604 548 1677 581 pote-

896 604 964 629 ram,
982 603 1043 622 nam
1059 601 1115 622 tota
1130 595 1187 622 haec
1214 594 1283 621 cella
1299 594 1325 620 in
1345 601 1398 628 qua
1414 596 1519 621 stamus
1543 592 1675 619 immenso

896 642 998 669 lumine
1012 642 1146 669 radiabat.
1159 642 1216 676 Ipse
1234 644 1323 668 autem
1346 640 1513 666 linostimum
1529 643 1588 666 erat
1601 638 1678 665 indut

896 692 940 716 tus
953 688 1100 719 colobium.
1124 689 1240 715 scissum
1260 687 1287 714 in
1313 691 1403 722 partes
1422 690 1552 721 utrasque
1574 693 1589 712 a
1605 685 1676 713 collo

896 743 982 769 usque
999 735 1033 761 ad
1053 735 1146 769 pedes,
1169 738 1318 768 tenerisque
1334 732 1440 767 gemina
1466 739 1547 758 manu
1576 731 1675 759 colobii

896 780 1043 811 scissuras,
1069 778 1220 814 applieabat
1250 785 1296 806 eas
1319 777 1422 812 pectori
1449 785 1509 807 suo,
1543 781 1675 812 quatenus

897 826 1035 861 propriam
1051 829 1154 860 tegeret
1170 825 1329 852 nuditatem.
1345 824 1386 850 Ad
1404 824 1472 850 hanc
1484 823 1583 858 quippe
1595 823 1676 850 visio-

897 879 957 900 nem
975 879 1024 906 ego
1040 871 1154 899 miratus
1173 871 1311 906 obstupui.
1328 870 1388 897 Mox
1401 870 1445 897 ubi
1464 870 1525 896 data
1544 873 1586 896 est
1609 867 1676 895 mihi

896 917 1024 953 loquendi
1052 917 1160 948 ﬁducia,
1188 917 1345 944 exclamans
1366 916 1421 943 dixi
1439 925 1444 942 ε
1465 915 1593 948 Domine,
1614 914 1676 950 quis

895 964 945 991 tibi
969 964 1023 991 hoc
1049 963 1128 990 scidit
1158 962 1363 990 indumentum?
1386 962 1417 989 Et
1435 962 1479 989 ille
1499 970 1505 988 :
1530 961 1612 988 Arius
1633 966 1676 987 me

895 1009 987 1041 scidit,
1003 1009 1050 1036 sed
1068 1016 1188 1044 praecave
1211 1009 1321 1036 omnino
1333 1016 1368 1036 ne
1383 1015 1444 1036 eum
1461 1008 1488 1034 in
1501 1007 1676 1035 communio-

897 1063 960 1082 nem
976 1055 1109 1090 recipias;
1125 1062 1188 1082 ecce
1202 1055 1274 1082 enim
1289 1055 1408 1082 crastina
1423 1054 1467 1081 die
1481 1053 1588 1081 venturi
1611 1057 1677 1080 sunt

895 1101 941 1136 qui
959 1105 984 1129 te
1000 1109 1048 1136 pro
1072 1109 1104 1129 eo
1127 1101 1312 1136 postulabunt.
1328 1100 1395 1129 Vid‘e
1423 1108 1488 1136 ergo
1512 1107 1547 1127 ne
1578 1105 1675 1127 suasus

895 1147 1055 1182 acquiescas
1078 1147 1131 1174 illis
1149 1155 1155 1174 ε
1172 1147 1236 1181 quin
1251 1147 1341 1182 potius
1363 1146 1457 1181 jubeto
1473 1146 1585 1173 Achillae
1606 1145 1675 1180 pari-

897 1195 991 1226 terque
1000 1191 1153 1218 Alexandro
1164 1191 1340 1227 presbyteris,
1358 1191 1404 1226 qui
1424 1195 1484 1226 post
1499 1194 1575 1217 tuum
1585 1192 1676 1216 trans:

896 1236 961 1263 itum
981 1237 1080 1264 recturi
1103 1241 1166 1265 sunt
1182 1237 1330 1264 Ecclesiam
1345 1244 1443 1269 meam,
1457 1244 1491 1264 ne
1505 1237 1676 1271 aliquatenus

895 1283 971 1310 illum
998 1283 1140 1318 recipiant.
1173 1281 1214 1310 Tu
1245 1286 1333 1310 autem
1363 1282 1469 1310 futurus
1494 1289 1524 1310 es
1554 1281 1676 1317 martyrii

895 1331 996 1355 sortem
1027 1328 1148 1355 velocius
1176 1327 1295 1362 explere.
1327 1326 1413 1362 lluju‘s
1445 1331 1534 1354 autem
1562 1327 1676 1354 visionis

895 1381 979 1401 causa
1005 1374 1043 1400 nil
1062 1373 1178 1408 amplius
1201 1373 1261 1400 fuit.
1286 1372 1355 1400 Ecce
1382 1372 1500 1400 satisfeci
1529 1372 1623 1404 vobis,
1648 1373 1678 1398 et

896 1426 955 1453 qua:
970 1417 1046 1453 jussa
1060 1422 1124 1446 sunt
1138 1425 1251 1453 prorsus
1267 1417 1435 1444 annuntiavi.
1459 1417 1592 1444 Caeterum
1612 1414 1676 1451 quid

895 1474 928 1494 ex
947 1465 989 1493 bis
1007 1465 1127 1498 facietis,
1147 1473 1196 1493 vos
1214 1463 1348 1492 videritis.
1368 1463 1401 1490 Et
1423 1463 1456 1490 de
1482 1463 1546 1490 Ario
1568 1461 1677 1498 quidem

895 1514 963 1541 haec.

930 1559 1021 1587 Nostis
1032 1562 1171 1594 praterea,
1187 1555 1353 1588 charissimi,
1367 1561 1393 1584 et
1408 1556 1476 1584 bene
1496 1555 1595 1587 nostis,
1609 1560 1678 1590 qua:

895 1603 958 1631 liter
982 1604 1035 1631 huc
1050 1611 1136 1638 usque
1148 1602 1286 1629 vobiscum
1302 1602 1477 1627 conversatus
1494 1605 1564 1630 sum,
1589 1604 1677 1632 quan-

896 1653 991 1684 tasque
1007 1648 1222 1677 conﬂictationes
1237 1647 1271 1674 ab
1286 1646 1436 1674 idololatris
1452 1643 1570 1672 sustinui
1590 1643 1678 1679 gentiA

896 1696 977 1727 libus,
996 1695 1042 1730 qui
1057 1694 1198 1723 Dominum
1215 1692 1382 1719 Salvatorem
1395 1691 1561 1726 ignorantes,
1586 1689 1677 1716 multis

896 1741 1017 1768 tudinem
1043 1739 1155 1767 deorum
1179 1738 1225 1773 qui
1250 1744 1304 1764 non
1326 1740 1400 1770 sunt,
1418 1736 1585 1763 insanientes
1601 1733 1678 1761 diﬂ'ae

896 1793 972 1813 mare
985 1793 1040 1813 non
1057 1788 1176 1812 cessant.
1198 1783 1279 1810 Scitis
1302 1781 1424 1818 profecto
1439 1782 1574 1817 quomodo
1585 1785 1677 1816 perse-

895 1836 1020 1859 cutorum
1034 1831 1198 1859 declinando
1213 1829 1326 1863 rabiem,
1339 1828 1373 1856 de
1390 1828 1450 1856 loco
1466 1828 1500 1855 ad
1514 1828 1601 1855 locum
1615 1834 1678 1862 pro-

896 1881 975 1917 fugus
999 1881 1082 1908 ibam.
1109 1879 1258 1906 Plurimum
1288 1883 1404 1912 namque
1430 1877 1456 1903 in
1487 1874 1677 1909 Mesopotamia

895 1928 1006 1955 latitans
1032 1925 1103 1961 degi,
1132 1933 1164 1952 ac
1179 1923 1290 1960 perinde
1307 1923 1378 1958 apud
1405 1922 1510 1958 Syriam
1541 1919 1678 1948 Phoenicis

895 1974 1000 2007 delitui,
1017 1973 1043 2000 in
1061 1976 1178 2007 utraque
1204 1971 1285 1998 etiam
1313 1969 1458 1996 Palaestina
1480 1967 1582 1995 diutius
1601 1973 1678 2002 pere-

894 2021 1074 2057 grinationem
1096 2017 1231 2051 sustinui;
1261 2020 1287 2044 et
1302 2015 1410 2047 exinde,
1429 2018 1458 2049 ut
1480 2016 1516 2041 ita
1534 2013 1633 2047 dicam,
1650 2013 1677 2040 in

895 2068 950 2094 alio
960 2067 1104 2097 elemento,
1115 2065 1166 2092 hoc
1180 2063 1261 2091 estin
1279 2062 1376 2090 insulis
1390 2069 1444 2088 non
1461 2067 1544 2096 parvo
1558 2062 1679 2094 tempore

895 2117 1016 2141 moratus
1032 2119 1102 2139 sum.
1115 2110 1148 2137 Et
1172 2110 1199 2136 in
1218 2110 1260 2136 his
1276 2108 1405 2136 omnibus
1420 2106 1520 2142 degens
1538 2105 1678 2133 calamitaa

896 2160 969 2187 tibus
986 2158 1127 2185 Dominico
1140 2155 1214 2191 gregi
1230 2155 1276 2190 qui
1292 2161 1358 2181 mea;
1375 2152 1501 2188 parvitati
1516 2151 1678 2179 commissus

60 2209 131 2243 Quos
145 2209 213 2238 dum
221 2208 453 2237 clementissimus
465 2207 545 2234 Pater
554 2206 645 2234 cordis
659 2204 846 2240 compunctio-
861 2212 883 2240 ι)
897 2209 949 2235 est,
967 2204 1011 2231 die
1025 2206 1161 2236 noctuque
1175 2200 1294 2228 scribere
1318 2206 1372 2226 non
1386 2197 1542 2224 desiuebam
1554 2215 1561 2228 ,
1579 2195 1679 2222 conﬁr-

60 2263 91 2284 ne
115 2257 232 2284 silentes
253 2262 286 2282 ac
310 2259 422 2283 mmstos
446 2254 590 2287 aspiceret,
606 2252 693 2280 noluit
721 2255 846 2278 austeras

59 2310 238 2337 permanere,
265 2301 309 2328 vel
332 2308 380 2328 eos
410 2300 489 2335 quasi
513 2303 693 2327 contemnens
723 2297 782 2324 sine
806 2303 848 2324 sa-

59 2348 216 2376 tisfactione
238 2347 408 2382 relinquere;
434 2345 481 2373 sed
502 2351 645 2372 assumens
662 2342 797 2370 Achillam
820 2345 847 2368 et

59 2394 268 2424 Alexandrum,
302 2392 349 2427 qui
381 2392 409 2419 in
442 2390 631 2419 sacerdotibus
660 2388 782 2417 seniores
815 2395 847 2414 ac

59 2441 214 2468 sanctiores
225 2446 287 2467 esse
301 2429 474 2469 videbantur,
492 2444 574 2464 unum
589 2444 621 2463 ex
636 2435 676 2462 eis
694 2434 797 2461 habens
813 2433 847 2460 ad

58 2488 210 2519 dexteram,
223 2486 341 2513 alterum
357 2491 466 2518 quoque
477 2483 511 2510 ad
529 2482 634 2513 laevam,
650 2480 787 2515 paululum
800 2487 848 2507 eos

60 2533 214 2570 segregavit
242 2539 258 2558 a
281 2531 396 2564 caeteris,
411 2533 439 2558 ct
467 2529 561 2556 clauso
577 2534 702 2556 sermone
727 2525 796 2553 dixit
812 2525 846 2551 ad

92 2614 132 2648 (α)
163 2612 211 2640 Sic
239 2620 357 2648 prorsus
386 2611 538 2648 excubabat
566 2605 781 2648 Mediolanensisn
804 2605 846 2648 pia

61 2640 135 2682 plebs
146 2649 221 2675 circa
233 2640 407 2675 Ambrosium
422 2647 581 2682 episcopum
602 2641 753 2682 suum,_cu_i
771 2640 847 2667 furor

60 2678 172 2710 ilustinm
186 2683 294 2709 Arianae
310 2678 491 2716 imperatricis
509 2678 680 2716 imminebat,
700 2680 768 2703 tcstc
782 2683 847 2702 octi—

62 2720 108 2746 lari
120 2718 274 2753 Augustino
294 2710 413 2751 Con'fess.
432 2717 479 2743 lib.
492 2723 528 2746 Ix,
540 2721 600 2753 cup.
620 2710 645 2739 7.

95 2754 131 2785 (θ)
144 2745 230 2780 Riecte
245 2753 296 2779 hoc
309 2745 418 2780 dicitur.
434 2758 513 2778 secus
530 2756 561 2775 ac
569 2745 668 2785 Δζὲιπιιείττξ
682 2745 847 2785 ⁸Αειλιβριηι

63 2781 148 2815 betisii
172 2792 199 2815 et
224 2787 286 2814 cod.
304 2786 365 2813 Vat.
382 2786 444 2815 622.
473 2786 501 2813 in
530 2783 629 2819 quibus
655 2782 724 2810 l‘also
746 2781 847 2808 dicitur

63 2824 201 2858 presbyter
213 2822 296 2849 Arius
306 2822 357 2858 sub
369 2821 460 2858 Petro.

96 2862 129 2893 (ς)
143 2849 257 2885 λᾱᾱυιιι
286 2857 330 2883 hic
347 2858 414 2883 Acta
437 2852 635 2883 Combelisiana
648 2872 656 2886 ,
676 2849 840 2887 quemadmo

220 2904 357 2933 Paraoa.
379 2902 438 2933 Gn.
462 2900 575 2932 XVIII.

897 2255 975 2275 maus
995 2254 1042 2274 eos
1059 2246 1086 2272 in
1109 2244 1211 2272 Christi
1236 2243 1351 2271 unitate.
1378 2241 1478 2268 Horum
1501 2241 1572 2267 enim
1598 2239 1678 2266 anxia

897 2292 1052 2322 sollicitudo
1079 2299 1128 2319 cor
1158 2295 1248 2318 meum
1278 2288 1371 2316 sedule
1398 2286 1564 2321 instigabat,
1585 2288 1612 2313 et
1635 2293 1678 2312 me

897 2341 1037 2376 quiescere
1048 2346 1101 2366 non
1114 2336 1236 2369 sinebat;
1248 2333 1424 2362 solummodo
1435 2332 1520 2359 levius
1529 2339 1571 2358 me
1580 2331 1679 2358 habere

897 2386 1026 2423 putabam
1055 2383 1164 2421 quando
1180 2390 1227 2410 eos
1252 2387 1375 2416 supernae
1398 2377 1523 2414 potestati
1546 2378 1679 2404 commit-

897 2437 997 2460 tebam.

926 2433 941 2460 b
961 2441 997 2459 m.

909 2441 991 2505 efilim
1011 2483 1075 2503 vero
1095 2477 1207 2510 propter
1221 2472 1373 2500 fortunatos
1390 2468 1542 2505 pontiﬁces,
1556 2463 1678 2493 Philcum
1722 2500 1723 2505 η

897 2525 967 2556 dico,
984 2521 1148 2558 Hesychium
1162 2520 1200 2554 (ά)
1219 2523 1299 2553 atque
1311 2517 1494 2546 Theodorum,
1507 2513 1553 2549 qui
1566 2513 1647 2547 digne
1663 2519 1677 2537 a

896 2602 959 2627 dum
974 2599 1017 2626 ille
1035 2598 1083 2624 Dei
1099 2596 1197 2622 Filium
1215 2603 1231 2621 a
1245 2599 1355 2629 paterna
1382 2592 1468 2629 gloria
1490 2596 1514 2618 et
1530 2589 1680 2629 subsﬁmtiu

896 2625 1077 2670 seqttestravit.
1091 2631 1169 2663 Male,
1181 2625 1250 2670 quia.
1263 2625 1391 2670 nondutn'
1400 2628 1575 2670 Ariusrsuapt
1588 2625 1681 2670 hiare-

897 2659 1134 2704 siiiiipatel‘ecerat,
1143 2659 1198 2692 sed.
1206 2665 1241 2691 ob
1256 2664 1375 2704 Schismla
1387 2659 1578 2704 tantummodo
1592 2659 1682 2704 biele—

898 2696 1018 2733 bonum.
1042 2707 1070 2730 et
1094 2696 1249 2734 suspectam
1276 2698 1371 2734 agendi
1390 2698 1524 2734 rationem
1552 2696 1681 2734 exclusus

897 2729 1000 2768 ide-rat.
1013 2729 1070 2765 iioc
1087 2729 1307 2763 addi'tamentuni'
1321 2741 1354 2759 ne
1373 2733 1440 2759 alter
1461 2731 1570 2766 quidem
1587 2729 1682 2763 ,codcx

897 2775 960 2803 Vat.
979 2774 1031 2801 622
1050 2771 1182 2807 agnoscit.

981 2798 1274 2850 'A—dta'tombcllsiana
1293 2807 1320 2830 et
1339 2801 1401 2830 cod.
1421 2800 1482 2826 Vat.
1506 2799 1559 2826 622
1580 2798 1684 2827 addunt

933 2854 954 2872 ιε
973 2851 1082 2872 omium.

899 2845 1082 2874 Pachomium.

1510 2879 1547 2913 15
