1909 3069
237 119 289 147 459

750 118 780 147 S.
802 118 900 146 PETRI
922 118 1153 147 ALEXANDRINI
1173 120 1327 149 EPISCOPI

1812 124 1865 151 “30

237 182 329 210 divina
343 181 428 217 gratia
445 184 508 208 sunt
531 181 630 213 voeati,
646 188 727 215 quam
753 180 844 216 gravis
871 189 913 208 me
932 181 1028 208 tribu-
1041 182 1062 210 A
1077 182 1239 210 bulatloues.
1253 183 1347 218 Neque
1359 183 1430 210 enim
1452 184 1579 212 meliores
1597 192 1692 212 sumus
1717 192 1803 220 quam
1817 193 1865 220 pa-

238 229 303 257 latio
320 229 473 264 quatiebat!
492 227 525 255 Hi
543 228 626 261 enim,
641 232 671 254 ut
685 227 736 263 ipsi
753 228 843 260 scrtis,
862 227 899 255 ob
921 227 1024 256 Christi

238 276 317 302 fidem
329 283 390 302 cum
408 275 521 310 reliquis
536 273 741 302 eonfessoribus
763 273 880 301 diversis
895 281 1026 302 macera—

238 322 336 348 bantur
350 321 502 356 suppliciis.
518 320 551 347 Et
572 320 636 355 quia
650 320 676 346 in
698 320 746 347 tali
761 327 847 355 agone
862 328 916 348 non
935 320 1024 348 solum

236 366 409 398 clericorum,
426 366 474 393 sed
490 366 571 393 etiam
588 365 720 393 laicorum
733 365 784 400 ipsi
805 370 883 393 erant
900 365 1023 401 signiferi

236 417 263 440 et
283 416 473 448 praeceptores,
488 416 632 447 propterea
651 411 729 440 valde
742 412 867 444 verebar,
886 419 920 439 ne
936 412 1023 447 longis

237 459 384 487 deﬁcerent
411 459 596 491 cruciatibus,
622 462 648 486 et
674 466 768 486 eorum
798 457 925 491 defectio,
950 457 1022 492 quod

235 505 310 533 dictu
329 513 411 540 grave
427 509 479 537 est,
504 504 630 539 plurimis
646 504 762 540 negandi
780 503 849 532 foret
867 503 1024 532 offendicu—

237 551 291 577 lum
303 560 310 584 ;
323 555 402 578 erant
411 551 484 578 enim
499 551 570 577 ultra
583 554 726 579 sexcentos
740 550 892 585 sexaginta.
904 550 1022 585 quicum

237 597 277 623 eis
292 596 476 624 earceralibus
492 596 668 623 arctabantur
685 595 841 630 ergastulis.
856 594 934 622 Unde
962 602 1022 621 ma-

235 650 288 677 gno
308 642 401 670 labore
422 650 574 677 magnoque
587 646 713 677 satagens
728 641 838 672 sudore,
853 648 909 667 non
922 647 1023 668 cessa-

235 689 297 716 bam
328 688 362 716 de
389 688 527 723 praedictis
553 688 621 715 locis
649 687 769 721 scribere
796 686 924 714 omnibus
949 687 1020 720 illis.

234 734 383 762 exhortans
402 742 449 761 eos
474 734 508 761 ad
525 734 646 769 martyrii
665 733 781 769 palmam
806 732 965 768 magisterio
981 732 1022 759 di-

234 781 290 807 vini
305 779 412 808 affatus.
429 779 541 813 Quando
564 787 628 807 vero
648 779 771 806 omnium
785 786 879 806 eorum
895 778 1021 814 magniﬁ-

233 834 294 854 cam
309 827 400 854 audivi
426 826 654 861 perseverantiam
671 831 698 852 et
714 825 852 860 passionis
871 825 1018 860 gloriosum

233 873 325 903 ﬁnem.
343 873 444 900 cadens
457 872 485 899 in
506 877 607 900 terram
623 872 733 899 adoravi
760 870 864 899 Christi
884 871 1021 905 majesta-

233 923 298 951 tem,
314 919 360 954 qui
381 926 428 947 eos
443 918 514 946 inter
537 918 659 954 martyrii
687 921 811 946 catervas
840 925 1021 945 annumerare

232 963 359 998 dignatus
370 968 419 991 est.

266 1008 337 1042 Quid
362 1010 444 1037 etiam
461 1009 539 1038 vobis
560 1009 594 1037 de
625 1008 732 1037 Meletio
759 1009 954 1046 Lycopnlitano
981 1009 1019 1046 (α)

231 1056 463 1083 commemorem?
483 1055 529 1090 qui
557 1059 675 1090 quantas
693 1056 908 1090 persecutiones,
924 1063 1021 1091 quan—

231 1105 328 1136 tosque
338 1101 415 1128 dolos
425 1101 491 1128 mihi
507 1101 541 1128 sit
551 1101 701 1135 jaculatus,
714 1109 763 1129 vos
776 1101 935 1129 omnimodo
948 1101 1020 1129 scire

231 1147 386 1175 nullatenus
403 1147 522 1183 ambigo.
548 1146 621 1174 Proh
649 1147 741 1174 nefas!
770 1147 895 1175 scindere
919 1155 1021 1176 sacro—-

230 1197 353 1221 sanctam
379 1192 530 1220 Ecclesiam
553 1201 607 1220 non
631 1193 739 1222 metuit.
755 1201 836 1228 quam
863 1193 910 1221 Dei
932 1193 1019 1222 Filius

229 1240 350 1274 pretioso
371 1239 502 1274 sanguine
527 1239 654 1270 redemit,
677 1246 791 1274 eamque
814 1244 843 1266 ut
862 1239 895 1267 de
916 1240 1018 1268 diaboli

230 1285 374 1321 tyrannide
386 1285 525 1317 liberaret,
546 1284 664 1311 animam
691 1292 793 1320 ponere
806 1293 861 1313 non
881 1286 1016 1313 titubavit.

230 1332 316 1363 Hanc,
334 1335 364 1358 ut
378 1331 469 1358 dicere
482 1330 564 1366 coepi,
582 1330 769 1365 nequissimus
785 1330 910 1358 Meletius
937 1332 1018 1359 scin-

229 1379 308 1408 dens,
323 1377 405 1404 etiam
430 1380 542 1404 sanctos
561 1376 715 1411 episcopos,
732 1377 778 1412 qui
796 1381 860 1404 ante
876 1377 1016 1412 paululum

229 1431 278 1460 per
305 1423 464 1458 martyrium
494 1423 578 1450 caelos
607 1426 807 1457 penetrarunt,
839 1423 866 1450 in
897 1422 1017 1450 carceris

229 1470 354 1498 custodia
370 1472 621 1504 expugnareatque
635 1468 755 1504 afﬂigere
781 1477 835 1497 non
861 1469 1014 1498 desinebat.

227 1518 328 1545 Cavete
341 1517 424 1552 igitur
441 1516 475 1543 ab
490 1516 550 1550 ejus
566 1515 684 1543 insidiis.
708 1515 765 1551 Ego
787 1516 860 1543 enim
872 1537 880 1549 ,
906 1520 936 1543 ut
963 1516 1015 1552 ipsi

227 1563 336 1595 videtis,
353 1563 481 1597 alligatus
498 1561 591 1589 divina
613 1562 746 1589 cbaritate
772 1562 940 1597 proficiscor,
959 1569 1016 1589 vo-

228 1610 360 1637 luntatem
390 1608 438 1636 Dei
470 1608 598 1636 omnibus
625 1613 804 1644 anteponens.
830 1607 893 1636 Scio
917 1616 1015 1643 nempe

225 1656 290 1691 quia
305 1655 406 1682 tribuni
418 1655 451 1682 de
464 1663 524 1683 mea
538 1662 605 1682 nece
615 1655 784 1689 trepidantes
799 1654 954 1686 mussitant,
966 1654 1014 1682 sed

226 1703 330 1730 nullum
345 1710 378 1730 ex
398 1702 451 1729 hoc
472 1701 512 1729 eis
530 1709 682 1729 sermonem
699 1701 824 1733 inferam,
838 1709 925 1736 neque
940 1702 1013 1728 enim

186 1772 192 1787 δ
225 1748 345 1774 animam
361 1755 448 1774 meam
463 1746 651 1782 pretiosiorem
674 1755 717 1774 me
741 1747 801 1782 ipso
814 1746 922 1774 faciam.
940 1745 1013 1779 Quin

178 1800 182 1804 '
225 1794 406 1828 imoparatus
420 1800 479 1820 sum
500 1792 630 1828 perﬁcere
644 1801 755 1820 cursum
777 1800 857 1827 quem
881 1793 947 1820 mihi
962 1793 1013 1820 Do-

224 1841 316 1867 minus
331 1847 408 1866 meus
422 1837 501 1866 Iesus
523 1838 649 1867 Christus
671 1839 794 1875 polliceri
815 1839 943 1874 dignatus
959 1844 1011 1873 est,

227 1891 255 1913 et
267 1885 449 1913 ministerium
461 1885 535 1920 quod
552 1885 586 1913 ab
601 1886 662 1921 ipso
677 1885 779 1920 accepi,
795 1885 820 1914 ei
838 1885 953 1913 ﬁdeliter
966 1893 1011 1913 as-

223 1934 344 1968 signare.
358 1932 441 1960 Orate
450 1940 503 1968 pro
518 1939 572 1965 me,
591 1932 690 1960 fratres
703 1941 710 1966 ;
728 1932 842 1959 ulterius
857 1939 899 1959 me
918 1932 945 1959 in
960 1932 1011 1959 hac

223 1980 278 2006 vita
290 1980 432 2007 vobiscum
449 1979 539 2006 vivere
552 1979 608 2014 jam
621 1987 677 2006 non
692 1978 829 2006 videbitis.
839 1978 1012 2013 Quapropter

223 2026 356 2054 testificor
369 2033 461 2053 coram
479 2025 534 2052 Deo
556 2029 583 2053 et
603 2030 695 2052 vestra
725 2025 913 2057 fraternitate,
937 2024 1010 2060 quod

222 2073 351 2100 omnibus
368 2073 446 2100 vobis
465 2072 594 2099 mundam
611 2072 716 2099 servavi
732 2072 937 2100 conscientiam.
950 2070 1010 2098 Non

222 2119 294 2146 enim
308 2118 459 2154 subterfugi
469 2118 715 2146 annuntiarevobis
725 2126 785 2154 qua:
793 2119 859 2146 mihi
868 2127 882 2145 a
895 2118 1010 2147 Domino

222 2168 286 2192 sunt
310 2164 442 2199 iujuucta,
458 2168 486 2191 et
510 2172 571 2198 quae
590 2164 720 2199 deinceps
746 2164 903 2192 necessaria
928 2170 1009 2192 erunt

220 2209 340 2246 pandere
353 2210 465 2237 minime
476 2210 610 2237 recusavi.

255 2256 391 2289 Quocirca
418 2256 550 2284 attendite
568 2256 647 2284 vobis
675 2261 702 2283 et
717 2255 845 2283 universo
867 2256 954 2291 gregi,
981 2256 1008 2283 in

218 2311 274 2338 quo
288 2311 337 2331 vos
352 2303 471 2338 Spiritus
487 2307 599 2331 sanctus
613 2303 735 2330 seriatim
749 2303 892 2338 episcopos
905 2302 1006 2338 posuit.

219 2347 258 2376 Te
281 2349 391 2384 quidem
415 2349 548 2376 Achillam
572 2348 701 2384 primum,
733 2348 917 2376 Alexandrum
941 2356 1007 2376 vero

218 2395 381 2423 secundum.
398 2394 438 2422 En
462 2395 539 2422 vobis
555 2395 616 2421 viva
633 2402 699 2422 voce
712 2398 858 2429 protestor,
876 2394 1007 2430 quoniam

217 2445 280 2476 post
299 2449 390 2469 meum
406 2441 551 2468 transitum
574 2440 716 2476 insurgent
730 2440 841 2476 quidam
857 2440 890 2467 de
910 2439 1005 2467 Eccle-

218 2487 258 2515 sia
277 2488 419 2523 loquentes
435 2495 577 2523 perversa,
589 2494 741 2523 rursusque
755 2486 878 2514 divident
891 2494 963 2518 eam,
976 2490 1006 2513 ut

218 2532 352 2568 Ileletius,
367 2533 509 2561 trahentes
526 2534 655 2568 populum
685 2537 746 2568 post
761 2541 838 2561 suam
853 2533 1004 2561 vesaniam.

218 2578 286 2606 Ecce
300 2579 412 2614 praedixi
427 2578 515 2606 vobis.
533 2578 597 2609 Sed,
615 2578 747 2613 deprecor
761 2585 809 2605 vos
822 2598 829 2610 ,
858 2585 874 2604 ο
898 2577 1005 2605 viscera

218 2632 289 2658 mea,
304 2625 412 2660 vigilate
427 2634 434 2652 :
448 2628 555 2660 oportet
568 2624 641 2651 enim
654 2631 701 2651 vos
722 2624 821 2652 multas
839 2623 931 2651 subire
946 2623 1006 2650 tri—

252 2712 291 2747 (α)
303 2711 410 2747 Optime
424 2717 531 2747 noster;
548 2717 608 2741 erat
633 2715 707 2741 enim
727 2712 850 2740 Meletius
875 2711 1005 2747 Lycopo—

217 2747 275 2783 leos
289 2747 316 2773 in
331 2747 467 2783 Thebaide
485 2749 641 2783 episcopus.
665 2748 786 2775 Pessime
801 2749 868 2774 Acta
881 2748 1004 2775 Combe-

217 2782 313 2809 fisiana
339 2782 367 2808 in
383 2781 528 2818 Lycaonio.
546 2781 607 2811 .laiu
628 2792 672 2811 res
688 2783 786 2810 Meletii
803 2783 856 2810 late
875 2783 1002 2810 scribun-

215 2821 295 2880 ιιινέ
307 2817 407 2851 priscis
433 2818 572 2846 historicis
587 2823 613 2846 et
638 2827 653 2846 a
669 2818 786 2846 Baronio
809 2817 842 2845 ad
858 2826 922 2846 ann.
939 2819 1001 2852 506,

215 2859 244 2879 ιι.
310 2859 386 2880 seum

215 2859 244 2879 ιι.
261 2859 295 2880 ω
310 2859 386 2887 ecqq.

1076 232 1131 255 tres
1148 229 1247 256 nostri.
1262 233 1303 256 An
1332 230 1462 265 ignoratis
1476 234 1578 265 quanta
1595 238 1613 257 a
1628 231 1778 265 gentilibus
1800 239 1865 266 per—

1075 281 1172 308 pessus
1192 280 1234 301 est
1250 278 1326 309 pater
1342 282 1434 307 meus,
1451 275 1496 310 qui
1514 283 1557 303 me
1581 275 1703 309 nutrivit,
1720 277 1863 304 sanctissiv

1075 327 1136 347 mus
1152 319 1278 348 Theonas
1297 321 1454 356 episcopus,
1466 322 1546 356 cujus
1567 322 1750 357 pontificalem
1767 323 1863 350 cathe-

1073 366 1150 393 dram
1176 374 1270 402 regere
1285 368 1415 403 suscepi?
1442 367 1464 396 Ο
1485 368 1588 395 utinam
1607 372 1634 396 et
1659 369 1769 396 mores!
1791 368 1863 402 Quid

1073 412 1154 439 etiam
1170 412 1203 440 de
1218 421 1316 448 magno
1333 413 1461 450 Dionysio
1483 414 1604 449 ejusdem
1630 422 1796 449 praecessore
1816 423 1859 442 re.

1073 457 1181 484 feram?
1196 458 1243 494 qui
1257 459 1389 494 profugus
1404 459 1438 487 de
1454 460 1515 486 loco
1539 459 1566 486 in
1590 460 1678 487 locum
1697 460 1799 488 multas
1815 467 1863 487 ca-

1072 502 1209 532 lamitates
1235 505 1269 532 ab
1292 505 1389 533 insano
1410 505 1541 533 sustinuit
1566 505 1706 534 Sebellio?
1730 505 1788 534 Nec
1812 515 1863 534 vos

1072 553 1230 585 praeteream
1251 550 1300 586 (ὁ),
1318 551 1486 579 sanctissimi
1500 551 1595 580 Patres
1611 559 1644 580 ac
1667 552 1767 580 divinae
1793 553 1863 588 legis

1072 596 1219 628 antistites,
1248 595 1353 624 Heracli
1377 601 1459 632 atque
1476 596 1606 629 Demetri,
1619 600 1719 632 quibus
1740 597 1863 625 fabrica-

1071 645 1115 670 tor
1131 643 1253 678 perversi
1277 643 1412 679 dogmatis
1436 643 1568 678 Origenes
1591 643 1756 671 multifarias
1772 648 1864 671 tenta-

1071 690 1160 717 tiones
1179 689 1309 722 incussit;
1327 689 1373 724 qui
1401 689 1519 723 coniecit
1536 689 1562 716 in
1576 688 1724 716 Ecclesiam
1742 689 1862 716 detesta-

1070 733 1125 761 bile
1137 733 1268 765 schisma,
1285 733 1357 768 quod
1373 741 1459 769 usque
1473 733 1554 761 hodie
1569 733 1713 760 confundit
1725 732 1862 761 eam.$ed

1071 780 1158 815 gratia
1174 779 1233 812 Dei,
1248 787 1308 814 quae
1325 779 1386 806 illos
1413 784 1477 806 tunc
1493 779 1668 814 protegebat,
1686 779 1770 807 credo
1785 780 1861 807 enim

1071 826 1144 861 quod
1155 829 1182 853 et
1198 833 1246 853 vos
1263 828 1395 860 proteget.
1414 823 1466 852 Sed
1481 825 1545 860 quid
1561 834 1607 854 vos
1627 826 1696 853 ultra
1719 826 1860 858 demoror,

1071 871 1224 898 charissimi
1240 871 1349 903 fratres,
1367 870 1464 906 prolixi
1485 871 1620 899 sermonis
1642 870 1743 898 aﬁ‘atu?
1759 870 1863 906 Super-

1070 921 1111 945 est
1123 920 1153 944 ut
1169 916 1264 944 ultima
1285 917 1401 952 apostoli
1427 916 1550 944 oratione
1576 924 1625 944 vos
1645 924 1800 951 prosequar
1823 917 1861 943 ita

1070 963 1231 999 precantis:
1249 968 1277 991 et
1301 970 1375 990 nunc
1400 962 1562 991 commendo
1590 971 1637 991 vos
1654 963 1709 991 Deo
1723 967 1751 991 et
1776 964 1861 991 verbo

1070 1010 1164 1045 gratiae
1188 1009 1258 1044 ejus,
1275 1010 1322 1044 qui
1348 1013 1444 1044 potens
1467 1013 1509 1036 est
1528 1009 1681 1044 gubernare
1703 1012 1731 1036 et
1758 1016 1807 1036 vos
1832 1013 1861 1036 et

1069 1054 1141 1083 ovile
1155 1062 1245 1082 suum.
1270 1053 1333 1082 Haec
1359 1053 1405 1081 ubi
1428 1054 1501 1081 dicta
1525 1054 1610 1085 dedit,
1628 1054 1726 1091 positis
1742 1054 1859 1089 genibus

1069 1101 1158 1128 oravit
1176 1109 1238 1128 cum
1249 1101 1299 1128 eis.
1316 1100 1426 1133 Expleta
1440 1100 1532 1135 itaque
1545 1101 1668 1128 oratione
1677 1121 1685 1134 ,
1699 1101 1859 1128 osculantes

1068 1155 1166 1175 manus
1194 1147 1255 1181 ejus
1279 1154 1311 1173 ac
1339 1147 1422 1181 pedes
1443 1147 1564 1174 Achillas
1590 1151 1671 1181 atque
1702 1146 1860 1174 Alexander

1069 1192 1196 1220 conversi
1220 1193 1248 1219 in
1274 1192 1409 1227 iacrymas
1426 1192 1546 1228 singultu
1564 1193 1737 1220 amarissimo
1753 1194 1860 1228 quatie-

1068 1239 1179 1270 bantur,
1192 1239 1309 1267 maxime
1324 1238 1389 1274 quia
1402 1238 1544 1266 audierant
1554 1247 1615 1266 eum
1633 1239 1723 1267 dicere
1739 1239 1813 1274 quod
1825 1248 1859 1267 ex

1067 1289 1134 1313 tunc
1155 1286 1331 1321 temporalem
1359 1285 1420 1320 ejus
1448 1286 1532 1313 vitam
1562 1286 1679 1320 amplius
1694 1287 1782 1314 visuri
1802 1294 1858 1314 non

1067 1336 1168 1360 essent.
1185 1332 1289 1359 Dehinc
1311 1331 1408 1360 doctor
1423 1332 1600 1359 dulcissimus
1619 1333 1732 1360 veniens
1749 1333 1785 1360 ad
1812 1340 1858 1360 re-

1067 1378 1158 1413 liquos
1181 1378 1355 1410 clericorum,
1381 1378 1440 1413 qui,
1469 1382 1498 1406 ut
1528 1379 1698 1414 praemissum
1725 1382 1782 1408 est,
1808 1386 1858 1414 pro

1066 1423 1131 1451 Ario
1147 1423 1262 1458 ingressi
1277 1423 1396 1456 fuerant,
1414 1423 1522 1450 locutus
1545 1424 1585 1451 eis
1605 1424 1687 1451 verba
1704 1425 1857 1452 novissima

1067 1474 1148 1506 atque
1159 1469 1343 1497 consolatoria
1355 1473 1381 1497 et
1391 1477 1452 1504 quae
1462 1470 1617 1497 necessaria
1632 1474 1729 1502 erant;
1745 1470 1856 1502 deinde,

1067 1514 1136 1543 fusis
1151 1515 1185 1542 ad
1202 1514 1285 1544 Deum
1311 1516 1439 1551 precibus
1458 1516 1519 1544 vale
1533 1515 1637 1545 faciens
1665 1517 1732 1549 illis,
1751 1516 1857 1545 dimisit

1066 1569 1161 1589 omnes
1180 1562 1207 1589 in
1222 1569 1299 1596 pace.

1101 1606 1149 1635 His
1170 1608 1207 1634 ita
1223 1608 1352 1643 peractis,
1370 1609 1450 1644 longe
1476 1609 1584 1644 lateque
1600 1609 1700 1644 ubique
1715 1609 1855 1646 vulgatum

1065 1658 1106 1681 est
1122 1653 1194 1689 quod
1221 1654 1303 1681 Arius
1327 1663 1343 1682 a
1366 1655 1499 1683 catholica
1518 1656 1622 1683 unitate
1638 1656 1743 1691 absque
1758 1656 1856 1684 deiﬁco

1065 1704 1131 1726 nutu
1143 1707 1196 1726 non
1209 1700 1245 1727 sit
1257 1700 1394 1728 abscisus.
1411 1699 1457 1728 ille
1479 1705 1570 1729 autem
1583 1700 1694 1729 fallendi
1711 1701 1812 1729 artifex
1828 1706 1855 1729 et

1063 1746 1149 1774 totius
1168 1746 1297 1781 nequitiae
1313 1747 1474 1780 seminator,
1494 1747 1522 1774 in
1539 1748 1581 1775 sui
1597 1747 1718 1782 pectoris
1733 1747 1856 1783 labyrin-

1063 1790 1110 1818 tho
1127 1791 1266 1826 vipereum
1281 1792 1356 1819 virus
1370 1792 1511 1820 occuitare
1528 1800 1583 1820 non
1610 1792 1770 1825 desinebat,
1792 1801 1855 1828 spe~

1063 1845 1128 1865 rans
1141 1845 1170 1865 se
1183 1838 1218 1865 ab
1231 1838 1337 1865 Achilla
1352 1839 1394 1866 vel
1421 1838 1576 1867 Alexandro
1593 1839 1776 1867 reconciliari.
1804 1839 1854 1866 llic

1062 1889 1104 1912 est
1120 1884 1165 1912 ille
1180 1884 1262 1912 Arius
1274 1885 1481 1918 haeresiarches,
1493 1886 1738 1914 consubstantialis
1760 1891 1789 1914 et
1812 1887 1854 1914 in-

1061 1930 1178 1958 dividua:
1194 1930 1337 1958 Trinitatis
1354 1931 1468 1959 divisor.
1495 1931 1546 1959 llic
1569 1936 1611 1960 est
1628 1933 1674 1967 qui
1701 1941 1749 1960 ore
1768 1937 1854 1961 teme-

1061 1977 1136 2004 rario
1148 1976 1292 2004 Dominum
1313 1976 1481 2004 Salvatorem
1498 1985 1581 2013 super
1593 1986 1690 2006 omnes
1708 1979 1853 2007 haereticos

1062 2023 1251 2058 blasphemare
1266 2031 1321 2050 non
1341 2024 1449 2056 metuit,
1466 2023 1610 2052 Dominum
1621 2045 1629 2057 ,
1653 2025 1776 2061 inquam,
1792 2026 1852 2053 Sal-

1061 2073 1192 2101 vatorem,
1216 2070 1264 2105 qui
1289 2069 1423 2098 humanos
1453 2071 1598 2099 miseratus
1621 2079 1740 2104 errores.
1756 2073 1852 2099 morti-

1061 2114 1125 2142 ferae
1151 2114 1334 2143 damnationis
1359 2115 1473 2143 interitu
1488 2117 1638 2152 co'ndolens
1653 2117 1742 2151 perire
1767 2125 1852 2145 saecu-

1061 2161 1127 2193 lum,
1142 2169 1192 2196 pro
1216 2162 1344 2189 omnibus
1367 2162 1446 2189 nobis
1473 2170 1556 2191 carne
1581 2164 1636 2198 pati
1651 2163 1782 2198 dignatus
1794 2168 1848 2195 est.

1024 2209 1047 2236 Ι)
1061 2207 1154 2242 Neque
1168 2208 1240 2236 enim
1254 2208 1400 2241 divinitas,
1417 2215 1478 2243 quae
1498 2209 1592 2244 utique
1608 2209 1785 2244 impassibilis
1796 2214 1849 2241 est,

1062 2254 1218 2288 passionem
1248 2254 1398 2282 incurrisse
1432 2254 1568 2282 credenda
1601 2259 1654 2283 est.
1692 2254 1746 2282 Sed
1785 2257 1850 2290 quia

1061 2300 1179 2335 theologi
1204 2299 1299 2328 Patres
1329 2301 1485 2334 hujusmodi
1508 2301 1691 2336 blasphemias
1715 2308 1730 2328 a
1747 2301 1850 2328 catho—

1060 2346 1121 2373 licis
1141 2346 1253 2374 auribus
1271 2346 1376 2373 meliori
1403 2347 1473 2382 stylo
1493 2348 1587 2382 procul
1606 2355 1735 2375 amovere
1761 2355 1850 2375 cura—

1060 2395 1138 2424 runt,
1159 2395 1186 2419 et
1205 2391 1284 2419 nobis
1303 2392 1376 2419 aliud
1396 2392 1535 2426 imminet,
1558 2393 1703 2422 redeamus
1722 2395 1756 2421 ad
1778 2402 1850 2429 pro—

1060 2438 1188 2472 positum.

1095 2482 1295 2518 Sagaeissimus
1330 2483 1413 2518 igitur
1447 2484 1590 2518 pontifex,
1626 2484 1848 2513 animadvertens

1059 2529 1278 2557 cruentissimam
1292 2530 1463 2558 tribunorum
1483 2531 1634 2566 stropham,
1652 2531 1726 2566 quod
1738 2532 1774 2558 ob
1787 2532 1847 2565 ejus

1059 2575 1268 2610 perpetrandam
1297 2582 1410 2606 necem,
1431 2583 1539 2604 omnem
1557 2577 1778 2604 Christianorum
1799 2577 1845 2612 qui

1059 2626 1124 2648 tunc
1148 2622 1261 2649 aderant
1289 2621 1492 2650 multitudinem
1509 2623 1600 2658 gladio
1616 2623 1775 2651 interimere
1794 2623 1847 2652 vel-

1094 2712 1261 2749 (b)arrsusr
1282 2716 1356 2741 recte
1377 2718 1472 2742 noster
1498 2714 1570 2749 vitat
1578 2722 1709 2749 errorem
1733 2714 1846 2749 biogra-

1057 2749 1103 2784 phi
1133 2748 1220 2775 Graeci
1246 2748 1458 2784 Gombelisiani,
1487 2750 1534 2784 qui
1564 2748 1721 2776 lleraclium
1746 2748 1847 2776 ac’De-

1056 2784 1183 2846 anettrium
1195 2788 1255 2818 post
1270 2783 1417 2812 Sabellium
1430 2792 1462 2812 ac
1476 2783 1632 2820 Dionysium
1643 2784 1731 2813 fuisse
1745 2785 1845 2813 diserte

1076 2827 1109 2847 ιρι
1126 2839 1133 2847 .
