1909 3069
67 112 112 143 “Si
744 111 835 141 ACTA
856 110 1012 141 SINCERA.

1646 114 1699 144 482

71 176 132 207 lent,
144 171 235 204 noluit
254 185 305 206 eos
320 177 423 213 pariter
446 185 539 206 secum
559 177 652 206 subire
670 177 767 204 mortis
788 184 862 204 acer-
874 178 899 207 Α
912 177 973 212 ejus
997 176 1127 204 liberator
1151 177 1272 204 omnium
1298 176 1424 205 Christus
1449 176 1540 213 elogit,
1568 177 1617 205 tibi
1636 177 1698 206 ﬁdei

71 221 179 249 bitatem
192 231 200 256 ;
215 223 267 251 sed
286 223 374 252 ﬁdelis
391 232 487 252 servus
508 223 619 252 imitans
642 223 787 251 Dominum
805 221 862 249 Sal-

71 273 203 300 vatorem,
216 271 264 305 qui
280 270 352 298 dixit
367 275 394 298 et
411 271 493 303 fecit,
522 269 618 297 Pastor
640 269 723 296 bonus
745 269 862 295 animum

71 322 146 342 suam
163 315 238 348 ponit
257 322 306 350 pro
321 317 410 344 ovibus
429 317 504 347 suis,
525 323 558 344 ex
572 316 680 351 pietatis
700 319 860 350 argumento

71 363 178 386 vocant
193 368 281 388 unum
298 362 433 389 seniorem
449 369 481 389 ex
495 361 538 388 his
558 361 605 396 qui
621 360 722 388 ibidem
747 363 862 394 respon-

72 406 108 432 sis
124 405 187 439 ejus
202 406 385 438 inhaerebant,
402 411 429 434 et
442 407 510 434 dixit
523 407 549 434 ei
566 416 573 434 :
590 406 664 434 Vade
686 406 719 437 ad
735 407 860 433 tribunos

70 451 116 486 qui
140 459 185 478 me
205 452 361 480 interﬁcere
374 456 511 488 qumrunt,
527 457 554 480 et
581 452 664 480 dicito
688 452 728 480 eis
744 461 750 479 :
765 451 862 479 Cesset

70 497 161 523 omnis
177 497 315 528 anxietas,
331 505 393 525 ecce
407 501 550 533 promptus
561 506 622 525 sum
638 499 791 525 ultroneum
818 504 862 524 me

71 542 122 570 illis
139 543 277 578 ingerere.
304 542 359 570 [lac
376 543 474 570 etenim
491 547 571 571 nocte
595 543 705 570 veniant
724 547 786 577 post
803 545 860 569 ter-

69 595 132 620 cum
163 589 265 616 domus
291 589 411 617 carceris
436 589 528 624 hujus,
544 593 572 617 et
599 590 626 616 in
642 597 697 624 quo
723 590 784 617 loco
812 596 861 616 au-

70 634 172 662 dierint
190 635 299 670 signum
314 636 340 662 in
357 636 458 671 pariete
473 636 508 663 ab
525 636 599 663 intus
610 635 723 667 factum,
741 635 777 662 ibi
796 634 862 662 effo-

70 681 178 710 dientes
193 683 333 718 excipiant
351 690 410 714 me,
434 682 630 718 perﬁciantque
652 682 726 718 quod
749 681 802 710 sibi
818 685 862 709 est

70 727 246 762 imperatum.
263 727 362 755 Senior
376 735 452 760 vero,
470 727 663 762 obtemperans
687 726 861 762 jussionibus

70 773 243 801 sanctissimi
259 773 311 800 viri
334 773 434 809 (neque
448 774 520 801 enim
538 777 614 801 tanto
633 773 706 801 Patri
723 772 862 800 contradi-

69 825 133 846 cere
148 819 279 856 poterat),
297 819 363 847 abiit
392 820 425 847 ad
451 820 577 848 tribunos
606 824 633 848 et
659 819 797 847 intimavit
821 819 861 846 eis

915 223 1079 258 praeconium
1092 230 1140 258 per
1150 226 1234 250 totam
1251 222 1397 259 Egyptum
1410 227 1438 252 et
1451 224 1554 252 circum
1567 225 1698 254 terminos

913 269 975 304 ejus
991 270 1120 298 insonare
1135 269 1283 297 commisit.
1301 269 1353 302 Tu,
1380 271 1501 306 inquam,
1516 272 1697 300 ministerium

915 315 1041 343 humanae
1059 316 1167 347 salutis,
1192 316 1265 351 quod
1291 317 1339 344 tibi
1358 317 1490 344 creditum
1514 318 1611 349 fuerat,
1630 316 1700 354 vigi-

914 362 1003 389 lanter
1018 362 1148 397 explesti;
1177 362 1259 397 huius
1284 362 1413 390 nimirum
1430 363 1531 390 laboris
1545 364 1698 392 mercedem

915 408 1038 444 martyrii
1065 408 1182 443 palmam
1211 408 1350 442 percipere
1380 408 1513 435 meruisti.
1538 407 1615 436 Unde
1643 417 1698 436 non

915 453 1052 480 immerito
1065 453 1164 488 dignus
1179 460 1208 480 es
1222 453 1388 488 evangelista
1404 453 1486 480 simul
1504 457 1531 480 et
1552 454 1698 489 episcopus

914 500 1066 535 praedicari.
1081 499 1132 527 Tui
1154 507 1252 534 nempe
1278 507 1423 527 succcsmr
1451 499 1502 526 fuit
1518 500 1656 532 Anianus,
1671 504 1699 528 et

914 545 1012 580 reliqui
1029 545 1068 580 (a)
1085 553 1134 580 per
1152 545 1310 572 succiduam
1329 545 1427 572 seriem
1448 552 1536 580 usque
1549 545 1582 571 ad
1598 545 1699 573 beatis-

915 591 1013 619 simum
1028 590 1167 618 Theonam
1185 590 1231 626 qui
1245 598 1311 618 mea:
1331 590 1452 618 infantiae
1467 591 1595 626 colaphos
1622 590 1698 623 dare.

914 643 941 666 et
956 645 1043 665 meam
1057 637 1174 665 indolem
1190 638 1295 666 nutrire
1309 637 1438 673 dignatus
1466 642 1518 666 est.
1544 637 1594 665 Cui
1616 637 1698 664 etiam

914 692 964 719 ego
979 688 1106 719 peccator
1122 687 1150 710 ct
1162 683 1290 718 indignus
1308 684 1378 710 ultra
1392 683 1518 711 meritum
1528 683 1699 710 haereditario

914 729 999 766 gradu
1015 737 1161 757 successor
1173 729 1286 757 effectus
1303 737 1375 757 sum.
1393 729 1425 756 Et
1441 729 1514 765 quod
1527 729 1698 765 potissimum

913 779 966 809 est,
989 783 1053 803 ecce
1076 775 1222 803 Dominicm
1247 775 1356 811 pietatis
1376 775 1484 811 largitio
1507 784 1550 803 me
1574 776 1699 811 pretiosa:

914 822 1006 850 crucis
1020 829 1052 850 ac
1068 822 1170 850 festiva:
1184 822 1321 850 anastasis
1346 826 1492 857 martyrem
1510 822 1567 850 ﬁeri
1595 822 1698 850 condo-

68 866 143 901 quod
165 866 220 893 sibi
244 865 332 894 fuerat
355 866 519 901 iniunctum.
546 866 624 900 Quod
656 865 695 893 illi
721 865 862 893 audientes
879 863 899 890 Β
914 869 998 901 navit,
1014 869 1137 896 tribuens
1153 876 1221 896 mete
1236 868 1372 896 devotioni
1386 877 1442 896 suae
1453 869 1697 903 passionisjucun-

68 912 148 939 valde
175 912 261 947 gavisi
288 917 370 945 sunt,
400 917 425 940 et
454 918 626 941 assumcntes
646 913 762 941 latomos
787 912 860 940 circa

69 958 159 986 noctis
185 958 267 993 hujus
280 959 443 986 matutinum
459 963 566 994 tempus
585 962 718 986 venerunt
732 959 791 986 sine
807 959 861 985 mi-

69 1005 164 1032 litibus
184 1005 218 1032 ad
238 1005 328 1032 locum
346 1005 392 1040 qui
409 1003 461 1033 sibi
477 1004 566 1033 fuerat
586 1009 724 1033 ostensus.
743 1004 792 1031 Vir
811 1012 861 1031 au-

70 1056 123 1078 tem
154 1050 265 1078 Domini
293 1051 358 1086 vigil
386 1052 414 1078 in
449 1052 573 1079 oratione
594 1055 621 1078 et
646 1051 747 1086 vigiliis
773 1054 859 1078 totam

69 1101 177 1124 noctem
196 1097 350 1124 insomnem
367 1097 494 1125 duxerat.
509 1096 544 1123 At
559 1097 605 1124 ubi
620 1105 714 1124 eorum
733 1097 860 1132 cognovit

70 1143 228 1175 adventum,
245 1143 354 1170 cunctis
369 1142 415 1178 qui
431 1151 524 1171 secum
539 1144 652 1171 aderant
669 1151 766 1179 sopore
783 1143 860 1178 quie-

70 1189 222 1221 scentibus,
236 1189 308 1217 lento
325 1187 409 1225 gradu
434 1190 576 1225 ingressus
595 1193 637 1217 est
660 1190 686 1216 in
703 1189 859 1216 interiorem

70 1235 190 1262 carceris
215 1239 332 1270 partem.
357 1238 382 1262 et
398 1235 477 1270 juxta
502 1235 656 1263 condictam
683 1235 858 1270 sponsionem

70 1287 167 1308 sonum
198 1281 317 1308 faciebat
341 1282 368 1308 in
395 1282 515 1316 pariete;
539 1289 620 1316 quem
644 1281 683 1308 illi
706 1280 859 1309 forinsecus

69 1328 233 1360 audientes,
271 1328 343 1356 facto
375 1328 508 1356 foramine
542 1331 724 1363 susceperunt
756 1327 858 1355 Christi

43 1390 49 1398 ε
69 1374 199 1401 athletam
230 1381 286 1402 non
301 1381 371 1402 aerea
386 1372 490 1406 lorica,
515 1373 562 1401 sed
588 1375 689 1401 virtute
711 1373 860 1400 Dominicac

68 1420 158 1448 crucis
174 1418 296 1455 undique
311 1421 445 1449 munitum
457 1442 464 1454 ,
483 1424 662 1456 paratumque
687 1419 798 1455 implere
815 1419 855 1446 di.

69 1465 158 1492 vinum
176 1474 331 1494 sermonem
349 1468 395 1502 qui
418 1466 484 1494 dicit
501 1476 507 1495 :
526 1465 617 1493 Nolite
641 1466 731 1493 timere
756 1470 799 1493 eos
814 1466 859 1500 qui

67 1521 160 1547 corpus
182 1513 316 1545 accidunt,
346 1514 462 1541 animum
487 1517 574 1541 autem
594 1521 645 1540 non
667 1517 775 1547 possunt
789 1512 858 1539 occi-

66 1561 146 1593 dere;
159 1561 206 1588 sed
220 1562 308 1595 potius
323 1569 382 1588 eum
403 1561 491 1588 timete
507 1561 552 1595 qui
565 1564 649 1594 potest
663 1564 688 1586 et
703 1559 820 1586 animant
833 1565 858 1586 et

69 1615 160 1642 :orpus
176 1607 286 1642 perdere
303 1607 330 1634 in
345 1607 499 1642 gehennam.
514 1606 580 1633 Mira
598 1606 658 1633 res!
672 1605 737 1632 Tam
752 1606 858 1634 validus

66 1653 196 1680 imbrium
213 1653 294 1681 turbo
307 1653 518 1688 collisionesque
533 1657 677 1680 ventorum
705 1652 732 1679 in
760 1652 856 1680 eadem

65 1704 209 1735 strepuere
234 1703 326 1739 nocte,
343 1704 374 1726 ut
395 1707 474 1726 nemo
490 1704 584 1727 eorum
607 1699 654 1733 qui
675 1698 857 1726 observabant

63 1746 190 1773 carceris
212 1745 302 1778 fores,
329 1750 422 1780 posset
446 1745 541 1772 audire
569 1742 714 1773 eil'odiendi
746 1752 855 1772 sonum.

63 1792 313 1821 Constantissimus
334 1796 424 1820 autem
449 1796 552 1828 martyr
566 1793 680 1827 urgebat
707 1790 856 1819 homicidas

63 1839 149 1866 illos:
172 1839 278 1870 Facite,
306 1838 443 1874 inquiens,
462 1838 534 1874 quod
560 1838 661 1864 facturi
685 1838 763 1870 estis,
780 1837 856 1872 prius

62 1894 145 1921 quam
160 1886 214 1914 hoc
228 1887 349 1914 sentiant
361 1886 407 1921 qui
419 1894 461 1914 me
474 1883 677 1914 custodiebant.

96 1934 132 1960 At
149 1933 189 1960 illi
203 1933 332 1961 tollentes
347 1940 409 1960 eum
428 1933 565 1960 duxerunt
583 1933 610 1959 in
632 1932 721 1960 locum
737 1932 785 1967 qui
812 1932 855 1960 di-

62 1979 134 2006 citur
150 1979 282 2011 Bucolia,
298 1978 346 2005 ubi
372 1982 400 2006 et
427 1982 540 2005 sanctus
567 1977 676 2005 Marcus
693 1978 854 2013 martyrium

61 2032 111 2060 pro
128 2024 241 2052 Christo
258 2024 390 2060 suscepit.
402 2024 542 2059 Stupenda
562 2027 721 2052 sanctorum
746 2024 853 2051 virtus!

60 2070 130 2099 Cum
155 2079 219 2098 eum
236 2071 379 2102 ducerent,
404 2075 432 2098 et
453 2074 556 2098 tantam
572 2070 645 2097 illius
671 2069 852 2096 constantiam

60 2118 134 2145 circa
155 2117 286 2145 funereos
300 2125 381 2144 casus
392 2121 553 2152 tantumque
570 2116 653 2144 animi
665 2115 750 2142 robur
764 2115 854 2150 inspi-

59 2167 176 2195 cerent,
202 2164 293 2192 subito
309 2163 438 2192 horridus
454 2171 538 2199 pavor
555 2163 723 2197 timidusque
751 2167 854 2189 tremor

911 914 975 941 dum
987 913 1109 945 odorem,
1130 917 1159 940 ut
1173 917 1200 940 et
1217 921 1268 947 ego
1285 914 1402 941 hostiam
1419 914 1470 940 mei
1487 915 1594 942 cruoris
1613 915 1698 942 libare

911 959 950 986 illi
973 960 1072 996 dignus
1095 959 1205 987 eiliciar.
1231 959 1263 986 Et
1289 959 1353 995 quia
1377 959 1533 987 istiusmodi
1558 961 1697 988 libationis

910 1010 988 1041 urget
1003 1006 1146 1037 articulus,
1164 1013 1212 1032 ora
1239 1013 1288 1040 pro
1313 1013 1357 1033 me
1373 1009 1420 1037 ut,
1437 1006 1527 1033 divina
1548 1006 1697 1041 opitulante

910 1051 1022 1083 virtute,
1033 1051 1150 1078 stadium
1168 1051 1248 1085 hujus
1263 1051 1358 1086 agonis
1374 1050 1456 1078 corde
1471 1050 1584 1078 robusto
1601 1059 1633 1078 ac
1645 1051 1697 1079 ﬁde
1712 1066 1730 1082 δ,

911 1097 1115 1132 promptissima
1133 1096 1263 1132 perﬁcere
1286 1103 1401 1123 merear.
1428 1095 1598 1123 Commendo
1614 1096 1696 1123 etiam

910 1148 963 1170 tua:
976 1143 1102 1178 gloriosas
1128 1142 1284 1177 paternitati
1298 1141 1491 1169 Christicolum
1509 1149 1632 1177 gregem,
1649 1142 1696 1177 qui

910 1190 977 1216 mihi
1003 1189 1133 1224 pastorali
1155 1189 1287 1224 regimine
1305 1189 1468 1216 commissus
1488 1192 1548 1222 est;
1567 1189 1627 1220 tibi,
1654 1189 1697 1216 ἱει-

911 1242 1004 1271 quam,
1024 1244 1086 1264 eum
1111 1235 1272 1271 suppliciter
1297 1235 1472 1268 commendo,
1498 1235 1545 1270 qui
1574 1235 1695 1262 omnium

910 1282 1120 1318 praecedentium
1139 1290 1176 1310 ac
1196 1282 1420 1317 subsequentium
1437 1282 1464 1309 in
1480 1282 1531 1310 hoc
1547 1282 1696 1317 pontiﬁcali

911 1329 1009 1356 throno
1026 1332 1124 1356 auctor
1142 1332 1224 1363 atque
1248 1332 1321 1355 tutor
1347 1335 1408 1356 esse
1434 1327 1574 1363 probaris,
1594 1329 1696 1363 quique

910 1375 992 1410 hujus
1013 1375 1160 1410 primatum
1176 1374 1291 1408 habens,
1318 1382 1372 1401 non
1398 1374 1527 1406 hominis,
1545 1374 1591 1401 sed
1607 1373 1654 1401 Dei
1669 1377 1697 1402 et

909 1421 1029 1448 hominis
1040 1420 1105 1449 Jesu
1118 1420 1231 1453 Christi,
1241 1428 1387 1448 successor
1400 1421 1520 1448 exsistis.
1534 1420 1567 1446 Et
1580 1420 1636 1447 hate
1654 1420 1697 1446 dio

909 1475 986 1499 cens,
1005 1467 1078 1494 haud
1094 1468 1173 1502 longe
1195 1474 1211 1494 a
1235 1475 1314 1495 sacro
1331 1467 1436 1493 tumulo
1451 1467 1561 1494 remotis
1576 1467 1696 1502 vestigiis

909 1513 1091 1548 manibusque
1107 1513 1134 1540 in
1150 1513 1249 1540 coelum
1264 1513 1396 1544 extensis,
1409 1520 1475 1540 voce
1491 1521 1588 1548 magna
1605 1521 1697 1548 prcca-

909 1562 953 1586 tus
970 1568 977 1587 :
996 1559 1150 1595 Unigenite,
1164 1559 1263 1594 inquit,
1278 1559 1395 1587 Verbum
1411 1559 1504 1586 aeterni
1525 1559 1614 1595 Patris
1631 1559 1696 1587 Jesu

908 1605 1027 1637 Christe,
1035 1606 1133 1633 exaudi
1143 1614 1186 1633 me
1194 1610 1268 1632 tuam
1279 1605 1495 1640 interpellantem
1505 1605 1693 1639 clementiam;

908 1652 1032 1687 pacifica,
1057 1657 1159 1687 qumso,
1187 1655 1376 1687 tempestatem
1402 1651 1530 1679 Ecclesia!
1547 1657 1609 1683 tuae,
1627 1651 1696 1679 eila-

909 1699 986 1727 sione
1000 1699 1141 1734 sanguinis
1156 1699 1209 1725 mei
1224 1698 1295 1726 servi
1316 1698 1355 1725 tui
1378 1698 1512 1725 conclude
1527 1698 1696 1733 persecutio-

907 1752 969 1772 nem
989 1745 1082 1780 populi
1107 1744 1158 1771 tui.
1175 1743 1252 1771 Tunc
1279 1744 1402 1780 quiedam
1423 1744 1500 1779 virgo
1522 1743 1577 1771 Deo
1593 1744 1692 1776 dicata,

906 1799 967 1826 quae
1002 1791 1193 1819 asceleriolum
1220 1790 1302 1826 hujus
1336 1791 1510 1826 evangelista
1537 1792 1694 1819 ccemeteriu

906 1838 1107 1866 conterminum
1124 1837 1253 1868 habebat,
1275 1841 1440 1872 pernoctans
1455 1837 1483 1864 in
1506 1838 1629 1864 oratione
1641 1844 1692 1864 au-

906 1884 974 1912 divit
999 1892 1093 1912 vocem
1121 1884 1154 1912 de
1184 1884 1254 1911 caelo
1280 1884 1414 1911 dicentem
1437 1883 1559 1911 :Petrus
1585 1883 1692 1910 initium

905 1931 1103 1966 apostolorum,
1121 1924 1219 1959 Petrus
1235 1931 1298 1959 ﬁnis
1324 1934 1475 1966 martyrum
1502 1931 1692 1966 episcoporum

904 1977 1086 2005 Alexandriae.

940 2023 1079 2060 Completa
1109 2025 1234 2053 oratione
1265 2024 1428 2053 deosculans
1463 2024 1585 2052 tumbam
1618 2021 1691 2052 beati

904 2071 1076 2105 eVangelistaa
1089 2075 1116 2098 et
1132 2071 1298 2106 reliquorum
1319 2071 1477 2107 pontificum
1499 2071 1545 2106 qui
1565 2071 1632 2098 inibi
1648 2075 1692 2097 tn-

904 2115 998 2141 mulati
1011 2118 1100 2148 erant,
1114 2112 1197 2143 exivit
1216 2116 1250 2143 ad
1263 2116 1400 2144 tribunos.
1417 2117 1451 2143 At
1463 2117 1500 2144 illi
1516 2117 1637 2144 videntes
1651 2116 1691 2143 fa-

904 2160 973 2187 ciem
985 2158 1046 2196 ejus
1059 2165 1187 2197 tanquam
1203 2161 1300 2190 faciem
1321 2163 1420 2198 angeli,
1439 2166 1542 2190 terrorc
1559 2163 1689 2198 perculsi.

58 2217 107 2238 eos
123 2210 226 2238 invasit
241 2209 269 2237 in
284 2213 391 2236 tantum
415 2214 446 2237 ut
467 2210 558 2237 nullus
585 2217 618 2236 ex
640 2209 681 2236 eis
707 2208 735 2235 in
753 2207 850 2235 faciem
867 2210 889 2237 D
904 2202 1069 2233 verebantur
1091 2207 1116 2234 ei
1132 2205 1233 2241 aliquid
1251 2208 1284 2235 de
1301 2205 1414 2236 instanti
1435 2216 1521 2245 agone
1538 2208 1622 2243 loqui.
1641 2208 1691 2235 Vea

58 2257 120 2290 ejus
144 2255 288 2283 intendere
309 2256 434 2283 auderet.
453 2255 577 2290 Rogabat
602 2259 732 2290 praeterea
748 2257 851 2288 martyr

58 2301 237 2329 beatissimus
253 2305 284 2328 ut
301 2301 423 2329 sinerent
438 2308 500 2328 eum
514 2300 548 2327 ad
565 2300 653 2327 sancti
666 2299 748 2327 Marci
769 2308 852 2328 evan-

58 2348 164 2383 gelista;
179 2347 339 2375 memoriam
362 2347 417 2380 ire;
434 2346 560 2381 cupiebat
581 2345 653 2373 enim
671 2346 731 2380 ejus
747 2352 776 2373 se
802 2353 851 2381 pa-

57 2394 184 2422 trociniis
206 2393 410 2422 commendare.
435 2392 470 2419 At
488 2392 527 2419 illi
543 2399 599 2427 prae
620 2391 734 2427 pudoris
754 2390 851 2418 confu-

57 2441 135 2468 sione
148 2444 250 2468 terram
264 2439 468 2474 despectantes.
482 2437 587 2469 Facito,
611 2437 748 2472 inquiunt,
775 2437 847 2472 quod

56 2487 109 2518 vis,
125 2490 234 2514 tantum
248 2485 382 2513 velocius.
407 2484 551 2512 Accedens
575 2485 667 2518 itaque
688 2483 849 2518 complexus

55 2537 98 2560 est
110 2532 330 2560 sacratissimum
349 2530 523 2566 evangelista:
536 2530 736 2562 ccemcterium,
753 2533 780 2557 et
793 2529 850 2556 vel-

56 2581 93 2607 uti
120 2580 148 2607 in
169 2587 255 2607 carne
274 2577 375 2606 viventi
393 2582 476 2613 atque
502 2576 623 2605 audienti
647 2577 778 2611 loquens,
796 2575 849 2602 hoc

56 2625 137 2652 modo
153 2624 320 2660 precabatur
336 2632 343 2650 :
363 2623 443 2651 Pater
459 2623 663 2652 honestissime.
689 2625 716 2649 tu
730 2629 849 2656 evange-

57 2671 116 2698 lista
128 2670 262 2706 unigeniti
275 2669 435 2702 Salvatoris,
451 2674 480 2696 tu
493 2669 572 2696 testis
589 2669 747 2704 passionum
763 2667 848 2700 illius,

59 2719 81 2743 le
103 2716 225 2752 primum
253 2715 409 2751 pontiﬁcem
434 2718 462 2742 et
490 2714 691 2742 ﬁrmamentum
712 2713 849 2741 cathedra:

903 2255 1056 2280 rmntamen
1068 2253 1132 2287 quia
1147 2251 1218 2281 Deus
1239 2262 1293 2281 non
1320 2254 1421 2282 deserit
1446 2258 1588 2290 sperantes
1605 2254 1632 2280 in
1649 2263 1688 2285 se,

903 2298 991 2324 noluit
1010 2302 1157 2334 martyrem
1172 2304 1251 2326 suum
1267 2299 1294 2326 in
1310 2300 1427 2327 articulo
1442 2301 1509 2327 tanti
1522 2299 1689 2328 discriminis

903 2344 1006 2379 absque
1023 2344 1122 2372 solatio
1145 2345 1309 2381 relinquere.
1324 2343 1395 2374 Ecce
1420 2347 1530 2381 quidam
1559 2352 1642 2374 senex
1662 2350 1690 2373 et

903 2390 1027 2425 quaedam
1043 2391 1120 2426 virgo
1139 2393 1227 2419 vetula
1244 2392 1384 2420 venientes
1403 2400 1438 2420 ex
1463 2393 1570 2428 oppidis
1587 2400 1691 2428 prope—

903 2437 1000 2464 rabant
1013 2438 1040 2465 in
1057 2438 1205 2470 civitatem,
1224 2447 1339 2474 quorum
1362 2447 1432 2466 unus
1447 2442 1564 2474 quatuor
1580 2440 1690 2467 venali—

903 2482 961 2510 cias
977 2483 1116 2512 deferebat
1133 2485 1228 2519 pelles,
1254 2485 1337 2512 altera
1363 2492 1472 2520 quoque
1487 2486 1608 2520 geminas
1625 2487 1691 2514 sin-

902 2529 998 2558 dones.
1014 2529 1136 2558 Cernens
1151 2537 1199 2559 eos
1215 2531 1310 2559 beatus
1334 2532 1466 2564 antistes,
1483 2532 1610 2567 cognovit
1625 2540 1691 2568 erga

903 2583 933 2603 se
947 2576 1067 2604 divinam
1088 2578 1328 2612 dispensationem.
1353 2578 1428 2606 Illico
1449 2582 1625 2613 percontatus
1648 2587 1690 2607 est

903 2621 998 2649 dicens
1014 2631 1020 2649 :
1036 2622 1185 2651 Christiani
1201 2624 1289 2652 estis?
1305 2625 1350 2660 qui
1371 2624 1499 2652 dixerunt
1517 2634 1523 2652 :
1540 2624 1638 2651 Etiam.
1658 2624 1690 2652 Et

903 2667 950 2699 ait,
965 2674 1019 2703 quo
1034 2668 1168 2705 pergitis?
1183 2670 1216 2697 Et
1232 2671 1269 2697 illi
1290 2680 1297 2698 :
1319 2670 1359 2697 Ad
1379 2671 1525 2703 nundinas,
1551 2670 1688 2706 inquiunt,

903 2712 979 2740 urbis
994 2718 1024 2741 ut
1037 2715 1223 2743 venundemus
1241 2715 1298 2743 haec
1313 2722 1373 2752 qua:
1384 2715 1542 2744 deferimus.
1556 2715 1691 2744 Clemen-

89 2808 127 2843 (a)
144 2808 219 2835 Bene
247 2810 354 2843 noster__
369 2805 504 2843 per__h_anc
532 2803 702 2832 reticentiam
733 2803 799 2831 vitat
820 2803 960 2831 nominum
978 2802 1209 2838 perturbationem
1223 2809 1283 2837 quae
1295 2802 1416 2830 occurrit
1432 2802 1460 2828 in
1478 2801 1554 2829 Actis
1571 2800 1690 2828 Coth

58 2840 158 2872 lisianis
168 2847 196 2871 et
207 2843 236 2869 in
252 2842 315 2870 cod.
334 2840 394 2867 Vat.
408 2841 470 2868 622.
