1909 3069
232 169 283 195 HS

723 171 919 199 ALEXANDRI
940 172 1092 201 EPlSCOPl
1111 172 1360 200 LYCOPOLITANI

1793 174 1844 202 διὸ

231 228 282 250 est.
297 223 367 251 Sane
383 225 456 259 quod
471 226 505 253 ah
527 226 620 261 aliquo
636 226 774 256 conditum
786 231 838 261 est,
859 228 885 255 id
901 228 946 256 illo
963 229 996 257 de

1061 230 1206 265 τεχνητῶν,
1219 231 1268 256 ὅσα
1278 230 1379 257 τούτων
1396 230 1473 266 ἔργα.
1495 231 1525 257 Εἰ
1535 229 1581 263 οὖν
1595 231 1644 266 τῆς
1658 231 1723 266 ὕλης
1737 231 1817 266 ἔργον
1830 233 1844 258 ό

231 270 315 296 terius
337 278 398 298 esse
424 274 452 298 ut
480 272 665 305 existimetur,
692 277 769 307 extra
796 275 1007 304 controversiam

230 317 280 342 est.
302 313 348 342 Sic
361 316 432 348 enim
454 316 572 347 mundus
588 318 718 346 Creatore
739 320 869 351 deterius,
885 328 931 347 seu
946 319 1009 354 Opi-

229 359 292 393 ﬁce;
309 363 337 387 et
356 361 517 394 artiﬁcibus,
539 371 707 399 quaecunque
732 366 798 392 artis
813 373 895 400 opera
920 369 1004 393 sunt:

1062 275 1211 309 ἄνθρωπος,
1224 275 1331 306 πάντως
1349 283 1399 301 που
1419 275 1519 310 ταύτης
1536 277 1633 310 χεῖρον.
1653 276 1739 310 "nm;
1754 276 1782 302 δὲ
1800 277 1842 302 κά-

1061 326 1119 344 κιον
1129 318 1153 344 σί
1166 318 1259 353 ἄνδρες
1268 318 1341 344 οὐδὲν
1355 318 1552 345 καταλείπουσι·
1563 320 1609 345 καὶ
1622 320 1671 346 οὐκ
1681 319 1737 346 ἴσον
1752 322 1783 355 τῇ
1795 321 1841 357 ὕλῃ

1063 363 1206 399 μίγνυσθαι
1226 364 1275 398 τὴν
1290 363 1363 390 θείαν
1376 364 1489 399 δύναμιν
1502 365 1547 391 καὶ
1560 365 1599 401 τῷ
1617 365 1717 401 ταύτης
1731 366 1832 401 χείρονι

229 405 300 440 quod
319 410 408 433 autem
429 408 541 434 materia
560 408 679 439 deterius
697 410 748 443 sit,
767 410 835 443 nihil
853 411 890 445 illi
912 411 1006 441 voiunt
1020 410 1154 452 reliquum
1177 417 1248 443 esse.
1264 409 1317 436 Nec
1344 417 1393 450 par
1415 414 1457 438 est
1488 410 1595 438 misceri
1614 405 1745 444 materiae,
1773 415 1800 439 et
1819 414 1842 439 ei

228 452 298 486 quod
312 453 425 483 materia
439 453 558 484 deterius
573 457 618 482 sit.

263 498 328 531 Quae
340 507 404 527 vero
425 502 502 536 quasi
522 502 690 538 indulgentia
714 511 745 532 ac
760 505 947 541 dispensando
966 505 1010 539 di-

226 548 301 578 cunt,
314 545 371 574 haec
386 543 436 576 nec
445 547 592 584 intelligere
606 550 738 578 videntur.
749 551 818 584 Quid
836 551 907 579 enim
920 560 1009 583 causa:

226 594 277 622 est,
294 599 344 618 cur
363 591 410 620 Dei
426 593 570 629 imaginem
585 596 611 622 in
624 597 803 625 substantiam
821 598 940 626 hominis
951 606 1009 625 ma-

226 635 322 662 teriam
335 638 461 673 alligasse
475 641 653 669 existiment?
666 642 719 670 Aut
739 652 788 671 cur
801 651 855 670 non
876 645 934 679 ipsa
950 643 1008 671 suf-

226 681 320 710 ﬁciens
339 683 439 718 imago,
456 686 528 713 velut
548 687 576 714 in
601 689 729 723 speculis,
746 694 775 716 ut
792 689 873 716 homo
893 697 1006 725 appare-

226 726 286 753 ret?
300 726 353 754 Aut
367 729 438 757 sicut
458 731 516 765 ipse
531 734 582 765 sol,
600 734 633 761 ad
651 735 772 761 omnium
784 743 844 770 qua:
858 743 1005 770 procrean-

225 775 279 805 tur,
294 778 383 801 ortum
395 782 426 803 ac
435 777 575 805 interitum
590 779 726 808 suﬂiciens
737 785 789 813 est,
801 788 910 816 suaeque
920 781 1005 816 ipsius

224 819 370 848 creationis
394 821 549 858 imaginem,
575 833 624 860 pro
646 827 758 853 creandi
776 835 888 854 munere
911 836 942 855 ac
962 827 1004 854 fa-

1102 503 1136 528 ‘A
1151 502 1178 528 δὲ
1194 500 1412 536 οἰκονομούμενοι
1430 500 1547 535 λέγουσι,
1566 502 1650 528 ταῦτα
1666 503 1720 529 οὐδ’·
1736 504 1842 539 ἐπινοῆ-

1062 557 1107 574 σαι
1122 547 1234 574 οἶονται.
1248 547 1297 573 Διὰ
1321 547 1346 572 τί
1371 546 1423 583 γὰρ
1441 547 1489 581 τῆς
1508 548 1659 582 κρείττονος
1686 549 1789 581 εἰκόνος
1804 552 1841 582 εἰς

1061 593 1109 629 τὴν
1125 593 1171 619 τοῦ
1182 591 1323 628 ἀνθρώπου
1337 592 1484 618 ὑπόστασιν
1498 592 1546 626 τὴν
1558 592 1622 627 ὓλην
1633 593 1756 620 δεδέσθαι
1771 597 1842 631 νομί-

1061 638 1170 671 ζουσιν;
1184 638 1219 664 Ἣ
1228 637 1272 664 διὰ
1282 638 1307 663 τί
1324 638 1373 663 οὐκ
1388 637 1525 672 αὐτάρκης
1540 639 1556 672 ἡ
1573 637 1664 670 εἰκὼν,
1677 638 1714 670 ὡς
1727 640 1774 666 ἐπὶ
1788 640 1841 666 τῶν

1059 684 1228 720 κατόπτρων,
1249 684 1317 719 πρὸς
1345 683 1376 709 τὸ
1399 683 1546 718 πεφηνέναι
1570 684 1614 709 τὸν
1633 683 1792 719 ἄνθρωπον;
1806 687 1840 712 Ἦ

1056 730 1181 765 καθάπερ
1197 729 1278 760 αὐτὸς
1294 731 1307 755 ὸ
1319 728 1394 763 ἥλιος
1414 729 1481 763 πρὸς
1500 728 1604 761 γένεσιν
1630 729 1757 756 ἁπάντων
1787 731 1840 756 τῶν

1056 774 1204 809 γινομένων
1222 774 1269 800 καὶ
1297 773 1397 808 φθορὰν
1414 773 1561 808 αὐτάρκης
1576 774 1727 808 ἐμιμήσατο
1740 774 1769 802 δὲ
1793 775 1840 810 τὴν

1055 819 1147 846 εἰκόνα
1176 819 1245 845 κατὰ
1270 819 1319 854 τὴν
1342 818 1449 853 ποίησιν
1463 818 1511 853 τῆς
1541 818 1673 854 σφετέρας
1696 819 1781 854 αὐτῆς
1793 820 1838 855 δη-

224 862 314 890 ciendi
329 866 471 895 aemulatus
487 873 539 897 est.
555 859 677 903 Quonam
697 872 804 900 tandem
817 873 924 900 illorum
943 881 998 908 quas

1057 864 1208 900 μιουργίας.
1223 864 1281 890 Τίνι
1296 863 1359 890 ποτὲ
1376 859 1515 897 ὧν,εἷχεν;
1532 861 1604 899 Ἀρά
1615 872 1646 898 γε
1661 866 1693 900 τῇ
1713 865 1838 902 μιχθείσῃ

224 907 326 936 habet?
343 910 413 946 Ergo
429 912 522 940 divina
539 916 627 943 virtus
643 917 683 944 sic
699 923 830 952 spectata,
849 907 1007 953 organiira-

223 953 326 981 tionem
350 961 475 991 respectu
507 961 627 988 materiis
649 962 749 989 habet?
774 962 826 989 Sed
852 963 1006 990 inordinate

223 1001 309 1036 motu,
325 1007 379 1034 quo
398 1002 438 1028 sic
460 1002 547 1030 forma
565 1007 706 1034 materiam
724 1007 843 1034 imbuat?
858 1008 956 1035 Verum
969 1009 1007 1036 si-

222 1043 297 1071 milia
313 1046 414 1078 omnia,
438 1049 576 1084 exquisito
597 1051 692 1080 ordine
716 1052 892 1088 diligentique
910 1062 1003 1089 opera,

221 1087 352 1118 imitando
367 1091 447 1119 tinem
471 1100 666 1130 assequuntur.
685 1096 778 1132 Neque
797 1087 868 1126 enim
892 1087 1002 1126 domum

222 1137 268 1160 aut
284 1137 385 1170 navim,
401 1139 444 1166 vel
455 1140 520 1174 quid
537 1141 612 1169 aliud
627 1143 787 1170 artefaetum
800 1144 1002 1173 inordinatione

221 1187 340 1215 unquam
372 1185 496 1218 praestari
520 1187 730 1223 arbitrabimur;
757 1198 845 1225 neque
870 1195 1000 1225 statuam,

221 1226 299 1260 cujus
317 1235 362 1255 ars
383 1229 515 1258 fabricam
539 1233 573 1260 ad
590 1234 710 1263 hominis
736 1236 915 1264 imitationem
939 1245 999 1264 mo-

220 1270 267 1298 lita
279 1277 329 1300 est.

220 1317 285 1346 CAP.
301 1319 396 1350 XXIV.
409 1323 531 1352 Christus
544 1334 626 1356 mens.
643 1327 816 1357 Illanichaice.

1056 909 1124 945 πρὸς
1140 909 1225 944 αὐτὴν
1241 909 1299 944 Θείᾳ
1315 909 1438 944 δυνάμει,
1456 908 1552 935 οὐκοῦν
1575 910 1603 935 ὲν
1624 910 1740 945 ὀργάνου
1769 910 1838 946 λόγῳ

1056 954 1116 981 θεία
1128 953 1252 989 δύναμις,
1269 954 1339 980 οὓτω
1359 962 1390 988 γε
1413 954 1479 989 πρὸς
1504 955 1551 989 τὴν
1580 955 1664 990 inm;
1697 955 1779 983 Ἀ’λλά
1800 959 1832 992 τῇ

1055 1000 1165 1035 ἀτάκτῳ
1179 1000 1294 1035 κινήσει,
1309 1000 1393 1031 οὕτως
1410 1000 1578 1036 είδοποιούσῃ
1591 1002 1641 1036 τὴν
1653 1001 1735 1037 ὓλην;
1761 1002 1840 1029 Ἀλλὰ

1055 1049 1145 1076 πάντα
1156 1058 1188 1084 γε
1202 1049 1237 1075 τὰ
1249 1049 1329 1084 ὅμοια
1346 1050 1374 1075 ὲν
1386 1049 1478 1081 τάξεσι
1507 1050 1554 1075 καὶ
1570 1049 1723 1084 ἀκριϐείαις
1739 1050 1783 1077 διὰ
1800 1060 1839 1086 μιν

1058 1096 1164 1131 μήσεων
1190 1096 1342 1130 ἀφικνεῖται
1368 1095 1407 1127 είς
1431 1096 1516 1128 τέλος,
1542 1097 1608 1123 Οὐδὲ
1636 1097 1690 1132 γὰρ
1711 1098 1801 1125 οίκίαν
1822 1099 1837 1133 ἧ

1055 1141 1154 1173 πλοῖον,
1169 1141 1222 1177 ἦτι
1238 1141 1329 1176 ἕτερον
1360 1141 1413 1167 τῶν
1429 1142 1557 1177 τεχνιτῶν
1575 1142 1606 1168 δι’
1616 1143 1729 1175 ἀταξίας
1741 1144 1838 1171 ἀποτε-

1053 1185 1155 1212 λεῖσθαι
1169 1185 1276 1212 οἴονται·
1295 1186 1354 1212 οὐδὲ
1376 1187 1530 1222 ἀνδριάντα,
1548 1188 1617 1223 ὅπερ
1643 1189 1755 1224 ήμτέχνη
1768 1189 1836 1225 πρὸς

1054 1230 1195 1266 ἀνθρώπου
1214 1232 1326 1266 μίμησιν
1343 1233 1540 1268 ἐμηχανήσατο.

835 1330 906 1370 Quid
919 1331 1110 1370 ecclesiastico?
1126 1331 1339 1370 inconvenientia
1354 1333 1385 1360 de
1405 1333 1520 1361 Christo.
1539 1333 1654 1362 Passum
1676 1336 1835 1370 umbratice,

603 1362 810 1392 Manichworum
826 1362 960 1393 delirium.
976 1365 1051 1392 Nihil
1072 1366 1154 1393 Verbo
1173 1375 1217 1401 per
1228 1368 1359 1402 ﬁctionem
1372 1375 1471 1403 aptum.

253 1411 393 1440 Christum
416 1423 479 1443 vero
499 1424 560 1445 cum
584 1428 634 1448 nec
658 1427 834 1457 cognoscant,
858 1423 998 1451 Christum

219 1459 311 1485 tamen
326 1459 415 1494 ipsum
427 1463 604 1497 appellantes,
620 1474 682 1494 cum
696 1468 782 1496 altero
795 1470 927 1497 sumendo
944 1470 998 1497 ele-

1086 1424 1137 1450 Τὸν
1152 1423 1180 1450 δὲ
1207 1425 1334 1461 Χριστὸν,
1351 1426 1410 1452 οὐδὲ
1424 1426 1611 1460 γινώσκοντες,
1634 1428 1702 1455 ἀλλὰ
1716 1429 1835 1464 Χριστὸν

1052 1469 1133 1497 αὐτὸν
1148 1470 1393 1506 προσαγορεύοντες
1405 1473 1443 1512 τῇ
1456 1472 1524 1507 πρὸς
1539 1472 1568 1498 τὸ
1591 1473 1622 1504 ,βί
1637 1475 1768 1508 στοιχεῖον
1788 1482 1835 1509 με-

220 1509 320 1555 mento,
339 1506 468 1543 aliudque
490 1509 682 1545 signiﬁcatum,
703 1522 785 1549 quam
802 1523 855 1550 quo
875 1516 920 1543 ille
937 1523 998 1550 pro-

1053 1515 1174 1551 ταλήψει,
1190 1516 1282 1551 ἕτερον
1298 1506 1494 1553 σημαινόμενον
1509 1517 1569 1544 ἀντὶ
1587 1518 1633 1544 τοῦ
1653 1506 1756 1553 κυρίως
1771 1506 1834 1555 nep).

220 1550 279 1584 prie
293 1552 435 1587 accipitur,
450 1554 616 1590 inducendo,
632 1558 721 1594 ipsum
742 1565 858 1588 mentem
873 1569 934 1589 esse
946 1566 1002 1589 tra~

218 1595 295 1624 dunt.
312 1596 342 1624 Si
354 1599 464 1634 quidem
484 1606 574 1630 autem
594 1603 622 1630 id
639 1605 712 1639 quod
733 1606 856 1633 noscitur
878 1614 910 1633 ac
926 1607 999 1642 quod

217 1644 369 1687 cognoscit,
384 1646 601 1684 sapientiamque
616 1650 705 1685 ipsum
721 1659 774 1679 una
790 1660 855 1680 voce
866 1653 999 1687 dicentes,

218 1686 253 1714 iis
271 1695 332 1722 quae
354 1690 406 1717 viri
428 1693 606 1722 ecclesiastici
633 1695 667 1723 de
692 1696 739 1724 illo
764 1697 923 1732 loquuntur,
951 1707 1000 1734 per

218 1732 292 1760 hunc
316 1735 427 1764 modum
455 1741 610 1769 consentire
645 1741 905 1779 deprehenduntur;
933 1732 998 1781 quid

217 1783 309 1805 causa:
323 1784 376 1813 est,
394 1789 444 1809 cur
457 1791 575 1818 omnem,
599 1795 679 1822 quam
696 1793 806 1822 vocant,
822 1794 942 1819 veterem
955 1793 999 1820 hi-

217 1825 331 1851 storiam
345 1830 494 1862 respuant?
511 1830 539 1857 Si
561 1840 637 1865 vero,
659 1837 689 1860 ut
703 1837 885 1869 quorumdam
905 1838 998 1872 opinio

216 1872 270 1901 est,
294 1871 474 1901 adventitium
496 1875 584 1910 ipsum
606 1886 771 1915 novumque,
791 1885 817 1908 et
833 1882 880 1917 qui
895 1871 999 1911 extrin-

215 1921 297 1942 secus
309 1924 429 1953 caanue
446 1920 597 1955 intraverit,
613 1928 746 1957 statuunt,
767 1927 918 1955 videamus.
938 1928 997 1955 llu-

214 1958 260 1994 jus
276 1961 348 1989 enim
363 1964 501 1998 opinionis
517 1967 663 2002 antistites,
682 1972 753 2006 quod
768 1973 885 2001 maxime
906 1975 996 2002 suasi-

217 2004 270 2033 bile
288 2007 423 2042 videatur,
448 2011 521 2038 circa
546 2020 647 2041 annum
670 2004 816 2051 septimum
837 2018 942 2052 dicunt,
964 2028 996 2047 ea

215 2058 277 2086 quae
298 2060 381 2081 sensu
407 2057 519 2090 praedita
543 2064 599 2091 est,
622 2061 722 2089 virtute
752 2064 860 2098 organis
879 2063 995 2092 formata

215 2100 297 2142 atque
316 2099 460 2134 distincta,
479 2103 567 2138 ipsum
595 2106 746 2142 ingressum
772 2116 843 2137 esse.
866 2109 943 2142 Quod
971 2111 994 2138 si

215 2141 341 2171 Christus
354 2153 430 2174 mens
443 2152 494 2182 est,
511 2154 539 2176 ut
553 2151 590 2178 illi
605 2153 761 2187 opinantur,
791 2154 830 2182 sic
846 2155 926 2183 simul
942 2157 994 2184 erit

214 2187 341 2217 Christus
353 2194 380 2218 et
395 2199 449 2219 non
465 2194 527 2221 erit.
544 2195 695 2232 Antequam
710 2199 782 2226 enim
796 2207 873 2227 mens
883 2209 994 2230 sensus-

213 2241 267 2269 que
278 2235 453 2272 ingrediatur,
471 2248 506 2267 ne
525 2241 632 2275 quidem
652 2246 702 2271 est.
719 2244 797 2277 Quod
821 2245 843 2273 si
856 2246 993 2280 Christus,

214 2282 244 2306 ut
255 2279 307 2314 ipsi
319 2281 422 2315 volunt,
437 2291 514 2312 mens
530 2290 580 2318 est,
593 2286 621 2313 in
638 2288 724 2322 ipsum
742 2297 806 2316 vero
818 2291 994 2319 exsistentem

212 2331 290 2352 mens
302 2326 463 2362 ingreditur,
478 2326 519 2358 sic
539 2339 635 2360 rursus
646 2334 752 2361 illorum
767 2336 901 2363 sententia
916 2345 994 2366 mens

211 2370 273 2415 erit.
288 2370 337 2399 Est
354 2373 437 2408 igitur
455 2379 483 2402 et
495 2383 549 2404 non
561 2382 603 2405 est
615 2379 710 2406 eodem
726 2383 846 2415 tempore
856 2381 992 2410 Christus.

212 2414 240 2443 Si
251 2422 351 2450 autem,
364 2427 423 2454 quae
436 2421 543 2449 illorum
554 2428 627 2451 secta
639 2414 829 2459 probatissima
838 2431 890 2459 est,
903 2436 991 2461 mens,

210 2467 240 2490 ut
257 2468 283 2490 et
297 2465 349 2499 ipsi
364 2466 530 2500 existimant,
553 2470 643 2496 omnia
660 2475 702 2498 est
720 2479 779 2506 qua:
804 2476 886 2506 sunt;
902 2481 989 2508 quan-

209 2508 354 2544 doquidem
367 2512 506 2539 materiam
520 2514 667 2548 ingenitam
680 2516 850 2550 prolitentur,
863 2520 889 2543 et
900 2524 991 2552 aequa-

210 2554 255 2586 lis,
268 2556 349 2584 utsic
365 2557 470 2592 loquar,
487 2567 549 2586 eum
569 2559 624 2587 Deo
641 2562 772 2597 temporis
793 2562 898 2597 ipsique
918 2570 989 2590 coae-

1052 1561 1133 1587 αὺτοῦ
1151 1561 1352 1597 ὑπειλημμένον
1376 1563 1538 1596 εἰσάγοντες,
1564 1563 1635 1590 Νοῦν
1651 1561 1720 1591 εἶναι
1739 1565 1830 1599 φασίν.

1051 1607 1082 1633 El
1096 1606 1154 1642 μὲν,
1172 1606 1201 1633 τὸ
1219 1607 1335 1641 γνωστὸν
1349 1608 1394 1634 καὶ
1404 1608 1434 1634 τὸ
1444 1609 1594 1642 γιγνῶσκον
1614 1609 1661 1635 καὶ
1671 1609 1721 1644 τὴν
1737 1611 1833 1645 σοφίαν

1051 1652 1132 1679 αὑτοῦ
1149 1652 1271 1687 λέγοντες
1288 1654 1425 1688 ὁμόφωνα,
1447 1654 1532 1687 οὕτως
1550 1657 1606 1687 τοῖς
1633 1656 1687 1682 ἀπὸ
1710 1656 1766 1683 τῶν
1788 1658 1834 1684 ὲκ-

1050 1698 1168 1734 κλησιῶν
1180 1699 1242 1735 περὶ
1257 1699 1338 1726 αὑτοῦ
1366 1701 1474 1735 λέγουσι
1489 1701 1698 1737 διαταττόμενοι,
1718 1702 1792 1729 οὕτω
1802 1711 1834 1737 γε

1050 1744 1207 1772 ἁλώσονται·
1225 1745 1283 1777 πῶς
1292 1743 1337 1772 οὖν
1349 1746 1399 1782 τὴν
1421 1746 1568 1783 λεγομένην
1593 1747 1709 1774 παλαιὰν
1723 1748 1834 1777 ἃπασαν

1050 1790 1169 1825 ἱστορίαν
1184 1790 1375 1824 emensum;
1403 1792 1435 1818 Εἰ
1456 1792 1485 1818 δὲ
1500 1793 1658 1828 ὲπιγενητὸν
1673 1794 1744 1821 κατά
1757 1803 1834 1826 τινας

1049 1835 1155 1869 λέγουσι
1168 1836 1214 1862 καὶ
1236 1835 1290 1863 τῶν
1304 1836 1402 1869 ἔξωθεν
1419 1838 1593 1865 ἐπεισιόντων
1610 1839 1656 1865 καὶ
1670 1839 1835 1874 συμϐαινόν-

1047 1888 1112 1913 των,
1127 1881 1318 1915 σκοπήσωμεν.
1344 1881 1375 1907 Οί
1400 1881 1454 1917 γὰρ
1474 1881 1505 1917 δὴ
1519 1882 1619 1918 ταύτης
1638 1883 1833 1919 προϊστάμενοι

1048 1925 1096 1961 τῆς
1113 1925 1190 1961 δόξης
1204 1925 1314 1952 πιθανὸν
1335 1926 1451 1961 μάλιστα
1476 1927 1585 1961 λέγουσι
1615 1929 1678 1964 περὶ
1701 1928 1737 1955 τὰ
1763 1930 1833 1956 ἑπτὰ

1047 1970 1094 2005 ἐτη
1108 1971 1156 2006 τῆς
1169 1970 1328 2006 αἰσθητικῆς
1349 1971 1487 2005 δυνάμεως
1511 1971 1724 2008 διαρθρωθείσης
1751 1974 1832 2001 αὑτὸν

1047 2016 1262 2051 ξπειτέρχεσθαι.
1284 2017 1314 2042 Ei
1327 2016 1358 2051 δὴ
1372 2016 1434 2048 νοῦς
1457 2018 1530 2044 ἐστιν
1545 2018 1559 2043 ό
1570 2018 1685 2052 Χριστὸς
1710 2020 1773 2045 κατ’
1788 2020 1830 2046 αὖ·

1046 2062 1118 2094 τοὺς,
1136 2062 1205 2088 οὓτω
1219 2071 1250 2096 γε
1267 2061 1341 2088 ἔσται
1354 2070 1383 2088 τε
1397 2062 1454 2097 ἃμα
1469 2063 1516 2089 καὶ
1535 2065 1585 2090 οὐκ
1598 2063 1682 2090 ἔσται·
1699 2065 1765 2100 πρὶν
1781 2065 1831 2100 μὲν

1046 2107 1098 2142 γὰρ
1114 2107 1278 2134 ἐπεισελθεῖν
1291 2107 1336 2134 τὸν
1347 2107 1419 2136 νοῦν.
1437 2108 1540 2135 οὐδέπω
1563 2109 1646 2136 ἐστίν.
1664 2109 1698 2135 Εἴ
1718 2118 1751 2145 γε
1768 2111 1830 2143 νοῦς

1046 2153 1102 2179 ἐστι
1113 2154 1172 2179 κατ’
1189 2154 1287 2185 αὐτοὺς
1299 2154 1314 2180 ό
1326 2154 1451 2190 Χριστὸς,
1469 2154 1535 2181 ἀλλὰ
1560 2155 1612 2190 μὴν
1632 2155 1688 2182 ὄντι
1709 2164 1741 2190 γε
1756 2158 1830 2192 αὐτῷ

1047 2199 1234 2234 ξπεισέρχεται
1256 2200 1270 2225 ό
1291 2199 1362 2232 νοῦς,
1377 2199 1462 2231 οὕτως
1487 2198 1533 2226 οὖν
1553 2201 1633 2227 πάλιν
1657 2202 1716 2228 κατ’
1731 2203 1829 2235 αὐτοὺς

1046 2244 1122 2271 ἔσται
1137 2245 1150 2270 ὁ
1168 2245 1239 2276 νοῦς.
1268 2245 1346 2271 Ἐστι
1369 2253 1400 2280 γε
1417 2245 1463 2273 καὶ
1481 2246 1530 2272 οὐκ
1557 2246 1629 2273 ἐστιν
1643 2247 1672 2274 ἐν
1698 2247 1738 2283 τῷ
1755 2249 1829 2284 αὐτῷ

1046 2291 1133 2326 χρόνῳ
1149 2291 1163 2317 ὁ
1182 2291 1306 2327 Χριστός.
1333 2291 1365 2317 Et
1385 2291 1413 2317 δὲ
1426 2293 1486 2318 κατ’
1502 2292 1590 2319 αὐτῶν
1612 2292 1661 2328 τὴν
1682 2294 1828 2329 καλλίστην

1046 2336 1149 2372 αἵρεσιν
1162 2337 1176 2362 ὁ
1192 2335 1254 2368 νοῦς
1270 2337 1330 2363 κατ’
1344 2337 1442 2368 αὐτούς
1460 2338 1517 2364 ἐστι
1529 2337 1564 2364 τὰ
1577 2338 1641 2365 ὄντα
1655 2340 1754 2366 πάντα·
1769 2341 1830 2367 ἐπεὶ

1045 2382 1093 2417 τὴν
1105 2381 1170 2416 ὓλην
1187 2381 1316 2415 ἀγένητον
1337 2382 1507 2408 ὑποτίθενται
1529 2383 1575 2410 καὶ
1589 2384 1722 2420 ἱσόχρονον
1737 2385 1775 2416 ὡς
1792 2387 1831 2411 εἱ-

1047 2429 1106 2453 πεῖν
1120 2427 1158 2462 τῷ
1173 2427 1241 2462 Θεῷ,
1260 2427 1305 2454 καὶ
1321 2427 1382 2453 νοῦν
1402 2428 1447 2454 καὶ
1468 2427 1533 2463 ὓλην
1548 2429 1640 2455 τοῦτον
1657 2430 1703 2456 τὸν
1720 2431 1826 2466 πρῶτον

1045 2473 1089 2499 τὸν
1107 2474 1221 2508 Χριστὸν
1235 2473 1403 2499 ὑποτίθενται
1426 2472 1505 2507 εἶναι,
1516 2473 1543 2499 εῐ
1560 2482 1592 2507 γε
1617 2475 1652 2501 τὰ
1665 2476 1756 2502 πάντα
1769 2478 1825 2503 κατ’

1044 2518 1141 2550 αὐτούς
1153 2519 1226 2545 ἐστιν
1237 2519 1251 2545 ὁ
1268 2519 1385 2554 Χριστὸς
1397 2519 1458 2550 νοῦς
1478 2518 1525 2551 ὢν,
1542 2520 1572 2551 ὃς
1588 2521 1661 2547 ἐστιν
1675 2521 1710 2547 τὰ
1726 2522 1823 2549 πάντα

1043 2564 1115 2599 καὶὴ
1128 2563 1176 2599 ὕλη
1189 2564 1217 2590 ἓν
1229 2564 1282 2590 τῶν
1295 2564 1388 2593 ὄντων,
1404 2564 1450 2590 καὶ
1461 2564 1527 2600 αὐτὴ
1541 2565 1671 2601 ἀγένητος
1686 2565 1765 2594 οὖσα.

209 2607 283 2633 vam,
312 2603 432 2637 primums
459 2604 531 2632 hunc
556 2605 694 2634 Christum
718 2611 745 2634 et
768 2613 883 2635 mentem
902 2613 929 2635 et
954 2609 1093 2635 materiam
1123 2613 1256 2641 statuunt,
1272 2610 1295 2637 si
1314 2609 1422 2644 quidem
1438 2609 1566 2638 Christus
1585 2619 1662 2640 mens
1688 2618 1742 2648 est,
1767 2622 1821 2650 qua

210 2647 300 2675 omnia
314 2651 372 2682 est;
389 2657 528 2685 unumque
541 2659 634 2678 eorum
649 2660 710 2687 quze
722 2658 795 2686 sunt,
809 2655 921 2680 materia
933 2658 985 2687 est,
1000 2662 1060 2689 quas
1075 2655 1135 2689 ipsa
1155 2655 1275 2690 ingenita
1289 2659 1341 2683 est.

243 2695 284 2722 Ad
307 2697 444 2730 specimen
468 2706 531 2726 vero
554 2707 585 2726 ac
610 2701 829 2732 ostentationem,
851 2709 898 2736 per
925 2709 985 2727 cum

209 2740 319 2766 modum
336 2741 455 2769 divinam
468 2751 576 2778 quoque
593 2745 719 2772 virtutem
734 2747 761 2773 in
783 2747 895 2774 materia
912 2746 988 2773 cruci

209 2783 314 2810 allixam
330 2792 400 2817 csse,
419 2786 562 2822 ipsumque
586 2790 748 2824 supplicium
765 2791 815 2818 hoc
842 2791 918 2816 aiunt
934 2797 987 2816 non

213 2827 367 2865 pertulisse,
383 2831 461 2864 quasi
477 2832 580 2860 scilicet
595 2835 762 2869 impossibile
776 2836 810 2862 sit
825 2836 912 2877 ipsum
937 2835 987 2862 hoc

250 2883 288 2918 (7)
301 2884 405 2912 lla/air.
421 2886 461 2913 An
476 2887 577 2920 παθῖῖν,
596 2891 669 2924 pati?

1075 2702 1120 2733 Et;
1134 2703 1279 2738 ἐπίδειγμα
1292 2703 1330 2733 δὲ,
1350 2702 1444 2729 τοῦτον
1454 2703 1499 2729 τὸν
1513 2704 1611 2739 τρόπον
1626 2706 1672 2731 καὶ
1687 2706 1737 2741 τὴν
1751 2706 1823 2733 θείαν

1040 2747 1154 2782 δύναμιν
1167 2749 1381 2784 ἐνεσταυρῶσθαι
1403 2752 1434 2785 τῇ
1451 2751 1512 2788 ὓλῃ,
1527 2751 1574 2778 καὶ
1587 2751 1667 2779 αὑτὸν
1681 2752 1823 2788 ὑπομεμε-

1042 2792 1151 2826 νηκέναι
1169 2793 1197 2819 τὸ
1211 2793 1324 2828 πάθημα
1338 2794 1416 2822 τοῦτο
1435 2795 1568 2830 λέγουσιν,
1584 2796 1678 2831 ὥσπερ
1693 2797 1821 2824 ἀδυνάτου

1042 2837 1115 2870 ὄντος
1130 2838 1231 2865 ἐκείνου
1249 2839 1327 2866 τοῦτο
1343 2842 1427 2867 ποιεῖν
1444 2841 1493 2876 (7)·
1511 2842 1579 2877 ὅπερ
1600 2842 1680 2874 αὐτὸς
1694 2844 1707 2869 ό
1735 2844 1820 2870 Μανκ
