1909 3069
60 138 116 166 “Si

511 142 719 173 TRACTATUS
733 145 780 174 DE
797 147 953 176 PLACITIS
969 146 1246 176 MANICHEORUM.

1621 147 1676 176 ΗΒ

60 196 138 230 χαῖος
149 195 349 232 διαπράττεται
361 197 432 234 λόγῳ
446 199 509 236 περὶ
529 201 622 228 τούτου
632 201 773 230 διδάσκων*
789 204 844 231 Ὅτι

901 205 1006 233 facere:
1022 205 1095 240 quod
1110 205 1168 239 ipse
1179 204 1344 232 Manichteus
1353 205 1422 233 libro
1433 204 1467 232 de
1480 211 1512 232 ea
1526 211 1556 231 re
1571 205 1676 239 scripto

59 242 76 276 ὴ
93 241 157 268 θεία
166 240 282 279 δύναμις
305 244 345 278 είς
365 242 430 280 ὕλην
454 246 665 282 κατακέχληται,
695 249 742 283 καὶ
766 249 846 276 πάλιν

59 288 213 323 ἀποχωρεῖ.
231 288 338 331 Τρόπον
355 290 431 317 αὐτοὶ
441 291 650 320 ἀναπλάττουσι.
669 293 705 320 Τὸ
723 295 772 329 μὲν
792 295 845 331 γὰρ

59 331 132 358 κατὰ
141 332 187 358 τὸν
197 333 424 370 ὲκκλησιαο-τικόν
437 336 514 371 λόγον
527 339 612 370 εἰπεῖν
623 339 663 373 εἰς
676 339 751 373 λύσιν
761 340 846 376 ἀμαρ-

59 378 125 404 τιῶν
139 379 236 406 ἑαυτὸν
252 380 454 419 ἐπιδεδωκέναι,
468 383 524 418 ἔχει
536 384 624 410 πίστιν
632 384 693 411 τινὰ
702 385 767 420 πρὸς
779 386 844 412 πολ-

59 425 123 456 Αοὺς
138 425 194 451 κάκ
210 425 265 452 τῶν
283 426 406 462 ἱστοριῶν
432 428 485 454 τῶν
512 429 570 455 καθ’
590 430 730 466 Ἕλληνας,
757 432 795 458 ὅτ’
810 432 844 459 ἄν

59 480 139 505 φασι,
154 472 241 507 Tir-dc
256 473 330 508 ὑπὲρ
346 476 490 509 σωτηρίας
505 476 621 503 πόλεων
639 476 763 510 ἑαυτοὺς
779 477 844 504 ἐπι-

59 517 235 546 δεδωκέναι.
253 519 309 546 Καὶ
323 520 496 556 παράδειγμα
519 520 568 554 τοῦ
592 521 672 557 λόγου
696 521 752 557 ἔχει
767 523 842 558 καὶὴ

65 563 202 597 Ἰουδαίων
215 565 328 600 ἱστορία,
339 567 384 593 τὸν
401 567 448 594 τοῦ
468 567 591 603 Ἀϐραὰμ
605 569 686 595 παῖδα
698 569 737 600 εἰς
751 568 845 595 θυσίαν

58 607 96 642 τῷ
109 609 170 644 Θεῷ
188 611 443 646 παρασκευάζουσα.
461 612 497 638 Τὸ
512 613 540 640 δὲ
557 615 596 646 είς
611 614 769 649 πράγματος
783 613 845 640 ἐπί-

51 654 141 688 δειξιν
163 656 205 692 τῷ
233 657 373 694 παθήματι
398 659 512 693 ὑπάγειν
535 660 580 686 τὸν
605 660 721 696 Χριστὸν
746 659 846 698 πολλῆς

58 701 133 727 ἐςτιν
149 702 281 737 ἀμαθίας,
304 704 344 736 είς
359 704 529 733 διδασκαλίαν
551 706 598 741 καὶ
620 706 719 742 γνῶσιν
734 705 788 733 τῶν
799 705 843 732 δν-

58 753 111 772 των
125 747 174 772 τοῦ
189 747 276 782 Λόγου
293 748 367 781 δντος
385 750 518 786 ὑπάρχου.

899 249 1018 276 instituit
1038 249 1156 282 docere;
1181 248 1254 284 quod
1275 247 1403 275 nimirum
1426 248 1517 276 divina
1537 249 1623 276 virtus
1647 248 1675 275 in

898 296 1038 322 materiam
1059 295 1168 330 delapsa
1188 295 1234 327 sit,
1255 302 1287 322 ac
1305 303 1401 322 rursus
1424 295 1541 322 recedat.
1565 293 1673 322 Modum

897 340 937 368 illi
953 341 1205 369 comminiscuntur.
1218 339 1290 367 Sane
1303 341 1410 376 quidem
1432 344 1462 366 ιιι
1477 339 1583 367 dicatur
1595 340 1673 374 jurta

899 385 1026 414 Ecclesiae
1048 386 1198 414 doctrinam
1217 390 1302 414 semet
1321 386 1409 420 ipsum
1430 385 1573 412 tradidisse
1584 384 1615 412 ad
1631 385 1673 411 di-

898 430 996 458 luenda
1019 434 1140 466 peccata,
1158 430 1236 458 fidem
1251 430 1395 465 quamdam
1414 430 1493 465 vulgo
1512 430 1624 460 obtinet.
1639 437 1672 456 ex

897 475 965 510 ipsis
980 468 1085 511 quoque
1096 474 1250 502 Cra-corum
1266 475 1396 506 historiis,
1411 482 1473 502 eum
1488 475 1574 505 aiunt.
1595 473 1673 501 Non-

896 514 982 548 nulla:
997 529 1024 548 se
1039 522 1108 555 ipso:
1128 520 1258 548 dedidisse
1275 525 1304 547 ut
1318 521 1434 547 civitates
1451 519 1591 547 inccﬂttmes
1605 527 1673 554 pne-

895 572 1004 595 starent.
1024 560 1144 602 Eiusque
1166 567 1297 594 doctrinae
1315 566 1467 601 exemplum
1487 566 1568 594 habet
1587 569 1613 592 et
1625 564 1674 592 Ju-

894 610 1013 638 daaorum
1026 611 1165 643 historia‘,
1178 619 1237 646 quae
1250 611 1363 639 Abrahae
1375 610 1458 638 lilium
1469 611 1496 638 in
1509 610 1672 637 sacriﬁcium

895 656 950 684 Deo
957 661 1089 692 pneparet
1101 661 1236 692 aptetque.
1246 655 1294 683 Rei
1308 661 1397 684 autem
1409 655 1575 684 ostentandae
1586 655 1672 690 gratia

893 706 921 729 et
932 702 965 729 ad
981 702 1116 736 specimen
1133 701 1270 729 Christum
1282 702 1400 737 passioni
1413 701 1557 736 subjicere,
1569 708 1673 736 magna:

896 743 1011 775 inscitiae
1025 751 1076 781 est,
1091 754 1151 774 cum
1171 747 1289 774 Verbum
1309 747 1342 774 ad
1360 754 1449 774 rerum
1467 747 1617 774 doctrinam
1640 754 1672 775 ac
1711 777 1718 789 ς

894 793 1036 820 scientiam
1053 800 1152 827 praeses
1167 799 1198 820 ac
1213 793 1316 828 legatus
1330 792 1375 820 sit.

57 844 123 879 (In.
140 845 228 874 XXV.
248 846 456 881 Hauichworum
472 848 630 885 abstinentia
644 858 660 876 ιι
674 849 827 885 viventibus,
837 846 1058 885 rridigulasQuod
1072 847 1212 885 abhorrent
1227 855 1242 874 a
1256 847 1364 882 nuptiis,
1376 847 1516 875 dementia.
1530 846 1672 883 Gigantum

584 885 752 920 mythologia.
767 883 855 911 Nimis
873 882 1013 917 allegorica
1029 883 1166 917 expositio.

97 936 262 974 ’ᾼπέχονται
272 940 299 966 δὲ
313 940 450 976 ἐμψύχων.
473 941 504 967 Εἰ
522 942 570 976 μὲν
585 941 638 977 γὰρ
663 942 756 978 ἐτέρου
770 941 843 972 τινὸς

927 939 1072 967 Abstinent
1096 943 1186 965 autem
1212 939 1246 966 ab
1274 938 1410 965 animatis.
1432 937 1459 964 Si
1481 938 1588 973 quidem
1610 938 1672 973 ejus

56 985 148 1020 χᾴριν,
167 986 200 1012 οὺ
223 987 443 1022 περιεργαστέον·
469 987 493 1013 εί
517 987 546 1013 δὲ
569 987 635 1014 διότι
658 987 675 1023 ἡ
698 987 840 1023 δύναμις-1]

56 1029 116 1065 θεία
129 1029 235 1061 τούτων
257 1031 361 1066 ἀπέστη
377 1031 476 1068 μᾷλλον
490 1031 506 1066 ἢ
520 1032 666 1068 ἐνυπάρχει
680 1032 779 1065 πλεῖον,
796 1041 842 1066 γε-

54 1074 127 1105 λοῖον
138 1076 210 1112 αὑτὴ
222 1077 311 1103 αὐτῶν
324 1079 341 1112 ἡ
364 1077 522 1113 προαίρεσις
541 1077 622 1112 αὕτη.
652 1078 714 1105 Ehe
741 1079 794 1114 τὰρ
806 1077 840 1104 τὰ

55 1121 127 1157 φυτὰ
143 1121 224 1149 ἕνυλα
239 1123 348 1160 μᾷλλρν,
365 1124 404 1155 εὶς
415 1124 516 1160 τροφὴν
538 1125 585 1151 καὶ
608 1124 710 1151 δίαιταν
723 1125 839 1160 χρῆσθαι

53 1167 94 1203 τῷ
109 1167 211 1203 χείρονι
224 1169 282 1200 πῶς
293 1168 402 1204 εὔλογον
412 1178 420 1204 ;
433 1170 487 1197 εῐτε
501 1171 580 1198 πλέον
602 1172 631 1198 ὲν
643 1171 746 1203 τούτοις
757 1173 773 1207 ὴ
795 1171 840 1198 δύ-

54 1221 136 1248 ναμις
149 1215 165 1249 ἠ
185 1213 254 1247 θεία,
266 1215 325 1242 ἐστὶ
341 1216 408 1251 πρὸς
420 1217 470 1252 τὴν
479 1217 581 1253 τροφὴν
599 1218 632 1244 τὰ
649 1217 760 1245 τοιαῦτα
773 1219 840 1255 χρή-

57 1267 135 1294 σιμα,
151 1259 201 1286 τοῦ
214 1259 362 1295 θρεπτικοῦ
383 1262 429 1288 καὶ
441 1263 587 1299 αὐξητικοῦ
607 1264 705 1299 μέρους
723 1263 774 1300 τῆς
787 1263 838 1298 ψυ-

57 1304 106 1343 χῆς
119 1304 197 1342 δντος
209 1307 447 1343 σωματιιιωτέρου.

91 1440 127 1467 Τὸ
138 1440 168 1471 δὲ
181 1440 330 1476 ἀπέχεσθαι
347 1441 434 1476 γάμου
454 1442 501 1468 καὶ
524 1441 838 1477 ἁφροδισίων,δεδειότας

58 1485 104 1521 μὴ,
118 1485 187 1512 κατὰ
201 1486 249 1522 τὴν
262 1485 311 1512 τοῦ
323 1486 415 1520 γένους
425 1486 558 1522 διαδοχὴν,
567 1488 613 1514 ἐπὶ
623 1487 702 1514 πλέον
712 1488 837 1528 ἐνοικῄσῃ

56 1531 299 1567 τῇῦλῃήδύναμις
329 1533 346 1568 ἠ
370 1532 438 1565 θεία,
455 1532 586 1568 θαυμάζω
615 1533 673 1565 πῶς
692 1535 740 1564 καὶ
761 1534 838 1560 αὐτοὶ

57 1577 167 1609 ἑαυτοὺς
183 1577 371 1612 ἀποδέχονται.
385 1578 416 1604 Et
434 1578 487 1615 γὰρ
502 1579 540 1613 μὴ
552 1578 662 1614 ἐξαρκεῖ
674 1580 689 1614 ἡ
704 1579 751 1606 τοῦ
769 1579 835 1606 Θεοῦ

893 985 1064 1013 abstinentiae
1087 985 1139 1011 alia
1159 985 1229 1012 ratio
1249 985 1294 1016 sit,
1311 984 1383 1011 haud
1404 984 1539 1011 curiosius
1559 985 1670 1012 investi-

892 1031 1020 1067 gandum.
1036 1029 1084 1057 Sin
1097 1034 1187 1057 autem
1203 1037 1235 1057 ea
1252 1030 1369 1062 ratione,
1385 1029 1457 1064 quod
1476 1029 1567 1056 divina
1583 1030 1671 1057 virtus

890 1077 945 1104 illis
959 1077 1045 1112 magis
1065 1076 1151 1108 abest,
1173 1080 1220 1103 aut
1236 1075 1353 1116 amplius
1368 1076 1454 1107 inest;
1470 1074 1604 1102 ridiculus
1626 1074 1671 1102 hic

891 1122 999 1150 illorum
1015 1122 1123 1158 animus
1135 1129 1167 1149 ac
1181 1129 1278 1149 sensus
1293 1125 1343 1148 est.
1361 1120 1425 1148 Sive
1443 1120 1516 1148 enim
1532 1120 1630 1155 stirpes
1644 1125 1672 1148 et

891 1168 990 1202 plantae
1002 1168 1089 1202 magis
1101 1167 1256 1194 materiales
1270 1169 1343 1197 sunt.
1358 1166 1492 1201 quomodo
1505 1166 1671 1193 conveniens

890 1220 977 1247 exque
989 1213 1106 1244 ratione,
1129 1215 1160 1247 ut
1178 1219 1212 1240 eo
1231 1211 1303 1247 quod
1320 1205 1440 1239 deterius
1457 1216 1508 1244 est,
1529 1211 1557 1238 in
1579 1211 1670 1238 cibum

889 1258 1045 1294 victumque
1060 1258 1187 1286 utamur?
1197 1258 1254 1286 sive
1267 1257 1354 1292 major
1365 1257 1392 1284 in
1404 1257 1444 1285 eis
1455 1262 1498 1286 est
1512 1257 1603 1285 divina
1616 1257 1671 1284 vir-

890 1307 945 1334 tus,
965 1308 1030 1333 sunt
1049 1304 1203 1331 istiusmodi
1227 1304 1254 1330 in
1273 1304 1365 1331 cibum
1387 1303 1473 1334 utilia,
1493 1311 1554 1330 cum
1575 1303 1671 1330 anima

889 1348 1006 1377 facultas
1020 1349 1156 1377 nutriendi
1171 1354 1252 1385 atque
1265 1353 1438 1385 augmentum
1455 1347 1570 1375 faciendi
1584 1347 1671 1382 magis

889 1403 1019 1432 corporea
1035 1402 1067 1422 ac
1089 1395 1208 1422 crassior
1224 1395 1268 1422 sit.

924 1439 1002 1473 Quod
1023 1444 1112 1467 autem
1133 1447 1148 1467 a
1171 1440 1275 1475 nuptiis
1299 1447 1382 1474 reque
1398 1446 1513 1466 venerea
1537 1446 1566 1466 se
1587 1437 1671 1465 absti-

888 1490 980 1519 neant,
996 1491 1150 1514 metuentes
1170 1494 1204 1514 ne
1223 1494 1272 1521 per
1286 1486 1394 1521 generis
1409 1485 1609 1513 successionem
1625 1485 1669 1512 di-

887 1532 952 1559 vina
967 1533 1054 1559 virtus
1070 1532 1096 1559 in
1112 1532 1225 1559 materia
1240 1532 1326 1566 magis
1340 1531 1483 1563 inhabitet,
1506 1531 1592 1558 miror
1602 1538 1670 1565 quo-

889 1577 969 1609 modo
988 1577 1030 1605 vel
1049 1578 1101 1617 ipsi
1117 1586 1147 1606 se
1167 1577 1253 1613 ipsos,
1277 1577 1350 1612 quod
1367 1577 1404 1604 ita
1423 1577 1554 1608 sentiunt,
1571 1576 1670 1603 admit-

57 1622 177 1658 πρόνοια,
191 1622 262 1649 ὥστε
273 1623 320 1649 καὶ
332 1623 375 1650 διὰ
387 1623 531 1657 γενέσεων,
546 1624 592 1650 καὶ
613 1623 656 1651 διὰ
669 1623 723 1650 τῶν
736 1624 778 1651 ἀεὶ
790 1625 836 1651 καὶ

888 1627 956 1651 tant.
973 1623 1002 1651 Si
1021 1615 1092 1652 enim
1116 1632 1166 1652 nec
1190 1624 1237 1652 Dei
1253 1622 1422 1659 providentia
1444 1622 1552 1654 sullicit,
1567 1626 1597 1649 ut
1611 1627 1668 1649 tum

55 1666 181 1700 ὡσαύτως
204 1667 320 1701 ἑχόντων
348 1667 614 1703 ἀποικονομήσασθαι
641 1668 690 1703 τῆς
706 1667 772 1703 ὕλης
788 1668 837 1704 τὴν

57 1712 128 1739 θείαν
141 1712 265 1747 δύναμιν,
287 1713 328 1745 τίς
356 1714 372 1748 ἡ
395 1713 441 1740 τοῦ
461 1713 611 1748 Μανιχαίου
639 1713 744 1740 ἐπίνοια
768 1713 837 1749 ὑπὲρ

56 1758 149 1785 τούτου
160 1759 414 1794 διαμηχανήσασθαι
428 1759 555 1792 δύναται;
569 1759 606 1786 Οὐ
628 1760 682 1794 γὰρ
698 1759 783 1796 δήπου
796 1769 837 1794 γι-

54 1805 171 1839 γανταίῳ
195 1805 318 1840 λήμματι
345 1805 382 1837 ὠς
407 1805 513 1840 ἀληθῶς
524 1814 590 1842 φησι
613 1805 652 1841 τῷ
665 1805 724 1841 Θεῷ
741 1805 836 1842 βοηθὸς

54 1849 120 1885 πρὸς
136 1849 216 1876 τοῦτο
243 1850 392 1884 γεγονέναι,
413 1851 467 1882 ἵνα,
494 1851 544 1882 τὰς
571 1852 691 1885 γενέσεις
706 1852 834 1888 ἀναιρῶν,

56 1897 183 1932 σύντομον
199 1897 300 1933 ποιήσῃ
329 1897 378 1933 τὴν
401 1898 451 1933 τῆς
467 1897 540 1930 θείας
554 1898 696 1933 δυνάμεως
720 1898 774 1931 ἀπὸ
785 1899 835 1933 τῆς

55 1941 116 1977 ὕλης
127 1942 316 1978 ἀναχώρησιν;

87 1989 120 2014 ’Δ
133 1988 163 2014 δὲ
177 1988 285 2022 λέγεται
300 1988 351 2014 ὑπὸ
365 1988 420 2015 τῶν
446 1989 579 2029 ποιήσεων
599 1988 662 2024 περὶ
675 1987 729 2015 τῶν
741 1989 835 2024 γιγάν-

55 2042 112 2065 των,
124 2034 253 2070 ἄντικρυς
268 2033 351 2069 μῦθός
364 2035 447 2066 ἐστιν,
471 2035 502 2060 Οί
527 2034 576 2070 μὲν
590 2034 644 2070 γὰρ
657 2035 721 2070 περὶ
733 2036 833 2062 τούτων

54 2079 234 2111 διατάττοντες
248 2080 276 2106 ὲν
292 2080 463 2116 ἀλληγορίαις
472 2080 506 2107 τὰ
518 2081 628 2108 τοιαῦτα
641 2082 831 2117 προφέρονται,

54 2125 81 2150 τὸ
92 2125 187 2161 σεμνὸν
213 2125 261 2151 τοῦ
278 2125 356 2160 λόγου
378 2126 597 2161 ἀποκρύπτοντες
613 2128 645 2162 τῇ
669 2127 716 2153 τοῦ
747 2127 831 2162 μύθου

55 2170 116 2206 ἰδέα·
130 2168 185 2197 οἷον
201 2171 267 2197 ὅταν
291 2170 376 2206 ήτῶν
399 2171 532 2205 Ἰουδαίων
558 2172 660 2206 ἱστορία
683 2173 730 2207 φῇ,
760 2173 832 2206 Τοὺς

53 2216 195 2250 ἀγγέλους
226 2216 291 2249 ταῖς
316 2216 478 2251 θυγατράσι
508 2217 567 2242 τῶν
602 2217 764 2251 ἀνθρώπων
788 2220 832 2252 εἰς

53 2261 230 2296 ἀφροδισίων
256 2262 494 2295 συνεληλυθέναι
520 2262 612 2297 μίξιν·
631 2264 680 2295 τὰς
703 2264 756 2300 γὰρ
769 2264 831 2300 θρε-

53 2308 145 2340 πτικὰς
156 2307 286 2343 δυνάμεις
296 2308 346 2342 τῆς
360 2308 447 2343 ψυχῆς
458 2308 512 2334 ἀπὸ
525 2308 578 2336 τῶν
595 2309 650 2336 ἄνω
664 2310 710 2336 ἐπὶ
723 2310 756 2337 τὰ
765 2310 828 2345 τῇδε

53 2353 188 2390 ᾐτοιαύτη
204 2354 329 2390 προφορὶι
353 2353 400 2380 τοῦ
417 2354 496 2388 λόγου
519 2355 655 2390 σημαίνει.
671 2355 701 2382 Οἱ
717 2356 829 2390 ποιηταὶ

49 2399 88 2430 δὲ,
103 2400 136 2426 ἐκ
158 2399 215 2434 γῆς
230 2399 380 2431 ἐνόπλους
396 2398 542 2432 ἀνασχεῖν
555 2398 678 2432 λέγοντες
696 2397 829 2430 τούτους,

50 2443 95 2471 εἶτ’
110 2445 200 2477 εὐθὺς
216 2444 292 2478 πρὸς
305 2444 391 2477 θεοὺς
404 2438 574 2478 ἑπάρὰντας
586 2441 783 2476 ἀπολωλέναι,
800 2442 832 2469 τὸ

51 2491 109 2525 ταχὺ
124 2490 171 2516 καὶ
187 2489 321 2524 ἐπίκηρον
330 2489 384 2516 τῶν
399 2489 532 2525 σωμάτων
547 2488 749 2524 ὑποδηλοῦντες,
760 2488 831 2515 οὕτω

50 2537 94 2571 τὴν
113 2536 223 2571 ποίησιν
248 2536 288 2566 είς
313 2535 493 2570 ψυχαγωγίαν
518 2533 557 2570 τῷ
580 2533 698 2570 θαύματι
715 2542 831 2561 κατακο-

52 2581 165 2616 σμοῦσιν.
177 2581 210 2608 Oi
225 2581 264 2613 δὲ,
277 2581 352 2607 οὐδὲν
367 2581 467 2612 εἰδότες
483 2580 594 2613 τούτων,
612 2580 675 2607 ἔνθα
688 2581 711 2607 δ’
726 2580 758 2607 ἂν
775 2589 830 2607 πα-

54 2627 210 2663 ραλογισμοῦ
224 2635 296 2658 τινος
311 2626 461 2662 εὐπορῆσαι
475 2626 615 2658 δύνωνται,
626 2625 722 2652 ὁπόθεν
734 2625 831 2660 δήποτε

52 2675 131 2701 ἐκεῖνο
150 2674 265 2710 ἓρμαῖον
290 2672 392 2699 ἑαυτῶν
412 2672 561 2704 ποιοῦνται,
576 2672 644 2707 ὅπερ
658 2671 831 2708 διαπραγμα-

53 2719 180 2756 τιυόμενοι
193 2719 225 2746 τὺ
239 2718 340 2754 ἀληθὲς
354 2718 429 2755 πάσῃ
443 2717 524 2754 τέχνῃ
537 2717 776 2757 καταγῳνίζονται.

105 2836 111 2851 ¹
128 2835 191 2865 Gen.
213 2841 284 2870 un,
301 2833 327 2860 1.
383 2835 392 2851 ¹
407 2834 471 2862 Cen.
488 2843 523 2866 ιιι,
539 2835 566 2864 2.

887 1676 935 1704 per
950 1670 1149 1705 generationes,
1172 1673 1230 1696 tum
1246 1676 1294 1704 per
1309 1676 1341 1696 ea
1360 1676 1420 1703 qua:
1440 1675 1545 1703 semper
1557 1667 1668 1695 eodem-
1719 1667 1726 1676 '

887 1723 940 1752 que
954 1715 1035 1749 modo
1056 1722 1086 1743 se
1101 1715 1213 1750 habent,
1237 1715 1356 1742 divinam
1378 1714 1505 1742 virtutem
1521 1721 1536 1740 a
1555 1713 1668 1740 materia
1696 1740 1698 1742 .

885 1761 1005 1792 eximat;
1018 1760 1083 1795 quid
1101 1760 1241 1788 Manichaei
1257 1760 1367 1788 solertia
1379 1764 1406 1787 et
1421 1759 1557 1788 subtilitas
1571 1766 1630 1786 cam
1640 1759 1667 1785 in

885 1815 943 1835 rem
966 1807 1117 1834 machinari
1143 1806 1249 1841 potest?
1269 1806 1339 1833 Num
1366 1806 1504 1834 enimvero
1545 1805 1667 1839 giganteo

884 1861 996 1883 munere
1013 1861 1077 1882 vere
1095 1853 1151 1882 Deo
1170 1853 1197 1880 in
1213 1853 1265 1880 hoc
1280 1853 1346 1880 dicit
1361 1852 1469 1887 adjutor
1483 1852 1624 1884 exsistere,
1636 1855 1668 1878 ut

884 1900 1001 1934 sublatis
1013 1899 1236 1935 generationibus
1248 1899 1369 1926 divinam
1382 1899 1511 1925 virtutem
1527 1905 1542 1924 a
1552 1897 1666 1924 materia

883 1945 957 1973 brevi
970 1949 1079 1981 praestet
1095 1945 1238 1973 recedere?

922 1990 987 2024 Quae
1008 1997 1072 2018 vero
1095 1995 1182 2025 poeta:
1202 1991 1235 2018 de
1257 1989 1411 2026 gigantibus
1432 1988 1554 2019 tradunt.
1575 1987 1664 2022 palam

883 2036 976 2064 fabula
996 2039 1048 2063 est.
1070 2035 1122 2068 Qui
1142 2035 1214 2062 enim
1235 2035 1269 2062 de
1290 2035 1332 2062 his
1352 2037 1486 2064 statuunt,
1504 2032 1557 2059 alio
1583 2038 1664 2066 quam

882 2082 965 2109 verba
980 2085 1088 2112 sonent,
1105 2088 1202 2112 sensu,
1219 2081 1284 2107 talia
1294 2080 1446 2116 proferunt,
1464 2078 1561 2107 fabula:
1576 2076 1665 2111 specie

883 2128 1018 2155 sermonis
1043 2127 1157 2163 gratiam
1178 2131 1363 2161 contegentes,
1385 2130 1415 2154 ut
1434 2133 1495 2153 cum
1516 2125 1598 2153 refert
1615 2121 1665 2151 Ju~

882 2174 1002 2201 daeorum
1017 2173 1130 2200 historia
1141 2174 1151 2189 '
1165 2183 1171 2200 :
1191 2173 1296 2200 Venisse
1312 2172 1416 2207 angelos
1433 2177 1461 2198 ut
1479 2180 1536 2198 cum
1557 2170 1663 2206 ﬁliabus

881 2219 1015 2246 hominum
1029 2219 1274 2250 commtet-creatur;
1292 2226 1387 2253 nempe
1402 2217 1474 2253 quod
1485 2218 1521 2244 ita
1540 2217 1664 2252 loquitur

883 2265 936 2292 hoc
955 2256 1123 2300 signiﬁcans,
1143 2264 1215 2292 vires
1239 2265 1337 2291 animae
1358 2271 1418 2299 qua:
1441 2263 1592 2290 inserviunt
1611 2270 1664 2289 nu-

881 2311 996 2347 tritioni,
1018 2319 1032 2337 ιι
1055 2310 1182 2346 supernis
1202 2310 1237 2336 ad
1263 2313 1369 2337 terrena
1394 2308 1553 2336 descivisse.
1574 2308 1663 2335 Poetae

881 2359 971 2384 autem
989 2356 1035 2391 qui
1058 2356 1161 2388 dicant,
1185 2355 1249 2387 Eos,
1267 2362 1325 2381 cum
1342 2353 1440 2381 armati
1453 2361 1467 2379 ε
1484 2357 1554 2379 terra
1577 2359 1660 2378 emer-

880 2403 989 2434 sissent,
1014 2407 1086 2429 mota
1114 2402 1206 2428 statim
1232 2403 1258 2428 in
1283 2401 1344 2427 deos
1372 2399 1509 2427 rebellione
1533 2398 1641 2432 periisse
1650 2404 1661 2429 ,°

880 2451 910 2474 ut
921 2447 1053 2474 caducam
1069 2447 1220 2483 celerisque
1234 2447 1363 2475 interitus
1380 2452 1525 2480 corporum
1542 2443 1660 2471 indolem

877 2492 1059 2524 insinuarent,
1076 2493 1103 2520 in
1124 2493 1196 2520 hunc
1211 2493 1321 2520 modum
1336 2491 1546 2520 recreandorum
1566 2497 1600 2517 ex
1620 2488 1659 2516 rei

877 2538 1010 2564 miraculo
1034 2538 1187 2565 animorum
1211 2546 1294 2566 causa
1327 2538 1423 2573 poesin
1456 2539 1601 2564 exornant.
1626 2534 1658 2561 Hi

876 2590 951 2614 vero,
964 2590 1025 2609 cum
1041 2583 1109 2610 nihil
1124 2584 1220 2611 horum
1236 2583 1398 2618 intelligant,
1417 2582 1464 2609 ubi
1479 2581 1562 2608 ullius
1578 2588 1658 2616 para-

875 2627 984 2663 legismi
1011 2636 1105 2656 ansam
1128 2629 1250 2657 nancisci
1265 2629 1384 2660 licuerit,
1401 2627 1581 2660 undecunque
1598 2629 1658 2652 tan-

877 2673 938 2704 dem
964 2673 1016 2701 sibi
1041 2675 1178 2702 inventum
1204 2674 1281 2703 avide
1303 2674 1448 2709 arripiunt,
1469 2677 1496 2700 et
1523 2672 1556 2699 ad
1582 2679 1658 2698 ever-

876 2719 986 2746 tendam
1002 2726 1112 2755 quoquo
1129 2723 1208 2754 pacto
1222 2719 1362 2747 veritatem
1377 2718 1450 2746 omni
1474 2721 1531 2745 arte
1543 2723 1657 2744 consar-

877 2769 951 2799 gunt.
