1909 3069
257 155 308 184 ω

662 157 860 185 ALEXAND!“
880 157 1127 188 LYCOPOLITANJ
1141 157 1185 184 DE
1205 158 1336 186 PLACIT.
1348 157 1487 185 MANlCH.

1829 158 1877 186 “8

577 223 641 252 CAP.
655 224 750 253 XXVI.
768 225 840 261 Ignis
855 225 1036 253 Manichaicus
1053 231 1171 253 vexatus.
1188 224 1262 260 Ignis
1279 226 1334 258 ille,
1348 227 1405 259 ipsa
1423 225 1544 253 materia.

290 284 363 321 Ignis
385 291 475 314 autem
501 286 562 318 ille.
592 285 689 313 urendi
714 286 824 321 quidem
848 286 874 313 vi
896 285 1035 321 praeditus,

1124 285 1160 312 Τὸ
1176 285 1203 312 δὲ
1224 285 1279 320 πῦρ
1293 285 1382 316 αὐτοῖς
1396 285 1426 311 τὸ
1448 284 1592 312 καυστικὸν
1618 285 1677 320 μὲν,
1702 284 1829 319 ἀψεγγὲς
1841 284 1875 312 δὲ.

256 332 325 359 nihil
345 334 436 359 tamen
452 332 521 360 lucis
543 332 657 363 habens.
681 333 725 367 qui
746 333 781 360 sit
799 337 875 360 extra
895 332 1037 365 mundum,

256 384 374 413 quonam
385 377 424 405 eis
437 378 495 404 loco
507 378 648 405 consistit?
662 377 727 404 Nam
743 379 765 405 si
776 378 883 412 quidem
894 378 922 405 in
938 380 1038 406 mundo

256 427 308 455 est,
331 431 380 450 cur
404 424 522 451 mundus
544 424 676 451 hactenus
702 424 846 452 incolumis
866 426 1040 459 perseverat?

256 468 322 495 Nam
345 468 367 496 si
390 469 537 504 aliquando
563 470 662 505 ipsum,
689 469 714 497 ei
735 470 952 505 propinquando,
979 479 1040 498 cor—

256 519 373 549 rumpet,
389 523 462 543 ωηο
475 523 583 551 quoque
608 515 659 551 ipsi
686 515 852 550 conjunctus
868 521 921 544 est.
943 516 971 543 Si
990 525 1038 544 au-

256 564 309 587 tem
323 567 446 588 seorsum
460 565 512 593 est,
529 562 601 590 velut
619 562 646 589 in
662 563 773 597 propria
790 563 855 590 sede
869 571 901 589 ac
916 563 976 590 loco
995 572 1040 591 su-

256 605 358 635 blimis,
373 605 438 640 quid
452 613 547 640 postea
561 611 591 633 ut
607 606 633 634 in
649 607 780 633 mundum
796 606 937 633 delabatur
953 607 978 634 ei
993 615 1039 635 ac-

255 649 347 677 cidet?
375 651 430 678 Aut
457 659 511 686 quo
535 652 616 679 modo
638 660 653 680 e
675 653 735 679 loco
760 660 810 679 suo
832 653 958 684 excedet.
985 661 1038 687 qua

255 697 429 731 necessitate,
453 698 567 733 cujusve
589 707 722 727 excussus
746 699 891 727 violentia?
909 700 1036 733 Qusennm

255 750 322 770 vero
337 744 418 771 etiam
432 744 503 779 ignis
519 745 671 773 substantia
688 746 775 781 possit
790 746 902 782 intelligi
916 747 975 774 sine
988 755 1037 782 ρει-

255 788 337 816 bolo!
363 789 417 817 Aut
435 791 571 824 quomodo
595 791 736 818 humidum
761 792 799 819 illi
824 793 952 828 pabulum
976 794 1038 821 est?

255 834 307 862 nisi
325 835 398 869 quod
417 843 476 870 quae
492 836 525 863 de
540 837 584 863 illo
602 845 634 864 ex
658 842 761 865 natura:
779 839 866 873 magis
885 839 1038 868 rationibus

254 878 395 911 dicuntur,
415 887 469 907 non
484 885 525 908 est
541 881 622 915 hujus
638 885 771 910 tractatus
791 883 952 918 disquirere.
969 884 1038 912 lllud

254 927 343 952 autem
362 932 395 952 ex
418 926 459 953 his
475 935 534 961 quae
550 927 622 954 dicta
638 932 711 960 sunt,
730 936 844 963 prorsus
862 930 1037 958 manifestum

253 973 304 996 est.
321 969 392 1004 Ignis
411 971 483 997 enim
505 977 582 998 extra
595 972 726 1000 mundum
741 975 908 1007 consistens,
925 976 1037 1003 omnino

253 1019 294 1042 est
307 1023 387 1050 quam
402 1015 454 1051 ipsi
471 1021 567 1044 vocant
584 1019 724 1046 materiam
738 1029 743 1047 :
760 1021 980 1056 quandoquidem
996 1023 1037 1049 sol

252 1067 278 1090 et
295 1062 371 1096 luna,
388 1064 449 1098 puri
467 1072 596 1099 purorum
618 1065 709 1092 divina
727 1067 829 1095 virtute
848 1068 882 1095 ab
899 1068 952 1096 hoc
975 1069 1037 1103 igne

251 1110 368 1144 sejuncti
388 1115 462 1142 sunt,
485 1112 560 1139 nulla
579 1119 690 1140 suarum
710 1113 828 1147 partium
851 1113 877 1140 in
899 1114 951 1142 hoc
975 1115 1037 1150 igne

251 1155 356 1184 relicta.
373 1156 439 1184 Erat
455 1156 498 1184 hic
510 1157 579 1192 ignis
598 1158 656 1192 ipsa
671 1166 719 1192 per
734 1166 763 1185 se
775 1159 898 1192 materia,
915 1159 948 1187 ab
962 1161 1036 1188 omni

250 1209 313 1230 cum
339 1202 431 1230 divina
454 1203 555 1230 virtute
578 1211 691 1238 prorsus
719 1208 841 1232 semotus
860 1206 1035 1233 commercio.

250 1247 432 1283 Quamobrem
455 1250 500 1277 ubi
524 1250 641 1277 mundus
664 1251 739 1277 omni
761 1251 852 1277 divina
875 1251 976 1279 virtute
997 1253 1035 1280 illi

250 1294 413 1322 adversante
432 1295 619 1328 evacuabitur,
643 1295 778 1330 ejusmodi
797 1305 892 1324 rursus
907 1297 978 1332 ignis
993 1306 1036 1326 re-

251 1339 402 1375 linquetur;
419 1348 538 1375 quonam
561 1341 644 1376 igitur
667 1341 747 1368 modo
774 1341 843 1376 ignis
862 1345 908 1369 aut
931 1342 1033 1378 aliquid

250 1391 415 1422 corrumpet.
442 1391 488 1413 aut
508 1387 542 1413 ab
564 1394 597 1413 eo
613 1388 827 1423 corrumpetur?
843 1387 884 1415 Ab
909 1396 941 1415 eo
960 1388 1034 1417 enim

250 1431 322 1465 quod
337 1432 425 1459 simile
445 1435 496 1463 est.
521 1440 574 1459 non
590 1431 668 1459 video
687 1440 741 1467 qua
766 1434 871 1460 ratione
887 1433 922 1461 sit
944 1433 1034 1460 futura

241 1478 400 1513 'corruptio.
418 1478 496 1511 Quod
521 1478 593 1505 enim
613 1478 658 1505 ﬁet
683 1479 812 1509 materia.
839 1479 931 1506 divina
953 1479 987 1506 ab
1002 1487 1033 1506 ea

250 1524 351 1552 virtute
364 1524 500 1559 sejuncta,
521 1524 573 1552 hoc
586 1528 644 1552 erat
667 1525 827 1560 priusquam
840 1525 930 1553 divina
947 1527 1033 1554 virtus

249 1577 310 1597 cum
326 1577 358 1597 ea
380 1570 612 1598 commisceretur.
632 1570 659 1597 Si
675 1571 784 1606 quidem
810 1571 892 1606 igitur
908 1572 1032 1604 maleria,

248 1615 341 1642 divina
357 1615 487 1644 destituta
502 1616 603 1644 virtute
619 1617 738 1651 peritura
756 1621 808 1649 est,
824 1617 919 1652 quidni
941 1618 1030 1652 periit,
1047 1636 1068 1664 Ο

249 1663 396 1695 antequam
413 1661 495 1688 etiam
513 1660 633 1688 divinam
653 1662 781 1689 virtutem
801 1663 919 1690 ullumve
934 1671 1034 1692 munus

248 1707 396 1734 creationis
412 1712 642 1742 consequeretur;
657 1712 687 1735 ut
705 1709 835 1744 deinceps
857 1710 971 1737 materia
987 1718 1034 1745 pe-

214 1746 218 1749 ’
248 1757 318 1784 teat.
335 1757 363 1780 et
385 1753 412 1780 in
436 1754 571 1781 intluitum
593 1755 619 1781 id
643 1754 740 1782 faciat?
763 1755 796 1782 Et
818 1756 883 1790 quid
904 1757 1035 1791 prodest?

249 1798 328 1832 Quod
344 1799 416 1826 enim
433 1807 465 1827 ex
485 1799 572 1834 prima
587 1800 726 1828 voluntate
747 1800 848 1828 factum
860 1810 916 1828 non
932 1806 983 1834 est,
1001 1810 1034 1829 ex

249 1845 376 1880 sequenti
391 1845 529 1881 quomodo
547 1846 610 1873 ﬁet?
627 1850 674 1874 aut
691 1855 813 1882 quamam
830 1847 884 1874 Deo
905 1848 985 1881 ratio,
1004 1852 1034 1875 ut

248 1894 357 1927 negotia
384 1885 501 1925 diiferat,
521 1901 581 1928 quze
601 1901 635 1920 ne
657 1893 685 1920 in
707 1894 767 1921 viro
790 1894 900 1929 quidem
921 1902 951 1922 se
967 1885 1034 1922 bene

249 1937 350 1966 habere
372 1939 457 1966 videri
473 1944 593 1974 queant;
612 1939 666 1966 illis
683 1940 755 1967 enim
774 1941 848 1975 quod
865 1941 1034 1976 impossibile

250 1986 286 2013 sit
302 1985 455 2013 deliberare
469 1987 590 2022 proclive
616 1986 724 2013 dicatur
739 1992 902 2022 competere.
921 1988 968 2022 qui
992 1987 1033 2014 fa-

249 2031 336 2064 ciunt,
354 2035 384 2058 ut
405 2040 455 2059 nec
469 2036 536 2059 tunc
550 2031 634 2058 velint
655 2039 717 2058 cum
733 2033 863 2068 possibile
877 2037 929 2061 est.
948 2033 1034 2060 Oete-

249 2084 322 2110 rum,
338 2077 388 2105 nisi
399 2077 463 2112 quid
473 2078 556 2110 aliud,
568 2078 652 2105 Deum
662 2085 744 2112 supra
755 2079 902 2106 essentiam
917 2082 943 2105 et
953 2086 1033 2114 quem

248 2123 354 2155 dicunt,
364 2124 438 2150 velut
454 2131 550 2151 novam
566 2124 710 2159 quamdam
722 2125 862 2152 materiam
880 2125 1031 2151 inducunt:

248 2175 299 2196 nec
314 2176 374 2196 eam
390 2169 510 2204 quidem,
526 2177 606 2204 quam
618 2169 669 2197 viri
685 2170 833 2206 prudentes
849 2171 961 2197 omnino
971 2178 1034 2198 con-

247 2215 370 2250 iunctam
392 2215 564 2249 existimant,
590 2220 638 2243 aut
658 2225 719 2252 qua:
739 2217 860 2244 omnium
882 2221 1033 2244 extremum

247 2265 301 2293 est,
317 2261 416 2296 vixque
432 2261 458 2288 in
471 2265 586 2289 mentem
604 2266 632 2289 ut
649 2271 708 2290 eam
724 2263 806 2290 homo
825 2263 969 2298 intelligat,
984 2271 1032 2290 ve-

1089 330 1118 356 τὸ
1131 330 1208 362 ἐκτὸς
1218 330 1264 356 τοῦ
1285 330 1397 365 κόσμου,
1421 329 1470 356 ποῦ
1499 330 1620 364 {apo-rat;
1637 330 1669 356 Et
1687 329 1737 364 μὲν
1756 329 1815 364 γὰρ
1834 329 1875 354 ἐπὶ

1088 376 1133 402 τὸν
1143 377 1255 412 κόσμον,
1269 376 1295 402 τί
1314 376 1344 402 τὺ
1363 376 1447 403 αἴτιον
1467 375 1514 402 τοῦ
1528 376 1619 412 ἀπαθῆ
1636 374 1704 402 εἶναι
1727 375 1813 410 μέχρι
1833 375 1875 401 toi.

1089 423 1219 458 παρόντος
1233 422 1279 448 τὸν
1291 423 1410 457 κόσμον;
1433 423 1464 449 Εἰ
1489 422 1543 458 γὰρ
1555 422 1694 458 διαφθερεῖ
1710 430 1776 448 ποτε
1797 421 1874 447 αὐτοι

1089 469 1250 504 πλησιάσαν,
1266 469 1313 495 καὶ
1329 468 1374 495 νῦν
1390 469 1457 503 πρὸς
1472 468 1552 494 αὑτὸν
1567 468 1711 502 συνῆπται.
1731 467 1762 493 Εἰ
1777 466 1808 493 δὲ
1824 475 1863 500 χω

1090 514 1131 550 ρίς
1151 515 1234 546 ἐστιν,
1250 512 1350 546 οἷονὼς
1362 515 1389 540 ὲν
1404 514 1461 547 ἰδίῳ
1479 514 1553 549 τόπῳ
1577 514 1722 549 μετέωρον,
1737 514 1765 540 τί
1792 512 1875 539 παθὸν

1090 561 1201 596 ὕστερον
1218 561 1378 587 ὲπιπέσεται
1397 561 1436 596 τῷ
1457 561 1568 596 κόσμῳ;
1593 561 1627 587 Ἢ
1652 561 1709 592 πῶς
1731 560 1781 586 τοῦ
1813 560 1875 586 ἰδίου

1089 607 1170 633 τόπου
1188 607 1348 642 ἐκστήσεται
1363 607 1414 633 ὑπό
1424 615 1496 638 τινος
1507 607 1626 642 ἀνάγκης
1640 607 1686 633 καὶ
1703 606 1783 641 βίας;
1811 606 1875 632 Τίνα

1088 651 1116 678 δὲ
1129 652 1176 678 καὶ
1187 651 1251 687 ὕλης
1267 653 1350 687 χωρὶς
1363 653 1462 678 ἐννοεῖν
1476 651 1523 678 τοῦ
1541 652 1627 687 πυρὸς
1645 651 1814 683 ὑπόστασιν;
1842 651 1876 676 Ἦ

1089 697 1148 729 πῶς
1161 697 1192 724 τὸ
1211 698 1293 732 ὑγρὸν
1306 697 1392 732 τούτῳ
1405 697 1478 723 ἐστὶν
1492 698 1578 732 τροφῇ
1589 705 1596 728 ;
1609 697 1625 732 ἢ
1638 696 1686 722 ὃσα
1699 695 1814 729 λέγεται
1829 703 1875 728 φυ-

1090 743 1247 779 σικώτερον,
1264 744 1293 770 οὺ
1306 742 1352 770 τοῦ
1367 743 1497 778 παρόντος
1516 742 1594 776 λόγου
1615 742 1696 768 ἐστίν.
1719 742 1827 767 Ἐκεῖνο
1849 740 1875 766 δὲ

1089 790 1197 822 πάντως
1211 799 1261 816 που
1289 790 1403 825 φανερὸν
1433 791 1464 816 ὲκ
1494 789 1548 816 τῶν
1573 788 1735 825 εἰρημένων.
1762 787 1803 813 Τὸ
1824 786 1875 822 γὰρ

1089 836 1144 871 πῦρ
1156 836 1203 863 τοῦ
1219 837 1319 872 κόσμου
1330 837 1407 868 ἐκτὸς
1421 836 1540 872 ἀκριϐῶς
1559 837 1632 862 ἐστιν
1646 837 1662 870 ὴ
1677 834 1815 870 λεγομένη
1831 834 1874 860 ὑπ’

1088 884 1177 910 αὐτῶν
1191 883 1250 920 ὒλη’
1267 884 1415 919 ἐπειδήπερ
1428 884 1442 909 ὁ
1454 883 1528 918 ἥλιος
1551 883 1597 909 καὶ
1613 883 1629 917 ἡ
1647 881 1746 917 σελήνη
1758 880 1875 914 καθαροὶ

1088 931 1214 966 καθαρῶν
1229 931 1305 962 ὄντες
1319 930 1362 957 διὰ
1386 930 1435 965 τῆς
1456 929 1531 960 θείας
1555 929 1694 963 δυνάμεως
1704 926 1874 961 ἀπεζεύχθη-

1052 967 1074 994 B
1088 985 1138 1002 σαν
1152 976 1198 1002 τοῦ
1216 976 1300 1012 πυρὸς
1316 976 1421 1007 τούτου,
1436 976 1510 1002 οὐδὲν
1523 974 1624 1001 ἑαυτῶν
1638 975 1666 1000 ἐν
1682 973 1722 1008 τῷ
1732 973 1802 1008 πυρὶ
1815 972 1874 998 τοὺ-

1086 1031 1125 1057 τῳ
1140 1022 1331 1057 ὑπολείψειντες
1343 1022 1433 1057 μέρος.
1450 1021 1534 1047 Τοῦτο
1545 1018 1578 1055 ἦν
1591 1022 1606 1055 ὴ
1623 1019 1672 1054 ὕλη
1688 1019 1749 1045 καθ’
1763 1018 1872 1052 ἑαυτὴν,

1087 1070 1117 1095 τὺ
1129 1068 1248 1104 ἀκριϐῶς
1263 1069 1377 1104 ἄμικτον
1393 1068 1460 1103 πρὸς
1474 1067 1522 1102 τὴν
1545 1067 1619 1093 θείαν
1631 1066 1757 1101 δύναμιν.
1782 1065 1872 1094 ”“Ωστε,

1087 1116 1119 1142 ἂν
1129 1114 1232 1150 κενωθῇ
1247 1115 1348 1149 κόσμος
1366 1109 1417 1148 Cri};
1445 1115 1505 1140 κατ’
1520 1112 1600 1139 αὐτοῦ
1620 1112 1760 1147 δυνάμεως
1790 1110 1871 1142 θείας,

1087 1161 1168 1188 πάλιν
1203 1161 1325 1187 τοιοῦτον
1349 1160 1575 1195 ὑπολειφθήσεται
1604 1159 1670 1194 πῦρ,
1697 1158 1757 1189 πῶς
1784 1154 1872 1184 οὖντὸ

1087 1209 1142 1242 πῦρ
1157 1207 1172 1242 ἦ
1185 1206 1323 1241 διαφθερεῖ
1337 1215 1374 1238 τι,
1398 1206 1414 1241 ἢ
1440 1206 1484 1231 ὑπ’
1502 1205 1580 1232 ἄλλου
1598 1204 1786 1240 φθαρήσεταις
1804 1202 1872 1237 Πρὸς

1086 1252 1139 1287 γὰρ
1155 1252 1202 1278 τοῦ
1215 1252 1307 1287 ὁμοίου
1324 1252 1372 1286 οὐχ
1387 1251 1442 1287 ὁρῶ
1457 1251 1515 1282 πῶς
1531 1251 1672 1286 γενήσεται
1694 1250 1709 1284 ἡ
1726 1248 1827 1284 φθορά.
1842 1248 1871 1274 Ὀ

1086 1299 1139 1333 γὰρ
1150 1299 1292 1334 γενήσεται
1309 1297 1397 1333 ἡῦλη,
1425 1299 1474 1333 τῆς
1499 1297 1572 1328 θείας
1595 1296 1735 1331 δυνάμεως
1751 1295 1870 1327 ἀποζευ-

1086 1344 1190 1380 χθεῖσα,
1205 1344 1276 1370 τοῦτ’
1286 1342 1320 1379 ἦν
1332 1344 1397 1380 πρὶν
1413 1344 1460 1371 καὶ
1474 1343 1604 1379 μεμίχθαι
1626 1343 1695 1378 πρὸς
1710 1342 1798 1377 αὐτὴν
1824 1342 1870 1375 τὴν

1085 1390 1160 1417 θείαν
1175 1389 1298 1426 δύναμιν.
1315 1391 1346 1416 Ei
1370 1390 1459 1416 τοίνυν
1473 1389 1613 1416 ἀπολεῖται
1634 1387 1813 1424 ἐρημωθεῖσα
1823 1387 1870 1421 τῆς

1085 1435 1159 1468 θείας
1172 1437 1320 1472 δυνάμεως,
1331 1435 1374 1462 διὰ
1385 1436 1412 1462 τί
1424 1436 1460 1471 μὴ
1472 1436 1518 1463 καὶ
1529 1435 1651 1462 ἀπώλετο
1664 1434 1728 1469 πρὶν
1736 1434 1784 1460 καὶ
1799 1433 1870 1459 θείαν

1084 1482 1197 1518 δύναμιν
1211 1481 1336 1517 γενέσθαι
1348 1481 1364 1517 ἦ
1377 1481 1458 1517 ἄλλην
1473 1481 1661 1516 δημιουργίαν,
1680 1481 1723 1506 ἵνα
1733 1478 1868 1514 ἀπόληται

1084 1529 1101 1564 ὴ
1117 1527 1177 1562 ὕλη,
1190 1529 1237 1554 καὶ
1253 1527 1330 1554 τοῦτο
1341 1528 1441 1562 ποιήσῃ
1462 1527 1557 1562 μέχρις
1572 1525 1704 1560 ἀπείρου;
1720 1524 1778 1551 Καὶ
1802 1525 1828 1550 τί
1843 1524 1869 1550 τὸ

1084 1572 1192 1607 δφελος;
1209 1573 1241 1599 ’Ὁ
1255 1572 1308 1608 γὰρ
1325 1571 1362 1608 μὴ
1374 1572 1480 1606 ἐγένετο
1495 1572 1527 1598 ὲκ
1540 1571 1586 1597 τοῦ
1609 1570 1715 1606 πρώτου
1733 1569 1869 1605 βουλήμα-

1084 1628 1139 1652 τος,
1150 1620 1207 1651 πῶς
1225 1621 1256 1646 ὲκ
1271 1618 1317 1646 τοῦ
1334 1618 1458 1654 δευτέρου
1476 1618 1634 1652 γενήσεταις
1663 1617 1679 1652 ἦ
1700 1617 1742 1648 τίς
1769 1618 1784 1643 ὀ
1796 1617 1869 1650 λόγος

1085 1666 1155 1701 Θεῷ,
1170 1665 1307 1692 ἀναθεῖναι
1320 1665 1480 1700 πράγματα,
1498 1664 1515 1691 ἃ
1530 1664 1584 1690 οὐδ’
1602 1665 1644 1690 ἐπ’
1664 1663 1809 1698 ἀνθρώπου
1825 1672 1869 1690 κα-

1085 1713 1137 1744 λῶς
1150 1712 1222 1747 ἔχειν
1238 1713 1378 1744 ὑπονοείν;
1393 1711 1429 1738 Τὸ
1453 1711 1507 1746 γὰρ
1532 1710 1660 1737 ἀδύνατον
1687 1709 1818 1745 πρόσεστι
1833 1709 1868 1743 τῷ

1086 1757 1259 1793 βουλεύεσθαι
1278 1758 1324 1783 ἐπὶ
1349 1756 1402 1783 τῶν
1434 1756 1580 1783 ποιούντων
1607 1755 1675 1790 πρὸς
1698 1755 1738 1789 τῷ
1763 1753 1868 1790 μηδὲτὺ

1086 1803 1236 1839 βούλεσθαι,
1253 1803 1304 1830 κᾶν
1318 1803 1429 1829 δυνατὸν
1445 1801 1472 1839 ᾖ,
1489 1803 1640 1838 προχείρως
1653 1802 1752 1837 χρῆναι
1769 1801 1867 1834 λέγειν.

1085 1849 1158 1885 Πλὴν
1175 1851 1198 1876 εί
1218 1850 1254 1884 μή
1268 1858 1294 1876 τι
1308 1849 1410 1885 ἓτερον,
1423 1848 1488 1874 Θεὸν
1506 1849 1553 1874 καὶ
1569 1848 1614 1874 τὸν
1634 1847 1763 1873 ἐπέκεινα
1777 1847 1868 1877 οὐσίας

1084 1895 1217 1930 λέγουσιν,
1232 1895 1325 1930 ὥσπερ
1347 1895 1442 1930 καινήν
1465 1903 1526 1920 τινα
1546 1894 1700 1927 εἰσάγουσιν
1723 1892 1802 1928 ὓλην·
1826 1892 1868 1918 καὶ

1085 1943 1144 1977 οὑχί
1161 1942 1208 1977 τὴν
1222 1942 1419 1977 ὐπερημμένην
1434 1941 1509 1976 παρὰ
1534 1942 1589 1972 τοῖς
1602 1940 1664 1966 νοῦν
1676 1940 1795 1975 ἕχουσιν’
1809 1939 1867 1974 ἦνῆ

1087 1987 1123 2023 μὴ
1137 1988 1309 2014 παντάπασιν
1321 1986 1403 2014 οὖσαν
1422 1989 1436 2014 ὁ
1451 1987 1527 2020 λόγος
1542 1987 1672 2022 εὑρίσκει,
1686 1986 1702 2021 ἢ
1716 1985 1747 2012 τὸ
1763 1986 1868 2012 πάντων

1085 2034 1195 2068 ἔσχατον
1203 2035 1249 2061 καὶ
1261 2034 1339 2070 μόγις
1349 2034 1388 2065 εἰς
1402 2034 1504 2060 ἔννοιαν
1514 2032 1685 2068 ἀνθρωπίνην
1699 2030 1868 2066 ἀφικνεῖσθαι

1083 2080 1239 2115 δυνάμενον.
1274 2080 1353 2106 Ἀλλά
1368 2079 1421 2115 γὰρ
1446 2079 1477 2105 τὸ
1492 2079 1547 2115 πῦρ
1571 2078 1600 2105 τὸ
1623 2077 1754 2112 ἀφεγγὲς,
1771 2075 1826 2113 ἆρά
1839 2085 1867 2110 γε

1084 2125 1164 2151 πλέον
1179 2125 1251 2152 ἐστὶν
1262 2126 1311 2160 τῆς
1330 2125 1478 2160 μελλούσης
1494 2123 1722 2160 ὲρημωθὴσεσθαι
1740 2122 1807 2158 ὕλης
1819 2122 1868 2148 ἀπὸ

1083 2171 1132 2205 τῆς
1142 2171 1217 2203 θείας
1227 2171 1376 2206 δυνάμεως,
1392 2171 1408 2207 ἢ
1421 2171 1544 2203 ἔλαττονς
1563 2170 1631 2197 Ἀλλ’
1647 2171 1671 2196 εἰ
1689 2170 1738 2205 μὲν
1752 2169 1866 2198 ἔλαττον,

1085 2217 1142 2248 πῶς
1154 2219 1362 2252 καταγωνιεῖται
1377 2217 1407 2243 τὸ
1420 2217 1514 2248 πλέον;
1530 2218 1552 2243 εἰ
1572 2216 1600 2242 δὲ
1613 2216 1702 2247 πλέον,
1722 2215 1867 2249 ἐπανάγειν

1086 2262 1134 2297 μὲν
1149 2262 1213 2289 αὐτὸ
1225 2262 1383 2298 δυνήσεται,
1411 2262 1460 2296 τῆς
1487 2262 1570 2297 αὐτῆς
1589 2260 1619 2288 ὃν
1641 2260 1758 2295 φύσεως·
1772 2260 1801 2286 οὐ
1819 2258 1867 2294 μὴν

248 2307 307 2334 nire
318 2307 414 2342 possit.
428 2307 572 2335 Enimvero
588 2308 658 2343 ignis
673 2309 719 2336 ille
742 2309 913 2339 tenebrosus,
933 2308 1030 2343 plusne

1086 2308 1230 2345 διαφθείρει
1242 2317 1274 2343 γε
1286 2309 1361 2336 αὑτό·
1373 2308 1467 2344 ὥσπερ
1478 2308 1538 2335 οὐδὲ
1553 2309 1567 2334 ὁ
1579 2307 1674 2338 Νεῖλος
1690 2307 1754 2339 τοὺς
1765 2306 1812 2332 ἀπ’
1823 2305 1866 2331 αὺ-

247 2353 318 2380 valet
335 2360 416 2387 quam
434 2353 558 2386 materia,
581 2361 640 2389 qua:
653 2354 745 2381 divina
765 2354 913 2381 desolanda
929 2354 1029 2381 virtute

1081 2354 1128 2381 τοῦ
1143 2355 1378 2390 ἀποτεμνομένους
1391 2355 1516 2386 κόλπους.

247 2402 299 2432 est,
315 2406 351 2426 an
366 2399 476 2427 minus?
491 2400 530 2427 Ac
541 2400 565 2428 si
581 2400 691 2436 quidem
718 2400 821 2433 minus,
850 2401 986 2435 quomodo
1008 2401 1173 2436 expugnabit
1194 2401 1267 2436 quod
1287 2405 1329 2429 est
1350 2401 1456 2436 majus?
1481 2400 1529 2427 Sin
1549 2403 1639 2427 autem
1669 2403 1748 2434 plus,
1779 2397 1812 2423 ad
1840 2403 1866 2421 se

248 2446 356 2481 quidem
376 2447 506 2476 reducere
522 2449 630 2483 poterit,
645 2455 707 2476 cum
720 2448 756 2476 sit
771 2448 893 2485 ejusdem
914 2453 1018 2475 natura:
1033 2455 1041 2473 2
1059 2448 1132 2476 haud
1156 2453 1247 2477 tamen
1262 2452 1428 2484 corrumpet,
1437 2452 1467 2477 ut
1487 2455 1573 2483 neque
1587 2447 1675 2479 Nilus,
1695 2444 1744 2481 qui
1764 2444 1798 2471 ab
1823 2443 1866 2469 illo

248 2492 443 2527 abscinduntur
456 2495 542 2523 sinus.
