1909 3069
34 116 1651 143 m

789 137 1664 151 Ἥ

724 212 793 232 ANNO
811 213 903 232 DOIINI
919 212 1006 233 CCCX].

515 259 1215 404 S.PETBUS

329 472 941 540 ALEXANDRINUS
980 476 1399 543 EPISCOPUS

648 604 739 659 ET
784 602 1083 662 MARTYR

359 789 612 838 ΝΟΤΙΤΙΑ
647 789 829 836 HlSTO

893 789 1366 838 ICO-LITTEBABIA

549 886 682 917 (ϐυ-ιω.
695 885 751 910 νει.
766 885 835 910 Patr.
847 883 960 911 Biblioth.
971 885 1013 916 IV,
1025 885 1134 918 Proleg.,
1147 885 1184 919 ι.)

47 1021 72 1048 1.
88 1021 355 1058 PetriiAlexandrt'ni
371 1020 499 1058 antistitis
515 1019 609 1046 merita
623 1019 656 1058 alt
667 1027 718 1058 uno
735 1018 848 1046 Eusebio
863 1019 1003 1048 celebrata.
1023 1020 1134 1049 Theano:
1146 1029 1287 1050 successor.
1306 1025 1412 1058 Tempus
1424 1032 1479 1058 e;ns
1491 1026 1559 1053 sedis
1570 1028 1666 1054 statui-

89 1063 139 1084 tur.
157 1057 302 1084 Desinente
318 1065 387 1083 anno
399 1056 448 1082 511
467 1059 568 1090 martyr
583 1054 712 1081 occubuit.

49 1105 83 1132 ll.
106 1105 234 1145 Tempore
252 1104 441 1145 persecutionis
459 1102 583 1145 capones
598 1101 1115 1145 pmttitcntiales__scrilpsit.flitiusmodi
1127 1102 1248 1145 parones
1268 1104 1372 1139 aliaque
1387 1106 1471 1132 sancti
1484 1105 1575 1134 Patris
1588 1116 1667 1141 opera

88 1136 196 1174 plurimi
214 1136 314 1166 dncunt
328 1140 467 1173 scriptores
484 1137 640 1164 Orientales.
657 1136 847 1174 Neque__aliter
862 1136 956 1163 erci.
978 1137 1146 1174 Balsamom's
1162 1143 1186 1165 et
1201 1138 1314 1166 Zonaraz
1330 1136 1528 1168 commentariis
1543 1136 1666 1170 instincti

89 1171 169 1202 iidem
184 1175 308 1202 Canones
320 1174 362 1200 hic
379 1171 502 1203 exhibui;
523 1180 632 1207 quorum
646 1171 766 1198 nonnulli
777 1177 901 1204 prtelerea
917 1180 975 1198 cum
990 1173 1076 1200 codice
1088 1182 1136 1200 ms.
1148 1173 1248 1200 collati.

51 1222 98 1249 111,
116 1222 157 1248 Ea:
171 1222 232 1248 aliis
246 1220 393 1247 beatissimi
411 1219 542 1256 antistitis
550 1218 722 1256 monumentis
738 1217 885 1252 fragmenta
899 1218 1019 1245 collecta.
1031 1219 1081 1247 His
1102 1220 1203 1246 intexta
1220 1219 1276 1255 ejus
1290 1221 1400 1255 epistola
1420 1229 1437 1248 α
1453 1221 1560 1256 illa/fcio
1582 1223 1663 1250 edita,

88 1257 146 1289 Quo
160 1263 274 1290 tempore
288 1260 375 1282 ortum
386 1255 497 1282 sclu'sma
514 1253 693 1281 Meletianum.

88 1325 109 1353 l.
130 1327 244 1353 Petrum
256 1327 412 1362 episcopum
428 1325 639 1352 Alexandrinum
649 1325 762 1352 summis
778 1325 837 1351 lau-
851 1326 872 1355 Α
923 1321 954 1351 ll.
976 1324 1092 1360 Scripsit
1105 1329 1217 1354 sanctus
1232 1325 1314 1354 Pater
1330 1333 1401 1354 anno
1415 1327 1612 1362 persecutionis
1629 1336 1665 1360 iv,

51 1372 136 1400 dibus
162 1373 284 1401 celebrat
307 1381 341 1400 ex
367 1372 567 1407 antiqttioribus
595 1379 666 1398 untts
694 1370 837 1398 Eusebius.

51 1417 116 1444 Fuit
135 1418 192 1450 ille,
210 1418 299 1452 iuqttit
316 1417 384 1455 (α),‹
401 1418 521 1445 divinum
540 1416 729 1451 episcoporum
744 1415 838 1447 decus,

51 1472 118 1490 cum
134 1465 170 1490 ob
183 1464 268 1491 totius
281 1463 344 1491 vita:
359 1463 576 1494 sanctimoniam,
593 1467 649 1489 tum
669 1462 704 1489 ob
719 1461 839 1488 studium

53 1517 87 1535 ac
99 1510 226 1544 peritiam
242 1517 382 1537 sacrarum
394 1509 541 1536 litterarum
555 1518 561 1535 :
578 1518 587 1534 ι
601 1508 671 1535 Θεῖον
685 1507 840 1534 ἐπισκόπων

51 1555 160 1590 χρῆμα,
179 1556 237 1590 βίου
252 1564 282 1582 τε
299 1555 346 1582 καὶ
359 1555 458 1591 ἀρετῆς
471 1555 550 1581 ἕνεκα
566 1555 611 1580 καὶ
626 1554 674 1589 τῆς
690 1553 744 1581 τῶν
761 1553 840 1587 ἱερῶν

53 1600 143 1634 λόγων
155 1601 355 1636 συνασκήσεως.
370 1600 403 1627 Et
417 1600 480 1627 alibi
491 1599 528 1635 (ὁ)
541 1607 600 1627 eum
616 1598 730 1633 appellat
745 1607 753 1622 ι
766 1597 841 1624 Chri-

54 1647 310 1682 stianzemeligionis
324 1647 461 1674 doctorem
474 1646 603 1674 eximium
614 1655 619 1672 :
631 1645 665 1680 (c)
675 1644 719 1680 qui
731 1643 840 1679 quidem

55 1695 113 1719 toto
128 1692 277 1719 sacerdotii
297 1692 339 1719 sui
354 1695 475 1726 tempore
489 1690 559 1726 quod
580 1690 658 1718 annis
673 1689 758 1724 gessit.
772 1688 841 1715 duo-

55 1738 154 1769 decim,
172 1738 320 1765 maximam
342 1745 449 1772 quoque
471 1737 583 1772 gloriam
606 1739 647 1764 est
666 1738 839 1762 consecutus.

55 1783 122 1812 Post
141 1784 281 1811 Theonam
302 1784 487 1819 episcopatum
502 1782 713 1810 Alexandrinum
728 1781 840 1809 sortitus

57 1835 107 1857 est.
119 1830 152 1856 Et
168 1834 232 1857 ante
246 1829 461 1865 persecutionem
476 1829 583 1864 quidem
599 1828 686 1855 tribus
701 1826 784 1854 ferme
796 1834 841 1853 an-

58 1876 100 1903 nis
122 1875 275 1903 Ecclesiam
297 1875 385 1902 rexit:
404 1874 460 1910 Πρὸ
475 1873 522 1900 τοῦ
543 1871 661 1908 διωγμοῦ
681 1872 768 1906 τρισὶν
786 1871 840 1897 οὐδ¹

57 1922 125 1952 ὅλοις
142 1921 320 1956 ἡγησάμενος
338 1920 386 1955 τῆς
409 1918 570 1953 Ἐκκλησίας
584 1927 589 1944 :
604 1918 735 1952 reliquum
751 1920 840 1943 autent

57 1968 145 1995 aetatis
161 1971 282 2001 tempus,
303 1965 420 1991 arctiore
441 1963 583 1998 disciplina
605 1970 634 1990 se
652 1962 740 1997 ipsutn
762 1969 840 1989 exer-

891 1369 999 1399 Cbristo
1012 1372 1074 1405 306,
1095 1372 1214 1400 Canones
1231 1373 1419 1407 paenitentiam
1436 1377 1545 1408 propter
1559 1381 1606 1401 eos
1622 1375 1668 1409 qui

891 1417 919 1445 in
941 1419 1068 1453 praedicta
1092 1419 1278 1454 persecutione
1303 1419 1370 1454 lapsi
1394 1424 1494 1447 essent.
1515 1419 1669 1447 Occurrunt

891 1469 980 1491 autem
1005 1466 1033 1492 in
1057 1465 1183 1493 omnibus
1206 1465 1345 1492 Canonum
1376 1466 1588 1494 collectionibus.
1613 1466 1668 1494 Nos

891 1517 956 1537 vero
970 1510 1030 1537 illos
1045 1510 1244 1545 desumpsimus
1258 1518 1290 1537 ex
1305 1510 1423 1537 editione
1439 1511 1528 1545 magni
1543 1510 1668 1546 Synodici

892 1555 1050 1589 Oxoniensi,
1070 1564 1151 1597 quam
1177 1556 1282 1583 curavit
1311 1555 1469 1583 Guillelmus
1495 1555 1666 1592 Bevcregius,

891 1608 1005 1635 eamque
1019 1601 1184 1628 contulimus
1199 1608 1253 1627 non
1269 1600 1356 1627 solum
1373 1607 1434 1626 cum
1450 1599 1595 1627 Frontonis
1612 1600 1667 1627 Du-

892 1646 938 1673 caai
956 1645 1073 1673 editione
1090 1645 1246 1677 Parisiensi,
1261 1644 1308 1673 sed
1331 1645 1412 1672 etiam
1427 1652 1489 1671 cum
1505 1653 1555 1671 ms.
1574 1645 1668 1673 codice

892 1692 1055 1728 bombycino
1083 1693 1242 1727 amplissimi
1270 1693 1405 1720 senatoris
1433 1692 1561 1719 Bernardi
1587 1691 1666 1722 Nani.

893 1738 1003 1765 scholiis
1022 1742 1151 1773 pranerea
1172 1737 1307 1764 Theodori
1330 1737 1498 1765 Balsamonis
1514 1741 1540 1764 et
1554 1735 1667 1764 Joannis

893 1783 1003 1810 Zonaras
1017 1784 1135 1811 intextis.
1155 1783 1192 1811 De
1209 1783 1251 1811 his
1265 1788 1354 1810 autem
1369 1783 1523 1810 Canonibus
1539 1783 1669 1818 poeniten-

892 1830 1003 1856 tialibus
1014 1828 1215 1856 Tillemontium
1230 1829 1356 1856 consulas
1367 1829 1447 1855 velim
1460 1829 1506 1863 (g).
1524 1827 1609 1855 Porro
1620 1829 1668 1855 hu-

890 1875 1010 1910 jusmodi
1030 1874 1170 1901 Canouum
1192 1875 1365 1906 testimoniis,
1390 1878 1420 1901 ut
1441 1873 1524 1901 refert
1543 1874 1667 1902 laudatus

893 1920 1076 1948 Renaudotius
1089 1919 1136 1955 (lt),
1149 1923 1262 1946 utuntur
1272 1918 1478 1952 Echmimensis,
1490 1918 1666 1952 Ebnassalus,

892 1965 1083 2000 Abuliaragius
1101 1968 1127 1991 et
1148 1964 1192 1991 alii
1216 1964 1402 1999 cujuseunque
1420 1970 1499 1991 sectm
1518 1963 1667 1991 Orientales

57 2022 132 2045 cens,
150 2011 307 2046 transegit:
323 2018 373 2037 nec
396 2010 485 2037 minus
505 2009 612 2036 interim
635 2007 771 2035 communi
791 2006 841 2034 Ec-
857 2009 877 2037 Β
892 2011 1038 2040 Christiani
1054 2021 1059 2038 :
1075 2009 1144 2045 apud
1169 2017 1237 2044 quos
1259 2009 1339 2036 etiam
1357 2010 1384 2037 in
1406 2010 1439 2036 iis
1461 2009 1667 2036 collectionibus

58 2059 206 2086 clesiarum
231 2055 343 2083 utilitati
359 2053 501 2089 magniﬁce
526 2052 674 2088 prospexit.
699 2052 784 2085 Quam
804 2052 839 2079 ob

57 2112 169 2132 causam
185 2110 260 2130 anno
278 2100 477 2137 persecutionis
496 2108 569 2127 nono
583 2100 671 2134 capite
687 2102 838 2131 truncatus,

58 2149 182 2184 martyrii
199 2155 329 2175 coronam
341 2146 500 2183 promeruit.
515 2155 524 2171 υ
540 2145 675 2172 Hactenus
686 2144 818 2172 Eusebius
831 2153 838 2171 :

58 2202 138 2229 quem
159 2197 290 2221 accurate
304 2192 377 2220 Petri
393 2191 566 2226 episcopatus
583 2197 668 2216 annos
684 2189 840 2224 digessisse,

58 2240 185 2274 pluribus
212 2238 367 2266 Dodwcllus
388 2238 489 2264 evincit
502 2237 550 2271 (ά).
571 2235 637 2263 Cum
654 2236 733 2270 igitur
746 2234 841 2262 Petrus

59 2285 206 2312 duodecim
230 2292 316 2311 annos
341 2283 368 2310 in
389 2283 545 2318 episcopatu
566 2281 736 2317 transegerit,
762 2286 842 2315 atque

60 2339 132 2359 anno
143 2332 179 2359 ab
189 2335 248 2358 orta
257 2330 443 2367 persecutione
454 2336 536 2359 nono,
550 2329 675 2355 saaviente
688 2328 714 2354 in
725 2327 842 2354 Alexan-

61 2378 168 2405 drinam
183 2377 333 2405 Ecclesiam
346 2375 502 2407 Maximino,
523 2375 609 2409 capite
626 2377 768 2401 truncatus
785 2373 843 2400 iue-

62 2424 112 2458 rit;
148 2424 209 2458 ejus
243 2422 357 2459 proinde
385 2422 543 2457 martyrium
572 2419 666 2447 incidit
691 2419 718 2446 in
741 2427 842 2446 annum

63 2469 165 2497 Christi
186 2469 248 2501 5H,
270 2468 342 2504 quod
358 2467 478 2503 [Egyptii
496 2467 620 2493 recolunt
635 2465 679 2493 die
692 2465 727 2492 29
742 2465 842 2493 mensis

65 2516 158 2552 Athyr,
175 2516 221 2550 qui
237 2514 382 2549 respondet
395 2513 431 2541 23
445 2512 602 2539 Novembris
618 2515 646 2539 ut
662 2516 721 2546 post
732 2510 842 2538 Rennu-

66 2561 166 2588 dotium
180 2562 213 2598 (c)
230 2561 355 2588 observat
369 2558 531 2594 Lequienius
543 2558 589 2593 (f).

102 2639 138 2674 (α)
155 2639 255 2667 Euseb.
274 2639 345 2666 Hist.
355 2638 418 2665 ccci.
435 2638 482 2664 lib.
493 2645 537 2674 717x,
554 2643 614 2671 cap.
631 2635 656 2662 6.

100 2673 134 2710 (’b)
150 2675 187 2701 Id.
205 2675 271 2703 ibid.
284 2676 330 2702 lib.
343 2681 401 2706 vttt,
414 2680 472 2707 cap.
490 2673 530 2710 15.

100 2706 133 2745 (c)
152 2711 189 2739 Id.
208 2710 274 2738 ibid.
290 2711 337 2737 lib.
355 2717 403 2740 vn,
421 2716 478 2743 cap.
494 2706 593 2745 Sans-ib
610 2706 653 2733 lin.

100 2741 136 2780 (tt)
154 2747 248 2774 Dodw.
267 2746 377 2773 Disscrl.
394 2741 462 2780 sing:
475 2743 509 2769 ad
528 2741 630 2774 Pears.,
649 2749 708 2777 cap.
725 2741 752 2773 6,
768 2741 780 2776 ᾗ
799 2741 844 2774 Ἡ,

69 2788 124 2817 pag.
138 2783 180 2809 τι.

890 2057 1031 2094 auonymis
1048 2064 1107 2092 quae
1130 2060 1228 2083 vocant
1243 2055 1383 2090 Responsa,
1405 2056 1526 2090 qutcdam
1552 2063 1584 2082 ex
1606 2055 1667 2083 aliis

890 2105 949 2139 ejus
972 2103 1099 2138 operibus
1125 2101 1276 2136 fragmenta
1304 2105 1421 2128 exstant.
1448 2100 1581 2128 Nonnulla
1604 2100 1667 2127 item

890 2149 1034 2176 laudantur
1050 2156 1064 2174 a
1079 2147 1208 2174 Jacobitis
1223 2146 1251 2173 in
1267 2153 1347 2180 opere
1366 2146 1437 2181 quod
1455 2145 1547 2172 Fidem
1562 2150 1668 2180 patrum

891 2195 1034 2230 appellant.
1057 2193 1086 2220 ln
1109 2193 1162 2219 alio
1179 2199 1286 2226 quoque
1302 2199 1392 2226 opere,
1417 2192 1460 2219 cui
1481 2192 1577 2218 titulus
1601 2191 1667 2218 Um'o

891 2240 1029 2275 pretiosus,
1044 2239 1103 2273 ejus
1114 2238 1250 2265 homiliam
1264 2237 1295 2264 de
1311 2237 1438 2272 baptismo
1451 2237 1551 2264 Christi
1564 2243 1668 2264 memo-

892 2291 977 2314 ratam
992 2286 1092 2313 videas.

927 2331 970 2359 lll.
991 2332 1056 2365 Quae
1079 2339 1142 2358 vero
1168 2330 1239 2365 apud
1258 2329 1366 2357 Graecos
1389 2336 1423 2356 ex
1450 2329 1554 2356 caeteris
1581 2329 1668 2356 sancti

893 2379 1020 2413 martyris
1042 2378 1150 2412 scriptis
1175 2377 1323 2411 fragmenta
1346 2378 1499 2406 servantur,
1523 2381 1554 2401 ea
1577 2371 1685 2402 omnia.

893 2424 1005 2450 collecta
1023 2423 1082 2457 ejus
1098 2422 1254 2450 Canonibus
1270 2420 1390 2455 subjecta
1405 2419 1572 2447 exhibemus.
1585 2419 1670 2446 Nimi-

893 2476 963 2499 rum.
985 2469 1009 2495 1.
1025 2473 1179 2503 excerptum
1200 2475 1230 2495 ex
1254 2467 1313 2502 ejus
1335 2466 1405 2494 libro
1419 2465 1457 2492 De
1473 2464 1580 2497 deitale,
1596 2465 1669 2500 quod

893 2518 981 2541 exstat
1004 2514 1029 2540 in
1051 2514 1119 2540 actis
1140 2513 1316 2540 conciliorum
1338 2510 1466 2546 Ephesini
1481 2514 1506 2537 et
1521 2509 1670 2537 Chalcedo-

894 2560 997 2591 nensis,
1022 2567 1083 2586 eum
1105 2558 1181 2585 Marii
1203 2557 1360 2586 Mercatoris
1373 2556 1497 2592 apposita
1510 2555 1669 2590 interpreta-

930 2636 964 2670 (c)
983 2635 1103 2663 Renaud.
1116 2635 1347 2670 Hist..patriarch.
1363 2634 1450 2670 Alce,
1465 2631 1586 2670 paglﬁg.

932 2667 971 2707 (Γ)
985 2670 1171 2707 [:equien.H0r.
1188 2667 1381 2707 Chrisl.,__tom.
1399 2667 1580 2707 ll,__p_ag.'597.

932 2703 968 2742 (gi
985 2703 1095 2742 Tillem,
1108 2705 1199 2738 Helm,
1216 2711 1280 2731 tom.
1292 2703 1325 2742 Χ,
1340 2711 1401 2739 pag.
1417 2704 1478 2731 450.

934 2739 971 2778 (Ὶι)
988 2741 1108 2769 Renaud.
1126 2741 1143 2768 ι.
1157 2749 1192 2773 c.,
1213 2747 1273 2775 pag.
1288 2739 1320 2766 61
1337 2747 1394 2774 seq.
