1909 3069
253 69 304 97 151

765 65 792 93 S.
814 55 916 92 PETRi
936 62 1167 92 ALEXANDRINI
1185 62 1337 91 EPISCOPI

1819 59 1876 85 432

252 129 339 160 tione;
357 127 383 155 2.
402 126 474 153 aliud
490 127 553 154 item
567 125 746 160 fragmentum
759 132 791 152 ex
807 124 917 151 homilia
932 123 971 150 De
982 122 1028 150 ad-
1045 125 1067 153 Α
1082 130 1192 154 σκοπονθ
1209 121 1299 148 multis
1324 118 1478 146 criminibus
1501 117 1657 150 convictum,
1682 117 1711 144 in
1735 116 1876 143 communi

252 179 327 201 ventu
343 172 500 204 Saluatoris,
522 171 595 205 quod
611 171 707 198 recitat
725 169 853 197 Leontius
870 169 1034 204 Byzantinus

251 218 298 245 lib.
314 225 323 244 1
337 222 430 244 contra
448 216 601 243 Nestorium
618 221 641 243 et
660 215 810 250 Eutychen;
837 216 862 241 5.
887 215 1035 249 adiecimus

251 264 379 298 deinceps
394 263 516 297 ejusdem
531 261 681 289 beatissimi
698 261 828 288 antismis
841 261 982 295 epistolam
1000 260 1034 288 ad

252 309 399 336 Ecclesiam
427 308 648 340 Alexandrinam,
674 314 770 334 recens
796 307 948 341 evulgatam
971 313 1033 333 cum

251 355 312 382 aliis
328 354 440 382 vetustis
455 353 582 380 Ecclesia:
593 352 776 380 monumentis
791 360 805 378 a
820 351 851 379 V.
862 351 891 379 C.
907 351 1034 387 Scipione

251 399 356 427 MatIcio
373 399 420 434 (i);
437 406 517 433 quam
530 402 641 426 sanctus
653 397 751 432 praesul
764 397 960 432 conscripsisse
974 405 1034 432 per-

251 446 361 473 hibetur
375 449 436 480 post
452 445 593 480 epistolam
609 445 642 471 ad
661 444 795 472 Melctium
810 444 966 478 episcopum
983 443 1033 479 Ly-

250 490 444 525 copolitanum,
468 497 483 516 a
505 490 590 517 beatis
605 488 807 516 conlessoribus
820 488 964 524 liesychio.
983 488 1034 516 Pa-

249 535 369 567 chomio,
396 534 539 562 Theodoro
564 539 590 562 et
612 530 705 561 Philea
727 537 865 561 exaratam
883 533 930 569 (j).
950 533 979 560 ln
1001 541 1033 561 ea

250 587 331 615 porro
348 580 462 615 epistola
477 583 589 607 sanctus
611 578 720 612 Petrus,
741 578 933 606 Alexandrinis
949 579 1034 606 inter-

250 625 322 652 dicta
336 633 397 652 cum
409 626 515 654 Meletio
526 625 725 657 communione,
740 625 834 652 Scribit
849 632 878 652 se
892 625 932 652 illi
943 633 1034 652 accur-

249 680 341 699 surum
366 680 425 699 cum
447 672 606 706 sapientibus
628 672 702 703 ciris,
728 676 752 698 et
770 671 886 698 visurum
901 679 958 706 qua:
973 676 1033 698 sunt

249 726 307 753 qua:
321 718 366 745 ille
382 719 515 754 cogitavit.
531 718 647 745 innuens
668 717 791 744 videlicet
809 716 941 752 synodum
959 715 1035 744 illam

249 763 472 795 Alexandrinam,
489 764 515 790 in
532 770 585 798 qua
604 762 777 798 postmodum
793 762 927 789 celebrata
943 768 1033 789 sacer-

1084 169 1262 202 episcoporum
1279 166 1378 202 synodo
1395 164 1522 199 deposuit.
1547 164 1680 190 Caeterum
1695 162 1729 190 de
1746 166 1876 197 tempore

1083 220 1138 248 quo
1151 213 1232 247 cmpit
1250 212 1386 239 t‘uiiestnm
1408 211 1527 238 schisma
1552 209 1735 242 Meletianum,
1757 207 1875 235 Baronii

1084 259 1247 286 Sententiam
1266 259 1296 293 (Ι)
1321 258 1387 285 illud
1412 256 1543 292 illigantis
1564 262 1634 282 anno
1649 255 1701 282 506
1714 258 1877 290 propugnat

1084 304 1215 331 adversus
1231 304 1340 339 Pagium
1353 308 1379 330 et
1393 302 1621 330 Montfauconium
1638 301 1764 328 laudatus
1779 299 1878 327 Malie-

1084 352 1127 378 ius
1138 351 1196 385 (nt),
1212 354 1268 376 tum
1281 357 1314 377 ex
1326 350 1376 376 hac
1392 348 1464 376 Petri
1480 347 1655 375 Alexandrini
1668 347 1796 382 epistola,
1814 350 1876 372 tum

1082 404 1147 424 vero
1159 397 1185 423 in
1195 396 1290 431 primis
1305 403 1337 422 ex
1352 395 1435 422 altera
1447 398 1563 429 quatuor
1573 392 1776 428 episcoporum,
1789 392 1875 425 cujus

1083 443 1111 470 in
1126 450 1175 470 sua
1187 441 1309 470 meminit
1323 440 1392 468 idem
1408 443 1519 468 sanctus
1529 439 1619 471 Pater,
1633 441 1768 473 quamqhe
1779 445 1794 464 a
1806 437 1876 464 Phi-

1083 489 1124 516 lea
1143 488 1278 515 Thmueos
1289 487 1417 522 episcopo
1437 485 1522 513 fuisse
1543 484 1723 519 conscriptam
1739 483 1876 518 Superius

1083 534 1279 563 edisseruimus
1292 533 1347 568 (n);
1363 533 1389 560 4;
1406 532 1513 559 demum
1531 531 1591 558 luco
1610 530 1759 565 fragmenta
1776 529 1878 564 prole-

1083 582 1170 608 rimus
1184 588 1216 608 ex
1230 579 1407 615 disputatione
1419 577 1450 604 de
1467 577 1607 607 I’aschate,
1622 583 1682 611 quae
1696 575 1723 602 in
1743 575 1876 602 Chronici

1084 621 1223 655 Paschalis
1240 626 1332 653 limine
1349 628 1507 654 occurrunt.
1525 623 1558 650 de
1575 629 1690 657 quorum
1709 621 1875 648 sinceritate

1083 666 1147 700 alibi
1169 668 1220 700 nos
1243 665 1397 707 disputasse
1417 668 1598 698 meminimus,
1615 667 1659 695 ubi
1682 667 1716 694 dc
1734 664 1764 694 S.
1788 666 1876 694 Clau-

1083 719 1129 746 dio
1140 717 1286 754 Apollinari
1302 717 1384 744 verba
1400 715 1514 743 fecimus
1528 715 1576 749 (0).
1595 714 1652 741 Huc
1670 716 1734 741 vero
1751 717 1780 740 et
1802 713 1873 740 illud

1084 763 1189 790 accedit
1202 763 1236 790 ad
1251 761 1330 790 [idem
1345 760 1464 788 auctoris
1476 759 1601 787 Cbronici
1616 759 1737 794 ejusdem
1749 758 1874 786 Pascha-

250 807 325 835 dotio
348 808 399 835 fuit
423 808 545 843 dejectus
566 807 637 835 idem
657 807 790 835 Meletius.
806 806 844 834 De
857 814 910 842 qua
922 806 1030 842 quidem
1046 800 1068 830 Β
1082 809 1115 836 iis
1136 807 1362 839 conﬁrmandam,
1382 805 1454 841 quod
1471 804 1650 832 Casaubonus
1668 812 1700 832 ex
1715 804 1801 831 veteri
1824 812 1874 831 co-

251 854 354 889 synodo
367 854 424 881 haec
443 854 524 881 habet
547 859 658 882 sanctus
683 853 849 880 Athanasius
865 853 900 889 (k)
915 863 921 880 τ
937 853 1034 880 Petrus

251 899 320 933 apud
337 908 383 926 nos
399 904 459 926 ante
471 900 674 934 persecutionem
686 899 830 933 episcopus,
853 904 877 926 et
899 901 926 926 in
949 905 1035 934 perses

234 944 353 973 'cutione
376 951 488 981 martyr,
505 946 640 973 Meletium
661 947 705 981 qui
719 947 750 974 ab
766 946 882 982 Egypto
899 947 1033 981 episcopus

250 990 357 1023 dicitur,
377 992 506 1019 Μελέτιον
522 992 575 1019 ἀπὸ
589 992 638 1027 τῆς
651 992 788 1027 Αἰγύπτου
809 992 954 1028 λεγόμενον
974 992 1034 1019 ὲπί-

287 1057 318 1091 (i)
338 1057 545 1093 biati‘eiVOsscrv.
565 1052 661 1090 letter.,
677 1062 742 1086 tom.
759 1051 804 1089 ill.
823 1066 883 1093 pag.
899 1051 942 1086 li.

286 1092 587 1129 (jiyidej’atrologia’
606 1099 707 1121 nostra:
727 1092 933 1120 Graeco-Latinae
954 1098 973 1121 t.
996 1092 1030 1126 Χ,

251 1128 302 1155 cot.
318 1127 396 1155 1565.
413 1127 492 1155 Ευιτ.

285 1163 438 1224 ἓΙἫιέεΙὶιτιιι.
453 1163 530 1198 Apol.
541 1168 625 1191 contr.
636 1163 742 1195 Arium,
762 1163 775 1198 §
788 1163 834 1195 '59,
851 1162 918 1198 Opp‘.
932 1166 998 1190 tom.
1011 1162 1030 1195 I,

250 1205 266 1231 ρ
302 1218 309 1225 .
325 1205 336 1224 ι
349 1205 386 1225 tt.

268 1205 316 1266 1fl)
335 1232 432 1260 Baron.
451 1233 484 1259 ad
499 1240 563 1260 ann.
579 1233 640 1263 306.
657 1232 726 1268 ξω.

284 1267 332 1304 (m)
347 1267 433 1296 Μεπεί
445 1268 463 1294 l.
476 1277 511 1300 c.,
528 1276 589 1304 pag.
601 1269 645 1296 24.

251 1339 389 1354 ﬂ'—-—.

1081 854 1142 882 dice
1162 862 1214 882 ms.
1230 854 1284 882 duo
1305 854 1364 881 loca
1379 853 1482 888 profert
1497 852 1534 887 (p)
1551 851 1583 878 ad
1601 851 1723 878 eamdem
1741 851 1872 886 disputa-

1081 901 1182 928 tionem
1199 900 1362 935 spectantia,
1380 907 1440 934 qme
1456 898 1526 933 apud
1547 898 1622 925 illum
1641 901 1782 925 auctorem
1802 905 1873 924 ano-

1082 954 1191 982 nymum
1207 941 1303 973 iisdem
1318 945 1406 972 verbis
1423 944 1560 980 descripta
1573 943 1676 977 videas,
1694 949 1725 971 ut
1745 944 1775 971 in
1794 944 1871 971 notis

1082 992 1213 1027 subjectis
1228 992 1375 1019 innuimus.

1119 1059 1157 1092 (η)
1174 1058 1239 1086 Vide
1251 1058 1353 1085 tomum
1371 1065 1452 1092 supra
1467 1057 1589 1092 citatum.
1603 1057 1655 1084 col.
1674 1056 1753 1092 i559.

1118 1088 1154 1156 (ag
1170 1093 1238 1120 Vide
1246 1088 1475 1127 Patrologia'tom.
1486 1088 1516 1119 τ’.
1525 1108 1561 1113 -—
1571 1092 1682 1120 Accedit
1691 1091 1720 1119 S.
1729 1091 1800 1118 Petn'
1810 1099 1870 1118 ser-

1118 1137 1126 1156 )
1156 1129 1247 1156 vriace
1260 1133 1287 1156 et
1301 1127 1397 1156 Latine
1407 1129 1441 1155 ab
1453 1130 1521 1156 Ana.
1533 1127 1603 1155 Maio
1616 1128 1771 1156 evulgatus.
1788 1127 1867 1154 Enn.

1082 1127 1127 1165 [no
1136 1127 1247 1165 Syriace
1260 1133 1287 1156 et
1301 1127 1397 1156 Latine
1407 1129 1441 1155 ab
1453 1130 1521 1163 Ang.
1533 1127 1603 1155 Maio
1616 1128 1771 1163 evulgatus.
1788 1127 1867 1154 Eutr.

1082 1164 1284 1234 “(Stantia
1298 1198 1414 1226 Exercit.
1431 1207 1473 1226 xvi
1488 1199 1522 1225 ad
1538 1198 1635 1225 Annal.
1653 1195 1730 1229 eccl.,
1747 1197 1779 1233 ἓξ
1795 1197 1828 1223 12
1843 1202 1869 1224 et

1081 1236 1142 1263 165,

395 1341 1849 1354 ——_—_—____—I——_—'__—___—————————C

508 1421 696 1480 ACTA
733 1421 1040 1478 SINCERA
1085 1412 1342 1478 SANCTI
1388 1420 1601 1477 PETRI

752 1541 893 1563 EPISCOPI
907 1537 1125 1562 ΑιΕΧΔΝυΜΜ
1142 1540 1183 1562 ΕΤ
1197 1539 1356 1562 nasutus

618 1615 844 1647 ANASTASIO
861 1613 1205 1646 BlBLlOTHECARIO
1223 1613 1490 1644 INTERPRETE;

720 1697 809 1734 (Apud
824 1696 934 1729 Maium,
949 1696 1082 1731 Spicilegii
1096 1699 1170 1724 tumo
1184 1696 1227 1730 111,
1240 1703 1300 1732 pag.
1315 1695 1390 1732 67L)

817 1847 949 1893 MAII
988 1847 1295 1895 MONITUM.

284 2007 456 2035 Anastasium
471 2005 709 2034 Bibliothecsrium
724 2006 896 2034 transtulisse
911 2014 926 2034 e
940 2005 1034 2036 Graeco
1048 2007 1203 2042 passionem
1219 2004 1306 2034 sancti
1321 2005 1394 2034 Petri
1410 2005 1580 2034 Alexandriae
1594 2005 1714 2042 episcopi
1724 2026 1733 2039 .
1747 2006 1863 2035 allii-mat

269 2044 366 2070 rimum
381 2043 495 2077 ipsemet
508 2042 670 2078 Anastasius
690 2042 718 2068 in
731 2042 842 2078 prologo
855 2050 905 2070 suo
917 2043 951 2069 ad
974 2043 1128 2078 passionem
1154 2043 1305 2077 martyrum
1325 2044 1480 2078 iccccuxx
1494 2061 1502 2074 ,
1529 2049 1609 2077 quem
1633 2043 1808 2071 Mabillonius
1835 2044 1862 2071 in

269 2051 366 2070 rimum
381 2051 495 2077 Ipsemet
508 2051 670 2070 nnaswsius
690 2051 718 2068 ιιι
731 2051 842 2077 prorogo
855 2051 905 2070 suo
917 2051 951 2069 an
974 2051 1128 2078 passtonem
1154 2051 1305 2077 martyrum
1325 2051 1480 2069 lccccuxx
1494 2061 1502 2074 ,
1529 2051 1609 2077 quem
1633 2051 1808 2071 manutontus
1835 2051 1862 2071 l'll

249 2051 340 2106 £1"an
353 2078 449 2106 Italico
461 2076 565 2114 tom_.l,
580 2080 650 2114 part.
665 2084 700 2114 tt,
717 2084 743 2111 p.
757 2076 801 2114 80,
817 2078 954 2112 vulgavit:
972 2083 1028 2112 post
1043 2078 1204 2114 translatam
1221 2086 1237 2114 ᾳ
1253 2085 1293 2103 nte
1310 2078 1345 2103 ad
1359 2077 1508 2114 petitionem
1524 2077 1674 2114 sanctitatis
1685 2082 1742 2114 tam
1759 2078 1862 2114 (loqui-

249 2118 293 2140 tur
307 2119 368 2139 cum
382 2112 604 2147 Petrorepiscopo
620 2111 784 2146 Gavinensi)
810 2111 957 2146 passionem
978 2114 1103 2147 praecipui
1128 2112 1244 2139 doctaris
1268 2119 1293 2139 et
1316 2112 1441 2147 martyris
1459 2111 1543 2147 Petri,
1568 2111 1768 2140 Alexandrini?
1786 2111 1860 2140 urbis

248 2148 372 2182 episcopi.
390 2146 655 2184 Deinde’anonymus
668 2147 830 2184 biographus
838 2147 953 2184 ioannis
970 2147 1025 2184 \‘lll
1039 2147 1092 2175 PP.
1110 2147 1181 2183 apud
1201 2146 1425 2184 Muratoriumgﬂ.
1438 2146 1457 2174 Ι.
1468 2146 1582 2184 δέοιιι.
1600 2147 1688 2184 lll,p.
1706 2155 1732 2184 ι,
1754 2155 1780 2182 p.
1794 2148 1874 2184 269.,

249 2181 275 2210 id
288 2181 374 2217 ipsum
388 2181 531 2217 conﬁamat
548 2191 554 2208 :
571 2181 729 2208 Anastasius
744 2181 819 2210 Rom.
834 2182 957 2210 Ecclesia
973 2181 1185 2210 bibliothecarius
1204 2181 1340 2208 transtulit
1356 2182 1436 2209 etiam
1455 2183 1486 2209 de
1502 2182 1592 2209 Graeco
1605 2183 1633 2209 in
1650 2181 1777 2209 Latinum
1796 2181 1875 2217 ραι-ἲ

248 2216 349 2245 sionem
362 2217 448 2243 sancti
463 2216 536 2243 Petri
551 2216 725 2244 Alexandrini
736 2218 931 2252 archiepiscopi.
954 2217 1147 2245 Verumtamen
1163 2225 1195 2244 ex
1211 2217 1325 2244 diversis
1341 2225 1401 2252 qua:
1416 2217 1549 2245 habentur
1561 2218 1647 2245 sancti
1664 2217 1737 2245 Petri
1752 2219 1860 2252 passio-

247 2254 348 2286 nibus,
371 2259 515 2288 quamnam
539 2252 700 2279 Anastasius
720 2254 903 2285 transtulerit.
919 2253 1077 2287 conjectura
1096 2252 1312 2288 cognoscendum
1322 2256 1381 2288 rest.
1410 2252 1513 2280 Etenim
1540 2252 1637 2280 Surius
1662 2252 1695 2279 ad
1724 2252 1798 2288 diem
1823 2253 1859 2280 26

248 2287 408 2314 Novembris
422 2287 544 2321 qutedam
559 2287 683 2323 breviora
696 2288 762 2314 Acla
779 2288 876 2315 recitat
889 2308 896 2318 .
913 2295 1000 2323 eaque
1015 2288 1049 2315 ab
1060 2287 1205 2315 Anastasio
1215 2295 1276 2314 esse
1288 2287 1436 2315 arbitratus
1453 2292 1511 2323 est,
1526 2291 1668 2322 propterea
1680 2287 1799 2323 quodin
1810 2295 1859 2315 co-

247 2323 355 2350 dicibus
370 2323 471 2358 legerat
488 2322 628 2358 prologum
643 2322 842 2358 adqmartyrum
856 2322 1010 2351 Iccccmtxx
1024 2323 1178 2358 passionem
1192 2342 1199 2354 ,
1227 2323 1310 2358 cujus
1320 2330 1401 2358 supra
1424 2322 1615 2358 meminimus;
1644 2323 1734 2358 itaque
1760 2322 1858 2350 iisdem

248 2358 338 2385 Verbis
353 2356 442 2393 utitur
454 2356 550 2384 Sui-ius
564 2356 838 2393 (inibusAn'aslasius
855 2359 882 2385 in
894 2359 968 2385 dicto
983 2356 1106 2393 prologo.
1122 2364 1219 2393 nempe
1231 2357 1355 2390 prtecipui
1368 2357 1483 2393 doctori;
1509 2363 1533 2384 et
1549 2357 1676 2393 martyris
1691 2356 1770 2393 :Petri
1787 2359 1858 2393 ᾃΑΙε-

246 2393 386 2420 arandrime
400 2392 472 2418 urbis
492 2393 605 2427 episcopi
623 2392 676 2426 (vel
689 2393 861 2426 patriarcha,
884 2398 914 2420 ut
931 2393 1027 2420 Surius
1042 2391 1074 2420 et
1093 2392 1177 2420 codex
1200 2391 1260 2420 Vat.
1275 2393 1374 2426 reginae
1390 2392 1540 2420 Succorum
1552 2391 1652 2424 542,1
1670 2392 1704 2419 72
1715 2393 1752 2427 ιι).
1782 2391 1858 2420 Surii

247 2433 337 2455 tamen
357 2427 509 2463 sententiae1
526 2428 592 2454 nulli
606 2431 680 2454 certo
689 2433 849 2463 argumento
869 2428 968 2455 innixae
989 2436 1043 2463 non
1058 2428 1193 2463 acquievit
1206 2427 1338 2463 Baronius
1357 2427 1383 2454 in
1396 2427 1622 2463 adnotationibus
1637 2427 1671 2454 ad
1695 2427 1857 2462 Martyrolo-

246 2463 319 2497 gium
336 2463 406 2489 dicta
424 2461 468 2490 die
495 2461 540 2489 Sic
554 2463 624 2490 enim
641 2463 678 2488 ait
692 2471 698 2489 :
715 2471 725 2487 ί
744 2462 879 2490 Habemus
895 2464 947 2490 alia
963 2462 1084 2497 ejusdem
1095 2461 1166 2490 Petri
1181 2462 1247 2489 Acta
1263 2462 1382 2496 pleniora
1394 2462 1422 2489 in
1437 2461 1490 2489 vet.
1502 2462 1562 2489 cod.
1575 2470 1639 2494 ms.,
1653 2470 1713 2497 quae
1725 2461 1856 2497 quoniam

247 2498 402 2525 accuratius
413 2498 570 2532 conscripta
582 2501 743 2530 noscuntur,
754 2497 910 2530 Anastasio,
922 2505 983 2525 mea
1004 2498 1138 2525 sententia
1151 2517 1158 2528 ,
1173 2498 1262 2532 potius
1276 2497 1417 2524 tribuenda
1432 2497 1569 2532 videntur.
1592 2497 1640 2525 Est
1650 2498 1758 2524 illorum
1772 2505 1855 2525 exor-

246 2532 321 2559 dium
335 2541 342 2559 :
359 2531 389 2559 Si
408 2540 494 2559 omnes
510 2531 561 2559 niei
575 2540 681 2567 sensus.
697 2532 733 2567 ιη(
745 2533 844 2559 labitur
860 2534 990 2560 memoria
1003 2532 1137 2559 Baronius
1151 2532 1197 2567 qui
1217 2532 1336 2559 scribere
1358 2532 1468 2563 debuit,
1492 2531 1522 2559 .Si
1544 2540 1632 2560 omnes
1659 2534 1711 2567 mei
1736 2534 1855 2567 corporis

246 2572 321 2594 artu:
334 2587 341 2598 ,
359 2568 398 2593 uti
416 2567 514 2601 legitur
530 2567 607 2601 apud‘
614 2566 689 2602 nos.)
699 2566 830 2602 VEamdem
844 2568 876 2595 de
887 2568 947 2595 istis
959 2568 1033 2595 Actis
1044 2566 1205 2594 sententiam
1220 2575 1274 2602 prae
1287 2574 1316 2594 se
1326 2567 1426 2594 tulerat
1442 2567 1576 2594 Baronius
1600 2568 1626 2594 in
1647 2566 1745 2594 Annal.
1760 2566 1795 2594 ad
1809 2575 1854 2595 an.

247 2602 309 2633 510,
326 2602 372 2636 qui
389 2605 416 2629 et
430 2602 496 2636 ipsis
510 2602 544 2628 ad
555 2601 750 2629 contexendam
765 2601 837 2630 Petri
854 2603 999 2629 Historiam
1014 2602 1120 2629 naviter
1136 2610 1202 2629 usus
1217 2606 1269 2629 est.
1286 2604 1341 2636 Iugo
1355 2602 1437 2636 igitur
1456 2602 1618 2629 auctoritate
1633 2602 1740 2630 Baronit
1755 2602 1853 2634 fretus,

267 2641 430 2673 metereaque
446 2637 565 2673 bonitate
577 2641 671 2673 captus
688 2637 817 2664 Actorum
834 2637 943 2669 horum;
956 2645 1016 2673 qua
1030 2638 1058 2664 in
1071 2641 1227 2671 pervetusto
1238 2636 1332 2664 codice
1355 2638 1443 2672 reperi
1457 2636 1589 2665 Vaticano
1601 2637 1653 2666 602
1664 2658 1672 2669 ,
1695 2638 1853 2672 passionem

246 2645 430 2698 praetereaque
446 2645 565 2664 uanitate
577 2645 671 2671 captus
688 2645 817 2664 actorum
834 2645 943 2669 norum;
956 2645 1016 2673 quae
1030 2645 1058 2664 in
1071 2645 1227 2671 pervetusw

257 2679 317 2708 Iane
336 2672 504 2708 celeberrimi
518 2671 707 2708 Alexandrinae
718 2672 792 2708 urbis
803 2673 923 2708 episropi
935 2677 962 2701 et
977 2673 1103 2707 martyris
1114 2672 1238 2708 exhibeo.

283 2706 383 2742 Praeter
397 2706 454 2742 haec
469 2706 576 2733 sincera
593 2710 620 2733 et
634 2702 828 2739 Anastasiana;
841 2708 875 2735 de
891 2702 991 2742 quibus
1006 2702 1140 2734 hactenus
1154 2707 1220 2742 dixi,
1235 2708 1302 2734 Acta
1312 2727 1320 2738 ,
1333 2702 1428 2735 Latina
1440 2707 1492 2734 alia
1507 2707 1627 2742 legebam
1641 2707 1668 2734 in
1682 2707 1779 2735 codice
1791 2707 1852 2734 Vat.

246 2740 323 2777 62‘2_,_
331 2748 418 2777 Δεψιρ
443 2740 527 2777 ferme
551 2742 681 2777 antiquo;
698 2742 755 2777 haec
781 2746 870 2769 tamen
890 2740 934 2769 illa
949 2743 1007 2777 ipsa
1022 2747 1086 2769 sunt
1106 2750 1166 2777 qua
1186 2741 1366 2770 Combelisius
1381 2742 1408 2769 in
1422 2743 1500 2769 lectis
1515 2740 1671 2776 Triumphis
1684 2748 1834 2777 martyrum
1846 2763 1854 2774 ,

248 2751 317 2771 οη,
343 2751 418 2774 aeque
443 2751 527 2768 tenue
551 2751 681 2775 antiquo;
699 2751 755 2769 naec
781 2751 870 2769 tamen
890 2751 955 2769 mai
977 2751 1007 2769 sa
1022 2751 1086 2769 sunt
1106 2751 1166 2777 qua
1186 2751 1366 2770 uonmensms
1381 2751 1408 2769 In
1423 2751 1500 2769 tectts
1520 2751 1671 2776 lt‘lumpnls
1684 2751 1834 2773 martyrum
1846 2763 1854 2774 ,

248 2782 275 2808 p.
295 2774 344 2802 189
356 2782 444 2809 scqq.,
457 2774 549 2802 Graece
564 2775 647 2804 edidit
660 2781 686 2803 et
701 2775 846 2804 Latinitate
862 2785 931 2804 nova
946 2751 1070 2809 dguavit.
1087 2778 1149 2812 quia
1164 2781 1280 2806 veterem
1305 2777 1408 2805 codicis
1429 2777 1553 2804 Vaticani
1576 2781 1679 2804 textum
1699 2773 1855 2810 ignorabat.
