1909 3069
746 58 839 86 ACTA
855 60 1015 89 SlNCERA.

930 153 1227 201 9_qrijbe§siana:_quar
1247 161 1310 201 sunt
1324 159 1417 201 cadem
1435 153 1530 190 La'tine
1544 153 1571 191 in

57 178 86 200 ut
103 174 245 208 diximus,
263 176 326 206 Vat.
344 179 406 207 622.
423 179 477 208 Nos
491 174 661 217 vero-prima
675 174 1347 227 'e't'p'rieéiaEt};aiqﬁé'iriéiiiii'iiéidiﬁinit?iui:

570 312 948 374 INCIPIUNT
985 319 1195 377 ACTA.

89 450 122 478 Si
137 459 244 480 omnes
267 455 322 482 mei
338 455 462 491 corporis
478 460 554 485 artus
574 461 745 485 verterentur
761 459 789 486 in
807 460 858 487 lin-
869 466 894 495 Α
909 461 999 496 itaque
1012 461 1179 489 sanctissimi
1194 462 1245 490 Viri
1259 463 1413 499 episcopale
1434 466 1594 497 inchoantes
1613 477 1689 499 exor-

52 505 143 532 guas,
162 506 323 535 omnesque
340 502 523 529 membrorum
539 510 684 538 compages
697 506 857 534 articulatas

52 543 175 571 ederent
190 552 288 577 voces,
302 546 365 581 quis
373 547 413 574 vel
427 548 526 582 qualis,
537 548 689 583 quantusre
704 550 784 578 fuerit
798 552 857 579 bca-

53 590 187 616 tissimus
213 590 299 618 Pater
325 595 419 620 noster
439 592 548 626 Petrus,
564 595 753 623 Alexandrinze
782 597 854 625 sedis

54 635 303 672 archiepiscopus,
331 638 483 673 exprimere
513 641 667 668 nullatenus
694 642 852 671 scilicet-em.

53 679 220 708 Praesertim
233 687 338 717 quanta
349 688 526 719 tyrannorum
540 687 671 721 pericula,
682 693 853 724 quantosque

55 726 208 760 gentilium
231 732 313 764 atque
337 730 529 758 hzereticorum
555 730 668 760 subierit
695 734 851 768 conﬂictus,

56 775 175 809 papyris
191 776 285 802 omnia
310 777 433 809 tradere,
459 779 501 806 vel
530 779 647 807 maxime
671 780 850 817 incongruum

55 820 200 852 ducimus,
211 829 246 849 ne
257 821 358 850 favoris
372 823 445 852 illius
457 825 649 860 panegyricum
660 828 851 856 commendare

54 866 150 901 potius
163 867 310 895 videamur
322 876 403 904 quam
425 870 582 905 passionum
597 891 603 902 ,
627 871 706 906 cujus
721 871 849 907 praeclaro

56 912 157 939 annisu
175 914 309 948 populum
330 914 385 942 Deo
401 916 564 951 acquisitum
583 917 686 944 salvum
704 918 792 946 facere
805 921 848 947 vi-

55 958 146 986 riliter
165 961 298 988 cucurrit.
316 960 505 989 Verumtamen
526 963 590 997 quia
606 963 638 990 ad
655 963 758 992 intima:
779 973 847 993 con-

54 1006 225 1033 versationis
240 1013 272 1033 ac
284 1007 405 1034 miriﬁcac
423 1008 483 1042 ejus
497 1008 613 1035 actionis
630 1010 764 1037 narranda
779 1018 847 1045 prae-

54 1052 135 1078 conia
153 1053 226 1079 ratio
236 1053 401 1085 succumbit,
413 1058 440 1081 et
448 1061 537 1081 sermo
549 1054 671 1082 sullicere
691 1056 845 1085 nullatenus

54 1098 138 1129 valet.
155 1099 218 1125 ideo
233 1099 408 1126 commodum
432 1100 601 1128 aestimamus
624 1108 655 1128 ea
674 1101 845 1130 solummodo

910 507 1000 539 dium,
1030 507 1116 541 ipsius
1141 507 1293 542 flagitemus
1312 511 1482 545 orationem,
1508 518 1538 540 ut
1560 522 1610 542 nos
1632 524 1683 544 ean

909 556 1004 580 nostro
1019 553 1089 588 style
1103 555 1314 587 cooperatricern
1329 556 1429 584 habere
1444 558 1620 593 gaudeamus.

943 597 1106 625 Alexandria
1120 599 1202 633 igitur
1215 600 1280 628 urbs
1293 602 1410 637 copiosa
1424 605 1620 639 magnitudinis
1632 611 1688 640 est,

907 650 968 677 quae
981 650 1034 670 non
1055 642 1247 678 Egyptiorum
1262 645 1445 680 solummodo,
1457 649 1505 676 sed
1519 650 1600 677 etiam
1619 651 1690 680 The-

906 691 1026 718 banorum
1042 695 1124 727 atque
1139 691 1301 728 Libycorum
1317 694 1389 721 haud
1406 697 1501 729 procul
1525 697 1558 724 ab
1571 697 1686 733 Egypto

906 736 1089 771 principalum
1104 740 1187 764 tenet.
1215 736 1369 766 Salutiferte
1392 744 1483 767 autem
1507 740 1569 769 Jesu
1584 742 1686 770 Christi

905 781 1010 809 Domini
1026 783 1111 810 nostri
1128 782 1326 812 incarnationis
1346 785 1527 813 ducentorum
1547 788 1685 823 octoginta

903 833 929 855 et
943 828 1064 863 quinque
1075 836 1208 856 annorum
1220 829 1340 857 circulus
1355 831 1522 864 volvebatur,
1533 840 1594 860 cum
1608 841 1684 861 vene-

902 873 996 901 rabilis
1024 873 1149 902 Theonas
1172 875 1293 909 ejusdem
1324 875 1444 904 civitatis
1470 885 1539 912 papa
1567 880 1683 907 aathereo

901 918 994 945 volatu
1011 918 1134 946 coelestia
1153 926 1237 954 regna
1252 920 1414 947 conscendit
1428 921 1475 956 (ό).
1491 921 1542 948 Cui
1559 923 1682 957 profecto

900 968 1066 992 memoratus
1075 963 1171 992 Petrus
1179 965 1213 992 ad
1224 964 1401 992 ministranda
1411 965 1538 994 Ecclesite
1549 968 1682 1002 guberna-

900 1010 960 1036 cula
977 1010 1126 1037 succedens
1137 1029 1144 1041 ,
1161 1010 1194 1036 ab
1214 1009 1288 1036 omni
1301 1010 1374 1037 clero
1392 1015 1418 1038 et
1433 1011 1588 1039 Christiana
1605 1015 1681 1048 plebe

898 1055 1041 1082 ordinatus
1054 1059 1095 1083 est
1120 1055 1252 1090 pontifex,
1275 1058 1372 1083 sextus
1394 1056 1518 1085 decimus
1543 1058 1646 1086 scilicet
1665 1067 1680 1086 a

898 1099 988 1127 Marco
1003 1100 1167 1135 evangelista
1182 1099 1318 1135 simulque
1334 1100 1539 1136 archiepiscopo
1557 1102 1679 1137 ejusdem

53 1143 230 1177 describere,
253 1146 355 1181 quibus
371 1145 465 1181 utique
488 1146 522 1173 ad
542 1143 716 1181 pontificatus
741 1148 845 1183 apicem
861 1148 882 1176 B
896 1147 1026 1174 civitatis.
1049 1145 1100 1173 Hie
1112 1146 1185 1173 enim
1200 1146 1272 1173 velut
1287 1145 1397 1175 Lucifer
1419 1147 1489 1174 inter
1512 1152 1588 1176 astra
1611 1157 1678 1177 eon-

54 1191 253 1219 conscendisse
264 1191 409 1226 pandatur.
425 1197 463 1224 et,
475 1193 541 1220 Ario
555 1201 571 1220 a
590 1193 723 1221 catholica
738 1194 844 1222 unitate

54 1237 181 1271 praeciso,
204 1238 410 1273 martyrialibus
425 1239 526 1265 laureis
543 1239 577 1266 sit
591 1239 748 1267 coronatus.
764 1239 843 1267 Hunc

896 1199 1029 1227 surgens,
1065 1194 1222 1219 sanctarum
1253 1192 1337 1220 radiis
1369 1192 1501 1219 virtutum
1535 1195 1676 1228 emicans,

895 1244 984 1264 arcem
997 1236 1058 1264 lidei
1072 1236 1339 1271 magniﬁcentissime
1357 1237 1534 1273 gubernabat.
1560 1238 1589 1266 In
1601 1239 1676 1267 Scri-

54 1286 145 1311 tamen
176 1283 329 1319 gloriosum
354 1285 433 1312 ﬁnem
462 1293 494 1312 ac
520 1285 656 1320 magniﬁci
685 1286 870 1320 certaminisﬁ
893 1283 981 1316 pturis
1005 1289 1068 1309 vero
1092 1281 1193 1310 divinis
1220 1281 1342 1317 priorum
1358 1281 1460 1309 nullius
1485 1282 1615 1316 inferior,
1641 1285 1676 1312 ad

54 1330 197 1364 speculum
210 1350 218 1362 ,
235 1338 326 1366 opera:
342 1332 457 1366 pretium
474 1332 514 1359 eis
537 1332 661 1359 sullicere
680 1332 778 1365 credo.
794 1333 841 1368 qui

54 1381 177 1403 nostram
198 1376 343 1405 attendunt
362 1377 551 1409 devotionem,
570 1385 602 1405 ac
623 1378 682 1405 sine
705 1379 840 1406 mendacii

54 1422 115 1450 fuco
131 1423 281 1450 veridicam
296 1431 351 1451 non
375 1424 515 1459 ambigunt
534 1424 729 1452 narrationem.
752 1424 842 1460 Hujus

88 1511 125 1546 (α)
141 1511 306 1548 Fragmenta
323 1512 453 1548 Actorum
472 1512 589 1548 S.rPetri
611 1512 722 1548 Coptice
740 1518 767 1541 et
786 1514 839 1542 La-

53 1546 110 1583 tine
129 1547 216 1583 edidit
241 1548 374 1583 Georgius
390 1547 618 1583 ZoegaLDanus,
646 1546 673 1575 in
697 1549 767 1577 libro
792 1551 837 1578 cui

54 1582 148 1619 t_i_tulus
166 1582 337 1619 :_Catalogu'_s_
353 1582 471 1609 codicum
485 1582 653 1619 Captivorum
670 1591 733 1611 mss.
750 1586 796 1619 qui
808 1586 836 1612 in

54 1615 143 1654 Musca
162 1615 298 1654 Borgianj
318 1617 424 1654 Velitris
444 1615 622 1654 asseroantur.
637 1617 730 1646 Romae
745 1615 813 1647 i810
826 1640 834 1654 ,

54 1651 155 1687 in-foL,
171 1660 198 1687 p.
212 1651 254 1680 Η.
273 1653 313 1679 En
327 1661 358 1680 ea
373 1653 467 1680 Latine
482 1653 586 1680 reddita
601 1663 607 1679 :

84 1686 104 1724 l,
121 1686 275 1724 Codrmv,
291 1696 324 1715 ex
336 1689 395 1724 vol.
406 1687 494 1716 Vatic.
510 1690 577 1715 [χιι.
594 1687 751 1715 Encomium
765 1690 834 1724 quod

53 1723 155 1756 scripsit
176 1723 257 1749 abbas
274 1722 424 1750 Alexander
441 1723 648 1757 archiepiscopus
663 1722 834 1752 Alexandria:

53 1757 78 1783 in
90 1757 126 1793 VS.
147 1757 256 1784 Petrum
273 1759 398 1793 virginem
422 1763 446 1785 et
472 1759 694 1793 archiepiscopum
716 1759 833 1792 ejusdem

53 1792 141 1825 urbis,
161 1793 206 1827 qui
226 1792 384 1827 martyrium
397 1794 522 1821 sustinuit
540 1802 587 1827 pro
605 1792 708 1820 nemine
722 1793 831 1822 Domini

892 1327 1021 1355 Ecclesia:
1043 1328 1187 1355 utilitatem
1205 1331 1287 1362 atque
1309 1327 1518 1355 instructionem
1546 1329 1676 1357 nobiliter

892 1374 1054 1407 insistebat;
1071 1374 1215 1409 prudentia
1226 1381 1336 1409 quoque
1355 1373 1513 1408 singularis,
1529 1379 1556 1402 et
1571 1375 1598 1402 in
1614 1383 1675 1403 om-

891 1421 972 1448 nibus
991 1420 1146 1456 perfectus,
1165 1428 1228 1448 vere
1244 1420 1372 1447 sacerdos
1389 1423 1416 1447 et
1433 1419 1522 1448 hostia
1536 1420 1596 1454 Dei,
1609 1429 1673 1457 erga

888 1507 988 1535 throno
997 1508 1131 1544 Achillam
1148 1513 1175 1537 et
1187 1513 1250 1544 post
1261 1509 1334 1536 hunc
1348 1508 1550 1542 Alexandrum;
1576 1509 1670 1537 Arium

888 1547 978 1578 autem
994 1543 1106 1578 impium
1131 1543 1379 1572 anathematizavit.
1402 1545 1629 1572 Commemoravit
1642 1546 1670 1572 et

887 1577 1152 1619 fratrescpiscopos,
1169 1578 1262 1619 Phylel
1277 1583 1304 1619 et
1319 1578 1537 1619 HeSychiuhmnet
1546 1579 1669 1619 Pahhom

886 1617 913 1640 et
934 1613 1121 1645 'l‘heOdorum.
1139 1614 1185 1649 qui
1211 1613 1239 1641 in
1261 1613 1381 1641 vincula
1397 1614 1513 1648 conjecti
1543 1614 1667 1647 fuerant,

886 1655 940 1682 quo
954 1652 1076 1683 tempore
1092 1649 1151 1684 ipse
1166 1649 1264 1676 absens
1286 1654 1345 1676 erat
1367 1649 1394 1676 in
1411 1649 1621 1684 Mesopotamia,
1641 1654 1668 1676 et

885 1684 1008 1719 martyrii
1023 1683 1151 1711 coronam
1168 1688 1330 1719 acceperant
1344 1692 1397 1711 una
1414 1691 1475 1711 cum
1486 1683 1594 1711 clericis
1605 1684 1667 1718 plus

884 1725 962 1744 DCLX.
980 1718 1109 1745 Hor-tatus
1122 1718 1287 1753 qnoque’est
1300 1727 1375 1751 suos,
1392 1720 1422 1746 ut
1437 1723 1565 1746 caverent
1579 1726 1594 1745 a
1609 1718 1666 1746 Me-

885 1753 943 1779 litio
953 1753 1145 1788 Lycopolitano
1163 1754 1209 1788 qui
1226 1753 1362 1781 lacerabat
1379 1753 1531 1788 Ecclesiam
1548 1758 1575 1780 et
1597 1754 1666 1781 insi-

884 1788 943 1815 dias
955 1787 1078 1815 Struebat
1094 1787 1182 1816 bonis:
1199 1788 1218 1814 E
1232 1796 1342 1816 carcere
1357 1789 1455 1816 ductus
1467 1792 1507 1815 est
1522 1787 1618 1816 Petrus
1635 1789 1664 1816 in

54 1815 208 1855 nostri’lzsu
222 1815 321 1856 Clirisii
332 1848 338 1860 ,
351 1829 419 1864 quod
429 1833 454 1856 et
465 1815 583 1856 recitarvit
599 1829 625 1864 in
642 1829 758 1855 oratorio
772 1815 828 1864 ejus

887 1831 969 1849 ,ocum
985 1831 1071 1864 quem
1097 1815 1194 1850 vocant
1216 1815 1406 1864 Bucolorump
1424 1823 1477 1864 u_bi_
1497 1823 1526 1852 S.
1544 1815 1664 1864 "Marcus

53 1863 116 1899 quod
132 1868 169 1890 est
190 1872 207 1890 a
226 1869 302 1897 parte
320 1864 475 1891 occidentali
495 1863 585 1896 urbis,
598 1863 642 1889 ubi
658 1863 755 1898 festum
771 1865 828 1899 ejus

53 1898 178 1934 celebrant
190 1899 233 1925 die
244 1899 379 1926 honorata:
392 1899 647 1926 commemorationi:
661 1899 727 1933 ejus,
737 1898 828 1934 quiest

53 1933 102 1961 dies
114 1933 148 1961 29
159 1935 257 1960 mensis
268 1935 360 1961 Atlior.
377 1934 409 1961 In
421 1942 483 1968 pace
491 1934 539 1960 Dei
547 1942 631 1960 amen.
645 1933 740 1960 Sermo
759 1934 828 1962 inter

53 1968 100 2004 alia
114 1969 199 1996 estde
215 1969 333 1996 Sabellio
347 1970 489 2000 hmretico,
512 1969 557 2004 qui
573 1969 690 2004 surrexit
706 1973 828 2004 tempore

52 2002 162 2031 Theonda
192 2004 390 2039 archiepiscopi
425 2002 633 2038 prtcdecessoris
670 2002 769 2039 l’etrig'
793 2004 827 2032 de

52 2039 236 2073 persecutione
250 2038 300 2067 sub
314 2038 491 2070 Diocletiano,
506 2046 558 2073 qua
570 2040 675 2073 vigente
693 2038 720 2064 in
739 2038 826 2066 Meso-

50 2075 191 2108 potamiam
207 2075 319 2102 secessit
331 2075 426 2102 Petrus
437 2075 583 2101 comitibus
593 2073 697 2108 Achilla
707 2078 732 2100 et
744 2074 824 2108 hujus

50 2107 160 2137 encomii
177 2114 304 2143 auctore;
317 2110 350 2137 de
362 2110 464 2137 Melitio
474 2110 603 2144 episeopo
617 2107 821 2144 Lycopolitano,

49 2146 90 2178 qui
105 2146 216 2172 absente
235 2145 314 2172 Petro
329 2145 428 2172 invasit
442 2143 575 2171 thronnm'
585 2143 766 2175 Alexandriae,
776 2144 823 2171 sed

48 2183 136 2213 postea
153 2181 188 2207 ab
204 2188 237 2208 eo
259 2181 286 2207 in
299 2179 444 2215 Egyptum
460 2186 570 2206 reverso
594 2178 689 2215 pulsus
704 2179 823 2215 est;__de

47 2212 108 2242 lrio
122 2216 282 2250 presbytero
302 2212 472 2250 qui's'ecutus
484 2212 603 2242 errorem
617 2212 740 2248 Origenis
751 2213 822 2240 allir-

49 2251 127 2277 mavit
140 2250 238 2278 Filium
256 2250 303 2278 Dei
316 2259 377 2278 esse
392 2254 557 2277 creaturam.

80 2285 250 2320 Snbscriptio
265 2286 292 2312 in
308 2286 359 2313 fine
376 2295 382 2313 :
400 2285 529 2317 Domine,
554 2284 676 2310 miserere
698 2284 766 2310 servi
784 2285 822 2311 lui

48 2318 146 2347 diaconi
163 2318 291 2347 Gdbrielis
307 2320 417 2347 Cosmdz.
432 2321 524 2346 Arnen.

80 2355 108 2382 ll.
131 2356 195 2383 Cod.
213 2355 261 2382 XV
273 2376 279 2386 ,
297 2363 329 2382 ex
347 2356 400 2383 vol.
417 2355 505 2381 Vatie.
525 2362 590 2381 un.
611 2353 772 2387 Martyrium
789 2353 818 2380 S.

51 2389 116 2417 Petri
137 2391 325 2424 archiepiscopi
345 2391 534 2421 Alexandrini,
563 2389 606 2423 qui
630 2389 820 2424 consummavit

51 2431 168 2452 certamen
189 2423 266 2452 suum
290 2423 410 2452 sanctum
435 2427 476 2452 die
492 2425 526 2451 '29
545 2425 640 2451 mensis
665 2423 757 2450 Al/ior.
787 2423 819 2450 In

50 2469 104 2494 pace
122 2460 174 2488 Dei.
190 2462 282 2488 Amen.

879 1857 1044 1892 evangelista
1062 1865 1158 1892 passus
1172 1863 1241 1886 erat.
1258 1859 1286 1885 In
1301 1859 1398 1886 itinere
1417 1858 1524 1885 obviam
1542 1857 1605 1885 facti
1620 1866 1662 1886 se.

878 1900 929 1929 nex
945 1899 1107 1929 etanusaa
1127 1896 1218 1921 castro
1242 1894 1274 1920 ad
1296 1894 1426 1929 oppidum
1447 1893 1662 1929 descendentes,

878 1928 1036 1963 obtulerunt
1057 1928 1081 1954 ei
1098 1929 1192 1962 pellem
1211 1928 1427 1963 quadrangulum
1445 1932 1472 1954 et
1491 1928 1659 1963 sindonium.

877 1961 1024 1998 Postquam
1041 1961 1130 1990 autem
1142 1961 1253 1998 ventum
1268 1961 1472 1997 essetﬁamplius
1488 1962 1520 1989 ad
1533 1966 1659 1990 austrum

876 1998 904 2024 in
918 1998 1008 2025 locum
1029 1998 1152 2032 martyrii
1168 1997 1196 2025 S.
1216 1998 1317 2031 Marci,
1343 1998 1370 2025 in
1392 1997 1459 2025 valle
1483 2001 1606 2032 porrecta
1627 1998 1660 2025 ad

876 2033 1013 2067 planitiem
1037 2035 1241 2067 sepulcrorum,
1275 2034 1378 2060 tribuni
1406 2032 1491 2060 recidi
1516 2032 1659 2066 jusserunt

875 2072 956 2102 caput
971 2067 1054 2094 Petri.
1068 2068 1144 2100 Quod
1162 2068 1208 2094 ubi
1226 2069 1336 2095 rescivit
1352 2068 1467 2103 populus
1479 2088 1485 2100 ,
1498 2067 1602 2094 scilicet
1614 2075 1658 2094 ar-

875 2103 1076 2137 chiepiscopum
1105 2106 1241 2130 nocturno
1265 2102 1385 2137 tempore
1412 2106 1439 2129 et
1458 2102 1604 2130 remotiore
1631 2103 1658 2130 in

874 2138 936 2165 loco
950 2138 1133 2167 interfectum,
1151 2145 1255 2172 magnae
1267 2138 1353 2165 turbae
1367 2142 1436 2164 natae
1447 2141 1522 2165 sunt.
1535 2137 1657 2164 Conten-

873 2173 912 2200 tio
925 2174 1005 2201 etiam
1026 2177 1086 2199 orta
1104 2176 1145 2200 est
1163 2173 1188 2198 in
1206 2173 1306 2207 populo
1323 2173 1356 2199 de
1370 2177 1483 2207 corpore
1495 2172 1573 2205 ejus,
1591 2173 1656 2199 dum

874 2208 918 2234 alii
935 2208 1048 2242 sepelire
1065 2208 1165 2234 vellent
1181 2208 1208 2233 in
1221 2207 1337 2234 ecclesia
1352 2207 1479 2239 Theonae,
1496 2207 1540 2233 alii
1555 2207 1582 2233 in
1594 2207 1654 2234 loco

874 2242 903 2270 S.
930 2241 1020 2269 Marco
1050 2246 1219 2270 consecrato.
1243 2243 1375 2269 Proeeres
1402 2245 1491 2268 autem
1518 2241 1653 2273 civitatis,

873 2278 1002 2305 senatorii
1020 2277 1143 2304 homines
1159 2284 1192 2304 ex
1205 2276 1304 2303 Dromo
1314 2296 1321 2308 ,
1337 2276 1416 2303 veriti
1428 2284 1462 2303 ne
1475 2275 1594 2303 oriretur
1611 2284 1653 2303 se-

872 2313 956 2346 ditio,
978 2320 1078 2348 corpus
1094 2312 1162 2347 pelle
1182 2312 1227 2348 illa
1245 2311 1404 2348 involutum
1413 2311 1612 2348 transtulerupt
1625 2311 1653 2338 in

871 2344 1167 2384 navigiumfsiquidem
1188 2347 1264 2384 locus
1277 2346 1344 2384 mari
1360 2345 1519 2384 adjacebat,
1536 2350 1563 2372 et
1579 2344 1652 2384 Pha-

871 2379 1121 2410 I'um'circurnv'ecti
1136 2382 1296 2417 appulerunt
1311 2381 1345 2408 ad
1360 2381 1448 2417 locum
1459 2380 1561 2417 dictum
1578 2379 1651 2417 Leu:

870 2424 955 2449 cates.
973 2418 1008 2445 ibi
1020 2414 1204 2452 deposuerunt
1218 2417 1244 2443 in
1262 2416 1429 2447 cmmeterio,
1441 2415 1513 2452 quod
1528 2415 1584 2452 ipse
1599 2414 1650 2452 sibi

871 2449 1063 2480 construxerai
1079 2453 1106 2479 in
1127 2452 1257 2479 suburbio
1273 2459 1288 2478 a
1308 2455 1385 2485 parte
1404 2449 1566 2477 Occidentali
1582 2450 1649 2476 civi-

80 2482 343 2530 Xrg-uvnieiit'iiinmfere
357 2495 408 2522 hoc
427 2499 469 2522 est
481 2504 488 2522 :
501 2494 579 2521 Anno
598 2493 757 2530 Diocletiani
770 2501 817 2530 xix
835 2482 856 2510 Ῑ)
872 2490 944 2530 tatis.
969 2487 1022 2515 Sed
1046 2487 1162 2530 populus
1188 2494 1242 2530 no'n
1263 2482 1632 2530 peririis-it:Eun—sepeliretur:
1640 2504 1648 2516 ,

51 2529 152 2559 excitata
164 2536 207 2558 est
224 2531 319 2565 ingens
337 2531 510 2565 persecutio.
522 2534 547 2556 et
563 2529 661 2555 tribuni
678 2532 704 2565 et
721 2529 816 2562 praesi-

51 2565 92 2593 des
105 2566 134 2592 ad
148 2566 173 2592 id
187 2564 412 2599 constituti’sunt
431 2566 457 2592 in
469 2565 595 2591 omnibus
613 2564 770 2599 provinciis,
788 2566 816 2590 et

52 2600 74 2626 in
83 2600 188 2637 Egypto
203 2597 365 2637 aThebaide
379 2602 574 2637 magna_usque
589 2597 621 2626 ad
637 2597 737 2633 Libyen
754 2604 814 2637 qua;

52 2633 181 2670 porrigit-ur
196 2636 228 2662 ad
252 2641 339 2670 usque
354 2633 458 2670 Leptin.
477 2633 628 2670 [Inmensus
649 2633 814 2670 antem_fuit

52 2667 182 2728 inart’yirum
204 2667 338 2697 numerus
353 2671 379 2697 in
392 2667 485 2697 'Africa
498 2674 525 2696 ct
536 2668 715 2708 Mauretania,
728 2667 811 2728 '1ng-

52 2710 96 2728 nto,
132 2706 257 2728 liphﬂide,
278 2704 398 2728 Cvr‘ene.
410 2704 554 2728 Palaestina
571 2709 597 2728 et
615 2703 764 2728 thmcra.
795 2709 811 2728 n

67 2710 97 2738 to,
112 2703 259 2736 Thebaide.
278 2704 382 2741 Cyrene
392 2725 399 2735 .
410 2704 554 2741 Palaestina
571 2709 597 2730 et
615 2703 767 2741 Phwnicia.
783 2703 812 2729 In

67 2741 86 2779 is
101 2740 196 2779 Petrus
207 2762 214 2772 ,
241 2737 369 2779 magaria
380 2740 599 2774 archiepiscopus
624 2737 811 2779 Allesandriae,

51 2777 87 2807 qui
100 2777 122 2804 in
134 2784 243 2805 carcere
259 2773 400 2806 praedixit.
423 2773 616 2803 successurum
637 2773 690 2801 sibi
708 2779 769 2801 esse
783 2773 812 2801 in

870 2528 1014 2557 antequam
1032 2519 1172 2559 anei-tuum
1188 2519 1368 2559 collocassent
1383 2520 1410 2547 in
1428 2519 1527 2559 throno
1542 2519 1648 2559 episco-

868 2559 921 2594 pali
938 2554 964 2584 in
982 2556 1375 2594 ecclesia,clerocomitante,
1387 2562 1441 2594 quo
1459 2554 1531 2581 facto
1550 2554 1648 2588 sepeli-

868 2590 967 2621 'verunt
980 2600 1042 2619 eum
1059 2592 1085 2618 in
1097 2592 1230 2619 sindoniis
1250 2596 1276 2618 et
1291 2590 1452 2618 holosericis
1465 2596 1526 2616 cum
1540 2595 1647 2615 aroma-

868 2629 949 2656 libus.
967 2627 1046 2654 Em'r.
1058 2626 1144 2653 Pun.

902 2663 940 2699 (b)
966 2662 1042 2699 Apud
1065 2662 1173 2699 Eusebii
1198 2660 1376 2699 Chronicum,
1394 2661 1422 2687 in
1443 2663 1558 2699 utraque
1586 2664 1646 2699 mea

867 2693 997 2727 editione-
1012 2696 1205 2723 Mediolanensi
1232 2702 1264 2722 ac
1284 2695 1425 2727 Romana,
1448 2694 1481 2721 ad
1506 2694 1578 2721 hunc
1591 2693 1648 2719 fere

867 2741 967 2762 annum
978 2739 1031 2760 non
1045 2732 1134 2759 obitus
1143 2751 1150 2763 ,
1165 2730 1212 2758 sed
1226 2730 1333 2758 initium
1344 2731 1518 2765 episcopatus
1530 2727 1650 2756 Theona

867 2768 992 2797 refertur.
