1909 3069
249 92 302 120 £55

756 89 784 118 S.
801 87 902 117 PETRI
919 87 1152 116 ALEXANDRINI
1172 84 1324 117 EPISCOPi

1808 90 1863 116 156

249 155 355 176 omnem
371 147 515 175 sacerdotii
532 154 624 174 curam
641 147 738 175 diebus
755 155 786 174 ac
812 147 939 175 noctibus
955 147 1025 182 vigi-
1041 153 1064 177 Α
1078 146 1175 178 illuxit,
1188 150 1381 181 coeperuntque
1397 145 1487 173 fideles
1503 145 1536 172 ad
1553 149 1701 181 martyrum
1714 146 1862 174 memorias

251 193 338 220 Ianter
349 193 509 220 desudabat.

285 238 337 266 Sed
353 238 416 273 quia
430 245 537 273 semper
549 238 607 265 zelo
625 237 777 272 percutitur
791 238 894 270 virtus,
912 237 1027 264 feriunt-

248 291 300 318 que
314 291 435 312 summos
447 283 554 318 fulgura
567 286 689 314 montes,
705 283 864 310 aemulorum
878 282 942 309 hinc
964 283 1027 310 inde

248 328 412 355 multifarios
431 328 584 363 patiebatur
599 326 752 355 conﬂictus.
764 326 833 362 Quid
844 327 942 362 plura?
958 334 1026 361 pene

246 373 320 400 omni
332 378 452 407 tempore
465 373 527 400 vita:
551 380 606 399 sua:
622 373 648 399 in
664 373 852 407 persecutione
868 372 950 407 degit.
975 371 1027 399 Or-

246 417 349 444 dinavit
367 418 469 445 interea
483 418 680 453 quinquaginta
698 421 724 444 et
738 417 857 452 quinque
871 417 1024 452 episcopos.

246 463 369 491 Meletius
395 464 530 498 denique,
557 464 666 491 nomine
685 468 712 490 et
729 467 818 490 mente
838 462 1002 498 nigerrimus
1016 483 1024 496 ,

245 509 317 544 apud
333 509 552 545 Lycopolitanam
564 509 658 536 urbem
673 509 866 536 schismaticus
882 508 969 536 factus
984 513 1026 537 est

245 555 360 589 praesul;
375 554 458 581 multa
474 554 582 588 quidem
598 558 692 581 contra
705 561 838 580 canonum
852 561 934 588 agens
946 561 1025 588 regu-

245 599 309 633 lam,
329 607 516 634 superansque
531 600 613 626 etiam
631 604 806 627 cruentarum
823 600 938 627 militum
959 600 1026 630 feri-

244 648 338 677 tatem,
347 645 393 680 qui
405 644 433 672 in
442 645 546 672 Domini
561 647 687 680 passione
696 646 773 673 veriti
783 650 846 674 sunt
856 646 1023 673 Dominicam

244 691 368 719 scindere
379 691 515 724 tunicam;
539 692 606 719 adeo
629 693 726 719 laxatis
742 693 854 719 insania:
866 693 1024 727 raptabatur

244 735 367 768 habenis,
377 737 575 764 utcatholicam
588 737 716 766 scindens
730 737 896 770 Ecclesiam,
912 746 967 765 non
979 746 1025 765 so«

243 782 298 808 lum
311 789 359 816 per
372 783 495 810 civitates
506 783 626 818 Aigypti,
642 784 689 811 sed
704 784 785 811 etiam
799 792 847 819 per
860 784 940 812 villas
951 785 1022 818 ejus,

243 835 308 855 suos
322 836 451 863 sequaces
462 829 600 857 ordinaret
615 830 759 865 episcopos
769 851 776 864 ,
789 834 816 858 et
835 831 900 858 nihil
915 831 939 858 ei
952 839 1024 858 cura:

243 873 277 900 de
293 873 372 901 Petro
384 877 451 906 erat,
463 875 517 902 imo
532 883 581 902 nec
596 875 630 902 de
640 875 750 904 Christo
761 877 807 912 qui
818 880 877 904 erat
891 877 918 903 in
931 876 1022 904 Petro.

245 921 313 948 Huic
327 922 453 957 praefatus
467 922 548 950 Arius
565 922 653 949 adhuc
670 922 756 950 laicus
767 922 937 954 adhaerebat,
959 929 1024 949 nec-

244 967 309 994 dum
327 968 444 995 clericali
461 972 573 995 tousura
588 972 697 996 notatus
707 989 715 1000 ,
731 974 842 1003 eratque
856 968 894 995 illi
910 968 1024 1002 ejusque

244 1013 335 1040 domui
349 1014 492 1041 admodum
506 1015 624 1047 charus;
640 1023 690 1042 nec
706 1015 841 1042 immerito
853 1023 859 1040 :
873 1022 953 1042 omne
965 1015 1023 1041 ani-

244 1059 308 1091 mal,
326 1063 356 1086 ut
370 1060 408 1086 ait
424 1059 575 1095 Scriptura,
590 1061 679 1087 simile
694 1059 745 1087 sibi
758 1060 854 1095 diligit.
871 1060 919 1088 ilis
932 1064 1023 1088 autem

242 1105 358 1140 cognitis
370 1124 378 1137 ,
398 1106 440 1132 vir
455 1105 561 1133 Domini
575 1113 691 1133 mmrore
711 1105 852 1133 confectus
873 1106 943 1133 hanc
961 1114 1023 1141 per-

242 1151 410 1179 secutionem
435 1152 523 1179 aiebat
550 1152 669 1186 pejorem
689 1159 751 1179 esse
778 1152 878 1186 priore.
904 1151 937 1178 Et
961 1152 1023 1180 licet

240 1198 402 1233 quibusdam
419 1198 532 1225 latebris
547 1200 697 1225 absconsus
708 1219 714 1229 ,
733 1201 823 1224 tamen
847 1205 897 1231 pro
918 1198 1022 1225 viribus

241 1244 442 1271 exhortatorios
457 1244 556 1279 ubiqtte
569 1243 689 1278 dirigens
704 1243 805 1278 apices,
818 1242 1022 1278 praedicansque

241 1288 370 1317 Ecelesiae
387 1290 519 1317 unitatem
531 1307 538 1320 ,
551 1289 694 1323 vegetabat
709 1296 756 1315 eos
768 1288 899 1316 adversus
911 1287 1022 1324 imperi-

240 1335 307 1363 tiam
325 1338 351 1362 et
363 1334 495 1362 nefariam
512 1334 611 1361 Meletii
627 1334 817 1361 temeritatem.
829 1334 906 1362 Unde
919 1334 1021 1362 factum

242 1385 283 1408 est
300 1385 329 1408 ut
340 1389 393 1407 non
411 1380 491 1415 pauci
506 1380 565 1414 ejus
581 1380 747 1408 salutaribus
763 1381 873 1409 monitis
891 1381 1020 1414 animati,

242 1433 259 1453 ιι
276 1425 418 1453 Meletiana
435 1426 605 1453 discederent
621 1426 767 1460 impietate.

277 1472 329 1500 Per
340 1473 409 1500 idem
423 1472 478 1499 fere
493 1476 598 1507 tempus
611 1471 702 1504 Arius,
712 1472 819 1507 viperea
831 1476 950 1500 armatus
964 1480 1021 1500 ver-
1033 1490 1054 1518 ρ

244 1519 325 1552 sutia,
350 1518 428 1554 quasi
451 1518 579 1546 deserens
602 1518 759 1546 Meletianos
774 1517 896 1553 confugit
919 1518 952 1545 ad
970 1517 1021 1546 Pe-

241 1571 332 1598 trum.
357 1565 405 1600 qui
428 1569 538 1600 rogatus
563 1565 598 1592 ab
622 1565 757 1599 episcopis
783 1565 938 1592 sublimavit
959 1573 1020 1592 eum

241 1611 356 1638 diaconii
373 1612 484 1644 honore,
500 1611 624 1638 nesciens
638 1611 737 1645 quippe
751 1614 853 1637 tantam
865 1612 924 1645 ejus
937 1611 1022 1647 hypo-

240 1656 333 1683 (iusin.
351 1655 415 1682 Erat
426 1659 515 1682 autem
530 1659 616 1682 Instar
630 1655 732 1682 colubri
746 1655 875 1690 pestifero
892 1656 1021 1685 sulfectus

240 1706 354 1726 veneno.
379 1698 472 1734 Neque
499 1699 571 1726 enim
590 1699 743 1734 hujusmodi
770 1707 867 1727 manus
884 1700 1020 1735 impositio

241 1744 303 1771 huic
315 1749 409 1771 sancto
423 1745 449 1771 in
468 1745 570 1772 crimen
582 1745 704 1779 deputari
715 1745 812 1780 potuit,
830 1745 899 1772 sicut
913 1753 962 1773 nec
977 1745 1020 1772 Si-

240 1789 328 1815 monis
354 1789 458 1824 magica
486 1797 531 1816 ars
556 1790 683 1817 simulata
710 1790 855 1817 ascribitur
885 1789 1018 1826 Philippo.

241 1833 444 1861 Hcletianorum
463 1834 564 1861 interea
587 1835 745 1862 detestabile
758 1835 834 1863 nefas
857 1844 938 1871 supra
962 1843 1020 1863 mo-

239 1880 304 1908 dum
319 1880 469 1912 crescebat,
495 1888 652 1915 pavensque
675 1880 850 1908 beatissimus
874 1881 970 1909 Petrus
987 1890 1020 1910 ne

241 1925 365 1953 haeretica
380 1925 465 1960 pestis
481 1930 567 1953 totum
594 1926 646 1953 sibi
661 1926 793 1954 creditum
809 1927 947 1954 invaderet
958 1935 1019 1962 gre-

238 1978 309 2006 gem,
324 1971 457 2006 simulque
473 1971 562 1998 sciens
575 1972 648 2006 quod
674 1973 747 1999 nulla
763 1973 879 2000 societas
899 1978 941 2000 est
965 1974 1017 2000 luci

239 2023 301 2042 cum
317 2016 445 2047 tenebris,
461 2017 589 2051 nullaque
602 2017 747 2045 concordia
761 2018 869 2046 Christo
883 2023 909 2046 et
922 2019 1017 2051 Belial,

239 2060 396 2088 Meletianos
411 2060 445 2087 ab
458 2060 577 2088 Ecclesia
603 2070 649 2096 per
674 2063 778 2090 litteras
798 2065 957 2099 segregavit.
986 2065 1018 2092 Et

238 2105 302 2140 quia
320 2105 387 2131 mala
401 2105 525 2133 voluntas
543 2107 589 2133 ditt
616 2108 746 2134 occultari
770 2116 823 2135 non
849 2110 927 2141 valet,
943 2110 1016 2136 illico

238 2150 449 2178 ncfandissimus
463 2152 553 2184 Arius,
569 2157 708 2186 propterea
723 2153 793 2188 quod
810 2162 874 2182 suos
898 2154 1016 2182 fautores
1034 2167 1054 2193 ο

237 2194 271 2221 ab
297 2194 422 2222 Ecclesiae
447 2195 576 2230 dignitate
601 2202 723 2224 cerneret
749 2198 868 2230 divisos,
902 2200 1017 2227 tristitia),

237 2240 406 2275 mancipatus
437 2241 569 2276 gemebat.
598 2242 676 2274 Quod
701 2245 904 2271 sanctissimum
927 2246 1015 2272 virum

237 2285 348 2312 minime
366 2286 455 2312 latuit.
480 2286 619 2314 Denudata
643 2296 759 2324 namque
780 2289 840 2324 ejus
866 2291 1013 2326 hypocrisi,

238 2333 361 2366 protinus
388 2333 542 2367 evangelico
565 2337 643 2360 utens
666 2334 755 2365 ferro,
782 2335 812 2362 Si
838 2337 928 2362 oculus
954 2341 1014 2363 tuus

236 2375 325 2402 dexter
352 2375 516 2403 scandalizat
534 2381 567 2407 te,
590 2385 649 2404 erue
668 2386 726 2404 eum
749 2384 773 2405 et
791 2380 887 2414 projice
911 2380 957 2408 abs
980 2386 1013 2414 te,

235 2421 330 2449 Arium
356 2422 390 2449 ab
421 2422 548 2450 Ecclesia:
579 2430 724 2459 compage,
753 2429 845 2459 utpote
877 2426 1014 2460 putridum

237 2468 386 2496 membrum
405 2469 586 2502 detruncans,
608 2470 681 2497 foras
699 2471 802 2505 expulit
826 2474 853 2498 et
867 2479 881 2497 a
895 2471 1013 2499 ﬁdelium

235 2515 425 2541 communione
440 2519 574 2542 extorrem
585 2522 646 2542 8588
656 2515 803 2542 mandavit.

272 2557 319 2586 llis
332 2560 369 2585 ita
395 2561 488 2594 gestis,
507 2560 597 2588 subito
613 2561 757 2588 admodum
783 2562 870 2588 ablata
886 2570 1013 2598 persecu-

235 2603 317 2632 tionis
330 2606 457 2640 procella,
473 2613 541 2641 pax,
570 2606 633 2633 licet
656 2607 763 2641 exigua,
790 2607 905 2635 refulsit.
937 2607 1013 2634 Tunc

235 2648 452 2684 elegantissimus
464 2650 568 2678 Domini
591 2650 710 2678 nontifcx
737 2652 835 2685 populo
853 2652 1012 2680 manifestus

271 2725 495 2763 {a)__Rectissime
530 2734 621 2755 noster
652 2729 726 2762 ponit
756 2727 825 2754 Petri
859 2730 1010 2763 passionem

237 2761 288 2798 sub
305 2760 467 2798 Maximum,
482 2770 534 2788 non
563 2764 614 2790 sub
635 2760 802 2790 Diocletiano
815 2786 821 2793 ,
848 2760 920 2798 quod
948 2765 1012 2791 facit

237 2792 345 2822 Graccus
371 2797 416 2822 ille
444 2797 607 2828 biograuhus
634 2806 649 2825 a
679 2792 840 2826 Combet‘tsio
857 2792 1009 2828 'vulgatus.

1077 193 1236 219 catervatim
1264 199 1384 223 currere,
1402 196 1428 218 et
1447 191 1481 218 ad
1509 191 1610 219 Christi
1627 192 1734 219 laudem
1758 196 1860 219 emtum

1077 245 1255 274 congregare;
1268 246 1336 272 quos
1356 237 1453 264 divinae
1468 237 1535 272 legis
1553 238 1667 265 antistes
1683 237 1779 265 divino
1799 246 1862 265 ora-

1076 283 1138 310 culo
1156 281 1319 314 viviﬁcabat,
1334 282 1455 317 erigebat
1471 285 1551 317 atque
1565 282 1725 314 roborabat,
1756 290 1862 310 cresce-

1075 327 1175 362 batque
1198 327 1298 362 jugiter
1313 327 1340 354 in
1358 327 1478 354 Ecclesia
1507 327 1652 355 multitudo
1677 328 1859 356 credentium.

1077 372 1130 400 Sed
1145 373 1202 400 haec
1225 380 1279 399 non
1305 373 1390 408 aequis
1404 373 1490 400 oculis
1508 373 1553 400 ille
1568 373 1696 408 antiquus
1721 374 1860 408 aspiciens

1075 419 1200 446 humana:
1213 418 1308 446 salutis
1321 418 1408 446 hostis
1420 418 1492 444 haud
1504 418 1530 445 in
1543 419 1650 454 longum
1665 419 1780 454 quievit.
1791 419 1859 446 Nam

1075 465 1166 493 subito
1190 465 1352 500 paganitatis
1378 464 1458 492 turbo
1480 473 1512 492 ex
1534 465 1648 493 adverso
1677 467 1813 499 intonuit,
1833 470 1861 494 et

1075 517 1150 537 more
1167 509 1316 536 hibernalis
1327 509 1421 537 imbris
1435 509 1562 537 Ecclesia
1573 510 1748 538 serenitatem
1760 519 1861 546 percu-

1075 555 1116 586 lit.
1131 563 1244 591 eamque
1258 556 1350 590 procul
1366 555 1478 591 fugavit.
1494 555 1547 583 Sed
1564 557 1615 583 hoc
1643 561 1672 584 ut
1685 557 1859 586 manifestius

1075 600 1186 635 intelligi
1202 601 1295 635 possit,
1307 602 1461 629 necessario
1476 602 1508 630 ad
1520 602 1672 637 impiissimi
1693 607 1719 629 et
1743 602 1799 630 Deo
1813 611 1858 630 re~

1075 645 1152 672 bellis
1168 644 1327 672 Diocletiani
1339 646 1518 678 atrocitatem,
1527 647 1682 681 pariterque
1696 646 1858 674 Maximiani

1074 690 1175 718 Galerii
1191 691 1355 718 reflectimus
1369 692 1524 725 articulum,
1547 692 1593 727 qui
1608 700 1640 720 eo
1656 696 1779 728 tempore
1793 700 1856 720 cum

1074 736 1130 764 filio
1145 745 1195 764 suo
1211 736 1356 765 Maximino
1380 737 1523 773 tyrannica
1536 738 1676 766 dominatu
1701 738 1857 766 Orientales

1075 782 1189 808 vexabat
1196 782 1329 817 regiones.

1110 826 1196 861 Hujus
1211 835 1327 863 namque
1351 829 1518 864 temporibus
1532 828 1560 855 in
1571 832 1676 855 tantum
1693 828 1857 857 Christiania

1074 873 1270 908 persecutionis
1282 875 1413 901 azstuabat
1428 874 1594 907 incendium,
1608 878 1638 901 ut
1653 882 1707 901 non
1721 874 1812 902 solum
1828 875 1857 901 in

1074 927 1129 946 uno
1144 920 1236 947 mundi
1248 920 1365 953 climate,
1379 921 1425 948 sed
1436 921 1517 948 etiam
1531 927 1578 955 per
1591 920 1750 947 universum
1761 920 1857 947 orbem

1074 970 1147 992 terra
1161 966 1282 1000 marique
1297 966 1443 1002 impietatis
1468 966 1586 1000 procella
1612 969 1726 994 tonaret.
1742 966 1857 992 Discur-

1073 1012 1194 1040 rentibus
1219 1013 1311 1047 itaque
1340 1012 1404 1040 hinc
1431 1012 1494 1040 inde
1522 1013 1708 1048 imperialibus
1742 1012 1856 1048 syllabis

1073 1061 1154 1092 atque
1169 1058 1366 1086 crudelissimis
1391 1058 1518 1091 decretis,
1535 1058 1704 1087 Christicolae
1718 1065 1794 1085 nunc
1808 1065 1858 1092 pa-

1073 1103 1126 1130 lam
1139 1111 1211 1130 nunc
1223 1103 1398 1131 clandestinis
1411 1104 1605 1139 jugulabantur
1619 1105 1744 1138 insidiis;
1763 1105 1855 1131 nullus

1072 1149 1144 1176 enim
1171 1149 1230 1177 dies
1253 1149 1382 1185 nullaque
1405 1158 1459 1178 nox
1486 1151 1521 1178 ab
1548 1151 1678 1179 effusione
1704 1150 1855 1178 Christiani

1072 1195 1178 1223 cruoris
1193 1196 1325 1223 transibat
1340 1197 1477 1225 immunis.
1493 1197 1548 1226 Nec
1559 1203 1637 1233 typus
1653 1198 1854 1225 interfectionis

1072 1239 1199 1267 horrebat
1211 1241 1341 1276 simplex;
1358 1242 1403 1269 alii
1417 1243 1525 1277 quidem
1535 1243 1651 1270 diversis
1666 1247 1692 1271 et
1708 1244 1853 1272 acerrimis

1071 1285 1237 1313 necabantur
1253 1287 1409 1322 suppliciis;
1426 1288 1472 1315 alii
1484 1296 1557 1321 vero,
1569 1293 1598 1315 ut
1609 1290 1689 1316 etiam
1708 1295 1851 1324 parentum

1071 1330 1239 1359 humanitate
1263 1333 1405 1368 patriaque
1427 1338 1552 1361 carerent
1574 1335 1723 1369 sepultura,
1745 1334 1778 1361 ad
1801 1335 1852 1361 alia

1071 1376 1305 1405 transferebantur
1328 1379 1396 1412 loca,
1417 1380 1495 1408 novis
1518 1381 1680 1415 quibusdam
1705 1384 1733 1408 et
1753 1381 1853 1408 saeculo

1071 1422 1201 1449 inauditis
1226 1431 1367 1457 prunarum
1394 1426 1640 1454 machinationibus
1669 1426 1703 1453 ad
1727 1427 1852 1462 martyrii

1070 1468 1300 1503 compellebantur
1314 1473 1422 1498 metam.
1440 1470 1512 1498 Proh
1524 1472 1613 1499 nefas!
1632 1477 1706 1500 tanta
1719 1477 1780 1500 erat
1792 1473 1853 1500 illo-

1071 1520 1130 1539 rum
1146 1513 1285 1548 impietas,
1307 1517 1431 1542 utetiam
1449 1517 1532 1544 divini
1547 1518 1638 1545 cultus
1662 1519 1818 1545 sanctuaria
1836 1525 1850 1545 a

1070 1556 1253 1586 fundamentis
1266 1564 1428 1594 everterent,
1444 1568 1606 1598 sanctosque
1617 1563 1701 1591 libros
1715 1564 1772 1599 igni
1792 1572 1853 1592 cre-

1069 1608 1182 1632 marent.
1219 1604 1351 1633 Defuncto
1384 1607 1474 1642 itaque
1501 1609 1675 1637 exsecrabilis
1710 1611 1850 1637 memoria:

1069 1647 1245 1683 Diocletiano,
1259 1650 1454 1680 Constantinus
1472 1652 1558 1687 Major
1573 1653 1605 1680 ad
1621 1655 1696 1689 regni
1712 1654 1851 1689 guberna-

1069 1695 1129 1721 cula
1145 1696 1246 1724 electus
1261 1701 1311 1728 est,
1327 1704 1353 1724 et
1375 1697 1502 1733 Occiduis
1529 1699 1652 1734 partibus
1678 1701 1850 1736 principatus

1069 1740 1111 1766 sui
1128 1741 1208 1774 ccepit
1218 1741 1353 1769 moderari
1373 1743 1503 1770 habenas.

1104 1785 1150 1812 liis
1174 1786 1293 1820 profecto
1309 1787 1404 1815 diebus
1425 1787 1571 1816 Maximino
1586 1789 1623 1824 (a)
1644 1797 1658 1816 a
1683 1789 1849 1824 quibusdam

1068 1831 1101 1858 de
1123 1831 1234 1866 przefato
1260 1833 1465 1869 archiepiscopo
1497 1835 1611 1863 relatum
1642 1840 1695 1867 est,
1722 1837 1850 1864 videlicet

1068 1879 1140 1913 quod
1161 1879 1218 1913 ipse
1233 1878 1444 1907 Christianitatis
1457 1880 1512 1908 dux
1525 1885 1605 1916 atque
1621 1882 1735 1917 signifer
1755 1887 1847 1915 esset;

1068 1923 1114 1958 qui
1135 1924 1214 1951 solita
1236 1924 1419 1952 inflammatus
1445 1926 1583 1959 nequitia,
1598 1934 1613 1953 e
1628 1926 1743 1961 vestigio
1766 1926 1848 1961 jussit

1068 1969 1258 2004 comprehendi
1274 1969 1383 1997 Petrum
1397 1975 1423 1997 et
1438 1971 1464 1997 in
1479 1979 1614 1998 carcerem
1630 1972 1745 1999 retrudi.
1762 1973 1848 2005 Quam

1067 2015 1102 2043 ob
1118 2023 1173 2043 rem
1187 2016 1306 2051 quinque
1320 2016 1444 2044 tribunos
1455 2017 1570 2052 stipatos
1587 2018 1704 2044 militum
1730 2019 1849 2046 catenis

1066 2062 1256 2089 Alexandriam
1273 2062 1436 2096 destinavit;
1463 2064 1508 2098 qui
1524 2064 1662 2092 venientes
1681 2064 1761 2098 juxta
1775 2064 1847 2100 quod

1067 2109 1118 2135 sibi
1132 2109 1218 2136 fuerat
1232 2110 1402 2142 imperatum.
1419 2111 1508 2138 subito
1522 2111 1656 2145 rapientes
1667 2111 1770 2138 Christi
1781 2119 1848 2146 pon-

1067 2154 1166 2181 tiﬁcem
1181 2155 1299 2182 carceris
1314 2156 1443 2182 custodite
1467 2157 1666 2190 manciparunt.
1696 2156 1765 2183 Mira
1782 2157 1847 2184 tide-

1066 2200 1131 2226 iium
1147 2199 1269 2227 devotio!
1288 2201 1336 2228 Ubi
1356 2205 1523 2236 compertum
1544 2206 1585 2229 est
1607 2202 1678 2237 quod
1699 2207 1793 2230 tantus
1807 2203 1847 2229 vir

1066 2245 1250 2273 carceralibus
1266 2246 1437 2273 clauderetur
1451 2247 1605 2281 ergastulis,
1622 2248 1744 2275 cucurrit
1765 2257 1845 2283 supra

1066 2291 1176 2318 modum
1191 2291 1358 2319 incredibilis
1370 2293 1530 2325 multitudo,
1547 2294 1681 2328 praecipue
1695 2295 1846 2321 monacho-

1065 2344 1125 2363 rum
1145 2344 1176 2364 ac
1192 2337 1325 2372 virginum
1339 2339 1449 2370 chorus,
1475 2344 1500 2366 et
1518 2348 1572 2367 non
1600 2340 1789 2368 materialibus
1804 2349 1847 2367 ar-

1065 2384 1128 2415 mis,
1144 2383 1191 2410 sed
1216 2384 1394 2419 lacrymarum
1412 2385 1507 2413 rivulis
1523 2390 1550 2413 et
1563 2386 1613 2420 piat
1629 2387 1729 2414 mentis
1749 2387 1847 2414 affectu

1065 2429 1302 2456 circumdederunt
1332 2432 1450 2459 carceris
1480 2432 1630 2464 ambitum,
1659 2437 1686 2459 et
1715 2437 1845 2469 tanquam

1064 2473 1129 2501 boni
1141 2474 1188 2501 ﬁlii
1202 2482 1265 2510 erga
1279 2475 1378 2502 bonum
1394 2481 1508 2511 patrem,
1524 2478 1577 2504 imo
1589 2478 1745 2506 Christiana
1761 2487 1846 2506 mem-

1064 2520 1112 2546 bra
1134 2519 1368 2549 Christianissimo
1393 2523 1493 2557 capiti,
1528 2524 1590 2550 totis
1620 2525 1844 2558 compassionum

1063 2565 1212 2592 visceribus
1228 2565 1408 2597 adhaerebant.
1425 2571 1555 2602 erantque
1571 2569 1608 2595 illi
1626 2577 1731 2601 murus,
1747 2570 1844 2598 obser-

1065 2614 1158 2638 rantes
1173 2619 1205 2638 ne
1217 2612 1278 2646 quis
1294 2619 1460 2647 paganorum
1477 2613 1509 2640 ad
1525 2621 1586 2640 eum
1607 2614 1778 2650 ingrediendi
1798 2623 1843 2642 co-

1064 2656 1135 2690 piam
1155 2657 1274 2685 haberet.
1306 2657 1364 2686 Una
1394 2659 1521 2686 nimirum
1542 2660 1661 2687 omnium
1678 2663 1752 2692 vota,
1778 2669 1840 2688 con-

1063 2743 1116 2770 quo
1143 2735 1203 2797 lo'tlo
1231 2736 1326 2764 doctus
1355 2737 1443 2765 editor
1475 2745 1500 2772 p.
1531 2737 1584 2764 222
1615 2746 1738 2766 errorem
1772 2740 1841 2767 hunc

1063 2778 1171 2797 coargui
1188 2791 1193 2797 .

1063 2778 1193 2806 coarguit.
