1909 3069
78 106 123 136 ιω

749 108 839 139 ACTA
860 110 1001 140 SINCERA
1008 133 1014 140 .

1640 111 1692 141 458

79 173 139 193 sons
152 173 217 198 vox,
234 164 387 202 eademque
407 169 571 204 compassio,
587 169 655 196 mori
669 169 760 204 potius
782 177 861 204 quam
877 172 900 200 Δ
912 178 958 199 eos
975 180 982 198 :
999 169 1086 198 Nolite
1102 178 1156 202 me,
1181 171 1289 205 fratres,
1304 175 1432 207 tanquam
1457 170 1635 200 inhumanum
1662 182 1694 200 ac

80 215 198 239 sanctum
218 212 363 248 quidpiam
381 214 445 240 mali
471 215 573 250 perpeti
603 215 725 243 viderent
747 217 796 250 (α).
815 215 862 243 Vir

78 262 163 284 autem
175 257 286 285 Domini
306 266 369 286 cum
384 266 485 293 paucos
500 261 558 288 dies
576 261 671 288 eodem
686 269 770 290 nervo
787 266 862 290 tene-

78 307 147 332 retur
157 308 298 338 retrusns,
317 307 417 334 tribuni
447 307 568 334 fecerunt
591 308 625 335 de
652 308 710 343 ipso
724 308 780 344 regi
796 316 861 343 sug-

75 350 239 386 gestionem;
251 351 299 379 ille
320 356 411 381 autem
425 353 502 388 juxta
520 361 622 381 morem
640 362 695 381 sua:
712 353 862 383 ferocitatis

75 396 221 424 destinavit
235 398 410 430 sententiam,
432 402 462 425 ut
479 399 666 427 beatissimum
679 400 860 434 patriarcham

74 442 182 477 capitali
209 444 342 477 punirent
358 444 524 472 discrimine.
551 443 636 473 Porro
658 445 722 472 dum
739 446 791 473 hoc
812 453 861 481 per

74 495 151 515 aures
177 487 401 516 Christianorum
432 495 570 525 serperet,
599 495 741 526 cmperunt
765 499 860 520 omnes

74 534 241 560 unanimiter
262 534 383 562 carceris
405 535 507 563 aditum
533 543 594 563 eum
613 537 684 564 luctu
707 541 734 564 et
759 538 859 572 gemitu

73 579 225 611 custodire,
252 585 279 607 et
292 580 458 609 obsistentes
475 582 608 609 neminem
623 583 763 618 gentilium
783 584 859 611 illum

72 623 177 658 ingredi
206 625 411 659 permittebant.
430 625 542 653 Tribuni
569 635 633 654 vero
659 635 722 654 cum
746 628 779 655 ad
796 636 859 655 eum

70 670 252 705 jugulandum
279 671 433 699 nullatenus
455 673 585 700 haberent
610 674 781 709 ingressum,
807 674 858 701 ba-

71 715 126 743 bito
140 717 259 744 consilio
282 720 438 744 statuerunt
463 722 492 745 ut
519 719 609 746 cuncti
629 719 727 747 milites
750 719 858 748 nudatis

72 762 250 790 mucronibus
281 763 437 798 popularem
466 765 646 799 irrumperent
678 765 805 797 turbam,
831 767 858 792 et

75 808 114 834 sic
134 815 198 834 eum
220 808 351 835 duntaxat
371 809 404 836 ad
423 809 611 837 dccollandum
635 810 707 838 foras
732 810 857 838 extrahe-

69 857 150 886 rent;
167 860 232 880 mox
247 861 313 881 vero
326 854 349 882 si
365 856 426 889 quis
440 856 574 884 obsistere
593 857 688 890 vellet,
706 857 795 892 gladio
814 858 856 884 in-
872 849 893 876 Β

69 899 175 926 teriret.

103 945 188 973 Arius
200 946 304 974 interea
319 947 407 974 adhuc
424 947 532 976 levitico
550 951 654 975 tantum
667 948 770 975 honore
781 947 856 975 colo-

73 996 151 1019 ratus
168 992 219 1028 (ὑ),
235 998 358 1021 metuens
373 1002 408 1021 ne
422 998 483 1029 post
499 994 602 1022 exitum
617 994 685 1021 tanti
701 992 790 1022 Patris
814 1002 856 1022 re-

69 1038 213 1065 conciliari
236 1040 392 1067 nullatenus
405 1040 521 1072 valeret,
539 1041 604 1067 adiit
627 1048 674 1067 eos
697 1040 744 1075 qui
770 1039 854 1067 nobi—

69 1083 153 1111 liores
177 1088 257 1111 erant
271 1085 298 1111 in
317 1085 400 1116 clero,
415 1090 442 1112 et
457 1086 581 1113 luctuoso
598 1086 721 1120 precario
736 1085 856 1112 blando-

68 1137 120 1164 que
142 1137 270 1157 sermone
297 1134 391 1165 utpote
420 1131 561 1158 simulator
583 1131 732 1158 conabatur
759 1134 854 1159 sancto

68 1177 184 1204 suadere
211 1177 432 1212 archiepiscopo,
462 1182 491 1204 ut
508 1177 545 1204 illi
564 1177 750 1205 misericordia
766 1177 855 1204 indul-

66 1227 152 1257 geret.
167 1230 286 1258 eumque
309 1223 344 1250 ab
358 1224 513 1259 huiusmodi
537 1224 654 1251 solveret
680 1223 852 1259 obligatione.

68 1267 169 1295 Verum
185 1269 253 1304 quid
269 1270 396 1297 simulato
410 1270 491 1298 corde
513 1269 654 1298 fallacius?
666 1269 736 1303 Quid
759 1274 854 1297 sancta

66 1315 266 1349 compositione
299 1316 474 1351 simplicius?
503 1316 579 1344 iIaud
609 1323 709 1349 mora;
738 1316 853 1352 ingressi

67 1365 130 1387 sunt
149 1361 198 1396 qui
217 1362 303 1397 rogati
320 1361 429 1390 fuerant.
449 1363 482 1390 ad
506 1362 607 1391 Christi
634 1362 803 1398 pontiﬁcem,
826 1366 854 1390 et

65 1410 127 1441 post
155 1412 315 1435 consuetam
342 1408 503 1441 orationem,
529 1409 696 1436 consternati
710 1408 770 1436 solo
789 1415 853 1436 cum

65 1454 166 1488 gemitu
180 1458 208 1480 et
223 1454 350 1490 Iacrymis
364 1462 458 1483 sacras
468 1455 527 1490 ejus
538 1455 726 1482 deosculantes
743 1461 850 1487 manus,

64 1498 226 1534 ﬂagitabant
250 1507 312 1527 eum
339 1500 458 1528 dicentes
474 1510 480 1528 :
498 1499 536 1528 Te
553 1501 679 1535 quidem,
696 1500 850 1528 beatissime

64 1542 159 1578 Pater,
191 1545 343 1572 secundum
373 1545 434 1572 lidei
464 1545 621 1581 dignitatem
654 1545 783 1573 Dominus
816 1545 849 1572 ad

64 1591 188 1626 martyrii
204 1599 334 1619 coronam
345 1591 552 1626 vocavit,quam
563 1595 589 1619 le
602 1592 718 1619 celerius
727 1591 850 1626 accipere

64 1644 236 1672 nequaquam
251 1637 423 1671 ambigimus.
439 1637 543 1665 Idcirco
556 1637 661 1672 justum
676 1642 803 1672 putamus
820 1641 850 1665 ut

65 1682 145 1709 solita
170 1683 272 1717 pietate
289 1683 430 1718 indulgeas
448 1683 530 1716 Ario,
548 1683 662 1719 ejusque
683 1683 789 1711 ﬂetibus
805 1691 851 1711 ve-

64 1728 134 1755 niam
150 1729 269 1757 tribuas.

97 1772 204 1806 Quibus
237 1774 338 1802 auditis
369 1774 410 1801 vir
434 1773 540 1802 Domini
572 1781 635 1802 cum
661 1773 849 1810 indignatione

64 1819 201 1846 submovit
217 1827 276 1851 eos.
293 1823 321 1847 et
347 1820 459 1847 elevatis
480 1827 588 1848 sursum
612 1820 738 1847 manibus
753 1819 849 1847 excla-

64 1871 152 1896 mans,
163 1865 248 1892 dixit:
261 1864 315 1893 Pro
327 1865 392 1894 Ario
407 1874 449 1894 me
465 1866 569 1894 audetis
583 1865 755 1901 supplicare?
768 1865 849 1893 Arius

64 1913 89 1936 et
103 1910 147 1937 hic
162 1916 189 1938 et
206 1911 234 1937 in
251 1911 344 1939 futuro
369 1912 470 1939 saeculo
494 1919 508 1938 a
533 1912 618 1947 gloria
635 1911 696 1938 Filii
719 1909 768 1938 Dei
782 1910 848 1938 Jesu

63 1955 165 1983 Christi
185 1957 295 1983 Domini
313 1958 398 1985 nostri
414 1965 521 1992 semper
534 1958 586 1985 erit
603 1962 760 1992 segregatus
780 1965 850 1985 sem-

63 2007 163 2036 perque
177 2001 301 2029 manebit
323 2002 439 2030 extorris
454 2002 500 2038 (c).
516 2001 579 2030 Haec
601 2002 646 2030 illo
668 2005 846 2037 protestante,

61 2055 156 2074 omnes
169 2048 219 2082 qui
234 2048 357 2079 aderant,
374 2048 472 2076 timore
486 2048 621 2082 perculsi,
635 2053 764 2082 tanquam
780 2048 848 2074 muti

62 2093 223 2121 reticebant.
240 2093 327 2121 Porro
347 2094 478 2129 suspicati
498 2099 562 2122 sttnt
583 2102 644 2122 eum
660 2102 713 2122 non
731 2094 791 2121 sine
809 2094 850 2121 di-

60 2140 123 2167 vino
148 2146 219 2168 nutu
245 2141 328 2168 talem
352 2141 380 2167 in
408 2140 502 2168 Arium
527 2139 649 2175 proferre
674 2140 845 2168 sententiam.

913 216 1029 251 rigidum
1047 217 1184 252 accipere;
1205 224 1300 244 revera
1322 217 1393 245 enim
1411 221 1438 245 et
1464 225 1513 254 ego
1536 218 1616 246 homo
1631 226 1692 246 sum

912 262 963 290 sub
975 263 1032 297 lege
1047 262 1149 297 peccati
1165 261 1278 297 degens;
1297 262 1344 290 sed
1361 262 1462 290 credite
1478 264 1545 291 meis
1562 264 1694 291 sermoniA

911 307 972 335 bus.
986 307 1084 335 Latens
1099 307 1156 334 Arii
1167 308 1245 335 dolus
1262 315 1368 335 omnem
1387 313 1495 343 superat
1509 309 1690 344 iniquitatem,

910 358 1072 386 omnemque
1088 351 1292 387 supergreditur
1308 353 1470 387 impietatem
1487 362 1494 386 ;
1526 358 1551 381 et
1568 354 1621 382 hoc
1636 362 1689 382 non

911 403 926 423 a
941 397 1100 431 meinetipso
1117 405 1253 429 asserens,
1266 397 1326 432 ejus
1341 397 1444 425 sanciri
1465 399 1688 433 segregationem.

910 442 967 469 Hac
981 443 1081 470 etenim
1099 447 1179 471 nocte
1195 443 1259 470 dum
1279 444 1436 471 solemniter
1446 451 1540 478 preces
1557 444 1589 470 ad
1605 443 1688 471 Deum

910 488 1060 520 funderent,
1074 489 1159 516 astitit
1170 488 1235 515 mihi
1252 488 1362 523 quidam
1374 495 1441 523 puer
1452 488 1531 522 quasi
1547 488 1687 515 duodecim

909 541 1055 566 annorum,
1072 535 1150 569 cujus
1182 534 1260 561 faciei
1275 534 1425 561 claritatem
1457 533 1528 561 ferre
1550 542 1603 561 non
1618 536 1690 569 pote-

909 587 977 613 ram,
994 587 1056 606 nam
1072 585 1127 607 tota
1142 580 1199 607 haec
1227 579 1295 606 cella
1311 580 1338 606 in
1358 587 1410 614 qua
1427 583 1531 608 stamus
1556 580 1688 608 immenso

908 625 1010 653 lumine
1025 626 1158 653 radiabat.
1171 626 1228 660 Ipse
1246 629 1336 653 autem
1358 626 1526 653 linostimum
1541 630 1600 654 erat
1613 626 1690 654 indu-

908 675 952 700 tus
965 672 1112 703 colobium,
1137 674 1251 700 scissum
1271 673 1299 699 in
1325 677 1415 708 partes
1433 677 1564 708 utrasque
1586 681 1601 700 a
1617 673 1688 701 collo

907 725 994 753 usque
1011 719 1044 745 ad
1065 719 1157 753 pedes,
1180 723 1329 753 tenensque
1346 719 1452 754 gemina
1477 726 1559 746 manu
1587 719 1686 747 colobil

907 763 1054 795 scissuras,
1081 763 1232 798 applicabat
1261 771 1308 791 eas
1331 763 1434 798 pectori
1461 772 1521 795 suo,
1554 769 1686 800 quatenus

908 809 1045 845 propriam
1063 813 1166 844 tegeret
1181 810 1339 838 nuditatem.
1356 810 1397 837 Ad
1415 810 1483 837 hanc
1495 810 1594 845 quippe
1606 811 1687 838 visio-

907 863 968 883 nem
986 863 1035 890 ego
1051 856 1164 884 miratus
1183 856 1321 891 obstupui.
1338 856 1398 884 Mox
1412 857 1456 883 ubi
1474 857 1536 883 data
1555 861 1596 884 est
1620 855 1686 884 mihi

907 900 1034 936 loquendi
1063 901 1171 933 ﬁducia,
1199 902 1356 930 exclamans
1376 902 1432 929 dixi
1449 912 1455 930 :
1475 902 1603 936 Domine,
1624 903 1686 938 quis

905 947 954 974 tibi
979 947 1033 974 hoc‘
1059 947 1138 974 scidit
1167 947 1373 975 indumentum?
1396 948 1427 976 Et
1445 949 1489 976 ille
1509 957 1515 975 :
1540 948 1622 976 Arius
1643 954 1686 976 me

906 992 996 1024 scidit,
1013 992 1060 1020 sed
1077 1000 1198 1028 prtecave
1220 994 1330 1022 omnino
1343 1002 1377 1022 ne
1393 1002 1453 1022 eum
1470 995 1498 1022 in
1511 995 1686 1023 communio-

907 1046 969 1065 nem
985 1038 1118 1074 recipias;
1134 1047 1197 1067 ecce
1211 1041 1284 1067 enim
1298 1041 1417 1068 crastina
1433 1040 1476 1068 die
1490 1041 1598 1068 venturi
1620 1045 1686 1068 sunt

904 1085 950 1119 qui
968 1088 994 1112 te
1009 1093 1057 1120 pro
1081 1093 1113 1113 eo
1136 1086 1321 1121 postulabunt.
1337 1086 1404 1115 Vide
1432 1095 1497 1122 ergo
1521 1095 1556 1114 ne
1587 1094 1684 1115 suasua

904 1131 1064 1165 acquiescas
1087 1131 1140 1159 illis
1158 1140 1164 1159 :
1181 1133 1245 1166 quin
1260 1133 1350 1167 potius
1371 1133 1466 1167 jubeto
1481 1133 1593 1160 Achilla:
1615 1133 1684 1168 pari-

905 1178 999 1209 terque
1007 1175 1161 1203 Alexandro
1172 1177 1348 1212 presbyteris,
1366 1177 1412 1212 qui
1432 1181 1492 1212 post
1507 1181 1583 1204 tuum
1594 1180 1684 1205 trans-

903 1219 969 1246 itum
989 1221 1088 1248 recturi
1111 1226 1174 1249 sunt
1190 1221 1338 1250 Ecclesiam
1352 1230 1450 1255 meam,
1465 1231 1498 1251 ne
1513 1224 1684 1258 aliquatenus

903 1265 979 1293 illum
1005 1267 1148 1302 recipiant.
1181 1266 1222 1295 Tu
1252 1272 1340 1295 autem
1370 1268 1476 1297 futurus
1502 1277 1532 1297 es
1562 1269 1684 1305 martyrii

902 1314 1003 1338 sortem
1034 1312 1155 1339 velocius
1184 1313 1302 1347 explere.
1335 1312 1420 1348 Huju‘s
1453 1318 1541 1342 autem
1570 1314 1684 1342 visionis

903 1363 985 1384 causa
1012 1358 1050 1384 nil
1069 1358 1185 1392 amplius
1208 1358 1268 1385 fuit.
1294 1358 1362 1386 Ecce
1389 1359 1508 1387 satisfeci
1535 1359 1630 1392 vobis,
1655 1361 1685 1387 et

902 1409 961 1436 quae
976 1401 1053 1436 jussa
1067 1407 1131 1430 sunt
1145 1410 1258 1437 prorsus
1273 1404 1442 1431 annuntiavi.
1466 1403 1598 1431 Caeterum
1619 1403 1683 1439 quid

901 1457 935 1476 ex
953 1449 996 1476 bis
1014 1449 1134 1482 facietis,
1153 1457 1202 1478 vos
1221 1449 1354 1478 videritis.
1374 1449 1407 1476 Et
1429 1450 1462 1477 dc
1488 1450 1553 1477 Ario
1574 1449 1683 1485 quidem

902 1497 969 1524 haec.

935 1542 1028 1570 Nostis
1038 1547 1177 1578 praeterea,
1193 1541 1358 1574 charisslmi,
1373 1547 1399 1570 et
1414 1543 1482 1570 bene
1502 1543 1600 1575 nostis,
1615 1548 1684 1578 qua:

901 1587 964 1614 liter
987 1587 1040 1615 huc
1055 1595 1142 1622 usque
1154 1587 1292 1614 vobiscum
1307 1589 1482 1613 conversatus
1499 1593 1569 1617 sum,
1594 1592 1682 1620 quan-

901 1636 997 1668 tasque
1012 1632 1227 1660 conﬂictationes
1242 1632 1276 1659 ab
1291 1631 1442 1660 idololatris
1457 1631 1576 1659 sustinui
1595 1631 1683 1667 gentis

900 1679 982 1710 libus,
1001 1679 1047 1714 qui
1062 1679 1203 1707 Dominum
1219 1677 1386 1705 Salvatorem
1400 1678 1566 1713 ignorantes,
1590 1677 1682 1704 multi—

900 1723 1022 1751 tudinem
1047 1723 1159 1751 deorum
1184 1723 1230 1758 qui
1254 1730 1308 1750 non
1331 1727 1404 1756 sunt,
1422 1723 1589 1750 insanientes
1606 1722 1683 1749 ditia-

900 1776 976 1796 mare
990 1777 1045 1796 non
1062 1774 1181 1797 cessant.
1202 1768 1283 1796 Scitis
1306 1768 1428 1803 profecto
1443 1769 1579 1804 quomodo
1589 1776 1682 1804 ρει-εει

899 1819 1024 1842 culorum
1038 1816 1202 1843 declinando
1217 1815 1330 1849 rabiem,
1344 1814 1378 1842 de
1395 1815 1454 1843 loco
1470 1815 1503 1842 ad
1518 1815 1605 1842 locum
1619 1823 1682 1850 pro:

899 1864 979 1900 fugus
1003 1865 1086 1892 ibam.
1112 1863 1261 1891 Plurimum
1291 1870 1408 1897 namque
1433 1864 1459 1889 in
1490 1862 1681 1897 Mesopotamia

898 1911 1009 1938 latitans
1035 1910 1106 1945 degi,
1136 1918 1167 1937 ac
1182 1910 1294 1945 perinde
1310 1910 1381 1944 apud
1408 1909 1513 1945 Syriam
1544 1907 1681 1937 thnicis

897 1957 1003 1990 delitui,
1019 1957 1046 1984 in
1064 1961 1180 1992 utraque
1207 1957 1288 1984 etiam
1316 1955 1460 1983 Palaestina
1482 1955 1585 1983 diutius
1603 1962 1681 1990 pere-

897 2004 1076 2040 grinationem
1099 2003 1234 2036 sustinui;
1263 2006 1290 2030 et
1304 2001 1413 2034 exinde,
1431 2005 1460 2036 ut
1482 2003 1518 2028 ita
1536 2001 1635 2035 dicam,
1653 2002 1679 2028 in

897 2051 951 2078 alio
961 2050 1106 2081 elemento,
1117 2050 1168 2077 hoc
1182 2053 1225 2077 est
1237 2049 1264 2076 in
1281 2048 1378 2076 insulis
1393 2056 1446 2075 non
1463 2055 1546 2083 parvo
1560 2050 1681 2082 tempore

897 2100 1018 2124 moratus
1034 2103 1104 2123 sum.
1117 2094 1150 2122 Et
1173 2095 1201 2122 in
1219 2095 1262 2122 his
1279 2094 1407 2121 omnibus
1422 2093 1522 2128 degens
1539 2093 1680 2120 calamita-

897 2143 971 2170 tibus
988 2141 1128 2169 Dominico
1141 2140 1216 2176 gregi
1232 2141 1278 2175 qui
1294 2147 1359 2167 meae
1376 2139 1502 2174 parvitati
1517 2139 1680 2166 commissus

60 2186 133 2220 Quos
147 2187 214 2215 dum
223 2187 455 2216 clementissimus
466 2187 546 2215 Pater
555 2187 646 2215 cordis
660 2187 848 2221 compunctio-
862 2195 884 2223 ι)
898 2191 950 2218 est,
968 2187 1012 2215 die
1026 2190 1162 2220 noctuque
1176 2185 1296 2213 scribere
1320 2193 1372 2212 non
1388 2184 1543 2211 desinebam
1555 2202 1562 2215 ,
1579 2183 1680 2210 conﬁr-

60 2240 91 2261 ne
116 2234 233 2261 silentes
254 2240 286 2260 ac
311 2238 423 2262 mmstos
447 2234 590 2267 aspiceret,
607 2233 693 2261 noluit
722 2238 847 2260 austerus

60 2287 240 2314 permanere,
266 2280 309 2306 vel
333 2287 381 2307 eos
411 2280 489 2314 quasi
513 2283 693 2307 contemnens
723 2279 782 2306 sine
807 2286 848 2305 sa-

61 2326 217 2353 tisfactione
239 2326 408 2360 relinquere;
435 2325 481 2353 sed
502 2332 646 2352 assumens
662 2324 797 2351 Achillam
821 2327 848 2350 et

58 2371 267 2403 Alexandrum,
302 2371 348 2405 qui
381 2371 409 2398 in
442 2370 630 2398 sacerdotibus
660 2370 782 2397 seniores
815 2377 847 2397 ac

58 2418 215 2445 sanctiores
225 2425 287 2445 esse
301 2417 473 2448 videbantur,
491 2424 573 2444 unum
588 2424 621 2444 ex
636 2416 676 2443 eis
694 2416 797 2443 habens
812 2415 846 2442 ad

58 2465 210 2497 dexteram,
223 2464 340 2492 alterum
357 2471 465 2498 quoque
477 2462 511 2490 ad
529 2463 632 2494 laevam,
650 2462 787 2496 paululutn
799 2469 847 2489 eos

59 2511 213 2547 segregavit
241 2517 256 2536 a
280 2510 395 2543 caeteris,
410 2512 438 2537 et
466 2509 559 2536 clauso
576 2515 701 2536 sermone
726 2507 795 2534 dixit
811 2507 845 2533 ad

91 2591 130 2625 (ιι)
162 2590 209 2617 Sic
239 2598 352 2625 prorsus
384 2590 535 2618 excubabat
564 2587 780 2625 Mediolanens_is_
803 2587 844 2623 pia

91 2598 130 2622 (ιη
162 2598 209 2617 me
257 2598 352 2618 rorsns
384 2598 535 2618 excubabat
564 2598 774 2616 Memolanensts
803 2598 844 2623 pta

59 2621 132 2659 plebs
144 2626 219 2652 circa
231 2598 405 2653 Xinhrosium
419 2626 576 2660 episcopum
600 2631 691 2660 suum,
709 2623 752 2648 cui
769 2622 845 2649 furor

59 2661 170 2688 Iustinae
183 2661 292 2687 Ariana
308 2661 488 2694 itnperatricis
507 2659 678 2694 imminebat,
698 2661 766 2684 teste
780 2665 845 2684 ocu-

59 2697 104 2723 lari
116 2696 272 2731 Augustino
292 2691 411 2730 Canfess.
429 2696 476 2723 lib.
489 2703 525 2726 Ix,
538 2702 597 2731 cap.
617 2691 642 2720 7.

91 2731 127 2763 (iv)
139 2727 227 2758 R'ecte
243 2731 294 2758 hoc
307 2727 415 2759 dicitur.
431 2738 510 2758 secus
527 2736 559 2755 ac
572 2727 666 2755 Grauia
686 2728 754 2755 Acta
765 2727 844 2754 Com-

60 2766 143 2793 bclisii
167 2771 195 2793 et
220 2765 283 2792 cod.
301 2765 362 2792 Vat.
379 2765 441 2795 6‘22,
470 2766 498 2793 in
527 2764 625 2799 quibus
653 2763 721 2791 l'also
743 2763 844 2789 dicitur

60 2802 197 2836 presbyter
209 2801 293 2827 Arius
302 2801 354 2828 sub
365 2800 457 2836 Petro.

90 2840 122 2870 (ε)
137 2831 253 2863 Ἀᾱάυιιι
283 2836 327 2862 hic
343 2837 410 2862 Acta
433 2834 632 2862 Combelisiana
645 2853 653 2867 ,
673 2831 837 2868 quemadmo

216 2882 354 2912 ΡΑτιιοι..
375 2881 433 2912 Gn.
457 2880 571 2912 XVIII.

898 2238 976 2258 mans
996 2238 1043 2257 eos
1060 2230 1087 2256 in
1110 2228 1212 2256 Christi
1237 2229 1351 2256 unitate.
1379 2228 1479 2255 Horum
1501 2228 1572 2254 enim
1599 2227 1679 2254 anxia

898 2275 1052 2305 sollicitudo
1079 2283 1128 2303 cor
1159 2280 1248 2303 meum
1278 2275 1371 2302 sedule
1399 2274 1564 2309 instigabat,
1585 2276 1612 2301 et
1635 2281 1679 2301 me

898 2323 1037 2359 quiescere
1048 2329 1102 2350 non
1115 2321 1236 2354 sinebat;
1248 2320 1424 2348 solummodo
1435 2320 1521 2348 levius
1529 2327 1571 2347 me
1580 2319 1679 2347 habere

897 2369 1026 2406 putabam
1055 2367 1164 2404 quando
1179 2374 1226 2394 eos
1251 2373 1375 2401 supernae
1397 2366 1524 2401 potestati
1547 2366 1679 2393 commit-

897 2416 984 2443 tebam
989 2435 996 2442 .

908 2424 996 2444 CDam.

930 2460 990 2488 1am
1011 2467 1075 2487 vero
1095 2461 1205 2494 propter
1219 2456 1372 2484 fortunatos
1389 2456 1541 2492 pontiﬁces,
1556 2452 1678 2483 Phileum
1721 2486 1722 2495 γ

896 2507 966 2539 dico,
983 2505 1146 2541 Hesychium
1161 2503 1199 2538 (d)
1217 2507 1297 2537 atque
1310 2501 1493 2534 Theodorum,
1506 2502 1552 2536 qui
1565 2502 1647 2536 digne
1662 2508 1676 2527 a

895 2584 958 2610 dum
972 2583 1016 2609 ille
1034 2582 1082 2608 Dei
1098 2580 1196 2607 Filium
1213 2588 1229 2606 a
1243 2583 1353 2614 paterna
1380 2578 1466 2614 gloria
1488 2583 1512 2604 et
1527 2578 1679 2604 substantia

895 2618 1075 2653 seqttestravit.
1090 2616 1168 2648 Male,
1179 2613 1247 2653 quia
1261 2614 1381 2653 nondum
1398 2614 1479 2653 Arius
1493 2619 1570 2653 suam
1586 2613 1679 2653 hatred

895 2646 945 2680 sii'n
956 2646 1239 2688 patel‘ecerat,sed'0b
1254 2649 1373 2688 schisma
1388 2646 1576 2687 tantummodo
1590 2647 1680 2688 {lele-

895 2683 1016 2716 tianum.
1040 2691 1067 2714 et
1093 2689 1247 2722 suspectam
1274 2684 1369 2720 agendi
1388 2684 1521 2722 rationein
1549 2683 1678 2722 exclusus

895 2723 993 2751 fuerat.
1011 2721 1067 2749 Hoc
1085 2716 1304 2747 additamentum
1318 2727 1352 2746 ne
1371 2718 1438 2745 alter
1458 2716 1567 2752 quidem
1584 2717 1678 2751 ,codex

894 2757 957 2786 Vat.
976 2757 1028 2785 629.
1047 2756 1179 2791 agnoscit.

929 2793 968 2855 (ἀλ
984 2794 1051 2833 Acta
1065 2786 1272 2819 ~Combelisiana
1290 2794 1317 2816 et
1337 2788 1398 2817 cod.
1418 2787 1478 2815 Vat.
1503 2786 1556 2813 622
1577 2786 1680 2814 addunt

929 2837 951 2855 ιε
970 2835 1079 2855 omium.

896 2828 1079 2857 Pachomium.

1507 2867 1544 2901 15
