  <div class='ocr_page' id='page_1' title='image "/cluster/home/n/w/nwhite01/storage/ocr_20150623/18/njp.32101077772455/351.png"; bbox 0 0 1909 3069; ppageno 0'>
   <div class='ocr_carea' id='block_1_1' title="bbox 229 110 281 138">
    <p class='ocr_par' dir='ltr' id='par_1_1' title="bbox 229 110 281 138">
     <span class='ocr_line' id='line_1_1' title="bbox 229 110 281 138; baseline -0.019 0"><span class='ocrx_word' id='word_1_1' title='bbox 229 110 281 138; x_wconf 65' lang='grc' dir='ltr'><strong>ιερ</strong></span> 
     </span>
    </p>
   </div>
   <div class='ocr_carea' id='block_1_2' title="bbox 742 109 1318 140">
    <p class='ocr_par' dir='ltr' id='par_1_2' title="bbox 742 109 1318 140">
     <span class='ocr_line' id='line_1_2' title="bbox 742 109 1318 140; baseline 0.007 -4"><span class='ocrx_word' id='word_1_2' title='bbox 742 109 772 138; x_wconf 85' lang='lat' dir='ltr'><strong>S.</strong></span> <span class='ocrx_word' id='word_1_3' title='bbox 793 109 892 137; x_wconf 83' lang='lat' dir='ltr'><strong>PETRI</strong></span> <span class='ocrx_word' id='word_1_4' title='bbox 914 109 1144 138; x_wconf 72' lang='lat' dir='ltr'><strong>ALEXANDRINI</strong></span> <span class='ocrx_word' id='word_1_5' title='bbox 1165 111 1318 140; x_wconf 78' lang='lat' dir='ltr'><strong>EPISCOPI</strong></span> 
     </span>
    </p>
   </div>
   <div class='ocr_carea' id='block_1_3' title="bbox 1803 115 1853 142">
    <p class='ocr_par' dir='ltr' id='par_1_3' title="bbox 1803 115 1853 142">
     <span class='ocr_line' id='line_1_3' title="bbox 1803 115 1853 142; baseline 0 0"><span class='ocrx_word' id='word_1_6' title='bbox 1803 115 1853 142; x_wconf 67' lang='grc' dir='ltr'><strong>ιεῡ</strong></span> 
     </span>
    </p>
   </div>
   <div class='ocr_carea' id='block_1_4' title="bbox 228 171 1854 212">
    <p class='ocr_par' dir='ltr' id='par_1_4' title="bbox 228 171 1854 212">
     <span class='ocr_line' id='line_1_4' title="bbox 228 171 1854 212; baseline 0.003 -14"><span class='ocrx_word' id='word_1_7' title='bbox 228 172 320 200; x_wconf 88' lang='lat' dir='ltr'><strong>divina</strong></span> <span class='ocrx_word' id='word_1_8' title='bbox 334 172 420 207; x_wconf 78' lang='lat' dir='ltr'><strong>gratia</strong></span> <span class='ocrx_word' id='word_1_9' title='bbox 437 175 500 198; x_wconf 88' lang='lat' dir='ltr'><strong>sunt</strong></span> <span class='ocrx_word' id='word_1_10' title='bbox 523 171 622 203; x_wconf 90' lang='lat' dir='ltr'><strong>vocati,</strong></span> <span class='ocrx_word' id='word_1_11' title='bbox 638 179 718 206; x_wconf 88' lang='lat' dir='ltr'><strong>quam</strong></span> <span class='ocrx_word' id='word_1_12' title='bbox 745 171 835 206; x_wconf 77' lang='lat' dir='ltr'><strong>gravis</strong></span> <span class='ocrx_word' id='word_1_13' title='bbox 862 179 904 199; x_wconf 89' lang='lat' dir='ltr'><strong>me</strong></span> <span class='ocrx_word' id='word_1_14' title='bbox 924 171 1019 200; x_wconf 90' lang='lat' dir='ltr'><strong>tribu-</strong></span> <span class='ocrx_word' id='word_1_15' title='bbox 1032 173 1054 201; x_wconf 84' lang='lat' dir='ltr'><strong>A</strong></span> <span class='ocrx_word' id='word_1_16' title='bbox 1068 172 1231 201; x_wconf 85' lang='lat' dir='ltr'><strong>bulationes.</strong></span> <span class='ocrx_word' id='word_1_17' title='bbox 1245 174 1339 209; x_wconf 80' lang='lat' dir='ltr'><strong>Neque</strong></span> <span class='ocrx_word' id='word_1_18' title='bbox 1351 174 1422 201; x_wconf 89' lang='lat' dir='ltr'><strong>enim</strong></span> <span class='ocrx_word' id='word_1_19' title='bbox 1444 175 1571 203; x_wconf 81' lang='lat' dir='ltr'><strong>meliores</strong></span> <span class='ocrx_word' id='word_1_20' title='bbox 1589 183 1684 203; x_wconf 87' lang='lat' dir='ltr'><strong>sumus</strong></span> <span class='ocrx_word' id='word_1_21' title='bbox 1710 183 1793 211; x_wconf 87' lang='lat' dir='ltr'><strong>quam</strong></span> <span class='ocrx_word' id='word_1_22' title='bbox 1808 185 1854 212; x_wconf 71' lang='lat' dir='ltr'><strong>pa-</strong></span> 
     </span>
    </p>
   </div>
   <div class='ocr_carea' id='block_1_5' title="bbox 230 217 1015 254">
    <p class='ocr_par' dir='ltr' id='par_1_5' title="bbox 230 217 1015 254">
     <span class='ocr_line' id='line_1_5' title="bbox 230 217 1015 254; baseline -0.001 -8"><span class='ocrx_word' id='word_1_23' title='bbox 230 219 294 247; x_wconf 85' lang='lat' dir='ltr'><strong>latio</strong></span> <span class='ocrx_word' id='word_1_24' title='bbox 311 219 465 254; x_wconf 75' lang='lat' dir='ltr'><strong>quatiebat!</strong></span> <span class='ocrx_word' id='word_1_25' title='bbox 483 217 517 246; x_wconf 88' lang='lat' dir='ltr'><strong>Hi</strong></span> <span class='ocrx_word' id='word_1_26' title='bbox 535 218 618 252; x_wconf 87' lang='lat' dir='ltr'><strong>enim,</strong></span> <span class='ocrx_word' id='word_1_27' title='bbox 633 222 662 245; x_wconf 91' lang='lat' dir='ltr'><strong>ut</strong></span> <span class='ocrx_word' id='word_1_28' title='bbox 677 218 728 254; x_wconf 84' lang='lat' dir='ltr'><strong>ipsi</strong></span> <span class='ocrx_word' id='word_1_29' title='bbox 744 219 834 251; x_wconf 81' lang='lat' dir='ltr'><strong>scitis,</strong></span> <span class='ocrx_word' id='word_1_30' title='bbox 854 218 891 246; x_wconf 91' lang='lat' dir='ltr'><strong>ob</strong></span> <span class='ocrx_word' id='word_1_31' title='bbox 912 219 1015 247; x_wconf 77' lang='lat' dir='ltr'><strong>Christi</strong></span> 
     </span>
    </p>
   </div>
   <div class='ocr_carea' id='block_1_6' title="bbox 231 263 1017 301">
    <p class='ocr_par' dir='ltr' id='par_1_6' title="bbox 231 263 1017 301">
     <span class='ocr_line' id='line_1_6' title="bbox 231 263 1017 301; baseline 0 -9"><span class='ocrx_word' id='word_1_32' title='bbox 231 266 308 292; x_wconf 81' lang='lat' dir='ltr'><strong>fidem</strong></span> <span class='ocrx_word' id='word_1_33' title='bbox 321 273 382 292; x_wconf 90' lang='lat' dir='ltr'><strong>cum</strong></span> <span class='ocrx_word' id='word_1_34' title='bbox 400 265 513 301; x_wconf 84' lang='lat' dir='ltr'><strong>reliquis</strong></span> <span class='ocrx_word' id='word_1_35' title='bbox 528 264 733 292; x_wconf 88' lang='lat' dir='ltr'><strong>confessoribus</strong></span> <span class='ocrx_word' id='word_1_36' title='bbox 755 263 872 292; x_wconf 84' lang='lat' dir='ltr'><strong>diversis</strong></span> <span class='ocrx_word' id='word_1_37' title='bbox 886 272 1017 292; x_wconf 89' lang='lat' dir='ltr'><strong>macera—</strong></span> 
     </span>
    </p>
   </div>
   <div class='ocr_carea' id='block_1_7' title="bbox 229 310 1015 346">
    <p class='ocr_par' dir='ltr' id='par_1_7' title="bbox 229 310 1015 346">
     <span class='ocr_line' id='line_1_7' title="bbox 229 310 1015 346; baseline 0 -8"><span class='ocrx_word' id='word_1_38' title='bbox 229 312 328 338; x_wconf 84' lang='lat' dir='ltr'><strong>bantur</strong></span> <span class='ocrx_word' id='word_1_39' title='bbox 342 311 493 346; x_wconf 87' lang='lat' dir='ltr'><strong>suppliciis.</strong></span> <span class='ocrx_word' id='word_1_40' title='bbox 510 310 543 338; x_wconf 87' lang='lat' dir='ltr'><strong>Et</strong></span> <span class='ocrx_word' id='word_1_41' title='bbox 564 310 627 345; x_wconf 89' lang='lat' dir='ltr'><strong>quia</strong></span> <span class='ocrx_word' id='word_1_42' title='bbox 641 311 668 337; x_wconf 92' lang='lat' dir='ltr'><strong>in</strong></span> <span class='ocrx_word' id='word_1_43' title='bbox 690 310 738 338; x_wconf 87' lang='lat' dir='ltr'><strong>tali</strong></span> <span class='ocrx_word' id='word_1_44' title='bbox 753 318 839 346; x_wconf 81' lang='lat' dir='ltr'><strong>agone</strong></span> <span class='ocrx_word' id='word_1_45' title='bbox 853 318 907 338; x_wconf 92' lang='lat' dir='ltr'><strong>non</strong></span> <span class='ocrx_word' id='word_1_46' title='bbox 926 311 1015 338; x_wconf 88' lang='lat' dir='ltr'><strong>solum</strong></span> 
     </span>
    </p>
   </div>
   <div class='ocr_carea' id='block_1_8' title="bbox 228 355 1014 391">
    <p class='ocr_par' dir='ltr' id='par_1_8' title="bbox 228 355 1014 391">
     <span class='ocr_line' id='line_1_8' title="bbox 228 355 1014 391; baseline 0 -8"><span class='ocrx_word' id='word_1_47' title='bbox 228 356 401 388; x_wconf 85' lang='lat' dir='ltr'><strong>clericorum,</strong></span> <span class='ocrx_word' id='word_1_48' title='bbox 418 356 465 384; x_wconf 91' lang='lat' dir='ltr'><strong>sed</strong></span> <span class='ocrx_word' id='word_1_49' title='bbox 482 357 563 383; x_wconf 90' lang='lat' dir='ltr'><strong>etiam</strong></span> <span class='ocrx_word' id='word_1_50' title='bbox 580 355 712 383; x_wconf 88' lang='lat' dir='ltr'><strong>laicorum</strong></span> <span class='ocrx_word' id='word_1_51' title='bbox 725 355 776 390; x_wconf 88' lang='lat' dir='ltr'><strong>ipsi</strong></span> <span class='ocrx_word' id='word_1_52' title='bbox 796 361 874 383; x_wconf 86' lang='lat' dir='ltr'><strong>erant</strong></span> <span class='ocrx_word' id='word_1_53' title='bbox 891 355 1014 391; x_wconf 81' lang='lat' dir='ltr'><strong>signiferi</strong></span> 
     </span>
    </p>
   </div>
   <div class='ocr_carea' id='block_1_9' title="bbox 228 402 1021 441">
    <p class='ocr_par' dir='ltr' id='par_1_9' title="bbox 228 402 1021 441">
     <span class='ocr_line' id='line_1_9' title="bbox 228 402 1021 441; baseline -0.001 -11"><span class='ocrx_word' id='word_1_54' title='bbox 228 407 254 430; x_wconf 87' lang='lat' dir='ltr'><strong>et</strong></span> <span class='ocrx_word' id='word_1_55' title='bbox 275 406 464 439; x_wconf 65' lang='lat' dir='ltr'><strong>praeceptores,</strong></span> <span class='ocrx_word' id='word_1_56' title='bbox 479 407 624 437; x_wconf 88' lang='lat' dir='ltr'><strong>propterea</strong></span> <span class='ocrx_word' id='word_1_57' title='bbox 643 402 720 430; x_wconf 89' lang='lat' dir='ltr'><strong>valde</strong></span> <span class='ocrx_word' id='word_1_58' title='bbox 734 402 858 434; x_wconf 89' lang='lat' dir='ltr'><strong>verebar,</strong></span> <span class='ocrx_word' id='word_1_59' title='bbox 877 410 912 430; x_wconf 88' lang='lat' dir='ltr'><strong>ne</strong></span> <span class='ocrx_word' id='word_1_60' title='bbox 927 403 1021 441; x_wconf 19' lang='lat' dir='ltr'><strong>longis.</strong></span> 
     </span>
    </p>
   </div>
   <div class='ocr_carea' id='block_1_10' title="bbox 228 448 1014 484">
    <p class='ocr_par' dir='ltr' id='par_1_10' title="bbox 228 448 1014 484">
     <span class='ocr_line' id='line_1_10' title="bbox 228 448 1014 484; baseline -0.001 -8"><span class='ocrx_word' id='word_1_61' title='bbox 228 449 375 477; x_wconf 86' lang='lat' dir='ltr'><strong>deficerent</strong></span> <span class='ocrx_word' id='word_1_62' title='bbox 402 449 588 482; x_wconf 79' lang='lat' dir='ltr'><strong>cruciatibus,</strong></span> <span class='ocrx_word' id='word_1_63' title='bbox 613 453 640 476; x_wconf 86' lang='lat' dir='ltr'><strong>et</strong></span> <span class='ocrx_word' id='word_1_64' title='bbox 665 456 759 476; x_wconf 89' lang='lat' dir='ltr'><strong>eorum</strong></span> <span class='ocrx_word' id='word_1_65' title='bbox 789 448 916 482; x_wconf 79' lang='lat' dir='ltr'><strong>defectio,</strong></span> <span class='ocrx_word' id='word_1_66' title='bbox 941 449 1014 484; x_wconf 90' lang='lat' dir='ltr'><strong>quod</strong></span> 
     </span>
    </p>
   </div>
   <div class='ocr_carea' id='block_1_11' title="bbox 227 493 1015 530">
    <p class='ocr_par' dir='ltr' id='par_1_11' title="bbox 227 493 1015 530">
     <span class='ocr_line' id='line_1_11' title="bbox 227 493 1015 530; baseline -0.001 -8"><span class='ocrx_word' id='word_1_67' title='bbox 227 496 302 523; x_wconf 91' lang='lat' dir='ltr'><strong>dictu</strong></span> <span class='ocrx_word' id='word_1_68' title='bbox 321 503 402 530; x_wconf 89' lang='lat' dir='ltr'><strong>grave</strong></span> <span class='ocrx_word' id='word_1_69' title='bbox 419 499 471 528; x_wconf 87' lang='lat' dir='ltr'><strong>est,</strong></span> <span class='ocrx_word' id='word_1_70' title='bbox 496 495 621 530; x_wconf 88' lang='lat' dir='ltr'><strong>plurimis</strong></span> <span class='ocrx_word' id='word_1_71' title='bbox 637 495 754 530; x_wconf 79' lang='lat' dir='ltr'><strong>negandi</strong></span> <span class='ocrx_word' id='word_1_72' title='bbox 772 493 840 523; x_wconf 87' lang='lat' dir='ltr'><strong>foret</strong></span> <span class='ocrx_word' id='word_1_73' title='bbox 858 493 1015 522; x_wconf 75' lang='lat' dir='ltr'><strong>offendicu—</strong></span> 
     </span>
    </p>
   </div>
   <div class='ocr_carea' id='block_1_12' title="bbox 229 541 1013 575">
    <p class='ocr_par' dir='ltr' id='par_1_12' title="bbox 229 541 1013 575">
     <span class='ocr_line' id='line_1_12' title="bbox 229 541 1013 575; baseline 0 -8"><span class='ocrx_word' id='word_1_74' title='bbox 229 541 283 568; x_wconf 88' lang='lat' dir='ltr'><strong>lnm</strong></span> <span class='ocrx_word' id='word_1_75' title='bbox 295 550 302 575; x_wconf 90' lang='lat'><strong>;</strong></span> <span class='ocrx_word' id='word_1_76' title='bbox 315 545 394 569; x_wconf 84' lang='lat' dir='ltr'><strong>erant</strong></span> <span class='ocrx_word' id='word_1_77' title='bbox 403 542 476 569; x_wconf 91' lang='lat' dir='ltr'><strong>enim</strong></span> <span class='ocrx_word' id='word_1_78' title='bbox 491 541 561 568; x_wconf 87' lang='lat' dir='ltr'><strong>ultra</strong></span> <span class='ocrx_word' id='word_1_79' title='bbox 575 544 717 569; x_wconf 80' lang='lat' dir='ltr'><strong>sexcentos</strong></span> <span class='ocrx_word' id='word_1_80' title='bbox 732 541 883 575; x_wconf 87' lang='lat' dir='ltr'><strong>sexaginta,</strong></span> <span class='ocrx_word' id='word_1_81' title='bbox 896 541 1013 575; x_wconf 89' lang='lat' dir='ltr'><strong>quicum</strong></span> 
     </span>
    </p>
   </div>
   <div class='ocr_carea' id='block_1_13' title="bbox 228 584 1013 621">
    <p class='ocr_par' dir='ltr' id='par_1_13' title="bbox 228 584 1013 621">
     <span class='ocr_line' id='line_1_13' title="bbox 228 584 1013 621; baseline -0.001 -8"><span class='ocrx_word' id='word_1_82' title='bbox 228 587 269 613; x_wconf 84' lang='lat' dir='ltr'><strong>eis</strong></span> <span class='ocrx_word' id='word_1_83' title='bbox 283 587 468 615; x_wconf 87' lang='lat' dir='ltr'><strong>carceralibus</strong></span> <span class='ocrx_word' id='word_1_84' title='bbox 484 587 660 614; x_wconf 87' lang='lat' dir='ltr'><strong>arctabantur</strong></span> <span class='ocrx_word' id='word_1_85' title='bbox 677 586 832 621; x_wconf 79' lang='lat' dir='ltr'><strong>ergastulis.</strong></span> <span class='ocrx_word' id='word_1_86' title='bbox 847 584 925 613; x_wconf 91' lang='lat' dir='ltr'><strong>Unde</strong></span> <span class='ocrx_word' id='word_1_87' title='bbox 953 593 1013 612; x_wconf 89' lang='lat' dir='ltr'><strong>ma-</strong></span> 
     </span>
    </p>
   </div>
   <div class='ocr_carea' id='block_1_14' title="bbox 216 631 1014 668">
    <p class='ocr_par' dir='ltr' id='par_1_14' title="bbox 216 631 1014 668">
     <span class='ocr_line' id='line_1_14' title="bbox 216 631 1014 668; baseline -0.001 -9"><span class='ocrx_word' id='word_1_88' title='bbox 216 640 279 667; x_wconf 76' lang='lat' dir='ltr'><strong>gno</strong></span> <span class='ocrx_word' id='word_1_89' title='bbox 299 633 393 660; x_wconf 89' lang='lat' dir='ltr'><strong>labore</strong></span> <span class='ocrx_word' id='word_1_90' title='bbox 413 640 566 668; x_wconf 81' lang='lat' dir='ltr'><strong>magnoque</strong></span> <span class='ocrx_word' id='word_1_91' title='bbox 579 637 704 667; x_wconf 78' lang='lat' dir='ltr'><strong>satagens</strong></span> <span class='ocrx_word' id='word_1_92' title='bbox 720 631 829 663; x_wconf 89' lang='lat' dir='ltr'><strong>sudore,</strong></span> <span class='ocrx_word' id='word_1_93' title='bbox 845 639 900 658; x_wconf 92' lang='lat' dir='ltr'><strong>non</strong></span> <span class='ocrx_word' id='word_1_94' title='bbox 914 638 1014 659; x_wconf 89' lang='lat' dir='ltr'><strong>cessa-</strong></span> 
     </span>
    </p>
   </div>
   <div class='ocr_carea' id='block_1_15' title="bbox 227 677 1011 714">
    <p class='ocr_par' dir='ltr' id='par_1_15' title="bbox 227 677 1011 714">
     <span class='ocr_line' id='line_1_15' title="bbox 227 677 1011 714; baseline -0.003 -8"><span class='ocrx_word' id='word_1_95' title='bbox 227 679 288 706; x_wconf 85' lang='lat' dir='ltr'><strong>bam</strong></span> <span class='ocrx_word' id='word_1_96' title='bbox 319 679 353 706; x_wconf 90' lang='lat' dir='ltr'><strong>de</strong></span> <span class='ocrx_word' id='word_1_97' title='bbox 381 679 519 714; x_wconf 72' lang='lat' dir='ltr'><strong>praedictis</strong></span> <span class='ocrx_word' id='word_1_98' title='bbox 545 678 612 706; x_wconf 90' lang='lat' dir='ltr'><strong>locis</strong></span> <span class='ocrx_word' id='word_1_99' title='bbox 640 678 761 713; x_wconf 78' lang='lat' dir='ltr'><strong>scribere</strong></span> <span class='ocrx_word' id='word_1_100' title='bbox 788 677 915 705; x_wconf 89' lang='lat' dir='ltr'><strong>omnibus</strong></span> <span class='ocrx_word' id='word_1_101' title='bbox 941 678 1011 710; x_wconf 88' lang='lat' dir='ltr'><strong>illis,</strong></span> 
     </span>
    </p>
   </div>
   <div class='ocr_carea' id='block_1_16' title="bbox 226 723 1013 760">
    <p class='ocr_par' dir='ltr' id='par_1_16' title="bbox 226 723 1013 760">
     <span class='ocr_line' id='line_1_16' title="bbox 226 723 1013 760; baseline -0.001 -9"><span class='ocrx_word' id='word_1_102' title='bbox 226 724 374 753; x_wconf 88' lang='lat' dir='ltr'><strong>exhortans</strong></span> <span class='ocrx_word' id='word_1_103' title='bbox 393 732 440 752; x_wconf 90' lang='lat' dir='ltr'><strong>eos</strong></span> <span class='ocrx_word' id='word_1_104' title='bbox 466 725 499 751; x_wconf 88' lang='lat' dir='ltr'><strong>ad</strong></span> <span class='ocrx_word' id='word_1_105' title='bbox 516 724 638 760; x_wconf 72' lang='lat' dir='ltr'><strong>martyrii</strong></span> <span class='ocrx_word' id='word_1_106' title='bbox 656 724 772 759; x_wconf 84' lang='lat' dir='ltr'><strong>palmam</strong></span> <span class='ocrx_word' id='word_1_107' title='bbox 798 723 956 758; x_wconf 87' lang='lat' dir='ltr'><strong>magisterio</strong></span> <span class='ocrx_word' id='word_1_108' title='bbox 972 723 1013 750; x_wconf 90' lang='lat' dir='ltr'><strong>di-</strong></span> 
     </span>
    </p>
   </div>
   <div class='ocr_carea' id='block_1_17' title="bbox 226 769 1011 805">
    <p class='ocr_par' dir='ltr' id='par_1_17' title="bbox 226 769 1011 805">
     <span class='ocr_line' id='line_1_17' title="bbox 226 769 1011 805; baseline -0.001 -8"><span class='ocrx_word' id='word_1_109' title='bbox 226 771 282 797; x_wconf 87' lang='lat' dir='ltr'><strong>vini</strong></span> <span class='ocrx_word' id='word_1_110' title='bbox 296 770 404 798; x_wconf 85' lang='lat' dir='ltr'><strong>affatus.</strong></span> <span class='ocrx_word' id='word_1_111' title='bbox 421 769 532 803; x_wconf 81' lang='lat' dir='ltr'><strong>Quando</strong></span> <span class='ocrx_word' id='word_1_112' title='bbox 556 778 619 797; x_wconf 85' lang='lat' dir='ltr'><strong>vero</strong></span> <span class='ocrx_word' id='word_1_113' title='bbox 640 769 762 797; x_wconf 90' lang='lat' dir='ltr'><strong>omnium</strong></span> <span class='ocrx_word' id='word_1_114' title='bbox 776 777 870 797; x_wconf 87' lang='lat' dir='ltr'><strong>eorum</strong></span> <span class='ocrx_word' id='word_1_115' title='bbox 886 769 1011 805; x_wconf 82' lang='lat' dir='ltr'><strong>magniﬁ-</strong></span> 
     </span>
    </p>
   </div>
   <div class='ocr_carea' id='block_1_18' title="bbox 225 815 1009 852">
    <p class='ocr_par' dir='ltr' id='par_1_18' title="bbox 225 815 1009 852">
     <span class='ocr_line' id='line_1_18' title="bbox 225 815 1009 852; baseline -0.001 -8"><span class='ocrx_word' id='word_1_116' title='bbox 225 824 285 844; x_wconf 89' lang='lat' dir='ltr'><strong>cam</strong></span> <span class='ocrx_word' id='word_1_117' title='bbox 301 817 391 844; x_wconf 84' lang='lat' dir='ltr'><strong>audivi</strong></span> <span class='ocrx_word' id='word_1_118' title='bbox 417 816 645 852; x_wconf 81' lang='lat' dir='ltr'><strong>perseverantiam</strong></span> <span class='ocrx_word' id='word_1_119' title='bbox 663 821 690 843; x_wconf 90' lang='lat' dir='ltr'><strong>et</strong></span> <span class='ocrx_word' id='word_1_120' title='bbox 705 816 843 851; x_wconf 82' lang='lat' dir='ltr'><strong>passionis</strong></span> <span class='ocrx_word' id='word_1_121' title='bbox 862 815 1009 851; x_wconf 85' lang='lat' dir='ltr'><strong>gloriosum</strong></span> 
     </span>
    </p>
   </div>
   <div class='ocr_carea' id='block_1_19' title="bbox 224 861 1012 896">
    <p class='ocr_par' dir='ltr' id='par_1_19' title="bbox 224 861 1012 896">
     <span class='ocr_line' id='line_1_19' title="bbox 224 861 1012 896; baseline 0 -7"><span class='ocrx_word' id='word_1_122' title='bbox 224 863 317 894; x_wconf 79' lang='lat' dir='ltr'><strong>finem.</strong></span> <span class='ocrx_word' id='word_1_123' title='bbox 335 863 434 891; x_wconf 88' lang='lat' dir='ltr'><strong>cadens</strong></span> <span class='ocrx_word' id='word_1_124' title='bbox 448 862 477 890; x_wconf 92' lang='lat' dir='ltr'><strong>in</strong></span> <span class='ocrx_word' id='word_1_125' title='bbox 497 867 598 890; x_wconf 89' lang='lat' dir='ltr'><strong>terram</strong></span> <span class='ocrx_word' id='word_1_126' title='bbox 614 862 724 890; x_wconf 85' lang='lat' dir='ltr'><strong>adoravi</strong></span> <span class='ocrx_word' id='word_1_127' title='bbox 751 861 856 890; x_wconf 87' lang='lat' dir='ltr'><strong>Christi</strong></span> <span class='ocrx_word' id='word_1_128' title='bbox 875 862 1012 896; x_wconf 88' lang='lat' dir='ltr'><strong>majesta-</strong></span> 
     </span>
    </p>
   </div>
   <div class='ocr_carea' id='block_1_20' title="bbox 224 909 1012 944">
    <p class='ocr_par' dir='ltr' id='par_1_20' title="bbox 224 909 1012 944">
     <span class='ocr_line' id='line_1_20' title="bbox 224 909 1012 944; baseline 0 -9"><span class='ocrx_word' id='word_1_129' title='bbox 224 913 290 941; x_wconf 92' lang='lat' dir='ltr'><strong>tem,</strong></span> <span class='ocrx_word' id='word_1_130' title='bbox 306 909 352 944; x_wconf 88' lang='lat' dir='ltr'><strong>qui</strong></span> <span class='ocrx_word' id='word_1_131' title='bbox 372 916 419 937; x_wconf 88' lang='lat' dir='ltr'><strong>eos</strong></span> <span class='ocrx_word' id='word_1_132' title='bbox 434 909 505 936; x_wconf 87' lang='lat' dir='ltr'><strong>inter</strong></span> <span class='ocrx_word' id='word_1_133' title='bbox 528 909 651 944; x_wconf 83' lang='lat' dir='ltr'><strong>martyrii</strong></span> <span class='ocrx_word' id='word_1_134' title='bbox 678 912 802 936; x_wconf 86' lang='lat' dir='ltr'><strong>catervas</strong></span> <span class='ocrx_word' id='word_1_135' title='bbox 831 916 1012 936; x_wconf 89' lang='lat' dir='ltr'><strong>annumerare</strong></span> 
     </span>
    </p>
   </div>
   <div class='ocr_carea' id='block_1_21' title="bbox 224 953 411 988">
    <p class='ocr_par' dir='ltr' id='par_1_21' title="bbox 224 953 411 988">
     <span class='ocr_line' id='line_1_21' title="bbox 224 953 411 988; baseline 0.011 -9"><span class='ocrx_word' id='word_1_136' title='bbox 224 953 350 988; x_wconf 78' lang='lat' dir='ltr'><strong>dignatus</strong></span> <span class='ocrx_word' id='word_1_137' title='bbox 362 958 411 981; x_wconf 87' lang='lat' dir='ltr'><strong>est.</strong></span> 
     </span>
    </p>
   </div>
   <div class='ocr_carea' id='block_1_22' title="bbox 257 999 1009 1037">
    <p class='ocr_par' dir='ltr' id='par_1_22' title="bbox 257 999 1009 1037">
     <span class='ocr_line' id='line_1_22' title="bbox 257 999 1009 1037; baseline 0.003 -11"><span class='ocrx_word' id='word_1_138' title='bbox 257 999 328 1033; x_wconf 84' lang='lat' dir='ltr'><strong>Quid</strong></span> <span class='ocrx_word' id='word_1_139' title='bbox 354 1000 435 1028; x_wconf 88' lang='lat' dir='ltr'><strong>etiam</strong></span> <span class='ocrx_word' id='word_1_140' title='bbox 452 1000 530 1028; x_wconf 88' lang='lat' dir='ltr'><strong>vobis</strong></span> <span class='ocrx_word' id='word_1_141' title='bbox 552 999 585 1027; x_wconf 86' lang='lat' dir='ltr'><strong>de</strong></span> <span class='ocrx_word' id='word_1_142' title='bbox 616 999 722 1028; x_wconf 81' lang='lat' dir='ltr'><strong>Meletio</strong></span> <span class='ocrx_word' id='word_1_143' title='bbox 750 999 945 1037; x_wconf 78' lang='lat' dir='ltr'><strong>Lycopolitano</strong></span> <span class='ocrx_word' id='word_1_144' title='bbox 972 1000 1009 1036; x_wconf 80' lang='grc' dir='ltr'><strong>(ιι)</strong></span> 
     </span>
    </p>
   </div>
   <div class='ocr_carea' id='block_1_23' title="bbox 222 1045 1012 1082">
    <p class='ocr_par' dir='ltr' id='par_1_23' title="bbox 222 1045 1012 1082">
     <span class='ocr_line' id='line_1_23' title="bbox 222 1045 1012 1082; baseline 0.001 -10"><span class='ocrx_word' id='word_1_145' title='bbox 222 1046 454 1073; x_wconf 80' lang='lat' dir='ltr'><strong>commemorem?</strong></span> <span class='ocrx_word' id='word_1_146' title='bbox 474 1045 520 1080; x_wconf 95' lang='lat' dir='ltr'><strong>qui</strong></span> <span class='ocrx_word' id='word_1_147' title='bbox 548 1049 665 1080; x_wconf 88' lang='lat' dir='ltr'><strong>quantas</strong></span> <span class='ocrx_word' id='word_1_148' title='bbox 684 1047 899 1081; x_wconf 78' lang='lat' dir='ltr'><strong>persecutiones,</strong></span> <span class='ocrx_word' id='word_1_149' title='bbox 916 1054 1012 1082; x_wconf 88' lang='lat' dir='ltr'><strong>quan—</strong></span> 
     </span>
    </p>
   </div>
   <div class='ocr_carea' id='block_1_24' title="bbox 222 1091 1011 1126">
    <p class='ocr_par' dir='ltr' id='par_1_24' title="bbox 222 1091 1011 1126">
     <span class='ocr_line' id='line_1_24' title="bbox 222 1091 1011 1126; baseline 0.003 -8"><span class='ocrx_word' id='word_1_150' title='bbox 222 1096 319 1126; x_wconf 86' lang='lat' dir='ltr'><strong>tosque</strong></span> <span class='ocrx_word' id='word_1_151' title='bbox 329 1091 406 1119; x_wconf 91' lang='lat' dir='ltr'><strong>dolos</strong></span> <span class='ocrx_word' id='word_1_152' title='bbox 416 1091 482 1118; x_wconf 92' lang='lat' dir='ltr'><strong>mihi</strong></span> <span class='ocrx_word' id='word_1_153' title='bbox 497 1091 532 1118; x_wconf 88' lang='lat' dir='ltr'><strong>sit</strong></span> <span class='ocrx_word' id='word_1_154' title='bbox 543 1091 692 1125; x_wconf 89' lang='lat' dir='ltr'><strong>jaculatus,</strong></span> <span class='ocrx_word' id='word_1_155' title='bbox 704 1099 754 1120; x_wconf 89' lang='lat' dir='ltr'><strong>vos</strong></span> <span class='ocrx_word' id='word_1_156' title='bbox 768 1091 926 1120; x_wconf 89' lang='lat' dir='ltr'><strong>omnimodo</strong></span> <span class='ocrx_word' id='word_1_157' title='bbox 939 1092 1011 1120; x_wconf 88' lang='lat' dir='ltr'><strong>scire</strong></span> 
     </span>
    </p>
   </div>
   <div class='ocr_carea' id='block_1_25' title="bbox 223 1137 1011 1173">
    <p class='ocr_par' dir='ltr' id='par_1_25' title="bbox 223 1137 1011 1173">
     <span class='ocr_line' id='line_1_25' title="bbox 223 1137 1011 1173; baseline 0.003 -9"><span class='ocrx_word' id='word_1_158' title='bbox 223 1138 376 1165; x_wconf 83' lang='lat' dir='ltr'><strong>nullatenus</strong></span> <span class='ocrx_word' id='word_1_159' title='bbox 394 1138 512 1173; x_wconf 79' lang='lat' dir='ltr'><strong>ambigo.</strong></span> <span class='ocrx_word' id='word_1_160' title='bbox 539 1137 612 1164; x_wconf 82' lang='lat' dir='ltr'><strong>Proh</strong></span> <span class='ocrx_word' id='word_1_161' title='bbox 640 1137 731 1165; x_wconf 87' lang='lat' dir='ltr'><strong>nefas!</strong></span> <span class='ocrx_word' id='word_1_162' title='bbox 761 1138 886 1166; x_wconf 84' lang='lat' dir='ltr'><strong>scindere</strong></span> <span class='ocrx_word' id='word_1_163' title='bbox 910 1146 1011 1167; x_wconf 89' lang='lat' dir='ltr'><strong>sacro-</strong></span> 
     </span>
    </p>
   </div>
   <div class='ocr_carea' id='block_1_26' title="bbox 221 1183 1009 1219">
    <p class='ocr_par' dir='ltr' id='par_1_26' title="bbox 221 1183 1009 1219">
     <span class='ocr_line' id='line_1_26' title="bbox 221 1183 1009 1219; baseline 0 -7"><span class='ocrx_word' id='word_1_164' title='bbox 221 1187 345 1212; x_wconf 86' lang='lat' dir='ltr'><strong>sanctam</strong></span> <span class='ocrx_word' id='word_1_165' title='bbox 370 1183 521 1211; x_wconf 84' lang='lat' dir='ltr'><strong>Ecclesiam</strong></span> <span class='ocrx_word' id='word_1_166' title='bbox 544 1191 598 1211; x_wconf 93' lang='lat' dir='ltr'><strong>non</strong></span> <span class='ocrx_word' id='word_1_167' title='bbox 623 1184 730 1214; x_wconf 85' lang='lat' dir='ltr'><strong>metuit.</strong></span> <span class='ocrx_word' id='word_1_168' title='bbox 746 1192 827 1219; x_wconf 83' lang='lat' dir='ltr'><strong>quam</strong></span> <span class='ocrx_word' id='word_1_169' title='bbox 854 1185 900 1212; x_wconf 85' lang='lat' dir='ltr'><strong>Dei</strong></span> <span class='ocrx_word' id='word_1_170' title='bbox 923 1184 1009 1213; x_wconf 86' lang='lat' dir='ltr'><strong>Filius</strong></span> 
     </span>
    </p>
   </div>
   <div class='ocr_carea' id='block_1_27' title="bbox 221 1229 1008 1265">
    <p class='ocr_par' dir='ltr' id='par_1_27' title="bbox 221 1229 1008 1265">
     <span class='ocr_line' id='line_1_27' title="bbox 221 1229 1008 1265; baseline 0.003 -9"><span class='ocrx_word' id='word_1_171' title='bbox 221 1230 340 1265; x_wconf 88' lang='lat' dir='ltr'><strong>pretioso</strong></span> <span class='ocrx_word' id='word_1_172' title='bbox 362 1229 494 1264; x_wconf 81' lang='lat' dir='ltr'><strong>sanguine</strong></span> <span class='ocrx_word' id='word_1_173' title='bbox 519 1229 644 1261; x_wconf 88' lang='lat' dir='ltr'><strong>redemit,</strong></span> <span class='ocrx_word' id='word_1_174' title='bbox 667 1237 782 1264; x_wconf 79' lang='lat' dir='ltr'><strong>eamque</strong></span> <span class='ocrx_word' id='word_1_175' title='bbox 805 1234 834 1257; x_wconf 89' lang='lat' dir='ltr'><strong>ut</strong></span> <span class='ocrx_word' id='word_1_176' title='bbox 853 1230 886 1257; x_wconf 91' lang='lat' dir='ltr'><strong>de</strong></span> <span class='ocrx_word' id='word_1_177' title='bbox 907 1230 1008 1258; x_wconf 87' lang='lat' dir='ltr'><strong>diaboli</strong></span> 
     </span>
    </p>
   </div>
   <div class='ocr_carea' id='block_1_28' title="bbox 220 1275 1007 1311">
    <p class='ocr_par' dir='ltr' id='par_1_28' title="bbox 220 1275 1007 1311">
     <span class='ocr_line' id='line_1_28' title="bbox 220 1275 1007 1311; baseline 0.003 -9"><span class='ocrx_word' id='word_1_178' title='bbox 220 1275 365 1311; x_wconf 82' lang='lat' dir='ltr'><strong>tyrannide</strong></span> <span class='ocrx_word' id='word_1_179' title='bbox 377 1275 516 1307; x_wconf 86' lang='lat' dir='ltr'><strong>liberaret,</strong></span> <span class='ocrx_word' id='word_1_180' title='bbox 537 1275 655 1302; x_wconf 82' lang='lat' dir='ltr'><strong>animam</strong></span> <span class='ocrx_word' id='word_1_181' title='bbox 682 1283 783 1310; x_wconf 89' lang='lat' dir='ltr'><strong>ponere</strong></span> <span class='ocrx_word' id='word_1_182' title='bbox 797 1284 852 1303; x_wconf 91' lang='lat' dir='ltr'><strong>non</strong></span> <span class='ocrx_word' id='word_1_183' title='bbox 872 1277 1007 1304; x_wconf 80' lang='lat' dir='ltr'><strong>titubavit.</strong></span> 
     </span>
    </p>
   </div>
   <div class='ocr_carea' id='block_1_29' title="bbox 220 1321 1009 1356">
    <p class='ocr_par' dir='ltr' id='par_1_29' title="bbox 220 1321 1009 1356">
     <span class='ocr_line' id='line_1_29' title="bbox 220 1321 1009 1356; baseline 0.001 -7"><span class='ocrx_word' id='word_1_184' title='bbox 220 1322 307 1354; x_wconf 77' lang='lat' dir='ltr'><strong>Hanc,</strong></span> <span class='ocrx_word' id='word_1_185' title='bbox 326 1325 355 1348; x_wconf 92' lang='lat' dir='ltr'><strong>ut</strong></span> <span class='ocrx_word' id='word_1_186' title='bbox 369 1321 460 1348; x_wconf 89' lang='lat' dir='ltr'><strong>dicere</strong></span> <span class='ocrx_word' id='word_1_187' title='bbox 473 1321 555 1356; x_wconf 59' lang='lat' dir='ltr'><strong>carpi,</strong></span> <span class='ocrx_word' id='word_1_188' title='bbox 573 1321 759 1355; x_wconf 86' lang='lat' dir='ltr'><strong>nequissimus</strong></span> <span class='ocrx_word' id='word_1_189' title='bbox 775 1321 900 1350; x_wconf 79' lang='lat' dir='ltr'><strong>Meletius</strong></span> <span class='ocrx_word' id='word_1_190' title='bbox 928 1323 1009 1350; x_wconf 87' lang='lat' dir='ltr'><strong>scin—</strong></span> 
     </span>
    </p>
   </div>
   <div class='ocr_carea' id='block_1_30' title="bbox 219 1366 1006 1403">
    <p class='ocr_par' dir='ltr' id='par_1_30' title="bbox 219 1366 1006 1403">
     <span class='ocr_line' id='line_1_30' title="bbox 219 1366 1006 1403; baseline 0 -8"><span class='ocrx_word' id='word_1_191' title='bbox 219 1369 299 1399; x_wconf 83' lang='lat' dir='ltr'><strong>dens,</strong></span> <span class='ocrx_word' id='word_1_192' title='bbox 314 1367 397 1394; x_wconf 86' lang='lat' dir='ltr'><strong>etiam</strong></span> <span class='ocrx_word' id='word_1_193' title='bbox 421 1370 532 1394; x_wconf 86' lang='lat' dir='ltr'><strong>sanctos</strong></span> <span class='ocrx_word' id='word_1_194' title='bbox 551 1366 706 1402; x_wconf 83' lang='lat' dir='ltr'><strong>episcopos,</strong></span> <span class='ocrx_word' id='word_1_195' title='bbox 723 1367 769 1402; x_wconf 88' lang='lat' dir='ltr'><strong>qui</strong></span> <span class='ocrx_word' id='word_1_196' title='bbox 787 1371 851 1395; x_wconf 86' lang='lat' dir='ltr'><strong>ante</strong></span> <span class='ocrx_word' id='word_1_197' title='bbox 867 1368 1006 1403; x_wconf 80' lang='lat' dir='ltr'><strong>paululum</strong></span> 
     </span>
    </p>
   </div>
   <div class='ocr_carea' id='block_1_31' title="bbox 220 1413 1007 1450">
    <p class='ocr_par' dir='ltr' id='par_1_31' title="bbox 220 1413 1007 1450">
     <span class='ocr_line' id='line_1_31' title="bbox 220 1413 1007 1450; baseline 0 -9"><span class='ocrx_word' id='word_1_198' title='bbox 220 1422 268 1450; x_wconf 88' lang='lat' dir='ltr'><strong>per</strong></span> <span class='ocrx_word' id='word_1_199' title='bbox 296 1413 455 1448; x_wconf 89' lang='lat' dir='ltr'><strong>martyrium</strong></span> <span class='ocrx_word' id='word_1_200' title='bbox 485 1413 569 1440; x_wconf 71' lang='lat' dir='ltr'><strong>caelos</strong></span> <span class='ocrx_word' id='word_1_201' title='bbox 597 1417 798 1448; x_wconf 83' lang='lat' dir='ltr'><strong>penetrarunt,</strong></span> <span class='ocrx_word' id='word_1_202' title='bbox 830 1413 857 1440; x_wconf 91' lang='lat' dir='ltr'><strong>in</strong></span> <span class='ocrx_word' id='word_1_203' title='bbox 887 1413 1007 1441; x_wconf 88' lang='lat' dir='ltr'><strong>carceris</strong></span> 
     </span>
    </p>
   </div>
   <div class='ocr_carea' id='block_1_32' title="bbox 219 1459 1005 1495">
    <p class='ocr_par' dir='ltr' id='par_1_32' title="bbox 219 1459 1005 1495">
     <span class='ocr_line' id='line_1_32' title="bbox 219 1459 1005 1495; baseline 0 -7"><span class='ocrx_word' id='word_1_204' title='bbox 219 1460 345 1488; x_wconf 89' lang='lat' dir='ltr'><strong>custodia</strong></span> <span class='ocrx_word' id='word_1_205' title='bbox 360 1463 612 1495; x_wconf 45' lang='lat' dir='ltr'><strong>expugnare‘atque</strong></span> <span class='ocrx_word' id='word_1_206' title='bbox 626 1459 746 1494; x_wconf 78' lang='lat' dir='ltr'><strong>afﬂigere</strong></span> <span class='ocrx_word' id='word_1_207' title='bbox 771 1467 826 1487; x_wconf 91' lang='lat' dir='ltr'><strong>non</strong></span> <span class='ocrx_word' id='word_1_208' title='bbox 852 1460 1005 1488; x_wconf 86' lang='lat' dir='ltr'><strong>desinebat.</strong></span> 
     </span>
    </p>
   </div>
   <div class='ocr_carea' id='block_1_33' title="bbox 218 1506 1006 1542">
    <p class='ocr_par' dir='ltr' id='par_1_33' title="bbox 218 1506 1006 1542">
     <span class='ocr_line' id='line_1_33' title="bbox 218 1506 1006 1542; baseline 0 -8"><span class='ocrx_word' id='word_1_209' title='bbox 218 1508 318 1535; x_wconf 78' lang='lat' dir='ltr'><strong>Cavete</strong></span> <span class='ocrx_word' id='word_1_210' title='bbox 331 1507 414 1542; x_wconf 80' lang='lat' dir='ltr'><strong>igitur</strong></span> <span class='ocrx_word' id='word_1_211' title='bbox 432 1507 465 1533; x_wconf 91' lang='lat' dir='ltr'><strong>ab</strong></span> <span class='ocrx_word' id='word_1_212' title='bbox 481 1507 540 1540; x_wconf 83' lang='lat' dir='ltr'><strong>ejus</strong></span> <span class='ocrx_word' id='word_1_213' title='bbox 557 1506 674 1534; x_wconf 88' lang='lat' dir='ltr'><strong>insidiis.</strong></span> <span class='ocrx_word' id='word_1_214' title='bbox 699 1506 755 1542; x_wconf 86' lang='lat' dir='ltr'><strong>Ego</strong></span> <span class='ocrx_word' id='word_1_215' title='bbox 778 1507 870 1540; x_wconf 90' lang='lat' dir='ltr'><strong>enim,</strong></span> <span class='ocrx_word' id='word_1_216' title='bbox 897 1511 926 1534; x_wconf 89' lang='lat' dir='ltr'><strong>ul:</strong></span> <span class='ocrx_word' id='word_1_217' title='bbox 953 1507 1006 1542; x_wconf 88' lang='lat' dir='ltr'><strong>ipsi</strong></span> 
     </span>
    </p>
   </div>
   <div class='ocr_carea' id='block_1_34' title="bbox 218 1552 1006 1588">
    <p class='ocr_par' dir='ltr' id='par_1_34' title="bbox 218 1552 1006 1588">
     <span class='ocr_line' id='line_1_34' title="bbox 218 1552 1006 1588; baseline 0 -8"><span class='ocrx_word' id='word_1_218' title='bbox 218 1554 327 1586; x_wconf 81' lang='lat' dir='ltr'><strong>videtis,</strong></span> <span class='ocrx_word' id='word_1_219' title='bbox 344 1553 471 1587; x_wconf 78' lang='lat' dir='ltr'><strong>alligatus</strong></span> <span class='ocrx_word' id='word_1_220' title='bbox 488 1552 581 1580; x_wconf 90' lang='lat' dir='ltr'><strong>divina</strong></span> <span class='ocrx_word' id='word_1_221' title='bbox 603 1553 737 1580; x_wconf 88' lang='lat' dir='ltr'><strong>charitate</strong></span> <span class='ocrx_word' id='word_1_222' title='bbox 761 1553 930 1588; x_wconf 82' lang='lat' dir='ltr'><strong>proficiscor,</strong></span> <span class='ocrx_word' id='word_1_223' title='bbox 950 1560 1006 1580; x_wconf 92' lang='lat' dir='ltr'><strong>vo-</strong></span> 
     </span>
    </p>
   </div>
   <div class='ocr_carea' id='block_1_35' title="bbox 219 1598 1005 1634">
    <p class='ocr_par' dir='ltr' id='par_1_35' title="bbox 219 1598 1005 1634">
     <span class='ocr_line' id='line_1_35' title="bbox 219 1598 1005 1634; baseline 0 -8"><span class='ocrx_word' id='word_1_224' title='bbox 219 1600 351 1627; x_wconf 89' lang='lat' dir='ltr'><strong>luntatem</strong></span> <span class='ocrx_word' id='word_1_225' title='bbox 380 1598 428 1626; x_wconf 87' lang='lat' dir='ltr'><strong>Dei</strong></span> <span class='ocrx_word' id='word_1_226' title='bbox 460 1599 588 1627; x_wconf 90' lang='lat' dir='ltr'><strong>omnibus</strong></span> <span class='ocrx_word' id='word_1_227' title='bbox 616 1603 794 1634; x_wconf 84' lang='lat' dir='ltr'><strong>anteponens.</strong></span> <span class='ocrx_word' id='word_1_228' title='bbox 820 1598 884 1627; x_wconf 90' lang='lat' dir='ltr'><strong>Scio</strong></span> <span class='ocrx_word' id='word_1_229' title='bbox 908 1607 1005 1633; x_wconf 89' lang='lat' dir='ltr'><strong>nempe</strong></span> 
     </span>
    </p>
   </div>
   <div class='ocr_carea' id='block_1_36' title="bbox 217 1645 1004 1681">
    <p class='ocr_par' dir='ltr' id='par_1_36' title="bbox 217 1645 1004 1681">
     <span class='ocr_line' id='line_1_36' title="bbox 217 1645 1004 1681; baseline -0.001 -8"><span class='ocrx_word' id='word_1_230' title='bbox 217 1646 281 1681; x_wconf 86' lang='lat' dir='ltr'><strong>quia</strong></span> <span class='ocrx_word' id='word_1_231' title='bbox 296 1646 396 1672; x_wconf 89' lang='lat' dir='ltr'><strong>tribuni</strong></span> <span class='ocrx_word' id='word_1_232' title='bbox 409 1645 441 1672; x_wconf 90' lang='lat' dir='ltr'><strong>de</strong></span> <span class='ocrx_word' id='word_1_233' title='bbox 454 1653 514 1674; x_wconf 89' lang='lat' dir='ltr'><strong>mea</strong></span> <span class='ocrx_word' id='word_1_234' title='bbox 528 1653 595 1673; x_wconf 87' lang='lat' dir='ltr'><strong>nece</strong></span> <span class='ocrx_word' id='word_1_235' title='bbox 606 1646 774 1680; x_wconf 86' lang='lat' dir='ltr'><strong>trepidantes</strong></span> <span class='ocrx_word' id='word_1_236' title='bbox 789 1645 944 1677; x_wconf 85' lang='lat' dir='ltr'><strong>mussitant,</strong></span> <span class='ocrx_word' id='word_1_237' title='bbox 957 1645 1004 1673; x_wconf 88' lang='lat' dir='ltr'><strong>sed</strong></span> 
     </span>
    </p>
   </div>
   <div class='ocr_carea' id='block_1_37' title="bbox 216 1692 1004 1726">
    <p class='ocr_par' dir='ltr' id='par_1_37' title="bbox 216 1692 1004 1726">
     <span class='ocr_line' id='line_1_37' title="bbox 216 1692 1004 1726; baseline 0 -7"><span class='ocrx_word' id='word_1_238' title='bbox 216 1693 321 1720; x_wconf 91' lang='lat' dir='ltr'><strong>nullum</strong></span> <span class='ocrx_word' id='word_1_239' title='bbox 335 1700 369 1720; x_wconf 88' lang='lat' dir='ltr'><strong>ex</strong></span> <span class='ocrx_word' id='word_1_240' title='bbox 389 1692 441 1720; x_wconf 91' lang='lat' dir='ltr'><strong>hoc</strong></span> <span class='ocrx_word' id='word_1_241' title='bbox 462 1692 502 1719; x_wconf 88' lang='lat' dir='ltr'><strong>eis</strong></span> <span class='ocrx_word' id='word_1_242' title='bbox 519 1699 672 1720; x_wconf 89' lang='lat' dir='ltr'><strong>sermonem</strong></span> <span class='ocrx_word' id='word_1_243' title='bbox 689 1692 815 1724; x_wconf 79' lang='lat' dir='ltr'><strong>inferam,</strong></span> <span class='ocrx_word' id='word_1_244' title='bbox 828 1699 915 1726; x_wconf 85' lang='lat' dir='ltr'><strong>neque</strong></span> <span class='ocrx_word' id='word_1_245' title='bbox 930 1692 1004 1719; x_wconf 91' lang='lat' dir='ltr'><strong>enim</strong></span> 
     </span>
    </p>
   </div>
   <div class='ocr_carea' id='block_1_38' title="bbox 180 1736 1003 1772">
    <p class='ocr_par' dir='ltr' id='par_1_38' title="bbox 180 1736 1003 1772">
     <span class='ocr_line' id='line_1_38' title="bbox 180 1736 1003 1772; baseline 0 -8"><span class='ocrx_word' id='word_1_246' title='bbox 180 1759 184 1768; x_wconf 77' lang='lat'><strong>,</strong></span> <span class='ocrx_word' id='word_1_247' title='bbox 217 1738 335 1765; x_wconf 86' lang='lat' dir='ltr'><strong>animam</strong></span> <span class='ocrx_word' id='word_1_248' title='bbox 352 1745 438 1764; x_wconf 87' lang='lat' dir='ltr'><strong>meam</strong></span> <span class='ocrx_word' id='word_1_249' title='bbox 454 1737 642 1772; x_wconf 84' lang='lat' dir='ltr'><strong>pretiosiorem</strong></span> <span class='ocrx_word' id='word_1_250' title='bbox 664 1745 708 1765; x_wconf 90' lang='lat' dir='ltr'><strong>me</strong></span> <span class='ocrx_word' id='word_1_251' title='bbox 731 1737 791 1772; x_wconf 84' lang='lat' dir='ltr'><strong>ipso</strong></span> <span class='ocrx_word' id='word_1_252' title='bbox 804 1736 913 1765; x_wconf 79' lang='lat' dir='ltr'><strong>faciam.</strong></span> <span class='ocrx_word' id='word_1_253' title='bbox 931 1736 1003 1770; x_wconf 87' lang='lat' dir='ltr'><strong>Quin</strong></span> 
     </span>
    </p>
   </div>
   <div class='ocr_carea' id='block_1_39' title="bbox 164 1783 1003 1819">
    <p class='ocr_par' dir='ltr' id='par_1_39' title="bbox 164 1783 1003 1819">
     <span class='ocr_line' id='line_1_39' title="bbox 164 1783 1003 1819; baseline 0 -9"><span class='ocrx_word' id='word_1_254' title='bbox 215 1784 396 1819; x_wconf 81' lang='lat' dir='ltr'><strong>imoparatus</strong></span> <span class='ocrx_word' id='word_1_255' title='bbox 410 1791 469 1810; x_wconf 89' lang='lat' dir='ltr'><strong>smn</strong></span> <span class='ocrx_word' id='word_1_256' title='bbox 490 1783 621 1818; x_wconf 86' lang='lat' dir='ltr'><strong>perﬁcere</strong></span> <span class='ocrx_word' id='word_1_257' title='bbox 635 1791 746 1811; x_wconf 88' lang='lat' dir='ltr'><strong>cursum</strong></span> <span class='ocrx_word' id='word_1_258' title='bbox 768 1791 848 1818; x_wconf 89' lang='lat' dir='ltr'><strong>quem</strong></span> <span class='ocrx_word' id='word_1_259' title='bbox 871 1784 938 1810; x_wconf 91' lang='lat' dir='ltr'><strong>mihi</strong></span> <span class='ocrx_word' id='word_1_260' title='bbox 952 1784 1003 1811; x_wconf 89' lang='lat' dir='ltr'><strong>Do-</strong></span> 
     </span>
    </p>
   </div>
   <div class='ocr_carea' id='block_1_40' title="bbox 215 1828 1001 1865">
    <p class='ocr_par' dir='ltr' id='par_1_40' title="bbox 215 1828 1001 1865">
     <span class='ocr_line' id='line_1_40' title="bbox 215 1828 1001 1865; baseline 0.001 -8"><span class='ocrx_word' id='word_1_261' title='bbox 215 1831 306 1858; x_wconf 85' lang='lat' dir='ltr'><strong>minus</strong></span> <span class='ocrx_word' id='word_1_262' title='bbox 321 1837 398 1857; x_wconf 87' lang='lat' dir='ltr'><strong>meus</strong></span> <span class='ocrx_word' id='word_1_263' title='bbox 413 1828 492 1857; x_wconf 80' lang='lat' dir='ltr'><strong>Jesus</strong></span> <span class='ocrx_word' id='word_1_264' title='bbox 513 1829 640 1857; x_wconf 87' lang='lat' dir='ltr'><strong>Christus</strong></span> <span class='ocrx_word' id='word_1_265' title='bbox 662 1830 784 1865; x_wconf 88' lang='lat' dir='ltr'><strong>polliceri</strong></span> <span class='ocrx_word' id='word_1_266' title='bbox 806 1830 934 1865; x_wconf 80' lang='lat' dir='ltr'><strong>dignatus</strong></span> <span class='ocrx_word' id='word_1_267' title='bbox 949 1835 1001 1863; x_wconf 89' lang='lat' dir='ltr'><strong>est,</strong></span> 
     </span>
    </p>
   </div>
   <div class='ocr_carea' id='block_1_41' title="bbox 218 1875 1002 1911">
    <p class='ocr_par' dir='ltr' id='par_1_41' title="bbox 218 1875 1002 1911">
     <span class='ocr_line' id='line_1_41' title="bbox 218 1875 1002 1911; baseline 0.001 -8"><span class='ocrx_word' id='word_1_268' title='bbox 218 1881 246 1903; x_wconf 89' lang='lat' dir='ltr'><strong>et</strong></span> <span class='ocrx_word' id='word_1_269' title='bbox 257 1876 440 1904; x_wconf 88' lang='lat' dir='ltr'><strong>ministerium</strong></span> <span class='ocrx_word' id='word_1_270' title='bbox 452 1876 525 1911; x_wconf 90' lang='lat' dir='ltr'><strong>quod</strong></span> <span class='ocrx_word' id='word_1_271' title='bbox 543 1875 577 1903; x_wconf 83' lang='lat' dir='ltr'><strong>ab</strong></span> <span class='ocrx_word' id='word_1_272' title='bbox 592 1876 652 1911; x_wconf 93' lang='lat' dir='ltr'><strong>ipso</strong></span> <span class='ocrx_word' id='word_1_273' title='bbox 667 1876 770 1911; x_wconf 86' lang='lat' dir='ltr'><strong>accepi,</strong></span> <span class='ocrx_word' id='word_1_274' title='bbox 785 1876 810 1904; x_wconf 89' lang='lat' dir='ltr'><strong>ei</strong></span> <span class='ocrx_word' id='word_1_275' title='bbox 828 1875 943 1904; x_wconf 86' lang='lat' dir='ltr'><strong>ﬁdeliter</strong></span> <span class='ocrx_word' id='word_1_276' title='bbox 956 1883 1002 1904; x_wconf 90' lang='lat' dir='ltr'><strong>as-</strong></span> 
     </span>
    </p>
   </div>
   <div class='ocr_carea' id='block_1_42' title="bbox 214 1922 1001 1959">
    <p class='ocr_par' dir='ltr' id='par_1_42' title="bbox 214 1922 1001 1959">
     <span class='ocr_line' id='line_1_42' title="bbox 214 1922 1001 1959; baseline -0.003 -8"><span class='ocrx_word' id='word_1_277' title='bbox 214 1924 334 1959; x_wconf 78' lang='lat' dir='ltr'><strong>signare.</strong></span> <span class='ocrx_word' id='word_1_278' title='bbox 348 1923 431 1950; x_wconf 89' lang='lat' dir='ltr'><strong>Orate</strong></span> <span class='ocrx_word' id='word_1_279' title='bbox 445 1931 494 1958; x_wconf 92' lang='lat' dir='ltr'><strong>pro</strong></span> <span class='ocrx_word' id='word_1_280' title='bbox 509 1930 562 1955; x_wconf 88' lang='lat' dir='ltr'><strong>me,</strong></span> <span class='ocrx_word' id='word_1_281' title='bbox 582 1922 680 1950; x_wconf 84' lang='lat' dir='ltr'><strong>fratres</strong></span> <span class='ocrx_word' id='word_1_282' title='bbox 693 1932 701 1956; x_wconf 89' lang='lat'><strong>;</strong></span> <span class='ocrx_word' id='word_1_283' title='bbox 718 1922 832 1950; x_wconf 86' lang='lat' dir='ltr'><strong>ulterius</strong></span> <span class='ocrx_word' id='word_1_284' title='bbox 847 1930 890 1950; x_wconf 91' lang='lat' dir='ltr'><strong>me</strong></span> <span class='ocrx_word' id='word_1_285' title='bbox 908 1923 936 1949; x_wconf 92' lang='lat' dir='ltr'><strong>in</strong></span> <span class='ocrx_word' id='word_1_286' title='bbox 950 1923 1001 1950; x_wconf 93' lang='lat' dir='ltr'><strong>hac</strong></span> 
     </span>
    </p>
   </div>
   <div class='ocr_carea' id='block_1_43' title="bbox 214 1969 1002 2004">
    <p class='ocr_par' dir='ltr' id='par_1_43' title="bbox 214 1969 1002 2004">
     <span class='ocr_line' id='line_1_43' title="bbox 214 1969 1002 2004; baseline 0 -8"><span class='ocrx_word' id='word_1_287' title='bbox 214 1970 268 1997; x_wconf 91' lang='lat' dir='ltr'><strong>vita</strong></span> <span class='ocrx_word' id='word_1_288' title='bbox 281 1970 422 1998; x_wconf 81' lang='lat' dir='ltr'><strong>vobiscum</strong></span> <span class='ocrx_word' id='word_1_289' title='bbox 439 1969 530 1997; x_wconf 88' lang='lat' dir='ltr'><strong>vivere</strong></span> <span class='ocrx_word' id='word_1_290' title='bbox 543 1969 599 2004; x_wconf 90' lang='lat' dir='ltr'><strong>jam</strong></span> <span class='ocrx_word' id='word_1_291' title='bbox 612 1977 667 1996; x_wconf 90' lang='lat' dir='ltr'><strong>non</strong></span> <span class='ocrx_word' id='word_1_292' title='bbox 683 1969 819 1997; x_wconf 89' lang='lat' dir='ltr'><strong>videbitis.</strong></span> <span class='ocrx_word' id='word_1_293' title='bbox 830 1969 1002 2004; x_wconf 80' lang='lat' dir='ltr'><strong>Quapropter</strong></span> 
     </span>
    </p>
   </div>
   <div class='ocr_carea' id='block_1_44' title="bbox 214 2015 1000 2050">
    <p class='ocr_par' dir='ltr' id='par_1_44' title="bbox 214 2015 1000 2050">
     <span class='ocr_line' id='line_1_44' title="bbox 214 2015 1000 2050; baseline -0.001 -7"><span class='ocrx_word' id='word_1_294' title='bbox 214 2016 346 2044; x_wconf 86' lang='lat' dir='ltr'><strong>testiﬁcor</strong></span> <span class='ocrx_word' id='word_1_295' title='bbox 359 2024 452 2043; x_wconf 87' lang='lat' dir='ltr'><strong>coram</strong></span> <span class='ocrx_word' id='word_1_296' title='bbox 469 2015 524 2043; x_wconf 91' lang='lat' dir='ltr'><strong>Deo</strong></span> <span class='ocrx_word' id='word_1_297' title='bbox 547 2019 574 2043; x_wconf 90' lang='lat' dir='ltr'><strong>et</strong></span> <span class='ocrx_word' id='word_1_298' title='bbox 594 2020 685 2043; x_wconf 88' lang='lat' dir='ltr'><strong>vestra</strong></span> <span class='ocrx_word' id='word_1_299' title='bbox 716 2016 903 2048; x_wconf 85' lang='lat' dir='ltr'><strong>fraternitate,</strong></span> <span class='ocrx_word' id='word_1_300' title='bbox 927 2015 1000 2050; x_wconf 89' lang='lat' dir='ltr'><strong>quod</strong></span> 
     </span>
    </p>
   </div>
   <div class='ocr_carea' id='block_1_45' title="bbox 213 2061 1001 2090">
    <p class='ocr_par' dir='ltr' id='par_1_45' title="bbox 213 2061 1001 2090">
     <span class='ocr_line' id='line_1_45' title="bbox 213 2061 1001 2090; baseline 0 -1"><span class='ocrx_word' id='word_1_301' title='bbox 213 2062 341 2090; x_wconf 88' lang='lat' dir='ltr'><strong>omnibus</strong></span> <span class='ocrx_word' id='word_1_302' title='bbox 358 2063 437 2090; x_wconf 87' lang='lat' dir='ltr'><strong>vobis</strong></span> <span class='ocrx_word' id='word_1_303' title='bbox 456 2062 585 2089; x_wconf 89' lang='lat' dir='ltr'><strong>mundam</strong></span> <span class='ocrx_word' id='word_1_304' title='bbox 601 2062 705 2090; x_wconf 87' lang='lat' dir='ltr'><strong>servavi</strong></span> <span class='ocrx_word' id='word_1_305' title='bbox 722 2063 927 2090; x_wconf 90' lang='lat' dir='ltr'><strong>conscientiam.</strong></span> <span class='ocrx_word' id='word_1_306' title='bbox 940 2061 1001 2089; x_wconf 88' lang='lat' dir='ltr'><strong>Non</strong></span> 
     </span>
    </p>
   </div>
   <div class='ocr_carea' id='block_1_46' title="bbox 212 2108 1000 2144">
    <p class='ocr_par' dir='ltr' id='par_1_46' title="bbox 212 2108 1000 2144">
     <span class='ocr_line' id='line_1_46' title="bbox 212 2108 1000 2144; baseline 0.003 -8"><span class='ocrx_word' id='word_1_307' title='bbox 212 2109 284 2136; x_wconf 90' lang='lat' dir='ltr'><strong>enim</strong></span> <span class='ocrx_word' id='word_1_308' title='bbox 299 2109 449 2144; x_wconf 79' lang='lat' dir='ltr'><strong>subterfugi</strong></span> <span class='ocrx_word' id='word_1_309' title='bbox 460 2109 705 2137; x_wconf 86' lang='lat' dir='ltr'><strong>annuntiarevobis</strong></span> <span class='ocrx_word' id='word_1_310' title='bbox 715 2117 775 2144; x_wconf 60' lang='lat' dir='ltr'><strong>quae</strong></span> <span class='ocrx_word' id='word_1_311' title='bbox 784 2109 849 2136; x_wconf 90' lang='lat' dir='ltr'><strong>mihi</strong></span> <span class='ocrx_word' id='word_1_312' title='bbox 858 2117 872 2135; x_wconf 92' lang='lat' dir='ltr'><strong>a</strong></span> <span class='ocrx_word' id='word_1_313' title='bbox 885 2108 1000 2138; x_wconf 89' lang='lat' dir='ltr'><strong>Domino</strong></span> 
     </span>
    </p>
   </div>
   <div class='ocr_carea' id='block_1_47' title="bbox 212 2154 999 2190">
    <p class='ocr_par' dir='ltr' id='par_1_47' title="bbox 212 2154 999 2190">
     <span class='ocr_line' id='line_1_47' title="bbox 212 2154 999 2190; baseline 0.003 -10"><span class='ocrx_word' id='word_1_314' title='bbox 212 2157 277 2181; x_wconf 91' lang='lat' dir='ltr'><strong>sunt</strong></span> <span class='ocrx_word' id='word_1_315' title='bbox 300 2154 432 2189; x_wconf 88' lang='lat' dir='ltr'><strong>injuncta,</strong></span> <span class='ocrx_word' id='word_1_316' title='bbox 449 2158 476 2181; x_wconf 94' lang='lat' dir='ltr'><strong>et</strong></span> <span class='ocrx_word' id='word_1_317' title='bbox 500 2162 561 2189; x_wconf 67' lang='lat' dir='ltr'><strong>quae</strong></span> <span class='ocrx_word' id='word_1_318' title='bbox 580 2154 709 2190; x_wconf 87' lang='lat' dir='ltr'><strong>deinceps</strong></span> <span class='ocrx_word' id='word_1_319' title='bbox 736 2155 892 2183; x_wconf 85' lang='lat' dir='ltr'><strong>necessaria</strong></span> <span class='ocrx_word' id='word_1_320' title='bbox 918 2160 999 2182; x_wconf 89' lang='lat' dir='ltr'><strong>erunt</strong></span> 
     </span>
    </p>
   </div>
   <div class='ocr_carea' id='block_1_48' title="bbox 210 2200 600 2236">
    <p class='ocr_par' dir='ltr' id='par_1_48' title="bbox 210 2200 600 2236">
     <span class='ocr_line' id='line_1_48' title="bbox 210 2200 600 2236; baseline 0 -9"><span class='ocrx_word' id='word_1_321' title='bbox 210 2200 330 2236; x_wconf 91' lang='lat' dir='ltr'><strong>pandere</strong></span> <span class='ocrx_word' id='word_1_322' title='bbox 343 2200 455 2228; x_wconf 90' lang='lat' dir='ltr'><strong>minime</strong></span> <span class='ocrx_word' id='word_1_323' title='bbox 466 2201 600 2228; x_wconf 88' lang='lat' dir='ltr'><strong>recusavi.</strong></span> 
     </span>
    </p>
   </div>
   <div class='ocr_carea' id='block_1_49' title="bbox 245 2246 998 2282">
    <p class='ocr_par' dir='ltr' id='par_1_49' title="bbox 245 2246 998 2282">
     <span class='ocr_line' id='line_1_49' title="bbox 245 2246 998 2282; baseline 0.001 -9"><span class='ocrx_word' id='word_1_324' title='bbox 245 2246 381 2280; x_wconf 82' lang='lat' dir='ltr'><strong>Quocirca</strong></span> <span class='ocrx_word' id='word_1_325' title='bbox 408 2247 539 2274; x_wconf 89' lang='lat' dir='ltr'><strong>attendite</strong></span> <span class='ocrx_word' id='word_1_326' title='bbox 558 2246 637 2274; x_wconf 92' lang='lat' dir='ltr'><strong>vobis</strong></span> <span class='ocrx_word' id='word_1_327' title='bbox 665 2252 692 2273; x_wconf 95' lang='lat' dir='ltr'><strong>et</strong></span> <span class='ocrx_word' id='word_1_328' title='bbox 707 2246 834 2275; x_wconf 90' lang='lat' dir='ltr'><strong>universo</strong></span> <span class='ocrx_word' id='word_1_329' title='bbox 857 2247 944 2282; x_wconf 79' lang='lat' dir='ltr'><strong>gregi,</strong></span> <span class='ocrx_word' id='word_1_330' title='bbox 970 2247 998 2274; x_wconf 90' lang='lat' dir='ltr'><strong>in</strong></span> 
     </span>
    </p>
   </div>
   <div class='ocr_carea' id='block_1_50' title="bbox 208 2293 996 2329">
    <p class='ocr_par' dir='ltr' id='par_1_50' title="bbox 208 2293 996 2329">
     <span class='ocr_line' id='line_1_50' title="bbox 208 2293 996 2329; baseline 0 -9"><span class='ocrx_word' id='word_1_331' title='bbox 208 2301 264 2328; x_wconf 87' lang='lat' dir='ltr'><strong>quo</strong></span> <span class='ocrx_word' id='word_1_332' title='bbox 278 2302 326 2322; x_wconf 88' lang='lat' dir='ltr'><strong>vos</strong></span> <span class='ocrx_word' id='word_1_333' title='bbox 341 2293 460 2328; x_wconf 85' lang='lat' dir='ltr'><strong>Spiritus</strong></span> <span class='ocrx_word' id='word_1_334' title='bbox 476 2298 589 2321; x_wconf 91' lang='lat' dir='ltr'><strong>sanctus</strong></span> <span class='ocrx_word' id='word_1_335' title='bbox 603 2293 725 2321; x_wconf 85' lang='lat' dir='ltr'><strong>seriatim</strong></span> <span class='ocrx_word' id='word_1_336' title='bbox 740 2294 882 2329; x_wconf 88' lang='lat' dir='ltr'><strong>episcopos</strong></span> <span class='ocrx_word' id='word_1_337' title='bbox 894 2294 996 2329; x_wconf 88' lang='lat' dir='ltr'><strong>posuit.</strong></span> 
     </span>
    </p>
   </div>
   <div class='ocr_carea' id='block_1_51' title="bbox 209 2338 997 2375">
    <p class='ocr_par' dir='ltr' id='par_1_51' title="bbox 209 2338 997 2375">
     <span class='ocr_line' id='line_1_51' title="bbox 209 2338 997 2375; baseline 0 -9"><span class='ocrx_word' id='word_1_338' title='bbox 209 2338 247 2366; x_wconf 86' lang='lat' dir='ltr'><strong>Te</strong></span> <span class='ocrx_word' id='word_1_339' title='bbox 271 2339 381 2375; x_wconf 86' lang='lat' dir='ltr'><strong>quidem</strong></span> <span class='ocrx_word' id='word_1_340' title='bbox 404 2339 538 2366; x_wconf 83' lang='lat' dir='ltr'><strong>Achillam</strong></span> <span class='ocrx_word' id='word_1_341' title='bbox 561 2339 691 2374; x_wconf 86' lang='lat' dir='ltr'><strong>primum,</strong></span> <span class='ocrx_word' id='word_1_342' title='bbox 723 2338 907 2366; x_wconf 77' lang='lat' dir='ltr'><strong>Alexandrum</strong></span> <span class='ocrx_word' id='word_1_343' title='bbox 931 2347 997 2366; x_wconf 87' lang='lat' dir='ltr'><strong>vero</strong></span> 
     </span>
    </p>
   </div>
   <div class='ocr_carea' id='block_1_52' title="bbox 208 2385 996 2420">
    <p class='ocr_par' dir='ltr' id='par_1_52' title="bbox 208 2385 996 2420">
     <span class='ocr_line' id='line_1_52' title="bbox 208 2385 996 2420; baseline -0.001 -8"><span class='ocrx_word' id='word_1_344' title='bbox 208 2385 371 2413; x_wconf 90' lang='lat' dir='ltr'><strong>secundum.</strong></span> <span class='ocrx_word' id='word_1_345' title='bbox 388 2385 428 2412; x_wconf 88' lang='lat' dir='ltr'><strong>En</strong></span> <span class='ocrx_word' id='word_1_346' title='bbox 451 2386 528 2412; x_wconf 91' lang='lat' dir='ltr'><strong>vobis</strong></span> <span class='ocrx_word' id='word_1_347' title='bbox 545 2385 606 2412; x_wconf 88' lang='lat' dir='ltr'><strong>viva</strong></span> <span class='ocrx_word' id='word_1_348' title='bbox 623 2393 689 2413; x_wconf 87' lang='lat' dir='ltr'><strong>voce</strong></span> <span class='ocrx_word' id='word_1_349' title='bbox 702 2389 848 2420; x_wconf 87' lang='lat' dir='ltr'><strong>protestor,</strong></span> <span class='ocrx_word' id='word_1_350' title='bbox 866 2385 996 2420; x_wconf 87' lang='lat' dir='ltr'><strong>quoniam</strong></span> 
     </span>
    </p>
   </div>
   <div class='ocr_carea' id='block_1_53' title="bbox 207 2430 995 2466">
    <p class='ocr_par' dir='ltr' id='par_1_53' title="bbox 207 2430 995 2466">
     <span class='ocr_line' id='line_1_53' title="bbox 207 2430 995 2466; baseline 0 -8"><span class='ocrx_word' id='word_1_351' title='bbox 207 2435 270 2466; x_wconf 89' lang='lat' dir='ltr'><strong>post</strong></span> <span class='ocrx_word' id='word_1_352' title='bbox 288 2439 379 2459; x_wconf 84' lang='lat' dir='ltr'><strong>meum</strong></span> <span class='ocrx_word' id='word_1_353' title='bbox 397 2431 541 2459; x_wconf 88' lang='lat' dir='ltr'><strong>transitum</strong></span> <span class='ocrx_word' id='word_1_354' title='bbox 563 2431 706 2466; x_wconf 89' lang='lat' dir='ltr'><strong>insurgent</strong></span> <span class='ocrx_word' id='word_1_355' title='bbox 720 2430 831 2465; x_wconf 88' lang='lat' dir='ltr'><strong>quidam</strong></span> <span class='ocrx_word' id='word_1_356' title='bbox 847 2430 880 2458; x_wconf 88' lang='lat' dir='ltr'><strong>de</strong></span> <span class='ocrx_word' id='word_1_357' title='bbox 900 2430 995 2458; x_wconf 86' lang='lat' dir='ltr'><strong>Eccle-</strong></span> 
     </span>
    </p>
   </div>
   <div class='ocr_carea' id='block_1_54' title="bbox 207 2477 996 2513">
    <p class='ocr_par' dir='ltr' id='par_1_54' title="bbox 207 2477 996 2513">
     <span class='ocr_line' id='line_1_54' title="bbox 207 2477 996 2513; baseline -0.001 -9"><span class='ocrx_word' id='word_1_358' title='bbox 207 2477 248 2505; x_wconf 89' lang='lat' dir='ltr'><strong>sia</strong></span> <span class='ocrx_word' id='word_1_359' title='bbox 266 2477 410 2513; x_wconf 82' lang='lat' dir='ltr'><strong>loquentes</strong></span> <span class='ocrx_word' id='word_1_360' title='bbox 425 2485 567 2513; x_wconf 86' lang='lat' dir='ltr'><strong>perversa,</strong></span> <span class='ocrx_word' id='word_1_361' title='bbox 579 2485 730 2512; x_wconf 91' lang='lat' dir='ltr'><strong>rursusque</strong></span> <span class='ocrx_word' id='word_1_362' title='bbox 745 2477 867 2505; x_wconf 88' lang='lat' dir='ltr'><strong>dividcnt</strong></span> <span class='ocrx_word' id='word_1_363' title='bbox 881 2484 953 2509; x_wconf 85' lang='lat' dir='ltr'><strong>eam,</strong></span> <span class='ocrx_word' id='word_1_364' title='bbox 966 2480 996 2503; x_wconf 90' lang='lat' dir='ltr'><strong>ut</strong></span> 
     </span>
    </p>
   </div>
   <div class='ocr_carea' id='block_1_55' title="bbox 207 2522 994 2559">
    <p class='ocr_par' dir='ltr' id='par_1_55' title="bbox 207 2522 994 2559">
     <span class='ocr_line' id='line_1_55' title="bbox 207 2522 994 2559; baseline 0.005 -11"><span class='ocrx_word' id='word_1_365' title='bbox 207 2522 341 2558; x_wconf 79' lang='lat' dir='ltr'><strong>Meletius,</strong></span> <span class='ocrx_word' id='word_1_366' title='bbox 357 2524 499 2552; x_wconf 85' lang='lat' dir='ltr'><strong>trahentes</strong></span> <span class='ocrx_word' id='word_1_367' title='bbox 516 2524 646 2559; x_wconf 88' lang='lat' dir='ltr'><strong>populum</strong></span> <span class='ocrx_word' id='word_1_368' title='bbox 675 2527 736 2559; x_wconf 90' lang='lat' dir='ltr'><strong>post</strong></span> <span class='ocrx_word' id='word_1_369' title='bbox 751 2531 828 2552; x_wconf 81' lang='lat' dir='ltr'><strong>Suam</strong></span> <span class='ocrx_word' id='word_1_370' title='bbox 842 2523 994 2552; x_wconf 84' lang='lat' dir='ltr'><strong>vesaniam.</strong></span> 
     </span>
    </p>
   </div>
   <div class='ocr_carea' id='block_1_56' title="bbox 208 2568 995 2604">
    <p class='ocr_par' dir='ltr' id='par_1_56' title="bbox 208 2568 995 2604">
     <span class='ocr_line' id='line_1_56' title="bbox 208 2568 995 2604; baseline 0.001 -9"><span class='ocrx_word' id='word_1_371' title='bbox 208 2569 275 2596; x_wconf 80' lang='lat' dir='ltr'><strong>Ecce</strong></span> <span class='ocrx_word' id='word_1_372' title='bbox 290 2569 403 2604; x_wconf 73' lang='lat' dir='ltr'><strong>praedixi</strong></span> <span class='ocrx_word' id='word_1_373' title='bbox 417 2568 505 2596; x_wconf 88' lang='lat' dir='ltr'><strong>vobis.</strong></span> <span class='ocrx_word' id='word_1_374' title='bbox 523 2568 587 2599; x_wconf 86' lang='lat' dir='ltr'><strong>Sed,</strong></span> <span class='ocrx_word' id='word_1_375' title='bbox 605 2568 737 2603; x_wconf 87' lang='lat' dir='ltr'><strong>deprecor</strong></span> <span class='ocrx_word' id='word_1_376' title='bbox 751 2575 799 2596; x_wconf 86' lang='lat' dir='ltr'><strong>vos</strong></span> <span class='ocrx_word' id='word_1_377' title='bbox 811 2588 819 2600; x_wconf 92' lang='lat'><strong>,</strong></span> <span class='ocrx_word' id='word_1_378' title='bbox 847 2576 864 2595; x_wconf 91' lang='grc' dir='ltr'><strong>ο</strong></span> <span class='ocrx_word' id='word_1_379' title='bbox 888 2568 995 2596; x_wconf 89' lang='lat' dir='ltr'><strong>viscera</strong></span> 
     </span>
    </p>
   </div>
   <div class='ocr_carea' id='block_1_57' title="bbox 208 2614 996 2650">
    <p class='ocr_par' dir='ltr' id='par_1_57' title="bbox 208 2614 996 2650">
     <span class='ocr_line' id='line_1_57' title="bbox 208 2614 996 2650; baseline -0.001 -9"><span class='ocrx_word' id='word_1_380' title='bbox 208 2622 278 2648; x_wconf 85' lang='lat' dir='ltr'><strong>mea,</strong></span> <span class='ocrx_word' id='word_1_381' title='bbox 293 2615 402 2650; x_wconf 75' lang='lat' dir='ltr'><strong>vigilate</strong></span> <span class='ocrx_word' id='word_1_382' title='bbox 418 2624 424 2642; x_wconf 92' lang='lat'>:</span> <span class='ocrx_word' id='word_1_383' title='bbox 439 2617 546 2649; x_wconf 89' lang='lat' dir='ltr'><strong>oportet</strong></span> <span class='ocrx_word' id='word_1_384' title='bbox 558 2614 631 2641; x_wconf 89' lang='lat' dir='ltr'><strong>enim</strong></span> <span class='ocrx_word' id='word_1_385' title='bbox 644 2622 691 2642; x_wconf 89' lang='lat' dir='ltr'><strong>vos</strong></span> <span class='ocrx_word' id='word_1_386' title='bbox 711 2614 811 2642; x_wconf 82' lang='lat' dir='ltr'><strong>multas</strong></span> <span class='ocrx_word' id='word_1_387' title='bbox 829 2614 921 2642; x_wconf 91' lang='lat' dir='ltr'><strong>subire</strong></span> <span class='ocrx_word' id='word_1_388' title='bbox 935 2615 996 2641; x_wconf 84' lang='lat' dir='ltr'><strong>tri—</strong></span> 
     </span>
    </p>
   </div>
   <div class='ocr_carea' id='block_1_58' title="bbox 242 2702 994 2738">
    <p class='ocr_par' dir='ltr' id='par_1_58' title="bbox 242 2702 994 2738">
     <span class='ocr_line' id='line_1_58' title="bbox 242 2702 994 2738; baseline 0.003 -9"><span class='ocrx_word' id='word_1_389' title='bbox 242 2702 280 2738; x_wconf 86' lang='lat' dir='ltr'><strong>(a)</strong></span> <span class='ocrx_word' id='word_1_390' title='bbox 293 2702 400 2737; x_wconf 87' lang='lat' dir='ltr'><strong>Optime</strong></span> <span class='ocrx_word' id='word_1_391' title='bbox 414 2707 521 2737; x_wconf 88' lang='lat' dir='ltr'><strong>noster;</strong></span> <span class='ocrx_word' id='word_1_392' title='bbox 538 2708 598 2731; x_wconf 87' lang='lat' dir='ltr'><strong>erat</strong></span> <span class='ocrx_word' id='word_1_393' title='bbox 623 2705 696 2732; x_wconf 88' lang='lat' dir='ltr'><strong>enim</strong></span> <span class='ocrx_word' id='word_1_394' title='bbox 717 2702 839 2731; x_wconf 85' lang='lat' dir='ltr'><strong>Meletius</strong></span> <span class='ocrx_word' id='word_1_395' title='bbox 864 2702 994 2738; x_wconf 78' lang='lat' dir='ltr'><strong>Lycopo—</strong></span> 
     </span>
    </p>
   </div>
   <div class='ocr_carea' id='block_1_59' title="bbox 207 2737 994 2774">
    <p class='ocr_par' dir='ltr' id='par_1_59' title="bbox 207 2737 994 2774">
     <span class='ocr_line' id='line_1_59' title="bbox 207 2737 994 2774; baseline 0.003 -10"><span class='ocrx_word' id='word_1_396' title='bbox 207 2737 264 2774; x_wconf 80' lang='lat' dir='ltr'><strong>leos</strong></span> <span class='ocrx_word' id='word_1_397' title='bbox 279 2738 306 2764; x_wconf 90' lang='lat' dir='ltr'><strong>in</strong></span> <span class='ocrx_word' id='word_1_398' title='bbox 319 2737 457 2774; x_wconf 75' lang='lat' dir='ltr'><strong>Thebaide</strong></span> <span class='ocrx_word' id='word_1_399' title='bbox 475 2739 631 2774; x_wconf 88' lang='lat' dir='ltr'><strong>episcopus.</strong></span> <span class='ocrx_word' id='word_1_400' title='bbox 655 2739 776 2766; x_wconf 81' lang='lat' dir='ltr'><strong>Pessime</strong></span> <span class='ocrx_word' id='word_1_401' title='bbox 790 2740 858 2765; x_wconf 83' lang='lat' dir='ltr'><strong>Acta</strong></span> <span class='ocrx_word' id='word_1_402' title='bbox 870 2737 994 2766; x_wconf 80' lang='lat' dir='ltr'><strong>Combe-</strong></span> 
     </span>
    </p>
   </div>
   <div class='ocr_carea' id='block_1_60' title="bbox 206 2771 992 2808">
    <p class='ocr_par' dir='ltr' id='par_1_60' title="bbox 206 2771 992 2808">
     <span class='ocr_line' id='line_1_60' title="bbox 206 2771 992 2808; baseline 0.005 -11"><span class='ocrx_word' id='word_1_403' title='bbox 206 2772 303 2798; x_wconf 83' lang='lat' dir='ltr'><strong>Iisiana</strong></span> <span class='ocrx_word' id='word_1_404' title='bbox 329 2773 356 2799; x_wconf 80' lang='lat' dir='ltr'><strong>in</strong></span> <span class='ocrx_word' id='word_1_405' title='bbox 373 2771 518 2808; x_wconf 64' lang='lat' dir='ltr'><strong>Lycaonia.</strong></span> <span class='ocrx_word' id='word_1_406' title='bbox 536 2771 597 2801; x_wconf 73' lang='lat' dir='ltr'><strong>.lain</strong></span> <span class='ocrx_word' id='word_1_407' title='bbox 618 2782 662 2801; x_wconf 89' lang='lat' dir='ltr'><strong>res</strong></span> <span class='ocrx_word' id='word_1_408' title='bbox 677 2773 775 2800; x_wconf 72' lang='lat' dir='ltr'><strong>Meietii</strong></span> <span class='ocrx_word' id='word_1_409' title='bbox 793 2774 846 2800; x_wconf 89' lang='lat' dir='ltr'><strong>late</strong></span> <span class='ocrx_word' id='word_1_410' title='bbox 865 2774 992 2801; x_wconf 65' lang='lat' dir='ltr'><strong>scribuno</strong></span> 
     </span>
    </p>
   </div>
   <div class='ocr_carea' id='block_1_61' title="bbox 205 2807 990 2869">
    <p class='ocr_par' dir='ltr' id='par_1_61' title="bbox 205 2807 990 2869">
     <span class='ocr_line' id='line_1_61' title="bbox 205 2807 990 2869; baseline 0.008 -38"><span class='ocrx_word' id='word_1_411' title='bbox 205 2810 284 2869; x_wconf 62' lang='lat' dir='ltr'><strong>tur‘a</strong></span> <span class='ocrx_word' id='word_1_412' title='bbox 297 2807 397 2841; x_wconf 83' lang='lat' dir='ltr'><strong>priscis</strong></span> <span class='ocrx_word' id='word_1_413' title='bbox 423 2807 561 2837; x_wconf 86' lang='lat' dir='ltr'><strong>historicis</strong></span> <span class='ocrx_word' id='word_1_414' title='bbox 577 2814 603 2837; x_wconf 89' lang='lat' dir='ltr'><strong>et</strong></span> <span class='ocrx_word' id='word_1_415' title='bbox 627 2817 643 2837; x_wconf 83' lang='lat' dir='ltr'><strong>a</strong></span> <span class='ocrx_word' id='word_1_416' title='bbox 658 2808 775 2837; x_wconf 88' lang='lat' dir='ltr'><strong>Baronio</strong></span> <span class='ocrx_word' id='word_1_417' title='bbox 798 2808 831 2835; x_wconf 90' lang='lat' dir='ltr'><strong>ad</strong></span> <span class='ocrx_word' id='word_1_418' title='bbox 847 2816 911 2836; x_wconf 89' lang='lat' dir='ltr'><strong>ann.</strong></span> <span class='ocrx_word' id='word_1_419' title='bbox 928 2809 990 2842; x_wconf 77' lang='lat'><strong>306,</strong></span> 
     </span>
     <span class='ocr_line' id='line_1_62' title="bbox 205 2849 376 2869; baseline 0.006 -1"><span class='ocrx_word' id='word_1_420' title='bbox 205 2849 234 2868; x_wconf 74' lang='grc' dir='ltr'><strong>ιι.</strong></span> <span class='ocrx_word' id='word_1_421' title='bbox 268 2851 286 2868; x_wconf 81' lang='lat' dir='ltr'><strong>o</strong></span> <span class='ocrx_word' id='word_1_422' title='bbox 300 2849 376 2869; x_wconf 62' lang='lat' dir='ltr'><strong>una.</strong></span> 
     </span>
    </p>
   </div>
   <div class='ocr_carea' id='block_1_62' title="bbox 205 2849 376 2877">
    <p class='ocr_par' dir='ltr' id='par_1_62' title="bbox 205 2849 376 2877">
     <span class='ocr_line' id='line_1_63' title="bbox 205 2849 376 2877; baseline 0 -9"><span class='ocrx_word' id='word_1_423' title='bbox 205 2849 234 2868; x_wconf 75' lang='grc' dir='ltr'><strong>ιι.</strong></span> <span class='ocrx_word' id='word_1_424' title='bbox 251 2849 286 2869; x_wconf 73' lang='grc' dir='ltr'><strong>ω</strong></span> <span class='ocrx_word' id='word_1_425' title='bbox 300 2849 376 2877; x_wconf 83' lang='lat' dir='ltr'><strong>seqq.</strong></span> 
     </span>
    </p>
   </div>
   <div class='ocr_carea' id='block_1_63' title="bbox 1067 219 1853 258">
    <p class='ocr_par' dir='ltr' id='par_1_63' title="bbox 1067 219 1853 258">
     <span class='ocr_line' id='line_1_64' title="bbox 1067 219 1853 258; baseline 0.006 -13"><span class='ocrx_word' id='word_1_426' title='bbox 1067 223 1123 246; x_wconf 86' lang='lat' dir='ltr'><strong>tres</strong></span> <span class='ocrx_word' id='word_1_427' title='bbox 1139 219 1238 247; x_wconf 89' lang='lat' dir='ltr'><strong>nostri.</strong></span> <span class='ocrx_word' id='word_1_428' title='bbox 1253 224 1294 247; x_wconf 82' lang='lat' dir='ltr'><strong>An</strong></span> <span class='ocrx_word' id='word_1_429' title='bbox 1323 221 1454 256; x_wconf 82' lang='lat' dir='ltr'><strong>ignoratis</strong></span> <span class='ocrx_word' id='word_1_430' title='bbox 1468 225 1570 256; x_wconf 87' lang='lat' dir='ltr'><strong>quanta</strong></span> <span class='ocrx_word' id='word_1_431' title='bbox 1587 229 1605 248; x_wconf 88' lang='lat' dir='ltr'><strong>a</strong></span> <span class='ocrx_word' id='word_1_432' title='bbox 1620 222 1770 256; x_wconf 83' lang='lat' dir='ltr'><strong>gentilibus</strong></span> <span class='ocrx_word' id='word_1_433' title='bbox 1791 230 1853 258; x_wconf 64' lang='lat' dir='ltr'><strong>per&lt;</strong></span> 
     </span>
    </p>
   </div>
   <div class='ocr_carea' id='block_1_64' title="bbox 1067 266 1849 301">
    <p class='ocr_par' dir='ltr' id='par_1_64' title="bbox 1067 266 1849 301">
     <span class='ocr_line' id='line_1_65' title="bbox 1067 266 1849 301; baseline 0.004 -9"><span class='ocrx_word' id='word_1_434' title='bbox 1067 272 1163 299; x_wconf 88' lang='lat' dir='ltr'><strong>pessus</strong></span> <span class='ocrx_word' id='word_1_435' title='bbox 1184 271 1226 292; x_wconf 88' lang='lat' dir='ltr'><strong>est</strong></span> <span class='ocrx_word' id='word_1_436' title='bbox 1241 269 1318 300; x_wconf 89' lang='lat' dir='ltr'><strong>pater</strong></span> <span class='ocrx_word' id='word_1_437' title='bbox 1333 273 1425 298; x_wconf 89' lang='lat' dir='ltr'><strong>meus,</strong></span> <span class='ocrx_word' id='word_1_438' title='bbox 1442 266 1488 301; x_wconf 90' lang='lat' dir='ltr'><strong>qui</strong></span> <span class='ocrx_word' id='word_1_439' title='bbox 1506 274 1548 294; x_wconf 89' lang='lat' dir='ltr'><strong>me</strong></span> <span class='ocrx_word' id='word_1_440' title='bbox 1573 267 1695 300; x_wconf 87' lang='lat' dir='ltr'><strong>nutrivit,</strong></span> <span class='ocrx_word' id='word_1_441' title='bbox 1712 268 1849 295; x_wconf 76' lang='lat' dir='ltr'><strong>sanctissi</strong></span> 
     </span>
    </p>
   </div>
   <div class='ocr_carea' id='block_1_65' title="bbox 1066 310 1852 348">
    <p class='ocr_par' dir='ltr' id='par_1_65' title="bbox 1066 310 1852 348">
     <span class='ocr_line' id='line_1_66' title="bbox 1066 310 1852 348; baseline 0.004 -10"><span class='ocrx_word' id='word_1_442' title='bbox 1066 318 1127 338; x_wconf 91' lang='lat' dir='ltr'><strong>mus</strong></span> <span class='ocrx_word' id='word_1_443' title='bbox 1143 310 1269 339; x_wconf 86' lang='lat' dir='ltr'><strong>Theonas</strong></span> <span class='ocrx_word' id='word_1_444' title='bbox 1288 312 1445 348; x_wconf 89' lang='lat' dir='ltr'><strong>episcopus,</strong></span> <span class='ocrx_word' id='word_1_445' title='bbox 1458 313 1537 347; x_wconf 84' lang='lat' dir='ltr'><strong>cujus</strong></span> <span class='ocrx_word' id='word_1_446' title='bbox 1559 313 1742 348; x_wconf 84' lang='lat' dir='ltr'><strong>pontificalem</strong></span> <span class='ocrx_word' id='word_1_447' title='bbox 1759 314 1852 341; x_wconf 83' lang='lat' dir='ltr'><strong>cathe-</strong></span> 
     </span>
    </p>
   </div>
   <div class='ocr_carea' id='block_1_66' title="bbox 1065 356 1852 394">
    <p class='ocr_par' dir='ltr' id='par_1_66' title="bbox 1065 356 1852 394">
     <span class='ocr_line' id='line_1_67' title="bbox 1065 356 1852 394; baseline 0.005 -10"><span class='ocrx_word' id='word_1_448' title='bbox 1065 356 1142 384; x_wconf 92' lang='lat' dir='ltr'><strong>dram</strong></span> <span class='ocrx_word' id='word_1_449' title='bbox 1167 365 1261 394; x_wconf 83' lang='lat' dir='ltr'><strong>regere</strong></span> <span class='ocrx_word' id='word_1_450' title='bbox 1277 359 1406 394; x_wconf 83' lang='lat' dir='ltr'><strong>suscepi?</strong></span> <span class='ocrx_word' id='word_1_451' title='bbox 1433 359 1456 386; x_wconf 92' lang='grc' dir='ltr'><strong>Ο</strong></span> <span class='ocrx_word' id='word_1_452' title='bbox 1477 359 1579 386; x_wconf 89' lang='lat' dir='ltr'><strong>utinam</strong></span> <span class='ocrx_word' id='word_1_453' title='bbox 1598 363 1625 387; x_wconf 88' lang='lat' dir='ltr'><strong>et</strong></span> <span class='ocrx_word' id='word_1_454' title='bbox 1651 361 1761 388; x_wconf 81' lang='lat' dir='ltr'><strong>mores!</strong></span> <span class='ocrx_word' id='word_1_455' title='bbox 1781 360 1852 393; x_wconf 83' lang='lat' dir='ltr'><strong>Quid</strong></span> 
     </span>
    </p>
   </div>
   <div class='ocr_carea' id='block_1_67' title="bbox 1064 403 1846 441">
    <p class='ocr_par' dir='ltr' id='par_1_67' title="bbox 1064 403 1846 441">
     <span class='ocr_line' id='line_1_68' title="bbox 1064 403 1846 441; baseline 0.006 -12"><span class='ocrx_word' id='word_1_456' title='bbox 1064 403 1145 430; x_wconf 87' lang='lat' dir='ltr'><strong>etiam</strong></span> <span class='ocrx_word' id='word_1_457' title='bbox 1161 403 1194 431; x_wconf 90' lang='lat' dir='ltr'><strong>de</strong></span> <span class='ocrx_word' id='word_1_458' title='bbox 1209 412 1307 439; x_wconf 80' lang='lat' dir='ltr'><strong>magno</strong></span> <span class='ocrx_word' id='word_1_459' title='bbox 1323 404 1452 441; x_wconf 87' lang='lat' dir='ltr'><strong>Dionysio</strong></span> <span class='ocrx_word' id='word_1_460' title='bbox 1475 405 1596 440; x_wconf 79' lang='lat' dir='ltr'><strong>ejusdem</strong></span> <span class='ocrx_word' id='word_1_461' title='bbox 1621 413 1787 440; x_wconf 68' lang='lat' dir='ltr'><strong>praecessore</strong></span> <span class='ocrx_word' id='word_1_462' title='bbox 1806 415 1846 434; x_wconf 89' lang='lat' dir='ltr'><strong>re-</strong></span> 
     </span>
    </p>
   </div>
   <div class='ocr_carea' id='block_1_68' title="bbox 1065 447 1851 485">
    <p class='ocr_par' dir='ltr' id='par_1_68' title="bbox 1065 447 1851 485">
     <span class='ocr_line' id='line_1_69' title="bbox 1065 447 1851 485; baseline 0.004 -10"><span class='ocrx_word' id='word_1_463' title='bbox 1065 447 1172 476; x_wconf 81' lang='lat' dir='ltr'><strong>feram?</strong></span> <span class='ocrx_word' id='word_1_464' title='bbox 1187 449 1233 484; x_wconf 88' lang='lat' dir='ltr'><strong>qui</strong></span> <span class='ocrx_word' id='word_1_465' title='bbox 1248 449 1380 485; x_wconf 86' lang='lat' dir='ltr'><strong>profugus</strong></span> <span class='ocrx_word' id='word_1_466' title='bbox 1395 451 1429 478; x_wconf 92' lang='lat' dir='ltr'><strong>de</strong></span> <span class='ocrx_word' id='word_1_467' title='bbox 1446 451 1506 478; x_wconf 78' lang='lat' dir='ltr'><strong>loco</strong></span> <span class='ocrx_word' id='word_1_468' title='bbox 1531 451 1557 477; x_wconf 93' lang='lat' dir='ltr'><strong>in</strong></span> <span class='ocrx_word' id='word_1_469' title='bbox 1582 451 1670 478; x_wconf 92' lang='lat' dir='ltr'><strong>locum</strong></span> <span class='ocrx_word' id='word_1_470' title='bbox 1688 452 1789 479; x_wconf 88' lang='lat' dir='ltr'><strong>multas</strong></span> <span class='ocrx_word' id='word_1_471' title='bbox 1805 459 1851 478; x_wconf 90' lang='lat' dir='ltr'><strong>ca-</strong></span> 
     </span>
    </p>
   </div>
   <div class='ocr_carea' id='block_1_69' title="bbox 1064 493 1851 525">
    <p class='ocr_par' dir='ltr' id='par_1_69' title="bbox 1064 493 1851 525">
     <span class='ocr_line' id='line_1_70' title="bbox 1064 493 1851 525; baseline 0.006 -5"><span class='ocrx_word' id='word_1_472' title='bbox 1064 493 1200 523; x_wconf 87' lang='lat' dir='ltr'><strong>lamitates</strong></span> <span class='ocrx_word' id='word_1_473' title='bbox 1227 496 1260 523; x_wconf 91' lang='lat' dir='ltr'><strong>ab</strong></span> <span class='ocrx_word' id='word_1_474' title='bbox 1284 496 1380 524; x_wconf 83' lang='lat' dir='ltr'><strong>insano</strong></span> <span class='ocrx_word' id='word_1_475' title='bbox 1402 497 1532 525; x_wconf 79' lang='lat' dir='ltr'><strong>sustinuit</strong></span> <span class='ocrx_word' id='word_1_476' title='bbox 1557 496 1697 525; x_wconf 68' lang='lat' dir='ltr'><strong>Sabellio?</strong></span> <span class='ocrx_word' id='word_1_477' title='bbox 1723 497 1779 525; x_wconf 89' lang='lat' dir='ltr'><strong>Nec</strong></span> <span class='ocrx_word' id='word_1_478' title='bbox 1802 506 1851 525; x_wconf 85' lang='lat' dir='ltr'><strong>vos</strong></span> 
     </span>
    </p>
   </div>
   <div class='ocr_carea' id='block_1_70' title="bbox 1063 541 1851 579">
    <p class='ocr_par' dir='ltr' id='par_1_70' title="bbox 1063 541 1851 579">
     <span class='ocr_line' id='line_1_71' title="bbox 1063 541 1851 579; baseline 0.006 -12"><span class='ocrx_word' id='word_1_479' title='bbox 1063 545 1221 575; x_wconf 82' lang='lat' dir='ltr'><strong>praeteream</strong></span> <span class='ocrx_word' id='word_1_480' title='bbox 1243 541 1291 577; x_wconf 89' lang='lat' dir='ltr'><strong>(b),</strong></span> <span class='ocrx_word' id='word_1_481' title='bbox 1310 542 1477 570; x_wconf 86' lang='lat' dir='ltr'><strong>sanctissimi</strong></span> <span class='ocrx_word' id='word_1_482' title='bbox 1491 542 1586 572; x_wconf 88' lang='lat' dir='ltr'><strong>Patres</strong></span> <span class='ocrx_word' id='word_1_483' title='bbox 1603 551 1635 571; x_wconf 90' lang='lat' dir='ltr'><strong>ac</strong></span> <span class='ocrx_word' id='word_1_484' title='bbox 1658 543 1758 571; x_wconf 61' lang='lat' dir='ltr'><strong>divina:</strong></span> <span class='ocrx_word' id='word_1_485' title='bbox 1783 544 1851 579; x_wconf 84' lang='lat' dir='ltr'><strong>legis</strong></span> 
     </span>
    </p>
   </div>
   <div class='ocr_carea' id='block_1_71' title="bbox 1063 586 1851 623">
    <p class='ocr_par' dir='ltr' id='par_1_71' title="bbox 1063 586 1851 623">
     <span class='ocr_line' id='line_1_72' title="bbox 1063 586 1851 623; baseline 0.004 -10"><span class='ocrx_word' id='word_1_486' title='bbox 1063 587 1210 618; x_wconf 85' lang='lat' dir='ltr'><strong>antistites,</strong></span> <span class='ocrx_word' id='word_1_487' title='bbox 1239 586 1345 615; x_wconf 88' lang='lat' dir='ltr'><strong>Heracli</strong></span> <span class='ocrx_word' id='word_1_488' title='bbox 1368 592 1450 623; x_wconf 90' lang='lat' dir='ltr'><strong>atque</strong></span> <span class='ocrx_word' id='word_1_489' title='bbox 1467 588 1597 621; x_wconf 80' lang='lat' dir='ltr'><strong>Demetri,</strong></span> <span class='ocrx_word' id='word_1_490' title='bbox 1610 591 1711 623; x_wconf 85' lang='lat' dir='ltr'><strong>quibus</strong></span> <span class='ocrx_word' id='word_1_491' title='bbox 1732 588 1851 616; x_wconf 80' lang='lat' dir='ltr'><strong>fabrica-</strong></span> 
     </span>
    </p>
   </div>
   <div class='ocr_carea' id='block_1_72' title="bbox 1062 633 1851 670">
    <p class='ocr_par' dir='ltr' id='par_1_72' title="bbox 1062 633 1851 670">
     <span class='ocr_line' id='line_1_73' title="bbox 1062 633 1851 670; baseline 0 -9"><span class='ocrx_word' id='word_1_492' title='bbox 1062 637 1106 661; x_wconf 87' lang='lat' dir='ltr'><strong>tor</strong></span> <span class='ocrx_word' id='word_1_493' title='bbox 1122 633 1244 669; x_wconf 88' lang='lat' dir='ltr'><strong>perversi</strong></span> <span class='ocrx_word' id='word_1_494' title='bbox 1268 634 1403 670; x_wconf 66' lang='lat' dir='ltr'><strong>dogmatis</strong></span> <span class='ocrx_word' id='word_1_495' title='bbox 1427 634 1559 669; x_wconf 81' lang='lat' dir='ltr'><strong>Origenes</strong></span> <span class='ocrx_word' id='word_1_496' title='bbox 1582 634 1748 662; x_wconf 89' lang='lat' dir='ltr'><strong>multifarias</strong></span> <span class='ocrx_word' id='word_1_497' title='bbox 1763 639 1851 662; x_wconf 85' lang='lat' dir='ltr'><strong>tenta-</strong></span> 
     </span>
    </p>
   </div>
   <div class='ocr_carea' id='block_1_73' title="bbox 1063 679 1850 715">
    <p class='ocr_par' dir='ltr' id='par_1_73' title="bbox 1063 679 1850 715">
     <span class='ocr_line' id='line_1_74' title="bbox 1063 679 1850 715; baseline 0.003 -9"><span class='ocrx_word' id='word_1_498' title='bbox 1063 681 1151 708; x_wconf 88' lang='lat' dir='ltr'><strong>tlones</strong></span> <span class='ocrx_word' id='word_1_499' title='bbox 1170 680 1301 713; x_wconf 87' lang='lat' dir='ltr'><strong>incussit;</strong></span> <span class='ocrx_word' id='word_1_500' title='bbox 1318 680 1364 715; x_wconf 92' lang='lat' dir='ltr'><strong>qui</strong></span> <span class='ocrx_word' id='word_1_501' title='bbox 1392 680 1510 714; x_wconf 78' lang='lat' dir='ltr'><strong>conjecit</strong></span> <span class='ocrx_word' id='word_1_502' title='bbox 1527 680 1553 707; x_wconf 93' lang='lat' dir='ltr'><strong>in</strong></span> <span class='ocrx_word' id='word_1_503' title='bbox 1567 679 1717 707; x_wconf 79' lang='lat' dir='ltr'><strong>Ecclesiam</strong></span> <span class='ocrx_word' id='word_1_504' title='bbox 1733 680 1850 708; x_wconf 84' lang='lat' dir='ltr'><strong>detesta-</strong></span> 
     </span>
    </p>
   </div>
   <div class='ocr_carea' id='block_1_74' title="bbox 1062 724 1850 760">
    <p class='ocr_par' dir='ltr' id='par_1_74' title="bbox 1062 724 1850 760">
     <span class='ocr_line' id='line_1_75' title="bbox 1062 724 1850 760; baseline 0 -9"><span class='ocrx_word' id='word_1_505' title='bbox 1062 724 1116 751; x_wconf 87' lang='lat' dir='ltr'><strong>bile</strong></span> <span class='ocrx_word' id='word_1_506' title='bbox 1128 724 1259 757; x_wconf 85' lang='lat' dir='ltr'><strong>schisma,</strong></span> <span class='ocrx_word' id='word_1_507' title='bbox 1276 724 1348 759; x_wconf 89' lang='lat' dir='ltr'><strong>quod</strong></span> <span class='ocrx_word' id='word_1_508' title='bbox 1364 732 1451 760; x_wconf 86' lang='lat' dir='ltr'><strong>usque</strong></span> <span class='ocrx_word' id='word_1_509' title='bbox 1465 724 1545 752; x_wconf 88' lang='lat' dir='ltr'><strong>hodie</strong></span> <span class='ocrx_word' id='word_1_510' title='bbox 1560 724 1704 752; x_wconf 90' lang='lat' dir='ltr'><strong>confundit</strong></span> <span class='ocrx_word' id='word_1_511' title='bbox 1717 724 1850 752; x_wconf 82' lang='lat' dir='ltr'><strong>eam.Sed</strong></span> 
     </span>
    </p>
   </div>
   <div class='ocr_carea' id='block_1_75' title="bbox 1062 770 1849 806">
    <p class='ocr_par' dir='ltr' id='par_1_75' title="bbox 1062 770 1849 806">
     <span class='ocr_line' id='line_1_76' title="bbox 1062 770 1849 806; baseline 0.001 -9"><span class='ocrx_word' id='word_1_512' title='bbox 1062 771 1149 806; x_wconf 87' lang='lat' dir='ltr'><strong>gratia</strong></span> <span class='ocrx_word' id='word_1_513' title='bbox 1165 770 1224 802; x_wconf 90' lang='lat' dir='ltr'><strong>Dei,</strong></span> <span class='ocrx_word' id='word_1_514' title='bbox 1239 777 1299 805; x_wconf 65' lang='lat' dir='ltr'><strong>quae</strong></span> <span class='ocrx_word' id='word_1_515' title='bbox 1316 770 1377 798; x_wconf 88' lang='lat' dir='ltr'><strong>illos</strong></span> <span class='ocrx_word' id='word_1_516' title='bbox 1404 775 1468 797; x_wconf 89' lang='lat' dir='ltr'><strong>tunc</strong></span> <span class='ocrx_word' id='word_1_517' title='bbox 1483 770 1659 805; x_wconf 78' lang='lat' dir='ltr'><strong>protegebat,</strong></span> <span class='ocrx_word' id='word_1_518' title='bbox 1677 770 1762 798; x_wconf 88' lang='lat' dir='ltr'><strong>credo</strong></span> <span class='ocrx_word' id='word_1_519' title='bbox 1778 771 1849 798; x_wconf 88' lang='lat' dir='ltr'><strong>enim</strong></span> 
     </span>
    </p>
   </div>
   <div class='ocr_carea' id='block_1_76' title="bbox 1062 815 1848 852">
    <p class='ocr_par' dir='ltr' id='par_1_76' title="bbox 1062 815 1848 852">
     <span class='ocr_line' id='line_1_77' title="bbox 1062 815 1848 852; baseline 0.001 -9"><span class='ocrx_word' id='word_1_520' title='bbox 1062 817 1135 852; x_wconf 91' lang='lat' dir='ltr'><strong>quod</strong></span> <span class='ocrx_word' id='word_1_521' title='bbox 1147 820 1173 843; x_wconf 90' lang='lat' dir='ltr'><strong>et</strong></span> <span class='ocrx_word' id='word_1_522' title='bbox 1189 824 1237 844; x_wconf 90' lang='lat' dir='ltr'><strong>vos</strong></span> <span class='ocrx_word' id='word_1_523' title='bbox 1253 819 1386 851; x_wconf 85' lang='lat' dir='ltr'><strong>proteget.</strong></span> <span class='ocrx_word' id='word_1_524' title='bbox 1406 815 1457 843; x_wconf 87' lang='lat' dir='ltr'><strong>Sed</strong></span> <span class='ocrx_word' id='word_1_525' title='bbox 1472 816 1536 851; x_wconf 86' lang='lat' dir='ltr'><strong>quid</strong></span> <span class='ocrx_word' id='word_1_526' title='bbox 1552 825 1598 845; x_wconf 85' lang='lat' dir='ltr'><strong>vos</strong></span> <span class='ocrx_word' id='word_1_527' title='bbox 1617 817 1688 844; x_wconf 89' lang='lat' dir='ltr'><strong>ultra</strong></span> <span class='ocrx_word' id='word_1_528' title='bbox 1710 817 1848 849; x_wconf 88' lang='lat' dir='ltr'><strong>demoror,</strong></span> 
     </span>
    </p>
   </div>
   <div class='ocr_carea' id='block_1_77' title="bbox 1027 846 1850 898">
    <p class='ocr_par' dir='ltr' id='par_1_77' title="bbox 1027 846 1850 898">
     <span class='ocr_line' id='line_1_78' title="bbox 1027 846 1850 898; baseline 0 -9"><span class='ocrx_word' id='word_1_529' title='bbox 1027 846 1048 875; x_wconf 70' lang='grc' dir='ltr'><strong>Β</strong></span> <span class='ocrx_word' id='word_1_530' title='bbox 1061 862 1215 889; x_wconf 89' lang='lat' dir='ltr'><strong>charissimi</strong></span> <span class='ocrx_word' id='word_1_531' title='bbox 1231 862 1340 894; x_wconf 89' lang='lat' dir='ltr'><strong>fratres,</strong></span> <span class='ocrx_word' id='word_1_532' title='bbox 1358 861 1455 896; x_wconf 80' lang='lat' dir='ltr'><strong>prolixi</strong></span> <span class='ocrx_word' id='word_1_533' title='bbox 1476 862 1612 890; x_wconf 82' lang='lat' dir='ltr'><strong>sermonis</strong></span> <span class='ocrx_word' id='word_1_534' title='bbox 1633 862 1735 890; x_wconf 76' lang='lat' dir='ltr'><strong>aifatu?</strong></span> <span class='ocrx_word' id='word_1_535' title='bbox 1752 861 1850 898; x_wconf 84' lang='lat' dir='ltr'><strong>Super-</strong></span> 
     </span>
    </p>
   </div>
   <div class='ocr_carea' id='block_1_78' title="bbox 1061 907 1849 943">
    <p class='ocr_par' dir='ltr' id='par_1_78' title="bbox 1061 907 1849 943">
     <span class='ocr_line' id='line_1_79' title="bbox 1061 907 1849 943; baseline -0.003 -7"><span class='ocrx_word' id='word_1_536' title='bbox 1061 913 1103 936; x_wconf 90' lang='lat' dir='ltr'><strong>est</strong></span> <span class='ocrx_word' id='word_1_537' title='bbox 1114 911 1144 934; x_wconf 91' lang='lat' dir='ltr'><strong>ut</strong></span> <span class='ocrx_word' id='word_1_538' title='bbox 1160 907 1255 934; x_wconf 87' lang='lat' dir='ltr'><strong>ultima</strong></span> <span class='ocrx_word' id='word_1_539' title='bbox 1275 908 1391 942; x_wconf 87' lang='lat' dir='ltr'><strong>apostoli</strong></span> <span class='ocrx_word' id='word_1_540' title='bbox 1418 908 1541 935; x_wconf 88' lang='lat' dir='ltr'><strong>oratione</strong></span> <span class='ocrx_word' id='word_1_541' title='bbox 1567 915 1616 936; x_wconf 94' lang='lat' dir='ltr'><strong>vos</strong></span> <span class='ocrx_word' id='word_1_542' title='bbox 1637 915 1791 943; x_wconf 88' lang='lat' dir='ltr'><strong>prosequar</strong></span> <span class='ocrx_word' id='word_1_543' title='bbox 1813 909 1849 935; x_wconf 83' lang='lat' dir='ltr'><strong>ita</strong></span> 
     </span>
    </p>
   </div>
   <div class='ocr_carea' id='block_1_79' title="bbox 1061 954 1850 990">
    <p class='ocr_par' dir='ltr' id='par_1_79' title="bbox 1061 954 1850 990">
     <span class='ocr_line' id='line_1_80' title="bbox 1061 954 1850 990; baseline 0 -8"><span class='ocrx_word' id='word_1_544' title='bbox 1061 955 1222 990; x_wconf 85' lang='lat' dir='ltr'><strong>precantis:</strong></span> <span class='ocrx_word' id='word_1_545' title='bbox 1240 959 1268 982; x_wconf 87' lang='lat' dir='ltr'><strong>et</strong></span> <span class='ocrx_word' id='word_1_546' title='bbox 1292 961 1366 981; x_wconf 81' lang='lat' dir='ltr'><strong>nunc</strong></span> <span class='ocrx_word' id='word_1_547' title='bbox 1390 954 1553 982; x_wconf 87' lang='lat' dir='ltr'><strong>commendo</strong></span> <span class='ocrx_word' id='word_1_548' title='bbox 1581 962 1628 982; x_wconf 88' lang='lat' dir='ltr'><strong>vos</strong></span> <span class='ocrx_word' id='word_1_549' title='bbox 1644 954 1700 982; x_wconf 88' lang='lat' dir='ltr'><strong>Deo</strong></span> <span class='ocrx_word' id='word_1_550' title='bbox 1715 959 1743 982; x_wconf 92' lang='lat' dir='ltr'><strong>et</strong></span> <span class='ocrx_word' id='word_1_551' title='bbox 1768 955 1850 982; x_wconf 84' lang='lat' dir='ltr'><strong>verbo</strong></span> 
     </span>
    </p>
   </div>
   <div class='ocr_carea' id='block_1_80' title="bbox 1061 1000 1849 1036">
    <p class='ocr_par' dir='ltr' id='par_1_80' title="bbox 1061 1000 1849 1036">
     <span class='ocr_line' id='line_1_81' title="bbox 1061 1000 1849 1036; baseline 0.001 -10"><span class='ocrx_word' id='word_1_552' title='bbox 1061 1001 1155 1036; x_wconf 70' lang='lat' dir='ltr'><strong>gratiae</strong></span> <span class='ocrx_word' id='word_1_553' title='bbox 1179 1000 1249 1035; x_wconf 86' lang='lat' dir='ltr'><strong>ejus,</strong></span> <span class='ocrx_word' id='word_1_554' title='bbox 1266 1001 1313 1035; x_wconf 93' lang='lat' dir='ltr'><strong>qui</strong></span> <span class='ocrx_word' id='word_1_555' title='bbox 1339 1004 1435 1035; x_wconf 91' lang='lat' dir='ltr'><strong>potens</strong></span> <span class='ocrx_word' id='word_1_556' title='bbox 1458 1004 1500 1027; x_wconf 87' lang='lat' dir='ltr'><strong>est</strong></span> <span class='ocrx_word' id='word_1_557' title='bbox 1519 1000 1672 1035; x_wconf 83' lang='lat' dir='ltr'><strong>gubernare</strong></span> <span class='ocrx_word' id='word_1_558' title='bbox 1694 1004 1722 1027; x_wconf 87' lang='lat' dir='ltr'><strong>et</strong></span> <span class='ocrx_word' id='word_1_559' title='bbox 1749 1008 1798 1028; x_wconf 92' lang='lat' dir='ltr'><strong>vos</strong></span> <span class='ocrx_word' id='word_1_560' title='bbox 1822 1005 1849 1027; x_wconf 85' lang='lat' dir='ltr'><strong>et</strong></span> 
     </span>
    </p>
   </div>
   <div class='ocr_carea' id='block_1_81' title="bbox 1060 1044 1848 1082">
    <p class='ocr_par' dir='ltr' id='par_1_81' title="bbox 1060 1044 1848 1082">
     <span class='ocr_line' id='line_1_82' title="bbox 1060 1044 1848 1082; baseline 0 -9"><span class='ocrx_word' id='word_1_561' title='bbox 1060 1045 1131 1073; x_wconf 86' lang='lat' dir='ltr'><strong>ovile</strong></span> <span class='ocrx_word' id='word_1_562' title='bbox 1146 1053 1236 1073; x_wconf 92' lang='lat' dir='ltr'><strong>suum.</strong></span> <span class='ocrx_word' id='word_1_563' title='bbox 1260 1044 1324 1072; x_wconf 64' lang='lat' dir='ltr'><strong>Haec</strong></span> <span class='ocrx_word' id='word_1_564' title='bbox 1349 1044 1396 1072; x_wconf 91' lang='lat' dir='ltr'><strong>ubi</strong></span> <span class='ocrx_word' id='word_1_565' title='bbox 1419 1045 1492 1072; x_wconf 91' lang='lat' dir='ltr'><strong>dicta</strong></span> <span class='ocrx_word' id='word_1_566' title='bbox 1516 1045 1601 1077; x_wconf 89' lang='lat' dir='ltr'><strong>dedit,</strong></span> <span class='ocrx_word' id='word_1_567' title='bbox 1619 1046 1716 1082; x_wconf 83' lang='lat' dir='ltr'><strong>positis</strong></span> <span class='ocrx_word' id='word_1_568' title='bbox 1733 1046 1848 1081; x_wconf 76' lang='lat' dir='ltr'><strong>genibus</strong></span> 
     </span>
    </p>
   </div>
   <div class='ocr_carea' id='block_1_82' title="bbox 1060 1091 1848 1126">
    <p class='ocr_par' dir='ltr' id='par_1_82' title="bbox 1060 1091 1848 1126">
     <span class='ocr_line' id='line_1_83' title="bbox 1060 1091 1848 1126; baseline 0.001 -7"><span class='ocrx_word' id='word_1_569' title='bbox 1060 1091 1148 1119; x_wconf 88' lang='lat' dir='ltr'><strong>oravit</strong></span> <span class='ocrx_word' id='word_1_570' title='bbox 1167 1100 1229 1119; x_wconf 92' lang='lat' dir='ltr'><strong>cum</strong></span> <span class='ocrx_word' id='word_1_571' title='bbox 1240 1092 1290 1119; x_wconf 87' lang='lat' dir='ltr'><strong>eis.</strong></span> <span class='ocrx_word' id='word_1_572' title='bbox 1307 1091 1417 1124; x_wconf 76' lang='lat' dir='ltr'><strong>Expleta</strong></span> <span class='ocrx_word' id='word_1_573' title='bbox 1431 1091 1523 1126; x_wconf 85' lang='lat' dir='ltr'><strong>itaque</strong></span> <span class='ocrx_word' id='word_1_574' title='bbox 1536 1092 1675 1125; x_wconf 90' lang='lat' dir='ltr'><strong>oratione,</strong></span> <span class='ocrx_word' id='word_1_575' title='bbox 1690 1093 1848 1120; x_wconf 77' lang='lat' dir='ltr'><strong>osculantes</strong></span> 
     </span>
    </p>
   </div>
   <div class='ocr_carea' id='block_1_83' title="bbox 1059 1138 1849 1173">
    <p class='ocr_par' dir='ltr' id='par_1_83' title="bbox 1059 1138 1849 1173">
     <span class='ocr_line' id='line_1_84' title="bbox 1059 1138 1849 1173; baseline 0 -8"><span class='ocrx_word' id='word_1_576' title='bbox 1059 1145 1157 1166; x_wconf 84' lang='lat' dir='ltr'><strong>manus</strong></span> <span class='ocrx_word' id='word_1_577' title='bbox 1185 1138 1246 1172; x_wconf 89' lang='lat' dir='ltr'><strong>ejus</strong></span> <span class='ocrx_word' id='word_1_578' title='bbox 1270 1145 1302 1165; x_wconf 90' lang='lat' dir='ltr'><strong>ac</strong></span> <span class='ocrx_word' id='word_1_579' title='bbox 1330 1138 1412 1172; x_wconf 88' lang='lat' dir='ltr'><strong>pedes</strong></span> <span class='ocrx_word' id='word_1_580' title='bbox 1433 1138 1555 1166; x_wconf 88' lang='lat' dir='ltr'><strong>Achillas</strong></span> <span class='ocrx_word' id='word_1_581' title='bbox 1580 1142 1662 1173; x_wconf 89' lang='lat' dir='ltr'><strong>atque</strong></span> <span class='ocrx_word' id='word_1_582' title='bbox 1693 1138 1849 1166; x_wconf 77' lang='lat' dir='ltr'><strong>Alexander</strong></span> 
     </span>
    </p>
   </div>
   <div class='ocr_carea' id='block_1_84' title="bbox 1060 1183 1849 1219">
    <p class='ocr_par' dir='ltr' id='par_1_84' title="bbox 1060 1183 1849 1219">
     <span class='ocr_line' id='line_1_85' title="bbox 1060 1183 1849 1219; baseline 0.003 -9"><span class='ocrx_word' id='word_1_583' title='bbox 1060 1183 1186 1211; x_wconf 88' lang='lat' dir='ltr'><strong>conversi</strong></span> <span class='ocrx_word' id='word_1_584' title='bbox 1211 1184 1239 1210; x_wconf 91' lang='lat' dir='ltr'><strong>in</strong></span> <span class='ocrx_word' id='word_1_585' title='bbox 1265 1183 1400 1218; x_wconf 88' lang='lat' dir='ltr'><strong>lacrymas</strong></span> <span class='ocrx_word' id='word_1_586' title='bbox 1417 1183 1537 1219; x_wconf 85' lang='lat' dir='ltr'><strong>singultu</strong></span> <span class='ocrx_word' id='word_1_587' title='bbox 1554 1184 1728 1212; x_wconf 88' lang='lat' dir='ltr'><strong>amarissimo</strong></span> <span class='ocrx_word' id='word_1_588' title='bbox 1744 1185 1849 1219; x_wconf 87' lang='lat' dir='ltr'><strong>quatie—</strong></span> 
     </span>
    </p>
   </div>
   <div class='ocr_carea' id='block_1_85' title="bbox 1059 1229 1848 1266">
    <p class='ocr_par' dir='ltr' id='par_1_85' title="bbox 1059 1229 1848 1266">
     <span class='ocr_line' id='line_1_86' title="bbox 1059 1229 1848 1266; baseline 0.001 -8"><span class='ocrx_word' id='word_1_589' title='bbox 1059 1229 1170 1262; x_wconf 83' lang='lat' dir='ltr'><strong>bantur,</strong></span> <span class='ocrx_word' id='word_1_590' title='bbox 1183 1230 1300 1258; x_wconf 86' lang='lat' dir='ltr'><strong>maxime</strong></span> <span class='ocrx_word' id='word_1_591' title='bbox 1315 1230 1380 1265; x_wconf 91' lang='lat' dir='ltr'><strong>quia</strong></span> <span class='ocrx_word' id='word_1_592' title='bbox 1393 1230 1535 1257; x_wconf 86' lang='lat' dir='ltr'><strong>audierant</strong></span> <span class='ocrx_word' id='word_1_593' title='bbox 1545 1238 1606 1257; x_wconf 90' lang='lat' dir='ltr'><strong>eum</strong></span> <span class='ocrx_word' id='word_1_594' title='bbox 1623 1230 1714 1258; x_wconf 86' lang='lat' dir='ltr'><strong>dicere</strong></span> <span class='ocrx_word' id='word_1_595' title='bbox 1730 1231 1804 1266; x_wconf 88' lang='lat' dir='ltr'><strong>quod</strong></span> <span class='ocrx_word' id='word_1_596' title='bbox 1815 1239 1848 1259; x_wconf 84' lang='lat' dir='ltr'><strong>ex</strong></span> 
     </span>
    </p>
   </div>
   <div class='ocr_carea' id='block_1_86' title="bbox 1059 1277 1848 1312">
    <p class='ocr_par' dir='ltr' id='par_1_86' title="bbox 1059 1277 1848 1312">
     <span class='ocr_line' id='line_1_87' title="bbox 1059 1277 1848 1312; baseline 0.003 -9"><span class='ocrx_word' id='word_1_597' title='bbox 1059 1280 1124 1304; x_wconf 87' lang='lat' dir='ltr'><strong>tunc</strong></span> <span class='ocrx_word' id='word_1_598' title='bbox 1146 1277 1322 1312; x_wconf 80' lang='lat' dir='ltr'><strong>temporalem</strong></span> <span class='ocrx_word' id='word_1_599' title='bbox 1350 1277 1410 1312; x_wconf 85' lang='lat' dir='ltr'><strong>ejus</strong></span> <span class='ocrx_word' id='word_1_600' title='bbox 1439 1277 1523 1304; x_wconf 85' lang='lat' dir='ltr'><strong>vitam</strong></span> <span class='ocrx_word' id='word_1_601' title='bbox 1553 1278 1670 1312; x_wconf 91' lang='lat' dir='ltr'><strong>amplius</strong></span> <span class='ocrx_word' id='word_1_602' title='bbox 1685 1278 1774 1305; x_wconf 88' lang='lat' dir='ltr'><strong>visuri</strong></span> <span class='ocrx_word' id='word_1_603' title='bbox 1793 1286 1848 1305; x_wconf 89' lang='lat' dir='ltr'><strong>non</strong></span> 
     </span>
    </p>
   </div>
   <div class='ocr_carea' id='block_1_87' title="bbox 1057 1323 1847 1352">
    <p class='ocr_par' dir='ltr' id='par_1_87' title="bbox 1057 1323 1847 1352">
     <span class='ocr_line' id='line_1_88' title="bbox 1057 1323 1847 1352; baseline 0.001 -2"><span class='ocrx_word' id='word_1_604' title='bbox 1057 1327 1159 1350; x_wconf 89' lang='lat' dir='ltr'><strong>essent.</strong></span> <span class='ocrx_word' id='word_1_605' title='bbox 1176 1323 1280 1350; x_wconf 86' lang='lat' dir='ltr'><strong>Dehinc</strong></span> <span class='ocrx_word' id='word_1_606' title='bbox 1302 1323 1399 1351; x_wconf 82' lang='lat' dir='ltr'><strong>doctor</strong></span> <span class='ocrx_word' id='word_1_607' title='bbox 1414 1323 1590 1351; x_wconf 88' lang='lat' dir='ltr'><strong>dulcissimus</strong></span> <span class='ocrx_word' id='word_1_608' title='bbox 1610 1324 1723 1352; x_wconf 87' lang='lat' dir='ltr'><strong>veniens</strong></span> <span class='ocrx_word' id='word_1_609' title='bbox 1740 1324 1775 1351; x_wconf 90' lang='lat' dir='ltr'><strong>ad</strong></span> <span class='ocrx_word' id='word_1_610' title='bbox 1803 1331 1847 1351; x_wconf 85' lang='lat' dir='ltr'><strong>re-</strong></span> 
     </span>
    </p>
   </div>
   <div class='ocr_carea' id='block_1_88' title="bbox 1058 1369 1848 1406">
    <p class='ocr_par' dir='ltr' id='par_1_88' title="bbox 1058 1369 1848 1406">
     <span class='ocr_line' id='line_1_89' title="bbox 1058 1369 1848 1406; baseline 0.003 -10"><span class='ocrx_word' id='word_1_611' title='bbox 1058 1369 1148 1404; x_wconf 88' lang='lat' dir='ltr'><strong>liquos</strong></span> <span class='ocrx_word' id='word_1_612' title='bbox 1171 1369 1345 1401; x_wconf 86' lang='lat' dir='ltr'><strong>clericorum,</strong></span> <span class='ocrx_word' id='word_1_613' title='bbox 1372 1369 1430 1404; x_wconf 89' lang='lat' dir='ltr'><strong>qui,</strong></span> <span class='ocrx_word' id='word_1_614' title='bbox 1459 1373 1489 1397; x_wconf 91' lang='lat' dir='ltr'><strong>ut</strong></span> <span class='ocrx_word' id='word_1_615' title='bbox 1518 1370 1688 1405; x_wconf 61' lang='lat' dir='ltr'><strong>prmmissum</strong></span> <span class='ocrx_word' id='word_1_616' title='bbox 1716 1373 1773 1400; x_wconf 80' lang='lat' dir='ltr'><strong>est.</strong></span> <span class='ocrx_word' id='word_1_617' title='bbox 1799 1378 1848 1406; x_wconf 90' lang='lat' dir='ltr'><strong>pro</strong></span> 
     </span>
    </p>
   </div>
   <div class='ocr_carea' id='block_1_89' title="bbox 1057 1413 1847 1449">
    <p class='ocr_par' dir='ltr' id='par_1_89' title="bbox 1057 1413 1847 1449">
     <span class='ocr_line' id='line_1_90' title="bbox 1057 1413 1847 1449; baseline 0.003 -8"><span class='ocrx_word' id='word_1_618' title='bbox 1057 1413 1122 1442; x_wconf 86' lang='lat' dir='ltr'><strong>Ario</strong></span> <span class='ocrx_word' id='word_1_619' title='bbox 1138 1415 1253 1449; x_wconf 87' lang='lat' dir='ltr'><strong>ingressi</strong></span> <span class='ocrx_word' id='word_1_620' title='bbox 1268 1414 1386 1447; x_wconf 87' lang='lat' dir='ltr'><strong>fuerant,</strong></span> <span class='ocrx_word' id='word_1_621' title='bbox 1405 1414 1512 1442; x_wconf 88' lang='lat' dir='ltr'><strong>locutus</strong></span> <span class='ocrx_word' id='word_1_622' title='bbox 1536 1414 1575 1442; x_wconf 87' lang='lat' dir='ltr'><strong>eis</strong></span> <span class='ocrx_word' id='word_1_623' title='bbox 1596 1416 1677 1442; x_wconf 86' lang='lat' dir='ltr'><strong>verba</strong></span> <span class='ocrx_word' id='word_1_624' title='bbox 1695 1416 1847 1443; x_wconf 80' lang='lat' dir='ltr'><strong>novissima</strong></span> 
     </span>
    </p>
   </div>
   <div class='ocr_carea' id='block_1_90' title="bbox 1057 1460 1846 1497">
    <p class='ocr_par' dir='ltr' id='par_1_90' title="bbox 1057 1460 1846 1497">
     <span class='ocr_line' id='line_1_91' title="bbox 1057 1460 1846 1497; baseline 0.004 -10"><span class='ocrx_word' id='word_1_625' title='bbox 1057 1465 1139 1497; x_wconf 87' lang='lat' dir='ltr'><strong>atque</strong></span> <span class='ocrx_word' id='word_1_626' title='bbox 1150 1460 1334 1488; x_wconf 88' lang='lat' dir='ltr'><strong>consolatoria</strong></span> <span class='ocrx_word' id='word_1_627' title='bbox 1346 1464 1372 1488; x_wconf 90' lang='lat' dir='ltr'><strong>et</strong></span> <span class='ocrx_word' id='word_1_628' title='bbox 1382 1468 1442 1496; x_wconf 64' lang='lat' dir='ltr'><strong>quae</strong></span> <span class='ocrx_word' id='word_1_629' title='bbox 1453 1461 1608 1488; x_wconf 81' lang='lat' dir='ltr'><strong>necessaria</strong></span> <span class='ocrx_word' id='word_1_630' title='bbox 1623 1465 1719 1494; x_wconf 80' lang='lat' dir='ltr'><strong>erant;</strong></span> <span class='ocrx_word' id='word_1_631' title='bbox 1736 1461 1846 1494; x_wconf 86' lang='lat' dir='ltr'><strong>deinde,</strong></span> 
     </span>
    </p>
   </div>
   <div class='ocr_carea' id='block_1_91' title="bbox 1058 1505 1847 1542">
    <p class='ocr_par' dir='ltr' id='par_1_91' title="bbox 1058 1505 1847 1542">
     <span class='ocr_line' id='line_1_92' title="bbox 1058 1505 1847 1542; baseline 0.005 -10"><span class='ocrx_word' id='word_1_632' title='bbox 1058 1505 1127 1534; x_wconf 83' lang='lat' dir='ltr'><strong>fusis</strong></span> <span class='ocrx_word' id='word_1_633' title='bbox 1142 1506 1176 1533; x_wconf 92' lang='lat' dir='ltr'><strong>ad</strong></span> <span class='ocrx_word' id='word_1_634' title='bbox 1191 1505 1276 1534; x_wconf 86' lang='lat' dir='ltr'><strong>Deum</strong></span> <span class='ocrx_word' id='word_1_635' title='bbox 1302 1507 1429 1542; x_wconf 90' lang='lat' dir='ltr'><strong>precibus</strong></span> <span class='ocrx_word' id='word_1_636' title='bbox 1449 1508 1509 1535; x_wconf 92' lang='lat' dir='ltr'><strong>vale</strong></span> <span class='ocrx_word' id='word_1_637' title='bbox 1523 1507 1628 1536; x_wconf 86' lang='lat' dir='ltr'><strong>faciens</strong></span> <span class='ocrx_word' id='word_1_638' title='bbox 1656 1508 1722 1541; x_wconf 88' lang='lat' dir='ltr'><strong>illis,</strong></span> <span class='ocrx_word' id='word_1_639' title='bbox 1741 1508 1847 1536; x_wconf 87' lang='lat' dir='ltr'><strong>dimisit</strong></span> 
     </span>
    </p>
   </div>
   <div class='ocr_carea' id='block_1_92' title="bbox 1057 1553 1290 1587">
    <p class='ocr_par' dir='ltr' id='par_1_92' title="bbox 1057 1553 1290 1587">
     <span class='ocr_line' id='line_1_93' title="bbox 1057 1553 1290 1587; baseline 0.004 -7"><span class='ocrx_word' id='word_1_640' title='bbox 1057 1560 1152 1580; x_wconf 88' lang='lat' dir='ltr'><strong>omnes</strong></span> <span class='ocrx_word' id='word_1_641' title='bbox 1171 1553 1197 1580; x_wconf 90' lang='lat' dir='ltr'><strong>in</strong></span> <span class='ocrx_word' id='word_1_642' title='bbox 1213 1561 1290 1587; x_wconf 89' lang='lat' dir='ltr'><strong>pace.</strong></span> 
     </span>
    </p>
   </div>
   <div class='ocr_carea' id='block_1_93' title="bbox 1091 1597 1845 1637">
    <p class='ocr_par' dir='ltr' id='par_1_93' title="bbox 1091 1597 1845 1637">
     <span class='ocr_line' id='line_1_94' title="bbox 1091 1597 1845 1637; baseline 0.005 -13"><span class='ocrx_word' id='word_1_643' title='bbox 1091 1597 1139 1626; x_wconf 83' lang='lat' dir='ltr'><strong>His</strong></span> <span class='ocrx_word' id='word_1_644' title='bbox 1161 1599 1198 1625; x_wconf 88' lang='lat' dir='ltr'><strong>ita</strong></span> <span class='ocrx_word' id='word_1_645' title='bbox 1214 1599 1342 1634; x_wconf 88' lang='lat' dir='ltr'><strong>peractis,</strong></span> <span class='ocrx_word' id='word_1_646' title='bbox 1360 1600 1441 1636; x_wconf 86' lang='lat' dir='ltr'><strong>longe</strong></span> <span class='ocrx_word' id='word_1_647' title='bbox 1466 1601 1575 1636; x_wconf 85' lang='lat' dir='ltr'><strong>lateque</strong></span> <span class='ocrx_word' id='word_1_648' title='bbox 1591 1601 1691 1636; x_wconf 83' lang='lat' dir='ltr'><strong>ubique</strong></span> <span class='ocrx_word' id='word_1_649' title='bbox 1706 1601 1845 1637; x_wconf 82' lang='lat' dir='ltr'><strong>vulgatum</strong></span> 
     </span>
    </p>
   </div>
   <div class='ocr_carea' id='block_1_94' title="bbox 1055 1645 1847 1682">
    <p class='ocr_par' dir='ltr' id='par_1_94' title="bbox 1055 1645 1847 1682">
     <span class='ocr_line' id='line_1_95' title="bbox 1055 1645 1847 1682; baseline 0.004 -11"><span class='ocrx_word' id='word_1_650' title='bbox 1055 1648 1096 1672; x_wconf 86' lang='lat' dir='ltr'><strong>est</strong></span> <span class='ocrx_word' id='word_1_651' title='bbox 1112 1645 1185 1680; x_wconf 88' lang='lat' dir='ltr'><strong>quod</strong></span> <span class='ocrx_word' id='word_1_652' title='bbox 1211 1645 1294 1673; x_wconf 84' lang='lat' dir='ltr'><strong>Arius</strong></span> <span class='ocrx_word' id='word_1_653' title='bbox 1318 1654 1333 1673; x_wconf 82' lang='lat' dir='ltr'><strong>a</strong></span> <span class='ocrx_word' id='word_1_654' title='bbox 1357 1647 1490 1674; x_wconf 85' lang='lat' dir='ltr'><strong>catholica</strong></span> <span class='ocrx_word' id='word_1_655' title='bbox 1509 1647 1612 1674; x_wconf 77' lang='lat' dir='ltr'><strong>unitate</strong></span> <span class='ocrx_word' id='word_1_656' title='bbox 1629 1647 1734 1682; x_wconf 84' lang='lat' dir='ltr'><strong>absque</strong></span> <span class='ocrx_word' id='word_1_657' title='bbox 1749 1648 1847 1675; x_wconf 86' lang='lat' dir='ltr'><strong>deiiico</strong></span> 
     </span>
    </p>
   </div>
   <div class='ocr_carea' id='block_1_95' title="bbox 1056 1691 1845 1721">
    <p class='ocr_par' dir='ltr' id='par_1_95' title="bbox 1056 1691 1845 1721">
     <span class='ocr_line' id='line_1_96' title="bbox 1056 1691 1845 1721; baseline 0.005 -5"><span class='ocrx_word' id='word_1_658' title='bbox 1056 1695 1121 1717; x_wconf 86' lang='lat' dir='ltr'><strong>nutu</strong></span> <span class='ocrx_word' id='word_1_659' title='bbox 1133 1698 1187 1717; x_wconf 92' lang='lat' dir='ltr'><strong>non</strong></span> <span class='ocrx_word' id='word_1_660' title='bbox 1199 1691 1235 1718; x_wconf 91' lang='lat' dir='ltr'><strong>sit</strong></span> <span class='ocrx_word' id='word_1_661' title='bbox 1248 1691 1384 1719; x_wconf 85' lang='lat' dir='ltr'><strong>abscisus.</strong></span> <span class='ocrx_word' id='word_1_662' title='bbox 1400 1691 1448 1720; x_wconf 90' lang='lat' dir='ltr'><strong>llle</strong></span> <span class='ocrx_word' id='word_1_663' title='bbox 1469 1697 1560 1721; x_wconf 86' lang='lat' dir='ltr'><strong>autem</strong></span> <span class='ocrx_word' id='word_1_664' title='bbox 1573 1692 1684 1720; x_wconf 85' lang='lat' dir='ltr'><strong>fallendi</strong></span> <span class='ocrx_word' id='word_1_665' title='bbox 1701 1693 1803 1721; x_wconf 87' lang='lat' dir='ltr'><strong>artifex</strong></span> <span class='ocrx_word' id='word_1_666' title='bbox 1818 1698 1845 1720; x_wconf 88' lang='lat' dir='ltr'><strong>et</strong></span> 
     </span>
    </p>
   </div>
   <div class='ocr_carea' id='block_1_96' title="bbox 1054 1737 1846 1775">
    <p class='ocr_par' dir='ltr' id='par_1_96' title="bbox 1054 1737 1846 1775">
     <span class='ocr_line' id='line_1_97' title="bbox 1054 1737 1846 1775; baseline 0.005 -12"><span class='ocrx_word' id='word_1_667' title='bbox 1054 1737 1139 1764; x_wconf 90' lang='lat' dir='ltr'><strong>totius</strong></span> <span class='ocrx_word' id='word_1_668' title='bbox 1159 1737 1288 1772; x_wconf 65' lang='lat' dir='ltr'><strong>nequitia:</strong></span> <span class='ocrx_word' id='word_1_669' title='bbox 1303 1738 1463 1771; x_wconf 85' lang='lat' dir='ltr'><strong>seminator,</strong></span> <span class='ocrx_word' id='word_1_670' title='bbox 1484 1739 1512 1766; x_wconf 91' lang='lat' dir='ltr'><strong>in</strong></span> <span class='ocrx_word' id='word_1_671' title='bbox 1529 1739 1571 1766; x_wconf 92' lang='lat' dir='ltr'><strong>sui</strong></span> <span class='ocrx_word' id='word_1_672' title='bbox 1588 1739 1708 1774; x_wconf 87' lang='lat' dir='ltr'><strong>pectoris</strong></span> <span class='ocrx_word' id='word_1_673' title='bbox 1723 1739 1846 1775; x_wconf 79' lang='lat' dir='ltr'><strong>labyrin-</strong></span> 
     </span>
    </p>
   </div>
   <div class='ocr_carea' id='block_1_97' title="bbox 1053 1781 1845 1819">
    <p class='ocr_par' dir='ltr' id='par_1_97' title="bbox 1053 1781 1845 1819">
     <span class='ocr_line' id='line_1_98' title="bbox 1053 1781 1845 1819; baseline 0.005 -11"><span class='ocrx_word' id='word_1_674' title='bbox 1053 1781 1101 1809; x_wconf 91' lang='lat' dir='ltr'><strong>tho</strong></span> <span class='ocrx_word' id='word_1_675' title='bbox 1117 1782 1257 1817; x_wconf 88' lang='lat' dir='ltr'><strong>vipereum</strong></span> <span class='ocrx_word' id='word_1_676' title='bbox 1272 1783 1346 1811; x_wconf 89' lang='lat' dir='ltr'><strong>virus</strong></span> <span class='ocrx_word' id='word_1_677' title='bbox 1361 1784 1502 1812; x_wconf 67' lang='lat' dir='ltr'><strong>occultare</strong></span> <span class='ocrx_word' id='word_1_678' title='bbox 1519 1792 1573 1811; x_wconf 86' lang='lat' dir='ltr'><strong>non</strong></span> <span class='ocrx_word' id='word_1_679' title='bbox 1600 1783 1761 1817; x_wconf 85' lang='lat' dir='ltr'><strong>desinebat,</strong></span> <span class='ocrx_word' id='word_1_680' title='bbox 1783 1792 1845 1819; x_wconf 88' lang='lat' dir='ltr'><strong>spe-</strong></span> 
     </span>
    </p>
   </div>
   <div class='ocr_carea' id='block_1_98' title="bbox 1053 1829 1844 1859">
    <p class='ocr_par' dir='ltr' id='par_1_98' title="bbox 1053 1829 1844 1859">
     <span class='ocr_line' id='line_1_99' title="bbox 1053 1829 1844 1859; baseline 0.004 -4"><span class='ocrx_word' id='word_1_681' title='bbox 1053 1836 1119 1855; x_wconf 87' lang='lat' dir='ltr'><strong>rans</strong></span> <span class='ocrx_word' id='word_1_682' title='bbox 1131 1836 1161 1857; x_wconf 79' lang='lat' dir='ltr'><strong>se</strong></span> <span class='ocrx_word' id='word_1_683' title='bbox 1173 1829 1208 1856; x_wconf 86' lang='lat' dir='ltr'><strong>ab</strong></span> <span class='ocrx_word' id='word_1_684' title='bbox 1221 1829 1328 1856; x_wconf 87' lang='lat' dir='ltr'><strong>Achilla</strong></span> <span class='ocrx_word' id='word_1_685' title='bbox 1342 1830 1384 1857; x_wconf 79' lang='lat' dir='ltr'><strong>vel</strong></span> <span class='ocrx_word' id='word_1_686' title='bbox 1411 1829 1566 1858; x_wconf 88' lang='lat' dir='ltr'><strong>Alexandro</strong></span> <span class='ocrx_word' id='word_1_687' title='bbox 1583 1831 1767 1859; x_wconf 90' lang='lat' dir='ltr'><strong>reconciliari.</strong></span> <span class='ocrx_word' id='word_1_688' title='bbox 1795 1831 1844 1858; x_wconf 77' lang='lat' dir='ltr'><strong>llic</strong></span> 
     </span>
    </p>
   </div>
   <div class='ocr_carea' id='block_1_99' title="bbox 1053 1875 1844 1909">
    <p class='ocr_par' dir='ltr' id='par_1_99' title="bbox 1053 1875 1844 1909">
     <span class='ocr_line' id='line_1_100' title="bbox 1053 1875 1844 1909; baseline 0.004 -7"><span class='ocrx_word' id='word_1_689' title='bbox 1053 1879 1095 1902; x_wconf 90' lang='lat' dir='ltr'><strong>est</strong></span> <span class='ocrx_word' id='word_1_690' title='bbox 1110 1875 1156 1903; x_wconf 92' lang='lat' dir='ltr'><strong>ille</strong></span> <span class='ocrx_word' id='word_1_691' title='bbox 1171 1875 1253 1903; x_wconf 84' lang='lat' dir='ltr'><strong>Arius</strong></span> <span class='ocrx_word' id='word_1_692' title='bbox 1264 1875 1471 1909; x_wconf 70' lang='lat' dir='ltr'><strong>literesiarches,</strong></span> <span class='ocrx_word' id='word_1_693' title='bbox 1484 1877 1729 1905; x_wconf 87' lang='lat' dir='ltr'><strong>consubstantialis</strong></span> <span class='ocrx_word' id='word_1_694' title='bbox 1752 1883 1780 1906; x_wconf 88' lang='lat' dir='ltr'><strong>et</strong></span> <span class='ocrx_word' id='word_1_695' title='bbox 1804 1879 1844 1905; x_wconf 90' lang='lat' dir='ltr'><strong>in-</strong></span> 
     </span>
    </p>
   </div>
   <div class='ocr_carea' id='block_1_100' title="bbox 1052 1921 1844 1959">
    <p class='ocr_par' dir='ltr' id='par_1_100' title="bbox 1052 1921 1844 1959">
     <span class='ocr_line' id='line_1_101' title="bbox 1052 1921 1844 1959; baseline 0.005 -11"><span class='ocrx_word' id='word_1_696' title='bbox 1052 1921 1169 1949; x_wconf 71' lang='lat' dir='ltr'><strong>dividua:</strong></span> <span class='ocrx_word' id='word_1_697' title='bbox 1184 1921 1328 1950; x_wconf 88' lang='lat' dir='ltr'><strong>Trinitatis</strong></span> <span class='ocrx_word' id='word_1_698' title='bbox 1345 1922 1458 1950; x_wconf 91' lang='lat' dir='ltr'><strong>divisor.</strong></span> <span class='ocrx_word' id='word_1_699' title='bbox 1486 1922 1536 1950; x_wconf 83' lang='lat' dir='ltr'><strong>Hic</strong></span> <span class='ocrx_word' id='word_1_700' title='bbox 1559 1927 1601 1951; x_wconf 85' lang='lat' dir='ltr'><strong>est</strong></span> <span class='ocrx_word' id='word_1_701' title='bbox 1618 1924 1664 1959; x_wconf 85' lang='lat' dir='ltr'><strong>qui</strong></span> <span class='ocrx_word' id='word_1_702' title='bbox 1692 1931 1741 1952; x_wconf 90' lang='lat' dir='ltr'><strong>ore</strong></span> <span class='ocrx_word' id='word_1_703' title='bbox 1760 1929 1844 1952; x_wconf 87' lang='lat' dir='ltr'><strong>teme-</strong></span> 
     </span>
    </p>
   </div>
   <div class='ocr_carea' id='block_1_101' title="bbox 1052 1967 1844 2004">
    <p class='ocr_par' dir='ltr' id='par_1_101' title="bbox 1052 1967 1844 2004">
     <span class='ocr_line' id='line_1_102' title="bbox 1052 1967 1844 2004; baseline 0.006 -10"><span class='ocrx_word' id='word_1_704' title='bbox 1052 1967 1126 1995; x_wconf 86' lang='lat' dir='ltr'><strong>rario</strong></span> <span class='ocrx_word' id='word_1_705' title='bbox 1138 1967 1281 1995; x_wconf 91' lang='lat' dir='ltr'><strong>Dominum</strong></span> <span class='ocrx_word' id='word_1_706' title='bbox 1303 1967 1471 1996; x_wconf 85' lang='lat' dir='ltr'><strong>Salvatorem</strong></span> <span class='ocrx_word' id='word_1_707' title='bbox 1488 1977 1570 2004; x_wconf 89' lang='lat' dir='ltr'><strong>super</strong></span> <span class='ocrx_word' id='word_1_708' title='bbox 1583 1977 1680 1998; x_wconf 83' lang='lat' dir='ltr'><strong>omnes</strong></span> <span class='ocrx_word' id='word_1_709' title='bbox 1698 1970 1844 1999; x_wconf 61' lang='lat' dir='ltr'><strong>haereticos</strong></span> 
     </span>
    </p>
   </div>
   <div class='ocr_carea' id='block_1_102' title="bbox 1052 2014 1843 2052">
    <p class='ocr_par' dir='ltr' id='par_1_102' title="bbox 1052 2014 1843 2052">
     <span class='ocr_line' id='line_1_103' title="bbox 1052 2014 1843 2052; baseline 0.005 -12"><span class='ocrx_word' id='word_1_710' title='bbox 1052 2014 1241 2049; x_wconf 88' lang='lat' dir='ltr'><strong>blasphemare</strong></span> <span class='ocrx_word' id='word_1_711' title='bbox 1256 2022 1311 2041; x_wconf 93' lang='lat' dir='ltr'><strong>non</strong></span> <span class='ocrx_word' id='word_1_712' title='bbox 1332 2015 1439 2048; x_wconf 90' lang='lat' dir='ltr'><strong>metuit,</strong></span> <span class='ocrx_word' id='word_1_713' title='bbox 1455 2015 1599 2043; x_wconf 84' lang='lat' dir='ltr'><strong>Dotninum</strong></span> <span class='ocrx_word' id='word_1_714' title='bbox 1611 2036 1619 2048; x_wconf 96' lang='lat'><strong>,</strong></span> <span class='ocrx_word' id='word_1_715' title='bbox 1642 2016 1768 2052; x_wconf 90' lang='lat' dir='ltr'><strong>inquam,</strong></span> <span class='ocrx_word' id='word_1_716' title='bbox 1785 2018 1843 2045; x_wconf 84' lang='lat' dir='ltr'><strong>Sal-</strong></span> 
     </span>
    </p>
   </div>
   <div class='ocr_carea' id='block_1_103' title="bbox 1051 2061 1843 2096">
    <p class='ocr_par' dir='ltr' id='par_1_103' title="bbox 1051 2061 1843 2096">
     <span class='ocr_line' id='line_1_104' title="bbox 1051 2061 1843 2096; baseline 0.006 -10"><span class='ocrx_word' id='word_1_717' title='bbox 1051 2064 1182 2092; x_wconf 85' lang='lat' dir='ltr'><strong>vatorem,</strong></span> <span class='ocrx_word' id='word_1_718' title='bbox 1207 2061 1253 2096; x_wconf 92' lang='lat' dir='ltr'><strong>qui</strong></span> <span class='ocrx_word' id='word_1_719' title='bbox 1279 2061 1413 2089; x_wconf 88' lang='lat' dir='ltr'><strong>humanos</strong></span> <span class='ocrx_word' id='word_1_720' title='bbox 1443 2062 1588 2090; x_wconf 89' lang='lat' dir='ltr'><strong>miseratus</strong></span> <span class='ocrx_word' id='word_1_721' title='bbox 1612 2071 1731 2096; x_wconf 84' lang='lat' dir='ltr'><strong>errores,</strong></span> <span class='ocrx_word' id='word_1_722' title='bbox 1749 2065 1843 2091; x_wconf 86' lang='lat' dir='ltr'><strong>morti-</strong></span> 
     </span>
    </p>
   </div>
   <div class='ocr_carea' id='block_1_104' title="bbox 1051 2105 1843 2143">
    <p class='ocr_par' dir='ltr' id='par_1_104' title="bbox 1051 2105 1843 2143">
     <span class='ocr_line' id='line_1_105' title="bbox 1051 2105 1843 2143; baseline 0.006 -11"><span class='ocrx_word' id='word_1_723' title='bbox 1051 2105 1116 2133; x_wconf 69' lang='lat' dir='ltr'><strong>fera:</strong></span> <span class='ocrx_word' id='word_1_724' title='bbox 1141 2105 1324 2134; x_wconf 88' lang='lat' dir='ltr'><strong>damnationis</strong></span> <span class='ocrx_word' id='word_1_725' title='bbox 1350 2107 1463 2134; x_wconf 89' lang='lat' dir='ltr'><strong>interitu</strong></span> <span class='ocrx_word' id='word_1_726' title='bbox 1478 2108 1628 2143; x_wconf 81' lang='lat' dir='ltr'><strong>condolens</strong></span> <span class='ocrx_word' id='word_1_727' title='bbox 1643 2109 1733 2143; x_wconf 85' lang='lat' dir='ltr'><strong>perire</strong></span> <span class='ocrx_word' id='word_1_728' title='bbox 1759 2117 1843 2137; x_wconf 64' lang='lat' dir='ltr'><strong>sacu-</strong></span> 
     </span>
    </p>
   </div>
   <div class='ocr_carea' id='block_1_105' title="bbox 1051 2152 1839 2190">
    <p class='ocr_par' dir='ltr' id='par_1_105' title="bbox 1051 2152 1839 2190">
     <span class='ocr_line' id='line_1_106' title="bbox 1051 2152 1839 2190; baseline 0.005 -11"><span class='ocrx_word' id='word_1_729' title='bbox 1051 2152 1117 2185; x_wconf 86' lang='lat' dir='ltr'><strong>lum,</strong></span> <span class='ocrx_word' id='word_1_730' title='bbox 1133 2160 1183 2188; x_wconf 92' lang='lat' dir='ltr'><strong>pro</strong></span> <span class='ocrx_word' id='word_1_731' title='bbox 1207 2153 1334 2180; x_wconf 86' lang='lat' dir='ltr'><strong>omnibus</strong></span> <span class='ocrx_word' id='word_1_732' title='bbox 1356 2153 1435 2181; x_wconf 90' lang='lat' dir='ltr'><strong>nobis</strong></span> <span class='ocrx_word' id='word_1_733' title='bbox 1462 2161 1546 2182; x_wconf 90' lang='lat' dir='ltr'><strong>carne</strong></span> <span class='ocrx_word' id='word_1_734' title='bbox 1571 2155 1626 2190; x_wconf 89' lang='lat' dir='ltr'><strong>pati</strong></span> <span class='ocrx_word' id='word_1_735' title='bbox 1642 2155 1773 2190; x_wconf 78' lang='lat' dir='ltr'><strong>dignatus</strong></span> <span class='ocrx_word' id='word_1_736' title='bbox 1786 2159 1839 2187; x_wconf 85' lang='lat' dir='ltr'><strong>est.</strong></span> 
     </span>
    </p>
   </div>
   <div class='ocr_carea' id='block_1_106' title="bbox 1014 2197 1840 2236">
    <p class='ocr_par' dir='ltr' id='par_1_106' title="bbox 1014 2197 1840 2236">
     <span class='ocr_line' id='line_1_107' title="bbox 1014 2197 1840 2236; baseline 0.002 -9"><span class='ocrx_word' id='word_1_737' title='bbox 1014 2200 1037 2227; x_wconf 81' lang='grc' dir='ltr'><strong>Ι)</strong></span> <span class='ocrx_word' id='word_1_738' title='bbox 1051 2197 1144 2234; x_wconf 81' lang='lat' dir='ltr'><strong>Neque</strong></span> <span class='ocrx_word' id='word_1_739' title='bbox 1158 2199 1230 2227; x_wconf 89' lang='lat' dir='ltr'><strong>enim</strong></span> <span class='ocrx_word' id='word_1_740' title='bbox 1243 2199 1372 2227; x_wconf 87' lang='lat' dir='ltr'><strong>divinitas</strong></span> <span class='ocrx_word' id='word_1_741' title='bbox 1382 2219 1389 2232; x_wconf 91' lang='lat'><strong>,</strong></span> <span class='ocrx_word' id='word_1_742' title='bbox 1408 2207 1468 2234; x_wconf 66' lang='lat' dir='ltr'><strong>qua!</strong></span> <span class='ocrx_word' id='word_1_743' title='bbox 1489 2200 1582 2235; x_wconf 84' lang='lat' dir='ltr'><strong>utique</strong></span> <span class='ocrx_word' id='word_1_744' title='bbox 1598 2201 1776 2236; x_wconf 86' lang='lat' dir='ltr'><strong>impassibilis</strong></span> <span class='ocrx_word' id='word_1_745' title='bbox 1788 2206 1840 2233; x_wconf 87' lang='lat' dir='ltr'><strong>est,</strong></span> 
     </span>
    </p>
   </div>
   <div class='ocr_carea' id='block_1_107' title="bbox 1052 2245 1840 2282">
    <p class='ocr_par' dir='ltr' id='par_1_107' title="bbox 1052 2245 1840 2282">
     <span class='ocr_line' id='line_1_108' title="bbox 1052 2245 1840 2282; baseline 0.004 -11"><span class='ocrx_word' id='word_1_746' title='bbox 1052 2245 1208 2280; x_wconf 86' lang='lat' dir='ltr'><strong>passionem</strong></span> <span class='ocrx_word' id='word_1_747' title='bbox 1238 2245 1388 2273; x_wconf 85' lang='lat' dir='ltr'><strong>incurrisse</strong></span> <span class='ocrx_word' id='word_1_748' title='bbox 1422 2246 1559 2273; x_wconf 86' lang='lat' dir='ltr'><strong>credenda</strong></span> <span class='ocrx_word' id='word_1_749' title='bbox 1591 2251 1643 2274; x_wconf 87' lang='lat' dir='ltr'><strong>est.</strong></span> <span class='ocrx_word' id='word_1_750' title='bbox 1682 2246 1737 2274; x_wconf 90' lang='lat' dir='ltr'><strong>Sed</strong></span> <span class='ocrx_word' id='word_1_751' title='bbox 1777 2248 1840 2282; x_wconf 88' lang='lat' dir='ltr'><strong>quia</strong></span> 
     </span>
    </p>
   </div>
   <div class='ocr_carea' id='block_1_108' title="bbox 1051 2290 1839 2328">
    <p class='ocr_par' dir='ltr' id='par_1_108' title="bbox 1051 2290 1839 2328">
     <span class='ocr_line' id='line_1_109' title="bbox 1051 2290 1839 2328; baseline 0.001 -10"><span class='ocrx_word' id='word_1_752' title='bbox 1051 2292 1169 2326; x_wconf 85' lang='lat' dir='ltr'><strong>theologi</strong></span> <span class='ocrx_word' id='word_1_753' title='bbox 1194 2290 1289 2319; x_wconf 88' lang='lat' dir='ltr'><strong>Patres</strong></span> <span class='ocrx_word' id='word_1_754' title='bbox 1320 2292 1475 2326; x_wconf 91' lang='lat' dir='ltr'><strong>hujusmodi</strong></span> <span class='ocrx_word' id='word_1_755' title='bbox 1497 2292 1680 2328; x_wconf 88' lang='lat' dir='ltr'><strong>blasphemias</strong></span> <span class='ocrx_word' id='word_1_756' title='bbox 1704 2300 1721 2319; x_wconf 87' lang='lat' dir='ltr'><strong>a</strong></span> <span class='ocrx_word' id='word_1_757' title='bbox 1738 2293 1839 2320; x_wconf 89' lang='lat' dir='ltr'><strong>catho—</strong></span> 
     </span>
    </p>
   </div>
   <div class='ocr_carea' id='block_1_109' title="bbox 1051 2337 1840 2374">
    <p class='ocr_par' dir='ltr' id='par_1_109' title="bbox 1051 2337 1840 2374">
     <span class='ocr_line' id='line_1_110' title="bbox 1051 2337 1840 2374; baseline 0.004 -10"><span class='ocrx_word' id='word_1_758' title='bbox 1051 2337 1111 2364; x_wconf 91' lang='lat' dir='ltr'><strong>licis</strong></span> <span class='ocrx_word' id='word_1_759' title='bbox 1131 2337 1243 2365; x_wconf 83' lang='lat' dir='ltr'><strong>auribus</strong></span> <span class='ocrx_word' id='word_1_760' title='bbox 1260 2337 1366 2365; x_wconf 89' lang='lat' dir='ltr'><strong>meliori</strong></span> <span class='ocrx_word' id='word_1_761' title='bbox 1393 2339 1463 2373; x_wconf 89' lang='lat' dir='ltr'><strong>stylo</strong></span> <span class='ocrx_word' id='word_1_762' title='bbox 1483 2339 1577 2374; x_wconf 91' lang='lat' dir='ltr'><strong>procul</strong></span> <span class='ocrx_word' id='word_1_763' title='bbox 1596 2346 1725 2367; x_wconf 88' lang='lat' dir='ltr'><strong>amovere</strong></span> <span class='ocrx_word' id='word_1_764' title='bbox 1752 2347 1840 2367; x_wconf 85' lang='lat' dir='ltr'><strong>cura-</strong></span> 
     </span>
    </p>
   </div>
   <div class='ocr_carea' id='block_1_110' title="bbox 1051 2383 1840 2421">
    <p class='ocr_par' dir='ltr' id='par_1_110' title="bbox 1051 2383 1840 2421">
     <span class='ocr_line' id='line_1_111' title="bbox 1051 2383 1840 2421; baseline 0.004 -11"><span class='ocrx_word' id='word_1_765' title='bbox 1051 2386 1128 2416; x_wconf 90' lang='lat' dir='ltr'><strong>runt,</strong></span> <span class='ocrx_word' id='word_1_766' title='bbox 1149 2386 1176 2410; x_wconf 90' lang='lat' dir='ltr'><strong>et</strong></span> <span class='ocrx_word' id='word_1_767' title='bbox 1195 2383 1274 2410; x_wconf 90' lang='lat' dir='ltr'><strong>nobis</strong></span> <span class='ocrx_word' id='word_1_768' title='bbox 1293 2383 1366 2410; x_wconf 88' lang='lat' dir='ltr'><strong>aliud</strong></span> <span class='ocrx_word' id='word_1_769' title='bbox 1386 2384 1525 2417; x_wconf 88' lang='lat' dir='ltr'><strong>imminet,</strong></span> <span class='ocrx_word' id='word_1_770' title='bbox 1547 2385 1693 2413; x_wconf 87' lang='lat' dir='ltr'><strong>redeamus</strong></span> <span class='ocrx_word' id='word_1_771' title='bbox 1712 2386 1748 2413; x_wconf 88' lang='lat' dir='ltr'><strong>ad</strong></span> <span class='ocrx_word' id='word_1_772' title='bbox 1769 2393 1840 2421; x_wconf 91' lang='lat' dir='ltr'><strong>pro—</strong></span> 
     </span>
    </p>
   </div>
   <div class='ocr_carea' id='block_1_111' title="bbox 1050 2429 1178 2464">
    <p class='ocr_par' dir='ltr' id='par_1_111' title="bbox 1050 2429 1178 2464">
     <span class='ocr_line' id='line_1_112' title="bbox 1050 2429 1178 2464; baseline -0.008 -8"><span class='ocrx_word' id='word_1_773' title='bbox 1050 2429 1178 2464; x_wconf 87' lang='lat' dir='ltr'><strong>positum.</strong></span> 
     </span>
    </p>
   </div>
   <div class='ocr_carea' id='block_1_112' title="bbox 1085 2473 1838 2509">
    <p class='ocr_par' dir='ltr' id='par_1_112' title="bbox 1085 2473 1838 2509">
     <span class='ocr_line' id='line_1_113' title="bbox 1085 2473 1838 2509; baseline 0.007 -9"><span class='ocrx_word' id='word_1_774' title='bbox 1085 2473 1285 2509; x_wconf 87' lang='lat' dir='ltr'><strong>Sagaeissimus</strong></span> <span class='ocrx_word' id='word_1_775' title='bbox 1320 2474 1402 2509; x_wconf 88' lang='lat' dir='ltr'><strong>igitur</strong></span> <span class='ocrx_word' id='word_1_776' title='bbox 1436 2475 1579 2509; x_wconf 80' lang='lat' dir='ltr'><strong>pontifex,</strong></span> <span class='ocrx_word' id='word_1_777' title='bbox 1615 2476 1838 2505; x_wconf 86' lang='lat' dir='ltr'><strong>animadvertens</strong></span> 
     </span>
    </p>
   </div>
   <div class='ocr_carea' id='block_1_113' title="bbox 1049 2520 1838 2558">
    <p class='ocr_par' dir='ltr' id='par_1_113' title="bbox 1049 2520 1838 2558">
     <span class='ocr_line' id='line_1_114' title="bbox 1049 2520 1838 2558; baseline 0.005 -11"><span class='ocrx_word' id='word_1_778' title='bbox 1049 2520 1267 2548; x_wconf 86' lang='lat' dir='ltr'><strong>cruentissimam</strong></span> <span class='ocrx_word' id='word_1_779' title='bbox 1281 2521 1453 2549; x_wconf 86' lang='lat' dir='ltr'><strong>tribunorum</strong></span> <span class='ocrx_word' id='word_1_780' title='bbox 1473 2523 1623 2558; x_wconf 89' lang='lat' dir='ltr'><strong>stropham,</strong></span> <span class='ocrx_word' id='word_1_781' title='bbox 1642 2523 1715 2558; x_wconf 93' lang='lat' dir='ltr'><strong>quod</strong></span> <span class='ocrx_word' id='word_1_782' title='bbox 1729 2524 1765 2550; x_wconf 91' lang='lat' dir='ltr'><strong>ob</strong></span> <span class='ocrx_word' id='word_1_783' title='bbox 1778 2524 1838 2557; x_wconf 88' lang='lat' dir='ltr'><strong>ejus</strong></span> 
     </span>
    </p>
   </div>
   <div class='ocr_carea' id='block_1_114' title="bbox 1048 2566 1837 2604">
    <p class='ocr_par' dir='ltr' id='par_1_114' title="bbox 1048 2566 1837 2604">
     <span class='ocr_line' id='line_1_115' title="bbox 1048 2566 1837 2604; baseline 0.003 -10"><span class='ocrx_word' id='word_1_784' title='bbox 1048 2566 1258 2601; x_wconf 88' lang='lat' dir='ltr'><strong>perpetrandam</strong></span> <span class='ocrx_word' id='word_1_785' title='bbox 1286 2574 1380 2593; x_wconf 88' lang='lat' dir='ltr'><strong>necem</strong></span> <span class='ocrx_word' id='word_1_786' title='bbox 1392 2586 1400 2597; x_wconf 93' lang='lat'><strong>,</strong></span> <span class='ocrx_word' id='word_1_787' title='bbox 1420 2575 1529 2595; x_wconf 85' lang='lat' dir='ltr'><strong>omnem</strong></span> <span class='ocrx_word' id='word_1_788' title='bbox 1546 2567 1768 2596; x_wconf 85' lang='lat' dir='ltr'><strong>Christianorum</strong></span> <span class='ocrx_word' id='word_1_789' title='bbox 1790 2569 1837 2604; x_wconf 86' lang='lat' dir='ltr'><strong>qui</strong></span> 
     </span>
    </p>
   </div>
   <div class='ocr_carea' id='block_1_115' title="bbox 1048 2613 1838 2650">
    <p class='ocr_par' dir='ltr' id='par_1_115' title="bbox 1048 2613 1838 2650">
     <span class='ocr_line' id='line_1_116' title="bbox 1048 2613 1838 2650; baseline 0.005 -11"><span class='ocrx_word' id='word_1_790' title='bbox 1048 2617 1114 2640; x_wconf 90' lang='lat' dir='ltr'><strong>tunc</strong></span> <span class='ocrx_word' id='word_1_791' title='bbox 1138 2613 1251 2640; x_wconf 88' lang='lat' dir='ltr'><strong>aderant</strong></span> <span class='ocrx_word' id='word_1_792' title='bbox 1279 2613 1481 2641; x_wconf 88' lang='lat' dir='ltr'><strong>multitudinem</strong></span> <span class='ocrx_word' id='word_1_793' title='bbox 1499 2614 1589 2650; x_wconf 87' lang='lat' dir='ltr'><strong>gladio</strong></span> <span class='ocrx_word' id='word_1_794' title='bbox 1606 2615 1765 2643; x_wconf 88' lang='lat' dir='ltr'><strong>interimere</strong></span> <span class='ocrx_word' id='word_1_795' title='bbox 1785 2615 1838 2643; x_wconf 82' lang='lat' dir='ltr'><strong>vel-</strong></span> 
     </span>
    </p>
   </div>
   <div class='ocr_carea' id='block_1_116' title="bbox 1084 2703 1837 2741">
    <p class='ocr_par' dir='ltr' id='par_1_116' title="bbox 1084 2703 1837 2741">
     <span class='ocr_line' id='line_1_117' title="bbox 1084 2703 1837 2741; baseline 0.001 -10"><span class='ocrx_word' id='word_1_796' title='bbox 1084 2703 1253 2741; x_wconf 57' lang='grc' dir='ltr'><strong>(1))-ἰῖυτξιιειΔ</strong></span> <span class='ocrx_word' id='word_1_797' title='bbox 1272 2708 1354 2741; x_wconf 81' lang='lat' dir='ltr'><strong>recte</strong></span> <span class='ocrx_word' id='word_1_798' title='bbox 1367 2710 1461 2733; x_wconf 89' lang='lat' dir='ltr'><strong>noster</strong></span> <span class='ocrx_word' id='word_1_799' title='bbox 1488 2706 1699 2741; x_wconf 34' lang='grc' dir='ltr'><strong>νὶιοιηει-ωητηι</strong></span> <span class='ocrx_word' id='word_1_800' title='bbox 1723 2706 1837 2741; x_wconf 79' lang='lat' dir='ltr'><strong>biogra-</strong></span> 
     </span>
    </p>
   </div>
   <div class='ocr_carea' id='block_1_117' title="bbox 1046 2739 1838 2775">
    <p class='ocr_par' dir='ltr' id='par_1_117' title="bbox 1046 2739 1838 2775">
     <span class='ocr_line' id='line_1_118' title="bbox 1046 2739 1838 2775; baseline 0.001 -9"><span class='ocrx_word' id='word_1_801' title='bbox 1046 2740 1092 2775; x_wconf 85' lang='lat' dir='ltr'><strong>phi</strong></span> <span class='ocrx_word' id='word_1_802' title='bbox 1123 2739 1209 2766; x_wconf 64' lang='lat' dir='ltr'><strong>Grarci</strong></span> <span class='ocrx_word' id='word_1_803' title='bbox 1235 2739 1447 2775; x_wconf 75' lang='lat' dir='ltr'><strong>comhelisiani,</strong></span> <span class='ocrx_word' id='word_1_804' title='bbox 1476 2741 1523 2775; x_wconf 90' lang='lat' dir='ltr'><strong>qui</strong></span> <span class='ocrx_word' id='word_1_805' title='bbox 1553 2740 1710 2767; x_wconf 89' lang='lat' dir='ltr'><strong>lleraciinm</strong></span> <span class='ocrx_word' id='word_1_806' title='bbox 1735 2739 1838 2768; x_wconf 68' lang='lat' dir='ltr'><strong>aebo-</strong></span> 
     </span>
    </p>
   </div>
   <div class='ocr_carea' id='block_1_118' title="bbox 1046 2774 1837 2838">
    <p class='ocr_par' dir='ltr' id='par_1_118' title="bbox 1046 2774 1837 2838">
     <span class='ocr_line' id='line_1_119' title="bbox 1046 2774 1837 2838; baseline 0.001 -36"><span class='ocrx_word' id='word_1_807' title='bbox 1046 2774 1172 2838; x_wconf 43' lang='lat' dir='ltr'><strong>(tinetgium</strong></span> <span class='ocrx_word' id='word_1_808' title='bbox 1184 2779 1245 2810; x_wconf 90' lang='lat' dir='ltr'><strong>post</strong></span> <span class='ocrx_word' id='word_1_809' title='bbox 1259 2774 1406 2803; x_wconf 86' lang='lat' dir='ltr'><strong>Sabellium</strong></span> <span class='ocrx_word' id='word_1_810' title='bbox 1420 2783 1451 2803; x_wconf 83' lang='lat' dir='ltr'><strong>ac</strong></span> <span class='ocrx_word' id='word_1_811' title='bbox 1466 2774 1621 2812; x_wconf 83' lang='lat' dir='ltr'><strong>Dionysium</strong></span> <span class='ocrx_word' id='word_1_812' title='bbox 1632 2775 1720 2804; x_wconf 84' lang='lat' dir='ltr'><strong>fuisse</strong></span> <span class='ocrx_word' id='word_1_813' title='bbox 1734 2777 1837 2804; x_wconf 76' lang='lat' dir='ltr'><strong>diserte</strong></span> 
     </span>
     <span class='ocr_line' id='line_1_120' title="bbox 1066 2818 1122 2838; baseline 0 0"><span class='ocrx_word' id='word_1_814' title='bbox 1066 2818 1099 2838; x_wconf 86' lang='lat' dir='ltr'><strong>lCl</strong></span> <span class='ocrx_word' id='word_1_815' title='bbox 1116 2830 1122 2838; x_wconf 90' lang='lat'><strong>.</strong></span> 
     </span>
    </p>
   </div>
  </div>
