1909 3069
69 115 111 145 itii

732 112 823 142 ACTA
844 110 1000 141 SINCERA.

1634 115 1688 144 ως

70 173 228 209 lent,uoluit
245 186 294 206 eos
308 177 411 214 pariter
434 185 527 206 secum
547 177 640 207 subire
658 177 755 205 mortis
776 177 960 212 acer-Aejus
985 177 1115 204 liberator
1139 178 1260 204 omnium
1286 177 1412 205 Christus
1437 177 1528 213 elegit,
1556 177 1605 205 tibi
1624 177 1686 206 ﬁdei

69 223 171 251 bitatem
183 232 192 257 ;
206 223 257 251 sed
276 224 362 252 ﬁdelis
379 232 475 253 servus
496 224 607 252 imitans
629 223 775 252 Dominum
793 222 850 249 Sal-

70 274 193 301 vatorem,
206 271 254 305 qui
270 271 339 298 dixit
355 275 382 299 et
399 271 481 303 fecit,
510 270 606 298 Pastor
628 269 711 297 bonus
733 269 850 295 animam

69 323 136 342 tuam
152 316 226 349 ponit
246 323 294 350 pro
308 317 398 344 ovibus
417 317 491 348 suis,
513 323 546 344 ex
560 317 668 351 pietatis
688 319 848 350 argumento

70 364 166 387 vocant
181 369 269 388 unum
286 362 421 389 seniorem
437 370 468 389 ex
483 361 527 389 his
546 361 592 396 qui
609 360 710 388 ibidem
735 368 850 395 respon-

70 407 102 433 sis
116 406 173 440 ejus
188 407 373 439 inhaerebant,
389 411 416 434 et
431 407 498 434 dixit
511 407 537 434 ei
553 416 561 434 :
578 406 652 434 Vade
674 407 707 438 ad
723 407 848 434 tribunos

69 451 109 487 qui
130 459 171 479 me
190 452 349 480 interﬁcere
362 456 499 488 quaerunt,
515 457 542 480 et
569 452 652 480 dicito
676 453 716 480 eis
731 461 738 479 :
753 451 849 479 Cesset

69 497 148 524 omnis
163 497 302 528 anxietas.
319 506 381 526 ecce
395 501 538 533 promptus
549 506 610 526 sum
626 499 779 525 ultroneum
806 505 849 524 me

70 543 114 570 illis
128 542 263 578 ingerere.
290 542 347 570 liae
364 543 462 571 etenim
479 548 559 571 nocte
583 543 693 570 veniant
713 547 774 578 post
791 546 848 569 ter-

68 595 121 621 gum
149 589 250 616 domus
279 590 399 617 carceris
424 590 516 624 hujus,
532 593 560 617 et
587 590 614 616 in
630 597 685 625 quo
711 590 773 617 loco
800 595 849 615 au-

69 635 157 663 dierint
174 635 286 670 signum
302 636 328 663 in
345 636 446 671 pariete
461 636 496 663 ab
513 636 587 663 inttts
598 636 711 668 factum,
729 635 765 662 ibi
784 634 850 662 eﬁ‘o-

68 682 162 710 dientes
177 683 321 717 excipiant
338 691 398 715 me,
422 683 618 718 perﬁciantque
640 682 714 718 quod
737 682 789 710 sibi
806 685 850 710 est

69 727 230 762 imperatum.
248 726 350 755 Senior
363 735 440 760 vero,
458 728 651 762 obtemperans
675 726 849 762 jussionibus

68 773 226 801 sanctissimi
243 773 299 801 viri
322 773 422 809 (neque
436 774 508 802 enim
526 778 601 801 tanto
621 774 694 801 Patri
711 772 850 801 contradi-

68 825 122 846 cere
135 819 265 856 poterat),
284 820 351 847 abiit
380 821 413 848 ad
439 820 565 848 tribunos
594 824 621 848 et
647 820 785 847 intimavit
809 819 849 847 eis

902 223 1067 258 praeconium
1080 231 1128 258 per
1138 227 1222 250 totam
1239 222 1385 259 Egyptum
1398 228 1426 252 et
1440 224 1542 252 circum
1555 225 1686 254 terminos

902 269 963 305 ejus
980 270 1108 298 insonare
1123 270 1271 297 commisit.
1289 269 1341 302 Tu,
1368 271 1489 306 inquam,
1504 272 1685 300 ministerium

903 315 1029 343 ltumanze
1047 316 1155 348 salutis,
1180 316 1253 351 quod
1279 317 1328 344 tibi
1345 317 1478 344 creditum
1502 318 1599 349 fuerat,
1619 316 1687 354 vigi-

902 362 991 389 lanter
1005 362 1136 397 explesti;
1166 362 1247 397 hujus
1272 362 1401 390 nimirum
1418 363 1519 391 laboris
1534 364 1686 392 mercedem

903 408 1026 444 martyrii
1053 408 1170 443 palmam
1199 408 1338 442 percipere
1368 409 1501 435 meruisti.
1526 407 1602 436 Unde
1631 417 1686 437 non

903 453 1040 480 immerito
1053 453 1152 488 dignus
1166 460 1196 480 es
1210 453 1376 488 evangelista
1392 453 1474 480 simul
1492 457 1520 481 et
1540 454 1686 489 episcopus

902 500 1054 535 praedicari.
1069 499 1120 527 Tui
1142 507 1240 534 nempe
1267 507 1411 528 successor
1439 499 1490 527 fuit
1506 500 1644 533 Anianus,
1659 504 1686 528 et

902 545 1000 580 reliqui
1018 545 1055 581 (α)
1074 553 1122 580 per
1140 545 1298 572 succiduam
1318 545 1415 572 seriem
1436 552 1524 580 usque
1537 545 1570 572 ad
1585 545 1687 574 beatis-

902 592 1001 619 simum
1016 590 1155 618 Theonam
1173 590 1219 626 qui
1233 598 1299 618 mea:
1319 590 1440 618 infantia:
1455 591 1583 626 colaphos
1609 591 1686 623 dare,

901 643 928 666 et
944 646 1031 665 meam
1045 638 1162 665 indolem
1178 639 1283 666 nutrire
1297 637 1425 673 dignatus
1454 642 1506 666 est.
1532 637 1582 665 Cui
1604 637 1686 665 etiam

902 692 952 719 ego
967 689 1095 719 peccator
1110 687 1138 710 et
1150 683 1279 719 indignus
1296 684 1366 711 ultra
1380 683 1506 711 meritum
1516 683 1687 711 haereditario

902 730 987 766 gradu
1003 737 1149 757 successor
1161 729 1274 758 eﬁ‘ectus
1291 737 1363 757 sum.
1380 729 1413 757 Et
1430 729 1502 765 quod
1515 730 1686 765 potissimum

901 779 954 809 est,
977 783 1041 803 ecce
1064 775 1210 804 Dominiete
1235 776 1344 811 pietatis
1364 776 1472 811 largitio
1495 783 1538 804 me
1561 775 1687 811 pretioste

902 822 993 850 crucis
1008 829 1041 850 ac
1056 822 1158 850 festivae
1173 823 1310 850 anastasis
1335 826 1480 857 martyrem
1498 823 1556 850 ﬁeri
1583 823 1686 850 condo-

67 865 130 901 quod
151 866 203 893 sibi
227 865 320 894 fuerat
343 867 506 902 injuttcttttn.
534 866 612 900 Quod
644 866 683 894 illi
709 865 850 893 audientes
867 863 887 891 Β
902 869 987 902 navit,
1002 869 1125 896 tribuens
1141 876 1208 895 mete
1224 868 1361 896 devotioni
1374 877 1430 896 sua:
1441 869 1686 904 passionisjucun-

67 912 135 939 valde
159 913 246 948 gavisi
275 917 358 945 sunt,
388 918 413 941 et
442 918 614 941 assumentes
634 913 750 941 latomos
775 913 847 940 circa

67 959 145 986 noctis
168 959 251 993 hujus
265 959 431 986 matutinum
447 964 554 994 tempus
572 962 705 986 venerunt
719 959 779 986 sine
795 959 848 985 mi~

67 1005 150 1032 litibus
168 1005 201 1032 ad
221 1005 316 1032 locum
335 1006 381 1041 qui
397 1004 450 1033 sibi
465 1005 554 1033 fuerat
574 1009 712 1033 ostensus.
731 1004 780 1031 Vir
799 1012 849 1031 au-

68 1056 114 1078 tem
141 1050 250 1078 Domini
281 1051 346 1086 vigil
374 1052 402 1078 in
436 1053 561 1079 oratione
581 1055 608 1078 et
634 1051 735 1086 vigiliis
761 1055 847 1078 totam

67 1101 162 1125 noctem
180 1097 338 1124 insomnem
354 1097 482 1124 duxerat.
497 1097 532 1124 At
547 1097 593 1124 ubi
608 1105 702 1124 eorum
721 1097 848 1132 cognovit

68 1143 210 1175 adventum,
228 1144 342 1171 cttnctis
357 1143 403 1179 qui
419 1152 512 1171 secum
527 1144 640 1171 aderant
657 1151 754 1179 sopore
771 1143 848 1178 quie-

68 1189 205 1221 scentibus,
218 1190 297 1217 lento
312 1187 397 1226 gradu
422 1190 563 1226 ingressus
583 1193 625 1218 est
648 1190 674 1216 in
691 1189 847 1216 interiorem

68 1235 174 1263 carceris
198 1240 320 1270 partem.
345 1239 370 1262 et
386 1235 465 1270 juxta
490 1235 644 1263 condictam
671 1235 846 1271 sponsionem

67 1287 154 1307 sonum
182 1281 305 1309 faciebat
329 1282 356 1308 in
384 1282 503 1316 pariete;
527 1289 608 1317 quem
631 1281 671 1308 illi
694 1281 847 1309 forinsecus

67 1328 216 1361 audientes,
256 1328 331 1356 facto
364 1328 496 1356 foramine
531 1331 712 1363 susceperunt
744 1328 846 1356 Christi

67 1373 183 1400 athletam
213 1381 273 1402 non
289 1381 359 1401 aerea
375 1373 478 1406 lorica,
503 1374 550 1402 sed
576 1375 677 1401 virtute
700 1373 848 1401 Dominicae

67 1420 146 1447 crucis
159 1418 284 1456 untdique
299 1422 433 1449 munitum
445 1443 452 1454 ,
471 1425 650 1456 paratumque
675 1420 786 1455 implere
803 1419 843 1446 di.

67 1464 146 1492 vinum
162 1474 319 1494 sermonem
337 1468 384 1503 qtti
406 1466 471 1494 dicit
489 1476 496 1495 :
514 1465 606 1493 Nolite
629 1466 719 1493 timere
744 1470 787 1493 eos
802 1466 847 1501 qui

66 1520 148 1547 corpus
167 1513 305 1546 orcidunl,
334 1515 450 1541 animum
475 1518 562 1541 autem
582 1522 633 1540 non
655 1517 763 1548 possunt
776 1513 846 1540 occi-

66 1560 136 1592 dere;
147 1561 191 1588 sed
203 1562 296 1596 potius
311 1570 371 1588 eum
391 1562 479 1588 timete
495 1561 540 1596 qui
553 1565 637 1594 potest
651 1564 676 1586 et
691 1560 809 1586 animant
821 1565 846 1587 et

69 1614 148 1641 :orpus
163 1607 275 1642 perdere
291 1608 318 1634 in
333 1608 487 1643 gehennam.
502 1606 568 1633 Mira
586 1606 646 1633 res!
660 1605 726 1632 Tam
740 1606 846 1634 validus

66 1652 181 1680 imbrium
197 1653 282 1682 turbo
295 1653 506 1688 collisionesque
521 1657 665 1680 ventorum
693 1653 720 1679 in
748 1652 844 1680 eadem

67 1703 194 1734 strepuere
219 1703 314 1732 nocte,
331 1704 362 1726 ut
382 1707 462 1726 nemo
478 1706 572 1727 eorum
595 1699 642 1733 qui
663 1698 846 1726 observabant

65 1746 176 1773 carceris
197 1737 294 1778 fores,
318 1750 411 1780 posset
435 1745 529 1772 audire
558 1742 702 1773 elfodiendi
734 1753 843 1773 sonum.

65 1791 302 1821 Constantissimus
322 1797 412 1820 autem
437 1797 540 1828 martyr
554 1793 668 1828 urgebat
695 1790 845 1819 homicidas

65 1837 139 1866 illos:
159 1839 267 1871 Facite,
295 1839 432 1874 inquiens,
450 1838 522 1874 quod
549 1838 649 1865 facturi
673 1838 751 1870 estis,
768 1838 844 1873 prius

64 1893 135 1920 quam
147 1886 198 1914 hoc
213 1887 337 1915 sentiant
349 1886 395 1921 qui
407 1894 450 1914 me
463 1883 665 1914 custodiebant.

93 1933 124 1959 At
138 1933 175 1960 illi
187 1934 320 1961 tollentes
335 1941 397 1961 eum
416 1933 554 1960 duxerunt
571 1933 598 1959 in
620 1933 709 1960 locum
726 1932 773 1967 qui
799 1932 843 1960 di-

64 1977 126 2006 citur
139 1978 270 2012 Bucolia,
287 1979 334 2006 ubi
360 1982 388 2006 et
415 1982 528 2006 sanctus
555 1977 664 2005 Marcus
681 1978 842 2013 martyrium

63 2030 105 2058 pro
120 2024 226 2052 Christo
245 2025 378 2060 suscepit.
391 2024 530 2060 Stupenda
550 2027 709 2052 sanctorum
734 2024 841 2052 virtus!

62 2068 122 2097 Cum
143 2079 205 2098 eum
221 2071 367 2103 ducerent,
392 2074 420 2098 et
442 2074 544 2097 tantam
561 2070 633 2097 illius
659 2069 840 2096 constantiam

62 2115 126 2144 circa
144 2117 275 2146 funereos
288 2125 369 2144 casus
380 2121 542 2152 tantumque
558 2116 641 2144 animi
653 2115 738 2143 robur
752 2115 842 2150 inspi-

62 2167 163 2195 cerent,
187 2164 281 2192 subito
298 2164 426 2192 horridus
442 2171 526 2199 pavor
544 2163 711 2197 timidusque
739 2167 842 2189 tremor

61 2214 103 2236 eos
117 2209 212 2237 invasit
228 2209 258 2237 in
272 2213 379 2237 tantttm
404 2214 434 2237 ut
455 2210 546 2237 nullus
573 2217 606 2236 ex
628 2209 669 2236 eis
696 2208 723 2235 in
742 2206 838 2235 faciem
855 2210 877 2237 D

61 2254 114 2288 ejus
135 2256 277 2284 intendere
297 2256 422 2283 auderet.
442 2255 566 2291 Rogabat
590 2259 720 2290 praeterea
736 2257 839 2288 martyr

61 2297 224 2329 beatissimus
241 2305 272 2328 ut
289 2301 411 2329 sinerent
427 2308 488 2328 eum
502 2300 536 2327 ad
554 2300 642 2327 sancti
654 2299 736 2327 Marci
757 2307 840 2328 evan-

62 2346 154 2380 gelis‘ue
168 2347 328 2375 memoriam
351 2347 405 2380 ire;
422 2346 548 2381 cupiebat
569 2345 641 2373 enitn
659 2345 719 2379 ejus
735 2352 765 2373 se
791 2354 839 2381 pa-

61 2393 173 2421 trociniis
194 2393 398 2422 commendare.
423 2393 458 2419 At
477 2392 515 2419 illi
531 2399 588 2427 prae
608 2391 723 2427 pudoris
742 2391 839 2419 confu-

61 2438 128 2466 sione
140 2443 237 2467 tet-ram
253 2439 456 2474 despectantes,
470 2437 576 2469 Facito,
599 2437 736 2472 inquiunt,
764 2437 835 2472 quod

61 2483 105 2515 vis,
119 2488 222 2513 tantum
238 2485 370 2513 velocius.
395 2484 539 2512 Accedens
563 2485 656 2518 itaque
676 2484 837 2518 complexus

60 2534 97 2556 est
108 2531 319 2559 sacratissimum
337 2531 511 2566 evangelista:
524 2530 725 2562 ctemeterium,
741 2533 768 2557 et
781 2529 838 2556 vel-

61 2578 93 2603 uti
116 2578 142 2605 in
161 2586 245 2606 carne
263 2577 363 2606 viventi
382 2582 464 2613 atque
491 2577 611 2605 audienti
635 2578 766 2611 loquens,
784 2575 837 2602 hoc

60 2622 132 2650 modo
147 2623 309 2658 precabatur
325 2632 332 2650 :
351 2623 431 2651 Pater
447 2623 651 2653 honestissime.
677 2625 704 2649 tu
719 2629 837 2656 evange-

61 2666 114 2694 lista
125 2670 251 2704 unigeniti
264 2668 424 2702 Salvatoris,
440 2674 469 2696 ttt
482 2670 560 2697 testis
577 2669 735 2704 passionum
751 2667 836 2700 illius,

62 2714 83 2738 te
103 2713 216 2748 primum
243 2715 398 2750 pontificem
422 2719 450 2743 et
478 2715 679 2742 ﬁrtnamentum
700 2713 837 2741 cathedrae

859 1536 880 1564 C

899 914 963 941 dttm
975 913 1097 945 odorem,
1118 917 1147 940 ut
1161 917 1189 940 et
1206 921 1256 948 ego
1274 914 1390 941 hostiam
1407 914 1458 941 ntei
1475 914 1581 942 cruoris
1601 915 1686 942 libare

899 959 938 986 illi
961 960 1060 995 dignus
1083 959 1193 987 efﬁciar.
1219 959 1251 986 Et
1277 960 1341 995 quia
1364 959 1521 987 istiusmodi
1546 961 1685 988 libationis

898 1010 976 1041 urget
991 1006 1135 1037 articulus,
1152 1013 1200 1032 ora
1228 1013 1276 1040 pro
1302 1013 1345 1033 me
1361 1010 1408 1037 ιιι,
1425 1006 1516 1033 divina
1536 1006 1686 1041 opitulante

898 1052 1010 1084 virtute,
1021 1051 1138 1079 stadium
1156 1051 1236 1086 hujus
1251 1051 1346 1086 agonis
1361 1050 1444 1078 corde
1459 1051 1573 1079 robusto
1589 1059 1620 1078 ac
1634 1051 1686 1079 ﬁde

899 1097 1103 1133 promptissima
1121 1096 1252 1132 perﬁcere
1274 1103 1389 1124 merear.
1417 1096 1587 1123 Commendo
1602 1096 1684 1123 etiam

899 1148 951 1171 tum
964 1143 1090 1178 gloriosae
1116 1142 1272 1177 paternitati
1286 1142 1479 1170 Christicolum
1497 1149 1603 1177 gregem
1613 1161 1620 1174 .
1637 1142 1684 1177 qul

899 1190 966 1217 mihi
991 1189 1121 1225 pastorali
1144 1189 1276 1224 regimine
1293 1189 1456 1216 commissus
1476 1192 1536 1221 est;
1554 1189 1614 1220 tibi,
1643 1189 1685 1215 in—

899 1242 992 1272 quam,
1012 1244 1074 1263 cum
1099 1235 1260 1271 suppliciter
1285 1235 1460 1268 commendo,
1487 1235 1533 1270 qui
1562 1235 1683 1262 omnium

898 1282 1108 1318 praecedentium
1127 1291 1164 1310 ac
1183 1282 1408 1317 subsequentium
1425 1282 1452 1309 in
1468 1282 1520 1309 ltoc
1535 1282 1683 1317 pontiﬁcali

899 1329 998 1357 throno
1014 1332 1112 1357 auctor
1131 1333 1212 1363 atque
1235 1332 1310 1355 tutor
1335 1335 1396 1356 esse
1421 1328 1562 1363 probaris,
1582 1329 1684 1363 quique

898 1375 979 1410 hujus
1001 1375 1148 1410 primatum
1164 1375 1279 1408 habens,
1306 1382 1360 1402 non
1386 1374 1516 1405 hominis,
1533 1374 1580 1401 sed
1595 1373 1641 1401 Dei
1658 1377 1686 1401 et

897 1422 1017 1449 hominis
1028 1421 1093 1450 Jesu
1106 1421 1219 1453 Christi,
1229 1428 1375 1449 successor
1388 1421 1508 1448 exsistis.
1523 1420 1555 1446 Et
1568 1420 1624 1447 haec
1642 1420 1686 1446 di-

897 1476 974 1500 cens,
993 1467 1066 1495 haud
1082 1468 1161 1502 longe
1183 1475 1200 1494 a
1223 1475 1302 1495 sacro
1319 1467 1424 1494 tumulo
1438 1467 1549 1494 remotis
1564 1468 1684 1502 vestigiis

897 1514 1079 1548 manibusque
1095 1513 1122 1540 in
1139 1513 1237 1540 malum
1252 1513 1384 1544 extensis.
1397 1520 1463 1540 voce
1479 1520 1576 1548 magna
1593 1521 1685 1548 preca-

896 1563 941 1587 tus
958 1569 965 1587 :
984 1559 1138 1596 Unigenite,
1152 1559 1251 1594 inquit,
1266 1558 1383 1586 Verbum
1399 1559 1492 1586 atterni
1512 1559 1602 1586 Patris
1619 1559 1684 1587 Jes'u

896 1605 1015 1638 Christe,
1023 1606 1121 1633 exaudi
1131 1614 1174 1634 me
1183 1609 1256 1632 tuam
1267 1606 1484 1641 interpellantem
1493 1605 1681 1639 clementiam;

896 1653 1020 1688 paciﬁca,
1045 1657 1147 1688 quaeso,
1175 1655 1364 1687 tempestatem
1390 1651 1518 1680 Ecclesiae
1536 1658 1598 1684 tute,
1615 1652 1684 1679 οῦδ-

897 1699 974 1728 sione
988 1699 1129 1734 sanguinis
1144 1699 1197 1726 mei
1212 1699 1283 1726 servi
1304 1699 1344 1725 tui
1366 1698 1500 1726 concludo
1515 1698 1684 1733 persecutio-

895 1752 957 1772 nem
977 1745 1070 1780 populi
1096 1745 1146 1772 tui.
1163 1743 1240 1772 Tunc
1267 1745 1390 1780 quaedam
1411 1744 1488 1779 virgo
1510 1744 1565 1772 Dco
1581 1744 1680 1776 dicata,

894 1799 955 1827 qum
991 1791 1181 1819 ascelerinlum
1208 1791 1290 1826 hujus
1324 1791 1498 1826 evangelista:
1525 1792 1681 1819 cmmeterio

894 1839 1094 1866 conterminutn
1112 1837 1241 1869 habebat,
1263 1841 1428 1873 pernoctans
1443 1837 1470 1864 in
1494 1838 1617 1865 oratione
1629 1844 1680 1864 au-

894 1885 962 1912 divit
988 1892 1081 1912 vocem
1109 1885 1142 1912 de
1172 1885 1242 1912 coelo
1268 1884 1402 1912 dicentem
1426 1883 1548 1912 :Petrus
1573 1884 1680 1911 initium

893 1931 1091 1966 apostolorum,
1109 1924 1207 1959 Petrus
1224 1931 1286 1960 ﬁnis
1312 1935 1463 1967 martyrum
1489 1931 1680 1966 episcoporum

892 1977 1074 2006 Alexandria).

928 2022 1067 2060 Completa
1097 2026 1222 2053 oratione
1253 2025 1416 2054 deosculans
1451 2025 1573 2052 tumbam
1606 2021 1679 2052 beati

892 2071 1064 2105 evangelista:
1077 2075 1104 2098 et
1120 2071 1286 2106 reliquorum
1307 2072 1465 2107 pontiﬁcum
1487 2072 1533 2106 qui
1553 2071 1620 2099 inibi
1636 2075 1680 2098 tu-

892 2115 986 2142 mutati
999 2118 1088 2148 erant,
1101 2112 1185 2143 exivit
1204 2117 1238 2144 ad
1251 2117 1387 2145 tribunos.
1404 2118 1439 2144 At
1451 2117 1488 2144 illi
1503 2117 1625 2144 videntes
1639 2116 1679 2144 fa<

892 2160 961 2188 ciem
973 2158 1033 2196 ejus
1047 2165 1175 2196 tanquam
1191 2162 1288 2190 faciem
1309 2163 1409 2198 angeli,
1427 2167 1530 2191 terrore
1548 2163 1677 2199 perculsi,

892 2202 1057 2233 verebantur
1079 2207 1103 2233 ei
1119 2204 1221 2240 aliquid
1239 2208 1272 2235 de
1289 2206 1402 2236 instanti
1423 2217 1509 2246 agone
1526 2209 1610 2244 loqui.
1629 2209 1679 2236 Vc‘

892 2255 1045 2280 rnmtamen
1056 2253 1120 2287 quia
1135 2250 1205 2280 Deus
1227 2261 1281 2280 non
1308 2254 1409 2282 deserit
1434 2259 1576 2290 sperantes
1593 2255 1620 2282 in
1637 2263 1676 2286 se,

891 2297 979 2324 noluit
998 2302 1145 2334 martyrem
1160 2303 1239 2326 suum
1255 2299 1281 2325 in
1298 2300 1414 2327 articulo
1430 2302 1497 2327 tanti
1510 2301 1678 2328 discriminis

891 2344 994 2379 absque
1011 2345 1110 2372 solatio
1133 2345 1297 2380 relinquere.
1312 2343 1383 2373 Ecce
1408 2347 1519 2381 quidam
1547 2352 1629 2374 senex
1650 2351 1678 2374 et

891 2390 1015 2425 quaedam
1031 2391 1107 2426 virgo
1127 2392 1215 2419 vetula
1232 2392 1372 2420 venientes
1391 2400 1426 2420 ex
1451 2393 1558 2428 oppidis
1574 2400 1679 2428 prope—

891 2437 988 2464 rabant
1001 2437 1029 2465 itt
1045 2438 1194 2470 civitatem,
1212 2446 1326 2473 qttorum
1349 2447 1420 2466 untts
1435 2442 1552 2474 quatuor
1568 2440 1678 2466 venali-

891 2482 949 2510 cias
965 2483 1104 2512 deferebat
1121 2485 1216 2519 pelles,
1242 2485 1325 2512 altera
1351 2490 1460 2520 quoque
1475 2485 1596 2520 geminas
1613 2485 1679 2513 sin-

891 2529 987 2558 dones.
1002 2529 1125 2558 Cernens
1140 2538 1187 2559 eos
1203 2531 1298 2559 beatus
1322 2532 1437 2559 antistes
1447 2553 1454 2564 ,
1472 2531 1598 2567 cognovit
1613 2539 1678 2567 erga

892 2583 921 2603 se
936 2576 1056 2604 divinam
1077 2578 1317 2613 dispensationem.
1340 2578 1417 2606 illico
1437 2582 1612 2613 percontatus
1636 2586 1678 2606 est

892 2621 986 2650 dicens
1003 2632 1008 2649 π
1024 2623 1174 2652 Christiani
1190 2625 1277 2652 estis?
1293 2625 1339 2660 qui
1360 2624 1487 2652 dixerunt
1505 2635 1512 2652 :
1528 2624 1626 2652 Etiam.
1645 2624 1677 2652 Et

891 2667 939 2699 ait,
953 2674 1007 2703 quo
1022 2668 1156 2705 pergitis?
1172 2671 1204 2698 Et
1220 2671 1258 2698 illi
1279 2681 1286 2699 :
1307 2671 1348 2698 Ad
1367 2671 1513 2703 nundinas,
1538 2671 1676 2706 inquiunt,

891 2713 968 2741 urbis
983 2718 1012 2741 ut
1025 2716 1212 2744 venundemus
1229 2717 1287 2744 haec
1301 2723 1362 2752 quae
1373 2716 1531 2745 deferimus.
1544 2716 1679 2744 Clemen—

91 2803 126 2839 (α)
141 2805 212 2834 Bene
237 2810 342 2841 noster?
358 2813 406 2841 per
421 2805 492 2834 hattc
520 2803 690 2833 reticentiam
722 2803 788 2831 vitat
808 2804 949 2831 nominum
966 2802 1197 2838 perturbationem
1212 2809 1271 2836 quae
1283 2803 1405 2830 occurrit
1420 2803 1449 2829 in
1466 2802 1542 2829 Actis
1559 2801 1679 2829 Comiter

63 2837 154 2869 flstanis
164 2846 190 2869 et
201 2842 228 2868 in
242 2842 304 2870 cod.
323 2837 383 2868 Vat.
397 2841 458 2868 622.
