1909 3069
259 173 310 202 H7

664 175 862 204 ALEXANDRI
882 176 1130 207 LYCOPOLITANI
1143 176 1186 203 DE
1207 177 1338 205 PLAClT.
1351 176 1490 204 MANlCH.

1829 177 1877 206 N8

579 241 643 271 CAP.
657 243 752 271 XXVI.
770 243 842 280 Ignis
857 244 1038 272 Monk/laicus
1055 250 1172 272 vexatus.
1190 243 1265 279 Ignis
1281 244 1336 277 ille,
1351 245 1407 279 ipsa
1425 245 1546 272 materia.

292 302 364 340 Ignis
387 309 477 332 autem
503 305 564 337 ille,
594 305 691 332 urendi
715 304 825 340 quidem
850 305 876 332 vi
898 305 1036 340 przeditus,

1126 304 1162 330 Τὸ
1178 304 1205 331 δὲ
1226 305 1281 340 πῦρ
1295 305 1384 335 αὐτοῖς
1399 304 1428 330 τὸ
1450 303 1595 331 καυστικὸν
1619 305 1679 339 μὲν,
1705 304 1827 338 ἀφεγγὲς
1839 304 1875 332 δὲ.

258 350 326 377 nihil
346 352 437 377 tamen
454 351 523 378 lucis
544 350 659 382 habens,
682 351 727 386 qui
748 352 783 378 sit
801 355 876 379 extra
896 351 1038 384 mundum,

258 403 376 430 quonam
387 395 426 423 eis
438 396 497 422 loco
509 396 650 424 consistit"?
663 396 729 423 Nam
745 397 767 424 si
777 397 885 431 quidem
896 397 923 424 in
939 399 1040 425 mundo

257 445 310 473 est,
333 449 382 468 cur
405 442 524 469 mundus
546 442 677 470 hactenus
703 443 847 470 incolumis
868 444 1041 478 perseverat?

257 486 324 513 Nam
347 486 369 514 si
392 487 539 522 aliquando
565 488 664 523 ipsum,
691 488 715 516 ei
736 489 954 524 propinquando,
980 497 1042 516 cor-

257 538 374 568 rumpet,
390 541 463 562 tunc
477 542 585 570 quoque
610 534 661 569 ipsi
688 534 854 568 conjunctus
870 540 922 562 est.
945 535 973 562 Si
992 544 1040 562 au-

257 582 310 605 tem
325 586 447 606 seorsum
461 584 514 612 est,
530 581 603 608 velut
621 581 647 607 in
663 581 774 616 propria
792 581 856 608 sede
871 589 902 608 ac
918 582 978 609 loco
996 591 1041 610 su-

257 623 359 654 blimis,
375 623 439 658 quid
453 631 548 658 postea
563 630 593 652 ut
608 625 634 652 in
650 625 781 652 mundum
798 625 939 652 delabatur
955 625 980 653 ei
994 634 1040 653 ac-

257 667 349 695 cidet?
376 669 431 696 Aut
458 677 513 704 quo
537 671 617 698 modo
639 679 655 698 e
677 671 737 698 loco
761 678 811 698 suo
834 671 960 704 excedet,
986 680 1039 706 qua

257 715 431 750 necessitate,
455 717 568 751 cujusve
590 726 724 746 excussus
747 718 892 745 violentia?
910 718 1037 751 Qumnam

257 768 323 789 vero
338 763 419 789 etiam
433 762 505 798 ignis
521 763 672 792 substantia
690 765 777 800 possit
791 765 903 800 intelligi
917 765 976 793 sine
989 773 1038 800 pa-

257 807 339 835 bulo!
364 807 418 835 Aut
436 809 572 843 quomodo
596 810 738 837 humidum
762 811 801 838 illi
826 811 953 846 pabulum
977 813 1040 840 est?

257 853 308 880 nisi
327 853 399 888 quod
418 862 477 888 quze
493 854 526 883 de
541 855 586 882 illo
603 863 636 882 ex
659 861 762 883 naturae
780 857 867 892 magis
887 858 1039 886 rationibus

256 896 396 929 dicuntur,
416 906 470 925 non
485 904 527 926 est
542 899 623 934 hujus
639 903 772 929 tractatus
792 901 954 936 disquirere.
970 903 1039 930 lllud

255 946 344 970 autem
363 951 396 970 ex
419 944 461 972 his
477 953 536 980 qua).
552 946 624 972 dicta
639 951 712 978 sunt,
731 955 846 982 prorsus
863 948 1038 977 manifestum

254 991 306 1014 est.
321 987 393 1023 Ignis
412 989 483 1016 enim
506 995 582 1017 extra
596 991 727 1018 mundum
742 994 908 1025 consistens,
926 995 1038 1022 omnino

253 1037 295 1060 est
308 1041 388 1069 quam
404 1034 455 1069 ipsi
472 1040 568 1063 vocant
585 1038 725 1064 materiam
739 1048 744 1065 :
761 1040 981 1074 quandoquidem
997 1041 1039 1068 sol

253 1085 279 1108 et
296 1081 372 1114 luna,
389 1083 450 1116 puri
468 1090 598 1118 purortun
620 1084 710 1111 divina
729 1086 830 1113 virtute
849 1087 883 1113 ab
901 1087 953 1114 hoc
977 1087 1038 1122 igne

252 1128 369 1163 sejuncti
389 1133 463 1160 sunt.
486 1131 561 1157 nulla
580 1138 691 1158 suarum
711 1132 829 1166 partium
852 1132 878 1159 in
900 1133 953 1160 hoc
976 1134 1038 1169 igne

252 1174 356 1202 relicta.
374 1175 440 1202 Erat
456 1175 499 1203 hic
511 1175 581 1210 ignis
599 1176 657 1211 ipsa
673 1184 720 1211 per
735 1184 764 1204 se
776 1178 899 1210 materia,
916 1178 950 1205 ab
963 1180 1037 1206 omni

251 1227 314 1248 cum
340 1221 433 1248 divina
455 1221 556 1249 virtute
579 1230 692 1256 prorsus
721 1227 842 1250 semotus
861 1225 1036 1252 commercio.

251 1266 433 1301 Quamobrem
455 1268 501 1295 ubi
526 1268 642 1296 mundus
665 1269 740 1296 omni
763 1269 852 1296 divina
877 1270 977 1298 virtute
998 1271 1036 1299 illi

251 1313 414 1340 adversante
433 1314 620 1346 evacuabitur,
644 1313 778 1348 ejusmodi
797 1323 893 1342 rursus
909 1315 979 1351 ignis
995 1325 1037 1344 re-

252 1358 403 1393 linquetur;
420 1366 539 1393 quonam
561 1359 645 1394 igitur
668 1359 748 1386 modo
774 1359 844 1394 ignis
863 1364 909 1387 aut
932 1361 1034 1396 aliquid

251 1408 417 1439 corrumpet,
443 1409 489 1431 aut
509 1405 544 1431 ab
566 1413 598 1432 eo
614 1406 827 1441 corrumpetur?
844 1406 885 1434 Ab
910 1415 943 1434 eo
961 1407 1035 1436 enim

251 1449 323 1483 quod
339 1449 427 1476 simile
446 1453 497 1481 est,
522 1458 575 1477 non
590 1450 669 1478 video
687 1459 742 1486 qua
767 1452 871 1478 ratione
888 1452 923 1479 sit
945 1452 1035 1479 futura

242 1495 400 1530 'corruptio.
419 1495 496 1528 Quod
522 1497 594 1524 enim
614 1497 658 1524 ﬁet
684 1498 813 1527 materia.
839 1498 932 1524 divina
954 1498 988 1525 ab
1002 1506 1034 1525 ea

251 1541 352 1569 \‘irtute
366 1541 501 1577 sejuncta,
522 1542 573 1570 hoc
587 1547 645 1570 erat
667 1543 827 1578 priusquam
841 1544 931 1571 divina
948 1546 1034 1573 virtus

251 1594 312 1614 cum
327 1595 359 1614 ea
381 1588 612 1616 commisceretur.
633 1589 660 1616 Si
676 1589 785 1624 quidem
810 1590 892 1624 igitur
909 1590 1032 1622 materia,

249 1632 342 1660 divina
357 1633 487 1662 destiluta
502 1634 603 1662 virtute
620 1636 739 1670 peritura
757 1639 808 1668 cst,
825 1635 920 1670 quidni
942 1636 1031 1671 periit.
1047 1655 1069 1683 α

250 1681 396 1712 antequam
414 1679 496 1706 etiam
514 1679 634 1707 divinam
654 1680 782 1708 virtutem
801 1681 920 1709 ullumve
935 1690 1034 1710 munus

249 1725 396 1752 creationis
412 1730 643 1761 consequeretur;
658 1731 687 1754 ut
706 1727 836 1763 deinceps
857 1729 972 1756 materia
988 1737 1035 1764 pe-

213 1763 218 1767 ’
249 1775 319 1802 teat,
336 1775 364 1798 et
385 1771 412 1798 in
436 1772 571 1800 inﬁnitum
594 1773 619 1800 id
643 1773 740 1800 faciat?
763 1774 797 1801 Et
818 1774 883 1809 quid
904 1763 1035 1810 prodest?

249 1815 328 1850 Quod
345 1817 416 1844 enim
434 1826 465 1845 ex
485 1818 572 1853 prima
587 1819 726 1846 voluntate
747 1819 848 1847 factum
861 1828 916 1847 non
932 1824 983 1854 est,
1001 1829 1034 1848 ex

249 1864 376 1898 sequenti
391 1864 530 1900 quomodo
548 1865 611 1892 lict?
628 1869 675 1892 aut
691 1874 814 1900 quaenam
830 1865 884 1893 Deo
905 1867 986 1900 ratio,
1004 1871 1034 1894 ut

248 1912 357 1945 negotia
384 1903 501 1943 differat,
521 1919 581 1946 qua:
602 1920 636 1939 ne
657 1912 685 1939 in
708 1913 767 1940 viro
790 1913 899 1948 quidem
922 1921 951 1941 se
967 1904 1034 1941 bene

249 1956 351 1984 habere
372 1957 457 1984 videri
473 1962 593 1992 queant;
612 1958 667 1985 illis
683 1959 756 1985 enim
775 1959 848 1994 quod
865 1959 1034 1994 impossibile

250 2004 286 2031 sit
303 2004 455 2032 deliberare
470 2005 590 2040 proclive
616 2005 724 2032 dicatur
739 2010 902 2040 competere.
921 2007 968 2041 qui
992 2006 1033 2033 fa-

249 2049 336 2082 ciunt,
354 2053 384 2076 ut
405 2058 455 2077 nec
469 2054 536 2077 tunc
551 2050 634 2077 velint
656 2058 718 2077 cum
733 2051 863 2086 possibile
877 2056 929 2079 est.
948 2052 1034 2079 Gete-

249 2102 322 2127 rum,
338 2095 388 2122 nisi
400 2096 463 2130 quid
473 2096 557 2128 aliud,
569 2096 652 2123 Deum
662 2103 744 2131 supra
755 2097 901 2124 essentiam
916 2101 944 2124 et
953 2105 1034 2133 quem

248 2141 353 2173 dicunt,
365 2142 438 2169 velut
454 2149 550 2169 novam
566 2143 710 2177 quamdam
722 2143 862 2170 materiam
880 2143 1031 2170 inducunt:

248 2193 299 2214 nec
314 2194 374 2214 eam
390 2187 510 2222 quidem,
526 2195 607 2223 quam
618 2188 669 2215 viri
686 2189 833 2224 prudentes
849 2189 961 2216 omnino
971 2197 1034 2216 con-

247 2233 371 2268 iunctam
392 2233 565 2267 existimant,
591 2238 638 2262 aut
659 2243 719 2270 quaa
739 2236 860 2263 omnium
881 2239 1032 2263 extremum

247 2283 301 2312 est,
317 2278 416 2314 vixque
432 2279 458 2306 in
471 2284 587 2307 mentem
603 2284 632 2308 ut
649 2289 708 2308 eam
725 2282 806 2309 homo
825 2281 968 2317 intelligat,
984 2289 1031 2309 ve-

1090 350 1120 376 τὺ
1133 349 1210 381 ἐκτὸς
1220 349 1266 375 τοῦ
1287 349 1399 384 κόσμου,
1423 348 1473 375 ποῦ
1501 349 1622 384 {Bp-nat;
1640 350 1671 375 Et
1689 349 1739 384 μὲν
1757 348 1813 385 γὰρ
1833 349 1875 374 ἐπὶ

1090 395 1135 421 τὸν
1145 395 1257 430 κόσμον,
1271 396 1297 422 τί
1316 396 1346 421 τὸ
1365 395 1449 422 αἴτιον
1469 395 1515 421 τοῦ
1530 395 1621 431 ἀπαθῆ
1638 393 1706 422 εἶναι
1730 395 1811 430 μέχρι
1832 395 1875 421 rei

1091 441 1221 477 παρόντος
1235 441 1280 467 τὸν
1293 442 1412 476 κόσμον;
1435 442 1466 468 Εἰ
1491 441 1545 477 γὰρ
1557 441 1696 476 διαφθερεῖ
1712 450 1776 468 ποτε
1795 441 1875 467 αὐτὸς.

1091 487 1252 522 πλησιάσαν,
1268 488 1314 514 καὶ
1330 487 1377 514 νῦν
1392 488 1459 522 πρὸς
1474 487 1554 514 αὑτὸν
1569 487 1713 521 συνῆπται.
1732 487 1764 513 Εἰ
1777 486 1805 512 δὲ
1822 494 1863 521 χω

1091 533 1133 569 ρίς
1153 535 1236 565 ἐστιν,
1252 531 1352 565 οἷονὼς
1364 534 1391 559 ἐν
1406 533 1462 567 ἰδίῳ
1481 533 1555 568 τόπῳ
1580 533 1724 568 μετέωρον,
1739 534 1766 559 τί
1789 533 1874 559 παθὸν

1091 580 1203 615 ὕστερον
1219 580 1380 606 ὲπιπέσεται
1399 580 1437 615 τῷ
1459 580 1570 616 κόςμῳ;
1595 581 1629 606 Ἦ
1654 581 1711 611 πῶς
1733 579 1780 606 τοῦ
1809 579 1874 606 ἰδίου

1091 626 1172 652 τόπου
1190 626 1350 661 ὲκστήσεται
1365 626 1416 652 ὑπό
1426 635 1498 657 τινος
1509 626 1628 661 ἀνάγκης
1641 626 1688 652 καὶ
1704 626 1782 660 βίας;
1806 626 1875 652 Τίνα

1089 670 1118 697 δὲ
1131 671 1177 698 καὶ
1188 671 1253 706 ὕλης
1268 672 1351 707 χωρὶς
1365 672 1464 698 ἐννοεῖν
1478 670 1525 697 τοῦ
1543 672 1629 706 πυρὸς
1647 671 1810 702 ὑπόστασινς
1838 670 1874 696 Ἦ

1091 716 1149 748 πῶς
1163 716 1193 742 τὸ
1213 716 1294 752 ὑγρὸν
1307 716 1393 751 τούτῳ
1407 716 1479 742 ἐστὶν
1494 717 1579 752 τροφῇ
1591 724 1597 748 ;
1611 716 1627 751 ἢ
1640 716 1689 742 ὅσα,
1700 715 1810 749 λέγεται
1825 723 1874 748 φυ-

1091 762 1248 798 σικώτερον,
1266 763 1295 789 οὐ
1308 762 1354 788 τοῦ
1369 762 1498 798 παρόντος
1517 762 1596 796 λόγου
1616 761 1698 787 ἐστίν.
1721 761 1824 787 Ἐκεῖνο
1847 760 1874 786 δὲ

1090 809 1198 840 πάντως
1212 818 1262 836 που
1290 809 1404 844 φανερὸν
1434 810 1466 835 ὲκ
1495 808 1550 835 τῶν
1575 807 1736 844 εἰρημένων.
1763 807 1800 833 Τὸ
1820 806 1874 842 γὰρ

1090 855 1145 890 πῦρ
1158 856 1204 882 τοῦ
1220 856 1320 891 κόσμου
1332 856 1409 887 ἐκτὸς
1422 855 1542 891 ἀκριϐῶς
1560 856 1633 881 ἐστιν
1648 856 1664 890 ἡ
1678 853 1811 889 λεγομένη
1828 854 1874 879 ὑπ’

1090 903 1179 929 αὐτῶν
1192 903 1252 938 ὖλη”
1269 903 1416 938 ἐπειδήπερ
1429 904 1443 928 ὁ
1456 902 1529 937 ἥλιος
1553 903 1598 929 καὶ
1615 902 1630 937 ἡ
1648 901 1747 936 σελήνη
1760 900 1874 934 καθαροὶ

1089 949 1216 985 καθαρῶν
1231 949 1306 981 ὄντες
1321 949 1363 976 διὰ
1387 949 1436 984 τῆς
1458 948 1532 980 θείας
1556 948 1695 982 δυνάμεως
1705 946 1874 980 ἀπεζεύχθη-

1054 985 1075 1013 Β
1090 1003 1139 1022 σαν
1153 995 1199 1022 τοῦ
1217 995 1302 1030 πυρὸς
1317 995 1422 1026 τούτου,
1437 995 1511 1020 οὐδὲν
1524 993 1626 1020 ἑαυτῶν
1639 994 1668 1019 ἐν
1683 992 1722 1027 τῷ
1733 993 1798 1027 πυρὶ
1810 992 1873 1018 τού-

1087 1050 1126 1076 τῳ
1141 1041 1332 1076 ὑπολείιᾲαντες
1344 1041 1434 1076 μέρος.
1452 1040 1536 1067 Τοῦτο
1546 1038 1579 1075 ἦν
1592 1041 1607 1074 ἡ
1624 1039 1673 1073 ὓλη
1689 1039 1750 1064 καθ’
1763 1038 1871 1072 ἑαυτὴν,

1088 1089 1118 1114 τὺ
1130 1087 1250 1124 ἁκριῦῶς
1264 1088 1378 1122 ἄμικτον
1394 1087 1461 1122 πρὸς
1476 1087 1523 1122 τὴν
1546 1086 1620 1112 θείαν
1633 1085 1757 1120 δύναμιν.
1781 1084 1872 1114 "Qa-.5,

1087 1135 1120 1165 ἂν
1130 1133 1233 1169 κενωθῇ
1249 1134 1349 1169 κόσμος
1366 1128 1418 1167 ίτῆς
1446 1133 1507 1159 κατ’
1521 1132 1602 1158 αὐτοῦ
1621 1131 1761 1166 δυνάμεως
1788 1130 1871 1161 θείας,

1088 1180 1168 1207 πάλιν
1204 1180 1326 1206 τοιοῦτον
1350 1179 1576 1215 ὑπολειφθήσεται
1606 1178 1672 1214 πῦρ,
1698 1178 1758 1208 πῶς
1783 1174 1872 1203 οὖντὸ

1088 1229 1142 1261 πῦρ
1158 1225 1324 1261 ἧδιςιφοερεῖ
1339 1234 1376 1257 τι,
1399 1225 1415 1260 ἢ
1441 1225 1486 1250 ὑπ’
1503 1224 1582 1251 ἄλλου
1598 1223 1785 1259 φθαρήσεται;
1801 1221 1872 1258 Πρὸς

1087 1271 1140 1306 γὰρ
1157 1270 1203 1297 τοῦ
1216 1271 1308 1306 ὁμοίου
1325 1272 1373 1306 οὐχ
1389 1271 1444 1306 ὁρῶ
1458 1270 1516 1302 πῶς
1532 1271 1673 1305 γενήσεται
1695 1270 1710 1304 ἡ
1726 1268 1824 1303 φθορά.
1840 1268 1872 1294 '0

1087 1317 1140 1352 γὰρ
1151 1318 1293 1352 γενήσεται
1310 1316 1398 1352 ἡῦλη,
1426 1318 1474 1352 τῆς
1499 1316 1573 1347 θείας
1595 1315 1736 1350 δυνάμεως
1751 1314 1870 1346 ἀποζευ-

1087 1363 1191 1398 χθεῖσα,
1206 1363 1277 1389 τοῦτ’
1287 1361 1321 1398 ἦν
1334 1363 1398 1398 πρὶν
1413 1363 1460 1390 καὶ
1475 1363 1605 1398 μεμίχθαι
1628 1362 1696 1397 πρὸς
1711 1361 1796 1396 αὐτὴν
1822 1361 1871 1396 τὴν

1086 1409 1161 1436 θείαν
1176 1409 1299 1444 δύναμιν.
1315 1409 1347 1436 Et
1371 1409 1460 1436 τοίνυν
1474 1408 1614 1435 ἀπολεῖται
1635 1407 1810 1444 ἐρημωθεῖσα
1821 1407 1871 1440 τῆς

1086 1454 1160 1487 θείας
1172 1455 1321 1491 δυνάμεως,
1332 1455 1375 1482 διὰ
1386 1455 1412 1482 τί
1425 1455 1461 1490 μὴ
1473 1455 1519 1482 καὶ
1530 1454 1652 1481 ἀπώλετο
1664 1454 1728 1489 πρὶν
1737 1454 1783 1479 καὶ
1797 1453 1870 1479 θείαν

1084 1501 1198 1537 δύναμιν
1212 1501 1337 1535 γενέσθαι
1349 1501 1364 1536 ἦ
1378 1500 1458 1536 ἄλλην
1474 1501 1661 1536 δημιουργίαν,
1680 1500 1723 1525 ἵνα
1734 1499 1870 1534 ἀπόληται

1085 1548 1102 1582 ὴ
1118 1547 1178 1582 ὕλη,
1191 1547 1238 1574 καὶ
1254 1546 1331 1573 τοῦτο
1342 1547 1442 1582 ποιήσῃ
1463 1546 1558 1581 μέχρις
1573 1544 1684 1579 ἀπείρου
1697 1553 1704 1577 ;
1720 1544 1777 1570 Καὶ
1801 1544 1827 1570 τί
1842 1544 1870 1570 τὸ

1084 1591 1193 1626 ὖςρελος;
1210 1592 1241 1618 Ὃ
1255 1591 1308 1627 γὰρ
1326 1591 1362 1627 μὴ
1374 1591 1481 1625 ἐγένετο
1496 1591 1528 1617 ἐκ
1541 1590 1587 1616 τοῦ
1609 1589 1716 1625 πρώτου
1733 1589 1869 1624 βουλήμα-

1085 1647 1139 1670 τος,
1151 1638 1208 1670 πῶς
1225 1639 1257 1664 ἐκ
1272 1638 1318 1664 τοῦ
1335 1638 1459 1673 δευτέρου
1476 1637 1635 1672 γενήσεταις
1663 1636 1679 1671 ἦ
1700 1636 1742 1668 τίς
1769 1638 1783 1662 ὁ
1795 1636 1870 1669 λόγος

1086 1684 1155 1720 Θεῷ,
1171 1684 1308 1711 ἀναθεῖναι
1321 1684 1480 1720 πράγματα,
1498 1683 1515 1710 ἃ.
1531 1683 1584 1710 οὐδ’
1603 1684 1644 1709 ἐπ’
1665 1683 1808 1718 ἀνθρώπου
1823 1691 1870 1710 κα-

1085 1731 1137 1763 λῶς
1151 1731 1222 1766 ἔχειν
1237 1732 1359 1757 ὑπονοεῖν
1372 1740 1378 1763 ;
1394 1731 1430 1757 Τὸ
1453 1730 1507 1766 γὰρ
1533 1729 1660 1756 ἀδύνατον
1687 1729 1817 1764 πρόσεστι
1833 1729 1869 1763 τῷ

1086 1776 1259 1812 βουλεύεσθαι
1279 1777 1324 1802 ἐπὶ
1349 1775 1403 1802 τῶν
1435 1775 1581 1802 ποιούντων
1607 1774 1675 1810 πρὸς
1698 1774 1738 1809 τῷ
1763 1773 1869 1809 μηδὲτὸ

1086 1823 1236 1858 βούλεσθαι,
1253 1823 1304 1849 κᾶν
1318 1822 1429 1848 δυνατὸν
1445 1820 1473 1859 ᾗ,
1489 1822 1640 1858 προχείρως
1653 1821 1752 1856 χρῆναι
1769 1820 1867 1854 λέγειν.

1085 1868 1158 1904 Πλὴν
1175 1869 1199 1895 εί
1217 1869 1254 1903 μή
1269 1877 1294 1895 τι
1308 1868 1410 1904 ἕτερον,
1423 1867 1489 1894 Θεὸν
1507 1868 1553 1894 καὶ
1569 1867 1614 1893 τὸν
1634 1866 1763 1893 ἐπέκεινα
1777 1867 1869 1897 οὐσίας

1085 1914 1217 1948 λέγουσιν,
1231 1913 1325 1949 ὥσπερ
1347 1914 1443 1949 καινήν
1465 1922 1526 1940 τινα
1546 1914 1700 1947 εἰσάγουσιν
1723 1912 1801 1947 ὕλην·
1824 1913 1869 1938 καὶ

1085 1961 1144 1996 οὐχὶ
1161 1961 1208 1996 τὴν
1222 1961 1419 1996 ὑπερημμένην
1434 1960 1509 1996 παρὰ
1534 1961 1589 1991 τοῖς
1602 1959 1664 1986 νοῦν
1676 1959 1794 1995 ἔχουσιν·
1809 1959 1867 1994 ἠνῆ

1087 2007 1124 2042 μὴ
1138 2007 1309 2034 παντάπασιν
1321 2006 1403 2034 οὖσαν
1422 2008 1436 2033 ὁ
1451 2007 1527 2040 λόγος
1542 2006 1672 2042 εὑρίσκει,
1686 2005 1702 2040 ἢ
1716 2005 1746 2032 τδ
1762 2006 1869 2031 πάντων

1084 2053 1194 2088 ἔσχατον
1203 2055 1248 2080 καὶ
1261 2053 1338 2089 μόγις
1349 2054 1388 2085 εἰς
1402 2053 1504 2080 ἔννοιαν
1514 2051 1685 2088 ἀνθρωπίνην
1699 2050 1869 2085 ἀφικνεῖσθαι

1083 2099 1239 2134 δυνάμενον.
1274 2099 1353 2126 Ἀλλὰ
1368 2099 1422 2135 γὰρ
1446 2099 1477 2124 τὸ
1492 2098 1547 2134 πῦρ
1570 2098 1600 2124 τὸ
1623 2097 1753 2132 ἀφεγγὲς,
1770 2095 1825 2133 ἆρά
1839 2105 1869 2130 γε

1084 2144 1164 2171 πλέον
1178 2144 1251 2171 ἐστὶν
1262 2145 1311 2179 τῆς
1330 2144 1478 2180 μελλούσης
1494 2143 1721 2180 ὲρημωθήσεσθαι
1739 2141 1806 2178 ὕλης
1818 2143 1869 2169 ἀπὸ

1083 2190 1132 2224 τῆς
1142 2189 1216 2222 θείας
1226 2190 1376 2225 δυνάμεως,
1392 2190 1408 2226 ἢ
1420 2190 1544 2222 Has-rev;
1563 2190 1631 2216 Ἀλλ’
1647 2190 1670 2216 εί
1688 2190 1737 2224 μὲν
1750 2189 1867 2219 ἔλαττον,

1084 2236 1142 2268 πῶς
1154 2239 1362 2271 καταγωνιεῖται
1377 2236 1406 2263 τὸ
1420 2236 1513 2268 πλέον;
1529 2237 1552 2262 εἱ
1572 2236 1599 2262 δὲ
1613 2235 1701 2266 πλέον.
1721 2235 1868 2269 ἐπανάγειν

1086 2281 1134 2316 μὲν
1149 2281 1213 2308 αὐτὸ
1225 2281 1383 2317 δυνήσεται,
1411 2281 1460 2316 τῆς
1486 2282 1570 2316 αὐτῆς
1589 2280 1618 2308 ὃν
1641 2280 1757 2315 φύσεως·
1771 2279 1800 2306 οὐ
1819 2278 1868 2314 μὴν

248 2325 307 2352 nire
318 2325 414 2360 possit.
428 2325 573 2354 Enimvero
589 2326 658 2361 ignis
673 2327 719 2354 ille
741 2327 913 2359 tenebrosus,
932 2327 1029 2362 plusne

1087 2327 1230 2364 Βιαῳθείρει
1242 2336 1272 2362 γε
1286 2328 1360 2355 αὐτό·
1373 2327 1467 2364 ὥσπερ
1477 2327 1537 2354 οὐδὲ
1553 2329 1567 2354 ὀ
1578 2326 1673 2358 Νεῖλος
1689 2327 1753 2358 τοὺς
1765 2326 1812 2352 ἀπ’
1823 2325 1868 2351 αὑ-

248 2370 318 2398 valet
335 2379 416 2405 (piam
434 2371 558 2404 maleria,
581 2379 640 2407 quae
653 2372 744 2400 divina
765 2372 913 2400 desolanda
928 2373 1029 2400 virtute

1080 2373 1127 2400 τοῦ
1143 2374 1377 2409 ἀποτεμνομένους
1391 2374 1516 2405 κόλπους.

247 2421 299 2450 est,
315 2425 350 2444 an
366 2417 475 2445 minus?
491 2418 530 2445 Ac
542 2419 565 2446 si
582 2419 691 2454 quidem
718 2419 820 2452 minus,
849 2419 986 2454 quomodo
1007 2420 1172 2455 expugnabit
1193 2421 1266 2456 quod
1286 2424 1328 2448 est
1349 2421 1456 2455 majus?
1480 2420 1529 2447 Sin
1548 2423 1639 2446 autem
1668 2422 1746 2453 plus,
1779 2416 1812 2443 ad
1840 2423 1867 2441 se

247 2464 356 2499 quidem
376 2465 506 2494 reducere
521 2468 630 2502 poterit,
645 2475 707 2494 cum
720 2467 756 2495 sit
771 2466 893 2504 ejusdem
913 2472 1018 2494 naturae
1033 2475 1040 2492 :
1058 2467 1131 2495 haud
1156 2472 1246 2496 tamen
1262 2471 1428 2504 corrumpet,
1436 2472 1466 2496 ut
1486 2475 1573 2502 neque
1587 2466 1675 2499 Nilus,
1694 2464 1743 2500 qui
1762 2464 1797 2491 ab
1823 2463 1866 2489 illo

247 2510 443 2545 abscinduntur
456 2514 542 2542 sinus.
