1909 3069
253 72 304 100 ιδι

765 69 792 96 S.
814 58 916 96 PETRI
935 67 1168 96 ALEXANDRINI
1185 65 1338 95 EPISCOPI

1817 63 1873 90 452

251 133 339 164 tione;
357 130 383 158 2.
402 129 474 156 aliud
490 130 553 157 item
567 128 746 164 fragmentum
759 136 791 156 ex
807 127 917 155 homilia
933 127 971 154 Dc
982 126 1028 154 ad-
1045 129 1067 157 Α
1082 134 1193 157 σχοπονς
1209 125 1300 152 multis
1324 122 1478 150 criminibus
1501 122 1657 154 convictum,
1682 122 1711 148 in
1735 121 1873 148 communi

252 182 326 204 ventu
343 175 499 207 Saluatoris.
522 174 594 208 quod
611 175 707 201 recitat
724 173 852 200 Leontius
870 173 1034 208 Byzantinus

252 221 298 248 lib.
314 228 322 247 t
336 225 429 247 contra
447 219 601 246 Nestorium
618 224 641 246 et
660 218 810 254 Eutychen;
837 220 862 245 5.
886 218 1035 252 adiecimus

251 267 378 300 deinceps
393 265 515 300 ejusdem
530 265 681 293 beatissimi
698 265 828 292 antist:tis
840 265 982 299 epistolam
1000 264 1034 291 ad

251 311 398 339 Ecclesiam
426 311 648 343 Alexandrinam,
673 318 770 338 recens
796 311 948 344 evulgatam
972 317 1033 337 cum

250 357 311 384 aliis
326 357 439 384 vetustis
454 356 581 384 Ecclesia:
592 355 776 383 monumentis
791 363 804 382 a
820 355 851 383 V.
862 355 891 382 C.
907 355 1034 390 Scipione

250 402 355 429 Μέλπείο
371 402 420 437 (i);
436 409 516 436 quam
529 405 640 428 sanctus
653 401 751 436 praasul
764 401 960 436 conscripsisse
974 409 1034 436 per-

250 448 360 476 hibetur
374 451 436 483 post
451 448 592 483 epistolam
609 448 642 474 ad
659 447 795 475 Meletium
810 447 966 482 episcopum
983 447 1034 483 Ly-

249 493 443 528 eopolitanum,
467 500 482 519 a
504 493 589 520 beatis
604 491 807 520 confessoribus
819 491 964 528 Ilesycbio,
982 492 1033 520 Pa-

249 538 368 570 chomio,
395 537 538 565 Theodoro
563 542 590 565 et
611 537 705 565 Philea
727 541 866 565 exaratam
883 537 929 573 (1).
950 537 979 564 ln
1001 545 1033 565 ea

250 590 331 618 porro
348 583 461 618 epistola
476 586 589 610 sanctus
611 581 720 616 Petrus,
741 582 933 610 Alexandrinis
949 582 1034 610 inter-

249 628 321 655 dicta
335 636 397 656 cum
409 629 514 656 Illeletio
526 629 725 660 communione,
740 629 834 655 scribit
849 636 878 656 se
892 629 932 655 illi
943 636 1033 655 accur-

249 683 341 702 surum
366 683 424 702 cum
446 675 606 710 sapientibus
629 675 701 706 viris,
728 680 752 702 et
770 675 886 701 visurum
901 683 958 710 qua:
972 679 1033 702 sunt

248 729 307 756 qua:
321 721 366 748 ille
382 722 516 756 cogitavit.
531 722 647 749 innuens
667 720 792 748 videlicet
808 719 940 755 synodum
959 719 1034 747 illam

249 766 472 798 Alexandrinam,
489 767 515 793 in
532 773 585 802 qua
604 766 776 802 postmodum
792 766 927 793 celebrata
943 772 1033 793 sacer-

1084 173 1262 206 episcoporum
1279 170 1378 206 synodo
1395 169 1522 203 deposuit.
1547 168 1679 194 Caeterum
1694 166 1729 194 de
1746 171 1873 201 tempore

1084 224 1138 252 quo
1151 217 1232 252 cmpit
1250 216 1385 243 funestum
1408 215 1527 242 schisma
1553 213 1735 246 Meletianum,
1756 211 1872 239 Baronii

1084 263 1247 290 sententiam
1266 262 1296 297 (ι)
1321 262 1387 289 illud
1412 260 1542 296 illigantis
1563 266 1634 286 anno
1649 259 1701 286 306
1714 263 1874 294 propugnat

1084 308 1215 335 adversus
1231 308 1340 343 Pagium
1353 312 1380 334 et
1393 306 1621 334 Montl'aueonium
1637 305 1764 333 laudatus
1779 304 1875 332 Malie—

1084 355 1127 382 ius
1138 356 1196 389 (m),
1213 358 1269 381 tum
1281 361 1314 381 ex
1327 354 1376 380 hac
1392 352 1464 380 Petri
1480 351 1654 379 Alexandrini
1668 351 1795 386 cpistola.
1811 354 1874 377 tum

1083 408 1147 428 vero
1159 401 1185 427 in
1195 400 1290 435 primis
1305 407 1337 427 ex
1352 399 1435 426 altera
1447 402 1562 434 quatuor
1573 396 1775 432 episcoporum.
1788 396 1873 430 cujus

1084 447 1111 473 in
1126 454 1175 474 sua
1188 446 1309 473 meminit
1323 444 1392 472 idem
1407 447 1518 472 sanctus
1529 443 1618 476 Pater,
1632 447 1768 478 quamque
1778 450 1793 469 a
1803 441 1874 468 Phi-

1083 493 1124 520 lea
1143 492 1278 519 Thmueos
1289 491 1416 526 episcopo
1437 489 1522 517 fuisse
1543 489 1722 523 conscriptam
1740 487 1873 523 Superius

1083 538 1279 567 edisseruimus
1292 537 1347 572 (n);
1363 537 1389 564 ιι
1406 536 1513 563 demum
1531 535 1591 562 loco
1609 534 1758 570 fragmenta
1776 533 1875 569 profe-

1083 586 1170 612 rimus
1184 592 1216 612 ex
1230 583 1407 619 disputatione
1419 582 1450 608 de
1467 580 1607 611 Paschate,
1622 587 1682 615 qua:
1696 580 1723 607 in
1743 579 1874 607 Chronici

1084 627 1223 658 Paschalis
1240 630 1332 657 limine
1349 633 1507 659 occurrunt,
1525 627 1558 654 de
1575 634 1690 661 quorum
1709 625 1873 653 Sinceritate

1083 670 1147 704 alibi
1169 683 1220 704 nos
1243 669 1397 711 disputasse
1417 672 1598 702 meminimus.
1615 672 1659 699 ubi
1682 671 1715 699 de
1734 669 1763 699 S.
1787 670 1874 698 Clau—

1083 723 1129 750 dio
1140 722 1286 758 Apollinari
1302 721 1383 748 verba
1400 720 1513 747 iecimus
1527 719 1576 753 (ο).
1594 718 1652 745 Huc
1670 720 1734 745 vero
1751 721 1779 745 et
1800 717 1870 744 illud

1083 767 1189 794 accedit
1202 767 1236 793 ad
1251 766 1330 794 iidem
1344 764 1464 792 auctoris
1475 763 1601 791 Cbronici
1615 763 1737 798 ejusdem
1748 762 1871 790 Pascha-

249 810 324 838 dotio
347 811 398 838 l'uit
423 811 545 846 dejectus
566 811 637 839 idem
657 810 789 838 Meletius.
806 810 843 838 De
857 818 910 846 qua
921 810 1030 846 quidem
1045 804 1067 834 Β
1082 813 1116 840 lis
1136 811 1362 843 conﬁrmandam,
1381 809 1454 845 quod
1472 809 1649 836 Casaubonus
1667 817 1700 836 ex
1715 809 1800 836 veteri
1823 817 1872 836 co-

250 857 353 892 synodo
367 857 424 884 haec
443 857 524 885 liabet
547 862 658 885 sanctus
682 857 849 884 Athanasius
864 857 900 892 (lt)
915 866 921 884 :
937 856 1033 884 Petrus

251 902 320 936 apud
337 911 382 929 nos
398 907 458 930 ante
470 904 673 937 persecutionem
685 903 830 936 episcopus,
852 907 876 929 et
899 904 925 930 in
948 909 1034 938 periei

233 947 352 976 ‘cutione
376 954 488 984 martyr,
505 949 640 976 Meletium
660 951 704 984 qui
719 950 750 977 ab
766 950 881 985 Egypto
898 951 1033 984 episcopus

249 993 356 1027 dicitur,
376 995 505 1022 Μελέτιον
521 995 575 1022 ἀπὸ
588 995 638 1031 τῆς
650 996 787 1030 Αἰγύπτου
809 996 953 1032 λεγόμενον
973 996 1033 1022 ἐπί-

286 1061 317 1097 (i)
337 1060 545 1097 llal‘feirOsserv.
565 1054 661 1093 ἰοίην-η
677 1065 742 1089 tom.
759 1052 804 1093 lli,
823 1069 882 1097 pag.
898 1054 941 1089 li.

285 1095 405 1132 (jirVide
414 1096 586 1132 pl'atrologia’
606 1102 707 1125 nostra:
727 1095 933 1124 GrateoQLatirim
954 1102 973 1124 t.
996 1096 1030 1129 Χ,

250 1132 301 1158 cot.
317 1131 395 1158 1565.
412 1130 491 1158 Eot'r.

284 1166 437 1227 Ξυίιέζὶιεω.
453 1167 529 1201 Apol.
541 1172 624 1194 contr.
635 1167 741 1198 Arium,
761 1166 833 1201 539,
850 1165 918 1201 Opp‘.
931 1170 997 1194 tom.
1010 1166 1029 1198 Ι,

249 1208 266 1234 p
302 1221 309 1228 .
324 1208 385 1228 ‘lll.

268 1208 432 1272 3fliBaron.
450 1236 483 1272 ad
498 1243 562 1263 ann.
578 1237 640 1266 506,
656 1236 726 1272 §M.

283 1270 332 1307 (nt)
347 1271 432 1299 Mallei
444 1271 463 1297 ι.
475 1280 511 1304 c.,
527 1279 588 1308 pag.
600 1272 644 1299 24.

1082 858 1141 886 dice
1162 865 1213 886 ms.
1230 858 1284 886 duo
1305 858 1364 885 loca
1379 856 1482 892 profert
1496 855 1533 891 (p)
1550 855 1583 883 ad
1601 855 1723 882 eamdem
1740 855 1871 890 disputa-

1080 904 1182 931 tionem
1199 904 1361 939 spectantia,
1380 911 1440 938 quze
1456 902 1527 937 apud
1546 902 1622 929 illum
1641 905 1782 929 auctorem
1802 909 1871 929 ano—

1081 958 1191 986 nymum
1207 945 1302 977 iisdem
1317 950 1406 975 verbis
1422 948 1560 984 descripta
1572 947 1675 981 videas,
1693 953 1724 975 ut
1745 948 1774 975 in
1794 949 1871 976 notis

1082 996 1212 1031 subjectis
1227 996 1375 1023 innuimus.

1119 1063 1157 1096 (η)
1174 1062 1239 1098 Vide
1251 1067 1352 1098 tornum
1371 1070 1452 1096 supra
1467 1061 1589 1098 citatum,
1603 1060 1753 1098 eol._l§5§.

1117 1092 1154 1160 (ig
1170 1097 1237 1138 Vide
1245 1092 1474 1137 Patrologia'tom.
1485 1092 1515 1124 V.
1525 1111 1561 1117 —
1570 1096 1682 1137 Accedit
1691 1095 1718 1123 S.
1727 1095 1869 1137 Petriser-

1081 1141 1125 1160 mo
1155 1140 1246 1168 yrtace
1259 1136 1286 1160 et
1301 1131 1397 1160 Latine
1407 1132 1441 1159 ab
1452 1134 1520 1167 Ang.
1532 1131 1603 1159 Maio
1616 1132 1770 1167 evulgatus.
1787 1131 1867 1158 bon.

1080 1168 1284 1266 :5:;L(Iasaub.
1297 1202 1414 1230 Exercit.
1430 1211 1473 1230 xvr
1488 1204 1522 1229 ad
1537 1202 1634 1229 Annal.
1652 1199 1729 1234 ποίη
1747 1201 1778 1237 §§
1794 1201 1828 1228 l2
1842 1206 1868 1229 et

1116 1250 1141 1266 υ.

1116 1250 1141 1266 υ.

395 1345 1847 1358 _———_‘_-__L___——___——————I

507 1425 695 1483 ACTA
733 1424 1040 1482 SINCERA
1084 1416 1342 1482 SANCTI
1387 1417 1600 1481 PETRI

751 1544 892 1566 EPISCOPI
906 1540 1125 1566 ALEXANDRINI
1141 1543 1182 1566 ET
1196 1543 1355 1566 MARTYRIS

617 1618 843 1651 ANASTASIO
860 1617 1204 1649 BIBLIOTHECARIO
1221 1616 1489 1648 INTERPRETE;

719 1700 808 1738 (Apud
823 1699 934 1733 Maium,
948 1699 1082 1735 Spicilegii
1095 1704 1169 1728 tomo
1183 1699 1226 1733 Ill,
1239 1707 1299 1736 pag.
1313 1699 1389 1735 671.)

816 1851 948 1897 MAII
987 1850 1294 1898 MONITUM.

283 2010 455 2038 Anastasium
470 2009 708 2037 Bibliothecarium
723 2009 895 2038 transtulisse
909 2017 924 2038 e
939 2009 1033 2040 Graaco
1046 2011 1201 2046 passionem
1218 2008 1305 2038 sancti
1319 2008 1393 2037 Petri
1409 2009 1579 2038 Alexandriae
1593 2009 1713 2046 episcopi
1723 2030 1730 2043 .
1746 2011 1862 2039 allirmat

268 2048 364 2073 rimum
381 2047 493 2080 ipsemet
507 2045 669 2082 Anastasius
689 2045 717 2072 in
730 2046 841 2082 prologo
852 2054 904 2082 suo
916 2046 950 2073 ad
972 2045 1127 2082 passionem
1152 2047 1304 2082 martyrum
1325 2048 1479 2082 iccccuu
1493 2065 1500 2078 ,
1527 2045 1618 2081 quem’
1632 2045 1807 2075 Mabillonius
1833 2048 1861 2075 in

268 2054 364 2073 rimum
381 2054 493 2080 Ipsemet
507 2054 669 2073 anastastus
689 2054 717 2072 tu
730 2054 841 2081 prorogo
854 2054 904 2073 suo
916 2054 950 2073 aa
972 2054 1127 2082 passtonem
1152 2054 1304 2082 martyrum
1325 2054 1479 2073 ucccctxu
1493 2065 1500 2078 ,
1527 2054 1607 2081 quem
1632 2054 1807 2075 mautttontus
1833 2054 1860 2075 m

248 2054 338 2109 slus“)
352 2082 448 2109 Italico
459 2084 524 2117 toni.
536 2079 546 2106 Ι
556 2100 564 2112 ,
579 2083 649 2117 part.
664 2088 699 2117 ll,
714 2087 742 2114 p.
755 2080 800 2117 80,
816 2081 934 2116 vulgavit
947 2091 952 2107 :
970 2087 1027 2115 post
1041 2082 1202 2109 translatam
1220 2090 1236 2107 a
1252 2089 1292 2107 me
1309 2082 1344 2107 ad
1357 2081 1507 2117 petitionem
1523 2082 1672 2117 sanctitatis
1689 2086 1741 2107 tum
1758 2081 1860 2117 (loqui-

248 2121 292 2142 tur
306 2122 367 2142 cum
381 2117 460 2142 Petro
475 2115 602 2150 episeopo
619 2115 783 2150 Gavinensi)
809 2115 956 2150 passionem
977 2117 1102 2150 prmeipui
1126 2116 1243 2143 doctoris
1266 2123 1291 2143 et
1315 2116 1440 2150 martyris
1458 2115 1541 2148 Petri,
1567 2115 1767 2144 Alexandrinae
1785 2115 1859 2144 urbis

247 2151 372 2185 episcopi.
389 2149 654 2187 Deinde’anon’ymus
667 2150 951 2187 biographusioauuis
969 2151 1022 2178 VIII
1038 2151 1090 2178 PP.
1108 2151 1179 2187 apud
1200 2151 1375 2187 Muratorium
1387 2149 1424 2178 Β.
1436 2151 1456 2178 l.
1469 2150 1581 2187 S.At0m.
1599 2151 1686 2187 lll,p.
1706 2159 1730 2184 ι,
1752 2159 1779 2187 p.
1793 2152 1857 2183 269.

247 2180 274 2212 id
286 2180 373 2220 ipsum
387 2184 529 2221 conﬁrmat
546 2180 727 2221 :Anastasiits
743 2180 818 2213 Rom.
833 2185 956 2213 Ecclesiae
972 2180 1184 2214 bibliotheca-rius
1203 2185 1338 2212 transtulit
1354 2187 1435 2212 etiam
1453 2187 1485 2213 de
1500 2185 1590 2213 Greece
1604 2187 1631 2212 in
1641 2180 1775 2213 'Lalin'uin
1795 2180 1874 2221 pas-d

247 2219 347 2248 sionem
361 2221 446 2247 sancti
462 2219 534 2246 Petri
546 2220 723 2257 Alexandrini
735 2221 930 2255 archiepiscopi.
953 2221 1145 2249 Verumtamen
1161 2229 1194 2248 ex
1209 2221 1323 2257 diversis
1340 2228 1400 2256 quae
1409 2221 1549 2257 trahentur
1559 2222 1646 2257 sancti
1662 2221 1737 2257 Petri
1751 2219 1859 2257 passio-

247 2257 348 2291 nibus,
370 2262 514 2291 quamnam
538 2255 698 2283 Anastasius
719 2257 901 2289 transtulerit,
917 2257 1076 2291 conjectura
1095 2256 1310 2291 cognoscendum
1328 2260 1380 2284 est.
1408 2255 1512 2284 Etenim
1539 2256 1636 2284 Surius
1661 2256 1694 2282 ad
1723 2255 1796 2284 diem
1823 2257 1858 2284 26

247 2290 407 2327 Novembris
421 2290 543 2327 qua-dam
557 2291 682 2327 breviora
694 2291 761 2318 Acta
777 2292 875 2318 recitat
888 2312 894 2321 .
911 2299 999 2327 eaque
1014 2292 1048 2319 ab
1058 2290 1203 2318 Anastasio
1213 2298 1274 2318 esse
1286 2291 1434 2319 arbitratus
1451 2296 1493 2319 est
1502 2312 1509 2324 ,
1525 2295 1667 2326 propterea
1679 2291 1752 2326 quod
1761 2291 1797 2327 in
1809 2299 1858 2319 co-

246 2326 353 2362 dicibus
370 2325 470 2362 legerat.
487 2326 626 2362 prologum
642 2325 840 2362 admartyrum
855 2325 1009 2354 Incesti“
1023 2327 1176 2361 passionem
1190 2345 1198 2358 ,
1225 2326 1309 2362 cujus
1319 2334 1400 2362 supra
1423 2325 1613 2358 meminimus;
1643 2325 1732 2362 itaque
1758 2326 1857 2354 iisdem

247 2361 337 2397 verbis
352 2359 441 2397 utitur
452 2359 549 2397 Sui-ius
562 2359 836 2397 quibusAnastasius
853 2363 880 2388 in
893 2362 966 2389 dicto
982 2359 1104 2397 prologo,
1120 2368 1218 2397 nempe
1230 2359 1482 2397 pracipui'doctaris
1507 2366 1532 2388 et
1548 2362 1674 2397 martyris
1689 2359 1769 2397 :Petri
1785 2363 1856 2397 ‘Ale-

245 2396 385 2422 :randrina:
399 2395 471 2422 urbis
491 2396 603 2430 episcopi
621 2395 673 2429 (vel
687 2396 860 2429 patriarcha,
883 2401 912 2423 ut
929 2397 1025 2424 Surius
1041 2395 1072 2424 ef
1091 2395 1175 2423 codex
1198 2395 1258 2424 Vat.
1273 2396 1372 2430 regium
1388 2395 1538 2424 Succorum
1551 2395 1650 2429 ΒΗΛ.
1662 2396 1702 2431 772
1713 2397 1751 2431 b).
1780 2395 1856 2424 Surii

246 2435 336 2458 tamen
356 2431 507 2466 sententia!1
524 2431 591 2457 nulli
604 2434 679 2458 certo
687 2436 847 2466 argumento
868 2431 966 2458 innixae
987 2439 1041 2459 non
1057 2431 1191 2466 acquievit
1204 2431 1336 2458 Baronius
1355 2431 1381 2458 in
1399 2431 1620 2466 adnotationibus
1636 2430 1669 2458 ad
1693 2431 1856 2466 Martyrolo-

245 2466 317 2500 gium
334 2466 405 2492 dicta
423 2464 466 2493 die
493 2464 538 2492 Sic
552 2466 622 2493 enim
639 2465 676 2492 ait
691 2474 697 2492 :
714 2463 730 2490 ί
743 2465 878 2493 Habemus
893 2467 946 2493 alia
961 2466 1082 2500 ejusdem
1094 2463 1165 2493 Petri
1179 2466 1245 2492 Acta
1261 2466 1381 2500 pleniora
1393 2466 1420 2493 in
1435 2463 1488 2493 vet.
1500 2466 1560 2493 cod.
1573 2474 1637 2501 ηιξ-ιη
1651 2474 1711 2501 qua:
1724 2463 1854 2501 quoniam

245 2501 401 2528 accuratius
413 2501 568 2535 conscripta
581 2504 742 2532 noscuntur,
753 2500 908 2533 Anastasio,
919 2508 981 2528 mea
1003 2502 1137 2529 sententia
1149 2520 1157 2531 .
1171 2501 1261 2535 potius
1275 2501 1415 2528 tribuenda
1431 2501 1567 2528 videntur.
1590 2500 1638 2528 Est
1648 2500 1757 2528 ilioruin
1771 2509 1852 2529 exor-

245 2535 340 2562 dium:
358 2534 388 2563 Si
406 2543 493 2562 omnes
508 2534 560 2562 niei
573 2543 680 2571 sensus.
695 2535 732 2571 r_(
744 2536 842 2571 labitur
859 2537 988 2563 memoria
1002 2536 1135 2563 Baranius
1149 2534 1196 2570 qui
1215 2536 1334 2563 scribere
1357 2536 1467 2571 debuit,
1491 2535 1521 2563 Si
1542 2544 1631 2564 omnes
1657 2538 1709 2571 ῃιεὶ
1734 2537 1853 2571 corporis

245 2575 320 2606 artus
332 2590 339 2601 ,
358 2571 396 2606 uti
414 2571 513 2604 legitur
528 2570 606 2606 apud'
613 2569 687 2605 nos.)
697 2569 828 2606 Eantdem
842 2571 875 2598 de
886 2571 946 2598 istis
958 2571 1032 2599 Actis
1043 2569 1203 2598 sententiam
1218 2578 1272 2606 prae
1285 2578 1315 2597 se
1325 2570 1424 2606 tulerat
1441 2571 1574 2598 Baronius
1598 2572 1625 2598 in
1644 2569 1744 2598 Annal.
1758 2569 1793 2599 ad
1807 2579 1851 2599 an.

245 2605 308 2636 510,
324 2605 371 2640 qui
387 2609 414 2632 et
428 2605 495 2639 ipsis
508 2604 543 2631 ad
554 2604 748 2632 contexendam
764 2605 835 2633 Petri
852 2606 998 2633 Historiam
1012 2606 1118 2633 naviter
1134 2613 1200 2633 usus
1215 2604 1267 2633 est.
1284 2608 1339 2640 iugo
1354 2605 1436 2640 igitur
1454 2606 1617 2633 auctoritate
1631 2606 1739 2634 Baronir
1754 2606 1851 2638 fretus.

245 2644 428 2701 praetereaque
445 2640 563 2680 bonitate
575 2643 670 2680 captus
686 2640 815 2681 Actorum
832 2641 941 2681 borum,
954 2649 1014 2676 quae
1029 2641 1056 2667 in
1069 2644 1225 2681 pervetusto
1237 2639 1331 2668 codice
1353 2639 1442 2676 reperi
1456 2640 1588 2669 Vaticano
1599 2641 1651 2669 602
1663 2661 1670 2674 ,
1695 2642 1851 2676 passionem

255 2682 316 2701 iane
334 2675 502 2701 celeberrimi
517 2674 706 2701 Alexandrinae
717 2675 791 2701 urbis
802 2682 921 2701 emscom
933 2681 960 2701 et
975 2679 1101 2701 martvris
1112 2676 1236 2701 exhibeo.

255 2682 316 2711 rape
334 2675 502 2711 celeberrimi
517 2674 706 2711 Alexandrinae
717 2675 791 2711 urbis
802 2676 921 2711 episcopi
933 2674 1101 2710 et'martyris
1112 2676 1236 2711 exhibeo.

281 2709 382 2746 Praeter
396 2709 452 2746 haec
468 2710 575 2736 sincera
591 2713 618 2746 et
633 2705 826 2746 Anastasiana;
840 2711 873 2738 de
889 2705 990 2745 quibus
1005 2705 1138 2738 hactenus
1152 2710 1219 2746 dixi,
1233 2711 1300 2738 Acta
1310 2730 1318 2741 .
1331 2705 1427 2738 Latina
1438 2711 1490 2738 alia
1506 2710 1625 2746 legebam
1639 2711 1665 2738 in
1681 2711 1778 2739 codice
1790 2711 1850 2738 Val.

244 2743 416 2782 622_,__:eque
440 2743 525 2782 feArme
549 2745 679 2782 antiquo;
697 2745 756 2782 [tace
779 2749 868 2782 tamen
888 2743 933 2772 illa
947 2747 1005 2782 ipsa
1020 2750 1084 2782 sunt
1104 2753 1164 2780 qua:
1185 2743 1365 2782 Cbmbetisius
1380 2745 1406 2773 in
1421 2746 1499 2782 lectis
1513 2743 1669 2780 Ti'iumphis
1683 2752 1851 2782 martyrum,

245 2786 272 2813 p.
292 2779 342 2806 l89
353 2777 442 2813 seqq.,
455 2777 547 2806 Grmce
562 2777 645 2807 edidit
658 2784 684 2807 et
699 2779 845 2808 Latinitate
860 2788 929 2808 nova
944 2777 1068 2812 donavit.
1085 2777 1147 2816 quia
1162 2785 1279 2809 veterem
1303 2781 1406 2809 codicis
1427 2780 1551 2808 Vaticani
1574 2777 1678 2808 lcitum
1698 2777 1852 2814 ignorabat;
