1909 3069
242 87 296 115 ι55

749 83 778 112 S.
795 82 896 111 PETRI
913 81 1146 111 ALEXANDRINI
1165 78 1318 111 EPISCOPi

1803 83 1858 110 ιεθ

243 149 349 170 omnem
365 141 509 169 sacerdotii
525 148 619 168 curam
635 141 732 168 diebus
749 149 781 168 ac
805 141 933 168 noctibus
948 141 1019 176 vigi—
1035 147 1058 171 Α
1071 140 1169 172 illuxit,
1182 144 1375 175 coeperuntque
1390 139 1482 167 ﬁdeles
1496 139 1530 166 ad
1547 144 1695 175 martyrum
1707 140 1857 167 memorias

244 187 331 215 lanter
343 187 503 215 desudabat.

279 232 331 260 Sed
347 233 410 267 quia
424 240 530 267 semper
543 232 601 259 zelo
619 232 771 267 percutitur
785 232 888 264 virtus,
906 231 1020 259 feriunt-

242 285 294 312 que
307 285 429 306 summos
441 277 548 312 fulgura
561 281 683 309 montes,
699 277 858 304 aemulorum
872 276 935 303 hinc
958 276 1021 304 inde

241 322 406 350 multifarios
425 322 578 357 patiebatur
593 320 746 348 conflictus.
758 321 828 355 Quid
837 321 935 356 plura?
952 328 1020 354 pene

240 367 314 394 omni
327 372 445 401 tempore
459 368 520 394 vitae
545 374 600 394 sua:
616 367 642 393 in
658 366 847 400 persecutione
862 366 944 401 degit.
969 365 1021 394 0r-

240 411 343 439 dinavit
361 413 463 439 interea
477 412 674 447 quinquaginta
692 415 718 438 et
732 411 851 446 quinque
865 411 1018 446 episcopos.

240 457 363 485 Meletius
389 458 523 493 denique,
550 458 660 485 nomine
678 462 706 484 et
723 461 812 484 mente
832 457 996 491 nigerrimus
1010 477 1018 490 ,

240 503 311 538 apud
327 503 546 539 Lycopolitanam
558 503 652 530 urbem
668 502 859 530 schismaticus
876 502 963 530 factus
978 507 1020 530 est

239 549 354 583 pracsul;
369 549 452 575 multa
462 548 576 582 quidem
592 552 686 575 contra
699 555 832 575 canonum
846 554 928 582 agens
940 555 1020 582 regu-

239 593 303 627 lam,
323 601 510 629 superansque
525 594 606 621 etiam
625 598 800 621 cruentorum
817 594 932 620 militum
954 594 1019 624 feri-

238 642 332 671 tatem,
341 639 387 674 qui
400 639 427 666 in
437 639 541 666 Domini
555 641 681 674 passione
690 640 767 667 veriti
778 645 840 667 sunt
850 640 1017 667 Dominicam

238 685 362 713 scindere
374 685 509 718 tunicam;
533 686 600 713 adeo
623 686 720 713 laxatis
736 687 849 713 insaniae
860 687 1019 721 raptabatur

238 730 362 763 habenis,
371 731 569 758 utcatholicam
582 731 710 760 scindens
724 732 874 760 Ecclesium
883 752 890 764 ,
907 740 961 759 non
973 740 1019 759 δεμ

238 775 292 803 Ιιιηι
306 784 354 811 per
366 777 489 804 civitates
500 777 619 812 AEgypti,
636 778 684 805 sed
698 778 779 805 etiam
794 786 841 813 per
854 778 934 806 villas
945 778 1016 811 ejus,

238 830 302 850 suos
316 830 446 858 sequaces
456 824 594 851 ordinaret
609 824 753 860 episcopos
763 845 770 858 ,
783 829 810 852 et
829 825 895 852 nihil
909 825 933 852 ei
946 832 1018 852 cura:

237 867 272 895 de
287 867 367 895 Petro
379 872 446 899 erat,
457 869 511 896 imo
527 877 575 896 nec
591 869 624 897 de
634 869 744 897 Christo
755 871 801 906 qui
812 874 871 898 erat
885 871 911 897 in
925 870 1016 898 Petro.

239 915 307 943 Huic
321 916 447 951 praefatus
461 916 542 944 Arius
559 917 647 943 adhuc
664 917 750 944 laicus
761 916 931 948 adhaerebat,
953 923 1019 943 nec-

238 961 303 988 dum
321 962 439 989 clericali
456 966 567 989 tonsura
582 966 691 990 notatus
702 983 709 995 ,
725 968 836 997 eratque
850 962 888 989 illi
904 962 1018 997 ejusque

238 1007 329 1034 domui
343 1008 486 1035 admodum
501 1009 618 1041 charus;
634 1017 685 1036 nec
700 1009 854 1036 immerito:
867 1016 947 1036 omne
959 1008 1018 1035 ani-

238 1053 302 1084 mal,
321 1057 350 1080 ut
365 1054 402 1080 ait
418 1053 569 1089 Scriptura,
584 1055 672 1081 simile
688 1054 740 1081 sibi
752 1054 849 1089 diligit.
865 1054 913 1082 llis
926 1058 1017 1081 autem

236 1099 352 1134 cognitis
365 1118 372 1131 ,
392 1100 435 1126 vir
449 1099 555 1127 Domini
570 1107 685 1127 moerere
705 1100 846 1127 confectus
867 1100 938 1127 hanc
955 1108 1017 1135 per-

236 1145 404 1173 secutionem
429 1146 517 1173 aiebat
543 1146 663 1180 pejorem
683 1154 744 1173 esse
771 1146 872 1180 priore.
898 1145 931 1173 Et
955 1146 1017 1174 licet

235 1192 396 1227 quibusdam
413 1192 526 1219 latebris
541 1194 691 1219 abseonsus
702 1213 708 1223 ,
727 1195 817 1218 tamen
842 1199 891 1225 pro
913 1192 1016 1219 viribus

235 1238 436 1265 exhortatorios
452 1238 550 1273 ubique
563 1237 683 1272 dirigens
697 1237 799 1272 apices,
813 1236 1017 1272 praedicansque

236 1282 364 1311 Ecclesize
381 1284 513 1311 unitatem
525 1302 532 1314 ,
545 1283 688 1317 vegetabat
702 1289 750 1309 eos
763 1282 893 1310 adversus
906 1283 1017 1318 imperi-

234 1329 302 1357 tiam
319 1332 346 1356 et
358 1328 489 1356 nefariam
506 1328 605 1355 Meletii
621 1328 812 1355 temeritatem.
823 1327 900 1356 Unde
913 1328 1015 1356 factum

236 1379 278 1403 est
294 1379 323 1402 ut
335 1383 388 1401 non
405 1374 486 1410 pauci
500 1374 559 1408 ejus
575 1374 742 1401 salutaribus
757 1374 867 1402 monitis
886 1375 1014 1408 animati,

237 1427 253 1448 ιι
270 1419 413 1447 Meletiana
429 1419 600 1447 discederent
616 1419 762 1454 impietate.

271 1467 323 1494 Per
335 1466 403 1494 idem
417 1466 473 1493 fere
487 1470 593 1500 tempus
606 1465 697 1498 Arius,
706 1466 813 1501 viperea
825 1470 945 1494 armatus
959 1474 1016 1493 ver—
1028 1484 1048 1511 Ο

238 1513 319 1546 sutia,
345 1512 423 1548 quasi
445 1512 573 1540 deserens
596 1512 754 1540 Meletianos
768 1511 891 1547 confugit
914 1512 947 1539 ad
965 1511 1015 1540 Pe-

236 1565 326 1592 trum,
352 1559 399 1594 qui
422 1563 533 1594 rogatus
557 1559 592 1586 ab
616 1559 751 1594 episcopis
778 1558 932 1586 sublimavit
953 1567 1015 1586 eum

236 1605 351 1632 diaconii
368 1606 479 1638 honore,
495 1605 619 1632 nesciens
632 1605 731 1639 quippe
746 1608 848 1631 tantam
860 1606 919 1640 ejus
931 1606 1016 1641 hypo-

235 1651 328 1678 crisin.
345 1649 409 1676 Erat
420 1653 510 1676 autem
524 1653 610 1676 lnstar
624 1649 727 1676 colubri
741 1649 869 1684 pestifero
886 1650 1015 1679 suffectus

234 1701 348 1720 veneno.
374 1693 467 1728 Neque
493 1693 566 1720 enim
584 1693 738 1728 hujusmodi
765 1701 861 1721 manus
878 1694 1014 1729 impositio

235 1739 297 1765 huic
309 1743 404 1765 sancto
418 1739 444 1765 in
462 1739 565 1766 crimen
577 1739 698 1773 deputari
710 1739 807 1774 potuit,
825 1739 894 1766 sicut
907 1747 956 1767 nec
972 1739 1015 1766 Si-

235 1783 322 1810 monis
349 1783 452 1818 magica
481 1791 526 1810 ars
551 1784 678 1811 simulata
705 1784 850 1811 ascribitur
880 1783 1012 1820 Philippo.

235 1828 439 1856 Meletianorum
457 1829 558 1856 interea
582 1829 739 1856 detestabile
752 1829 829 1857 nefas
852 1837 933 1864 supra
957 1837 1015 1857 mo-

234 1875 299 1902 dum
313 1875 464 1906 crescebat,
490 1882 647 1909 pavensque
670 1874 844 1902 beatissimus
868 1875 964 1903 Petrus
981 1884 1015 1903 ne

235 1919 359 1947 haeretica
375 1920 459 1955 pestis
476 1923 562 1947 totum
589 1920 640 1947 sibi
656 1920 787 1947 creditum
803 1921 941 1948 invaderet
953 1929 1014 1956 gre-

233 1973 303 2001 gem,
319 1965 451 2000 simulque
467 1966 556 1993 sciens
570 1966 643 2000 quod
669 1967 742 1993 nulla
759 1967 874 1994 societas
894 1972 936 1994 est
960 1968 1012 1994 luci

233 2018 295 2037 cum
312 2010 440 2041 tenebris,
456 2011 584 2045 nullaque
597 2011 742 2039 concordia
756 2011 864 2039 Christo
878 2016 904 2039 et
917 2012 1011 2045 Belial,

234 2054 390 2082 Meletianos
405 2055 439 2081 ab
453 2054 572 2082 Ecclesia
597 2064 644 2091 per
669 2057 773 2084 litteras
793 2059 952 2093 segregavit.
980 2059 1012 2085 Et

233 2099 297 2134 quia
314 2099 382 2125 mala
396 2100 520 2127 voluntas
538 2101 583 2127 diu
611 2102 741 2128 occultari
765 2110 818 2129 non
843 2104 922 2135 valet,
938 2104 1011 2130 illico

233 2145 443 2172 ncfandissimus
457 2146 548 2178 Arius,
563 2151 702 2180 propterea
717 2147 789 2182 quod
805 2155 869 2176 suos
893 2148 1011 2176 fautores
1029 2161 1049 2187 ι)

232 2189 266 2215 ab
292 2188 417 2217 Ecclesia:
442 2189 571 2224 dignitate
595 2196 718 2218 cerneret
744 2192 863 2225 divisos,
896 2193 1011 2221 tristitize

232 2234 401 2269 mancipatus
432 2235 564 2270 gemebat.
593 2236 670 2268 Quod
696 2238 899 2265 sanctissimum
923 2239 1009 2266 virum

232 2279 343 2307 minime
361 2279 450 2306 latuit.
475 2280 613 2307 Denudata
637 2290 753 2317 namque
775 2284 834 2318 ejus
861 2284 1008 2319 hypocrisi,

233 2326 356 2360 protinus
383 2327 537 2361 evangelico
559 2331 638 2354 utens
660 2327 749 2359 ferro,
777 2329 807 2355 Si
833 2331 923 2356 oculus
949 2336 1009 2358 tuus

231 2369 321 2396 dexter
347 2369 511 2397 scandalizat
529 2375 562 2401 te,
585 2379 644 2398 erue
663 2380 721 2398 eum
744 2378 767 2399 et
785 2374 882 2408 projice
906 2374 953 2402 ab:
975 2380 1007 2408 te,

231 2415 325 2443 Arium
351 2416 385 2443 ab
416 2416 543 2444 Ecclesiae
574 2425 718 2453 compage,
747 2423 840 2453 utpote
871 2420 1009 2454 putridum

232 2462 381 2490 membrum
400 2463 581 2496 detruncans,
603 2464 676 2492 foras
695 2465 797 2499 expulit
822 2468 848 2492 et
862 2473 876 2491 a
891 2465 1008 2494 fidelium

231 2509 420 2535 communione
435 2513 569 2536 extorrem
579 2516 641 2536 esse
651 2509 798 2536 mandavit.

267 2551 314 2580 llis
328 2554 364 2580 ita
390 2555 483 2588 gestis,
502 2554 591 2583 subito
608 2555 752 2582 admodum
778 2555 865 2582 ablata
881 2564 1008 2591 persecu-

230 2598 313 2626 tionis
326 2600 452 2633 procella,
468 2608 536 2635 pax,
565 2601 628 2627 licet
651 2600 758 2635 exigua.
785 2600 900 2629 refulsit.
931 2601 1008 2629 Tune

230 2642 447 2678 elegantissimus
458 2644 563 2672 Domini
586 2644 704 2672 pontifex
732 2646 831 2679 popqu
848 2646 1007 2673 manifestus

267 2719 491 2757 §a)__Rectissime
525 2728 616 2750 nos1er
647 2723 721 2756 ponit
751 2721 820 2748 Petri
853 2723 1006 2757 passionem

232 2755 283 2792 sub
300 2754 461 2792 Maximino,
477 2764 529 2783 non
558 2759 608 2784 sub
629 2754 797 2784 Diocletiano
810 2779 816 2787 ,
843 2754 915 2792 quod
943 2759 1007 2785 facit

231 2787 340 2816 Graccus
367 2791 411 2817 ille
439 2791 602 2822 biograohus
629 2801 644 2819 a
673 2792 835 2820 Combclisio
853 2787 1004 2822 'vultlatus.

1034 809 1054 835 Β

1072 186 1230 213 catervatim
1258 193 1378 217 currere,
1396 190 1422 212 et
1441 185 1475 212 ad
1502 185 1604 213 Christi
1621 186 1727 213 laudem
1752 190 1855 213 emtum

1071 239 1249 267 congregare;
1262 240 1330 266 quos
1350 231 1447 258 divinze
1462 231 1529 266 legis
1547 232 1662 259 antistes
1676 232 1772 259 divino
1792 239 1856 258 ora—

1070 277 1132 304 culo
1150 275 1313 307 vivificabat,
1329 276 1449 311 erigebat
1464 279 1545 310 atque
1560 276 1719 308 roborabat,
1749 284 1857 304 cresce-

1069 321 1169 356 batque
1193 321 1292 356 jugiter
1307 321 1334 348 in
1351 321 1472 348 Ecclesia
1501 321 1646 348 multitudo
1671 322 1853 350 credentium.

1071 366 1124 394 Sed
1140 367 1196 394 hinc
1219 375 1273 394 non
1299 367 1383 401 aequis
1398 367 1484 394 oculis
1502 367 1546 394 ille
1562 367 1690 402 antiquus
1715 367 1854 402 aspiciens

1069 412 1194 440 humana:
1207 412 1302 440 salutis
1314 412 1402 440 hostis
1414 412 1485 438 haud
1498 412 1524 439 in
1537 413 1644 448 longum
1659 413 1773 448 quievit.
1784 413 1854 440 Nam

1069 459 1160 487 subito
1184 459 1347 493 paganitatis
1373 458 1453 485 turbo
1474 466 1507 485 ex
1528 459 1642 487 adverso
1671 460 1808 492 intonuit,
1826 464 1856 488 et

1069 511 1144 531 more
1161 503 1310 530 hibernalis
1321 503 1415 531 imbris
1429 503 1556 531 Ecclesia:
1567 504 1741 532 serenitatem
1754 513 1855 540 percu-

1069 550 1110 580 lit,
1124 557 1238 584 eamque
1252 549 1345 584 procul
1360 549 1472 585 fugavit.
1489 549 1541 577 Sed
1558 551 1610 577 hoc
1636 554 1665 578 ut
1679 551 1854 580 manifestius

1069 594 1180 629 intelligi
1196 595 1289 629 possit,
1302 596 1455 622 necessario
1470 596 1502 623 ad
1514 596 1666 630 impiissimi
1686 601 1713 623 et
1738 596 1793 623 Deo
1808 604 1853 624 re-

1069 639 1147 666 bellis
1162 638 1321 665 Diocletiani
1333 639 1512 672 atrocitatem,
1521 640 1676 675 pariterque
1690 639 1852 668 Maximiani

1069 684 1169 712 Galerii
1185 684 1349 712 reflectimus
1363 686 1518 719 articulum,
1541 686 1587 721 qui
1602 694 1635 713 eo
1650 690 1774 721 tempore
1788 694 1850 714 cum

1069 730 1124 758 filio
1139 738 1190 758 suo
1205 730 1350 758 Maximino
1374 732 1517 766 tyrannico
1530 732 1671 759 dominatu
1695 732 1852 760 Orientales

1069 776 1183 802 vexabat
1190 776 1323 810 regiones.

1104 820 1190 855 llujus
1205 829 1321 856 namque
1345 823 1512 858 temporibus
1526 822 1554 850 in
1565 826 1670 849 tantum
1687 821 1851 850 Christiana:

1068 867 1264 902 persecutionis
1276 868 1407 896 aestuabat
1423 868 1589 901 incendium,
1602 871 1633 894 ut
1647 875 1701 895 non
1715 868 1806 895 solum
1822 868 1850 895 in

1067 920 1123 940 uno
1138 913 1230 940 mundi
1243 914 1359 946 climate,
1373 915 1419 942 sed
1430 915 1511 942 etiam
1525 921 1573 949 per
1585 914 1743 941 universum
1755 913 1850 941 orbem

1068 964 1141 986 terra
1155 960 1276 994 marique
1292 960 1438 996 impietatis
1463 960 1580 994 procella
1606 963 1719 987 tonaret.
1736 960 1851 986 Discur-

1067 1006 1189 1033 rentibus
1213 1006 1305 1041 itaque
1335 1007 1398 1034 hinc
1425 1006 1488 1034 inde
1516 1007 1702 1041 imperialibus
1735 1005 1850 1041 syllabis

1068 1055 1148 1086 atque
1163 1052 1360 1080 crudelissimis
1385 1052 1512 1084 decretis,
1529 1052 1698 1080 Christicolae
1712 1059 1787 1079 nunc
1801 1059 1851 1086 pa-

1067 1097 1120 1124 lam
1133 1105 1205 1124 nunc
1217 1097 1393 1125 clandestinis
1405 1098 1599 1134 iugulabantur
1613 1099 1737 1131 insidiis;
1756 1098 1848 1125 nullus

1066 1143 1138 1169 enim
1166 1143 1225 1171 dies
1247 1143 1377 1178 nullaque
1399 1152 1453 1172 nox
1480 1145 1515 1172 ab
1542 1145 1672 1172 effusione
1698 1144 1849 1172 Christiani

1067 1189 1172 1217 cruoris
1187 1190 1319 1217 transibat
1335 1191 1471 1218 immunis.
1488 1191 1543 1219 Nec
1553 1197 1632 1227 typus
1648 1191 1848 1218 interfectionis

1066 1233 1193 1261 horrebat
1205 1234 1336 1270 simplex;
1353 1236 1397 1263 alii
1411 1236 1519 1271 quidem
1530 1237 1646 1264 diversis
1660 1240 1687 1265 et
1703 1238 1847 1265 acerrimis

1066 1279 1232 1307 necabantur
1248 1281 1403 1316 suppliciis;
1421 1282 1466 1308 alii
1479 1290 1551 1315 vero,
1563 1286 1592 1309 ut
1603 1284 1683 1310 etiam
1702 1288 1846 1318 parentum

1065 1324 1234 1353 humanitate
1257 1327 1400 1362 patriaque
1421 1332 1546 1355 carerent
1569 1329 1718 1363 sepultura,
1738 1328 1771 1355 ad
1794 1328 1847 1355 alia

1065 1370 1299 1399 transferebantur
1322 1373 1390 1406 loca,
1412 1374 1490 1402 novis
1513 1374 1674 1409 quibusdam
1700 1378 1727 1402 et
1746 1375 1847 1402 saeculo

1065 1415 1195 1443 inauditis
1220 1424 1361 1451 poenarum
1389 1419 1634 1448 machinationibus
1663 1420 1697 1447 ad
1721 1421 1846 1456 martyrii

1065 1462 1295 1496 compellebantur
1308 1467 1416 1492 metam.
1435 1464 1506 1492 Proh
1518 1465 1607 1492 nefas!
1627 1470 1701 1493 tanta
1713 1471 1773 1494 erat
1786 1467 1847 1494 illo-

1066 1514 1125 1533 rum
1141 1507 1280 1542 impietas,
1300 1512 1330 1535 ut
1345 1511 1425 1536 etiam
1443 1510 1526 1538 divini
1542 1512 1632 1538 cultus
1656 1512 1812 1539 sanctuaria
1829 1519 1845 1538 a

1065 1550 1247 1580 fundamentis
1261 1558 1422 1588 everterent,
1438 1561 1601 1591 sanctosque
1611 1557 1695 1585 libros
1710 1558 1766 1592 igni
1786 1565 1848 1586 cre-

1064 1602 1177 1625 marent.
1213 1597 1346 1627 Defuncto
1378 1601 1469 1636 itaque
1495 1603 1670 1630 exsecrabilis
1705 1604 1845 1631 memoriae

1064 1641 1240 1678 Diocletiano,
1253 1644 1448 1673 Constantinus
1466 1646 1552 1681 Major
1567 1647 1600 1674 ad
1615 1643 1691 1682 regni
1707 1648 1846 1682 guberna.

1063 1688 1123 1715 eula
1139 1689 1241 1718 electus
1255 1695 1306 1722 est,
1321 1698 1347 1718 et
1369 1691 1496 1727 Occiduis
1524 1694 1647 1727 partibus
1673 1695 1844 1729 principatus

1063 1733 1106 1761 sui
1122 1735 1203 1768 coepit
1213 1735 1347 1762 moderari
1368 1736 1497 1764 habenas.

1098 1779 1144 1806 llis
1168 1780 1288 1814 profecto
1303 1781 1399 1809 diebus
1419 1781 1565 1810 Maximino
1580 1783 1617 1818 (α)
1638 1790 1653 1810 a
1677 1783 1843 1818 quibusdam

1063 1825 1096 1852 de
1117 1826 1228 1860 praefato
1254 1827 1460 1863 archiepiscopo
1490 1829 1605 1856 relatum
1636 1833 1690 1861 est,
1716 1830 1844 1858 videlicet

1063 1872 1134 1907 quod
1155 1873 1212 1907 ipse
1227 1872 1438 1901 Christianitatis
1452 1874 1507 1902 dux
1519 1879 1600 1910 atque
1616 1875 1729 1910 signifer
1748 1880 1841 1909 esset;

1063 1918 1108 1952 qui
1129 1918 1208 1945 solita
1231 1917 1414 1946 inflammatus
1439 1920 1578 1953 nequitia,
1592 1928 1607 1947 e
1622 1919 1737 1954 vestigio
1760 1920 1843 1954 jussit

1062 1963 1253 1998 comprehendi
1268 1963 1377 1991 Petrum
1391 1969 1418 1991 et
1433 1965 1458 1991 in
1474 1973 1608 1992 carcerem
1624 1965 1739 1993 retrudi.
1755 1967 1842 1998 Quam

1061 2009 1097 2036 ob
1112 2017 1168 2036 rem
1182 2010 1301 2045 quinque
1315 2010 1438 2038 tribunos
1450 2011 1565 2046 stipatos
1582 2011 1698 2038 militum
1724 2013 1843 2039 catervis

1061 2056 1250 2083 Alexandriam
1267 2056 1430 2090 destinavit;
1457 2059 1502 2092 qui
1518 2058 1657 2086 venientes
1676 2058 1755 2092 juxta
1769 2058 1841 2094 quod

1061 2102 1112 2129 sibi
1127 2102 1213 2130 fuerat
1226 2103 1397 2136 imperatum.
1414 2104 1502 2132 subito
1516 2105 1651 2140 rapientes
1661 2105 1764 2132 Christi
1775 2113 1842 2140 pou‘

1061 2148 1160 2175 tificem
1176 2149 1293 2176 carceris
1309 2150 1438 2177 custodize
1462 2151 1660 2184 manciparuut.
1691 2150 1759 2177 Mira
1775 2151 1841 2178 fide-

1061 2193 1125 2220 lium
1141 2193 1263 2221 devotio!
1282 2194 1330 2222 Ubi
1351 2199 1518 2230 compertum
1539 2199 1579 2223 est
1601 2196 1673 2231 quod
1694 2200 1787 2224 tantus
1801 2197 1841 2223 vir

1061 2239 1244 2267 carceralibus
1260 2240 1432 2268 clauderetur
1446 2241 1600 2275 ergastulis,
1616 2243 1738 2269 cucurrit
1759 2251 1839 2276 supra

1061 2285 1170 2312 modum
1186 2285 1353 2313 incredibilis
1365 2287 1525 2319 multitudo,
1542 2287 1676 2322 praecipue
1690 2289 1840 2315 monacho-

1060 2338 1120 2357 rum
1140 2338 1171 2358 ac
1186 2332 1319 2366 virginum
1334 2333 1444 2365 chorus,
1469 2338 1495 2360 et
1513 2342 1567 2361 non
1595 2334 1783 2362 materialibns
1798 2343 1841 2361 ar-

1061 2378 1123 2409 mis,
1139 2377 1186 2404 sed
1211 2378 1389 2413 lacrymarum
1407 2380 1502 2407 rivulis
1518 2384 1545 2407 et
1558 2380 1608 2414 piae
1624 2381 1723 2408 mentis
1743 2381 1840 2408 affectu

1060 2422 1296 2450 circumdederunt
1327 2426 1445 2453 carceris
1475 2426 1625 2458 ambitum,
1653 2430 1681 2454 et
1710 2431 1838 2462 tanquam

1059 2467 1124 2495 boni
1136 2468 1183 2495 filii
1197 2476 1260 2504 erga
1274 2469 1372 2496 bonum
1388 2475 1502 2505 patrem,
1518 2471 1572 2498 imo
1584 2471 1738 2500 Christiana
1755 2481 1838 2500 mem-

1058 2513 1107 2540 bra
1129 2514 1362 2543 Christianissimo
1388 2516 1488 2550 capiti,
1523 2518 1585 2544 lotis
1615 2519 1837 2552 compassionum

1058 2559 1207 2586 visceribus
1223 2560 1403 2591 adhaerebant,
1420 2565 1550 2596 erantque
1566 2562 1602 2588 illi
1620 2571 1725 2595 murus,
1741 2564 1836 2591 obser-

1060 2609 1153 2632 vantes
1168 2613 1201 2632 ne
1212 2606 1273 2640 quis
1290 2613 1454 2641 paganorum
1472 2607 1504 2633 ad
1520 2615 1580 2634 eum
1601 2607 1771 2643 ingrediendi
1792 2616 1836 2635 co-

1059 2650 1130 2684 piam
1150 2651 1269 2679 haberet.
1301 2651 1359 2680 Una
1389 2652 1516 2680 nimirum
1537 2653 1656 2681 omnium
1673 2657 1747 2686 vota,
1772 2662 1833 2681 con-

1058 2737 1111 2764 qno
1138 2729 1198 2791 lotio
1226 2730 1322 2758 doctus
1350 2730 1438 2759 editor
1469 2739 1495 2766 p.
1525 2731 1578 2758 222
1609 2739 1732 2760 errorem
1765 2733 1834 2760 hunc

1058 2772 1166 2791 ςοίπαυι
1182 2785 1188 2791 .

1058 2772 1188 2800 coarguit.
