1909 3069
81 108 126 138 I57

751 111 841 142 ACTA
862 112 1003 143 SINCERA
1009 136 1016 143 .

1642 115 1693 146 458

81 175 142 195 sona
156 175 219 200 vox,
236 167 389 204 eademque
409 170 573 206 compassio,
589 171 657 199 mori
671 172 762 207 potius
783 180 863 207 quam
879 175 901 203 Α
913 181 960 202 eos
976 183 983 201 :
1001 173 1088 201 Nolite
1103 181 1157 206 me,
1182 174 1290 208 fratres,
1305 178 1433 211 tanquam
1459 174 1636 204 inhumanum
1664 185 1694 204 ac

81 217 201 241 sanctum
221 214 364 250 quidpiam
382 216 446 242 mali
472 218 575 251 perpeti
604 218 727 246 viderem
749 220 798 252 (a).
816 218 864 246 Vir

80 263 168 286 autem
179 259 288 287 Domini
308 268 371 287 eum
385 268 486 295 paucos
502 263 559 291 dies
578 263 672 291 eodem
688 273 772 292 nervo
789 269 863 292 tene-

79 309 151 333 retur
163 310 299 340 retrusus,
318 309 419 336 tribuni
448 309 570 337 fecerunt
593 310 626 338 de
653 310 712 346 ipso
726 311 782 347 regi
797 319 862 346 sug-

77 352 241 387 gestionem;
253 354 300 381 ille
322 358 412 383 autem
426 355 503 390 juxta
521 364 623 383 morem
641 364 697 384 sure
713 356 863 386 fero‘citatis

77 398 224 426 destinavit
236 400 411 433 sententiam,
434 405 463 428 ut
481 401 667 429 beatissimum
680 403 861 437 patriarcham

75 444 185 478 capitali
213 445 343 479 punirent
359 446 525 474 discrimine.
552 447 637 475 Porro
659 448 722 475 dum
741 448 792 476 hoc
813 456 863 484 per

75 497 155 517 aures
180 489 402 519 Christianorum
433 497 571 528 serperet,
601 498 743 529 coeperunt
766 503 861 523 omnes

75 536 242 562 unanimiter
263 537 384 564 carceris
406 537 508 565 aditum
534 546 596 565 cttm
614 539 685 566 luctu
708 545 735 567 et
760 541 860 575 gemitu

74 581 227 613 custodire,
253 587 279 609 et
293 582 458 611 obsistentes
476 585 609 612 neminem
625 586 764 620 gentilium
785 587 860 614 illum

73 625 179 660 ingredi
209 627 411 661 permittebant.
431 628 543 656 Tribuni
570 637 634 657 vero
660 638 723 657 cum
747 631 780 658 ad
797 639 859 658 eum

70 671 252 707 jugulandum
279 674 433 701 nullatenus
456 675 586 702 haberent
612 676 782 711 ingressum,
808 677 859 704 ha-

71 717 128 744 bito
143 719 260 746 consilio
283 722 439 747 statuerunt
464 725 493 747 ut
519 722 609 748 cuncti
630 722 728 750 milites
750 722 859 750 nudatis

71 764 251 791 mucronibus
281 765 437 800 popularem
467 767 647 802 irrumperent
679 768 806 799 turbam,
831 771 859 795 et

75 809 115 836 sic
135 817 200 836 eum
220 810 352 837 duntaxat
372 811 405 838 ad
424 812 612 840 decollandum
636 813 708 840 foras
733 813 858 841 extrahe-

69 858 152 888 rent;
168 862 232 882 mox
248 863 313 883 vero
327 857 349 884 si
365 857 427 892 quis
440 858 574 886 obsistere
593 859 689 893 vellet,
707 860 796 895 gladio
815 860 856 887 in-
873 852 893 879 Β

69 901 176 929 teriret.

103 946 189 975 Arius
201 948 304 976 interea
319 949 407 976 adhuc
424 950 532 978 levitico
551 954 654 978 tantum
667 951 770 978 honore
782 950 856 978 colo-

73 997 151 1021 ratus
168 994 219 1030 (ὁ),
235 999 358 1023 metuens
374 1004 408 1024 ne
422 1000 484 1031 post
500 997 602 1024 exitum
618 997 685 1024 tanti
702 996 790 1024 Patris
814 1005 856 1024 re-

69 1040 213 1067 conciliari
236 1042 392 1069 nullatenus
406 1043 521 1074 valeret,
539 1043 604 1070 adiit
627 1050 675 1070 eos
698 1043 744 1078 qui
770 1042 854 1070 nobi-

69 1085 152 1112 liores
177 1090 257 1113 erant
271 1087 299 1113 in
318 1087 401 1119 clero,
415 1092 442 1114 et
457 1088 581 1115 luctuoso
598 1088 722 1123 precario
736 1088 857 1115 blando-

68 1139 121 1166 que
142 1139 270 1159 sermone
297 1136 390 1167 utpote
420 1133 562 1161 simulator
583 1133 732 1161 conabatur
759 1137 854 1162 sancto

69 1179 185 1206 suadere
210 1179 432 1214 archiepiscopo,
462 1184 491 1206 ut
507 1180 545 1206 illi
564 1180 750 1207 misericordia
766 1180 855 1207 indul—

67 1229 150 1258 geret,
167 1232 286 1260 eumque
309 1226 343 1252 ab
359 1226 513 1261 hujusmodi
538 1226 654 1253 solveret
679 1226 852 1261 obligatione.

69 1268 168 1297 Verum
185 1271 252 1305 quid
269 1272 396 1299 simulato
409 1272 491 1300 corde
513 1271 654 1300 fallacius?
666 1272 736 1305 Quid
759 1277 853 1300 sancta

67 1317 266 1351 compositione
299 1318 474 1353 simplicius?
503 1318 578 1346 Haud
609 1326 709 1352 mora;
738 1319 853 1355 ingressi

66 1367 128 1389 sunt
147 1363 197 1398 qui
217 1364 304 1399 rogati
321 1364 428 1392 fuerant
449 1365 481 1392 ad
506 1365 607 1393 Christi
634 1365 803 1400 pontificem,
826 1369 853 1393 et

64 1412 125 1443 post
153 1414 315 1437 consuetam
342 1410 502 1443 orationem,
529 1411 696 1439 consternati
710 1411 770 1439 oolo
789 1418 852 1438 cum

63 1455 165 1490 gemitu
179 1460 207 1482 et
222 1456 350 1492 lacrymis
364 1464 457 1485 sacras
467 1457 526 1492 ejus
538 1457 726 1485 deosculantes
742 1464 849 1490 manus,

62 1500 225 1536 ﬂagitabant
249 1509 312 1528 eum
338 1502 458 1530 dicentes
473 1512 480 1530 :
497 1500 535 1530 Te
552 1503 660 1538 quidem
671 1523 678 1535 ,
695 1503 850 1530 beatissime

62 1544 158 1579 Pater,
190 1547 342 1574 secundum
372 1547 434 1574 ﬁdei
463 1547 621 1583 dignitatem
653 1548 782 1576 Dominus
815 1547 848 1575 ad

62 1593 187 1628 martyrii
204 1600 333 1620 coronam
345 1593 551 1628 vocavit,quam
562 1598 588 1621 te
602 1594 717 1622 celerius
726 1594 849 1628 accipere

62 1645 236 1673 nequaquam
251 1639 423 1673 ambigimus.
439 1639 542 1668 Idcirco
555 1639 660 1675 justum
675 1644 802 1675 putamus
820 1643 850 1667 ut

62 1684 144 1711 solita
170 1685 272 1718 pietate
288 1685 430 1720 indulgeas
447 1685 530 1719 Ario,
547 1685 661 1721 ejusque
682 1685 788 1714 tletibus
804 1694 850 1713 ve-

61 1729 132 1757 niam
148 1731 268 1758 tribuas.

95 1774 204 1808 Quibus
236 1776 338 1804 auditis
369 1777 409 1803 vir
433 1776 539 1804 Domini
571 1784 633 1804 eum
660 1776 848 1812 indignatione

61 1821 200 1848 submovit
217 1829 276 1853 eos,
293 1825 320 1848 et
346 1822 457 1849 elevatis
479 1830 587 1850 sursum
611 1822 737 1850 manibus
752 1822 848 1850 excla—

61 1873 152 1898 mans,
162 1867 248 1894 dixit:
261 1866 314 1895 Pro
326 1867 391 1896 Ario
406 1877 448 1896 me
464 1868 568 1896 audetis
582 1868 753 1903 supplicare?
767 1868 848 1896 Arius

61 1916 87 1938 et
102 1912 147 1939 hic
161 1918 189 1939 et
207 1913 233 1939 in
250 1913 343 1941 futuro
369 1914 468 1942 saeculo
492 1922 507 1940 a
532 1914 616 1949 gloria
633 1913 694 1940 Filii
718 1912 767 1941 Dei
781 1913 846 1942 Jesu

60 1957 164 1985 Christi
185 1958 294 1985 Domini
312 1960 397 1986 nostri
413 1967 520 1994 semper
533 1960 584 1987 erit
602 1965 758 1995 segregatus
779 1967 848 1987 sem-

61 2009 163 2038 perque
177 2003 300 2030 manebit
322 2005 437 2032 extorris
453 2004 499 2040 (ο).
515 2004 577 2032 Haec
599 2005 645 2032 illo
666 2008 845 2039 protestante,

59 2056 156 2076 omnes
168 2049 218 2084 qui
232 2050 356 2082 aderant,
373 2050 470 2078 timore
485 2050 620 2085 perculsi,
634 2056 762 2085 tanquam
779 2051 846 2078 mitti

61 2096 222 2124 reticebant.
239 2095 326 2123 Porro
346 2097 476 2131 suspicati
496 2101 560 2124 sunt
582 2105 643 2124 eum
658 2105 712 2125 non
730 2097 789 2124 sine
808 2096 848 2123 di-

59 2141 122 2169 vino
147 2147 217 2170 nutu
244 2143 327 2170 talem
351 2143 379 2169 in
407 2143 501 2170 Arium
526 2142 648 2178 proferre
672 2143 844 2171 sententiam.

915 219 1030 254 rigidum
1049 220 1185 255 accipere;
1207 228 1301 247 revera
1323 221 1394 248 enim
1412 225 1439 249 et
1465 229 1515 257 ego
1537 222 1618 250 homo
1633 229 1694 250 sunt

913 265 965 292 sub
977 265 1034 300 lege
1048 266 1150 300 peccati
1166 265 1279 300 degens;
1298 265 1345 293 sed
1362 266 1462 294 credite
1479 268 1546 294 meis
1563 268 1696 295 sermoni-

913 309 973 338 bus.
988 309 1086 338 Latens
1101 311 1157 338 Arii
1169 310 1247 338 dolus
1263 319 1369 339 omnem
1388 317 1496 346 superat
1510 313 1691 348 iniquitatem.

911 362 1074 389 omnemque
1089 355 1293 390 supergreditur
1308 356 1471 390 impietatem
1488 366 1495 390 ;
1527 362 1553 385 et
1569 358 1622 385 hoc
1638 366 1691 386 non

912 406 927 426 ιι
942 400 1101 434 memetipso
1118 407 1254 433 asserens,
1267 400 1326 435 ejus
1342 401 1445 428 sanciri
1467 403 1689 437 segregationem.

911 445 968 473 Hac
982 447 1082 473 etenim
1100 451 1180 475 nocte
1196 447 1260 474 dum
1280 447 1437 474 solemniter
1448 454 1541 481 preces
1558 448 1591 474 ad
1607 447 1689 475 Deum

912 491 1061 523 funderent,
1075 492 1160 519 astitit
1171 491 1236 518 mihi
1253 491 1363 526 quidam
1375 499 1442 526 puer
1453 492 1531 526 quasi
1547 492 1688 519 duodecim

910 544 1056 568 annorum,
1072 538 1151 572 cujus
1183 537 1260 564 faciei
1276 537 1425 564 claritatem
1458 537 1529 564 ferre
1551 546 1603 565 nou
1619 540 1691 573 pote-

909 590 978 615 ram,
996 590 1056 609 nam
1073 588 1128 610 tota
1144 583 1199 610 haec
1228 583 1296 610 cella
1312 583 1339 610 in
1359 591 1411 618 qua
1428 587 1532 612 stamus
1556 584 1689 612 immenso

909 628 1011 656 lumine
1026 629 1158 656 radiabat.
1172 630 1229 664 Ipse
1247 633 1336 657 autem
1359 630 1526 657 linostimum
1542 634 1601 658 erat
1615 630 1690 658 indu-

909 678 953 702 tus
966 675 1112 706 colobium,
1137 678 1252 703 scissum
1272 677 1300 703 in
1325 681 1415 712 partes
1435 680 1564 712 utrasque
1587 685 1601 704 a
1618 678 1689 705 collo

908 729 995 756 usque
1012 721 1045 748 ad
1065 722 1158 756 pedes,
1181 727 1330 757 tenensque
1347 722 1453 757 gemina
1478 730 1560 750 manu
1588 723 1687 751 colobil

908 766 1055 798 scissuras,
1081 767 1232 802 applicabat
1262 775 1308 795 eas
1331 767 1433 801 pectori
1462 775 1521 799 suo,
1554 773 1688 804 quatends

909 812 1046 848 propriam
1063 816 1166 848 tegeret
1181 813 1340 841 nuditatem.
1356 813 1397 840 Ad
1415 814 1484 841 hanc
1495 815 1594 849 quippe
1606 815 1688 842 visio-

908 866 968 886 nem
986 866 1035 893 ego
1051 859 1165 887 miratus
1183 859 1322 895 obstupui.
1338 859 1398 887 Mox
1412 861 1456 887 uhi
1475 861 1536 887 data
1555 865 1597 888 est
1621 860 1687 888 mihi

907 903 1034 938 loquendi
1062 904 1171 936 ﬁducia,
1199 906 1356 934 exclamans
1377 906 1432 933 dixi
1450 916 1455 933 :
1475 906 1603 939 Domine,
1625 907 1687 942 quis

906 950 955 977 tibi
979 951 1032 978 hoc"
1059 950 1138 978 scidit
1168 951 1373 979 indumentum?
1396 952 1427 980 Et
1445 952 1490 980 ille
1509 961 1516 979 :
1541 952 1622 980 Arius
1643 959 1686 980 me

905 995 996 1027 scidit,
1013 996 1060 1023 sed
1077 1004 1198 1032 prtecave
1220 998 1331 1025 omnino
1343 1006 1377 1026 ne
1393 1006 1453 1026 eum
1471 999 1498 1026 in
1511 999 1686 1027 communio-

907 1049 969 1068 nem
985 1041 1118 1077 recipias;
1134 1051 1198 1070 ecce
1212 1044 1284 1070 enim
1299 1045 1417 1072 crastina
1433 1044 1477 1072 die
1491 1045 1598 1072 venturi
1620 1050 1686 1072 sunt

904 1088 950 1122 qui
968 1091 994 1116 te
1008 1096 1058 1123 pro
1081 1096 1113 1116 eo
1136 1090 1321 1124 postulabunt.
1338 1089 1404 1118 Vid'e
1432 1099 1497 1127 ergo
1521 1099 1556 1118 ne
1587 1098 1684 1120 suasus

904 1134 1064 1168 acquiescas
1087 1134 1140 1162 illis
1158 1143 1163 1162 :
1180 1136 1244 1170 quin
1259 1137 1350 1171 potius
1371 1136 1466 1171 jubeto
1481 1137 1593 1164 Achilla:
1614 1137 1685 1172 pari-

905 1181 999 1212 terque
1008 1178 1161 1206 Alexandro
1173 1180 1349 1215 presbyteris,
1366 1181 1412 1216 qui
1432 1186 1492 1216 post
1507 1185 1583 1208 tuum
1594 1184 1684 1209 trans‘

903 1222 969 1250 itum
989 1225 1087 1251 recturi
1111 1229 1174 1252 sunt
1190 1225 1337 1253 Ecclesiam
1353 1234 1450 1260 meam,
1465 1235 1498 1255 ne
1513 1228 1684 1263 aliquatenus

902 1269 979 1296 illum
1005 1270 1148 1305 recipiant.
1181 1270 1222 1298 Tu
1252 1276 1340 1299 autem
1370 1272 1476 1301 futurus
1501 1281 1531 1301 es
1562 1273 1684 1309 martyrii

902 1317 1003 1341 sortem
1034 1316 1155 1343 velocius
1184 1316 1302 1351 explere.
1335 1316 1420 1352 lluju‘s
1452 1322 1541 1346 autent
1570 1319 1684 1346 visionis

902 1366 985 1387 causa
1011 1361 1049 1387 nil
1069 1361 1185 1395 amplius
1207 1361 1268 1389 fuit.
1293 1361 1362 1390 Ecce
1388 1363 1507 1390 satisfeci
1535 1364 1630 1396 vobis,
1655 1365 1684 1390 et

902 1412 961 1439 quae
976 1404 1052 1439 jussa
1067 1409 1130 1433 sunt
1145 1413 1257 1441 prorsus
1273 1408 1441 1434 annuntiavi.
1465 1408 1598 1435 Caeterum
1618 1407 1683 1443 quid

901 1459 934 1479 ex
953 1452 996 1479 his
1013 1452 1133 1485 facietis,
1152 1461 1202 1481 vos
1221 1453 1353 1482 videritis.
1374 1453 1406 1480 Et.
1429 1453 1462 1481 de
1487 1454 1552 1481 Ario
1574 1453 1682 1489 quidem

901 1499 968 1527 haec.

935 1544 1027 1573 Nostis
1037 1549 1176 1581 pmterea,
1192 1545 1357 1577 charisslmi,
1372 1550 1398 1573 et
1413 1546 1481 1574 bene
1502 1547 1599 1579 nostis,
1614 1553 1684 1582 quaa

900 1589 963 1617 liter
986 1590 1040 1618 huc
1054 1598 1141 1625 usque
1153 1590 1291 1617 vobiscum
1307 1593 1481 1617 conversatus
1498 1597 1568 1621 sum,
1594 1595 1682 1624 quan-

900 1639 996 1670 tasque
1011 1635 1226 1663 conﬂictationes
1242 1635 1275 1662 ab
1291 1635 1441 1664 idololatris
1456 1635 1574 1663 sustinui
1595 1636 1682 1671 genti‘

900 1681 981 1713 libus,
1000 1682 1046 1717 qui
1061 1682 1202 1711 Dominum
1219 1681 1386 1709 Salvatorem
1399 1682 1565 1717 ignorantes,
1590 1680 1681 1708 multis

899 1726 1021 1754 tudinem
1046 1726 1158 1754 deorum
1183 1726 1229 1762 qui
1253 1733 1308 1754 non
1330 1730 1403 1760 sunt,
1421 1727 1589 1754 insanientes
1605 1725 1682 1753 diﬂ'aa

899 1779 975 1799 mare
989 1780 1043 1800 non
1061 1777 1179 1800 cessant.
1201 1772 1282 1799 Scitis
1305 1771 1427 1807 profecto
1442 1773 1578 1808 quomodo
1589 1778 1680 1808 persea

898 1823 1022 1846 cutorum
1038 1819 1201 1847 declinando
1216 1818 1329 1853 rabiem,
1342 1818 1376 1846 de
1393 1819 1453 1847 loco
1469 1819 1502 1846 ad
1516 1819 1604 1846 locum
1618 1827 1681 1855 pro:

898 1867 978 1903 fugus
1002 1868 1084 1895 ibam.
1111 1867 1260 1894 Plurimum
1290 1874 1407 1902 namque
1432 1867 1458 1893 in
1488 1866 1679 1901 Mesopotamia

897 1914 1008 1941 latitans
1034 1913 1105 1949 degi,
1135 1921 1166 1940 ac
1181 1913 1292 1949 perinde
1309 1913 1380 1948 apud
1407 1913 1511 1949 Syriam
1543 1910 1680 1941 Phoenicis

896 1960 1001 1993 delitui,
1018 1960 1045 1987 in
1063 1964 1179 1995 utraque
1206 1961 1287 1987 etiam
1314 1959 1459 1987 Palaestina
1481 1959 1583 1987 diutius
1602 1966 1680 1994 pere;

895 2007 1075 2043 grinationem
1097 2006 1232 2040 sustinui;
1262 2009 1288 2033 et
1303 2005 1412 2038 exinde,
1430 2008 1459 2040 ut
1481 2007 1517 2032 ita
1535 2005 1633 2039 dicam,
1651 2006 1677 2032 in

896 2054 950 2081 alio
960 2053 1105 2084 elemento,
1115 2053 1166 2080 hoc
1181 2056 1223 2080 est
1235 2052 1262 2079 in
1280 2052 1377 2079 insulis
1391 2059 1445 2078 non
1462 2059 1545 2086 parvo
1559 2054 1679 2086 tempore

895 2103 1017 2127 moratus
1032 2106 1102 2126 sum.
1115 2097 1148 2124 Et
1172 2098 1199 2124 in
1218 2098 1260 2125 his
1277 2098 1406 2125 omnibus
1420 2096 1520 2132 degens
1538 2097 1678 2124 calamitas

896 2146 969 2174 tibus
986 2144 1127 2172 Dominico
1139 2143 1214 2179 gregi
1230 2143 1276 2179 qui
1292 2151 1358 2170 mea:
1375 2143 1501 2177 parvitati
1516 2143 1678 2170 commissus

59 2187 132 2221 Quos
146 2189 212 2217 dum
221 2189 453 2218 clementissimus
465 2189 545 2217 Pater
553 2190 645 2217 cordis
658 2189 846 2224 compunctio-
860 2197 883 2226 ι)
897 2195 948 2221 est.
966 2191 1010 2218 die
1024 2193 1160 2223 noctuque
1174 2188 1294 2216 scribere
1317 2196 1370 2215 non
1385 2187 1541 2214 desinebam
1553 2206 1560 2218 .
1578 2187 1678 2214 conIira

59 2242 92 2262 ne
115 2236 231 2263 silentes
252 2243 285 2262 ac
309 2240 421 2264 maestos
445 2236 589 2269 aspiceret,
605 2236 692 2263 noluit
720 2240 845 2263 austerus

59 2289 237 2316 permanere,
263 2282 308 2309 vel
331 2289 379 2309 eos
409 2282 488 2317 quasi
512 2286 692 2309 contemnens
721 2281 780 2309 sine
804 2289 846 2308 sa<

59 2327 213 2355 tisfactione
236 2327 407 2362 relinquere;
433 2327 480 2355 sed
500 2334 644 2354 assumens
660 2326 795 2354 Achillam
819 2329 845 2353 et

57 2373 265 2405 Alexandrum,
300 2373 347 2412 qui
379 2373 408 2400 in
440 2372 629 2401 sacerdotibus
657 2373 780 2400 seniores
813 2380 845 2400 ac

57 2421 211 2447 sanctiores
222 2427 285 2447 esse
299 2419 472 2450 videbantur,
489 2427 572 2446 unum
586 2427 618 2446 ex
634 2419 674 2446 eis
691 2419 794 2446 habens
810 2418 844 2445 ad

56 2467 205 2500 dexteram,
220 2466 339 2493 alterum
355 2473 463 2500 quoque
475 2465 509 2492 ad
527 2465 630 2497 laevam,
647 2465 784 2499 paululqu
797 2472 844 2492 eos

56 2513 210 2549 segregavit
238 2519 254 2539 a
278 2512 393 2545 caeteris,
409 2514 436 2539 et
464 2511 557 2539 clauso
574 2518 699 2538 sermone
723 2510 793 2537 dixit
809 2510 842 2536 ad

87 2593 126 2630 (ᾳ)
158 2592 206 2630 Sic
235 2600 354 2630 prorsus
382 2592 534 2630 excubabat
562 2590 777 2630 Mediolanensis
800 2590 842 2625 pia

56 2625 128 2662 plebs
140 2629 216 2654 circa
229 2625 403 2655 Ambrosium
418 2628 575 2662 episcopum
598 2633 688 2662 suum,
706 2625 749 2651 cui
767 2625 843 2652 furor

55 2663 165 2690 Iustinae
179 2663 290 2689 Arianae
306 2663 486 2696 imperatricis
505 2661 675 2696 unminehat,
695 2664 763 2687 teste
777 2668 842 2687 ocu-

55 2698 269 2737 lariAugustiuo
289 2693 409 2737 an'rm.
427 2698 474 2725 lib.
487 2705 523 2727 Ix,
535 2704 595 2737 cap.
615 2693 640 2721 7-

87 2734 122 2766 ib)
136 2729 223 2761 R'ecte
239 2733 291 2759 hoc
304 2729 413 2761 dicitur.
429 2740 508 2760 secus
525 2738 556 2757 ac
570 2729 663 2757 Graeca
683 2730 754 2766 Acta
761 2729 842 2766 Com-

54 2768 138 2795 bctisii
163 2773 191 2795 et
217 2767 280 2794 cod.
299 2766 360 2794 Vat.
376 2767 438 2796 622.
467 2767 496 2794 in
524 2765 623 2801 quibus
650 2766 718 2793 falso
740 2765 842 2792 dicitur

54 2805 193 2838 presbyter
205 2803 290 2829 Arius
300 2803 351 2829 sub
364 2801 454 2838 Petro.

84 2842 117 2873 (ε)
132 2833 250 2866 Ἀᾱᾱυηι
279 2838 324 2864 hic
340 2839 406 2864 Acta
431 2835 629 2864 Combelisiana
642 2855 650 2869 ,
670 2833 834 2870 quemadmo-

211 2884 350 2913 Psrnon.
372 2883 430 2914 Gn.
456 2882 568 2914 XVIII.

896 2241 974 2261 mens
994 2241 1041 2261 eos
1058 2233 1086 2260 in
1109 2231 1210 2260 Christi
1235 2232 1349 2260 unitate.
1377 2231 1477 2258 Horum
1499 2232 1571 2258 enim
1597 2231 1677 2258 anxia

896 2279 1051 2308 sollicitudo
1078 2287 1126 2306 cor
1157 2284 1246 2306 meum
1276 2278 1369 2306 sedule
1397 2277 1562 2311 instigabat,
1583 2280 1610 2304 et
1634 2285 1677 2305 me

895 2327 1035 2362 quiescere
1046 2333 1100 2353 non
1112 2324 1234 2357 sinebat;
1253 2323 1422 2351 solummodo
1433 2323 1518 2350 levius
1527 2330 1569 2350 me
1578 2323 1677 2351 habere

895 2373 1024 2409 putabam
1053 2371 1161 2408 quando
1177 2378 1224 2398 eos
1249 2377 1373 2404 supernae
1396 2369 1521 2404 potestati
1544 2370 1677 2397 commit-

894 2419 994 2491 ωῗέᾘο
1009 2471 1072 2490 vero
1092 2465 1203 2497 propter
1217 2461 1369 2489 fortunatos
1386 2459 1539 2495 pontifices,
1553 2455 1675 2486 Philcum
1718 2491 1720 2499 κ

893 2511 964 2542 dico,
981 2509 1144 2544 Hesychium
1159 2507 1197 2542 (ά)
1215 2512 1295 2542 atque
1307 2506 1490 2538 Theodorum,
1504 2505 1549 2540 qui
1563 2505 1643 2539 digne
1660 2511 1674 2530 a

892 2587 955 2613 dum
970 2585 1013 2612 illa
1031 2585 1079 2611 Dei
1094 2583 1193 2610 Filium
1211 2592 1227 2610 α
1241 2588 1350 2618 paterna
1377 2582 1463 2618 gloria
1486 2587 1510 2609 et
1525 2581 1676 2618 substantia

892 2621 1073 2656 seqttcstravit.
1087 2618 1164 2651 Male,
1176 2620 1239 2656 quia
1258 2617 1384 2656 nondum
1395 2619 1477 2645 Arius
1491 2624 1568 2656 suam
1584 2617 1676 2656 hatred

893 2651 942 2683 sim
954 2651 1236 2690 patefeceratmed‘ob
1251 2653 1370 2690 sehisnia
1386 2651 1573 2690 tantummodo
1588 2651 1677 2690 llIele—

893 2687 1014 2719 tianum.
1038 2694 1065 2716 et
1090 2692 1244 2722 suspectam
1271 2687 1367 2723 agendi
1385 2689 1518 2723 rationem
1547 2687 1676 2723 exclusus

892 2727 990 2754 fuerat.
1008 2724 1065 2752 Hoc
1082 2721 1299 2750 additamentum
1315 2730 1348 2749 tte
1367 2722 1435 2749 alter
1455 2721 1564 2756 quidem
1582 2721 1676 2755 codex

892 2761 954 2788 Vat.
974 2760 1025 2788 6‘29.
1045 2759 1176 2794 agnoscit.

927 2796 966 2831 (ά)
981 2797 1049 2822 Acta
1062 2789 1268 2822 ~Combefisitma
1287 2796 1313 2819 et
1333 2791 1395 2819 cod.
1415 2789 1475 2817 Vat.
1500 2790 1553 2817 622
1574 2790 1678 2818 addunt

893 2831 1076 2859 Pachomium.

1503 2871 1540 2903 15
