1909 3069
227 110 280 138 859

741 109 771 138 S.
792 109 891 137 PETRI
913 109 1143 139 ALEXANDRINI
1164 111 1317 141 EPISCOPI

1803 116 1851 143 ιαο

228 173 320 200 divina
333 172 419 208 gratia
436 175 499 199 sunt
522 171 620 204 vocali,
637 179 717 206 quam
744 172 834 206 gravis
861 180 904 199 me
923 172 1018 200 tribu—
1031 173 1053 201 A
1067 173 1230 202 bulationes.
1244 174 1338 210 Neque
1350 174 1421 202 enim
1443 175 1570 204 meliores
1588 183 1683 203 sumus
1709 184 1794 211 quam
1808 185 1852 212 pa-

229 219 294 247 latio
310 219 464 254 quatiebat!
483 218 516 246 Hi
534 219 617 252 enim,
632 222 661 245 ut
676 218 727 254 ipsi
743 219 833 251 scitis,
853 218 890 246 ob
911 219 1014 247 Christi

229 266 308 292 fidem
319 273 381 292 cum
399 265 512 300 reliquis
527 264 732 293 confessoribus
754 264 871 292 diversis
886 272 1016 292 macera—

227 312 326 338 bantur
341 311 492 347 suppliciis.
509 310 542 338 Et
563 311 627 346 quia
640 311 667 337 in
689 311 737 338 tali
752 318 838 346 agone
852 319 907 339 non
925 312 1014 339 solum

227 357 400 388 clericorum,
417 356 464 384 sed
481 357 561 384 etiam
579 356 711 384 laicorum
723 356 774 390 ipsi
796 361 873 383 erant
891 356 1013 392 signiferi

227 408 254 431 et
274 406 463 439 praeceptores,
478 407 622 438 propterea
642 402 719 430 valde
733 403 857 435 verebar,
877 410 911 430 ne
926 403 1013 438 longis

227 449 374 477 deficerent
402 449 587 481 cruciatibus,
612 453 639 476 et
664 457 758 476 eorum
788 448 915 482 defectio,
940 449 1013 484 quod

226 495 301 523 dictu
320 503 401 530 grave
417 500 470 528 est,
495 495 621 530 plurimis
637 495 753 531 negandi
771 494 839 524 foret
857 494 1014 523 offendicu—

227 542 301 574 lum;
314 545 393 569 erant
403 542 474 569 enim
490 541 560 568 ultra
573 545 717 569 sexcentos
730 541 882 576 sexaginta,
895 541 1012 576 quicum

228 587 268 614 eis
282 587 466 614 carceralibus
482 587 659 614 arctabantur
676 586 832 621 ergastulis.
847 585 924 613 Unde
952 593 1012 612 ma-

214 641 278 667 gno
298 633 392 660 labore
412 641 565 668 magnoque
577 637 703 668 satagens
719 632 828 663 sudore,
844 639 899 659 non
913 639 1013 659 cessa—

226 680 287 706 bam
318 679 352 706 de
380 679 518 714 praedictis
543 679 611 706 locis
639 679 760 713 scribere
787 677 914 706 omnibus
940 678 1010 711 illis,

224 725 374 753 exhortans
393 733 439 752 eos
464 725 498 752 ad
515 725 637 760 martyrii
655 724 771 760 palmam
796 723 955 759 magisterio
971 723 1012 750 di-

225 771 280 798 vini
295 770 403 798 affatus.
419 770 532 803 Quando
554 778 618 798 vero
639 770 761 797 Omnium
776 777 869 797 eorum
885 769 1010 805 magniﬁ-

224 825 285 844 cam
300 817 390 845 audivi
416 817 644 852 perseverantiam
662 821 689 844 et
704 816 842 851 passionis
861 816 1008 851 gloriosum

224 864 316 894 finem,
334 864 433 891 cadens
448 863 476 890 in
497 867 597 890 terram
613 863 723 890 adoravi
750 861 855 890 Christi
874 862 1011 896 majesta-

223 913 289 942 tem,
305 910 351 945 qui
371 917 418 937 eos
433 909 504 937 inter
527 909 649 944 martyrii
677 912 801 937 catervas
830 915 1011 936 annumerare

223 953 349 988 dignatus
361 958 409 981 est.

256 999 327 1033 Quid
353 1000 435 1028 etiam
451 1000 529 1028 vobis
550 999 584 1027 de
615 999 722 1028 Meletio
749 1000 944 1037 Lycopolitano
971 1000 1008 1037 (α)

222 1046 453 1074 commemorem?
473 1046 520 1081 qui
547 1050 664 1081 quantas
683 1047 898 1081 persecutiones,
914 1054 1011 1082 quan-

221 1096 318 1126 tosque
328 1091 405 1119 dolos
415 1091 481 1119 mihi
497 1092 531 1119 sit
541 1091 691 1126 jaculatus,
704 1099 753 1120 vos
767 1092 924 1120 omnimodo
938 1092 1009 1120 scire

221 1138 375 1165 nullatenus
393 1138 511 1173 ambigo.
538 1137 610 1165 Proh
639 1138 731 1165 nefas!
760 1138 885 1166 scindere
909 1147 1010 1167 sacro—

220 1187 343 1212 sanctam
370 1183 519 1211 Ecclcsiam
542 1192 597 1211 non
621 1184 728 1213 metuit.
745 1192 826 1219 quam
852 1185 899 1212 Dei
922 1184 1008 1213 Filius

220 1230 339 1265 pretioso
361 1229 492 1265 sanguine
517 1229 644 1261 redemit,
666 1237 781 1264 eamque
804 1234 833 1257 ut
852 1230 885 1258 de
906 1231 1007 1258 diaboli

219 1275 364 1311 tyrannide
376 1275 515 1307 liberaret,
536 1275 654 1302 animam
681 1283 782 1310 ponere
796 1284 851 1304 non
871 1277 1006 1304 titubavit.

219 1322 306 1354 Hanc,
324 1325 354 1348 ut
368 1321 459 1348 dicere
472 1321 554 1356 (περὶ,
572 1321 758 1356 nequissimus
774 1321 899 1350 Melo-tius
926 1323 1008 1350 scin—

218 1369 298 1399 dens,
313 1367 395 1394 etiam
419 1370 531 1394 sanctos
550 1367 705 1402 episcopos,
722 1367 769 1403 qui
786 1372 850 1395 ante
866 1368 1006 1403 paululum

219 1422 267 1450 per
295 1413 454 1449 martyrium
484 1413 568 1441 caelos
596 1417 796 1448 penetrarunt,
829 1414 856 1440 in
886 1414 1006 1441 carceris

218 1461 343 1488 custodia
359 1467 515 1495 expugnare
529 1463 610 1495 atque
625 1459 744 1495 afﬂigere
770 1468 825 1487 non
850 1460 1004 1488 desinebat.

217 1508 317 1535 Cavete
330 1507 413 1542 igitur
431 1507 465 1534 ab
479 1507 539 1541 ejus
556 1506 673 1534 insidiis.
698 1507 754 1542 Ego
777 1507 870 1541 enim,
895 1512 925 1534 ut
952 1507 1004 1543 ipsi

217 1553 326 1586 videtis,
343 1553 470 1588 alligatus
487 1553 580 1580 divina
602 1553 735 1581 charitate
760 1553 929 1588 proficiscor,
948 1560 1004 1580 vo-

218 1601 350 1627 luntatem
379 1599 427 1626 Dei
459 1599 587 1627 omnibus
615 1604 793 1635 anteponens.
820 1598 883 1627 Scio
907 1607 1004 1634 nempe

215 1647 280 1682 quia
295 1646 395 1673 tribuni
408 1646 440 1673 de
454 1654 513 1673 mea
527 1654 594 1674 nece
605 1646 773 1680 trepidantes
788 1645 943 1678 mussitant,
955 1645 1003 1673 sed

215 1694 320 1720 nullum
334 1701 367 1720 ex
388 1693 440 1720 hoc
461 1693 500 1720 eis
519 1700 671 1720 sermonem
688 1693 814 1724 inferam,
827 1699 915 1727 neque
929 1693 1002 1719 enim

178 1762 181 1769 ,
215 1739 334 1765 animam
351 1745 437 1765 meam
453 1738 640 1773 pretiosiorem
663 1746 706 1765 me
730 1738 790 1772 ipso
803 1737 911 1765 faciam.
929 1736 1002 1771 Quin

163 1788 177 1795 “'
214 1784 395 1819 imo_paratus
409 1792 468 1811 smn
489 1784 620 1819 perficere
633 1792 744 1811 cursum
767 1791 846 1818 quem
870 1784 936 1811 mihi
950 1783 1002 1812 Do-

214 1831 305 1857 minus
320 1837 397 1857 meus
412 1829 491 1857 Jesus
512 1829 638 1858 Christus
661 1830 783 1865 polliceri
804 1830 932 1865 dignatus
948 1835 1000 1863 est,

217 1881 244 1904 et
256 1876 438 1904 ministerium
451 1876 524 1911 quod
541 1876 576 1903 ab
591 1877 651 1911 ipso
667 1876 768 1911 accepi,
784 1876 809 1904 ei
827 1876 942 1904 fideliter
954 1883 1000 1904 as-

213 1924 333 1959 signare.
348 1923 430 1950 Orate
439 1931 493 1958 pro
507 1930 561 1956 me,
581 1922 699 1957 fratres;
717 1923 831 1950 ulterius
846 1931 888 1950 me
906 1923 934 1950 in
949 1923 1000 1950 hac

212 1970 268 1997 vita
280 1970 422 1998 vobiscum
438 1970 529 1997 vivere
541 1970 598 2004 jam
610 1977 666 1997 non
681 1969 818 1997 videbitis.
828 1969 1000 2005 Quapropter

213 2016 345 2044 testificor
359 2024 450 2043 coram
468 2016 524 2043 Deo
546 2020 573 2043 et
593 2020 684 2043 vestra
715 2016 902 2048 fraternitate,
925 2015 999 2050 quod

212 2063 341 2091 omnibus
357 2063 436 2091 vobis
455 2061 584 2089 mundam
600 2062 704 2090 servavi
721 2063 926 2091 conscientiam.
938 2061 999 2089 Non

211 2109 283 2136 enim
297 2109 448 2144 subterfugi
459 2109 704 2137 annuntiarevobis
713 2117 774 2145 qua:
782 2109 848 2136 mihi
857 2117 871 2136 a
884 2109 998 2138 Domino

211 2158 276 2182 sunt
299 2154 432 2189 injuncla,
448 2158 475 2182 et
499 2162 560 2189 quae
579 2154 708 2190 deinceps
735 2155 891 2183 necessaria
917 2160 998 2183 erunt

209 2200 329 2236 pandere
342 2201 454 2228 minime
465 2201 600 2228 recusavi.

244 2246 380 2280 Quocirca
407 2247 538 2274 attendite
557 2246 636 2274 vobis
664 2252 691 2274 et
706 2247 834 2274 universo
856 2247 943 2282 gregi,
969 2247 997 2274 in

207 2302 263 2328 quo
277 2302 326 2322 vos
341 2293 460 2329 Spiritus
475 2298 587 2322 sanctus
602 2294 724 2322 seriatim
739 2294 881 2329 episcopos
893 2293 995 2329 posuit.

208 2337 247 2367 Te
269 2339 380 2375 quidem
403 2339 536 2367 Achillam
561 2339 690 2375 primum,
721 2339 906 2367 Alexandrum
930 2347 995 2367 vero

207 2386 370 2413 secundum.
388 2385 426 2412 En
451 2386 527 2413 vobis
543 2385 605 2412 viva
622 2393 688 2413 voce
701 2389 846 2420 protestor,
865 2385 995 2420 quoniam

206 2435 269 2466 post
288 2439 379 2459 meum
395 2432 540 2459 transitum
562 2431 705 2466 insurgent
719 2430 829 2466 quidam
846 2430 879 2458 de
899 2430 994 2458 Eccle-

206 2478 247 2505 sia
266 2478 408 2513 loquentes
424 2485 566 2513 perversa,
578 2485 730 2513 rursusque
743 2477 866 2505 divident
880 2484 952 2510 eam,
965 2481 995 2504 ut

206 2522 340 2558 Mcletius,
357 2524 498 2551 trahentes
515 2524 644 2558 populum
673 2527 735 2559 post
750 2531 827 2552 suam
842 2523 993 2551 vesaniam.

206 2569 275 2596 l‘lcce
288 2569 402 2604 praedixi
416 2568 504 2596 vobis.
522 2567 586 2599 Sed,
604 2568 735 2603 deprecor
749 2576 798 2596 vos
811 2588 818 2600 ,
846 2575 863 2594 ο
887 2568 994 2596 viscera

206 2622 277 2648 mea,
292 2615 401 2650 vigilate
417 2624 423 2642 :
438 2617 545 2650 oportet
557 2614 629 2641 enim
644 2621 690 2641 vos
710 2614 810 2642 multas
828 2614 920 2642 subire
934 2614 995 2641 tri—

240 2702 279 2738 (a)
292 2702 399 2738 Optime
413 2707 520 2737 noster;
537 2708 596 2731 erat
622 2705 695 2731 enim
716 2703 838 2731 Meletius
863 2702 994 2738 Lycopo-

205 2738 263 2765 leos
277 2738 304 2764 in
319 2738 456 2773 Thebaide
474 2740 630 2773 cpiscopus.
653 2738 775 2766 Pessime
790 2740 857 2765 Acta
869 2739 993 2766 Combe-

204 2773 301 2800 lisiana
327 2773 355 2800 in
371 2772 517 2808 Lycaonio.
535 2772 595 2801 .lain
617 2782 660 2802 res
676 2773 774 2801 Meletii
791 2774 844 2801 late
864 2774 991 2801 scribun-

202 2811 283 2870 tur‘a
296 2809 395 2842 priscis
421 2808 560 2837 historicis
575 2814 602 2837 et
627 2818 642 2837 a
657 2809 774 2837 Baronio
797 2808 830 2836 ad
846 2816 910 2836 ann.
927 2809 989 2842 506.

203 2850 232 2870 u.
267 2852 284 2869 ο
299 2850 374 2870 seua.

203 2850 232 2870 u.
249 2850 284 2870 eo
299 2850 374 2879 seqq.

1066 223 1122 246 tres
1138 220 1238 247 nostri.
1253 225 1293 247 An
1323 221 1453 256 ignoratis
1467 226 1569 256 quanta
1586 229 1603 248 a
1619 222 1770 257 gentilibus
1792 231 1852 258 per-

1066 272 1162 300 pessus
1183 271 1225 293 est
1241 269 1317 301 pater
1332 274 1424 298 meus,
1441 266 1487 301 qui
1505 274 1548 294 me
1571 267 1694 301 nutrivit,
1711 269 1848 296 sanctissiv

1065 318 1126 338 mus
1142 310 1268 340 Theonas
1287 313 1444 348 episcopus,
1457 314 1536 348 cujus
1558 313 1741 348 pontificalem
1758 314 1850 341 cathe-

1064 357 1141 384 dram
1166 365 1260 393 regere
1276 359 1405 394 suscepi?
1432 359 1455 387 0
1475 360 1578 387 utinam
1598 363 1624 387 et
1650 361 1760 388 mores!
1782 360 1850 393 Quid

1063 404 1144 431 etiam
1160 403 1193 431 de
1208 412 1306 440 magno
1323 404 1451 441 Dionysio
1474 406 1595 440 ejusdem
1620 413 1788 441 praecessore
1807 415 1846 434 re-

1064 448 1171 476 feram?
1186 450 1233 485 qui
1247 450 1380 486 profugus
1394 451 1428 478 de
1445 451 1506 478 loco
1530 451 1557 478 in
1582 451 1669 478 locum
1687 452 1790 479 multas
1806 459 1851 478 ca-

1063 494 1199 523 lamitates
1226 497 1259 523 ab
1283 496 1380 524 insano
1401 497 1531 525 sustinuit
1557 496 1697 525 Sabellio?
1721 497 1779 525 Nec
1803 506 1851 525 vos

1062 545 1221 576 praeteream
1242 541 1290 577 (ὁ),
1308 543 1476 571 sanctissimi
1491 543 1585 572 Patres
1602 551 1634 571 ac
1657 544 1758 571 divinae
1783 544 1851 579 legis

1062 587 1209 619 antistites,
1238 587 1344 615 Heracli
1367 592 1449 623 atque
1466 588 1596 621 Demetri,
1609 591 1710 624 qunbus
1731 589 1852 616 fabrica-

1061 637 1105 661 tor
1122 634 1243 669 perversi
1267 634 1402 670 dogmatis
1426 635 1558 670 Origenes
1581 634 1746 663 multifarias
1762 639 1852 662 tenta-

1061 681 1150 708 tiones
1169 680 1300 713 incussit;
1317 681 1363 715 qui
1391 680 1509 714 conjecit
1526 680 1552 707 in
1566 679 1715 708 Ecelesiam
1732 680 1851 708 detesta-

1061 724 1115 752 bile
1127 725 1258 757 schisma,
1275 724 1347 759 quod
1363 732 1449 760 usque
1464 724 1544 752 hodie
1560 724 1702 752 confundit
1716 724 1851 752 eam.Sed

1061 771 1147 806 gratia
1164 770 1223 803 Dei,
1237 778 1298 806 qua:
1315 771 1376 798 illos
1404 775 1467 798 tunc
1482 771 1658 806 protegebat,
1676 770 1760 798 credo
1777 771 1851 798 enim

1061 817 1134 852 quod
1145 820 1172 844 et
1187 824 1235 844 vos
1252 819 1385 851 proteget.
1405 815 1456 844 Sed
1471 816 1535 851 quid
1552 825 1597 845 vos
1616 817 1686 844 ultra
1709 817 1850 849 demoror,

1026 846 1047 875 Β
1060 862 1214 889 charissimi
1230 862 1339 895 fratres,
1357 862 1454 897 prolixi
1475 863 1610 890 sermonis
1632 862 1733 890 aifatu?
1750 861 1853 898 Super~

1060 912 1143 936 estut
1159 908 1253 934 ultima
1274 908 1391 943 apostoli
1417 908 1540 936 oratione
1566 916 1615 936 vos
1635 916 1792 943 prosequar
1815 909 1852 935 ita

1060 955 1220 990 precantis:
1239 959 1267 982 et
1291 962 1365 982 nunc
1389 954 1552 982 commendo
1581 963 1628 982 vos
1643 954 1699 983 Deo
1713 959 1741 982 et
1767 955 1852 982 verbo

1060 1001 1154 1036 gratiae
1178 1000 1248 1035 ejus,
1265 1001 1313 1035 qui
1338 1004 1434 1035 potens
1456 1005 1498 1027 est
1518 1000 1671 1035 gubernare
1693 1004 1721 1028 et
1748 1008 1799 1028 vos
1825 1005 1852 1028 et

1059 1045 1130 1074 ovile
1145 1053 1235 1073 suum.
1260 1044 1322 1073 Haec
1348 1045 1395 1072 ubi
1417 1045 1491 1072 dicta
1515 1045 1600 1077 dedit,
1618 1046 1715 1083 positis
1731 1046 1850 1081 genibus

1059 1092 1148 1119 oravit
1166 1100 1228 1119 cum
1239 1092 1289 1119 eis.
1305 1091 1416 1124 Expleta
1429 1091 1522 1126 itaque
1535 1093 1658 1120 oratione
1667 1113 1674 1125 ,
1688 1093 1850 1120 osculantes

1058 1146 1156 1166 manus
1184 1138 1245 1173 ejus
1269 1146 1301 1165 ac
1329 1138 1411 1172 pedes
1433 1138 1554 1166 Achillas
1579 1142 1660 1173 atque
1691 1138 1852 1166 Alexander

1059 1183 1185 1211 conversi
1210 1184 1238 1210 in
1264 1183 1399 1218 lacrymas
1415 1183 1536 1219 singultu
1554 1184 1726 1212 amarissimo
1742 1185 1852 1219 quatie-

1058 1229 1169 1262 bantur,
1182 1230 1299 1258 maxime
1314 1230 1378 1265 quia
1392 1230 1534 1258 audierant
1544 1238 1605 1258 eum
1623 1230 1713 1258 dicere
1728 1231 1805 1266 quod
1817 1239 1851 1259 ex

1057 1280 1123 1305 tunc
1144 1277 1320 1312 temporalem
1349 1277 1409 1312 ejus
1438 1277 1522 1304 vitam
1552 1278 1669 1312 amplius
1684 1278 1774 1305 visuri
1794 1286 1850 1305 non

1057 1328 1158 1350 essent.
1174 1323 1279 1350 Dehinc
1301 1323 1398 1351 doctor
1413 1323 1590 1351 dulcissimus
1608 1324 1722 1352 veniens
1738 1325 1775 1352 ad
1804 1332 1850 1352 re-

1057 1369 1147 1404 liquos
1170 1369 1345 1402 clericorum,
1371 1369 1429 1404 qui,
1458 1374 1488 1397 ut
1517 1370 1688 1405 praemissum
1715 1374 1773 1400 est.
1799 1378 1850 1406 pro

1056 1413 1121 1442 Ario
1137 1415 1252 1450 ingressi
1267 1414 1385 1447 fuerant,
1403 1415 1511 1442 locutus
1535 1415 1574 1442 eis
1595 1416 1676 1442 verba
1693 1416 1850 1443 novissima

1056 1465 1138 1497 atque
1148 1461 1333 1488 consolatoria
1344 1464 1371 1488 et
1380 1468 1441 1496 quae
1452 1461 1607 1488 necessaria
1622 1465 1719 1494 erant;
1734 1461 1848 1494 deinde.

1057 1505 1126 1534 fusis
1141 1506 1174 1533 ad
1191 1505 1274 1534 Deum
1301 1507 1428 1542 precibus
1448 1507 1508 1536 vale
1522 1507 1627 1536 faciens
1655 1508 1722 1541 illis,
1737 1508 1850 1536 dimisit

1055 1560 1150 1580 omnes
1169 1553 1196 1580 in
1212 1561 1288 1588 pace.

1090 1598 1138 1626 His
1159 1599 1196 1625 ita
1212 1600 1342 1634 peractis,
1359 1600 1440 1636 longe
1465 1601 1574 1636 lateque
1590 1601 1689 1636 ubique
1704 1601 1848 1637 vulgatum

1053 1649 1095 1672 est
1111 1645 1183 1680 quod
1210 1645 1292 1673 Arius
1317 1654 1332 1673 a
1356 1647 1489 1674 catholica
1507 1647 1612 1675 unitate
1628 1648 1731 1682 absque
1747 1648 1849 1675 deifico

1055 1695 1120 1717 nutu
1131 1698 1186 1717 non
1198 1691 1234 1718 sit
1247 1691 1383 1720 abscisus.
1400 1691 1447 1720 llle
1468 1697 1559 1721 autem
1572 1692 1683 1720 fallendi
1700 1693 1804 1721 artifex
1820 1698 1848 1721 et

1052 1737 1138 1764 totius
1157 1737 1286 1772 nequitia:
1302 1738 1462 1771 seminator,
1484 1739 1511 1766 in
1528 1739 1570 1767 sui
1587 1739 1706 1774 pectoris
1721 1739 1848 1776 labyrin-

1052 1781 1099 1809 tho
1116 1782 1256 1817 vipereum
1271 1783 1345 1811 virus
1360 1783 1500 1812 occuitare
1517 1792 1573 1811 non
1599 1783 1760 1817 desinebat,
1783 1793 1846 1820 spe-

1052 1836 1117 1855 rans
1130 1836 1159 1857 so
1171 1829 1207 1856 ab
1220 1829 1326 1856 Achilla
1341 1830 1383 1857 vel
1410 1830 1565 1858 Alexandro
1582 1831 1768 1859 reconciliari.
1796 1831 1846 1859 Hic

1051 1880 1094 1903 est
1109 1875 1154 1903 ille
1169 1875 1251 1903 Arius
1264 1876 1470 1910 haeresiarches,
1483 1878 1728 1906 consubstantialis
1752 1883 1781 1906 et
1805 1880 1846 1906 in-

1051 1922 1167 1949 dividua:
1183 1921 1326 1950 Trinitatis
1343 1923 1457 1950 divisor.
1484 1923 1535 1951 Hic
1558 1925 1663 1959 estqui
1691 1932 1739 1952 ore
1760 1929 1846 1954 teme‘

1051 1968 1124 1995 rario
1137 1967 1281 1996 Dominum
1302 1967 1471 1996 Salvatorem
1488 1977 1570 2004 super
1582 1978 1679 1998 omnes
1698 1971 1845 2000 haereticos

1051 2014 1240 2050 blasphemare
1255 2022 1310 2042 non
1331 2015 1438 2048 metuit,
1455 2015 1598 2043 Dominum
1610 2036 1618 2049 ,
1642 2017 1768 2052 inquam,
1785 2019 1844 2045 Sal-

1049 2064 1180 2093 vatorem,
1206 2062 1252 2096 qui
1278 2061 1412 2089 humanos
1442 2063 1588 2090 miseratus
1611 2071 1730 2096 errores,
1747 2065 1844 2092 morti-

1050 2105 1114 2133 ferte
1139 2106 1323 2135 damnationis
1348 2107 1462 2134 interitu
1477 2108 1627 2143 condolens
1642 2109 1732 2143 perire
1758 2117 1844 2138 sacu-

1050 2152 1116 2185 lum,
1131 2161 1181 2188 pro
1205 2153 1332 2181 omnibus
1355 2153 1434 2181 nobis
1462 2161 1545 2182 carne
1570 2156 1625 2190 pati
1641 2155 1774 2190 dignatus
1787 2160 1841 2187 est.

1013 2200 1036 2228 Ι)
1050 2198 1143 2234 Neque
1157 2200 1229 2227 enim
1242 2199 1388 2232 divinitas,
1406 2207 1466 2235 quae
1487 2201 1581 2236 utique
1597 2201 1777 2236 impassibilis
1788 2206 1842 2234 est,

1051 2245 1206 2280 passionem
1236 2245 1387 2273 incurrisse
1421 2246 1558 2274 credenda
1589 2251 1642 2274 est.
1681 2246 1736 2274 Sed
1778 2249 1842 2282 quia

1050 2292 1168 2326 theologi
1193 2290 1288 2319 Patres
1318 2292 1474 2326 hujusmodi
1495 2293 1679 2328 blasphemias
1704 2300 1720 2319 a
1737 2293 1841 2320 catho—

1049 2337 1110 2365 licis
1130 2337 1242 2365 auribus
1259 2338 1365 2365 meliori
1392 2339 1462 2373 stylo
1481 2340 1576 2374 procul
1595 2347 1724 2368 amovere
1751 2347 1840 2367 cura-

1049 2386 1127 2415 runt,
1148 2386 1175 2410 et
1193 2383 1272 2411 nobis
1291 2383 1364 2411 aliud
1385 2384 1524 2418 imminet,
1546 2385 1692 2413 redeamus
1711 2386 1746 2413 ad
1769 2394 1840 2422 pro—

1049 2429 1177 2464 positum.

1084 2474 1284 2509 Sagacissimus
1319 2474 1401 2509 igitur
1435 2475 1578 2510 pontifex,
1615 2476 1838 2505 animadvertens

1048 2520 1266 2548 cruentissimam
1280 2521 1451 2549 tribunorum
1472 2523 1622 2558 stropham,
1641 2523 1714 2558 quod
1727 2524 1764 2551 ob
1778 2525 1838 2557 ejus

1047 2566 1257 2602 perpetrandam
1285 2574 1398 2598 necem,
1419 2575 1528 2595 omnem
1545 2568 1768 2596 Christianorum
1791 2569 1836 2604 qui

1047 2617 1113 2640 tunc
1136 2613 1249 2640 aderant
1277 2613 1480 2642 multitudinem
1498 2615 1589 2650 gladio
1605 2615 1766 2644 interimere
1785 2615 1837 2644 vel-

1082 2703 1252 2741 (b)>Rursusi
1270 2708 1352 2741 recte
1365 2710 1460 2733 noster
1486 2706 1552 2733 vitat
1566 2713 1698 2741 errarem
1722 2706 1836 2741 biogra-

1046 2740 1091 2774 phi
1121 2739 1208 2766 Graeci
1234 2740 1445 2775 Gomhelisiani,
1475 2741 1521 2775 qui
1552 2740 1709 2768 lleraclium
1734 2739 1836 2768 ac‘Dc-

1045 2775 1170 2838 alica-ium
1183 2779 1244 2810 post
1258 2774 1405 2803 Sabellium
1418 2783 1450 2803 ac
1465 2774 1620 2812 Dionysium
1631 2776 1719 2805 fuisse
1733 2777 1835 2805 diserte

1064 2818 1098 2838 ιω
1114 2831 1121 2838 .
