1909 3069
72 112 116 143 itii

745 111 836 141 ACTA
856 110 1012 141 SINCERA.

1647 113 1700 144 861

72 176 135 207 ient,
148 172 238 204 noluit
256 185 306 206 eos
320 177 424 213 pariter
446 185 540 206 secum
559 177 652 206 subire
670 176 767 204 mortis
788 183 863 204 acer-
875 178 900 207 Α
912 177 973 211 ejus
998 176 1128 204 liberator
1152 177 1273 204 omnium
1298 176 1425 204 Christus
1449 176 1540 212 cingit,
1569 176 1617 204 tibi
1637 176 1699 205 fidei

72 221 182 249 bitatem
195 231 204 256 ;
218 223 268 251 sed
287 223 374 252 ﬁdelis
392 232 487 252 servus
509 223 619 251 imitans
642 223 787 251 Dominum
806 221 863 249 Sal-

73 273 205 300 vatorem.
218 271 266 305 qui
282 270 352 298 dixit
367 275 395 298 et
412 270 494 303 fecit,
522 269 618 297 Pastor
641 268 723 296 bonus
745 268 862 295 animum

71 322 148 342 suam
164 315 240 349 ponit
259 322 307 349 pro
321 316 411 344 ovibus
429 316 504 348 suis,
526 323 558 343 ex
572 316 680 351 pietatis
700 319 861 350 argumento

72 363 179 386 vocavit
195 368 282 388 unum
299 361 434 389 seniorem
450 369 481 388 ex
496 361 539 388 his
559 361 605 396 qui
622 359 723 388 ibidem
747 363 863 394 respon-

73 405 109 432 sis
126 405 188 440 ejus
204 406 385 438 inhaerebant,
402 411 429 434 et
443 407 511 434 dixit
523 407 549 434 ei
566 416 574 434 :
591 406 665 434 Vade
686 406 720 438 ad
735 407 861 433 tribunos

71 451 117 486 qui
142 459 187 478 me
206 452 361 480 interﬁcere
375 456 512 488 quaerunt,
527 456 555 480 et
581 452 665 480 dicito
688 452 728 479 eis
744 461 751 479 :
766 451 862 479 Cesset

71 497 162 523 omnis
178 497 316 528 anxietas.
331 505 394 525 ecce
408 501 551 533 promptus
562 505 622 525 sum
638 499 792 525 ultroneum
819 504 862 524 me

72 542 123 570 illis
141 543 277 577 ingerere.
304 542 360 570 [lac
377 543 475 570 etenim
492 547 572 570 nocte
595 543 706 570 veniant
725 547 787 577 post
804 545 861 569 tero

70 595 133 621 gum
165 589 266 616 domus
292 589 411 617 carceris
436 589 529 624 hujus,
545 593 573 617 et
599 590 626 616 in
643 597 698 624 quo
723 589 785 616 loco
813 595 862 615 au-

71 634 173 662 dierint
192 635 300 670 signum
315 635 341 662 in
358 636 459 670 pariete
473 636 508 663 ab
525 636 600 663 intus
610 635 724 667 factum,
742 635 778 662 ibi
797 634 862 662 ell'o-

70 681 179 710 dientes
195 683 333 717 excipiant
351 690 410 714 me,
434 683 630 718 perﬁciantque
653 681 726 718 quod
750 681 802 710 sibi
819 685 862 709 est

71 727 248 761 imperatum.
265 726 363 754 Senior
377 735 453 759 vero,
471 727 664 762 obtemperans
688 725 861 761 jussionibus

70 773 243 801 sanctissimi
260 773 312 800 viri
335 773 435 809 (neque
448 774 520 802 enim
539 777 614 801 tanto
633 773 707 800 Patri
724 772 862 800 contradi-

69 825 135 846 cere
149 819 280 856 poterat),
297 819 364 847 abiit
393 820 426 847 ad
452 819 578 848 tribunos
606 823 634 847 et
660 819 798 847 intimavit
821 819 862 846 eis

915 222 1079 258 praeconium
1092 230 1141 257 per
1151 226 1234 250 totam
1251 221 1397 258 Egyptum
1411 227 1438 251 et
1452 224 1555 251 circum
1567 225 1699 253 terminos

914 269 975 304 ejus
992 270 1121 297 insonare
1136 269 1283 297 commisit.
1301 269 1353 301 Tu,
1380 270 1502 305 inquam,
1517 271 1698 299 ministerium

915 315 1041 343 humanae
1059 316 1168 347 salutis,
1192 315 1266 351 quod
1291 316 1340 344 tibi
1358 316 1490 344 creditum
1515 317 1611 349 fuerat,
1631 314 1700 353 vigi-

915 362 1004 389 lanter
1018 362 1148 397 explesti;
1178 361 1259 396 hujus
1285 361 1413 389 nimirum
1430 362 1532 390 laboris
1546 364 1698 391 mercedem

915 408 1039 444 martyrii
1065 408 1183 442 palmam
1211 407 1350 442 percipere
1381 407 1513 434 meruisti.
1538 406 1615 436 Unde
1643 416 1698 436 non

916 453 1052 480 immerito
1065 452 1165 488 dignus
1179 460 1209 479 es
1222 452 1388 488 evangelista
1405 452 1486 480 simul
1505 456 1532 480 et
1552 453 1698 488 episcopus

915 499 1067 534 praedicari.
1082 499 1132 526 Tui
1155 507 1252 533 nempe
1279 507 1423 527 successor
1452 499 1503 526 fuit
1518 499 1656 532 Anianus,
1671 504 1699 527 et

914 545 1013 579 reliqui
1030 544 1068 580 (α)
1086 552 1134 580 per
1153 544 1311 572 succiduam
1330 544 1428 571 seriem
1449 552 1536 579 usque
1550 544 1583 571 ad
1598 545 1700 573 beatis-

915 591 1014 618 simum
1029 589 1168 618 Theonam
1185 590 1231 625 qui
1246 598 1312 618 mete
1331 590 1453 618 infantia:
1467 590 1596 626 colaphos
1622 590 1698 623 dare.

914 643 941 666 et
957 645 1044 665 meam
1058 637 1175 665 indolem
1190 638 1296 666 nutrire
1310 637 1438 672 dignatus
1467 641 1519 666 est.
1544 637 1595 665 Cui
1617 637 1698 664 etiam

914 691 965 719 ego
979 688 1107 719 peccator
1123 687 1150 710 et
1163 683 1291 718 indignus
1308 683 1378 710 ultra
1393 683 1699 710 meritumhazreditario

915 729 1000 765 gradu
1016 737 1161 757 successor
1173 729 1286 757 effectus
1304 736 1375 756 sum.
1393 728 1426 756 Et
1442 729 1515 764 quod
1528 729 1699 764 potissimum

914 779 967 809 est,
989 783 1054 803 ecce
1077 775 1222 803 Dominicte
1248 775 1356 810 pietatis
1377 775 1484 810 largitio
1508 783 1551 803 me
1574 775 1700 811 pretioste

915 822 1006 850 crucis
1021 829 1053 849 ac
1069 822 1171 850 festivae
1185 822 1322 849 anastasis
1347 826 1493 857 martyrem
1511 822 1568 849 ﬁeri
1596 822 1699 850 condo-

70 865 144 901 quod
167 866 220 893 sibi
245 865 333 894 fuerat
356 866 519 902 iniunctum.
546 865 625 900 Quod
656 865 696 893 illi
721 865 864 892 audientes
879 863 900 890 Β
915 869 999 901 navit,
1014 869 1138 896 tribuens
1154 875 1221 895 mete
1237 867 1373 895 devotioni
1387 876 1442 896 suae
1453 869 1588 903 passionis
1598 869 1698 903 jucun-

69 912 149 940 valde
176 912 262 947 gavisi
289 917 371 945 sunt,
401 918 426 941 et
455 917 626 941 assumcntes
646 913 764 940 iatomos
787 912 860 939 circa

70 959 161 986 noctis
186 958 267 992 hujus
281 959 444 986 matutinum
460 963 567 994 tempus
585 962 718 986 venerunt
732 958 792 986 sine
808 959 861 985 mi-

69 1005 165 1032 iitibns
186 1005 219 1032 ad
239 1006 329 1032 locum
347 1005 394 1041 qui
410 1004 462 1033 sibi
478 1004 566 1033 fuerat
587 1009 726 1033 ostensus.
744 1004 793 1031 Vir
812 1012 862 1031 au-

70 1056 124 1078 tem
156 1050 266 1078 Domini
294 1051 360 1086 vigil
387 1052 415 1078 in
449 1052 574 1079 oratione
594 1055 621 1078 et
647 1051 748 1086 vigiliis
774 1054 860 1078 totam

70 1101 179 1124 noctem
196 1097 351 1124 insomnem
367 1097 495 1124 (luxerat.
510 1096 545 1123 At
560 1097 605 1124 ubi
621 1105 715 1124 eorum
734 1096 861 1132 cognovit

70 1143 229 1175 adventum,
247 1144 355 1171 cunctis
370 1142 416 1178 qui
433 1151 525 1171 secum
540 1144 653 1171 aderant
670 1151 767 1178 sopore
784 1143 861 1178 quie-

70 1189 224 1222 scentibus,
237 1190 310 1217 lento
325 1187 410 1225 gradu
435 1190 576 1225 ingressus
596 1193 638 1217 est
661 1190 687 1216 in
703 1189 860 1216 interiorem

69 1235 191 1262 carceris
216 1239 333 1270 partem.
357 1238 383 1262 et
399 1235 478 1269 juxta
503 1235 657 1263 condictam
684 1235 859 1270 sponsionem

68 1287 169 1308 sonum
199 1281 318 1308 faciebat
342 1281 369 1308 in
396 1281 515 1316 pariete;
540 1289 621 1316 quem
644 1281 683 1308 illi
707 1280 860 1309 forinsecus

67 1328 233 1360 audientes,
272 1328 343 1356 facto
376 1328 509 1356 foramine
543 1330 724 1363 susceperunt
757 1327 859 1356 Christi

43 1391 49 1401 ε
67 1374 200 1401 athletam
231 1381 287 1402 non
302 1381 371 1401 aerea
388 1372 472 1400 lorica
484 1394 491 1406 ,
516 1373 563 1401 sed
589 1375 690 1401 virtute
712 1373 860 1400 Dominicte

67 1421 159 1448 crucis
174 1418 297 1455 undique
312 1422 446 1449 munitum
458 1443 465 1454 ,
484 1424 662 1456 paratumque
688 1419 799 1455 implere
816 1419 856 1446 di-

67 1465 158 1492 vinum
176 1474 331 1494 sermonem
350 1468 396 1502 qui
419 1466 485 1494 dicit
502 1476 508 1495 :
528 1465 619 1493 Nolite
642 1466 732 1492 timere
757 1474 800 1492 eos
815 1466 860 1500 qui

66 1521 161 1548 corpus
182 1513 317 1545 orcidunt,
347 1515 463 1541 animum
488 1518 575 1541 autem
595 1521 646 1540 non
668 1517 776 1547 possunt
789 1512 859 1539 occi-

65 1561 147 1593 dere;
161 1560 208 1588 sed
221 1562 309 1595 potius
324 1569 384 1588 eum
404 1561 493 1588 timete
508 1561 553 1595 qui
566 1564 650 1594 potest
664 1564 689 1586 et
704 1560 821 1586 animant
833 1564 858 1586 et

68 1615 162 1642 :orpus
177 1606 287 1642 perdere
304 1608 331 1634 in
346 1607 500 1642 gehennam.
514 1606 581 1633 Mira
599 1606 659 1633 res!
673 1604 738 1632 Tam
753 1606 858 1634 validus

66 1653 197 1680 imbrium
215 1653 295 1682 turbo
308 1653 519 1688 collisioncsque
534 1657 678 1680 ventorum
706 1652 733 1679 in
761 1652 857 1679 eadem

65 1704 211 1735 strepuere
235 1703 327 1732 nocte,
344 1704 375 1726 ut
396 1707 475 1726 nemo
491 1705 585 1726 eorum
607 1698 655 1733 qui
676 1698 859 1726 obserVabant

64 1746 192 1773 carceris
214 1736 306 1777 fores,
331 1750 424 1780 posset
448 1744 542 1772 audire
570 1741 714 1772 eﬁ‘odiendi
748 1752 856 1772 sonum.

65 1792 314 1821 Constantissimus
335 1796 426 1820 autem
450 1796 553 1827 martyr
567 1793 681 1828 urgebat
708 1790 858 1819 homicidas

65 1839 152 1866 illos:
174 1838 279 1870 Facite,
307 1838 445 1874 inquiens,
463 1838 535 1874 quod
562 1837 662 1864 facturi
686 1838 764 1869 estis,
781 1837 857 1872 prius

65 1894 148 1921 quam
162 1886 215 1914 hoc
229 1887 350 1914 sentiant
362 1886 408 1921 qui
420 1894 463 1914 me
475 1882 678 1914 custodiebant.

99 1934 136 1960 At
152 1933 192 1960 illi
205 1933 333 1961 tollentes
348 1941 410 1960 eum
429 1932 567 1960 duxerunt
584 1933 611 1958 in
634 1932 723 1959 locum
738 1932 785 1967 qui
813 1932 856 1960 di-

64 1979 138 2006 citur
153 1978 283 2011 Bucolia,
299 1978 347 2005 ubi
373 1982 401 2006 et
428 1981 541 2005 sanctus
568 1976 678 2005 Marcus
694 1978 856 2013 martyrium

64 2032 113 2060 pro
132 2024 241 2052 Christo
258 2025 391 2060 suscepit.
404 2024 544 2059 Stupenda
563 2026 722 2052 sanctorum
747 2024 853 2052 virtus!

63 2070 133 2098 Cum
157 2079 219 2098 eum
236 2071 380 2103 ducerent,
405 2074 433 2098 et
455 2074 557 2097 tantam
574 2070 647 2098 illius
673 2069 854 2096 constantiam

62 2117 138 2145 circa
157 2117 288 2145 funereos
301 2125 382 2144 casus
394 2121 555 2152 tantumque
571 2116 655 2143 animi
667 2115 751 2142 robur
766 2116 855 2150 inspi-

61 2167 158 2191 cerent
169 2184 177 2196 ,
202 2164 295 2192 subito
310 2163 440 2192 horridus
456 2171 539 2199 pavor
556 2163 724 2197 timidusque
752 2167 855 2189 tremor

872 1536 893 1564 C

912 914 976 941 dum
988 913 1110 945 odorem,
1131 917 1160 940 ut
1175 917 1201 940 et
1218 921 1269 947 ego
1286 913 1402 940 hostiam
1420 914 1471 940 mci
1487 914 1594 941 cruoris
1613 914 1698 942 libare

912 959 951 986 illi
974 959 1072 995 dignus
1096 959 1206 987 eiliciar.
1231 959 1264 986 Et
1290 959 1354 994 quia
1377 959 1533 986 istiusmodi
1559 960 1698 988 libationis

911 1010 989 1040 urget
1004 1005 1147 1036 articulus,
1164 1013 1212 1032 ora
1240 1013 1288 1040 pro
1315 1013 1357 1033 me
1374 1009 1420 1037 ut,
1438 1005 1528 1032 divina
1548 1006 1698 1040 opitulante

911 1051 1023 1083 virtute,
1033 1051 1150 1078 stadium
1168 1050 1249 1085 hujus
1264 1050 1359 1085 agonis
1374 1049 1456 1077 corde
1472 1050 1585 1078 robusto
1602 1058 1633 1077 ac
1646 1050 1698 1078 ﬁde
1714 1064 1735 1081 ι,-

912 1097 1115 1132 promptissima
1133 1095 1264 1131 perﬁcere
1287 1103 1401 1123 merear.
1429 1095 1599 1123 Commendo
1615 1096 1697 1123 etiam

911 1148 964 1170 tuae
977 1143 1103 1178 gloriosae
1128 1142 1284 1177 paternitati
1298 1141 1492 1169 Christicolum
1509 1149 1633 1176 gregem,
1649 1142 1697 1176 qui

911 1190 978 1216 mihi
1004 1188 1134 1224 pastorali
1156 1188 1288 1223 regimine
1305 1188 1469 1215 commissus
1489 1191 1549 1221 est;
1567 1188 1627 1220 tibi,
1656 1188 1698 1215 in-

912 1241 1005 1271 quam,
1025 1243 1086 1263 cum
1112 1235 1273 1270 suppliciter
1297 1235 1472 1267 commendo,
1499 1235 1546 1269 qui
1575 1235 1696 1262 omnium

911 1282 1121 1318 praecedentium
1139 1290 1177 1310 ac
1196 1282 1421 1316 subsequentiqu
1438 1282 1465 1308 in
1481 1281 1532 1309 hoc
1548 1281 1696 1316 pontificali

913 1329 1010 1356 throno
1027 1332 1124 1356 auctor
1143 1332 1225 1363 atque
1248 1332 1322 1355 tutor
1348 1335 1409 1355 esse
1435 1327 1575 1363 probaris,
1595 1328 1697 1363 quique

911 1375 992 1409 huius
1015 1374 1161 1410 primatum
1177 1374 1292 1408 habens,
1319 1382 1373 1401 non
1399 1373 1528 1405 hominis,
1545 1373 1592 1401 sed
1607 1373 1654 1400 Dei
1670 1377 1698 1401 et

910 1421 1030 1448 hominis
1040 1420 1106 1449 Jesu
1119 1421 1232 1452 Christi,
1242 1427 1388 1448 successor
1401 1420 1521 1448 exsistis.
1534 1419 1568 1445 Et
1581 1419 1637 1447 haec
1655 1419 1698 1446 dio

910 1475 986 1499 cens,
1006 1466 1079 1494 haud
1095 1467 1174 1502 longe
1196 1474 1212 1494 a
1236 1474 1315 1495 sacro
1332 1467 1437 1493 tumulo
1451 1466 1562 1494 remotis
1576 1467 1697 1501 vcsugiis

910 1513 1092 1548 manibusque
1108 1513 1135 1540 in
1151 1513 1250 1540 cmlum
1265 1512 1396 1544 extensis,
1410 1520 1476 1540 voce
1492 1519 1588 1547 magna
1606 1520 1698 1548 preca-

910 1562 954 1586 tus
971 1568 978 1587 :
997 1559 1151 1595 Unigenite,
1165 1559 1264 1594 inquit,
1279 1558 1396 1586 Verbum
1412 1559 1505 1586 aeterm
1525 1558 1615 1586 Patris
1631 1558 1696 1587 Jesu

909 1605 1028 1637 Christe.
1036 1606 1134 1633 exaudi
1144 1613 1187 1633 me
1195 1609 1269 1632 tuam
1280 1605 1496 1640 interpellantem
1506 1605 1694 1639 clementiam;

909 1652 1033 1687 paciﬁca,
1058 1657 1160 1687 quaeso,
1188 1655 1377 1687 tempestatem
1402 1651 1532 1679 Ecclesiae
1549 1657 1610 1683 tum.
1628 1651 1697 1678 eﬁu-

910 1699 987 1727 sione
1001 1699 1142 1734 sanguinis
1157 1698 1210 1725 mei
1226 1698 1296 1726 servi
1317 1698 1356 1725 tui
1379 1698 1513 1725 conclude
1528 1697 1697 1732 persecutio-

908 1752 970 1772 nem
990 1745 1083 1780 populi
1108 1744 1158 1772 tui.
1176 1743 1254 1771 'l‘unc
1280 1744 1403 1779 quaedam
1424 1744 1501 1779 virgo
1523 1743 1578 1771 Deo
1594 1743 1694 1776 dicata,

907 1799 968 1826 qum
1003 1791 1194 1819 asceteriolum
1221 1790 1304 1826 hujus
1337 1791 1512 1826 evangelista}
1538 1791 1694 1818 cmmeterio

907 1838 1108 1865 conterminum
1125 1837 1254 1868 habebat,
1276 1841 1440 1873 pernoctans
1456 1837 1484 1864 in
1507 1837 1630 1864 oratione
1642 1843 1693 1864 au-

907 1884 975 1911 divit
1001 1891 1094 1912 vocem
1122 1884 1155 1912 de
1185 1884 1255 1911 ctelo
1281 1884 1415 1911 dicentem
1438 1882 1560 1910 :Petrus
1586 1883 1693 1910 initium

906 1931 1104 1966 apostolorum,
1122 1924 1220 1959 Petrus
1237 1931 1299 1959 ﬁnis
1325 1934 1475 1966 martyrum
1503 1930 1693 1965 episcoporum

905 1977 1087 2005 Alexandriae.

941 2022 1080 2060 Completa
1110 2025 1235 2053 oratione
1266 2025 1429 2053 deosculans
1464 2024 1586 2052 tumbam
1619 2021 1692 2052 beati

905 2071 1077 2105 evangelista
1090 2074 1116 2098 et
1133 2070 1300 2106 reliquorum
1320 2071 1478 2107 pontificum
1499 2071 1545 2106 qui
1566 2071 1633 2098 inibi
1649 2075 1693 2097 tu-

905 2114 1000 2141 mulati
1012 2117 1101 2148 erant,
1115 2112 1198 2143 exivit
1218 2116 1251 2143 ad
1264 2116 1401 2144 tribunos.
1417 2117 1452 2143 At
1464 2117 1501 2143 illi
1516 2117 1638 2144 videntes
1652 2116 1692 2142 fa-

905 2160 974 2187 ciem
986 2158 1047 2195 ejus
1060 2165 1188 2197 tanquam
1205 2161 1301 2190 faciem
1323 2163 1422 2198 angeli,
1439 2166 1543 2190 terrore
1560 2163 1690 2198 perculsi,

60 2217 111 2238 eos
126 2210 227 2237 invasit
242 2209 271 2236 in
285 2213 392 2237 tantum
417 2213 447 2236 ut
468 2209 560 2236 nullus
586 2217 620 2236 ex
641 2209 682 2236 eis
709 2207 737 2234 in
755 2207 851 2234 faciem
868 2210 890 2237 Ι)
904 2202 1070 2233 verebantur
1092 2207 1117 2234 ei
1133 2205 1234 2240 aliquid
1252 2208 1285 2235 de
1303 2206 1415 2236 instanti
1436 2216 1522 2245 agone
1539 2208 1623 2243 loqui.
1642 2208 1692 2235 Ve-

60 2256 123 2290 ejus
146 2255 289 2283 intendere
311 2256 436 2283 auderet.
455 2255 579 2290 Rogabat
603 2259 733 2289 praeterea
749 2257 852 2288 martyr

61 2300 239 2329 beatissimus
255 2305 285 2328 ut
302 2301 424 2329 sinerent
440 2308 501 2328 eum
515 2300 549 2327 ad
566 2299 655 2327 sancti
668 2299 750 2327 Marci
770 2307 853 2327 evan-

60 2348 166 2383 gelista:
180 2347 342 2375 memoriam
364 2347 419 2380 ire;
436 2346 562 2381 cupiebat
582 2345 655 2373 enim
672 2345 732 2379 ejus
748 2352 778 2373 se
804 2353 852 2381 pa-

60 2394 185 2422 trociniis
207 2393 411 2422 commendare.
436 2392 472 2419 At
490 2392 529 2419 illi
544 2399 600 2427 pra:
621 2391 736 2426 pudoris
756 2391 852 2418 confu-

60 2441 137 2468 sione
150 2444 250 2467 terram
266 2439 470 2474 despectantes,
483 2437 589 2469 Facito,
612 2437 750 2472 inquiunt,
777 2437 849 2471 quod

59 2486 111 2518 vis.
127 2490 235 2514 tantum
250 2485 384 2513 velocius.
409 2484 552 2512 Accedens
577 2485 669 2518 itaque
689 2483 850 2518 complexus

58 2537 101 2560 est
113 2532 332 2559 sacratissimum
351 2530 525 2566 evangelista
537 2529 738 2562 cmmeterium,
755 2533 781 2557 et
794 2529 852 2556 vel-

59 2581 96 2606 uti
123 2580 150 2606 in
171 2586 257 2606 carne
276 2577 377 2605 viventi
395 2582 477 2612 atque
504 2576 625 2605 audienti
648 2577 779 2611 loquens,
797 2575 850 2602 hoc

57 2625 139 2652 modo
155 2624 322 2659 precabatur
339 2632 345 2650 :
365 2622 444 2650 Pater
460 2622 664 2652 honestissime.
690 2625 717 2648 tu
732 2629 850 2655 evange-

58 2671 119 2697 lista
130 2670 264 2706 unigeniti
277 2668 437 2702 Salvatoris,
453 2673 481 2696 tu
495 2669 574 2696 testis
590 2669 748 2703 passionum
764 2667 849 2699 illius,

60 2719 83 2742 le
107 2716 226 2751 primum
255 2714 411 2751 pontiﬁcem
436 2718 463 2742 et
492 2714 692 2742 ﬁrmamentum
713 2712 850 2740 cathedrae

904 2255 1058 2280 rumtamen
1069 2253 1133 2287 quia
1148 2250 1219 2281 Deus
1241 2261 1294 2280 non
1321 2254 1422 2281 deserit
1447 2258 1589 2289 sperantes
1606 2254 1632 2280 in
1649 2262 1689 2285 se,

904 2297 992 2324 noluit
1011 2302 1158 2334 martyrem
1173 2304 1252 2326 suum
1268 2299 1295 2326 in
1312 2299 1428 2326 articulo
1443 2301 1511 2327 tanti
1523 2299 1690 2327 discriminis

905 2344 1007 2379 absque
1025 2345 1123 2372 solatio
1146 2345 1310 2381 relinquere.
1325 2343 1396 2373 Ecce
1421 2346 1532 2381 quidam
1560 2352 1642 2374 senex
1663 2350 1691 2373 et

904 2390 1028 2425 quaedam
1044 2391 1121 2426 virgo
1140 2392 1228 2419 vetula
1245 2393 1385 2420 venientes
1404 2400 1439 2420 ex
1463 2392 1571 2427 oppidis
1588 2400 1692 2428 prope-

904 2437 1001 2464 rabant
1014 2437 1042 2464 in
1058 2438 1206 2470 civitatem,
1225 2447 1340 2473 quorum
1363 2447 1433 2466 unus
1448 2442 1564 2474 quatuor
1581 2439 1691 2466 vernali-

904 2482 962 2510 cias
978 2483 1117 2511 deferebat
1134 2485 1229 2519 pelles,
1256 2485 1338 2512 altera
1364 2490 1473 2520 quoque
1488 2485 1609 2519 geminas
1626 2486 1692 2513 sin-

904 2529 1000 2557 dones.
1015 2529 1138 2558 Cernens
1152 2538 1200 2558 eos
1216 2531 1312 2558 beatus
1336 2531 1450 2559 antistes
1460 2553 1467 2564 ,
1485 2531 1611 2567 cognovit
1626 2540 1692 2568 erga

904 2582 934 2602 se
949 2575 1068 2603 divinam
1090 2577 1330 2612 dispensationem.
1354 2578 1430 2605 Illico
1450 2581 1626 2613 percontatus
1649 2586 1691 2606 cst

904 2621 999 2649 dicens
1015 2631 1022 2648 τ
1037 2622 1186 2651 Christiani
1202 2624 1290 2652 estis?
1306 2624 1351 2659 qui
1372 2624 1500 2652 dixerunt
1518 2634 1524 2651 ε
1541 2624 1639 2651 Etiam.
1659 2623 1690 2651 Et

904 2667 952 2699 ait,
966 2674 1020 2703 quo
1035 2667 1169 2705 pergitis?
1184 2669 1217 2697 Et
1233 2670 1270 2697 illi
1291 2680 1298 2697 :
1320 2670 1360 2697 Ad
1380 2670 1526 2702 nundinas,
1551 2670 1689 2705 inquiunt,

904 2713 981 2741 urbis
996 2718 1025 2741 ut
1038 2715 1224 2744 venundemus
1241 2715 1299 2743 haec
1314 2722 1374 2752 qua:
1385 2715 1543 2744 deferimus.
1558 2715 1692 2743 Clemen—

91 2807 128 2843 (α)
145 2808 220 2836 Bene
249 2809 356 2843 noster_
371 2805 505 2843 per_h_anc
533 2803 703 2832 reticentiam
735 2803 800 2830 vitat
822 2803 962 2830 nominum
979 2802 1210 2838 perturbationem
1224 2809 1284 2837 quae
1296 2802 1418 2830 occurrit
1433 2802 1461 2829 in
1479 2801 1555 2829 Actis
1572 2799 1692 2828 Combe:

58 2840 158 2872 lisianis
168 2848 196 2872 et
208 2843 237 2870 in
254 2841 317 2870 cod.
337 2840 396 2868 Vat.
410 2841 471 2868 622.
