1909 3069
218 170 269 197 HS

709 170 906 198 ALEXANDBI
927 170 1078 199 EPlSCOPl
1097 169 1347 198 LYCOPOLITANI

1781 168 1831 196 ζμ

218 230 268 252 est.
283 225 354 253 Sane
370 226 442 260 quod
458 227 492 254 ah
514 227 606 262 aliquo
622 226 761 255 conditum
773 231 825 260 est,
846 227 871 254 id
887 227 932 255 illo
950 227 992 255 de-

1048 227 1193 262 τεχητῶν,
1206 228 1255 254 ὅσα
1264 227 1366 253 τούτων
1383 226 1460 261 ἔργα.
1481 226 1512 252 Et
1522 224 1568 258 οὖν
1582 226 1631 261 τῆς
1645 226 1710 261 ὕλης
1724 225 1805 261 ⁴ἔργον
1818 227 1831 253 ό

217 272 302 299 terius
324 279 384 299 esse
411 276 439 298 ut
466 272 652 305 existimetur,
679 277 756 301 extra
783 274 995 303 controversiam

217 319 267 344 est.
289 315 334 343 Sic
348 317 419 349 enim
441 317 559 348 mundus
575 318 705 346 Creatore
726 319 856 351 deterius,
872 327 918 346 seu
933 318 996 352 Opi-

216 361 280 394 ﬁce;
297 365 325 389 et
343 362 504 394 artiﬁcibus,
526 371 695 399 quaecunque
719 365 785 392 artis
801 372 882 399 opera
907 367 992 391 sunt:

1049 272 1199 307 ἄνθρωπος,
1211 272 1318 303 πάντως
1336 280 1386 297 που
1405 271 1506 306 ταύτης
1524 272 1621 306 χεῖρον.
1641 271 1726 305 "nn;
1741 270 1769 296 δὲ
1787 271 1830 297 κά-

1049 323 1106 341 κιον
1117 315 1140 341 ol
1153 315 1246 350 ἄνδρες
1256 315 1329 341 οὐδὲν
1342 314 1539 340 καταλείπουσι·
1551 315 1596 340 καὶ
1610 315 1659 341 οὐχ
1669 314 1725 341 ἴσον
1739 316 1771 350 τῇ
1783 315 1830 351 ὕλῃ

1050 361 1194 397 μίγνυσθαι
1214 361 1263 395 τὴν
1277 360 1351 386 Θείαν
1364 360 1476 396 δύναμιν
1489 360 1535 386 καὶ
1548 360 1587 396 τῷ
1605 361 1705 396 ταύτης
1719 361 1820 396 χείρονι

215 407 287 442 quod
306 411 395 434 autem
416 408 528 435 materia
548 408 666 439 deterius
684 410 736 442 sit,
754 409 821 436 nihil
841 410 877 436 illi
900 409 993 440 voiunt
1008 407 1142 447 reliquum
1165 415 1236 441 esse.
1252 405 1305 433 Nec
1332 414 1381 447 par
1403 410 1445 433 est
1476 406 1583 438 misceri
1602 407 1733 438 materne,
1761 410 1788 434 et
1808 407 1831 434 ei

216 454 285 488 quod
299 454 413 484 materia
427 454 546 486 deterius
561 457 606 483 sit.

251 500 316 534 Quae
328 509 391 529 vero
413 503 490 537 quasi
511 503 678 538 indulgentia
702 511 734 531 ac
748 504 935 540 dispensaudo
955 504 998 537 di,-

214 551 289 580 cunt,
302 547 360 574 haec
373 545 424 577 nec
433 548 581 584 intelligere
594 550 727 578 videntur.
738 551 807 583 Quid
824 550 895 578 enim
908 558 998 580 causa:

214 596 266 624 est,
282 601 332 620 cur
351 593 398 621 Dei
414 594 558 630 imaginem
574 597 600 622 in
612 597 792 624 substantiam
810 597 929 624 hominis
941 604 997 623 ma-

214 637 311 664 teriam
323 639 449 674 alligasse
463 641 642 669 existiment?
655 643 707 670 Aut
727 651 777 670 cur
790 650 844 669 non
866 643 923 678 ipsa
939 642 997 670 sul-

215 683 309 712 liciens
328 685 428 720 imago,
445 687 517 714 velut
537 687 565 714 in
590 689 718 723 speculis,
735 693 765 716 ut
783 689 862 716 homo
883 696 996 724 appare-

215 728 275 755 ret?
289 728 342 756 Aut
356 730 428 765 sicut,
447 731 505 766 ipse
521 734 571 766 sol,
589 734 622 761 ad
641 734 762 761 omnium
773 741 833 769 quae
847 741 994 769 procrean-

214 778 269 806 tur,
284 781 373 803 ortum
385 784 416 804 ac
425 777 564 806 interitum
579 779 716 808 suiliciens
726 784 778 812 est,
791 788 900 815 sumque
910 780 994 815 ipsius

214 821 360 850 creationis
383 823 538 859 imaginem,
565 833 614 861 pro
636 827 747 854 creandi
765 834 878 854 munere
902 834 932 853 ac
952 826 994 852 fa-

1090 501 1124 526 ‘A
1140 499 1167 526 δὲ
1182 497 1400 533 οἰκονομούμενοι
1418 497 1536 530 λέγουσι,
1554 497 1639 523 ταῦτα
1655 497 1708 523 οὐδ’
1724 499 1832 533 ἐπινοῆ-

1051 554 1095 572 σαι
1111 544 1223 572 οἴονται.
1237 544 1285 570 Διὰ
1310 543 1335 569 τί
1359 542 1412 578 γὰρ
1429 543 1478 577 τῆς
1497 543 1648 578 κρείττονος
1674 544 1777 576 εἰκόνος
1793 546 1831 576 εἰς

1049 591 1098 627 τὴν
1114 590 1160 617 τοῦ
1171 588 1312 625 ἀνθρώπου
1326 588 1472 614 ὑπόστασιν
1487 588 1535 622 τὴν
1547 587 1611 623 ὓλην
1622 588 1745 615 δεδέσθαι
1759 591 1833 625 νομί-

1050 636 1141 669 ζουσιν
1153 644 1159 668 ;
1173 636 1208 661 Ἢ
1217 634 1261 661 διὰ
1271 634 1296 660 τί
1313 634 1362 660 οὐκ
1377 633 1514 668 αὐτάρκης
1529 634 1545 668 ἡ
1562 632 1653 665 εἰκὼν,
1666 633 1703 665 ὡς
1716 634 1763 660 ὲπὶ
1778 634 1832 660 τῶν

1048 681 1218 717 κατόπτρων,
1239 681 1306 716 πρὸς
1335 679 1365 705 τὸ
1388 679 1535 714 πεφηνέναι
1559 679 1604 705 τὸν
1623 679 1782 714 ἄνθρωπονς
1797 681 1832 706 'll

1046 728 1171 762 καθάπερ
1188 726 1267 757 αὐτὸς
1283 727 1297 752 ὸ
1309 725 1384 760 ἥλιος
1404 725 1471 759 πρὸς
1489 724 1594 758 γένεσιν
1620 725 1746 751 ἁπάντων
1777 725 1832 751 τῶν

1045 772 1194 807 γινομένων
1212 771 1259 797 καὶ
1287 769 1387 804 φθορὰν
1405 768 1551 804 αὐτάρκης·
1566 769 1717 803 ἐμιμήσατο
1730 769 1758 797 δὲ
1783 770 1832 804 τὴν

1045 817 1137 844 εἰκόνα
1166 816 1236 843 κατὰ
1260 815 1309 851 τὴν
1333 814 1439 850 ποίησιν
1453 814 1501 848 τῆς
1532 814 1663 848 σφετέρας
1685 814 1771 849 αὐτῆς
1783 815 1831 850 δη-

214 864 304 892 ciendi
319 856 460 897 aemulatus
477 856 667 904 esto-uenam
687 871 794 899 tandem
807 872 915 899 illorum
933 879 992 907 quae

1047 861 1199 898 μιουργίας.
1213 861 1272 887 Τίνι
1287 860 1350 886 ποτὲ
1366 856 1403 887 ὧν
1417 857 1506 893 εἷχενς
1522 857 1594 894 Ἀρά
1605 867 1636 893 γε
1651 861 1683 894 τῇ
1703 859 1831 896 μιχθείσῃ

214 909 403 953 habet?_Ergo
420 913 511 941 divina
529 916 617 944 virtus
633 917 673 944 sic
690 923 820 952 spectata,
839 917 933 951 organi
953 925 998 943 ra-

213 955 316 984 tionem
340 963 465 992 respectu
497 961 618 988 materia:
640 961 740 989 habet?
764 961 816 988 Sed
843 962 997 989 inordinata

214 1004 300 1038 motu,
315 1009 370 1036 quo
389 1003 428 1030 sic
451 1003 538 1031 forma
555 1007 697 1034 materiam
714 1006 834 1033 imbuat?
849 1006 947 1034 Verum
960 1007 998 1034 9i-

213 1046 288 1072 milia
303 1048 405 1080 omnia,
429 1050 567 1085 exquisito
588 1051 683 1079 ordine
707 1052 884 1088 diligentique
901 1061 995 1087 opera,

212 1089 343 1120 imitando
357 1092 438 1121 ﬁnem
462 1101 657 1130 assequuntur.
676 1096 769 1132 Neque
788 1100 860 1125 enim
884 1098 994 1125 domum

213 1139 259 1162 aut
275 1139 376 1171 navim,
393 1140 435 1167 vel
446 1141 511 1175 quid
529 1142 603 1169 aliud
618 1143 779 1170 artel'aetum
792 1143 994 1172 inordinatione

213 1189 332 1217 unquam
363 1187 487 1219 prmstari
512 1188 722 1222 arbitrabimur;
748 1198 837 1224 neque
861 1195 992 1224 statuam,

213 1228 291 1262 cujus
309 1237 354 1257 ars
375 1230 507 1259 fabricam
531 1233 565 1260 ad
582 1234 701 1263 hominis
729 1236 907 1264 imitationem
931 1244 991 1263 mo-

212 1272 259 1300 lita
271 1279 322 1302 est.

212 1319 278 1348 CAP.
294 1321 388 1351 XXlV.
401 1323 524 1353 Christus
536 1335 618 1356 mens.
635 1327 809 1357 Manichaice.

1047 907 1114 943 πρὸς
1131 906 1215 942 αὐτὴν
1232 905 1290 941 θείᾳ
1306 905 1429 940 δυνάμει,
1447 904 1543 931 οὐκοῦν
1566 905 1593 931 ὲν
1614 905 1731 940 ὀργάνου
1759 904 1831 940 λόγῳ

1047 952 1107 979 θεία
1119 951 1243 987 δύναμις,
1260 951 1330 977 οὕτω
1349 959 1381 984 γε
1403 950 1470 985 πρὸς
1495 951 1542 985 τὴν
1571 950 1654 985 mm;
1688 950 1769 978 Ἀλλὰ
1790 953 1825 986 τῇ

1046 997 1156 1032 ἀτάκτῳ
1170 998 1286 1032 κινήσει,
1300 997 1384 1028 οὕτως
1401 996 1569 1031 εἰδοποιούσῃ
1582 997 1631 1031 τὴν
1643 996 1726 1032 ὓλην;
1751 996 1833 1023 Ἀλλὰ

1047 1047 1136 1074 πάντα
1148 1055 1179 1081 γε
1193 1046 1228 1073 τὰ
1240 1046 1320 1081 ὃμοια
1337 1047 1365 1072 ἐν
1378 1045 1469 1078 τάξεσι
1498 1046 1545 1071 καὶ
1561 1045 1713 1079 ἀκριϐείαις
1729 1045 1774 1072 διὰ
1791 1055 1833 1080 μι-

1049 1094 1156 1129 μήσεων
1181 1093 1333 1127 ἀφικνεῖται
1359 1092 1398 1123 είς
1423 1091 1507 1123 τέλος.
1533 1092 1599 1118 Οὐδὲ
1627 1092 1680 1127 γὰρ
1702 1092 1791 1119 οίκίαν
1814 1093 1831 1127 ῆ

1047 1139 1146 1170 πλοῖον,
1161 1139 1178 1174 ἧ
1189 1147 1214 1165 τι
1230 1139 1321 1173 ἕτερον
1352 1137 1405 1164 τῶν
1421 1137 1549 1173 τεχνιτῶν
1566 1137 1598 1164 δι’
1608 1138 1720 1170 ἀταξίας
1733 1139 1832 1165 ἀποτεο

1045 1183 1147 1210 λεῖσθαι
1161 1183 1268 1210 οἴονται-
1287 1183 1346 1209 οὐδὲ
1367 1183 1521 1218 ἀνδριάντα,
1541 1183 1609 1218 ὅπερ
1634 1183 1746 1218 ἡτέχνη
1759 1183 1830 1219 πρὸς

1046 1228 1187 1264 ἀνθρώπου
1206 1229 1318 1264 μίμησιν
1335 1229 1532 1264 ἐμηχανήσατο.

828 1329 898 1362 Quid
912 1330 1103 1356 ecclesiastica?
1119 1329 1332 1356 Inconvenientia
1347 1329 1378 1356 de
1398 1329 1513 1356 Christo.
1532 1329 1646 1357 Passum
1668 1330 1829 1364 umbratica,

595 1362 803 1391 Mauicltworum
819 1365 953 1392 delirium.
969 1364 1044 1391 Nihil
1066 1364 1146 1391 Verbo
1166 1372 1210 1398 per
1221 1365 1352 1399 ﬁctionem
1364 1371 1464 1399 aptum.

246 1413 385 1442 Christum
409 1424 472 1444 vero
491 1425 553 1446 cum
577 1428 628 1448 nec
650 1426 827 1457 cognoscant,
851 1422 992 1450 Christum

213 1461 303 1486 tamen
319 1460 408 1495 ipsum
420 1464 597 1498 appellantes,
613 1475 675 1494 cum
689 1468 775 1496 altero
789 1469 921 1497 sumendo
937 1469 991 1496 ele-

213 1511 314 1540 mento,
333 1508 462 1544 aliudque
483 1510 676 1546 signiﬁcatum,
697 1522 778 1549 quam
795 1522 849 1549 quo
868 1515 914 1542 ille
931 1521 994 1550 pro—
1007 1505 1028 1533 θ

213 1552 272 1586 prie
287 1554 428 1589 accipitur,
444 1555 610 1591 inducenda,
626 1559 714 1595 ipsum
736 1564 852 1588 mentem
868 1569 928 1588 esse
940 1565 995 1588 tra-

212 1597 289 1625 dunt.
306 1598 336 1626 Si
348 1600 458 1635 quidem
478 1607 568 1631 autem
589 1604 616 1631 id
633 1605 706 1639 quod
726 1606 850 1632 noscitur
872 1613 904 1633 ac
920 1606 994 1641 quod

212 1645 364 1680 cognoscit,
378 1648 595 1684 sapientiamque
610 1651 699 1686 ipsum
715 1659 768 1679 una
785 1659 850 1679 voce
860 1652 993 1684 dicentes,

212 1688 247 1716 iis
266 1697 326 1724 quae
349 1692 401 1719 viri
422 1694 600 1722 ecclesiastici
628 1696 662 1723 de
687 1696 734 1724 illo
759 1697 917 1731 loquuntur,
946 1705 994 1733 per

212 1735 287 1762 hunc
311 1737 422 1766 modum
449 1742 604 1769 consentire
639 1741 899 1778 deprehenduntur;
927 1746 993 1780 quid

212 1785 304 1808 causa:
318 1785 371 1815 est,
389 1790 439 1810 cur
452 1793 570 1818 omnem,
594 1795 674 1822 quam
691 1793 801 1821 vocant,
817 1793 936 1818 veterem
950 1791 994 1818 hi-

212 1827 326 1854 storiam
340 1831 489 1864 respuant?
506 1831 534 1858 Si
557 1840 633 1865 vero,
654 1837 685 1861 ut
699 1835 880 1869 quorumdam
900 1836 993 1871 opinio

211 1875 266 1903 est,
290 1873 469 1902 adventitium
491 1877 580 1911 ipsum
601 1886 767 1914 novumque,
786 1884 812 1908 et
829 1882 875 1916 qui
890 1881 994 1909 extrin-

211 1922 293 1945 secus
305 1926 424 1954 casuque
441 1921 592 1955 intraverit,
609 1928 742 1957 statuunt,
763 1926 914 1955 videamus.
934 1927 993 1954 Hu-

209 1961 256 1996 jus
272 1963 344 1990 enim
359 1966 496 2000 opinionis
513 1968 659 2002 antistites,
677 1972 749 2005 quod
764 1972 881 2000 maxime
902 1973 992 2001 suasi~

213 2007 266 2035 bile
284 2009 419 2044 videatur,
444 2013 517 2039 circa
543 2021 644 2041 annum
666 2017 812 2051 septimum
833 2017 937 2050 dicunt,
960 2026 992 2046 ea

212 2061 273 2088 quae
295 2062 377 2083 sensu
403 2058 515 2091 praedita
540 2064 596 2092 est,
619 2061 719 2089 virtute
748 2063 856 2097 organis
875 2062 991 2090 formata

212 2103 294 2134 atque
313 2101 456 2135 distincta,
476 2104 564 2139 ipsum
592 2106 743 2142 ingressum
768 2115 839 2135 esse.
863 2108 940 2141 Quod
967 2110 990 2137 si

212 2144 338 2173 Christus
350 2155 427 2176 mens
440 2153 491 2183 est,
508 2155 536 2176 ut
550 2151 587 2178 illi
602 2152 758 2186 opinantur,
787 2154 827 2181 sic
843 2154 923 2181 simul
938 2156 991 2182 erit

211 2189 337 2219 Christus
350 2195 377 2220 et
392 2200 446 2220 non
462 2195 524 2222 erit.
541 2195 692 2232 Antequam
707 2198 779 2225 enim
793 2206 870 2226 mens
880 2207 990 2228 sensus—

211 2243 264 2271 que
275 2237 450 2273 ingrediatur,
469 2248 503 2268 ne
522 2241 629 2276 quidem
649 2246 700 2270 est.
717 2243 794 2276 Quod
817 2244 840 2272 si
854 2244 990 2278 Christus,

211 2284 241 2308 ut
252 2281 304 2316 ipsi
317 2283 420 2316 volunt,
435 2292 511 2314 mens
527 2290 578 2317 est.
591 2286 619 2313 in
635 2287 722 2322 ipsum
739 2296 803 2315 vero
815 2289 991 2317 exsistentem

210 2334 288 2354 mens
300 2327 461 2364 ingreditur,
476 2327 517 2358 sic
536 2339 632 2360 rursus
644 2333 750 2360 illorum
765 2335 899 2362 sententia
914 2343 992 2363 mens

209 2372 271 2400 erit.
286 2372 334 2401 Est
352 2375 436 2410 igitur
454 2380 481 2403 et
493 2384 547 2404 non
559 2382 601 2405 est
613 2379 708 2406 eodem
723 2383 844 2414 tempore
853 2379 990 2408 Christus.

209 2416 238 2445 Si
249 2423 349 2451 autem,
361 2429 422 2455 quae
434 2422 542 2449 illorum
552 2428 625 2451 secta
637 2425 826 2460 probatissima
836 2430 888 2458 est,
900 2434 989 2458 mens,

209 2469 239 2492 ut
255 2469 282 2492 et
296 2467 348 2501 ipsi
362 2468 528 2500 existimant.
551 2470 641 2496 omnia
657 2474 700 2497 est
717 2479 777 2506 qua:
802 2475 884 2504 sunt;
900 2479 987 2506 quan-

208 2510 353 2546 doquidem
366 2513 505 2540 materiam
519 2514 665 2549 ingenitam
678 2515 848 2550 proiitentur,
861 2519 888 2542 et
898 2522 990 2550 aqua-

209 2556 254 2588 lis,
266 2561 296 2584 ut
309 2558 348 2585 sic
364 2558 469 2594 loquar,
486 2567 548 2586 cum
568 2559 622 2587 Deo
639 2561 771 2596 temporis
791 2561 897 2596 ipsique
916 2568 987 2588 eoa:-

1079 1421 1130 1448 Τὺν
1146 1421 1173 1448 δὲ
1200 1422 1327 1457 Χριστὸν,
1343 1421 1402 1448 οὐδὲ
1417 1422 1604 1456 γινώσκοντες,
1628 1422 1695 1450 ἀλλὰ
1708 1423 1830 1458 Χριστὸν

1045 1467 1126 1495 αὑτὸν
1141 1467 1387 1503 προσαγορεύοντες
1398 1469 1430 1502 τῇ
1449 1467 1517 1503 πρὸς
1531 1467 1562 1494 τὸ
1584 1468 1615 1500 β’
1631 1469 1761 1502 στοιχεῖον
1780 1476 1830 1503 με·

1044 1513 1168 1549 ταλήψει,
1183 1513 1276 1549 ἕτερον
1291 1512 1487 1549 σημαινόμενον
1503 1513 1562 1539 ἀντὶ
1581 1512 1627 1539 τοῦ
1646 1513 1749 1548 κυρίως
1764 1513 1829 1549 περὶ

1046 1559 1127 1585 αὑτοῦ
1145 1558 1345 1594 ὑπειλημμένον
1369 1558 1532 1592 είσάγοντες,
1557 1559 1628 1585 Νοῦν
1644 1556 1714 1586 εἶναι
1733 1560 1826 1593 φασίν.

1045 1605 1076 1631 El
1090 1603 1148 1640 μὲν,
1166 1604 1196 1630 τὸ
1212 1603 1329 1638 γνωστὸν
1342 1604 1427 1630 καὶτὸ
1438 1604 1588 1638 γιγνῶσκον
1608 1604 1654 1630 καὶ
1666 1604 1715 1639 τὴν
1730 1604 1828 1639 σοφίαν

1045 1650 1126 1677 αὑτοῦ
1143 1650 1265 1684 λέγοντες
1282 1650 1419 1685 ὁμόφωνα,
1441 1650 1526 1682 οὕτως
1544 1652 1600 1682 τοῖς
1627 1651 1681 1677 ἀπὸ
1704 1650 1760 1678 τῶν
1782 1652 1829 1678 ὲκ-

1045 1696 1162 1731 κλησιῶν
1174 1705 1206 1722 πε
1211 1697 1237 1732 ρ).
1251 1695 1332 1723 αὑτοῦ
1361 1696 1468 1731 λέγουσι
1483 1697 1692 1732 διαταττόμενοι,
1713 1697 1786 1723 οὕτω
1796 1705 1829 1730 γε

1045 1742 1201 1769 ἁλώσονται’
1220 1742 1277 1774 πῶς
1287 1740 1332 1769 οὖν
1344 1742 1393 1778 τὴν
1415 1742 1563 1778 λεγομένην
1587 1742 1704 1769 παλαιὰν
1717 1743 1829 1770 ἅπασαν

1045 1788 1164 1823 ἱστορίαν
1179 1787 1370 1820 ὲκὸάλλουσιν;
1398 1788 1430 1814 El.
1450 1788 1479 1814 δὲ
1495 1788 1652 1823 ὲπιγενητδν
1669 1788 1739 1815 κατά
1751 1797 1829 1820 τινας

1044 1833 1150 1867 λέγουσι
1162 1834 1209 1859 καὶ
1231 1832 1285 1860 τῶν
1299 1832 1397 1865 ἔξωθεν
1414 1834 1588 1860 ἐπεισιόντων
1605 1833 1651 1860 καὶ
1665 1833 1830 1869 συμϐαινόν-

1042 1886 1107 1910 των,
1123 1878 1314 1912 σκοπήσωμεν.
1340 1877 1370 1904 Οῑ
1395 1877 1449 1913 γὰρ
1469 1877 1500 1912 δὴ
1515 1878 1614 1913 ταύτης
1633 1878 1829 1913 προϊστάμενοι

1043 1923 1092 1958 τῆς
1108 1922 1185 1958 δόξης
1199 1922 1310 1948 πιθανὸν
1330 1921 1446 1957 μάλιστα
1472 1923 1580 1956 λέγουσι
1610 1924 1674 1958 περὶ
1697 1923 1733 1950 τὰ
1758 1923 1828 1950 ἑπτὰ

1043 1968 1090 2003 ἐτη
1103 1969 1152 2003 τῆς
1164 1968 1324 2002 αἰσθητικῆς
1345 1967 1483 2001 δυνάμεως
1507 1967 1719 2003 διαρθρωθείσης
1746 1968 1828 1995 αὑτὸν

1043 2013 1258 2049 ὲπεισέρχεσθαι.
1280 2013 1310 2039 Εἰ
1323 2012 1354 2048 δὴ
1369 2012 1429 2044 νοῦς
1453 2014 1526 2039 ἐστιν
1541 2013 1555 2038 ὁ
1566 2012 1682 2047 Χριστὸς
1706 2014 1768 2040 κατ’
1783 2014 1826 2040 αὺ-

1042 2060 1114 2091 τοὺς,
1132 2059 1201 2085 οὕτω
1215 2067 1246 2093 γε
1263 2058 1338 2085 ἔσται
1350 2066 1380 2084 τε
1393 2058 1450 2094 ἅμα
1465 2058 1512 2085 καὶ
1532 2060 1582 2085 οὐκ
1594 2058 1678 2085 ἔσται·
1695 2059 1761 2094 πρὶν
1777 2060 1828 2094 μὲν

1042 2105 1094 2140 γὰρ
1111 2104 1275 2131 ἐπεισελθεῖν
1288 2104 1333 2130 τὸν
1343 2103 1416 2132 νοῦν.
1433 2104 1537 2130 οὐδέπω
1560 2104 1643 2130 ἐστίν.
1660 2104 1694 2130 Εἴ
1714 2112 1747 2139 γε
1764 2105 1827 2137 νοῦς

1042 2151 1099 2177 ἐστι
1110 2151 1168 2177 κατ’
1185 2151 1283 2181 αὐτοὺς
1295 2150 1310 2176 ὁ
1322 2150 1448 2186 Χριστὸς,
1466 2149 1532 2176 ἀλλὰ
1557 2150 1609 2185 μὴν
1629 2150 1685 2176 ὄντι
1705 2159 1738 2184 γε
1753 2151 1827 2187 αὐτῷ

1043 2197 1230 2232 ξπεισέρχεται
1253 2196 1266 2221 ὁ
1288 2195 1359 2228 νοῦς,
1374 2195 1459 2227 οὕτως
1484 2193 1530 2222 οὖν
1550 2196 1630 2222 πάλιν
1653 2197 1713 2223 κατ’
1728 2197 1826 2229 αὐτοὺς

1043 2242 1119 2268 ἔσται
1133 2243 1147 2268 ὁ
1164 2241 1236 2273 νοῦς.
1265 2241 1342 2268 Ἔστι
1366 2249 1398 2275 γε
1414 2242 1461 2268 καὶ
1477 2241 1527 2267 οὐκ
1555 2241 1626 2268 ἐστιν
1641 2242 1669 2268 ἐν
1695 2242 1735 2277 τῷ
1752 2243 1825 2278 αὐτῷ

1043 2289 1130 2324 χρόνῳ
1146 2289 1160 2314 ὁ
1179 2287 1303 2324 Χριστός.
1330 2288 1362 2313 Et
1382 2287 1410 2313 δὲ
1423 2289 1484 2313 κατ’
1499 2287 1588 2314 αὐτῶν
1610 2287 1658 2322 τὴν
1679 2288 1825 2323 καλλίστην

1043 2334 1146 2370 αἵρεσιν
1159 2334 1173 2359 ὁ
1189 2332 1252 2364 νοῦς
1267 2334 1327 2359 κατ’
1342 2332 1439 2364 αὐτούς
1457 2334 1514 2359 ἐστι
1527 2332 1561 2359 τὰ
1574 2333 1638 2360 ὄντα
1652 2334 1751 2361 πάντα’
1766 2335 1827 2361 ἐπεὶ

1042 2379 1090 2414 τὴν
1102 2379 1168 2414 ὕλην
1184 2378 1314 2412 ἀγένητον
1334 2378 1505 2405 ὑποτίθενται
1527 2378 1573 2404 καὶ
1586 2379 1720 2416 ἱσόχρονον
1733 2379 1772 2410 ὡς
1790 2381 1830 2406 εί-

1045 2427 1104 2451 πεῖν
1118 2424 1156 2460 τῷ
1170 2424 1239 2459 Θεῷ,
1257 2424 1304 2451 καὶ
1319 2423 1380 2450 νοῦν
1400 2424 1445 2450 καὶ
1466 2423 1530 2459 ὓλην
1546 2424 1638 2450 τοῦτον
1654 2425 1701 2451 τὸν
1718 2425 1824 2460 πρῶτον

1043 2471 1087 2496 τὸν
1105 2471 1219 2505 Χριστὸν
1232 2469 1402 2496 ὑποτίθενται
1424 2467 1503 2502 εἶναι,
1515 2469 1541 2494 ετ
1559 2477 1590 2502 γε
1615 2469 1650 2496 τὰ
1663 2471 1754 2497 πάντα
1767 2472 1824 2497 κατ’

1042 2516 1140 2550 αὐτούς
1151 2517 1224 2542 ἐστιν
1235 2516 1249 2542 ό
1267 2515 1383 2550 Χριστὸς
1396 2515 1457 2546 νοῦς
1476 2514 1523 2547 ὢν,
1540 2515 1569 2546 ὃς
1586 2516 1659 2541 ἐστιν
1674 2515 1709 2542 τὰ
1724 2516 1823 2544 πάντα·

1041 2562 1114 2597 καὶὴ
1127 2561 1175 2596 ὕλη
1187 2561 1215 2587 ἓν
1228 2561 1281 2587 τῶν
1294 2560 1387 2589 ὄντων.
1403 2561 1448 2586 καὶ
1459 2559 1526 2595 αὐτὴ
1539 2560 1670 2596 ἀγένητος
1684 2559 1764 2589 οὖσα.

208 2609 282 2634 vam.
311 2604 432 2639 primum.
458 2605 530 2632 hunc
555 2605 693 2634 Christum
717 2611 744 2633 et
767 2613 881 2634 mentem
901 2611 927 2634 et
953 2607 1092 2633 materiam
1122 2611 1255 2638 statuunt,
1271 2607 1294 2634 si
1313 2606 1422 2641 quidem
1437 2606 1564 2634 Christus
1584 2615 1660 2635 mens
1686 2611 1740 2642 est,
1765 2616 1822 2643 qua:

209 2649 300 2677 omnia
313 2653 371 2683 est;
388 2658 527 2686 unumque
540 2659 633 2678 eorum
649 2660 710 2686 qua:
721 2657 795 2684 sunt,
808 2653 919 2678 materia
932 2656 984 2685 est,
999 2660 1059 2687 quae
1074 2652 1134 2687 ipsa
1155 2652 1274 2687 ingenita
1288 2656 1340 2680 est.

242 2697 283 2724 Ad
307 2698 442 2732 specimen
467 2707 531 2726 vero
553 2707 585 2726 ac
609 2699 829 2731 Ostentationem,
850 2707 898 2734 per
924 2707 985 2725 eum

209 2741 319 2769 modum
336 2742 454 2770 divinam
468 2751 576 2778 quoque
593 2745 719 2771 virtutum
734 2745 761 2772 in
783 2745 894 2772 materia
912 2744 987 2771 cruci

209 2785 314 2811 aﬂixam
330 2793 400 2819 esse,
419 2787 562 2823 ipsumque
586 2789 748 2823 supplicium
764 2789 815 2816 hoc
841 2789 918 2815 aiunt.
934 2796 987 2814 non

213 2829 367 2869 pertulisse,
383 2831 460 2866 quasi
477 2833 580 2860 scilicet
595 2834 762 2868 impossibile
775 2835 810 2862 sit
824 2834 912 2876 ipsum
937 2833 986 2861 hoc

249 2885 288 2920 (7)
302 2886 405 2914 Ποίεὶικ
421 2887 461 2914 An
476 2887 577 2919 παθῖῖν,
596 2891 669 2924 pnti.’

1074 2700 1120 2730 Εἰς
1134 2700 1278 2735 ἐπίδειγμα
1291 2699 1329 2729 δὲ,
1350 2698 1443 2725 τοῦτον
1454 2698 1498 2725 τὸν
1512 2699 1611 2734 τρόπον
1625 2701 1671 2726 καὶ
1685 2700 1735 2735 τὴν
1750 2701 1825 2727 θείαν

1040 2745 1153 2779 δύναμιν
1166 2746 1380 2781 ἐνεσταυρῶσθαι
1403 2748 1434 2782 τῇ
1451 2747 1511 2783 ὕλῃ,
1527 2746 1573 2773 καὶ
1587 2746 1666 2774 αὐτὸν
1680 2747 1825 2782 ὑπομεμε-

1042 2790 1151 2824 νηκέναι
1169 2791 1197 2816 τὸ
1210 2790 1323 2825 πάθημα
1338 2791 1415 2817 τοῦτο
1435 2791 1568 2825 λέγουσιν,
1583 2790 1677 2826 ὥσπερ
1692 2791 1823 2818 ἀδυνάτου

1042 2834 1116 2868 ὄντος
1130 2836 1231 2863 ἐκείνου
1250 2835 1327 2862 τοῦτο
1343 2838 1428 2862 ποιεῖν
1445 2837 1492 2872 (7)·
1511 2838 1579 2872 ὅπερ
1599 2837 1680 2868 αὐτὸς
1693 2837 1707 2863 ὁ
1735 2837 1823 2864 Μανι-
