1909 3069
69 138 122 167 “23

517 143 725 173 TBACTATUS
739 146 785 174 DE
803 147 959 176 PLACITIS
975 146 1251 177 MANICHIEORUM.

1627 147 1681 176 “8

69 196 144 230 χαῖος
154 195 355 232 διαπράττεται
367 198 438 235 λόγῳ
452 199 515 236 περὶ.
535 201 628 228 τούτου
637 201 778 230 διδάσκων
795 204 850 231 Ὀτι

907 205 1011 233 facere:
1028 205 1101 240 quod
1115 204 1174 239 ipse
1185 204 1349 232 Manicheus
1359 204 1428 233 libro
1439 204 1472 232 de
1485 211 1517 232 ea
1532 211 1561 231 re
1577 204 1681 238 scripto

69 243 85 276 ὴ
101 241 163 268 θεία
172 241 289 277 δύναμις
311 245 351 277 είς
371 242 436 280 ὓλην
460 247 671 282 κατακέκληται,
701 249 748 283 καὶ
771 249 851 276 πάλιν

69 288 219 323 ἀποχωρεῖ.
237 289 344 332 Τρόπον
361 291 437 318 αὐτοὶ
447 291 656 320 ἀναπλάττουσι.
675 293 711 326 Τὸ
729 295 778 329 μὲν
797 295 851 331 γὰρ

68 332 139 358 κατά
148 332 193 359 τὸν
203 333 429 370 ἐκκλησιαστικὸν
443 336 520 371 λόγον
533 339 617 370 εἰπεῖν
629 339 669 374 εἰς
682 339 757 373 λύσιν
767 340 851 376 ἁμαρ-

69 378 132 404 τιῶν
146 379 243 406 ἑαυτὸν
259 381 459 419 ἐπιδεδωκέναι,
474 383 529 418 ἔχει
542 384 630 410 πίστιν
638 385 699 411 τινὰ
708 385 773 421 πρὸς
785 385 850 412 πολ-

69 425 130 456 λοὺς
145 425 201 451 κάκ
217 425 272 452 τῶν
289 427 412 462 ἱστοριῶν
438 428 491 454 τῶν
518 429 576 456 καθ’
596 430 736 466 Ἕλληνας,
763 431 801 458 ὅτ’
816 431 850 459 ἄν

69 480 147 505 φασι,
161 473 248 506 Tir-dc
262 473 336 508 ὑπὲρ
351 475 496 509 σωτηρίας
511 476 627 503 πόλεων
645 476 769 510 ἑαυτοὺς
784 477 850 504 ἐπι-

69 517 242 546 δεδωκέναι.
260 519 315 546 Καὶ
329 520 502 556 παράδειγμα
525 521 573 555 τοῦ
599 522 678 557 λόγου
702 521 758 557 ἔχει
773 522 848 558 καὶὴ

75 563 209 597 Ἰουδαίων
222 565 334 601 ἱστορία,
345 567 390 593 τὸν
407 567 454 594 τοῦ
474 568 597 603 Ἀϐραὰμ
611 569 692 603 παῖδα
704 569 743 600 είς
757 568 851 595 θυσίαν

69 608 105 643 τῷ
117 609 177 645 Θεῷ
194 611 449 647 παρασκευάζουσα.
467 612 502 639 Τὸ
518 613 546 640 δὲ
563 615 602 645 εἰς
617 614 776 649 πράγματος
789 613 850 640 ὲπί-

68 654 148 688 δειξιν
170 656 211 692 τῷ
239 657 379 694 παθήματι
404 659 518 693 ὑπάγειν
541 660 586 686 τὸν
611 660 727 696 Χριστὸν
752 659 851 699 πολλῆς

69 701 141 727 ἐστιν
157 702 288 737 ἀμαθίας,
310 705 350 736 είς
365 704 535 733 διδασκαλίαν
557 707 604 741 καὶ
626 706 725 742 γνῶσιν
740 705 794 734 τῶν
805 705 849 732 δν-

69 754 119 772 των
133 747 180 773 τοῦ
195 748 283 782 Λόγου
299 749 373 781 ὄντος
391 749 524 786 ὑπάρχου.

905 249 1023 276 instituit
1044 249 1162 282 docere;
1186 248 1259 284 quod
1280 247 1408 275 nimirum
1432 248 1523 275 divina
1543 248 1629 275 virtus
1652 248 1680 275 in

904 296 1044 323 materiam
1064 295 1175 330 delapsa
1194 295 1240 327 sit,
1261 302 1293 321 ac
1310 302 1406 322 rursus
1429 294 1547 322 recedat.
1571 293 1679 321 Modum

903 341 942 368 illi
959 341 1211 368 comminiscuntur.
1223 339 1296 368 Sane
1309 340 1416 375 quidem
1438 344 1467 366 ut
1483 339 1589 366 dicatur
1601 339 1679 374 juxta

904 386 1032 414 Ecclesiae
1053 386 1204 413 doctrinam
1223 390 1308 414 semet
1327 385 1415 420 ipsum
1435 385 1579 412 tradidisse
1589 384 1621 411 ad
1637 385 1678 411 di-

904 430 1002 458 luenda
1025 434 1146 465 peccata,
1163 430 1241 458 ﬁdem
1257 430 1400 465 quamdam
1419 430 1498 465 vulgo
1518 430 1630 460 obtinet,
1645 437 1678 456 ex

903 475 970 510 ipsis
985 468 1091 511 quoque
1102 474 1255 502 Grzecorum
1272 474 1402 506 historiis,
1417 482 1479 501 cum
1494 474 1580 505 aiunt,
1601 473 1679 500 Non-

902 514 988 548 rtullos
1003 529 1030 548 se
1044 521 1113 555 ipsos
1134 520 1264 547 dedidisse
1280 525 1309 546 ut
1324 520 1440 547 civitates
1456 519 1597 546 inctﬂumes
1610 527 1680 553 pra:-

901 572 1010 595 starent.
1030 559 1150 602 Eiusque
1172 567 1302 594 doctrinae
1321 566 1473 601 exemplum
1493 565 1573 593 habet
1592 569 1618 591 et
1631 564 1679 592 ιυ-

900 610 1019 638 daeorum
1031 611 1171 643 historia‘,
1184 618 1243 646 qum
1256 610 1369 638 Abralne
1381 610 1463 637 lilium
1475 611 1501 638 in
1515 609 1678 637 sacriﬁcium

901 656 956 684 Deo
963 661 1095 692 pmparet
1107 660 1242 692 aptetque.
1251 655 1300 683 Rei
1314 660 1402 684 autem
1415 655 1582 684 ostentanda:
1592 655 1678 690 gratia

899 706 926 729 et
938 702 972 729 ad
987 702 1122 736 specimen
1139 701 1275 729 Christum
1288 701 1406 736 passioni
1419 701 1563 736 subjicere.
1575 707 1679 735 magna:

902 743 1017 774 inscitia:
1031 751 1082 780 est,
1097 754 1157 774 cum
1177 747 1295 774 Verbum
1315 747 1348 774 ad
1365 754 1454 773 rerum
1473 747 1623 774 doctrinam
1645 754 1678 774 ac
1717 776 1725 787 l

899 793 1042 820 scientiam
1059 800 1158 827 prases
1173 799 1204 820 ac
1219 792 1322 827 legatus
1336 792 1381 820 sit.

67 844 131 880 Car.
147 845 234 874 XXV.
254 846 462 881 Manichworum
478 848 636 886 abstinentia
650 858 666 886 α
680 848 833 886 uiuentibus,
843 846 1064 886 _ridi_eula._Quod
1078 847 1218 886 alt/torrent
1232 855 1248 873 a
1262 846 1370 881 nuptiis,
1382 847 1522 874 dementia.
1536 846 1678 883 Gigantum

590 885 758 920 mythologia.
773 883 861 910 Nimis
879 881 1019 916 allegorica
1034 883 1172 917 expositio.

106 937 306 974 ’Δπέχονταιδὲ
319 940 456 975 ἐμψύχων.
480 941 510 967 Εἰ
528 942 577 976 μὲν
591 941 644 977 γὰρ
669 942 762 978 ἐτέρου
777 941 849 972 τινὸς

934 939 1078 967 Abstinent
1102 943 1191 965 autem
1218 938 1252 965 ab
1280 937 1416 965 animatis.
1437 936 1466 964 Si
1486 938 1594 973 quidem
1616 938 1678 972 ejus

67 985 155 1021 χᾴριν,
173 986 206 1012 οὐ
229 986 449 1022 περιεργαστέον·
475 987 499 1013 εί
523 987 552 1013 δὲ
575 987 641 1014 διότι
664 987 682 1023 ὴ
705 987 846 1023 δύναμιςὴ

67 1029 124 1066 θεία
136 1030 241 1061 τούτων
263 1031 367 1066 ἀπέστη
383 1031 482 1068 μᾷλλον
496 1031 512 1066 ἢ
526 1032 672 1068 ἐνυπάρχει
686 1032 785 1065 πλεῖον,
802 1040 848 1066 γε-

66 1075 135 1105 λοῖον
145 1076 216 1113 αὑτὴ
228 1077 317 1114 αὐτῶν
331 1079 347 1113 ἡ
370 1077 528 1114 προαίρεσις
547 1077 628 1113 αὕτη.
657 1078 720 1105 Ehe
747 1079 801 1114 γὰρ
813 1077 846 1104 τὰ

66 1121 135 1157 φυτὰ
149 1121 230 1150 ἐνυλα
246 1122 354 1158 μᾶλλον,
371 1125 410 1155 εἰς
421 1124 522 1160 τροφὴν
544 1125 591 1151 καὶ
615 1124 717 1151 δίαιταν
729 1125 846 1160 χρῆσθαι

64 1167 102 1203 τῷ
117 1168 217 1203 χείρονι
230 1169 288 1200 πῶς
300 1168 408 1204 εὔλογον
419 1178 426 1203 ;
439 1170 493 1197 εἴτε
507 1171 586 1197 πλέον
609 1172 638 1198 ὲν
649 1171 752 1203 τούτοις
764 1173 780 1207 ἡ
802 1171 846 1198 δύ-

65 1221 143 1248 ναμις
155 1215 172 1249 ἡ
191 1213 260 1247 θεία,
272 1215 331 1242 ἐστὶ
347 1216 414 1251 πρὸς
426 1217 476 1252 τὴν
486 1217 587 1253 τροφὴν
605 1218 639 1244 τά
656 1217 767 1245 τοιαῦτα
779 1219 846 1255 χρή-

66 1267 142 1293 σιμα,
157 1259 207 1286 τοῦ
220 1259 367 1295 θρεπτικοῦ
389 1262 435 1288 καὶ
448 1263 593 1299 αὐξητικοῦ
614 1264 712 1299 μέρους
730 1263 780 1300 τῆς
793 1263 844 1298 ψυ-

65 1304 113 1344 χῆς
126 1305 203 1342 ὄντος
215 1307 453 1343 σωματικωτέρου.

97 1440 133 1467 To
145 1440 174 1472 δὲ
188 1440 337 1477 ἀπέχεσθαι
353 1440 440 1476 γάμου
461 1441 508 1468 καὶ
531 1441 702 1477 ἀφροδισίων,
712 1441 845 1473 δεδειότας

62 1485 111 1521 μὴ,
125 1486 194 1512 κατά
207 1487 255 1522 τὴν
268 1485 317 1512 τοῦ
329 1486 421 1521 γένους
431 1486 564 1522 διαδοχὴν,
574 1488 620 1514 ἐπὶ
629 1487 708 1514 πλέον
718 1488 843 1528 ὲνοικήσῃ

59 1533 92 1566 τῇ
104 1531 305 1567 ῦλῃήδύναμις
335 1533 352 1568 ἡ
376 1532 445 1565 θεία,
462 1533 592 1568 θαυμάξω
621 1533 679 1565 πῶς
699 1534 746 1564 καὶ
768 1534 844 1560 αὐτοὶ

60 1577 174 1609 ἑαυτοὺς
190 1577 378 1612 ἀποδέχονται.
391 1578 423 1605 Et
440 1578 493 1614 γὰρ
508 1579 546 1614 μὴ
559 1577 669 1614 ἐξαρκεῖ
680 1579 696 1614 ἡ
711 1579 757 1605 τοῦ
775 1578 841 1605 Θεοῦ

899 985 1070 1012 abstinentia:
1093 985 1145 1011 alia
1165 985 1235 1011 ratio
1255 984 1300 1015 sit,
1318 984 1388 1011 haud
1410 983 1545 1010 curiosius
1565 984 1677 1011 investi-

898 1031 1026 1067 gandum.
1042 1029 1090 1057 Sin
1103 1033 1193 1057 autem
1209 1037 1240 1056 ea
1258 1029 1374 1061 ratione,
1391 1029 1463 1064 quod
1482 1029 1573 1056 divina
1589 1029 1677 1057 virtus

897 1076 951 1105 illis
965 1076 1051 1112 magis
1070 1076 1158 1108 abest,
1179 1079 1226 1102 aut
1242 1075 1359 1116 amplius
1374 1075 1460 1107 inest;
1477 1074 1610 1101 ridiculus
1632 1074 1678 1101 hic

897 1122 1006 1149 illorutn
1021 1122 1129 1158 animus
1141 1129 1172 1148 ac
1187 1129 1284 1148 sensus
1299 1125 1349 1148 est.
1367 1120 1431 1148 Sive
1449 1120 1521 1147 enim
1538 1120 1636 1154 stirpes
1650 1125 1678 1147 et

897 1167 996 1202 plantae
1008 1167 1095 1202 magis
1107 1167 1261 1194 materiales
1276 1169 1349 1196 sunt.
1364 1165 1499 1201 quomodo
1512 1165 1678 1193 conveniens

896 1220 984 1247 exque
996 1212 1112 1244 ratione,
1135 1215 1166 1246 ut
1184 1219 1218 1239 eo
1237 1211 1309 1247 quod
1326 1205 1446 1238 deterius
1463 1215 1514 1243 est,
1535 1211 1563 1238 in
1585 1211 1676 1238 cibum

895 1258 1051 1294 victumque
1067 1258 1193 1285 utamur?
1203 1257 1260 1285 sive
1273 1257 1360 1292 major
1372 1257 1398 1284 in
1410 1257 1450 1285 eis
1461 1262 1504 1285 est
1519 1257 1609 1284 divina
1621 1257 1677 1283 vir-

897 1306 951 1334 tus.
971 1308 1036 1331 sunt
1055 1303 1209 1331 istiusmodi
1233 1304 1260 1330 in
1279 1304 1371 1331 cibum
1394 1303 1479 1334 utilia,
1499 1310 1560 1330 cum
1581 1302 1677 1330 anima:

896 1347 1012 1377 facultas
1026 1349 1162 1377 nutriendi
1177 1354 1258 1384 atque
1271 1353 1444 1384 augmentum
1461 1347 1576 1375 faciendi
1590 1346 1677 1382 magis

895 1402 1025 1431 corporea
1041 1402 1073 1422 ac
1095 1395 1214 1422 crassior
1230 1395 1275 1422 sit.

930 1439 1008 1472 Quod
1029 1444 1119 1467 autem
1139 1447 1154 1466 a
1177 1440 1281 1475 nuptiis
1305 1446 1388 1474 reque
1405 1445 1519 1466 venerea
1543 1445 1572 1466 se
1593 1437 1677 1465 absti-

894 1489 986 1519 neant,
1002 1490 1155 1514 metuentes
1176 1494 1210 1513 ne
1230 1494 1278 1521 per
1292 1486 1400 1521 generis
1415 1485 1616 1512 sttcccssionem
1632 1485 1676 1511 di-

894 1531 958 1558 vina
974 1532 1061 1559 virtus
1075 1532 1102 1559 in
1118 1532 1231 1559 materia
1247 1531 1332 1566 magis
1346 1531 1489 1563 inhabitet,
1513 1531 1598 1557 miror
1608 1538 1677 1565 quo-

895 1577 976 1608 modo
994 1577 1036 1605 vel
1055 1577 1107 1616 ipsi
1123 1585 1153 1605 se
1173 1577 1259 1613 ipsos,
1283 1576 1356 1612 quod
1373 1577 1410 1604 ita
1430 1577 1561 1608 sentiunt,
1577 1575 1676 1602 admit-

59 1622 184 1658 πρόνοια,
198 1622 269 1649 ὥστε
279 1623 327 1649 καὶ
339 1623 381 1650 διὰ
393 1624 537 1657 γενέσεων,
552 1624 599 1650 καὶ
620 1623 662 1650 διὰ
676 1623 729 1650 τῶν
742 1624 784 1650 ἀεὶ
796 1625 842 1651 καὶ

894 1627 962 1651 tant.
979 1623 1008 1650 Si
1027 1614 1098 1650 enim
1122 1631 1172 1651 nec
1197 1623 1242 1651 Dei
1259 1622 1429 1658 providentia
1451 1622 1558 1654 sullicit.
1573 1626 1603 1649 ut
1617 1627 1674 1649 tum

57 1666 188 1700 ὡσαῇτως
211 1667 327 1701 ἐχόντων
354 1667 621 1703 ἀποικονομήσασθαι
648 1668 697 1703 τῆς
713 1667 778 1703 ὕλης
795 1668 844 1703 τὴν

59 1712 135 1739 θείαν
149 1712 272 1747 δύναμιν,
293 1712 335 1744 τίς
362 1714 379 1748 ἡ
402 1713 448 1739 τοῦ
468 1713 617 1748 Μανιχαίου
646 1713 750 1740 ἐπίνοια
774 1713 843 1749 ὑπὲρ

58 1758 156 1785 τούτου
167 1759 421 1794 διαμηχανήσασθαι
434 1759 543 1786 δύναται
555 1767 562 1792 ;
576 1759 613 1786 Οὐ
635 1759 688 1794 γὰρ
705 1759 789 1795 δήπου
802 1768 844 1794 γι-

57 1805 177 1839 γανταίῳ
202 1804 325 1840 λήμματι
351 1805 389 1837 ὡς
413 1805 520 1840 ἀληθῶς
531 1814 597 1841 φησι
620 1805 659 1841 τῷ
672 1805 731 1841 Θεῷ
747 1805 843 1842 βοηθὸς

58 1849 127 1886 πρὸς
144 1850 223 1876 τοῦτο
250 1850 399 1884 γεγονέναι,
420 1851 474 1882 ἴνα,
501 1850 551 1882 τὰς
578 1851 698 1885 γενέσεις
713 1852 840 1887 ἀναιρῶν,

58 1897 190 1932 σύντομον
207 1897 307 1932 ποιήσῃ
336 1897 384 1932 τὴν
408 1898 458 1933 τῆς
473 1897 547 1929 θείας
561 1897 702 1932 δυνάμεως
727 1897 781 1925 ἀπὸ
791 1898 841 1933 τῆς

57 1941 123 1977 ὕλης
134 1941 322 1978 ἀναχώρησινς

94 1988 127 2014 Ἀ
140 1988 170 2014 δὲ
184 1988 292 2022 λέγεται
307 1987 358 2014 ὑπὸ
372 1987 427 2015 τῶν
453 1989 586 2028 ποιήσεων
606 1988 668 2024 περὶ
681 1987 736 2015 τῶν
747 1989 842 2023 γιγάν-

57 2042 119 2065 των,
131 2034 260 2069 ἄντικρυς
275 2033 358 2069 μῦθός
370 2035 453 2066 ἐστιν,
478 2035 508 2060 Ol
534 2034 583 2070 μὲν
597 2034 650 2070 γὰρ
664 2035 727 2070 περὶ
740 2035 840 2062 τούτων

56 2079 240 2111 διατάττοντες
254 2080 282 2106 ὲν
299 2079 470 2116 ἀλληγορίαις
479 2080 512 2106 τὰ
524 2080 634 2107 τοιαῦτα
647 2081 838 2116 προφέρονται,

55 2124 86 2150 τὸ
98 2125 195 2160 σεμνὸν
220 2125 268 2151 τοῦ
285 2125 362 2159 λόγου
384 2126 604 2162 ἀποκρύπτοντες
620 2128 652 2161 τῇ
676 2126 723 2153 τοῦ
754 2127 838 2162 μύθου

57 2170 122 2206 ἰδέαι
137 2168 193 2197 οἷον
209 2170 274 2197 ὅταν
297 2170 383 2206 ἡτῶν
406 2171 538 2204 Ἰουδαίων
564 2171 667 2206 ἱστορία
690 2173 737 2207 φῇ,
767 2172 839 2205 Τοὺς

55 2215 202 2250 ἀγγέλους
233 2216 298 2249 ταῖς
323 2216 485 2251 θυγατράσι
514 2216 574 2242 τῶν
609 2217 770 2251 ἀνθρώπων
795 2219 839 2251 είς

55 2261 237 2295 ἀφροδισίων·
263 2262 501 2296 συνεληλυθέναι
526 2262 619 2297 μίξιν·
637 2263 687 2295 τὰς
709 2264 763 2299 γὰρ
776 2264 838 2299 θρε-

55 2307 152 2339 πτικάς
163 2307 292 2343 δυνάμεις
303 2307 352 2342 τῆς
367 2308 454 2343 ψυχῆς
465 2307 519 2334 ἀπὸ
531 2308 584 2335 τῶν
601 2309 656 2336 ἄνω
671 2309 717 2336 ἐπὶ
729 2310 763 2336 τὰ
772 2309 835 2344 τῇδε

55 2353 196 2389 ῂτοιαύτη
211 2353 337 2389 προφορά
360 2353 407 2380 τοῦ
424 2353 503 2388 λόγου
526 2354 662 2389 σημαίνει.
677 2355 707 2381 Οἱ
724 2355 836 2390 ποιηταὶ

50 2399 92 2429 δὲ.
107 2400 142 2426 ἐκ
165 2399 222 2434 γῆς
237 2399 387 2431 ἐνόπλους
402 2398 549 2432 ἀνασχεῖν
562 2398 685 2432 λέγοντες
702 2396 835 2430 τούτους,

52 2443 98 2470 εἶτ’
115 2444 207 2477 εὐθὺς
223 2444 298 2478 πρὸς
312 2443 398 2476 θεοὺς
411 2438 581 2478 ἐπάραντας
593 2441 790 2476 ἀπολωλέναι,
807 2442 838 2469 τὸ

52 2491 114 2525 ταχὺ
130 2489 178 2516 καὶ
194 2488 328 2524 ἐπίκηρον
337 2488 392 2515 τῶν
406 2489 539 2524 σωμάτων
554 2487 755 2524 ὑποδηλοῦντες,
767 2487 838 2514 οὕτω

52 2536 98 2571 τὴν
119 2535 230 2570 ποίησιν
255 2535 295 2566 είς
321 2534 500 2569 ψυχαγωγίαν
525 2533 563 2569 τῷ
587 2533 705 2569 θαύματι
722 2542 838 2561 κατακο-

53 2580 173 2616 σμοῦσιν.
185 2581 217 2608 Οἱ
232 2580 271 2613 δὲ,
284 2581 359 2606 οὐδὲν
373 2580 474 2611 είδότες
490 2579 601 2612 τούτων,
619 2580 681 2607 ἔνθα
695 2580 718 2607 δ’
732 2580 765 2606 ἂν
782 2589 836 2606 πα-

56 2626 217 2662 ραλογισμοῦ
231 2635 302 2658 τινος
317 2626 468 2662 εὐπορῆσαι
482 2625 623 2658 δύνωνται,
633 2625 729 2652 ὁπόθεν
740 2625 838 2659 δήποτε

54 2673 137 2700 ἐκεῖνο
157 2674 272 2709 ἓρμαῖον
297 2671 400 2698 ἑαυτῶν
419 2671 568 2703 ποιοῦνται,
583 2672 651 2707 ὅπερ
665 2671 838 2707 διαπραγμα-

55 2719 188 2756 τευόμενοι
201 2718 232 2745 τὺ
246 2717 347 2754 ἀληθὲς
361 2718 436 2754 πάσῃ
450 2717 531 2753 τέχνῃ
544 2716 783 2757 καταγωνίζονται.

109 2836 115 2850 ¹
133 2835 198 2864 Ceu.
221 2841 290 2866 ult,
308 2833 334 2860 Ι.
389 2835 400 2850 θ
415 2834 478 2861 Gen.
495 2843 530 2865 vt.
545 2835 573 2863 2.

893 1675 942 1704 per
956 1669 1155 1705 generationes,
1179 1672 1236 1695 tum
1252 1675 1300 1703 per
1316 1676 1347 1695 ea
1366 1675 1426 1703 quae
1446 1675 1551 1702 semper
1563 1667 1674 1695 eodem-
1725 1666 1733 1675 '

893 1723 947 1752 que
961 1715 1042 1748 modo
1063 1722 1093 1742 se
1107 1714 1219 1749 habent,
1243 1714 1363 1741 divinam
1384 1714 1511 1741 virtutem
1527 1721 1543 1740 a
1562 1713 1674 1740 materia

892 1760 1011 1792 eximat;
1024 1760 1089 1794 qttid
1108 1759 1247 1787 Manichaei
1263 1760 1373 1787 solertia
1385 1763 1412 1786 et
1427 1759 1564 1787 subtilitas
1577 1766 1637 1786 eam
1647 1759 1674 1785 in

891 1815 949 1835 rem
973 1806 1123 1834 machinari
1149 1806 1255 1841 potest?
1275 1805 1345 1832 Num
1372 1806 1510 1833 enimvero
1551 1804 1674 1838 giganteo

890 1861 1003 1882 munere
1019 1861 1083 1882 vere
1101 1852 1157 1881 Deo
1176 1852 1203 1879 in
1219 1852 1272 1879 hoc
1286 1851 1352 1879 dicit
1367 1851 1475 1886 adjutor
1489 1851 1630 1883 exsistere,
1643 1854 1674 1877 ut

890 1899 1007 1933 sublatis
1020 1898 1242 1934 generationibus
1255 1897 1375 1925 divlnam
1388 1898 1518 1924 virtutem
1533 1904 1548 1923 ιι
1559 1897 1672 1924 materia

889 1944 964 1973 brevi
977 1949 1085 1980 praestet
1102 1945 1245 1973 recedere?

928 1990 994 2023 Quae
1015 1998 1079 2018 vero
1101 1994 1189 2025 poetae
1208 1990 1242 2018 de
1263 1988 1417 2025 gigantibus
1438 1987 1560 2018 tradunt,
1582 1986 1670 2021 palam

890 2036 982 2063 fabula
1002 2039 1054 2062 est.
1077 2035 1129 2068 Qui
1149 2035 1220 2062 enim
1242 2035 1276 2062 de
1297 2033 1338 2062 his
1358 2035 1493 2063 statuunt,
1510 2031 1564 2058 alio
1590 2037 1671 2065 quain

889 2082 972 2109 verba
987 2085 1094 2112 sonent,
1112 2089 1209 2112 sensu,
1225 2081 1290 2108 talia
1301 2080 1452 2115 proferunt,
1470 2076 1567 2106 fabula:
1582 2075 1672 2110 specie

890 2127 1024 2155 sermonis
1049 2128 1164 2162 gratiam
1185 2130 1369 2161 contegentes,
1392 2130 1422 2153 ut
1441 2133 1502 2152 cum
1523 2125 1605 2152 rel‘ert
1622 2121 1672 2150 Ju~

889 2173 1009 2201 daaorum
1024 2173 1178 2200 historia':
1198 2173 1303 2200 Venisse
1319 2172 1423 2207 angelos
1440 2176 1468 2198 ut
1486 2179 1542 2198 cum
1563 2169 1670 2205 ﬁliabus

888 2219 1021 2246 hominum
1035 2219 1281 2250 commiscerentur;
1299 2225 1394 2253 nempe
1408 2216 1481 2252 quod
1492 2218 1528 2243 ita
1546 2216 1670 2250 loquitur

889 2265 943 2292 hoc
962 2256 1130 2300 signiﬁcans,
1149 2264 1222 2292 vires
1246 2265 1344 2291 anima}
1365 2271 1425 2299 qua:
1447 2262 1599 2290 inserviunt
1618 2269 1670 2288 nu-

888 2311 1003 2347 tritiOni,
1024 2318 1039 2337 a
1062 2309 1189 2345 supernis
1209 2310 1243 2336 ad
1269 2313 1376 2338 terrena
1401 2308 1559 2336 descivisse.
1580 2306 1670 2334 Poetae

888 2359 978 2383 autem
996 2355 1042 2391 qui
1064 2355 1167 2387 dicant,
1192 2354 1256 2386 Eos,
1274 2363 1332 2381 cum
1350 2353 1447 2381 armati
1460 2361 1474 2380 ο
1491 2357 1561 2379 terra
1584 2358 1667 2378 emer-

887 2402 996 2434 sissent,
1021 2406 1092 2428 mota
1120 2401 1212 2428 statim
1239 2402 1265 2427 in
1290 2401 1351 2427 deos
1379 2399 1515 2427 rebellione
1539 2397 1668 2432 periisse;

887 2450 917 2474 ut
928 2446 1059 2474 caducam
1075 2447 1226 2482 celerisque
1241 2447 1370 2474 interitus
1387 2452 1532 2481 corporum
1549 2443 1667 2471 indolem

884 2492 1066 2524 insinuarent,
1083 2492 1110 2519 in
1131 2492 1202 2520 hunc
1217 2491 1327 2519 modum
1343 2491 1553 2519 recreandorum
1573 2497 1607 2517 ex
1627 2488 1666 2515 rei

884 2537 1017 2564 miraculo
1040 2537 1193 2564 animorum
1217 2546 1300 2566 causa
1334 2537 1430 2572 poesin
1463 2538 1608 2564 exornant.
1633 2533 1665 2561 lli

883 2589 958 2613 vero,
971 2590 1032 2609 cum
1047 2583 1116 2610 nihil
1130 2583 1227 2610 horum
1243 2582 1405 2617 intelligant,
1424 2582 1471 2608 ubi
1486 2581 1569 2608 ullius
1585 2587 1665 2616 para-

882 2627 991 2663 logismi
1018 2635 1112 2655 ansam
1135 2628 1257 2656 nancisci
1272 2627 1390 2658 licuerit,
1408 2626 1588 2660 undecunque
1604 2629 1665 2652 tan-

883 2673 945 2704 dem
971 2673 1023 2701 sibi
1048 2674 1185 2701 inventum
1210 2673 1288 2702 avide
1309 2673 1454 2708 arripiunt,
1476 2676 1503 2699 et
1529 2671 1562 2698 ad
1588 2679 1665 2698 ever-

883 2718 993 2746 tendam
1009 2726 1118 2755 quoquo
1136 2723 1214 2754 pacto
1229 2718 1369 2747 veritatem
1383 2717 1457 2744 omni
1481 2720 1538 2743 arte
1550 2722 1664 2742 consur-

884 2768 958 2799 gunt.
1652 2768 1654 2771 ‘
