1909 3069
255 158 306 187 ιε’]

661 159 859 188 ALEXAND!“
879 160 1126 191 ιῑοοιιοιιτΑΝι
1140 160 1183 187 DE
1204 160 1335 188 PLACIT.
1347 160 1486 188 MANlCH.

1827 161 1875 189 με

575 225 640 255 CAP.
654 227 748 255 XXVI.
767 228 839 264 Ignis
854 228 1034 256 Manis/laicus
1052 233 1169 255 vexatus.
1187 227 1261 263 Ignis
1278 228 1333 261 ille,
1347 229 1404 263 ipsa
1422 229 1542 256 materia.

288 287 362 324 Ignis
384 293 474 317 autem
500 289 561 321 ille,
591 288 688 316 urendi
712 289 822 324 quidem
847 289 873 316 vi
895 288 1033 324 praeditus.

1123 288 1158 314 Τὸ
1175 288 1202 315 δὲ
1223 288 1277 323 πῦρ
1292 288 1381 319 αὐτοῖς
1395 288 1425 314 τὸ
1447 287 1591 314 καυστικδν
1616 288 1676 322 μὲν,
1701 287 1827 322 ἀφεγγὲς
1838 287 1872 317 δὲ,

255 334 324 362 nihil
343 337 434 362 tamen
451 335 519 362 lucis
541 335 656 366 babens,
679 335 724 370 qui
745 336 780 363 sit
798 339 873 363 extra
893 335 1035 368 mundum,

255 387 373 415 quonam
383 380 423 408 eis
435 380 494 407 loco
505 381 646 408 consistit"!
661 380 726 407 Nam
741 381 764 408 si
775 381 881 416 quidem
894 381 920 408 in
936 383 1037 409 mundo

255 429 307 457 est.
330 433 379 453 cur
403 427 521 454 mundus
542 427 674 454 hactenus
701 427 844 454 incolumis
864 428 1038 461 perseverat?

255 470 320 498 Nam
343 471 366 499 si
389 472 536 506 aliquando
562 473 661 507 ipsum,
688 472 712 500 ei
733 473 950 508 propinquando,
977 481 1039 500 cor—

255 522 372 552 rumpet,
387 526 460 546 mne
474 526 582 554 quoque
607 518 658 554 ipsi
685 518 850 552 coniunctus
867 524 919 546 est.
942 519 970 546 Si
989 528 1037 546 au-

255 567 308 589 tem
322 570 444 590 seorsum
458 568 510 596 est,
527 565 600 592 velut
618 565 644 592 in
660 565 771 600 propria
789 565 853 593 sede
868 573 899 592 ac
915 566 975 593 loco
993 575 1038 593 su-

254 607 357 638 blimis,
372 608 436 642 quid
451 615 546 643 postea
560 614 590 636 ut
604 609 631 636 in
648 609 778 636 mundum
794 609 936 636 delabatur
952 610 977 637 ei
992 617 1037 637 ac-

254 651 346 679 cidet?
374 653 428 681 Aut
456 662 510 689 quo
534 655 614 682 modo
636 663 652 682 e
674 655 734 682 loco
758 662 808 682 suo
830 655 957 688 excedet,
983 664 1037 690 qua

254 700 428 733 necessitate,
452 701 565 735 cujusve
588 709 721 730 excussus
745 702 890 730 violentia?
907 702 1035 736 Quaenam

254 753 320 773 vero
335 747 416 773 etiam
431 747 502 782 ignis
518 747 669 777 substantia
687 749 774 784 possit
789 749 901 784 intelligi
914 750 973 777 sine
986 758 1035 785 pa-

254 791 336 819 bulo!
361 792 415 819 Aut
434 793 570 827 quomodo
593 794 735 821 humidum
760 795 798 822 illi
823 796 950 831 pabulum
975 797 1037 824 est?

254 837 306 864 nisi
324 837 397 872 quod
415 846 475 873 quae
490 839 523 868 de
538 839 583 866 illo
601 847 633 866 ex
657 845 759 867 natura:
777 841 864 876 magis
884 841 1036 870 rationibus

253 881 393 914 dicuntur,
414 890 467 910 non
483 888 523 910 est
539 883 621 918 hujus
637 888 769 913 tractatus
790 885 951 921 disquirere.
968 887 1036 914 lllud

252 930 342 954 autem
361 935 393 955 ex
416 928 458 956 his
474 937 533 964 quze
549 930 621 956 dicta
636 935 710 962 sunt,
729 939 844 966 prorsus
861 933 1035 961 manifestum

251 975 302 999 est.
319 971 390 1007 ignis
409 973 481 1000 enim
504 979 580 1001 extra
593 975 724 1002 mundum
739 977 906 1010 consistens,
923 979 1036 1006 omnino

251 1022 293 1045 est
305 1026 385 1053 quam
401 1018 452 1053 ipsi
469 1024 566 1047 vocant
583 1022 722 1048 materiam
736 1032 742 1050 :
758 1024 979 1058 quandoquidem
995 1025 1036 1052 sol

250 1069 277 1092 et
293 1065 369 1099 luna,
387 1067 447 1101 puri
465 1075 595 1102 purorum
617 1068 708 1095 divina
726 1069 828 1097 virtute
847 1071 881 1098 ab
898 1070 950 1098 hoc
974 1072 1036 1106 igne

250 1112 366 1147 sejuncti
386 1117 460 1145 sunt,
483 1115 558 1142 nulla
577 1122 688 1142 suarum
709 1116 826 1150 partium
850 1116 876 1143 in
898 1117 950 1144 hoc
974 1118 1036 1152 igne

250 1158 354 1187 relicta.
371 1159 438 1187 Erat
453 1159 497 1187 hic
509 1160 578 1194 ignis
597 1160 654 1195 ipsa
670 1168 717 1195 per
732 1168 762 1188 se
773 1162 897 1194 materia,
913 1161 947 1189 ab
960 1163 1034 1190 omni

249 1211 311 1232 cum
338 1205 430 1233 divina
452 1206 553 1233 virtute
577 1214 690 1240 prorsus
718 1211 840 1234 semotus
859 1209 1033 1235 commercio.

248 1250 430 1285 Quamobrem
453 1252 499 1279 ubi
523 1252 640 1280 mundus
662 1253 737 1280 omni
760 1253 850 1280 divina
874 1254 975 1281 virtute
995 1255 1034 1283 illi

248 1297 411 1325 adversante
431 1298 617 1331 evacuabitur,
641 1297 776 1332 ejusmodi
795 1307 890 1327 rursus
906 1300 976 1335 ignis
992 1308 1035 1328 re-

250 1342 401 1377 linquetur;
418 1350 536 1377 quonam
559 1343 642 1378 igitur
665 1343 746 1370 modo
772 1343 842 1378 ignis
860 1348 907 1371 aut
930 1345 1032 1380 aliquid

249 1393 414 1423 corrumpet.
441 1393 487 1415 aut
507 1389 541 1416 ab
563 1397 595 1416 eo
611 1390 825 1425 corrumpetur?
842 1390 883 1418 Ab
908 1398 940 1418 eo
959 1391 1033 1420 enim

248 1433 321 1467 quod
336 1433 424 1460 simile
443 1437 495 1465 est,
520 1442 573 1461 non
589 1434 666 1462 video
685 1443 739 1470 qua
765 1436 869 1462 ratione
885 1436 920 1464 sit
943 1436 1032 1463 futura

240 1480 398 1514 "corruptio.
417 1480 494 1513 Quod
520 1481 592 1507 enim
612 1481 656 1508 ﬁet
681 1482 810 1511 materia.
837 1482 929 1508 divina
951 1482 986 1509 ab
1000 1490 1032 1509 ea

249 1526 349 1553 virtute
363 1526 499 1561 sejuncta,
520 1526 571 1554 hoc
585 1531 643 1554 erat
665 1528 825 1562 priusquam
838 1528 928 1556 divina
945 1530 1032 1557 virtus

248 1579 309 1598 eum
325 1579 356 1598 ea
379 1572 610 1600 comlniscerctur.
630 1573 658 1600 Si
674 1574 782 1608 quidem
808 1573 890 1608 igitur
906 1574 1030 1606 materia,

247 1616 339 1644 divina
355 1617 485 1645 destituta
500 1619 601 1646 virtute
618 1620 737 1654 peritura
754 1623 806 1652 est,
823 1620 917 1654 quidni
939 1620 1029 1654 periit,
1045 1639 1066 1667 α

247 1665 394 1697 antequam
411 1663 494 1690 etiam
511 1663 631 1691 divinam
651 1665 779 1692 virtutem
799 1665 918 1693 ullumve
932 1674 1032 1694 munus

247 1709 394 1736 creationis
410 1714 640 1745 consequeretur;
655 1715 685 1738 ut
703 1711 834 1747 deinceps
855 1712 969 1740 materia
986 1721 1033 1747 pec

211 1747 216 1750 ”
247 1759 317 1787 teat.
334 1759 361 1783 et
383 1756 410 1783 in
434 1756 570 1784 intinitum
591 1757 617 1784 id
641 1757 738 1784 faciat?
761 1757 794 1784 Et
816 1759 881 1793 quid
902 1759 1033 1793 prodest?

247 1800 326 1834 Quod
342 1801 414 1829 enim
431 1810 463 1830 ex
483 1802 570 1837 prima
585 1803 724 1830 voluntate
744 1803 846 1831 factum
858 1812 914 1831 non
930 1808 982 1838 est,
999 1813 1032 1832 ex

247 1848 374 1882 sequenti
389 1849 527 1884 quomodo
545 1849 609 1876 lict?
625 1853 672 1876 aut
689 1858 811 1884 qumnam
828 1850 882 1877 Deo
903 1851 983 1883 ratio,
1001 1855 1032 1878 ut

246 1896 355 1930 negotia
382 1887 499 1928 dill‘erat,
519 1904 579 1930 quae
599 1904 633 1923 ne
655 1896 683 1923 in
705 1896 765 1924 viro
788 1897 897 1931 quidem
919 1905 949 1925 se
965 1888 1032 1925 bene

247 1940 348 1968 habere
371 1942 455 1969 videri
471 1946 591 1977 queant;
610 1942 665 1969 illis
681 1943 753 1969 enim
773 1943 846 1978 quod
863 1943 1032 1978 impossibile

247 1988 284 2016 sit
300 1988 453 2016 deliberare
467 1989 588 2024 proclive
614 1989 722 2016 dicatur
737 1994 900 2024 competere.
919 1990 966 2026 qui
990 1990 1031 2017 [ιι-

247 2033 335 2066 ciunt,
352 2037 382 2061 ut
404 2042 453 2062 nec
468 2038 534 2061 tunc
548 2034 632 2061 velint
653 2042 715 2061 cum
731 2035 862 2070 possibile
875 2040 927 2063 est.
946 2036 1032 2063 Caete-

247 2087 320 2112 rum,
336 2080 386 2106 nisi
398 2080 462 2114 quid
471 2081 554 2112 aliud,
566 2080 649 2107 Deum
660 2087 742 2115 supra
753 2081 899 2108 essentiam
914 2085 942 2108 et
951 2089 1032 2116 quem

246 2125 352 2157 dicunt,
363 2126 436 2153 velut
452 2133 548 2153 novam
563 2127 708 2161 quamdam
720 2128 861 2154 materiam
879 2127 1029 2154 inducunt:

247 2177 297 2199 nec
312 2178 372 2198 eam
388 2172 508 2206 quidem,
523 2180 605 2207 quam
616 2171 666 2199 viri
683 2173 830 2208 prudentes
847 2173 959 2200 omnino
969 2181 1032 2200 eon-

245 2217 369 2252 junetam
390 2218 563 2251 existimant,
588 2222 635 2246 aut
656 2227 717 2254 quae
737 2220 858 2247 omnium
880 2224 1030 2247 extremum

245 2267 299 2296 est,
315 2263 414 2298 vixque
430 2264 584 2292 intuentem
601 2268 630 2292 ut
647 2273 706 2292 eam
722 2266 804 2293 homo
823 2266 966 2301 intelligat,
982 2273 1029 2293 ve-

1087 333 1117 359 τὺ
1130 333 1207 364 ἐκτὸς
1217 332 1263 359 τοῦ
1284 333 1396 368 κόσμου,
1419 332 1470 358 ποῦ
1498 333 1619 367 ἵδρυται;
1636 333 1668 358 Εἰ
1686 332 1736 368 μὲν
1754 332 1813 367 γὰρ
1832 332 1872 358 ἐπὶ

1087 379 1132 405 τὸν
1142 380 1254 414 κόσμον,
1267 379 1294 405 τί
1312 379 1343 405 τὸ
1362 379 1446 406 αἴτιον
1466 379 1512 405 τοῦ
1527 379 1618 414 ἀπαθῆ
1635 377 1702 405 εἶναι
1726 379 1812 414 μέχρι
1831 378 1872 404 τοί

1088 425 1218 461 παρόντος
1232 425 1277 451 τὸν
1290 425 1409 460 κόσμονς
1432 426 1463 452 Εἰ
1488 425 1542 461 γὰρ
1554 425 1692 460 διαφθερεῖ
1708 433 1775 451 ποτε
1796 424 1872 450 αὐτοι

1088 471 1249 506 πλησιάσαν,
1265 472 1311 498 καὶ
1327 471 1373 498 νῦν
1388 471 1456 506 πρὸς
1471 471 1551 497 αὑτὸν
1566 470 1710 505 συνῆπται.
1729 470 1761 496 ΕΞ
1776 469 1806 496 δὲ
1822 478 1861 504 χω

1088 516 1130 552 ρίς
1150 518 1233 548 ἐστιν,
1249 515 1349 548 οἷονὼς
1361 518 1388 542 ὲν
1403 517 1459 550 ἰδίῳ
1478 517 1552 552 τόπῳ
1576 517 1720 552 μετέωρον,
1736 517 1763 543 τί
1790 516 1872 542 παθὸν

1089 564 1200 599 ὔστερον
1216 563 1377 590 ὲπιπέσεται
1396 564 1434 599 τῷ
1455 564 1567 599 xeo-pq);
1592 565 1626 590 Ἢ
1651 564 1708 595 πῶς
1730 563 1780 589 τοῦ
1811 563 1873 589 ἰδίου

1087 610 1169 636 τόπου
1187 610 1346 645 ὲκστήσεται
1361 609 1413 636 ὑπό
1423 618 1494 641 τινος
1506 610 1625 645 ἀνάγκης
1638 610 1684 636 καὶ
1701 609 1782 644 βίας;
1809 609 1873 635 Τίνα

1087 654 1115 681 δὲ
1128 655 1174 681 καὶ
1185 654 1250 690 ὕλης
1265 655 1348 690 χωρὶς
1362 656 1461 681 ἐννοεῖν
1475 654 1522 681 τοῦ
1540 655 1626 690 πυρὸς
1644 654 1812 686 ὑπόστασινς
1839 654 1873 680 'H

1088 700 1146 732 πῶς
1160 700 1190 726 τὸ
1210 700 1292 735 ὑγρὸν
1304 700 1390 735 τούτῳ
1404 700 1476 726 ἐστὶν
1491 701 1594 735 τροφῇ
1608 700 1624 734 ἢ
1637 700 1686 725 ὅσα
1697 699 1812 732 λέγεται
1827 706 1873 732 φυ-

1088 746 1245 782 σικώτερον,
1262 747 1292 772 οὐ
1304 745 1351 772 τοῦ
1366 746 1495 781 παρόντος
1514 745 1592 780 λόγου
1613 745 1696 771 ἐστίν.
1717 745 1825 770 Ἐκεῖνο
1847 743 1873 769 δὲ

1087 793 1196 824 πάντως
1209 802 1260 819 που
1287 793 1401 828 φανερὸν
1431 793 1463 818 ὲκ
1492 791 1547 818 τῶν
1571 791 1733 828 εἰρημένων.
1760 790 1801 816 Τὸ
1822 789 1873 825 γὰρ

1088 839 1142 874 πῦρ
1155 839 1201 866 τοῦ
1217 839 1317 875 κόσμου
1329 839 1406 871 ἐκτὸς
1420 839 1539 874 ἀκριϐῶς
1557 840 1630 865 ἐστιν
1645 839 1661 873 ἡ
1675 837 1813 873 λεγομένη
1829 838 1873 863 ὑπ’

1087 887 1176 913 αὐτῶν
1189 886 1248 923 ὕλη·
1266 887 1413 922 ἐπειδήπερ
1427 887 1440 912 ὁ
1453 886 1526 921 ἥλιος
1550 886 1595 912 καὶ
1612 886 1627 920 ἡ
1645 884 1744 920 σελήνη
1757 883 1873 917 καθαροὶ

1087 933 1213 969 καθαρῶν
1228 933 1303 965 ὄντες
1318 933 1360 960 διὰ
1385 933 1433 968 τῆς
1455 932 1529 964 θείας
1553 932 1692 966 δυνάμεως
1702 929 1872 964 ἀπεζεύχθη-

1051 969 1072 997 Β
1087 987 1136 1005 σαν
1150 979 1197 1006 τοῦ
1215 979 1299 1014 ’ἴτυρδς
1315 979 1419 1010 τούτου,
1434 978 1508 1004 οὐδὲν
1522 976 1623 1003 ἑαυτῶν
1637 978 1665 1003 ἐν
1681 975 1719 1011 τῷ
1730 976 1799 1010 πυρὶ
1812 975 1872 1001 τού-

1085 1034 1124 1060 τῳ
1138 1025 1329 1059 ὑπολεῐψαντες
1341 1025 1432 1060 μέρος.
1449 1024 1533 1050 Τοῦτο
1543 1021 1576 1058 ἦν
1589 1024 1604 1058 ἡ
1621 1022 1670 1057 ὕλη
1686 1022 1747 1048 καθ’
1761 1021 1870 1055 ἑαυτὴν,

1085 1072 1115 1098 τὸ
1127 1071 1247 1107 ἀκριϐῶς
1262 1072 1376 1106 ἄμικτον
1391 1071 1458 1106 πρὸς
1473 1070 1520 1106 τὴν
1544 1070 1618 1096 θείαν
1630 1068 1755 1104 δύναμιν.
1780 1067 1870 1097 *Ως-τε,

1085 1119 1117 1144 ἂν
1127 1117 1230 1152 κενωθῇ
1246 1117 1346 1152 κόσμος
1364 1112 1416 1151 τῆς
1444 1117 1504 1143 κατ’
1519 1115 1599 1142 αὐτοῦ
1619 1115 1758 1150 δυνάμεως
1788 1113 1870 1145 θείας,

1085 1164 1166 1191 πάλιν
1202 1164 1323 1190 τοιοῦτον
1347 1163 1573 1198 ὑπολειφθήσεται
1603 1161 1668 1197 πῦρ,
1695 1161 1756 1192 πῶς
1782 1157 1870 1186 οὖντὸ

1085 1213 1140 1245 πῦρ
1155 1209 1322 1245 ἦδιαφθερεϊ
1336 1218 1373 1240 τι,
1397 1209 1413 1244 ἢ
1438 1209 1483 1234 ὑπ’
1500 1208 1579 1235 ἄλλου
1596 1207 1784 1242 φθαρήσεται;
1802 1205 1871 1240 Πρὸς

1084 1255 1138 1290 γὰρ
1154 1254 1200 1281 τοῦ
1214 1255 1305 1290 ὁμοίου
1323 1255 1371 1289 οὐχ
1386 1254 1441 1290 ὁρῶ
1455 1254 1513 1285 πῶς
1530 1254 1670 1289 γενήσεται
1693 1253 1707 1287 ἡ
1724 1251 1825 1286 φθορά.
1840 1250 1870 1277 Ὃ

1084 1301 1138 1336 γὰρ
1149 1302 1291 1336 γενήσεται
1307 1300 1395 1336 ἡῦλη,
1423 1302 1472 1335 τῆς
1497 1300 1570 1330 θείας
1593 1299 1734 1333 δυνάμεως
1749 1297 1868 1329 ἀποζευ-

1084 1347 1189 1382 χθεῖσα,
1204 1347 1275 1373 τοῦτ’
1285 1345 1318 1382 ἦν
1331 1347 1395 1382 πρὶν
1411 1347 1458 1373 καὶ
1473 1346 1603 1382 μεμίχθαι
1625 1346 1694 1381 πρὸς
1708 1345 1796 1380 αὐτὴν
1822 1345 1869 1379 τὴν

1084 1392 1158 1419 θείαν
1174 1392 1296 1428 δύναμιν.
1313 1393 1345 1420 Εἰ
1368 1393 1457 1419 τοίνυν
1472 1392 1611 1419 ἀπολεῖται
1633 1391 1810 1427 ἐρημωθεῖσα
1821 1390 1869 1424 τῆς

1083 1438 1157 1471 θείας
1170 1439 1318 1474 δυνάμεως,
1330 1438 1373 1465 διὰ
1384 1439 1410 1465 τί
1423 1439 1458 1474 μὴ
1470 1439 1517 1466 καὶ
1527 1438 1650 1465 ἀπώλετο
1662 1437 1726 1472 πρὶν
1735 1437 1782 1462 καὶ
1796 1436 1869 1462 θείαν

1082 1485 1195 1521 δύναμιν
1209 1484 1334 1520 γενέσθαι
1346 1485 1362 1520 ἢ
1375 1484 1456 1519 ἄλλην
1471 1484 1659 1519 δημιουργίαν,
1678 1483 1720 1509 ἵνα
1732 1482 1868 1517 ἀπόληται

1082 1531 1100 1566 ἠ
1116 1530 1176 1565 ὓλη,
1189 1531 1235 1557 καὶ
1251 1530 1329 1556 τοῦτο
1340 1531 1440 1565 ποιήσῃ
1461 1530 1556 1565 μέχρις
1570 1528 1682 1563 ἀπείρου
1695 1537 1702 1560 ;
1717 1527 1776 1554 Καὶ
1799 1528 1826 1553 τί
1842 1527 1868 1553 τὸ

1082 1575 1190 1610 δφελοςς
1207 1576 1239 1602 Ὃ
1253 1575 1306 1610 γὰρ
1324 1574 1360 1610 μὴ
1372 1575 1478 1608 ἐγένετο
1494 1575 1525 1601 ὲκ
1538 1573 1585 1600 τοῦ
1607 1573 1713 1609 πρώτου
1731 1572 1813 1608 βουλή
1819 1582 1867 1606 μα-

1083 1631 1137 1654 τος,
1148 1622 1206 1654 πῶς
1223 1623 1254 1648 ὲκ
1270 1621 1316 1648 τοῦ
1332 1621 1457 1657 δευτέρου
1474 1621 1633 1656 γενήσεται;
1661 1620 1677 1655 ἢ
1698 1620 1740 1651 τίς
1767 1621 1781 1646 ὁ
1794 1620 1868 1653 λόγος

1083 1668 1153 1704 Θεῷ,
1169 1668 1305 1695 ἀναθεῖναι
1318 1667 1478 1703 πράγματα,
1495 1667 1513 1694 ἃ
1528 1667 1582 1693 οὐδ’
1601 1667 1642 1693 ἐπ’
1663 1666 1806 1701 ἀνθρώπου
1823 1675 1868 1693 κα-

1083 1715 1135 1747 λῶς
1149 1715 1220 1750 ἔχειν
1235 1716 1376 1746 ὺπονοεῖν;
1391 1714 1428 1740 Τὸ
1451 1714 1505 1749 γὰρ
1530 1713 1658 1740 ἀδύνατον
1684 1713 1816 1748 πρόσεστι
1831 1712 1867 1746 τῷ

1084 1760 1257 1796 βουλεύεσθαι
1276 1761 1322 1786 ἐπὶ
1347 1759 1400 1785 τῶν
1432 1759 1579 1786 ποιούντων
1605 1758 1672 1793 πρὸς
1696 1758 1735 1792 τῷ
1761 1757 1866 1792 μηδὲτὸ

1084 1806 1234 1842 βούλεσθαι,
1251 1806 1302 1833 κᾶν
1316 1806 1427 1832 δυνατὸν
1443 1804 1471 1842 ᾗ,
1486 1806 1638 1841 προχείρως
1651 1805 1751 1840 χρῆναι
1768 1803 1865 1838 λέγειν.

1082 1852 1156 1888 Πλὴν
1173 1853 1197 1878 εί
1215 1853 1251 1887 μή
1267 1861 1293 1878 τι
1306 1851 1408 1887 ἕτερον,
1421 1851 1486 1877 Θεὸν
1504 1851 1551 1878 καὶ
1567 1851 1612 1877 τὸν
1632 1849 1761 1876 ἐπέκεινα
1775 1850 1867 1880 οὐσίας

1083 1897 1215 1932 λέγουσιν,
1229 1897 1323 1933 ὥσπερ
1345 1898 1440 1932 καινήν
1462 1905 1524 1923 τινα
1544 1897 1698 1930 εἰσάγουσιν
1720 1895 1800 1930 ὖληψ
1823 1896 1867 1922 καὶ

1083 1945 1142 1980 ουχὶ
1159 1944 1206 1980 τὴν
1220 1945 1417 1980 ὑπερημμένην
1431 1943 1507 1979 παρὰ
1532 1945 1587 1975 τοῖς
1601 1943 1662 1969 νοῦν
1674 1943 1792 1978 ἔχουσιν·
1807 1941 1866 1977 ῆνῆ

1085 1990 1122 2026 μὴ
1136 1991 1307 2017 παντάπασιν
1319 1989 1401 2017 οὖσαν
1420 1992 1434 2016 ὸ
1449 1990 1525 2024 λόγος
1540 1990 1670 2025 εὑρίσκει,
1683 1989 1700 2024 ἢ
1713 1988 1745 2015 τὸ
1760 1989 1867 2015 πάντων

1082 2036 1192 2071 ἔσχατον
1201 2038 1246 2064 καὶ
1259 2037 1337 2073 μόγις
1347 2037 1386 2068 εἰς
1400 2037 1502 2063 ἔννοιαν
1513 2035 1683 2072 ἀνθρωπίνην
1697 2033 1866 2069 ἀφικνεῖσθαι

1081 2082 1237 2118 δυνάμενον.
1272 2083 1351 2110 Ἀλλὰ
1366 2082 1419 2118 γὰρ
1444 2083 1475 2108 τὸ
1490 2082 1545 2118 πῦρ
1569 2081 1598 2108 τὸ
1620 2081 1751 2115 ἀφεγγὲς,
1769 2079 1823 2116 ἄρά
1837 2088 1867 2113 γε

1082 2128 1162 2154 πλέον
1176 2128 1249 2154 ἐστὶν
1260 2129 1309 2163 τῆς
1328 2127 1477 2164 μελλούσης
1492 2126 1719 2163 ὲρημωθήσεσθαι
1737 2126 1804 2161 ὕλης
1815 2126 1866 2152 ἀπὸ

1081 2174 1130 2208 τῆς
1140 2173 1214 2206 θείας
1225 2174 1375 2209 δυνάμεως,
1390 2174 1406 2209 ἢ
1419 2173 1542 2206 ἕλαττονς
1561 2173 1629 2199 Ἀλλ’
1645 2174 1668 2199 εἰ
1686 2173 1735 2208 μὲν
1748 2172 1865 2201 ἔλαττον,

1083 2220 1140 2252 πῶς
1152 2222 1360 2255 καταγωνιεῖται
1375 2221 1405 2246 τὸ
1418 2220 1512 2252 πλέον;
1527 2221 1550 2246 εἰ
1570 2219 1597 2245 δὲ
1611 2219 1699 2250 πλέον,
1719 2218 1866 2252 ἐπανάγειν

1084 2265 1132 2300 μὲν
1147 2265 1211 2292 αὐτὸ
1223 2265 1381 2301 δυνήσεται,
1409 2265 1459 2300 τῆς
1485 2265 1568 2300 αὐτῆς
1587 2263 1616 2291 ὃν
1639 2263 1756 2298 φύσεως·
1769 2263 1798 2289 οὐ
1816 2261 1866 2297 μὴν

246 2309 306 2336 nire
316 2310 412 2344 possit.
425 2309 571 2338 Enimvero
586 2310 656 2346 ignis
671 2311 717 2339 ille
738 2312 911 2343 tenebrosus,
931 2311 1028 2346 plusne

1084 2311 1228 2348 Ξιαφθείρει
1240 2320 1271 2345 γε
1284 2312 1359 2338 αὑτό·
1371 2311 1465 2347 ὥσπερ
1475 2311 1535 2338 οὐδὲ
1551 2313 1565 2338 ὀ
1577 2310 1671 2342 Νεῖλος
1687 2310 1752 2341 τοὺς
1763 2309 1809 2335 ἀπ’
1820 2309 1866 2334 αὺ-

246 2354 316 2382 valet
333 2363 414 2390 quam
432 2355 556 2388 materia,
578 2363 638 2391 quae
651 2357 743 2384 divina
763 2356 911 2384 desolanda
926 2356 1027 2384 virtute

1079 2357 1126 2384 τοῦ
1141 2357 1376 2393 ἀποτεμνομένους
1389 2358 1514 2389 κόλπους.

245 2405 297 2434 est,
313 2409 348 2428 an
364 2401 473 2430 minus?
489 2402 527 2429 Ac
540 2403 562 2430 si
579 2403 689 2438 quidem
715 2403 819 2436 minus,
848 2403 984 2438 quomodo
1006 2404 1170 2439 expugnabit
1192 2404 1264 2440 quod
1285 2408 1327 2431 est
1347 2404 1454 2439 majus?
1479 2403 1527 2430 Sin
1547 2407 1637 2430 autem
1667 2406 1744 2437 plus,
1776 2400 1809 2426 ad
1837 2406 1865 2424 se

246 2449 354 2484 quidem
374 2450 504 2478 reducere
519 2452 628 2486 poterit,
643 2459 705 2478 cum
718 2451 753 2479 sit
769 2450 892 2489 ejusdem
912 2456 1016 2478 natura:
1032 2459 1038 2476 :
1057 2451 1129 2479 haud
1154 2456 1245 2480 tamen
1260 2455 1465 2488 corrumpet,ut
1484 2459 1571 2486 neque
1585 2450 1672 2482 Nilus,
1692 2448 1741 2484 qui
1761 2447 1795 2474 ab
1820 2446 1864 2473 illo

246 2494 441 2527 abscinduntur
454 2498 540 2526 sinus.
