1909 3069
37 118 1651 146 Mm

797 139 1663 154 Ἥ

723 215 792 234 ANNO
810 215 902 235 DOIHNI
918 214 1005 235 CCCXL

514 261 1215 407 S.PETRUS

329 474 941 542 ALEXANDRINUS
979 479 1398 546 EPISCOPUS

648 606 738 661 ET
783 605 1083 664 MARTYR

359 792 611 840 NOTITIA
647 791 1365 840 HISTORICO-LITTERABIA

548 888 681 919 (6mm.
694 887 750 912 Vat.
766 888 834 912 Patr.
846 885 959 913 Biblioth.
971 887 1012 918 IV,
1024 887 1133 920 Proleg.,
1146 888 1183 922 ι.)

46 1024 68 1050 1.
83 1023 355 1061 Ρειγὶ-Αιεπαηάνίηὶ
370 1023 498 1061 an_ti.5_titis
514 1022 608 1048 merita
623 1021 655 1061 ait
666 1029 717 1061 uno
734 1021 847 1048 Eusebio
862 1022 1002 1050 celebrata.
1022 1023 1133 1051 Theome
1145 1032 1286 1052 successor.
1305 1027 1411 1061 Tempus
1423 1035 1478 1061 9:113
1490 1028 1558 1056 sedis
1568 1031 1664 1057 statui-

85 1066 140 1087 tur.
157 1059 302 1087 Desinante
317 1067 387 1085 anno
398 1059 447 1085 ’511
466 1061 567 1093 martyr
582 1056 711 1084 occubuit.

48 1107 80 1134 ll.
103 1107 233 1146 Tempore
252 1106 440 1146 persecutionis
458 1105 582 1146 canones
597 1103 930 1146 pmnitentialesscripsit.
941 1103 1114 1146 ‘Ili't‘iulsmodi
1126 1105 1247 1146 timorum:
1267 1106 1371 1141 aliaque
1386 1108 1470 1134 sancti
1483 1107 1574 1136 Patris
1587 1118 1665 1144 opera

83 1138 196 1176 plurimi
213 1138 313 1168 ducunt
328 1142 466 1175 scriptores
483 1140 639 1167 Orientales.
656 1138 846 1176 Neqite__aliter
861 1138 956 1166 θηρσὶ.
977 1140 1144 1176 Balsamom‘s
1161 1145 1185 1167 et
1200 1141 1313 1169 Zanarte
1329 1138 1527 1170 commentariis
1543 1138 1665 1172 instructi

84 1173 169 1204 iidem
184 1177 307 1205 Canones
320 1177 361 1203 hic
378 1173 501 1206 exhibui;
521 1183 630 1210 quorum
645 1173 765 1201 nonnulli
775 1179 900 1207 prtelerea
916 1183 974 1201 cum
989 1175 1074 1202 codice
1086 1184 1135 1202 ms.
1147 1175 1247 1203 collati.

49 1224 92 1251 Ill.
113 1224 157 1250 Ea:
171 1224 231 1250 aliis
245 1222 391 1249 beatissimi
410 1222 541 1258 antistitis~
549 1220 721 1258 monumentis
737 1219 884 1254 fragmenta
898 1220 1018 1248 collecta.
1030 1222 1080 1250 His
1101 1222 1202 1248 intexta
1219 1222 1276 1257 ejus
1289 1223 1399 1257 epistola
1419 1232 1436 1250 α
1451 1223 1559 1258 lla/fcio
1581 1226 1662 1253 edita.

83 1259 147 1291 Quo
159 1265 273 1293 tempore
288 1262 375 1284 ortum
385 1257 496 1284 scliisma
513 1255 692 1283 Meletianum.

83 1327 106 1355 1.
129 1329 242 1356 Petrum
254 1329 411 1364 episcopum
427 1327 638 1355 Alexandrinum
648 1327 761 1354 summis
777 1327 836 1354 lau-
850 1329 871 1357 Α
921 1325 953 1354 ll.
975 1327 1091 1363 Scripsit
1104 1332 1216 1356 sanctus
1232 1327 1313 1356 Pater
1329 1336 1400 1356 anno
1414 1329 1611 1364 persecutionis
1628 1338 1664 1362 ιν,

50 1373 136 1402 dibus
161 1375 283 1402 celebrat
306 1383 339 1402 ex
366 1374 566 1409 antiquioribus
595 1381 666 1401 unus
692 1373 836 1401 Eusebius.

50 1419 114 1446 Fuit
134 1420 191 1451 ille,
209 1420 298 1454 inquit
315 1419 383 1456 (a),t
400 1419 520 1446 divinum
539 1419 728 1453 episcoporum
743 1417 836 1450 decus,

51 1473 116 1492 cum
134 1466 169 1493 ob
182 1466 266 1493 totius
280 1465 343 1493 vitae
358 1466 574 1496 sanctimoniam,
592 1469 648 1491 tum
668 1464 703 1491 ob
718 1464 838 1491 studium

52 1519 83 1537 ac
96 1512 225 1546 peritiam
241 1519 380 1539 sacrarum
392 1511 540 1538 litterarum
554 1519 561 1538 :
577 1521 586 1537 ι
600 1510 670 1537 θεῖον
684 1510 838 1536 ἐπισκόπων

51 1558 159 1592 χρῆμα,
178 1558 236 1592 βίου
251 1566 282 1584 τε
298 1557 344 1584 καὶ
358 1557 457 1593 ἀρετῆς
470 1557 549 1583 ἕνεκα
565 1557 610 1583 καὶ
625 1557 673 1591 τῆς
689 1555 742 1583 τῶν
759 1555 839 1590 ἱερῶν

52 1602 142 1636 λόγων
154 1603 354 1638 συνασκήσεως.
368 1602 401 1629 Et
416 1602 478 1629 alibi
490 1601 527 1637 (b)
539 1609 600 1629 eum
614 1601 729 1635 appellat
743 1609 752 1625 (
765 1600 840 1627 Chri-

54 1649 310 1683 stiana-religionis
323 1649 461 1676 doctorem
473 1648 601 1676 eximium
613 1658 618 1674 :
630 1647 664 1683 (c)
674 1647 718 1682 qui
730 1646 839 1681 quidem

55 1698 112 1720 toto
127 1694 276 1721 sacerdotii
296 1694 338 1722 sui
354 1698 474 1728 tempore
487 1693 559 1728 quod
579 1693 657 1720 annis
672 1691 756 1727 gessit
771 1691 840 1718 duo-

54 1740 154 1771 decim,
171 1741 319 1767 maximam
341 1747 448 1774 quoque
470 1739 582 1774 gloriam
605 1742 646 1766 est
665 1740 838 1765 consecutus.

54 1784 122 1813 Post
140 1786 280 1814 Theonatu
301 1785 486 1820 episcopatum
501 1784 712 1812 Alexandrinum
727 1783 839 1811 sortitus

55 1837 107 1859 est.
119 1832 152 1858 Et
167 1836 231 1859 ante
244 1832 460 1867 persecutionem
475 1831 582 1866 quidem
598 1830 685 1858 tribus
699 1829 783 1856 ferme
795 1836 840 1856 an-

57 1877 100 1905 nis
122 1877 274 1905 Ecclesiam
296 1877 383 1904 rexit:
403 1876 459 1912 Πρὸ
474 1875 521 1902 τοῦ
541 1874 660 1910 διωγμοῦ
680 1874 767 1909 τρισὶν
785 1873 838 1899 οὐδ’

57 1923 126 1954 ὅλοις
143 1923 318 1958 ἡγησάμενος
337 1922 386 1957 τῆς
409 1920 569 1955 Ἐκκλησιας
583 1930 588 1947 ;
602 1920 734 1955 reliquum
749 1922 838 1945 autem

58 1969 146 1997 aetatis
161 1973 280 2003 tempus,
302 1967 418 1994 arctiore
439 1965 582 2000 disciplina
603 1972 632 1992 se
651 1965 739 1999 ipsum
761 1971 839 1991 exer-

890 1371 998 1401 Christo
1011 1374 1072 1407 506,
1094 1374 1214 1402 Conone:
1230 1375 1418 1410 paenitentiales
1435 1380 1544 1410 propter
1558 1384 1605 1403 eos
1621 1377 1667 1411 qui

890 1420 918 1447 in
940 1421 1067 1456 prmdicta
1091 1421 1277 1457 persecutione
1302 1422 1369 1456 lapsi
1392 1427 1492 1449 essent.
1513 1422 1668 1450 Occurrunt

891 1471 978 1494 autem
1004 1469 1031 1494 in
1056 1468 1182 1496 omnibus
1205 1467 1344 1495 Canonum
1375 1468 1587 1497 collectionibus.
1612 1469 1667 1496 Nos

890 1519 954 1539 vero
968 1512 1028 1540 illos
1044 1512 1243 1548 desumpsimus
1256 1520 1288 1540 ex
1305 1513 1422 1540 editione
1438 1513 1527 1548 magni
1542 1512 1667 1548 Synodici

891 1557 1049 1591 Oxoniensi,
1069 1566 1150 1599 quam
1176 1559 1280 1586 curavit
1310 1557 1468 1585 Guillelmus
1493 1558 1665 1594 Bcveregius,

890 1610 1003 1637 eamque
1018 1603 1182 1630 contulimus
1197 1610 1252 1630 non
1267 1603 1354 1630 solum
1372 1610 1433 1629 cum
1449 1602 1594 1630 Frontonis
1611 1603 1666 1630 Dum

891 1649 937 1675 etei
955 1647 1072 1675 editione
1089 1647 1245 1680 Parisiensi,
1260 1647 1307 1675 sed
1330 1648 1411 1675 etiam
1426 1655 1487 1674 cum
1504 1655 1554 1674 ms.
1573 1648 1667 1676 codice

890 1695 1054 1730 bombycino
1082 1695 1241 1729 amplissimi
1269 1695 1403 1722 senatoris
1431 1694 1559 1722 Bernardi
1585 1694 1664 1724 Nani.

892 1740 1002 1768 scholiis
1021 1744 1150 1775 praterea
1170 1739 1306 1767 Theodori
1329 1739 1496 1767 Balsamonis
1512 1744 1539 1767 et
1553 1738 1666 1767 Joannis

891 1786 1002 1813 Zonaras
1015 1786 1133 1813 intextis.
1153 1785 1190 1813 De
1207 1786 1249 1813 his
1263 1790 1352 1812 autem
1367 1785 1521 1813 Canonibus
1537 1786 1667 1820 ptuniten-

890 1832 1001 1859 tialibus
1013 1831 1213 1859 Tillemontium
1228 1831 1354 1858 consulas
1366 1831 1446 1858 velim
1458 1831 1504 1865 (g).
1522 1830 1607 1858 Porro
1619 1831 1667 1858 hu-

889 1877 1008 1912 jusmodi
1029 1876 1169 1904 Canonum
1191 1877 1363 1908 testimoniis,
1389 1880 1418 1903 ut
1440 1875 1523 1903 refert
1541 1876 1666 1905 laudatus

892 1922 1075 1950 Renaulotius
1087 1922 1134 1957 (Ιι),
1148 1925 1260 1948 utuntur
1271 1920 1477 1954 Eclimimensis,
1488 1920 1665 1954 Ebnassalus,

891 1968 1082 2003 Abulfaragius
1100 1971 1126 1994 et
1147 1966 1191 1993 alii
1214 1966 1400 2001 cujuscunque
1419 1971 1498 1993 secta!
1516 1966 1665 1994 Orientales

59 2023 133 2047 cens.
151 2013 305 2048 transegit:
322 2020 372 2040 nec
394 2012 484 2039 minus
503 2011 610 2038 interim
634 2009 769 2037 communi
789 2009 840 2036 Ec-
855 2012 876 2039 Β
890 2014 1036 2042 Christiani
1053 2024 1058 2041 ;
1073 2012 1143 2048 apud
1168 2020 1235 2047 quos
1257 2011 1337 2039 etiam
1356 2012 1383 2039 in
1405 2012 1437 2039 iis
1459 2012 1665 2039 collectionibus

59 2061 205 2088 clesiarum
230 2057 341 2085 utilitati
357 2055 500 2091 magniﬁce
524 2055 674 2090 prospexit.
698 2054 783 2087 Quam
803 2054 838 2082 ob

59 2114 169 2134 causam
185 2112 258 2132 anno
277 2102 475 2139 persecutionis
495 2110 567 2129 nono
581 2103 670 2137 capite
685 2105 837 2133 truncatus,

59 2151 182 2186 martyrii
198 2157 327 2177 coronam
340 2149 498 2184 promeruit.
514 2158 522 2173 ι
539 2147 673 2175 ilaclenus
684 2146 817 2174 Eusebius
830 2155 836 2173 :

59 2203 138 2230 quem
159 2199 289 2222 accurate
303 2194 376 2222 Petri
391 2193 565 2228 episcopatus
581 2199 666 2219 annos
682 2191 838 2226 digessisse,

59 2242 184 2276 pluribus
211 2240 365 2267 Dodwellus
387 2240 488 2267 evincit
501 2239 549 2274 (d).
569 2238 636 2265 Cum
653 2238 732 2272 igitur
744 2237 840 2264 Petrus

60 2287 204 2314 duodecim
229 2293 314 2313 annos
340 2285 367 2312 in
387 2285 544 2320 episcopatu
565 2284 735 2319 transegerit,
761 2289 841 2317 atque

61 2341 131 2360 anno
142 2334 178 2361 ab
187 2337 247 2360 orta
255 2332 442 2368 persecutione
453 2338 535 2362 nono,
549 2331 674 2357 smviente
686 2330 713 2356 in
724 2329 840 2357 Alexan-

61 2380 166 2407 drinam
182 2379 332 2406 Ecclesiam
345 2378 500 2409 Maximino,
521 2377 608 2411 capite
625 2379 766 2402 truncatus
783 2374 842 2402 fue-

61 2426 111 2460 rit;
147 2426 208 2461 ejus
242 2424 356 2461 proinde
384 2424 542 2460 martyrium
571 2422 665 2449 incidit
689 2422 717 2448 in
739 2418 841 2448 annum

63 2471 163 2499 Christi
184 2472 247 2503 δη,
269 2470 340 2506 quod
357 2469 476 2505 [Egyptii
495 2469 618 2496 recolunt
633 2467 678 2495 die
690 2467 725 2494 29
740 2467 841 2495 mensis

63 2519 157 2554 Athyr,
173 2518 220 2553 qui
236 2516 381 2551 respondet
395 2516 429 2543 23
442 2514 602 2542 Novembris
616 2517 645 2541 ut
660 2518 720 2548 post
731 2512 841 2540 Renau-

64 2563 164 2590 dolium
178 2563 212 2600 (ε)
229 2563 354 2590 observat
368 2561 530 2596 Lequienius
542 2560 588 2595 (f).

100 2641 136 2675 (α)
153 2641 254 2669 Euseb.
273 2641 344 2667 Hist.
354 2640 416 2667 uel.
434 2639 480 2666 lib.
498 2647 536 2670 ix,
552 2645 613 2673 cap.
629 2637 654 2664 6.

97 2678 133 2711 (b)
149 2677 186 2703 lci.
205 2677 270 2704 ibid.
283 2678 329 2704 lib.
341 2684 399 2708 vtn,
412 2683 470 2709 cap.
487 2675 529 2711 15.

98 2708 132 2747 (ε)
151 2713 188 2740 ΙιΙ.
206 2712 273 2740 ibid.
290 2713 336 2739 lib.
353 2720 401 2742 vn,
419 2708 477 2745 cap.
493 2708 592 2747 bibsnb
608 2709 652 2735 lin.

99 2743 135 2782 (ιι)
155 2748 248 2775 Dodw.
266 2748 375 2774 Dissert.
392 2743 460 2782 sing:
473 2744 507 2771 ad
526 2743 628 2777 Pears.,
647 2751 706 2779 cap.
723 2744 750 2776 6,
766 2743 778 2778 ᾗ
797 2743 842 2776 21,

67 2789 124 2818 pag.
138 2784 180 2810 74.

889 2060 1029 2096 anonymis
1047 2067 1106 2095 quae
1129 2063 1226 2086 vocant
1241 2057 1382 2092 Responsa,
1403 2058 1524 2092 qurcdam
1550 2066 1582 2085 cx
1605 2058 1666 2085 aliis

888 2107 947 2141 ejus
970 2105 1097 2140 operibus
1124 2104 1274 2140 fragmenta
1303 2107 1419 2131 exstant.
1446 2103 1580 2130 Nonnulla
1602 2103 1666 2130 item

889 2151 1033 2178 laudantur
1048 2158 1063 2177 a
1077 2150 1207 2177 Jacobitis
1222 2150 1250 2176 in
1266 2156 1345 2183 opere
1364 2148 1436 2183 quod
1454 2147 1545 2174 Fidem
1561 2152 1666 2182 patrum

889 2197 1033 2232 appellant.
1056 2195 1084 2222 ln
1107 2196 1161 2222 alio
1178 2202 1284 2230 quoque
1300 2202 1391 2229 opere,
1415 2194 1458 2221 cui
1479 2194 1576 2220 titulus
1599 2193 1666 2220 Unio

889 2242 1028 2277 pretiosus,
1042 2242 1101 2275 ejus
1112 2241 1249 2268 homiliam
1263 2241 1294 2268 de
1309 2240 1437 2275 baptismo
1449 2238 1549 2266 Christi
1562 2245 1666 2266 memo-

890 2293 976 2316 ratam
990 2288 1091 2315 videas.

925 2334 968 2361 ιιι.
990 2334 1054 2367 Quae
1077 2341 1141 2360 vero
1167 2332 1237 2367 apud
1256 2333 1364 2360 Graecos
1388 2339 1421 2360 ex
1449 2330 1552 2358 ueteris
1579 2330 1666 2358 sancti

891 2381 1018 2416 martyris
1041 2380 1148 2414 scriptis
1173 2379 1321 2413 fragmenta
1344 2381 1498 2409 servantur,
1521 2383 1552 2404 ea
1575 2373 1683 2403 omnia'

892 2426 1004 2453 collecta
1021 2425 1080 2459 ejus
1096 2424 1252 2452 Canonibus
1268 2423 1389 2458 subjecta
1403 2423 1570 2450 exhibemus.
1583 2421 1669 2448 Nimi-

892 2479 961 2502 rum.
983 2471 1007 2498 i.
1023 2475 1177 2505 excerptum
1198 2478 1229 2497 ex
1252 2469 1311 2504 ejus
1333 2469 1404 2496 libro
1418 2469 1456 2496 De
1472 2468 1577 2500 deitate,
1594 2467 1668 2503 quod

892 2520 979 2543 exstat
1002 2517 1028 2543 in
1049 2516 1117 2542 actis
1138 2515 1314 2542 conciliorum
1336 2514 1465 2549 Ephesini
1480 2518 1505 2541 et
1519 2512 1668 2541 Chalcedo-

892 2563 995 2593 nensis,
1020 2569 1081 2588 cum
1103 2560 1178 2587 Marii
1201 2560 1358 2588 Mercatoris
1372 2559 1495 2594 apposita
1509 2559 1667 2593 interpreta-

928 2639 962 2673 (ε)
980 2638 1101 2666 Renand.
1114 2636 1345 2673 Hisbpalriorch.
1361 2636 1448 2673 Αιᾳ..
1462 2635 1584 2673 pathip.

929 2671 969 2710 (Γ)
983 2673 1169 2710 [:equien._t)r.
1186 2671 1379 2710 Christ.,__tom.
1397 2671 1506 2710 ll.__pag.
1518 2671 1578 2699 597.

930 2705 966 2744 in)
983 2705 1089 2737 Tillem.
1107 2708 1197 2740 Manu,
1214 2713 1278 2734 tom.
1291 2705 1323 2744 _V_,
1339 2713 1399 2741 pag.
1415 2705 1476 2732 450.

932 2741 969 2780 (7:)
986 2744 1106 2772 Renaud.
1123 2744 1140 2770 ι.
1156 2752 1190 2775 c.,
1210 2750 1271 2777 pag.
1286 2741 1318 2768 61
1335 2749 1392 2776 seq.
