1909 3069
63 141 176 184 judice;
189 141 218 168 2.
236 141 537 184 breviora‘illa__l.atiria
549 150 620 184 apud
637 141 765 184 Sui-ium“;

750 60 842 89 ACTA
859 62 1018 92 SINCERA.

781 153 807 192 5_.
825 152 917 192 Graeca
933 155 1148 187 Combelisiana.
1170 166 1231 192 qua}

1251 164 1313 204 sunt
1328 162 1421 204 eadem
1438 162 1534 192 Latine
1547 166 1575 193 in
1590 169 1698 204 codice,

65 180 95 202 ut
111 176 249 210 diximus,
266 178 330 207 Vat.
348 181 410 209 622.
426 181 481 210 Nos
495 191 560 211 vero
567 176 665 220 'prima
678 176 1350 230 Et'pigens.It'iK'aiqBE"iHE£ii£§'ilétﬁtﬁtti‘é'iaii

574 314 951 376 INCIPIUNT
988 321 1199 380 ACTA.

98 452 129 480 Si
145 461 247 482 omnes
271 457 326 483 mei
342 457 465 492 corporis
482 462 558 487 artus
577 463 749 487 verterentur
765 462 792 488 in
811 462 861 490 lin-
872 468 898 498 Α
912 463 1002 498 itaque
1016 463 1182 491 sanctissimi
1197 464 1248 492 viri
1262 465 1416 502 episcopale
1437 468 1597 499 inchoantes
1617 480 1692 501 exor-

62 507 131 534 guas
141 519 151 532 ,
169 508 327 537 omnesque
343 504 527 531 membrorum
543 512 687 540 compages
701 507 860 536 articulatas

61 545 181 572 ederem
195 554 291 579 voces,
305 549 368 583 quis
376 549 417 576 vel
431 550 530 584 qualis,
540 551 692 585 quantusve
707 552 787 580 fuerit
800 554 860 581 bea-

62 591 192 619 tissimus
218 591 302 620 Pater
329 597 422 622 noster
442 593 551 628 Petrus,
568 597 756 625 Alexandrintc
785 600 858 627 sedis

61 637 306 674 archiepiscopus,
335 641 487 675 exprimere
516 643 671 671 nullatenus
697 645 855 673 srtllicerem.

60 680 224 710 Praesertim
237 689 341 719 quanta
352 690 530 721 tyrannorum
544 689 674 723 pericula,
686 696 856 726 quantosque

60 728 212 762 gentilium
234 734 317 765 atque
341 731 532 761 h:ereticorum
559 733 671 762 subierit
698 734 854 771 conflictus,

62 777 179 811 papyris
195 777 289 804 omnia
314 779 437 811 tradere,
462 781 505 808 vel
533 781 651 809 maxime
674 782 853 819 incongruum

60 821 204 854 ducimus,
216 831 250 851 ne
261 823 362 852 favoris
375 825 448 854 illius
460 827 652 862 panegyricum
664 830 854 858 commendare

58 868 155 902 potius
166 868 314 897 videamur
325 878 406 906 quam
429 872 585 907 passionum
600 893 607 904 ,
630 873 708 908 cujus
724 874 852 909 praeclaro

59 914 160 941 annisu
177 916 312 950 populum
333 916 388 944 Deo
404 918 567 953 acquisitum
586 919 690 946 salvum
707 920 795 948 facere
808 922 851 949 vi-

58 959 150 987 riliter
167 963 301 989 cucurrit.
319 962 509 991 Verumtamen
529 964 593 999 quia
610 965 642 992 ad
659 965 761 994 intimae
782 975 850 995 con-

58 1007 228 1035 versationis
243 1015 275 1035 ac
287 1009 409 1036 mirilicte
426 1009 486 1044 ejus
501 1010 616 1037 actionis
633 1012 768 1039 narranda
782 1020 850 1047 pra:-

59 1054 138 1080 conia
155 1055 229 1081 ratio
240 1055 405 1087 succumbit,
417 1060 443 1083 et
451 1063 540 1083 sermo
552 1056 674 1084 suﬂiccre
694 1058 848 1087 nullatenus

58 1100 141 1131 valet,
156 1101 221 1127 ideo
237 1101 411 1128 commodum
435 1102 604 1130 aestimamus
627 1110 658 1130 ea
677 1103 848 1132 solummodo

913 510 1004 542 dium,
1033 509 1120 544 ipsius
1145 509 1296 544 ﬂagitemus
1315 513 1485 547 orationem,
1512 521 1541 542 ut
1563 524 1613 545 uos
1635 526 1686 546 ean

912 558 1007 582 nostro
1023 555 1093 590 stylo
1106 557 1318 590 cooperatricem
1333 558 1432 586 habere
1447 552 1630 595 gaudeamus,

946 599 1109 628 Alexandria
1123 601 1205 635 igitur
1218 602 1284 630 urbs
1296 604 1413 639 copiosae
1427 607 1623 641 magnitudinis
1635 613 1690 642 est,

910 652 971 679 quae
985 652 1038 673 non
1058 644 1250 680 Egyptiorum
1265 648 1448 682 solummodo,
1460 652 1508 679 sed
1523 653 1603 680 etiam
1622 653 1692 682 Tlte-

909 693 1029 720 bteorum
1045 698 1127 729 atque
1143 694 1304 730 Libycorutn
1321 696 1392 723 haud
1409 699 1504 732 procul
1528 699 1561 726 ab
1575 700 1689 736 Egypto

909 738 1092 774 principatum
1107 743 1190 766 tenet.
1218 738 1372 768 Salutiferae
1395 746 1486 769 autem
1509 742 1573 771 Jesu
1587 744 1689 772 Christi

909 784 1012 811 Domini
1029 785 1115 813 nostri
1131 785 1329 814 incarnationis
1349 787 1530 816 ducentorum
1550 791 1688 826 octoginta

906 834 932 857 et
946 830 1067 865 quinque
1078 838 1211 858 annorutn
1223 831 1343 859 circulus
1358 833 1525 866 volvebatur,
1536 842 1597 862 cum
1611 844 1686 864 vene-

905 875 1000 903 rabilis
1027 875 1153 904 Theonas
1175 877 1296 911 ejusdem
1327 878 1446 906 civitatis
1473 887 1542 914 papa
1569 882 1686 909 aethereo

904 920 997 947 volatu
1014 921 1136 948 coelestia
1156 928 1240 956 regna
1255 922 1417 949 conscendit
1431 923 1478 958 (ὁ).
1494 923 1544 950 Cui
1562 925 1686 959 profecto

903 970 1069 994 memoratus
1078 965 1175 994 Petrus
1183 967 1216 994 ad
1227 967 1404 994 ministranda
1414 967 1541 996 Ecclesiae
1551 970 1685 1004 guberna-

902 1011 963 1038 cula
980 1011 1129 1039 succedens
1140 1031 1147 1044 ,
1164 1012 1198 1038 ab
1217 1012 1291 1038 omni
1304 1012 1377 1039 clero
1395 1017 1422 1040 et
1436 1013 1591 1042 Christiana
1608 1017 1684 1050 plebe

901 1057 1043 1085 ordinatus
1057 1061 1098 1085 est
1123 1057 1256 1092 pontifex,
1279 1060 1375 1085 sextus
1397 1058 1521 1087 decimus
1546 1061 1648 1089 scilicet
1668 1069 1683 1088 a

901 1101 991 1129 Marco
1005 1101 1170 1137 evangelista
1185 1102 1321 1137 simulque
1336 1102 1541 1139 archiepiscopo
1561 1104 1682 1139 ejusdem

57 1145 233 1178 describere.
257 1147 358 1182 quibus
374 1147 468 1183 utique
491 1148 525 1175 ad
545 1145 719 1184 pontificatus
744 1150 848 1185 apicem
864 1150 885 1177 B
899 1149 1029 1176 civitatis.
1052 1147 1103 1176 llic
1115 1148 1188 1175 enirn
1202 1148 1276 1176 velut
1290 1148 1400 1177 Lucifer
1421 1150 1491 1176 inter
1515 1155 1591 1178 astra
1614 1159 1681 1180 con-

57 1192 257 1221 conscendisse
267 1193 412 1228 pandetur.
429 1199 466 1225 et,
478 1195 544 1222 Ario
559 1203 574 1222 a
593 1195 726 1223 catholica
741 1196 847 1224 unitate

57 1239 184 1273 praeciso,
207 1240 412 1275 martyrialibus
428 1240 528 1268 laureis
546 1241 580 1268 sit
595 1241 751 1269 coronatus.
768 1241 846 1269 Hunc

898 1201 1031 1229 surgens,
1068 1196 1225 1221 sanctarum
1256 1194 1340 1222 radiis
1372 1194 1504 1222 virtutum
1538 1197 1679 1231 emicans,

898 1246 987 1266 arcem
1000 1238 1061 1266 iidei
1075 1237 1342 1273 magnificentissime
1360 1239 1537 1275 gubernabat.
1563 1241 1592 1268 ln
1604 1241 1679 1269 Scri-

57 1288 147 1313 tamen
180 1285 332 1321 gloriosum
357 1287 437 1314 ﬁnem
465 1295 497 1314 ac
523 1287 659 1321 magniﬁci
688 1289 873 1321 ρεπιιειηιῇηίετί
896 1284 984 1318 pturis
1007 1291 1071 1311 vero
1095 1283 1196 1312 divinis
1223 1284 1345 1319 priorum
1361 1284 1463 1311 nullius
1488 1285 1618 1318 inferior,
1644 1287 1678 1314 ad

57 1332 200 1366 speculum
213 1352 221 1365 ,
239 1340 329 1368 operte
344 1334 460 1368 pretium
477 1334 517 1361 eis
540 1334 664 1361 suilicere
683 1334 782 1366 credo,
797 1335 845 1370 qui

56 1383 181 1405 nostram
201 1378 346 1407 attendunt
365 1379 554 1411 devotionem,
573 1388 605 1406 ac
626 1380 685 1407 sine
708 1381 844 1408 mendacii

56 1424 117 1451 fuco
134 1425 285 1452 veridicam
299 1433 354 1453 non
378 1426 518 1461 ambigunt
537 1426 732 1454 narrationem.
755 1426 845 1462 Hujus

89 1513 129 1548 (α)
144 1513 310 1550 Eragmenta
326 1514 456 1541 Actorum
475 1513 592 1550 S.7Petri
614 1513 725 1550 Coptica
743 1520 770 1543 et
789 1516 842 1544 La-

55 1548 111 1575 tine
133 1549 219 1576 edidit
244 1549 377 1584 Georgius
393 1549 495 1584 Zoega,
511 1549 620 1582 Danus,
649 1548 676 1577 in
700 1551 770 1579 libro
795 1553 840 1580 cui

56 1584 151 1621 titulus
170 1583 340 1621 iCaialogu}
356 1583 474 1611 codicum
488 1583 656 1621 Captivorum
672 1594 736 1613 mss.
753 1588 798 1621 qui
811 1588 839 1614 in

56 1617 147 1656 thesea
166 1617 301 1656 Bargianj
320 1619 431 1656 Veliiris
447 1617 625 1656 asseroantur.
640 1620 733 1648 Romae
747 1617 816 1649 1.810
828 1642 836 1656 ,

55 1653 158 1689 injfolq
174 1662 201 1689 p.
215 1653 257 1682 ii.
276 1654 315 1682 En
329 1663 360 1682 ea
375 1654 470 1682 Latine
486 1655 589 1682 reddita
603 1664 610 1682 ε

87 1688 107 1727 l,
125 1688 278 1727 Cod._)_llV,
289 1698 327 1727 ex
340 1691 398 1727 vol._
410 1689 499 1727 Vatic.
512 1698 580 1727 μμ.
597 1689 754 1727 Encomium
768 1692 837 1727 quod

55 1725 166 1760 scripsit,
178 1725 260 1751 abbas
276 1724 427 1752 Alexander
444 1726 651 1760 archiepiscopus
667 1724 837 1755 Alexandriae

55 1759 130 1795 in‘S.
151 1759 259 1786 Petrum
276 1761 400 1795 virginem
425 1765 449 1787 et
475 1760 697 1795 archiepiscopum
719 1761 835 1794 ejusdem

56 1793 144 1827 urbis,
164 1796 210 1829 qui
229 1793 386 1829 martyrium
399 1796 525 1823 sustinuit
543 1793 590 1829 pro
608 1793 711 1822 nomine
725 1795 833 1824 Domini

895 1329 1024 1357 Ecclesia:
1046 1330 1191 1357 utilitatem
1208 1333 1290 1365 atque
1312 1329 1521 1358 instructionem
1549 1332 1678 1359 nobiliter

895 1376 1057 1409 insistebat;
1074 1376 1218 1411 prudentia
1229 1383 1339 1412 quoque
1357 1375 1516 1410 singularis,
1532 1381 1559 1404 et
1573 1378 1601 1405 in
1617 1386 1678 1405 om-

893 1423 975 1450 nibus
994 1422 1149 1458 perfectus,
1167 1430 1230 1450 vere
1247 1422 1375 1450 sacerdos
1392 1426 1419 1449 et
1436 1421 1524 1450 hostia
1539 1422 1599 1457 Dei,
1612 1431 1675 1459 erga

891 1509 991 1537 throno
1000 1510 1134 1546 Achillam
1151 1514 1178 1539 et
1190 1515 1253 1546 post
1264 1511 1337 1538 hunc
1351 1511 1554 1545 Alexandrum;
1579 1512 1673 1540 Arium

891 1549 980 1581 autem
997 1545 1109 1581 impium
1134 1545 1382 1574 anathematizavit.
1405 1547 1632 1574 Commemoravit
1645 1549 1673 1574 et

890 1579 989 1622 fragres
997 1579 1155 1622 episcopos,
1172 1581 1265 1622 Ehylel
1280 1583 1307 1622 et
1321 1581 1503 1622 Hesycltiu'm,
1510 1585 1540 1621 et
1548 1581 1673 1622 fahhom

889 1619 916 1642 et
937 1615 1123 1647 'l‘heOdorum,
1141 1616 1188 1651 qui
1214 1615 1242 1643 in
1264 1615 1385 1643 vincula'
1400 1616 1516 1650 conjecti
1546 1616 1671 1649 fuerant,

888 1657 943 1685 quo
957 1654 1079 1685 tempore
1095 1651 1153 1686 ipse
1169 1651 1267 1679 absens
1289 1656 1348 1678 erat
1369 1651 1397 1678 in
1414 1651 1624 1686 Mesopotamia,
1644 1656 1670 1678 et

888 1686 1011 1721 martyrii
1025 1693 1154 1712 coronam
1170 1690 1332 1721 acceperant
1347 1694 1400 1713 una
1417 1694 1478 1713 cum
1489 1686 1596 1713 clericis
1607 1686 1670 1720 plus

887 1727 965 1747 acu.
983 1720 1112 1747 Hortalus
1124 1720 1290 1755 quoquercst
1303 1729 1377 1753 suos,
1395 1722 1425 1747 ut
1440 1725 1568 1748 caverent
1582 1728 1597 1748 a
1611 1721 1668 1748 Me-

888 1755 945 1781 litio
956 1755 1148 1790 Lycopolitauo
1166 1756 1212 1790 qui
1228 1756 1364 1783 lacerabat
1382 1755 1531 1790 Ecclesiam
1550 1760 1578 1782 et
1599 1756 1668 1783 insi-

887 1790 946 1817 dias
958 1789 1081 1817 struebat
1096 1789 1184 1818 bouis.
1201 1791 1221 1817 E
1234 1798 1344 1818 carcere
1359 1791 1458 1818 ducttts
1469 1794 1510 1817 est
1525 1789 1621 1818 Petrus
1638 1791 1666 1818 in

57 1818 211 1866 nostriylesu
224 1818 323 1858 Cltrisii
334 1850 341 1862 ,
353 1831 421 1866 quod
432 1835 456 1857 et
468 1818 586 1866 recitarvit
602 1831 628 1866 in
644 1832 760 1866 oratorio
775 1832 831 1866 ejus

889 1826 972 1851 locum
987 1833 1074 1866 quem
1100 1829 1196 1852 vocant
1218 1825 1397 1866 Bucolorum,
1427 1825 1480 1866 ubi.
1501 1825 1529 1854 S.
1547 1825 1667 1866 “Ma-rcus

55 1865 119 1901 quod
134 1871 172 1892 est
193 1874 210 1892 a
228 1871 304 1899 parte
322 1866 479 1893 occidentali
498 1865 588 1898 urbis,
601 1865 644 1891 ubi
661 1865 758 1899 festum
774 1865 830 1901 ejus

56 1900 181 1936 celebrant
193 1901 236 1927 dic
247 1901 382 1928 honorata:
395 1901 730 1936 commemorationisrejus,
740 1900 831 1936 quiest

55 1935 104 1962 dies
117 1935 151 1963 29
161 1937 259 1963 mensis
270 1937 363 1963 Athor.
379 1936 412 1963 In
423 1944 486 1970 pace
494 1936 634 1963 Deiamen.
648 1935 743 1962 Sermo
761 1936 831 1964 inter

55 1970 102 2006 alia
117 1975 158 1998 est
168 1971 202 1998 de
218 1971 336 1998 Sabellio
349 1972 492 2003 haeretico,
514 1971 559 2006 qtti
576 1970 693 2006 surrexit
709 1975 830 2006 tempore

54 2004 165 2033 Theome
195 2007 393 2042 archiepiscopi
427 2004 636 2040 praedecessoris
673 2004 771 2042 l’etrii‘
796 2007 830 2034 de

53 2042 238 2075 persecutione
252 2040 303 2068 sub
317 2040 494 2072 Diocletiano,
508 2049 561 2075 qua
572 2042 678 2075 vigente
696 2041 723 2066 in
741 2040 829 2068 Meso-

53 2077 194 2110 potamiam
209 2077 322 2104 secessit
334 2077 429 2104 Petrus
440 2077 585 2103 comitibus
596 2075 699 2110 Achilla
710 2080 735 2102 et
746 2076 827 2110 hujus

52 2109 162 2139 encomii
180 2117 307 2145 auctore;
320 2112 353 2139 de
365 2112 467 2139 Melitio
477 2112 605 2146 episcopo
620 2109 824 2146 Lycopolitano.

51 2147 92 2180 qui
108 2148 219 2174 absente
237 2147 317 2174 Petro
332 2147 431 2174 invasit
445 2145 578 2173 thronum’
588 2145 768 2176 Alexandria,
779 2146 826 2173 sed

51 2185 139 2217 postea
155 2182 190 2209 ab
206 2190 240 2209 eo
261 2182 288 2208 in
302 2181 447 2217 .Egyptum
462 2188 572 2209 reverso
597 2180 692 2217 pulsus
707 2184 748 2217 est
758 2189 765 2214 ;
775 2181 826 2217 “de

50 2214 110 2244 Ario
124 2218 285 2252 presbytero
304 2214 475 2252 qui'secutus
486 2214 605 2244 errorem
619 2214 743 2250 Origenis
753 2215 825 2242 allir-

51 2253 129 2278 mavit
142 2252 241 2280 Filium
259 2252 306 2280 Dei
319 2260 380 2280 esse
395 2256 559 2279 creaturam.

82 2286 253 2322 Subscriptio
268 2288 294 2314 iu
310 2288 362 2315 line
379 2298 385 2314 :
404 2287 514 2314 Domine
525 2306 531 2318 ,
557 2286 679 2312 miserere
701 2286 769 2312 servi
787 2287 825 2313 tui

49 2320 148 2348 diaconi
165 2320 294 2349 Cdbrielis
309 2322 420 2349 Cosmw.
436 2323 527 2348 Amen.

81 2357 109 2384 ll.
132 2357 198 2384 Cod.
216 2357 281 2388 XV,
300 2365 332 2384 ex
350 2358 403 2384 vol.
420 2357 507 2384 Vatic.
527 2364 592 2383 ιλιι.
614 2355 774 2389 Martyrium
791 2355 820 2382 S.

50 2391 117 2419 Petri
139 2393 327 2426 archiepiscopi
347 2393 537 2423 Alexandrini,
565 2392 609 2425 qui
632 2391 823 2426 consummavit

51 2434 170 2454 certamen
192 2437 269 2454 suum
292 2425 412 2454 saltuum
437 2429 479 2454 dte
494 2427 528 2453 29
547 2427 642 2453 mensis
668 2426 759 2452 Atltor.
789 2425 822 2452 In

50 2471 105 2495 pare
122 2462 176 2490 Dei.
192 2463 286 2489 Amen.

882 1859 1047 1895 evangelista
1065 1868 1161 1895 passus
1175 1865 1244 1888 erat.
1260 1860 1290 1887 ln
1303 1861 1400 1888 itinere
1419 1860 1526 1887 obviam
1544 1859 1608 1887 facti
1623 1868 1666 1888 se-

881 1902 931 1931 nex
948 1901 1082 1931 etanusa
1095 1903 1109 1921 a
1130 1899 1221 1923 castro
1245 1896 1277 1922 ad
1299 1896 1428 1931 oppidum
1449 1895 1665 1931 descendentes,

881 1930 1039 1965 obtulerunt
1060 1930 1084 1957 ci
1101 1931 1194 1965 pellem
1213 1930 1429 1965 quadrahgulam
1448 1935 1474 1957 et
1494 1930 1662 1965 sindoniutn.

880 1963 1027 2000 POstquam
1044 1963 1133 1992 autem
1145 1963 1256 1992 ventum
1271 1963 1474 2000 esset'amplius
1490 1964 1523 1991 ad
1536 1968 1661 1992 austrum

879 2000 907 2026 in
921 1999 1010 2027 locum
1032 2001 1154 2034 martyrii
1171 2000 1199 2027 S.
1219 2000 1320 2033 Marci,
1346 2000 1372 2027 in
1395 1999 1462 2027 calle
1486 2003 1608 2034 porrecta
1630 2000 1662 2027 ad

879 2035 1016 2070 planitiem
1040 2038 1244 2070 sepulcrorum,
1278 2036 1380 2063 tribuni
1408 2034 1493 2061 recidi
1519 2034 1662 2068 jusserunt

878 2074 959 2105 caput
974 2070 1057 2097 Petri.
1071 2070 1148 2103 Quod
1165 2071 1211 2097 ubi
1230 2071 1339 2098 rescivit
1354 2070 1470 2105 populus
1481 2090 1488 2101 ,
1500 2069 1604 2105 scilicet
1617 2077 1661 2096 ar-

878 2105 1078 2139 chiepiscopum
1108 2109 1243 2132 nocturno
1268 2104 1397 2139 tempore
1415 2108 1441 2131 et
1461 2104 1607 2131 remotiore
1633 2105 1660 2132 in

877 2140 939 2167 loco
953 2140 1136 2170 interfectum,
1153 2148 1257 2174 magnae
1270 2141 1356 2167 turba:
1371 2143 1439 2166 nata:
1450 2144 1525 2167 sunt.
1537 2139 1641 2166 Conten
1650 2154 1659 2159 -

877 2175 915 2202 tio
928 2176 1008 2202 ctiam
1029 2179 1089 2202 orta
1107 2179 1148 2202 est
1166 2176 1191 2201 in
1210 2176 1308 2210 populo
1325 2175 1486 2210 deicorpOre
1498 2174 1576 2210 ejus,
1593 2175 1659 2201 dum

877 2211 922 2248 alii
933 2210 1051 2248 sepelire
1067 2211 1167 2237 vellent
1184 2211 1211 2236 in
1224 2209 1340 2248 ec_clesia
1355 2209 1482 2242 Theouaa,
1499 2209 1544 2248 alii
1558 2209 1656 2248 inloco

877 2245 906 2272 S.
932 2243 1022 2272 Marco
1052 2249 1222 2272 consecrato.
1246 2246 1378 2272 Proceres
1404 2248 1493 2270 autem
1521 2243 1656 2275 civitatis,

868 2281 1005 2307 senatorii
1023 2280 1145 2306 homines
1162 2287 1195 2306 cx
1208 2279 1324 2310 Dromo,
1341 2279 1419 2306 veriti
1430 2286 1464 2305 ne
1477 2277 1597 2305 oriretur
1613 2286 1655 2305 se-

874 2316 941 2342 ditio
952 2335 959 2348 ,
981 2323 1081 2350 corpus
1097 2315 1165 2349 pelle
1185 2315 1229 2350 illa
1247 2313 1614 2350 involutumitranstuleruiit
1628 2313 1655 2340 in

874 2347 1170 2385 navigiumfsiquidem
1191 2349 1266 2376 locus
1280 2349 1347 2385 mari
1363 2347 1522 2385 adjaeebat.
1539 2352 1565 2374 et
1582 2347 1654 2385 ξηια-

873 2381 1124 2422 t'unfcircmnvecti
1138 2385 1299 2422 appulerunt
1314 2384 1347 2411 ad
1362 2381 1450 2422 locum
1462 2382 1563 2422 dicium
1580 2381 1654 2422 Leu:

873 2426 957 2451 cates.
974 2420 1011 2447 ibi
1023 2417 1205 2454 deposuerunt
1220 2419 1246 2445 in
1264 2419 1432 2450 cmmeterio,
1443 2417 1515 2454 quod
1529 2417 1586 2454 ipse
1601 2417 1652 2454 sibi

874 2451 1065 2482 construxerat
1082 2455 1108 2481 in
1129 2454 1260 2481 suburbio
1275 2461 1290 2480 a
1311 2457 1388 2488 parte
1406 2451 1568 2488 occidentali
1585 2452 1651 2478 civi-

79 2484 346 2532 Krg-uvnientuinmfcrc
361 2497 411 2524 hoc
430 2495 759 2532 est:AnnoWDiocletiani
772 2503 819 2532 xix
837 2484 859 2512 Β
874 2492 946 2532 tatis.
972 2490 1024 2517 Sed
1048 2489 1164 2532 populus
1190 2497 1244 2532 no'u
1266 2484 1650 2532 permisit;iui‘fttpftlirgl‘lil:,

50 2531 154 2560 excitata
166 2537 210 2560 est
226 2534 322 2567 ingens
340 2532 513 2567 persecutio.
524 2536 550 2558 et
565 2531 665 2557 tribuni
680 2534 706 2567 et
723 2531 818 2567 praesi-

50 2567 91 2594 des
105 2568 136 2594 ad
150 2568 176 2594 id
190 2565 415 2601 constituti-sunt
433 2567 459 2593 in
472 2567 597 2593 munibus
615 2565 773 2601 provinciis,
790 2569 818 2591 et

50 2602 73 2628 in
81 2602 192 2637 Egypto
207 2599 366 2637 aThebaide
382 2604 577 2637 magnaiusque
591 2599 624 2627 ad
639 2599 740 2635 Libyen
756 2605 817 2637 qua:

50 2635 184 2672 porrigitur
199 2638 232 2664 ad
255 2643 341 2671 usque
357 2635 460 2672 Leptin.
480 2636 630 2672 [inmensus
652 2635 816 2672 autem_fuit

50 2669 186 2701 inartVrum
208 2669 340 2700 numerus
355 2673 381 2699 in
394 2669 487 2698 Africa
501 2675 528 2710 et
538 2670 717 2710 Mauretania,
730 2669 814 2730 τεεῖ-

50 2711 97 2730 ιιιοΔ
113 2701 260 2730 ’l‘hphnide,
281 2707 400 2730 Cvrene.
412 2706 556 2730 Pnia‘sllna
574 2711 600 2730 et
617 2704 766 2730 PilCenlCla.
797 2712 814 2730 n

49 2711 98 2768 pta,
113 2701 262 2738 Thebaide.
281 2707 401 2743 Cyrene.
412 2706 557 2746 Palmstina
574 2711 600 2732 et
617 2701 815 2744 Pbceniciaﬂn

66 2743 85 2768 is
108 2741 219 2768 Petrus.
245 2749 359 2768 maanus
381 2743 601 2768 archiemsconus
626 2739 813 2768 Alexandrum.

66 2743 86 2780 is
102 2741 219 2780 _Petrus,
245 2739 601 2780 mag'uusiarchiepiscopus
626 2739 813 2780 Alexandriae,

50 2778 88 2808 cui
102 2778 125 2805 in
137 2785 247 2806 carcere
263 2775 402 2808 praedixit.
425 2775 618 2805 successurum
639 2775 692 2803 sibi
711 2782 772 2802 esse
786 2775 815 2803 in

873 2531 1016 2559 antequam
1034 2521 1174 2561 intortuum
1190 2521 1370 2561 collocassent
1386 2523 1413 2549 in
1431 2521 1530 2561 throno
1544 2521 1651 2561 episco-

871 2561 924 2596 pali
940 2556 966 2587 in
984 2559 1377 2596 ecclesia,eleroucomitante,
1390 2565 1444 2596 quo
1461 2557 1534 2584 facto
1553 2556 1650 2591 sepeli—

871 2593 969 2623 verunt
983 2602 1044 2621 eum
1062 2594 1088 2620 in
1099 2593 1232 2621 sindoniis
1251 2598 1278 2620 et
1293 2593 1454 2620 holosericis
1467 2599 1529 2619 cum
1543 2598 1649 2618 aroma-

870 2631 952 2658 Iibus.
971 2629 1048 2656 Ευιτ.
1061 2628 1146 2655 Pun.

905 2665 942 2701 (b)
969 2664 1044 2701 Apud
1067 2663 1176 2701 Eusebii
1200 2661 1378 2701 Chronicum,
1396 2662 1425 2689 in
1444 2666 1561 2701 utraque
1589 2667 1649 2701 mea

869 2695 1000 2729 editione'
1014 2698 1207 2726 Mediolanensi
1234 2704 1267 2724 ac
1286 2697 1427 2728 Romana,
1451 2696 1483 2723 ad
1508 2696 1580 2722 hunc
1594 2695 1651 2722 fere

869 2743 969 2763 annum
980 2742 1034 2762 non
1047 2734 1151 2765 obitus,
1167 2732 1214 2761 sed
1228 2732 1335 2761 initium
1346 2731 1521 2766 episcopatus
1531 2729 1650 2758 Theoua

869 2770 995 2799 refertur.
