1909 3069
244 93 297 120 ‘55

751 89 779 118 S.
795 87 897 118 PETRI
914 87 1147 116 ALEXANDRINI
1167 84 1319 117 EPISCOPi

1803 89 1858 116 ιδο

245 155 350 175 omnem
366 147 510 175 sacerdotii
527 154 619 174 curam
637 147 733 174 diebus
750 155 781 174 ac
806 147 934 174 noctibus
949 147 1020 182 vigi-
1037 153 1059 177 Α
1073 146 1171 179 illuxit,
1183 150 1376 181 cmperuntque
1392 145 1483 173 fideles
1498 145 1532 172 ad
1548 149 1696 181 martyrum
1708 146 1858 174 memorias

245 193 332 220 lanter
344 193 504 220 desudabat.

280 237 332 266 Sed
348 238 411 273 quia
425 245 532 273 semper
544 238 602 265 zelo
620 237 772 272 percutitur
787 238 890 270 virtus,
907 237 1022 264 feriunt-

243 291 295 318 que
309 291 430 311 summos
442 283 548 318 fulgura
562 286 684 314 montes,
700 283 859 310 aemulorum
874 282 937 309 hinc
959 282 1022 309 inde

242 328 407 355 multifarios
426 327 579 362 patiebatur
595 326 748 354 conflictus.
759 326 828 361 Quid
839 327 937 362 plura?
953 334 1022 360 pene

241 373 315 400 omni
327 377 447 407 tempore
460 373 522 400 vita}
546 380 602 399 sua:
617 373 643 399 in
659 373 848 407 persecutione
863 372 945 407 degit.
970 371 1022 400 0r-

241 417 344 444 dinavit
363 418 464 445 interea
479 418 675 453 quinquaginta
694 421 719 444 et
733 417 853 452 quinque
866 417 1019 452 episcopos.

241 462 364 491 Meletius
390 463 524 499 denique,
552 464 661 490 nomine
680 467 707 490 et
724 466 813 490 mente
833 462 997 497 nigerrimus
1011 483 1019 496 ,

240 509 313 544 apud
328 509 547 545 Lycopolitanam
560 509 653 536 urbem
669 508 860 536 schismaticus
877 508 964 536 factus
979 513 1021 536 est

240 554 355 589 praesul;
370 554 453 580 multa
463 554 578 588 quidem
593 558 687 581 contra
700 561 833 580 canonum
847 561 929 588 agens
941 561 1021 588 regu-

240 599 304 633 lam,
324 607 511 634 superansque
526 600 608 626 etiam
626 604 802 627 cruentoruin
818 600 933 626 militum
955 600 1021 629 feri-

239 648 333 677 tatem,
342 645 388 680 qui
401 644 428 672 in
438 645 541 672 Domini
556 646 682 680 passione
691 646 768 673 veriti
779 650 841 674 sunt
852 646 1018 673 Dominicam

239 690 363 718 scindere
375 691 510 724 tunicam;
535 692 601 719 adeo
624 692 721 719 laxatis
737 692 849 719 insaniae
861 693 1020 726 raptabatur

239 735 362 768 habenis,
372 737 570 764 utcatliolicam
582 737 711 766 scindens
725 738 875 765 Ecclesiam
884 758 891 769 ,
908 746 962 765 non
974 746 1020 765 so.

239 781 293 808 lum
306 790 354 816 per
367 783 489 810 civitates
501 783 620 818 Algypti,
637 783 684 811 sed
699 784 780 811 etiam
794 792 843 819 per
855 784 935 811 villas
947 784 1016 818 ejus,

239 835 304 855 suos
317 835 446 863 sequaces
457 829 595 857 ordinaret
610 830 754 865 episcopos
764 851 772 864 ,
785 834 811 858 et
830 831 895 858 nihil
910 831 935 858 ei
947 838 1020 858 curae

238 873 273 901 de
288 873 368 901 Petro
379 877 447 905 erat,
458 874 512 902 imo
528 883 576 902 nec
591 875 624 902 de
635 875 745 903 Christo
756 877 802 911 qui
813 880 872 904 erat
886 876 913 903 in
926 876 1018 904 Petro.

240 920 308 948 Huic
321 922 448 957 praefatus
462 921 543 949 Arius
560 922 648 949 adhuc
665 922 751 950 laicus
763 922 932 954 adhaerebat,
954 929 1019 949 nec-

239 967 304 994 dum
321 967 440 994 clericali
457 972 568 995 tonsura
583 971 692 996 notatus
703 989 710 1001 ,
726 974 837 1003 eratque
851 968 889 995 illi
905 967 1019 1002 ejusque

239 1013 330 1040 domui
344 1014 486 1041 admodum
501 1015 619 1047 charus;
635 1022 686 1042 nec
701 1015 836 1042 immerito
848 1023 854 1040 :
868 1022 948 1042 omne
960 1014 1018 1041 ani-

239 1059 303 1090 mal,
321 1063 351 1086 ut
365 1060 403 1086 ait
419 1059 570 1095 Scriptura,
585 1061 674 1087 simile
689 1060 740 1087 sibi
753 1059 849 1095 diligit.
866 1060 914 1088 llis
927 1064 1018 1087 autem

237 1105 353 1140 cognitis
366 1124 373 1137 ,
393 1106 436 1132 vir
450 1105 556 1132 Domini
571 1113 686 1133 interere
706 1105 848 1133 confectus
868 1106 938 1133 hanc
956 1113 1018 1141 per-

200 1173 202 1175 .
237 1151 405 1179 secutionem
430 1151 518 1179 aiebat
544 1152 664 1186 pejorem
684 1159 746 1179 esse
773 1152 873 1186 priore.
899 1151 932 1178 Et
956 1152 1018 1180 licet

235 1198 398 1233 quibusdam
415 1198 527 1225 latebris
542 1199 692 1225 absconsus
703 1218 710 1229 ,
728 1201 818 1224 tamen
843 1205 892 1231 pro
913 1198 1017 1225 viribus

236 1244 437 1271 exhortatorios
453 1244 552 1279 ubique
564 1243 684 1278 dirigens
698 1243 800 1277 apices,
813 1242 1017 1278 praedicansque

236 1288 365 1317 Ecclesim.
382 1290 513 1316 unitatem
526 1307 533 1319 ,
547 1288 689 1323 vegetabat
704 1296 751 1315 cos
763 1289 894 1316 adversus
907 1287 1018 1323 imperi-

235 1335 302 1364 tiam
319 1338 346 1362 et
358 1334 490 1362 nefariam
507 1334 606 1361 Meletii
622 1334 813 1361 temeritatem.
824 1333 901 1362 Unde
914 1334 1016 1362 factum

237 1385 278 1408 est
295 1385 389 1408 utnon
406 1380 486 1415 pauci
501 1380 560 1414 ejus
576 1380 743 1407 salutaribus
758 1380 868 1409 monitis
887 1381 1015 1414 animati,

237 1433 253 1454 ε
271 1425 413 1453 Meletiana
430 1425 601 1454 discederent
616 1425 762 1460 impietate.

272 1472 324 1500 Per
335 1473 404 1500 idem
418 1472 473 1500 fere
488 1476 593 1506 tempus
606 1471 698 1504 Arius,
707 1472 814 1507 viperea
826 1476 946 1500 armatus
959 1480 1016 1499 ver-
1028 1490 1049 1518 ρ

239 1519 320 1552 sutia,
345 1518 424 1554 quasi
446 1518 574 1546 deserens
597 1518 754 1545 Meletianos
769 1517 892 1553 confugit
915 1517 947 1545 ad
966 1517 1016 1546 Pe-

236 1571 327 1597 trum,
353 1565 400 1600 qui
423 1569 533 1600 rogatus
558 1565 592 1592 ab
617 1564 752 1599 episcopis
778 1565 933 1591 sublimuvit
954 1573 1016 1592 eum

236 1611 352 1638 diaconii
369 1612 480 1644 honore,
496 1611 619 1638 nesciens
633 1611 732 1646 quippe
747 1614 848 1638 tantam
860 1612 919 1645 ejus
931 1611 1017 1647 hypo-

235 1656 329 1683 (msin.
346 1655 409 1682 Erat
421 1659 511 1682 autem
525 1659 611 1682 Instar
624 1655 728 1682 colubri
741 1655 870 1690 pestifero
887 1656 1016 1685 suffectus

235 1706 349 1726 veneno.
375 1698 467 1734 Neque
493 1699 566 1726 enim
585 1699 738 1734 hujusmodi
766 1707 862 1727 manus
879 1700 1015 1735 impositio

235 1744 298 1770 huic
310 1748 404 1771 sancto
418 1745 444 1770 in
463 1745 566 1772 crimen
577 1745 699 1779 deputari
711 1745 807 1779 potuit,
825 1745 895 1772 sicut
908 1754 957 1772 nec
973 1745 1016 1772 Si-

236 1789 323 1815 monis
349 1788 452 1824 magica
481 1797 526 1816 ars
551 1790 678 1816 simulata
705 1790 851 1817 ascribitur
880 1789 1013 1826 Philippo.

236 1833 439 1861 Ilcletianorum
458 1834 559 1861 interea
582 1835 739 1862 detestabile
753 1835 829 1863 nefas
852 1843 933 1870 supra
957 1843 1015 1863 mo-

235 1881 299 1907 dum
313 1881 464 1912 cresoebat,
490 1887 647 1915 parensque
670 1880 845 1908 beatissimus
869 1881 965 1908 Petrus
982 1890 1015 1910 ne

235 1925 360 1953 haeretica
375 1925 460 1960 pestis
476 1929 562 1953 totum
589 1926 640 1953 sibi
656 1926 788 1954 creditum
804 1927 942 1954 invaderet
953 1935 1015 1962 gre-

234 1978 304 2006 gem,
319 1971 452 2006 simulque
468 1971 557 1999 sciens
571 1972 643 2006 quod
669 1973 742 1999 nulla
759 1972 874 2000 societas
894 1977 936 2000 est
960 1974 1013 2000 luci

233 2023 295 2042 cum
312 2016 440 2047 tenebris,
456 2017 584 2052 nullaque
597 2017 742 2045 concordia
756 2018 864 2045 Christo
878 2023 904 2045 et
917 2018 1012 2051 Belial,

234 2060 391 2088 Meletianos
406 2061 440 2087 ab
454 2060 572 2088 Ecclesia
597 2069 644 2097 per
669 2063 773 2090 litteras
793 2064 953 2099 segregavit.
981 2064 1013 2091 Et

233 2105 297 2140 quia
315 2105 382 2131 mala
396 2106 520 2132 voluntas
538 2107 583 2133 diu
611 2107 742 2134 occultari
766 2115 819 2135 non
843 2110 922 2141 valet,
939 2109 1012 2136 illico

233 2150 444 2178 nefandissimus
458 2151 547 2184 Arius,
564 2157 703 2186 propterea
718 2153 789 2188 quod
805 2162 870 2182 suos
893 2154 1012 2182 fautores

232 2194 266 2221 ab
292 2194 418 2223 Ecclesiae
443 2194 571 2230 dignitate
595 2202 718 2224 cerneret
744 2198 863 2231 divisos,
897 2199 1012 2226 tristitiae

232 2240 401 2275 mancipatus
432 2241 564 2276 gemebat.
593 2242 671 2275 Quod
696 2244 899 2271 sanctissimum
923 2245 1010 2272 virum

232 2285 343 2313 minime
361 2286 450 2312 latuit.
475 2286 614 2313 Denudata
638 2295 754 2323 namque
776 2289 835 2324 ejus
861 2290 1008 2325 hypocrisi,

233 2332 356 2366 protinus
383 2333 538 2368 evangelica
560 2337 638 2360 utens
661 2333 750 2366 ferro,
777 2335 807 2362 Si
833 2337 923 2362 oculus
949 2341 1009 2363 tuus

231 2375 321 2403 dexter
346 2375 511 2403 scandalizat
529 2381 563 2407 te,
585 2385 645 2404 erue
663 2385 721 2404 eum
744 2383 768 2404 et
786 2379 882 2414 projice
906 2380 953 2407 ab:
975 2385 1007 2414 te,

231 2421 325 2449 Arium
352 2423 385 2449 ab
416 2422 544 2450 Ecclesiae
575 2430 719 2458 compage,
748 2429 840 2459 utpote
872 2426 1009 2460 putridum

232 2468 382 2495 membrum
401 2468 581 2501 detruncans,
603 2469 676 2497 foras
695 2471 797 2505 expulit
821 2474 848 2498 et
862 2479 876 2497 a
891 2471 1008 2499 fidelium

231 2514 420 2541 communione
436 2518 569 2542 extorrem
580 2521 641 2542 esse
652 2514 798 2542 mandavit.

267 2557 314 2586 llis
328 2560 364 2585 ita
391 2561 483 2594 gestis,
502 2560 592 2588 subito
608 2560 752 2588 admodum
778 2562 866 2588 ablata
881 2570 1009 2598 persecu-

230 2603 312 2631 tionis
325 2606 453 2640 procella,
468 2613 536 2640 pax,
566 2606 628 2633 licet
652 2607 758 2641 exigua,
786 2607 900 2635 refulsit.
932 2607 1008 2634 Tunc

230 2648 447 2684 elegantissimus
459 2650 563 2678 Domini
586 2650 705 2678 pontifex
733 2652 830 2685 populo
848 2652 1007 2680 manifestus

266 2726 490 2764 _(a)__Rectissime
525 2733 616 2756 noster
630 2729 721 2764 ipnnit
738 2727 820 2764 Petri
854 2730 1006 2764 passionem

232 2762 282 2798 sub
299 2761 461 2798 Maximino,
477 2770 529 2788 non
558 2764 608 2790 sub
630 2761 817 2794 Diocletiano,
843 2761 915 2798 quod
943 2765 1007 2791 facit

231 2794 340 2823 Graccus
366 2797 410 2823 ille
439 2797 602 2829 biogranhus
629 2806 644 2825 a
674 2798 835 2826 Combelisio
853 2794 1004 2828 'vulcatus.

1073 193 1232 219 catervatim
1259 199 1379 223 currere,
1397 196 1424 218 et
1443 191 1476 218 ad
1504 191 1606 219 Christi
1622 192 1729 219 laudem
1753 196 1856 219 cretum

1072 245 1251 274 congregare;
1263 245 1331 272 quos
1351 237 1448 264 divinat
1463 237 1530 272 legis
1549 238 1663 265 antistes
1677 238 1773 265 divino
1793 246 1857 264 ora-

1071 283 1133 310 culo
1151 281 1314 313 vivificabat,
1329 282 1450 317 erigebat
1465 285 1546 316 atque
1560 282 1720 314 roborabat,
1750 290 1857 310 cresce-

1070 327 1170 362 batque
1194 327 1294 362 jugiter
1308 327 1335 354 in
1353 327 1473 354 Ecclesia
1502 327 1647 355 multitudo
1672 328 1855 356 credentium.

1072 372 1125 400 Sed
1141 373 1197 400 haec
1221 380 1275 400 non
1301 373 1384 408 aequis
1399 373 1486 400 oculis
1503 373 1547 400 ille
1563 373 1691 408 antiquus
1716 374 1855 408 aspiciens

1070 419 1195 446 humanae
1208 418 1303 446 salutis
1316 418 1403 445 hostis
1415 417 1486 444 haud
1500 418 1525 445 in
1538 419 1645 454 longum
1660 419 1775 454 quievit.
1786 419 1854 446 Nam

1070 465 1162 494 subito
1185 465 1348 500 paganitatis
1374 465 1454 492 turbo
1475 473 1507 492 ex
1529 465 1644 493 adverso
1672 467 1809 498 intonuit,
1829 470 1857 494 et

1070 517 1145 537 more
1162 509 1311 536 hibernalis
1322 509 1416 536 imbris
1431 509 1558 537 Ecclesiae
1568 510 1742 538 serenitatem
1755 519 1856 546 percu-

1070 555 1110 586 lit.
1125 563 1239 590 eamque
1254 555 1345 590 procul
1361 556 1473 591 fugavit.
1490 555 1542 583 Sed
1560 557 1611 583 hoc
1638 561 1666 584 ut
1679 557 1855 586 manifestius

1071 600 1181 635 intelligi
1197 601 1290 635 possit,
1303 602 1456 629 necessario
1471 603 1503 630 ad
1515 602 1668 636 impiissimi
1687 607 1715 630 et
1739 602 1795 630 Deo
1811 611 1854 630 re-

1070 645 1148 672 bellis
1163 644 1322 672 Diorletiani
1333 646 1513 678 atrocitatem,
1522 647 1678 681 pariterque
1691 645 1854 674 Maximiani

1069 689 1170 718 Galerii
1186 690 1350 718 reﬂectimus
1364 692 1518 725 articulum,
1542 692 1588 727 qui
1603 700 1636 719 eo
1651 696 1775 728 tempore
1789 700 1852 720 cum

1070 736 1125 764 ﬁlio
1140 744 1190 764 suo
1206 736 1351 765 Maximino
1375 738 1518 772 tyrannico
1531 738 1672 766 dominatu
1696 738 1854 766 Orientales

1070 782 1183 809 vexabat
1192 782 1324 817 regiones.

1035 814 1055 842 Β
1104 826 1191 862 Hujus
1206 814 1322 863 namque
1347 829 1512 864 temporibus
1527 829 1555 856 in
1566 832 1670 855 tantum
1688 827 1852 857 Christianae

1069 874 1265 908 persecutionis
1277 875 1408 901 aestuabat
1424 874 1589 907 incendium,
1604 878 1633 901 ut
1648 881 1702 901 non
1717 875 1808 902 solum
1824 875 1851 902 in

1069 927 1124 946 uno
1139 920 1232 946 mundi
1243 921 1360 953 climate,
1373 921 1420 948 sed
1431 921 1512 948 etiam
1526 927 1574 955 per
1586 920 1744 947 universum
1755 919 1852 947 orbem

1069 970 1142 992 terra
1156 967 1277 1000 marique
1293 966 1439 1002 impietatis
1463 967 1581 1001 procella
1607 969 1721 993 tonaret.
1737 966 1852 993 Discur-

1068 1011 1190 1039 rentibus
1214 1012 1306 1047 itaque
1336 1013 1399 1040 hinc
1426 1012 1489 1040 inde
1517 1013 1703 1048 imperialibus
1736 1012 1851 1048 syllabis

1068 1061 1149 1092 atque
1163 1058 1361 1086 crudelissimis
1386 1058 1513 1091 decretis,
1530 1058 1698 1087 Christicolae
1713 1066 1790 1085 nunc
1805 1065 1853 1092 pa-

1068 1103 1122 1130 lam
1134 1111 1206 1130 nunc
1218 1103 1394 1131 clandestinis
1406 1104 1600 1140 jugulabantur
1614 1105 1739 1138 insidiis;
1758 1104 1851 1131 nullus

1067 1149 1139 1176 enim
1167 1149 1226 1177 dies
1248 1150 1378 1184 nullaque
1400 1158 1454 1178 nox
1481 1151 1516 1178 ab
1543 1151 1674 1179 effusione
1699 1151 1851 1178 Christiani

1068 1195 1173 1223 cruoris
1188 1196 1321 1223 transibat
1335 1197 1472 1224 immunis.
1489 1197 1543 1225 Nec
1555 1203 1633 1233 typus
1648 1198 1850 1225 interfectionis

1067 1239 1194 1267 horrebat
1206 1241 1336 1276 simplex;
1353 1242 1398 1269 alii
1412 1242 1520 1277 quidem
1531 1243 1646 1271 diversis
1661 1247 1687 1271 et
1703 1244 1849 1271 acerrimis

1066 1285 1232 1313 necabantur
1248 1287 1404 1322 suppliciis;
1422 1289 1467 1315 alii
1479 1296 1552 1321 vero,
1564 1290 1684 1316 utetiam
1703 1295 1848 1324 parentum

1066 1330 1234 1359 humanitate
1258 1333 1400 1368 patriaque
1423 1339 1547 1361 carerent
1569 1335 1718 1369 sepultura,
1740 1334 1774 1361 ad
1797 1335 1847 1361 alia

1066 1376 1300 1405 transferebantur
1323 1379 1391 1412 loca,
1412 1380 1491 1408 novis
1514 1381 1675 1415 quibusdam
1700 1385 1728 1408 et
1747 1381 1848 1408 Baculo

1066 1421 1196 1449 inauditis
1221 1430 1362 1457 pmnarum
1389 1426 1635 1454 machinationibus
1664 1426 1698 1454 ad
1722 1427 1847 1462 martyrii

1066 1468 1296 1502 compellebantur
1309 1473 1417 1498 metam.
1435 1470 1506 1498 Proh
1519 1471 1608 1499 nefas!
1627 1477 1701 1500 tanta
1714 1477 1775 1500 erat
1788 1473 1847 1500 illo-

1066 1519 1125 1539 rum
1142 1513 1280 1548 impietas,
1301 1519 1331 1541 ut
1346 1517 1426 1542 etiam
1444 1517 1527 1544 divini
1543 1518 1633 1545 cultus
1657 1519 1814 1545 sanctuaria
1830 1526 1845 1545 a

1065 1556 1248 1586 fundamentis
1261 1564 1423 1594 everterent,
1439 1568 1601 1598 sanctosque
1612 1564 1696 1591 libros
1710 1564 1767 1599 igni
1787 1572 1848 1592 cre-

1064 1608 1178 1631 marent.
1214 1604 1347 1634 Defuncto
1379 1607 1469 1642 itaque
1495 1609 1670 1637 exsecrabilis
1705 1611 1845 1637 memoria

1064 1647 1240 1683 Diocletiano,
1254 1650 1449 1679 Constantinus
1467 1652 1553 1687 Major
1567 1653 1600 1680 ad
1616 1654 1691 1688 regni
1707 1654 1847 1689 guberna-

1064 1695 1124 1721 cula
1139 1695 1241 1724 electus
1255 1701 1306 1728 est,
1322 1704 1348 1724 ct
1370 1697 1496 1733 Occiduis
1524 1700 1648 1733 partibus
1673 1701 1846 1736 principatus

1064 1739 1106 1766 sui
1123 1741 1204 1774 coepit
1214 1741 1348 1769 moderari
1369 1743 1498 1771 habenas.

1098 1785 1145 1812 llis
1168 1786 1288 1820 profecto
1303 1787 1399 1815 diebus
1420 1787 1566 1817 Maximino
1581 1789 1618 1824 (a)
1638 1797 1654 1816 a
1677 1790 1845 1825 quibusdam

1063 1831 1096 1858 de
1118 1832 1229 1866 praefato
1255 1833 1460 1869 archiepiscopo
1491 1836 1606 1862 relatum
1637 1840 1690 1867 est.
1716 1837 1845 1864 videlicet

1063 1879 1134 1912 quod
1156 1879 1213 1914 ipse
1228 1878 1439 1908 Christianitatis
1452 1880 1507 1907 dux
1520 1885 1600 1916 atque
1616 1882 1729 1917 signifer
1748 1887 1842 1915 esset;

1063 1923 1109 1958 qui
1130 1924 1209 1951 solita
1232 1923 1415 1952 inflammatus
1440 1926 1578 1959 nequitia,
1593 1934 1608 1953 e
1623 1926 1738 1960 vestigio
1761 1927 1844 1960 jussit

1063 1969 1253 2004 comprehendi
1269 1969 1378 1997 Petrum
1392 1975 1418 1997 et
1433 1971 1459 1997 in
1474 1979 1609 1998 carcerem
1624 1972 1739 1999 relrudi.
1756 1973 1844 2005 Quam

1062 2015 1098 2042 ob
1112 2023 1168 2042 rem
1182 2016 1301 2051 quinque
1315 2016 1439 2044 tribunos
1450 2017 1565 2052 stipatos
1583 2018 1698 2044 militum
1725 2019 1845 2046 catervis

1061 2061 1251 2089 Alexandriam
1268 2063 1430 2097 destinavit;
1457 2064 1503 2098 qui
1519 2064 1658 2092 venientes
1677 2065 1756 2098 juxta
1770 2064 1843 2100 quod

1062 2108 1113 2135 sibi
1127 2108 1213 2136 fuerat
1227 2110 1397 2142 imperatum.
1414 2110 1502 2138 subito
1517 2111 1651 2146 rapientes
1662 2111 1764 2138 Christi
1777 2119 1844 2146 pon-

1062 2154 1161 2181 tiﬁcem
1177 2155 1294 2182 carceris
1308 2156 1438 2182 custodize
1462 2157 1660 2190 mancipat-unt.
1690 2156 1760 2183 Mira
1776 2157 1842 2184 fide-

1062 2199 1126 2226 lium
1142 2199 1264 2227 devotio!
1283 2200 1331 2228 Ubi
1351 2205 1518 2236 compertum
1539 2205 1580 2229 est
1602 2202 1674 2236 quod
1694 2206 1789 2230 tantus
1803 2204 1843 2229 vir

1061 2245 1245 2272 carceralibus
1261 2246 1432 2274 clauderetur
1447 2247 1600 2282 ergastulis,
1616 2248 1738 2275 cucurrit
1760 2256 1841 2283 supra

1061 2291 1171 2317 modum
1186 2291 1353 2319 incredibilis
1366 2293 1525 2325 multitudo,
1542 2293 1676 2328 praecipue
1690 2295 1842 2321 monacho-

1060 2344 1120 2363 rum
1140 2344 1171 2363 ac
1186 2337 1320 2372 virginum
1334 2339 1444 2370 chorus,
1470 2344 1495 2366 et
1513 2348 1567 2367 non
1595 2340 1785 2368 materialibus
1800 2349 1843 2367 ar-

1060 2383 1123 2415 mis,
1139 2383 1186 2410 sed
1212 2384 1390 2419 lacrymarum
1407 2386 1502 2413 rivulis
1518 2390 1545 2413 et
1558 2386 1608 2420 piat
1623 2387 1724 2414 mentis
1743 2387 1842 2414 affectu

1060 2428 1297 2456 circumdederunt
1327 2431 1445 2458 carceris
1475 2432 1625 2464 ambitum,
1654 2437 1682 2459 et
1710 2437 1840 2469 tanquam

1059 2474 1124 2501 boni
1136 2474 1184 2501 filii
1197 2482 1260 2510 erga
1274 2475 1373 2502 bonum
1389 2481 1503 2511 patrem,
1519 2477 1572 2505 imo
1584 2478 1739 2505 Christiana
1755 2487 1840 2506 mem-

1060 2520 1108 2546 bra
1129 2520 1362 2549 Christianissimo
1388 2522 1488 2556 capiti.
1523 2524 1585 2550 totis
1616 2525 1839 2559 compassionum

1059 2565 1207 2592 visceribus
1223 2566 1403 2597 adhaerebant,
1420 2571 1550 2602 erantque
1566 2569 1602 2595 illi
1620 2577 1725 2601 murus,
1741 2570 1838 2598 obser‘

1060 2615 1153 2638 rantes
1168 2619 1200 2638 ne
1212 2612 1273 2646 quis
1289 2619 1455 2647 paganorum
1471 2613 1504 2640 ad
1521 2621 1581 2640 cum
1602 2614 1772 2649 ingrediendi
1793 2623 1837 2642 co-

1059 2656 1130 2690 piam
1150 2657 1269 2685 haberet.
1302 2657 1360 2686 Una
1389 2659 1516 2686 nimirum
1537 2659 1656 2687 omnium
1673 2663 1747 2692 vota,
1772 2668 1834 2688 con-

1029 2167 1049 2193 ι)

1058 2743 1111 2770 quo
1138 2735 1198 2797 lotio
1226 2736 1322 2764 doctus
1350 2736 1438 2765 editor
1470 2745 1495 2772 p.
1526 2737 1579 2764 222
1610 2745 1732 2766 errorem
1766 2739 1834 2766 hunc

1058 2778 1166 2797 COﬂl’Rlll
1183 2791 1188 2797 .

1057 2778 1188 2806 coarguit.
