1909 3069
75 117 121 147 ιδτ

747 119 837 150 ACTA
857 121 998 151 SINCERA
1005 144 1012 151 .

1638 123 1689 152 458

75 183 138 204 sona
151 184 216 208 vox,
233 175 385 212 eademque
405 179 568 214 compassio,
584 179 652 207 mori
667 180 757 215 potius
779 187 859 215 quam
874 183 897 211 Α
909 189 956 209 eos
972 191 979 209 :
997 181 1083 209 Nolite
1099 190 1153 213 me.
1178 182 1286 216 fratres,
1301 186 1430 218 tanquam
1455 181 1632 211 inhumanum
1659 193 1691 212 ac

76 226 198 250 sanctum
217 223 360 258 quidpiam
379 224 442 251 mali
468 226 571 260 perpeti
600 227 723 254 viderent
744 228 793 261 (α).
812 226 860 254 Vir

75 272 164 295 autem
176 267 285 295 Domini
305 276 366 296 cum
381 277 483 304 paucos
498 271 556 300 dies
574 272 668 300 eodem
683 280 768 300 nervo
785 277 859 301 tene-

74 318 147 342 retur
159 318 296 349 retrusus,
315 317 415 344 tribuni
444 317 566 345 fecerunt
589 318 622 346 de
649 319 708 354 ipso
722 319 777 354 regi
793 327 858 354 sug-

72 361 237 396 gestionem;
249 362 297 390 ille
318 367 408 391 autem
422 363 499 398 juxta
517 372 619 392 morem
637 372 693 392 sua:
709 364 858 394 ferocitatis

73 407 220 434 destinavit
233 409 407 441 sententiam,
430 413 459 436 ut
477 409 663 437 beatissimum
676 411 857 445 patriarcham

71 453 181 487 capitali
209 454 340 488 punirent
355 454 521 482 discrimine.
549 455 633 483 Porro
655 456 719 483 dum
737 457 789 484 hoc
809 464 859 492 per

71 506 151 526 aures
177 498 398 527 Christianorum
430 505 567 536 serperet,
597 506 739 537 coeperunt
763 510 857 531 omnes

72 544 239 571 unanimiter
259 545 380 573 carceris
402 545 504 573 aditum
531 554 592 573 cum
610 547 682 575 luctu
704 552 732 575 et
756 549 856 583 gemitu

71 590 223 622 custodire,
249 595 275 617 et
289 591 455 619 obsistentes
472 593 605 620 neminem
621 594 761 629 gentilium
781 595 856 622 illum

70 633 175 669 ingredi
205 636 408 669 permittebant.
427 636 539 664 Tribuni
566 645 630 665 vero
656 646 719 665 cum
743 639 776 666 ad
793 647 856 666 cum

67 680 248 715 jugulandum
275 682 430 709 nullatenus
453 683 582 711 haberent
608 685 778 719 ingressum,
805 685 855 712 ha-

69 726 124 753 bito
139 727 256 754 consilio
279 731 435 755 statuerunt
460 733 489 755 ut
516 730 606 757 cuncti
627 730 725 758 milites
747 730 856 758 nudatis

69 773 247 799 mucronibus
277 773 434 808 popularem
463 775 644 810 irrumperent
676 776 802 807 turbam,
828 779 855 802 et

72 818 112 844 sic
132 825 196 845 eum
216 819 348 846 duntaxat
368 820 401 846 ad
421 820 609 848 decollandum
632 821 705 849 foras
729 821 854 849 extrahe-

66 867 149 896 rent;
165 871 229 891 mox
244 872 310 892 vero
323 865 346 892 si
362 866 423 900 quis
437 866 571 895 obsistere
590 868 686 901 vellet,
703 868 792 903 gladio
811 868 853 895 in-
869 860 890 887 Β

67 909 173 937 teriret.

101 955 185 984 Arius
198 957 301 985 interea
316 958 403 985 adhuc
421 958 529 986 levitico
547 962 651 986 tantum
664 959 766 986 honore
779 958 853 986 colo-

71 1006 149 1029 ratus
165 1002 216 1038 (ὁ),
232 1008 356 1032 metuens
370 1012 404 1032 ne
419 1009 480 1040 post
496 1005 599 1032 exitum
614 1005 682 1032 tanti
699 1004 787 1033 Patris
811 1013 853 1032 re.

66 1048 210 1076 conciliari
233 1050 389 1078 nullatenus
403 1051 518 1082 valeret,
535 1052 601 1078 adiit
623 1059 671 1078 eos
695 1051 741 1086 qui
767 1050 851 1078 nobi-

67 1093 150 1121 liores
175 1099 254 1121 erant
268 1095 295 1122 in
314 1096 397 1127 clero,
412 1100 439 1122 et
454 1097 578 1123 luctuoso
594 1096 718 1131 precario
733 1096 853 1123 blando-

65 1147 119 1174 que
140 1148 267 1168 sermone
293 1145 387 1176 utpote
417 1142 558 1169 simulator
580 1142 729 1169 conabatur
756 1145 852 1170 sancto

65 1187 182 1214 suadere
208 1187 429 1223 archiepiscopo,
459 1192 488 1215 ut
505 1188 542 1215 illi
560 1188 747 1215 misericordia
763 1188 852 1215 indul-

63 1238 148 1266 geret,
164 1241 283 1268 eumque
306 1234 340 1261 ab
355 1234 510 1269 hujusmodi
534 1234 651 1262 solveret
677 1234 849 1270 obligatione.

65 1277 166 1306 Verum
183 1280 250 1314 quid
266 1280 393 1308 simulato
407 1280 488 1308 corde
510 1280 651 1308 fallacius?
663 1280 733 1314 Quid
756 1284 850 1308 sancta

64 1325 263 1360 compositione
296 1326 471 1361 simplicius?
500 1327 575 1354 llaud
607 1334 706 1360 mora;
735 1327 850 1363 ingressi

64 1375 127 1398 sunt
145 1372 195 1406 qui
214 1373 301 1408 rogati
318 1372 425 1400 fuerant
446 1373 478 1400 ad
503 1373 604 1401 Christi
632 1373 800 1408 pontiﬁcem,
823 1377 850 1401 et

63 1421 125 1452 post
151 1422 312 1445 consuetam
339 1419 500 1451 orationem,
526 1420 693 1447 consternati
707 1419 767 1447 colo
786 1426 850 1446 cum

62 1464 163 1498 gemitu
178 1468 205 1490 et
220 1464 347 1500 lacrymis
361 1472 454 1493 sacras
464 1466 524 1500 ejus
535 1465 724 1493 deosculantes
740 1472 846 1498 manus,

62 1508 222 1544 ﬂagitabant
247 1518 309 1537 eum
335 1511 455 1538 dicentes
471 1521 477 1539 :
495 1509 533 1538 Te
550 1511 675 1546 quidem,
693 1511 847 1539 beatissime

62 1553 155 1588 Pater,
187 1555 339 1582 secundum
369 1556 431 1583 fidei
461 1555 618 1591 dignitatem
651 1555 780 1584 Dominus
812 1556 846 1583 ad

62 1602 184 1637 martyrii
201 1608 330 1629 coronam
341 1602 459 1633 vocavit,
467 1610 549 1637 quam
560 1606 585 1629 te
599 1602 715 1630 celerius
723 1602 847 1637 accipere

62 1654 233 1682 nequaquam
248 1647 420 1682 ambigimus.
436 1648 539 1675 Idcirco
553 1648 658 1683 justum
672 1652 800 1683 putamus
817 1651 847 1675 ut

62 1692 141 1719 solita
167 1693 270 1727 pietate
286 1693 427 1728 indulgeas
445 1694 527 1727 Ario,
545 1694 659 1729 ejusque
679 1693 786 1722 ﬂetibus
802 1701 847 1721 ve~

61 1738 130 1765 niam
145 1739 266 1767 tribuas.

93 1782 201 1817 Quibus
234 1784 335 1813 auditis
366 1785 407 1812 vir
431 1784 537 1812 Domini
569 1792 631 1812 cum
658 1784 846 1820 indignatione

60 1829 197 1856 submovit
214 1837 273 1861 eos,
290 1834 318 1857 et.
344 1830 456 1858 elevatis
477 1838 586 1858 sursum
609 1830 734 1858 manibus
750 1830 846 1857 excla—

59 1882 148 1907 mans,
159 1875 245 1902 dixit:
258 1874 311 1903 Pro
324 1876 389 1904 Ario
404 1884 446 1904 me
462 1877 566 1904 audetis
580 1876 751 1911 supplicare?
765 1876 846 1904 Arius

59 1924 84 1947 et
99 1920 143 1947 hic
158 1927 185 1948 et
203 1921 231 1948 in
248 1921 341 1950 futuro
366 1923 467 1950 saeculo
490 1930 505 1949 a
530 1922 614 1957 gloria
631 1921 692 1949 Filii
716 1920 764 1949 Dei
779 1921 844 1949 Jesu

59 1966 161 1994 Christi
181 1967 291 1994 Domini
309 1968 395 1995 nostri
411 1975 518 2002 semper
531 1968 582 1995 erit
600 1972 756 2003 segregatus
777 1975 846 1995 sem-

58 2018 159 2046 perque
173 2012 298 2039 manebit
319 2013 435 2040 extorris
451 2012 497 2048 (c).
513 2012 575 2040 Haec
597 2013 643 2040 illo
664 2016 843 2047 protestante,

57 2065 153 2085 omnes
165 2058 216 2092 qui
229 2058 354 2090 aderant,
371 2058 468 2086 timore
483 2059 618 2093 perculsi,
632 2064 761 2093 tanquam
777 2059 844 2085 mitti

58 2104 220 2132 reticebant.
237 2103 324 2131 Porro
344 2105 474 2140 suspicati
494 2109 558 2132 sunt
580 2113 641 2132 eum
656 2112 710 2132 non
728 2105 788 2132 sine
806 2104 846 2131 di-

56 2150 119 2178 vino
144 2156 215 2178 nutu
242 2151 324 2178 talem
349 2151 377 2178 in
405 2151 499 2178 Arium
524 2150 646 2186 proferre
670 2151 842 2179 sententiam.

56 2196 129 2230 Quos
143 2198 211 2225 dum
219 2198 452 2226 clementissimus
463 2197 543 2225 Pater
551 2197 643 2225 cordis
657 2197 844 2232 compunctio-

56 2251 88 2271 ne
113 2244 229 2271 silentes
251 2251 283 2271 ac
307 2248 419 2272 mcestos
443 2244 587 2278 aspiceret,
604 2243 691 2272 noluit
719 2248 844 2271 austerus

56 2297 236 2324 permanere,
261 2290 306 2317 vel
329 2298 378 2318 eos
407 2290 486 2325 quasi
510 2294 690 2317 contemnens
720 2289 779 2316 sine
803 2296 845 2316 sa-

56 2335 213 2364 tisfactione
236 2336 405 2371 relinquere;
431 2336 478 2363 sed
499 2343 642 2363 assumens
659 2335 793 2362 Achillam
817 2337 844 2361 et

55 2381 264 2413 Alexandrum,
298 2381 345 2416 qui
377 2381 406 2409 in
439 2381 627 2409 sacerdotibus
656 2380 778 2408 seniores
812 2388 844 2407 ac

55 2429 210 2456 sanctiores
221 2435 284 2455 esse
298 2427 470 2459 videbantur,
488 2434 570 2454 unum
585 2435 617 2455 ex
632 2427 672 2454 eis
690 2427 792 2454 habens
809 2426 842 2453 ad

54 2476 205 2508 dexteram,
219 2475 336 2502 alterum
353 2481 462 2508 quoque
473 2473 507 2500 ad
526 2473 629 2505 laevam,
646 2472 782 2507 paululum
795 2479 843 2500 eos

55 2521 209 2557 segregavit
237 2528 253 2547 a
276 2521 391 2554 caeteris,
407 2523 434 2547 et
463 2519 556 2547 clauso
572 2526 697 2546 sermone
722 2518 791 2545 dixit
808 2518 841 2544 ad

87 2601 125 2636 (a)
157 2600 205 2628 Sic
234 2609 348 2636 prorsus
380 2601 532 2628 excubabat
560 2598 776 2636 Mediolanensis
799 2597 840 2632 pia

56 2633 127 2669 plebs
139 2637 215 2663 circa
228 2633 401 2664 Ambrosium
416 2637 572 2670 episcopum
596 2642 688 2666 suum,
705 2633 748 2659 cui
765 2633 841 2660 furor

55 2671 165 2698 Iustinae
179 2671 288 2698 Arianae
304 2669 485 2705 imperatricis
503 2669 674 2705 imminebat,
694 2672 762 2695 teste
776 2675 841 2695 ocn-

55 2708 101 2734 lari
112 2707 268 2741 Augustino
288 2701 407 2740 Caurus.
426 2707 472 2733 lib.
485 2712 593 2741 tx,cap_.
614 2701 638 2730 7.

88 2742 123 2774 tb)
136 2738 223 2769 B'ecte
238 2741 290 2768 hoc
303 2738 411 2769 dicitur.
428 2749 507 2768 secus
523 2747 555 2766 ac
569 2739 662 2766 Graeca
682 2739 749 2766 Acta
761 2738 841 2765 Com-

55 2776 139 2803 huiisii
163 2781 190 2804 et
216 2775 279 2803 cod.
298 2775 358 2802 Vat.
375 2776 437 2805 622.
466 2776 494 2803 in
523 2774 622 2810 quibus
648 2774 717 2802 falso
739 2773 840 2801 dicitur

56 2813 193 2846 presbyter
205 2811 290 2838 Arius
299 2811 350 2838 sub
362 2810 453 2838 Petro.

87 2849 119 2881 (c)
133 2841 249 2874 'Addunt
279 2846 323 2872 hic
340 2847 406 2872 Acta
430 2844 628 2873 Combelisiana
641 2864 649 2878 ,
669 2841 833 2879 quemadmo-

212 2892 350 2922 PnnOL.
372 2891 429 2922 Gn.
454 2890 567 2922 XVIII.

911 227 1027 262 rigidum
1045 228 1181 263 accipere;
1203 235 1298 255 revera
1319 228 1391 256 enim
1409 233 1435 256 et
1461 237 1511 265 ego
1533 229 1614 258 homo
1629 236 1690 257 sunt

909 273 961 300 sub
973 273 1029 308 lege
1044 274 1146 308 peccati
1162 273 1275 308 degens;
1294 274 1341 300 sed
1357 273 1459 301 credite
1475 275 1542 302 meis
1560 275 1691 302 sermonis

909 318 969 346 bus.
983 318 1082 346 Latens
1097 319 1153 345 Arii
1165 318 1243 346 dolus
1259 326 1365 346 omnem
1385 324 1492 354 superat
1506 321 1687 356 iniquitatem,

907 370 1070 397 omnemque
1086 362 1289 398 supergreditur
1305 364 1467 398 impietatem
1484 374 1492 397 ;
1523 370 1549 392 et
1565 365 1618 393 hoc
1634 374 1686 393 non

908 414 924 434 ιι
938 407 1097 442 memetipso
1115 415 1251 440 asserens,
1263 408 1323 443 ejus
1339 408 1441 436 sanciri
1463 410 1685 445 segregationem.

908 453 964 480 Hac
979 454 1079 481 etenim
1097 459 1176 482 nocte
1193 454 1256 482 dum
1276 455 1433 482 solemniter
1444 462 1537 489 preces
1555 455 1587 482 ad
1603 455 1685 483 Deum

908 499 1058 531 funderetn,
1071 500 1157 527 astitit
1167 499 1232 526 mihi
1249 499 1360 534 quidam
1372 507 1438 534 puer
1449 499 1528 534 quasi
1544 499 1685 527 duodecim

906 552 1052 576 annorum,
1069 545 1147 580 cujus
1179 545 1257 572 faciei
1273 545 1422 572 claritatem
1454 544 1526 572 ferre
1547 553 1600 572 non
1615 547 1687 580 pote-

906 598 974 623 ram,
992 598 1053 617 nam
1069 596 1124 618 tota
1140 591 1196 618 haec
1224 590 1292 618 cella
1309 591 1335 617 in
1355 598 1408 625 qua
1424 594 1528 619 stamtts
1553 591 1686 619 immenso

905 636 1008 664 lumine
1023 637 1155 664 radiabat.
1168 637 1226 672 lpse
1243 641 1333 664 autem
1355 638 1523 664 linostitnum
1538 641 1597 665 erat
1610 637 1687 665 indue

906 686 949 710 tus
962 683 1109 714 colobium,
1133 685 1249 710 scissum
1269 684 1296 710 in
1322 688 1412 719 partes
1431 688 1561 720 utrasque
1584 692 1598 711 a
1614 685 1685 712 collo

904 737 992 764 usque
1008 729 1041 756 ad
1062 730 1154 764 pedes,
1177 735 1326 764 tenensque
1343 730 1449 764 gemina
1475 737 1556 757 manu
1585 730 1683 758 colobil

904 774 1052 806 scissuras,
1077 775 1228 809 applieabat
1258 782 1305 802 eas
1327 775 1430 809 pectori
1458 783 1518 807 suo,
1551 780 1684 811 quatenus

905 820 1043 856 propriam
1059 824 1162 855 tegeret
1178 821 1336 848 nuditatem.
1353 821 1393 848 Ad
1412 822 1480 848 hanc
1492 822 1591 856 quippe
1603 822 1684 849 visio.

904 873 965 894 nem
983 874 1032 900 ego
1048 867 1161 895 miratus
1180 867 1318 902 obstupui.
1335 867 1395 895 Mox
1409 868 1453 894 ubi
1472 868 1533 894 data
1551 872 1593 895 est
1617 867 1683 895 mihi

904 911 1031 947 loquendi
1060 912 1168 944 ﬁducia,
1196 913 1352 941 exclamans
1373 913 1428 940 dixi
1446 924 1452 941 :
1472 913 1600 947 Domine,
1621 914 1683 949 quis

902 958 952 985 tibi
976 959 1030 985 ltoc'
1056 958 1136 985 scidit
1164 958 1370 987 indumentum?
1393 959 1424 987 Et
1442 960 1486 987 ille
1506 969 1512 987 :
1538 960 1619 988 Arius
1639 966 1683 987 me

902 1003 993 1035 scidit,
1010 1003 1057 1031 sed
1074 1012 1195 1039 praecave
1217 1005 1328 1033 omnino
1340 1014 1374 1033 ne
1390 1013 1450 1033 eum
1467 1006 1494 1033 in
1507 1006 1683 1034 communio-

904 1057 966 1076 nem
982 1049 1115 1085 recipias;
1131 1058 1194 1078 ecce
1208 1052 1280 1078 enim
1295 1052 1414 1079 crastina
1430 1052 1473 1079 die
1488 1052 1594 1080 venturi
1617 1057 1683 1080 sunt

901 1096 947 1130 qui
965 1099 991 1123 te
1006 1104 1055 1131 pro
1078 1104 1110 1124 eo
1133 1097 1318 1132 postulabunt.
1334 1096 1401 1126 Vide
1429 1106 1494 1134 ergo
1519 1106 1553 1126 ne
1583 1105 1682 1127 suasus

901 1141 1061 1176 acquiescas
1084 1142 1137 1170 illis
1155 1151 1160 1169 :
1178 1143 1242 1177 quin
1256 1144 1346 1178 potius
1368 1144 1463 1178 jnheto
1478 1144 1590 1171 Achilla:
1611 1144 1681 1180 pari-

902 1189 996 1220 terque
1005 1185 1158 1213 Alexandro
1169 1188 1346 1223 presbyteris,
1363 1188 1409 1223 qui
1429 1193 1489 1223 post
1504 1192 1580 1215 tuum
1591 1191 1681 1216 traus‘

901 1230 966 1257 itum
986 1233 1085 1259 recturi
1108 1237 1171 1260 sunt
1187 1233 1334 1260 Ecclesiam
1350 1241 1447 1267 meam,
1462 1242 1495 1262 ne
1510 1235 1681 1270 aliquatenus

900 1276 976 1304 illum
1001 1277 1145 1312 recipiant.
1178 1277 1219 1306 Tu
1249 1283 1338 1306 autem
1367 1279 1473 1308 futurus
1499 1288 1528 1308 es
1559 1280 1681 1316 martyrii

899 1325 1000 1349 sortem
1031 1323 1152 1350 velocius
1181 1323 1299 1358 explere.
1332 1323 1417 1359 lluju‘s
1449 1329 1538 1353 autent
1566 1326 1681 1353 visionis

899 1374 982 1395 causa
1008 1369 1046 1395 nil
1066 1368 1182 1403 amplius
1205 1369 1265 1396 fuit.
1290 1369 1359 1397 Ecce
1386 1370 1504 1398 satisfeci
1532 1371 1627 1403 vobis,
1652 1373 1681 1398 et

899 1420 958 1447 qua:
973 1412 1049 1447 jussa
1064 1417 1127 1441 sunt
1142 1421 1254 1448 prorsus
1270 1415 1438 1442 annuntiavi.
1463 1415 1595 1442 Caeterum
1615 1414 1680 1450 quid

898 1468 931 1487 ex
951 1459 993 1487 his
1010 1459 1130 1493 facietis,
1150 1469 1199 1489 vos
1218 1461 1350 1489 videritis.
1371 1460 1404 1488 Et
1426 1461 1459 1488 de
1485 1461 1550 1488 Ario
1571 1460 1680 1496 quidem

898 1507 965 1535 hate.

932 1553 1024 1581 Nostis
1035 1557 1174 1589 praeterea,
1190 1552 1355 1585 charisslmi,
1369 1558 1395 1581 et
1410 1553 1478 1581 bene
1499 1554 1597 1586 nostis,
1612 1560 1681 1589 qua:

898 1597 960 1625 liter
984 1598 1037 1626 huc
1052 1605 1138 1633 usque
1150 1598 1288 1625 vobiscum
1304 1600 1479 1624 conversatus
1495 1604 1566 1628 sum,
1591 1603 1679 1631 quan-

898 1647 993 1678 tasque
1009 1643 1224 1671 conﬂictationes
1239 1643 1272 1670 ab
1288 1643 1438 1671 idololatris
1454 1642 1572 1670 sustinttl
1592 1643 1680 1678 gentia

897 1689 978 1721 libus.
998 1690 1044 1724 qui
1058 1690 1200 1718 Dominum
1216 1688 1383 1716 Salvatorem
1397 1689 1562 1724 ignorantes,
1587 1687 1679 1715 multis

897 1734 1018 1762 tudinem
1044 1733 1156 1762 deorum
1180 1734 1226 1769 qui
1251 1741 1305 1761 non
1327 1738 1401 1767 sunt,
1419 1734 1586 1761 insanientes
1602 1733 1680 1761 diﬁ'a:

896 1787 972 1806 mare
986 1787 1041 1807 non
1058 1783 1177 1807 cessant.
1199 1779 1279 1807 Scitis
1303 1779 1424 1814 profecto
1439 1781 1575 1815 quomodo
1586 1787 1678 1815 perse-

896 1830 1020 1853 cutorum
1035 1826 1199 1854 declinando
1213 1825 1326 1860 rabiem,
1340 1825 1373 1853 de
1391 1826 1450 1854 loco
1467 1826 1500 1853 ad
1514 1826 1601 1853 locum
1615 1834 1679 1861 pro;

896 1874 975 1911 fugus
1000 1875 1082 1902 ibam.
1109 1874 1257 1902 Plurimum
1288 1881 1404 1909 namque
1430 1874 1455 1900 in
1486 1873 1677 1908 Mesopotamia

895 1922 1005 1948 latitans
1032 1921 1103 1956 degi,
1132 1928 1164 1948 ac
1178 1920 1290 1956 perinde
1307 1921 1377 1955 apud
1405 1920 1509 1956 Syriam
1540 1918 1678 1948 Phoenicis

894 1968 999 2001 delitui,
1016 1968 1043 1995 in
1061 1971 1176 2003 utraque
1204 1968 1285 1994 etiam
1312 1966 1457 1994 Palaestina
1479 1966 1581 1994 diutius
1600 1973 1678 2002 pere‘

893 2015 1073 2051 grinationem
1095 2013 1230 2047 sustinui;
1259 2017 1286 2041 et
1301 2013 1410 2045 exinde,
1427 2015 1457 2047 ut
1479 2015 1515 2039 ita
1533 2012 1632 2046 dicam,
1649 2013 1676 2040 in

894 2062 948 2088 alio
958 2061 1103 2093 elemento,
1114 2060 1164 2087 hoc
1179 2064 1222 2087 est
1233 2059 1260 2086 in
1278 2059 1374 2086 insulis
1389 2067 1442 2086 non
1459 2066 1543 2093 parvo
1557 2061 1678 2093 tempore

894 2111 1015 2135 moratus
1030 2114 1100 2133 sum.
1113 2105 1146 2132 Et.
1170 2105 1197 2132 in
1216 2105 1257 2132 his
1275 2105 1404 2132 omnibus
1418 2104 1518 2139 degens
1536 2104 1676 2131 calamita-

894 2153 967 2181 tibus
984 2152 1125 2180 Dominico
1137 2151 1212 2187 gregi
1228 2151 1273 2186 qui
1290 2158 1356 2177 meae
1373 2150 1499 2185 parvitati
1514 2150 1676 2178 commissus

859 2205 881 2233 ι)
895 2203 946 2228 est,
964 2198 1008 2226 die
1022 2201 1158 2231 noctuque
1172 2196 1292 2223 scribere
1316 2203 1369 2222 non
1384 2195 1539 2222 desinebam
1551 2213 1559 2226 ,
1576 2194 1676 2221 confit"

895 2249 972 2269 mans
992 2248 1039 2268 eos
1056 2241 1084 2267 in
1107 2239 1208 2267 Christi
1234 2239 1348 2267 unitate.
1375 2238 1475 2265 Horum
1497 2239 1570 2265 enim
1595 2238 1675 2266 anxia

894 2286 1049 2315 sollicitudo
1076 2294 1125 2314 cor
1155 2292 1244 2313 meum
1274 2285 1368 2313 sedule
1395 2284 1560 2319 instigabat,
1582 2287 1608 2312 et
1632 2292 1675 2312 me

893 2334 1033 2369 quiescere
1044 2340 1098 2360 non
1111 2331 1232 2365 sinebat;
1245 2330 1420 2359 solummodo
1432 2330 1517 2357 levius
1525 2338 1568 2357 me
1577 2330 1675 2358 habere

893 2380 1022 2417 putabam
1051 2378 1160 2415 quando
1176 2385 1223 2406 eos
1248 2385 1372 2412 supernae
1394 2376 1519 2412 potestati
1542 2377 1675 2403 commit-

892 2427 980 2454 tebam
985 2446 992 2454 .

904 2435 992 2454 epam.

926 2471 986 2498 Jam
1007 2478 1071 2498 vero
1091 2472 1202 2505 propter
1216 2469 1368 2496 fortunatos
1385 2466 1537 2503 pontifices,
1552 2462 1674 2493 Philcum
1717 2498 1718 2503 η

892 2518 962 2549 dico,
979 2516 1143 2552 Hesychium
1157 2515 1196 2550 (ἀ)
1213 2519 1293 2549 atque
1306 2513 1489 2544 Theodorum,
1502 2512 1548 2547 qtti
1562 2511 1642 2546 digne
1658 2518 1672 2537 a

890 2594 953 2621 dum
968 2593 1012 2620 ille
1029 2592 1078 2619 Dei
1093 2591 1192 2618 Filium
1210 2599 1226 2617 a
1239 2595 1349 2626 paterna
1376 2590 1462 2626 gloria
1484 2595 1509 2617 et
1524 2588 1674 2626 substantia

891 2628 1071 2664 scquestravt't.
1085 2626 1163 2658 Male,
1175 2624 1243 2664 quia
1257 2624 1383 2664 nondum
1395 2626 1476 2652 Arius
1490 2631 1567 2664 suam
1583 2624 1675 2664 hatred

891 2658 941 2691 sint
953 2663 1128 2698 patefecerat,
1137 2658 1191 2687 sed
1200 2660 1235 2687 ob
1250 2661 1369 2698 schisma
1382 2658 1572 2698 tantummodo
1587 2658 1675 2698 ψειε-

891 2694 1012 2727 tianuin.
1036 2702 1063 2724 et
1089 2699 1243 2730 suspectam
1270 2695 1365 2730 agendi
1384 2696 1517 2730 rationem
1545 2694 1675 2730 exclusus

891 2735 989 2762 fuerat.
1007 2732 1063 2760 Hoc
1081 2728 1298 2758 additamentum
1314 2737 1347 2756 ne
1366 2729 1434 2756 alter
1455 2729 1563 2763 quidem
1580 2728 1674 2762 ,codcx

890 2769 953 2796 Vat.
972 2768 1024 2796 622
1043 2767 1175 2802 agnoscit.

926 2804 965 2840 (ά)
979 2805 1047 2830 Acta
1061 2797 1267 2830 “Combefisiana
1285 2803 1313 2827 et
1333 2798 1394 2827 cod.
1413 2797 1474 2824 Vat.
1499 2797 1552 2824 622
1573 2797 1676 2826 addunt

892 2839 1075 2868 Pachomium.

1503 2878 1539 2911 15
