1909 3069
73 112 119 143 tot

747 111 838 140 ACTA
859 109 1015 140 SINCERA.

1649 114 1702 143 162

74 176 138 207 lent,
152 172 242 204 noluit
259 185 309 205 eos
324 177 426 213 pariter
448 185 542 205 secum
562 177 655 206 subire
673 176 770 204 mortis
791 183 865 204 acer-
877 178 902 206 Α
915 176 975 211 ejus
1000 176 1130 204 liberator
1154 177 1275 204 omnium
1301 176 1427 204 Christus
1451 176 1542 212 etagit,
1571 176 1620 204 tibi
1639 176 1701 205 ﬁdei

74 221 185 249 bitatem
198 231 207 256 ;
222 223 272 251 sed
291 223 376 251 ﬁdelis
394 232 490 252 servus
511 223 621 251 imitans
645 223 789 250 Dominum
809 221 864 248 Sal-

74 272 209 301 vatorem,
222 271 268 304 qui
285 270 354 297 dixit
369 274 396 298 et
414 270 496 302 fecit,
524 269 621 297 Pastor
643 268 726 296 bonus
747 268 864 294 animum

74 322 150 341 suam
167 315 243 348 ponit
261 322 309 349 pro
323 316 412 343 avibus
432 316 506 347 suis,
528 323 561 343 ex
574 315 683 350 pietatis
703 319 863 349 argumento

75 363 183 386 vocant
198 368 284 387 unum
301 361 436 388 seniorem
452 369 484 388 ex
498 361 541 388 his
561 360 607 395 qui
624 359 726 388 ibidem
750 367 865 394 respon-

75 405 112 432 sis
129 405 191 439 ejus
207 406 387 438 inhaerebant,
404 411 431 434 et
445 406 513 433 dixit
526 406 552 434 ei
569 415 576 433 :
593 405 667 434 Vade
689 406 722 437 ad
737 406 863 433 tribunos

73 450 120 485 qui
145 458 190 478 me
209 451 363 480 interﬁcere
377 456 514 488 quaerunt,
529 456 557 479 et
584 451 667 480 dicito
691 452 730 479 eis
747 460 753 478 :
769 451 865 479 Cesset

74 497 166 523 omnis
181 496 317 528 anxietas.
333 505 395 525 ecce
410 501 552 532 promptus
564 505 624 525 sum
641 499 794 525 ultroneum
821 504 864 524 me

75 542 127 569 illis
144 542 279 577 ingerere.
306 541 362 569 llac
379 542 478 570 etenim
494 547 574 570 nocte
597 543 707 570 veniant
727 547 789 577 post
806 545 863 568 ter-

73 595 136 619 gum
168 588 267 616 domus
294 589 414 617 carceris
439 589 531 623 hujus,
547 593 575 616 et
602 589 628 616 in
645 597 700 624 quo
725 589 787 616 loco
815 595 864 615 au-

74 634 176 662 dierint
194 635 301 670 signum
316 635 342 662 in
360 635 461 670 pariete
476 635 511 663 ab
528 635 601 663 intus
612 635 726 667 factum,
743 634 780 662 ibi
799 633 865 662 effo-

73 681 182 709 dientes
197 682 336 717 excipiant
353 690 413 714 me.
436 682 632 718 perﬁciantque
655 681 728 718 quod
752 681 804 710 sibi
821 684 864 709 est

74 726 249 761 imperatum.
266 725 365 754 Senior
378 735 455 759 vero,
473 727 666 762 obtemperans
689 725 864 761 jussionibus

73 772 246 800 sanctissimi
261 773 313 800 viri
337 773 437 808 (neque
450 773 523 801 enim
541 777 616 800 tanto
635 773 709 800 Patri
726 771 864 800 contradi-

72 824 137 846 cere
152 818 282 855 poterat),
299 819 366 846 abiit
395 820 428 847 ad
454 819 580 847 tribunos
608 823 635 847 et
662 819 800 847 intimavit
823 818 864 846 eis

918 222 1082 257 praeconium
1095 230 1143 257 per
1153 226 1237 250 totam
1254 221 1400 258 Egyptum
1413 227 1440 251 et
1454 224 1557 251 circum
1570 225 1701 253 terminos

917 268 978 304 ejus
995 269 1123 297 insonare
1138 269 1285 296 commisit.
1304 269 1355 301 Tu,
1383 270 1504 305 inquam,
1519 271 1700 299 ministerium

917 315 1043 343 humanm
1062 315 1170 347 salutis,
1195 315 1268 350 quod
1294 316 1342 344 tibi
1361 316 1493 344 creditum
1517 317 1614 349 fuerat,
1634 314 1702 353 vigi~

917 361 1006 388 lantcr
1021 362 1151 396 explesti;
1181 361 1262 396 hujus
1287 361 1416 389 nimirum
1433 362 1534 390 laboris
1548 363 1701 391 mercedem

918 407 1041 443 martyrii
1068 407 1185 442 palmam
1214 407 1352 442 percipere
1384 407 1516 434 meruisti.
1540 407 1617 435 Unde
1646 416 1700 436 non

918 453 1054 480 immerito
1068 452 1167 488 dignus
1182 459 1211 479 es
1225 452 1391 487 evangelista
1407 452 1489 480 simul
1507 456 1534 480 et
1555 453 1700 488 episcopus

917 499 1069 534 praedicari.
1084 498 1135 526 Tui
1157 507 1254 533 nempe
1282 507 1426 527 successor
1454 499 1504 526 fuit
1521 499 1658 532 Anianus,
1673 503 1701 527 et

917 545 1015 579 reliqui
1033 544 1071 580 (α)
1088 552 1137 579 per
1155 544 1313 571 succiduam
1333 544 1430 571 seriem
1451 551 1538 579 usque
1552 544 1585 571 ad
1600 544 1702 572 beatis-

917 591 1017 618 simum
1031 589 1170 618 Theonam
1187 590 1234 625 qui
1248 597 1314 618 meae
1334 589 1455 618 infantiae
1469 590 1598 626 colaphos
1624 590 1701 623 dare.

916 642 943 665 et
959 645 1046 665 meam
1060 637 1177 665 indolem
1192 638 1298 665 nutrire
1313 637 1440 672 dignatus
1469 641 1521 665 est.
1546 637 1597 664 Cui
1619 637 1700 664 etiam

917 691 968 718 ego
982 688 1110 718 peccator
1125 686 1152 710 et
1165 683 1294 718 indignus
1310 683 1380 710 ultra
1395 682 1521 710 meritum
1531 682 1701 710 haereditario

917 729 1002 765 gradu
1018 736 1164 757 successor
1176 729 1289 757 eﬁ‘ectus
1307 736 1377 756 sum.
1395 728 1428 756 Et
1444 729 1517 764 quod
1530 729 1700 764 potissimum

916 778 969 809 est,
991 782 1056 802 ecce
1079 775 1225 803 Dominica:
1250 775 1359 810 pietatis
1379 775 1486 810 largitio
1509 783 1553 803 me
1576 775 1701 810 pretioste

917 822 1008 850 crucis
1023 829 1056 849 ac
1071 822 1173 849 festivae
1187 822 1324 849 anastasis
1349 825 1495 857 martyrem
1513 822 1570 850 fieri
1598 821 1701 850 condo-

72 865 147 900 quod
169 865 223 892 sibi
247 865 335 893 fuerat
358 866 522 901 iniunctum.
549 865 627 899 Quod
659 865 698 892 illi
724 864 865 892 audientes
881 863 902 890 Β
917 869 1002 901 navit,
1016 868 1141 896 tribuens
1157 875 1223 895 mete
1239 867 1375 895 devotioni
1389 876 1444 896 suat
1455 868 1700 903 passionisjucun-

72 911 152 939 valde
179 911 264 947 gavisi
291 916 373 944 sunt,
403 917 428 940 et
456 917 628 940 assumentes
649 913 765 940 latomos
789 912 863 939 circa

72 958 163 985 noctis
188 958 269 992 hujus
283 958 446 985 matutinum
462 963 569 993 tempus
587 961 720 985 venerunt
734 958 794 986 sine
810 958 863 984 mi-

71 1003 168 1031 iitihus
189 1004 221 1031 ad
241 1005 331 1031 locum
349 1005 395 1040 qui
412 1003 464 1032 sibi
480 1003 568 1032 fuerat
589 1008 728 1032 ostensus.
747 1003 795 1031 Vir
814 1011 864 1030 au-

72 1055 127 1077 tem
158 1049 268 1077 Domini
296 1051 361 1086 vigil
389 1051 417 1078 in
451 1052 576 1078 oratione
597 1054 623 1077 et
648 1051 750 1086 vigiliis
776 1054 862 1078 totam

71 1101 181 1123 noctem
199 1095 353 1123 insomnem
369 1096 497 1124 duxerat.
512 1096 547 1123 At
562 1096 608 1124 ubi
623 1104 718 1123 eorum
736 1096 863 1131 cognovit

72 1143 231 1174 adventum,
249 1143 357 1170 cunctis
372 1142 418 1178 qui
434 1151 527 1170 secum
542 1143 655 1170 aderant
672 1150 770 1178 sopore
786 1143 864 1177 quie-

72 1188 226 1220 scentibus,
239 1189 311 1216 lento
327 1187 412 1224 gradu
437 1189 578 1224 ingressus
598 1192 640 1216 est
663 1189 689 1216 in
706 1188 862 1216 interiorem

72 1234 193 1262 cerceris
218 1238 335 1269 partem.
359 1237 385 1261 et
401 1234 480 1269 juxta
505 1235 659 1262 condictam
686 1234 861 1270 sponsionem

72 1286 172 1308 sonum
202 1280 320 1308 faciebat
344 1281 370 1307 iu
398 1281 518 1315 pariete;
542 1288 623 1316 quem
647 1280 685 1307 illi
709 1280 862 1308 forinsecus

71 1327 236 1360 audientes,
274 1327 345 1356 facto
378 1327 511 1355 foramine
545 1330 727 1362 susceperunt
759 1327 861 1355 Christi

47 1389 52 1400 ε
71 1373 202 1400 athletam
233 1380 289 1401 non
304 1380 373 1400 aerea
389 1371 493 1405 lorica,
518 1373 565 1400 sed
590 1374 692 1400 virtute
715 1372 863 1400 Dominica:

70 1420 162 1446 crucis
177 1418 299 1454 undique
314 1421 448 1448 munitum
460 1442 467 1453 ,
486 1423 664 1455 paratumque
690 1419 801 1454 implere
818 1418 858 1445 di.

71 1464 162 1492 vinum
179 1473 334 1493 sermonem
352 1467 398 1502 qui
421 1464 487 1494 dicit
503 1475 510 1494 :
529 1464 620 1492 Nolite
644 1465 734 1492 timere
758 1473 802 1492 eos
817 1465 862 1500 qui

69 1520 164 1547 corpus
185 1512 319 1545 occidunt,
348 1514 466 1540 animum
490 1517 577 1540 autem
597 1521 648 1539 non
670 1516 778 1546 possunt
791 1511 861 1538 orci-

68 1560 128 1587 dere
138 1568 150 1592 ;
163 1560 210 1587 sed
223 1561 311 1594 potius
326 1569 385 1587 eum
406 1560 495 1588 timete
510 1561 555 1594 qui
568 1563 652 1593 potest
666 1563 691 1585 et
706 1559 823 1586 animam
836 1564 861 1586 et

71 1614 164 1641 :orpus
179 1605 289 1641 perdere
306 1607 332 1633 in
347 1607 502 1642 gehennam.
516 1605 583 1632 Mira
601 1605 661 1632 res!
675 1604 741 1631 Tam
755 1605 860 1633 validus

69 1652 199 1679 imbrium
217 1653 297 1681 turbo
310 1653 522 1688 collisionesque
536 1656 680 1679 ventorum
708 1651 735 1678 in
763 1652 859 1679 eadem

68 1703 213 1734 strepuere
238 1702 329 1731 nocte,
345 1703 376 1726 ut
397 1706 477 1726 nemo
493 1705 587 1726 eorum
609 1698 656 1732 qui
678 1697 861 1725 observabant

67 1745 194 1773 carceris
216 1736 309 1777 fores,
332 1749 425 1780 posset
450 1744 544 1772 audire
573 1740 717 1772 effodiendi
749 1751 858 1772 sonum.

67 1791 316 1820 Constantissimus
337 1795 427 1819 autem
452 1795 554 1827 martyr
569 1792 683 1827 urgebat
710 1789 860 1818 homicidas

67 1838 153 1866 illos:
175 1838 282 1870 Facite,
309 1838 446 1873 inquiens,
464 1837 538 1873 quod
564 1837 664 1864 facturi
688 1837 766 1869 estis,
782 1837 859 1872 prius

66 1893 148 1920 quam
163 1886 217 1913 hoc
231 1886 352 1914 sentiant
364 1885 410 1921 qui
422 1893 464 1913 me
477 1882 680 1913 custodiebant.

100 1933 136 1959 At
153 1932 193 1959 illi
207 1932 335 1960 tollentes
350 1940 412 1960 eum
431 1932 568 1960 duxerunt
586 1932 613 1958 in
635 1932 724 1959 locum
740 1931 787 1967 qui
814 1931 858 1959 di~

65 1978 138 2006 citur
153 1977 285 2010 Bucolia,
302 1978 349 2004 ubi
375 1981 403 2005 et
429 1981 543 2004 sanctus
569 1974 679 2005 Marcus
696 1977 857 2013 martyrium

65 2031 114 2060 pro
131 2023 245 2051 Christo
261 2024 393 2059 suscepit.
406 2023 545 2058 Stupenda
565 2026 723 2051 sanctorum
749 2023 856 2051 virtus!

63 2069 133 2098 Cum
158 2078 223 2097 eum
239 2070 382 2102 ducerent,
407 2074 434 2098 et
457 2073 559 2097 tantam
575 2069 649 2097 illius
674 2068 855 2096 constantiam

63 2117 138 2144 circa
159 2117 290 2144 funereos
303 2124 384 2144 casus
395 2120 556 2151 tantumque
573 2116 656 2143 animi
668 2115 753 2142 robur
767 2114 857 2150 inspi-

62 2167 159 2190 cerent
171 2183 179 2195 ,
205 2163 296 2191 subito
313 2163 441 2191 horridus
457 2171 541 2198 pavor
559 2162 726 2196 timidusque
754 2166 857 2188 tremor

914 913 978 940 dum
990 913 1112 945 odorem,
1133 917 1162 940 ut
1177 917 1203 940 et
1221 920 1271 947 ego
1288 913 1404 940 hostiam
1422 914 1473 940 mei
1489 914 1596 942 cruoris
1615 914 1700 942 libare

914 959 953 986 illi
976 959 1075 995 dignus
1098 959 1208 987 eﬁiciar.
1234 959 1266 986 Et
1292 959 1356 994 quia
1379 959 1535 987 istiusmodi
1561 960 1699 988 lihationis

913 1010 992 1040 urget
1006 1005 1149 1036 articulus.
1167 1013 1214 1032 ora
1242 1013 1290 1040 pro
1316 1013 1359 1033 me
1376 1009 1422 1037 ut,
1440 1005 1530 1032 divina
1550 1006 1700 1040 opitulante

913 1051 1025 1083 virtute,
1036 1050 1152 1078 stadium
1171 1050 1251 1084 hujus
1266 1050 1361 1085 agonis
1376 1049 1458 1077 corde
1474 1050 1587 1078 robusto
1604 1058 1635 1077 ac
1648 1051 1700 1078 fide

914 1096 1118 1132 promptissima
1135 1095 1267 1131 perﬁcere
1289 1103 1404 1123 merear.
1431 1095 1601 1122 Commendo
1617 1096 1699 1123 etiam

914 1147 966 1170 tute
979 1142 1105 1177 gloriosa:
1131 1141 1287 1176 paternitati
1300 1141 1494 1169 Christicolum
1511 1149 1635 1176 gregem.
1652 1141 1699 1176 qui

914 1189 980 1216 mihi
1006 1188 1136 1224 pastorali
1158 1188 1291 1223 regimine
1307 1188 1470 1215 commissus
1491 1191 1551 1220 est;
1569 1188 1629 1219 tibi,
1657 1188 1700 1215 in~

914 1241 1007 1271 quam,
1027 1243 1088 1262 eum
1114 1235 1275 1270 suppliciter
1299 1234 1474 1267 commendo,
1501 1234 1548 1269 qui
1576 1235 1698 1262 omnium

913 1281 1123 1318 praecedentium
1142 1289 1179 1309 ac
1199 1281 1423 1316 subsequentium
1440 1281 1467 1308 in
1483 1281 1534 1308 hoc
1550 1281 1698 1316 pontiﬁcali

914 1328 1012 1356 throno
1029 1331 1126 1355 auctor
1146 1331 1227 1362 atque
1250 1331 1324 1354 tutor
1349 1335 1411 1355 esse
1436 1327 1577 1362 probaris,
1597 1328 1699 1362 quique

913 1374 994 1409 huius
1016 1374 1162 1409 primatum
1179 1374 1294 1407 habens,
1321 1381 1375 1401 non
1401 1373 1530 1405 hominis,
1547 1373 1594 1400 sed
1610 1372 1656 1400 Dei
1672 1377 1700 1400 ες

912 1420 1032 1448 hominis
1043 1419 1108 1448 Jesu
1121 1420 1234 1452 Christi,
1244 1427 1390 1448 successor
1403 1420 1523 1447 exsistis.
1537 1419 1570 1446 Et
1583 1419 1639 1446 hate
1657 1419 1701 1446 di-

912 1474 988 1498 cens,
1008 1465 1081 1494 haud
1096 1467 1176 1502 longe
1198 1474 1214 1493 a
1238 1473 1317 1494 sacro
1334 1466 1439 1492 tumulo
1453 1466 1564 1493 remotis
1578 1467 1699 1501 vestigiis

912 1513 1094 1547 manibusque
1110 1512 1137 1539 in
1153 1513 1252 1539 coelum
1267 1512 1398 1543 extensis.
1412 1520 1478 1539 voce
1493 1519 1591 1547 magna
1607 1520 1700 1547 preca-

911 1562 956 1586 tus
973 1568 980 1586 :
999 1558 1152 1594 Unigenite,
1167 1558 1266 1593 inquit,
1281 1557 1398 1586 Verbum
1414 1558 1506 1586 aeterni
1527 1558 1617 1585 Patris
1633 1558 1698 1586 Jesu

911 1604 1030 1636 Christe,
1037 1605 1136 1632 exaudi
1146 1613 1189 1632 me
1197 1609 1271 1631 tuam
1282 1605 1498 1639 interpellantem
1508 1605 1696 1638 clementiam;

911 1651 1035 1686 pacifica,
1059 1657 1162 1687 quaeso,
1190 1654 1379 1686 tempestatem
1405 1650 1534 1678 Ecclesiae
1550 1657 1613 1682 tuae,
1630 1651 1699 1678 etle-

911 1698 988 1726 sione
1003 1698 1144 1733 sanguinis
1159 1698 1212 1725 mei
1227 1697 1298 1725 servi
1319 1697 1358 1724 tui
1382 1697 1515 1724 conclude
1530 1697 1699 1732 persecutio-

910 1752 972 1771 nem
992 1744 1085 1779 populi
1110 1744 1160 1771 tui.
1178 1742 1255 1770 Tunc
1281 1743 1405 1779 quaedam
1426 1743 1503 1778 virgo
1525 1742 1580 1770 Deo
1595 1743 1695 1775 dicata,

909 1798 970 1826 quze
1005 1790 1195 1818 asceleriolum
1223 1790 1305 1825 hujus
1339 1790 1513 1825 evangelista:
1540 1791 1696 1818 cmmeterio

909 1837 1109 1865 conterminum
1127 1836 1256 1868 habebat,
1278 1840 1442 1872 pernoctans
1458 1836 1486 1863 in
1509 1837 1632 1864 oratione
1644 1843 1694 1863 au.

909 1884 977 1911 divit
1003 1891 1095 1911 vocem
1123 1884 1157 1911 de
1187 1883 1257 1910 caelo
1283 1883 1417 1910 dicentem
1440 1881 1562 1910 :Petrus
1588 1882 1695 1910 initium

908 1930 1105 1966 apostolorum,
1123 1923 1222 1958 Petrus
1239 1930 1301 1958 ﬁnis
1326 1933 1478 1965 martyrum
1505 1930 1694 1965 episcoporum

907 1976 1088 2004 Alexandriae.

943 2022 1082 2059 Completa
1112 2024 1236 2052 oratione
1267 2023 1431 2052 deoscttlans
1466 2023 1588 2051 tumbam
1621 2020 1694 2051 beati

907 2070 1079 2105 evangelista;
1092 2074 1118 2098 et
1135 2070 1301 2106 reliquorum
1322 2071 1480 2106 pontificum
1501 2071 1547 2105 qui
1568 2071 1635 2098 inibi
1651 2074 1695 2097 tu-

906 2113 1001 2140 mulati
1014 2118 1103 2147 erant,
1117 2112 1200 2143 exivit
1219 2115 1253 2142 ad
1266 2115 1402 2143 tribunos.
1419 2116 1454 2143 At
1466 2116 1503 2142 illi
1519 2116 1640 2143 videntes
1654 2116 1694 2142 fa—

907 2159 976 2187 ciem
988 2158 1048 2195 ejus
1062 2165 1190 2196 tanquam
1206 2161 1302 2189 faciem
1324 2162 1424 2197 angeli,
1441 2166 1545 2189 terrore
1563 2162 1693 2197 perculsi,

62 2216 111 2237 eos
127 2209 229 2236 invasit
245 2208 273 2236 in
288 2213 394 2236 tantum
419 2213 449 2236 ut
470 2209 562 2236 nullus
588 2216 621 2235 ex
643 2208 684 2235 eis
711 2207 738 2234 in
757 2204 852 2234 faciem
870 2209 892 2236 D
906 2202 1072 2232 verebantur
1094 2207 1118 2233 ei
1135 2204 1236 2240 aliquid
1253 2207 1287 2234 de
1304 2204 1417 2234 instanti
1437 2215 1524 2244 agone
1541 2207 1625 2242 loqui.
1644 2207 1694 2234 Ved-

62 2256 124 2289 ejus
148 2255 292 2282 intendere
312 2255 438 2282 auderet.
457 2254 581 2290 Rogabat
605 2258 735 2289 praeterea
751 2256 854 2287 martyr

62 2300 242 2328 beatissimus
257 2304 287 2327 ut
304 2300 426 2328 sinerent
441 2307 503 2327 eum
517 2299 551 2326 ad
569 2299 656 2326 sancti
669 2298 751 2326 Marci
772 2307 854 2327 evan-

62 2347 167 2383 gelista
182 2346 343 2374 memoriam
366 2346 420 2379 ire;
437 2345 563 2380 cupiebat
584 2344 656 2372 enitn
674 2345 734 2379 ejus
750 2351 779 2372 se
805 2353 854 2380 pa-

61 2394 187 2421 trociniis
209 2392 413 2420 commendare.
438 2392 474 2418 At
491 2391 530 2418 illi
546 2399 602 2426 prae
622 2390 737 2426 pudoris
757 2389 854 2418 confu-

61 2440 139 2467 sione
151 2443 253 2467 terram
268 2438 471 2472 despectantes,
485 2436 591 2468 Facito.
614 2436 751 2471 inquiunt,
778 2436 850 2471 quod

61 2486 113 2517 vis,
128 2489 237 2513 tantum
252 2484 386 2512 velocius.
411 2483 554 2511 Accedens
579 2484 671 2518 itaque
691 2482 851 2517 complexus

59 2536 102 2559 est
115 2531 334 2558 sacratissimum
352 2530 527 2565 evangelista:
539 2529 739 2561 cmmeterium,
756 2532 783 2556 et
796 2529 853 2556 vel-

61 2580 97 2606 uti
124 2579 152 2606 in
173 2585 259 2605 carne
277 2577 378 2604 viventi
397 2581 479 2612 atque
506 2576 627 2604 audienti
649 2577 781 2610 loquens,
799 2575 852 2602 hoc

59 2624 140 2651 modo
158 2623 324 2658 precabatur
340 2631 347 2649 :
366 2621 446 2649 Pater
462 2622 666 2651 honestissime,
692 2624 719 2648 tu
733 2628 851 2655 evange-

59 2670 121 2696 lista
132 2669 265 2705 unigeniti
279 2667 438 2701 Salvatoris,
455 2673 484 2695 tu
497 2668 576 2695 testis
592 2668 750 2702 passionum
766 2666 850 2698 illius,

61 2718 85 2741 te
108 2715 229 2750 primum
257 2713 413 2750 pontiﬁcem
437 2717 465 2742 et
494 2713 694 2741 ﬁrmamentum
715 2711 852 2740 cathedrae

906 2254 1060 2278 rnmtamen
1071 2252 1135 2286 quia
1150 2250 1220 2280 Deus
1242 2261 1296 2280 non
1322 2253 1424 2280 deserit
1449 2257 1590 2288 sperantes
1608 2253 1634 2280 in
1652 2261 1691 2285 se,

905 2297 994 2323 noluit
1013 2301 1159 2333 martyrem
1175 2303 1254 2325 sudm
1270 2299 1296 2325 in
1313 2299 1429 2326 articulo
1444 2300 1511 2325 tanti
1524 2298 1692 2326 discriminis

906 2343 1009 2378 absque
1026 2343 1125 2371 solatio
1148 2344 1312 2380 relinquere.
1327 2342 1397 2373 Ecce
1423 2345 1533 2380 quidam
1561 2351 1644 2373 senex
1665 2350 1692 2372 et

906 2389 1029 2424 quaedam
1046 2390 1122 2425 virgo
1142 2391 1229 2418 vetula
1247 2392 1386 2419 venientes
1406 2399 1441 2419 ex
1465 2391 1572 2426 oppidis
1589 2398 1694 2426 prope-

906 2436 1002 2463 rabant
1016 2436 1043 2464 in
1060 2437 1208 2469 civitatem,
1227 2446 1342 2473 quorum
1365 2447 1435 2466 unus
1450 2441 1566 2474 quatuor
1583 2439 1693 2466 venali-

906 2481 964 2509 eias
979 2482 1119 2511 deferebat
1136 2484 1231 2518 pelles,
1257 2485 1341 2512 altera
1366 2491 1474 2520 quoque
1490 2484 1611 2520 geminas
1627 2485 1694 2512 sin-

905 2528 1001 2557 dones.
1017 2528 1139 2558 Cernens
1154 2536 1202 2558 eos
1218 2531 1313 2558 beatus
1337 2532 1452 2559 antistes
1462 2552 1470 2564 ,
1487 2531 1613 2567 cognovit
1628 2539 1694 2567 erga

906 2582 935 2602 se
950 2575 1070 2603 divinam
1091 2577 1332 2611 dispensationem.
1355 2578 1432 2606 Illico
1452 2582 1628 2613 percontatus
1650 2585 1693 2605 est

906 2620 1001 2648 dicens
1017 2630 1023 2648 :
1039 2621 1188 2650 Christiani
1204 2624 1292 2651 estis?
1308 2624 1353 2659 qui
1374 2624 1502 2652 dixerunt
1520 2634 1527 2651 :
1544 2624 1642 2651 Etiam.
1660 2623 1692 2651 Et

906 2666 953 2698 ait,
968 2674 1022 2702 quo
1037 2667 1170 2704 pergitis?
1186 2669 1218 2696 Et
1234 2670 1272 2696 illi
1293 2680 1300 2697 :
1322 2670 1362 2696 Ad
1382 2671 1529 2703 nundinas,
1554 2671 1691 2706 inquiunt,

906 2712 982 2740 urbis
997 2717 1027 2740 ut
1040 2714 1226 2743 venundemus
1243 2715 1301 2742 haec
1315 2722 1376 2750 qua:
1387 2715 1546 2744 deferimus.
1560 2716 1694 2744 Clemen~

93 2806 131 2842 (α)
149 2806 223 2834 Bene
251 2809 358 2842 noster“
372 2804 507 2842 perinane
535 2803 705 2832 reticentiam
737 2802 802 2830 vitat
823 2802 963 2830 nominum
980 2801 1212 2838 perturbationem
1226 2808 1286 2836 quae
1298 2800 1419 2828 occurrit
1435 2801 1463 2827 in
1480 2800 1556 2827 Actis
1573 2799 1694 2828 Con-the:

60 2839 163 2871 iisranis
172 2846 200 2870 et
212 2842 240 2868 in
256 2841 319 2869 cod.
338 2839 397 2867 Vat.
411 2840 473 2867 622.
