1909 3069
227 90 280 117 465

731 87 761 113 S.
781 85 882 114 PETRI
903 85 1134 114 ALEXANDRINI
1156 85 1307 114 EPISCOPI

1782 87 1830 117 464

229 157 351 185 tissimus
365 159 454 182 autent
467 154 548 182 Pater
565 154 706 188 subjunxit
723 163 730 181 ε
748 153 837 181 Filioli
864 154 916 181 mei
936 154 1006 182 lide—
1021 158 1043 185 Α
1092 155 1247 182 Convolans
1263 155 1363 182 interea
1389 163 1422 182 ex
1441 155 1572 191 populosa
1595 155 1663 183 urbe
1688 155 1829 191 promiseui

228 202 278 235 les.
296 201 367 230 Deus
386 208 433 228 vos
450 200 612 232 destinavit,
627 203 797 235 perseverate
821 207 936 226 mecum.
954 199 1006 232 Qui

229 248 353 284 protinus
367 255 428 275 eum
444 250 633 282 agnoscentes,
649 245 778 273 dixerunt
802 255 809 272 :
831 244 865 272 Ut
886 245 1005 280 jussisti,

228 295 346 322 domine.
373 294 405 320 Et
420 300 568 321 conversus
585 292 618 319 ad
634 291 758 319 tribunos
772 301 779 318 :
796 291 843 317 Eia
861 292 942 326 agite,
958 292 1007 318 in-

227 341 295 375 quit.
311 340 383 376 quod
399 339 486 367 acturi
503 339 580 369 estis,
598 338 765 373 complentes
780 337 881 373 regiam
896 337 1006 371 jussio—

227 395 305 418 nem.
331 386 459 421 quoniam
478 385 536 412 dies
563 384 619 419 jam
648 384 808 411 illucescere
834 383 926 418 cmpit.
952 383 1004 419 ipsi

227 437 315 459 autem
331 432 366 459 ob
378 430 479 458 nefaria
496 430 626 465 principis
642 430 748 457 decreta
776 429 854 464 quasi
870 429 923 456 vim
949 437 1005 464 pa—

225 478 334 509 tientes,
349 477 469 504 tulerunt
484 483 545 504 eum
566 483 582 503 e
596 475 705 511 regione
721 475 868 503 sanctuarii
882 483 1006 510 evange—

226 523 293 551 lista:
309 523 336 550 in
349 523 445 550 vallem
457 522 534 556 juxta
550 522 685 556 sepulcra.
700 521 732 548 Et
750 525 876 549 sanctus:
889 520 1004 557 Expen—

225 569 291 600 dite,
309 567 405 602 inquit,
417 575 433 594 ο
447 575 536 599 senes,
553 567 636 602 pelles
651 574 719 602 quas
735 566 894 598 advectatis.
910 567 1005 595 simul-

224 621 277 648 que
294 618 337 645 tu,
357 613 461 643 vetula.
493 612 630 640 sindones.
653 612 758 645 Quibus
776 613 920 647 expansis,
952 620 1004 639 ro—

224 659 399 687 bustissimus
427 663 530 694 martyr
562 658 680 693 desuper
705 658 874 690 ascendens,
900 658 1003 693 palmas

225 710 353 740 utrasque
379 712 487 732 sursum
516 704 656 734 extendit.
683 711 714 730 ac
749 703 862 738 proinde
888 704 1003 739 poplites

224 750 298 777 humi
320 749 400 780 ﬁxus.
416 749 534 776 animum
559 755 666 783 quoque
690 748 759 775 coelo
781 748 912 779 intentus,
934 756 1003 783 gra-

223 795 322 822 tiarum
337 795 457 822 actiones
472 793 648 828 omnipotenti
674 793 842 835 agonothetaa
860 794 1000 829 persolvit,

1057 207 1139 228 sexus
1155 200 1349 227 innumerabile
1364 201 1470 235 vulgus,
1488 200 1597 235 plorans
1608 205 1633 228 et
1648 201 1755 235 cjulans
1770 202 1831 228 invi-

1056 252 1114 272 cem
1129 253 1159 272 se
1171 245 1363 273 sciscitabatur
1377 246 1505 281 ignorans
1521 246 1637 281 qualiter
1661 247 1712 275 hoc
1733 249 1831 274 evenis-

1056 293 1106 317 set.
1123 289 1227 317 Revera
1253 290 1325 317 enim
1350 298 1365 317 a
1386 291 1498 319 minimo
1522 299 1606 326 usque
1632 292 1665 319 ad
1688 294 1829 320 maximum

1056 336 1207 364 acerrimus
1230 337 1308 364 ﬂetus
1323 345 1417 365 omnes
1441 338 1555 374 rigabat.
1571 338 1697 366 Primarii
1720 347 1831 375 namque

1055 382 1173 410 civitatis
1188 390 1249 410 cum
1261 387 1404 411 cernerent
1420 385 1600 412 multitudinis
1616 385 1776 414 laudabilem
1787 387 1831 413 im-

1055 428 1259 462 portunitatem,
1273 428 1320 464 qui
1339 437 1432 457 sacras
1459 430 1518 464 ejus
1534 430 1646 458 exuvias
1668 431 1830 466 lipsanorum

1054 473 1141 508 gratia
1164 474 1289 502 scindere
1305 475 1475 510 satagebant,
1496 475 1662 504 involventes
1678 484 1740 504 cum
1761 477 1830 512 pelli—

1055 519 1106 547 bus
1134 524 1215 556 atque
1238 521 1398 549 sindonibus
1421 521 1474 550 illis
1494 522 1580 550 tutius
1606 523 1829 557 perstrinxerunt.

1055 565 1168 601 Semper
1184 566 1256 594 enim
1271 567 1463 594 sanctissimus
1478 567 1525 595 Dei
1546 568 1668 596 minister
1684 572 1772 596 vestes
1790 577 1831 596 sa-

1054 612 1204 639 cerdotalcs
1220 612 1273 638 albi
1291 612 1390 639 coloris
1404 617 1462 639 erat
1487 613 1612 646 amictus.
1632 614 1683 641 hoc
1707 619 1749 642 est
1764 614 1832 642 tuni-

1054 665 1113 684 cam
1125 661 1151 684 et
1166 657 1302 685 colobium
1315 665 1421 684 necnon
1441 662 1466 685 et
1483 658 1684 693 omophorium.
1698 659 1763 687 Post
1777 660 1830 687 haec

1053 703 1136 738 igitur
1152 707 1212 730 orta
1228 707 1268 730 est
1284 703 1355 730 inter
1367 711 1415 731 eos
1433 711 1486 731 non
1504 711 1586 740 parva
1604 705 1759 740 contentio;
1776 706 1831 741 qui-

1053 748 1115 775 dam
1131 748 1203 775 enim
1227 748 1428 776 sacratissimos
1448 753 1524 776 artus
1545 749 1573 776 in
1595 750 1739 778 ecclesiam
1754 759 1831 786 quam

1055 794 1113 829 ipse
1125 793 1315 825 zediﬁcaverat,
1326 793 1372 821 ubi
1387 798 1414 821 et
1431 802 1504 822 nunc
1517 795 1674 830 requiescit,
1691 795 1832 824 advectare

223 842 400 876 muniensque
417 848 446 868 se
466 840 555 867 crucis
572 840 712 874 signaculo
733 828 811 872 diiiit,
825 839 920 867 Amen.
935 839 999 867 Dein
1017 827 1038 858 Β
1052 840 1224 875 satagebant;
1240 840 1286 867 alii
1299 844 1389 868 autem
1403 840 1435 867 ad
1451 842 1636 868 sanetuarium
1647 843 1827 877 evangelisla‘,

222 886 410 922 omophorium
425 886 550 913 relaxans
567 893 582 912 a
597 885 685 918 collo,
710 886 845 912 cervicem
865 885 978 913 tetendit
992 895 999 913 :
1019 904 1044 918 ικ-
1052 885 1097 912 ubi
1114 888 1140 912 et
1155 885 1277 920 martyrii
1300 889 1398 912 metam
1413 886 1566 921 complevit.
1586 887 1691 916 deferre
1706 888 1830 915 niteban—

222 931 298 965 Quod
314 931 400 962 vobis,
418 931 553 966 inquiens,
578 931 686 966 jussum
702 934 754 964 est,
778 931 911 959 maturius
927 931 1002 959 deli-

220 977 322 1005 berate.

255 1022 438 1059 Obriguerunt
462 1023 564 1050 interea
589 1022 761 1049 tribunorum
787 1029 900 1056 manus,
921 1026 1002 1058 atque

220 1069 334 1096 invicem
361 1076 391 1097 se
413 1071 585 1104 aspectantes
605 1068 640 1095 ad
663 1068 715 1095 hoc
744 1066 849 1096 facinus
870 1075 1001 1103 provoca-

219 1115 298 1148 hant;
312 1113 358 1142 sed
382 1122 478 1141 omnes
500 1112 646 1140 formidine
661 1112 735 1147 capti
751 1112 906 1147 stupebant.
922 1111 1002 1139 Tan—-

218 1161 278 1188 dem
293 1168 326 1188 ex
340 1167 474 1187 consensu
488 1159 591 1194 placuit
606 1162 635 1185 ut
646 1158 679 1185 de
694 1158 831 1186 communi
848 1165 901 1185 aere
917 1158 1001 1185 inter-

219 1206 343 1233 fcctionis
368 1205 508 1240 prmmium
523 1207 714 1239 apponeretur,
734 1208 760 1230 et
776 1203 798 1230 si
815 1203 877 1239 quis
904 1203 999 1230 istius-

218 1251 290 1279 modi
308 1252 398 1279 scelus
410 1253 566 1286 perpetrare
580 1257 664 1277 alrsus
679 1253 762 1281 esset,
786 1249 843 1284 ipse
858 1248 998 1276 homicidii

218 1296 371 1324 lucraretur
402 1300 546 1330 quaestum.
576 1294 652 1321 lland
680 1302 777 1328 mora;
811 1294 999 1329 unusquisque

217 1350 310 1370 eorum
324 1342 443 1376 quinque
458 1341 570 1376 protulit
587 1339 700 1368 solidos.
713 1339 825 1373 Verum,
841 1344 870 1367 ut
889 1340 998 1376 gentilis

217 1387 254 1414 ait
269 1391 347 1422 poeta
361 1396 367 1414 :

365 1438 435 1472 Quid
454 1446 505 1465 non
520 1437 644 1465 mortalia
657 1442 761 1473 pectora
775 1438 857 1473 cogis,

304 1474 371 1501 Auri
386 1482 462 1501 sacra
475 1474 557 1508 fames
570 1473 581 1500 !

217 1535 288 1554 unus
304 1535 337 1555 ex
352 1527 393 1555 eis
405 1527 458 1554 ritu
475 1526 623 1562 proditoris
644 1525 731 1558 Iudae.
747 1525 868 1561 pecunia:
883 1525 996 1560 cupidi—

215 1578 270 1602 tate
279 1574 366 1602 audax
374 1573 496 1605 effectus,
508 1577 616 1600 exserto
626 1572 716 1608 gladio
726 1572 826 1600 Christi
841 1572 993 1607 pontificem

215 1619 302 1654 capite
319 1618 492 1647 obtruncavit
506 1617 558 1645 sub
576 1617 620 1644 dic
638 1617 743 1645 scilicet
757 1624 794 1643 vn
812 1615 994 1643 Kalendarum

216 1665 402 1693 Decembrium
416 1663 465 1699 (ιι),
481 1671 543 1691 cum
572 1663 684 1690 haberet
707 1663 734 1689 in
753 1661 910 1697 pontiﬁcatu
939 1668 995 1687 an—

214 1717 265 1737 nos
281 1717 330 1741 xn,
347 1715 462 1744 quorum
477 1714 533 1736 tres
549 1712 610 1736 ante
625 1707 853 1743 persecutionem,
874 1707 993 1742 reliquos

213 1763 279 1783 vero
295 1763 390 1782 novem
418 1756 446 1782 in
471 1754 587 1782 diversis
603 1753 822 1789 persecutionum
847 1753 993 1788 generibus

213 1801 314 1836 exegit.
335 1800 439 1828 Exinde
465 1800 573 1828 sublato
602 1799 636 1826 ab
661 1799 826 1833 spiculatore
853 1799 993 1834 sanguinis

213 1846 310 1880 pretio.
326 1845 388 1872 mali
410 1849 547 1879 emptores
561 1845 603 1871 vel
622 1844 710 1879 potius
727 1844 831 1871 cruenti
851 1843 993 1871 homicidae

213 1891 268 1918 cito
291 1891 371 1918 citius
400 1894 590 1923 recesserunt,
618 1890 775 1917 metuebant
799 1890 870 1917 enim
899 1890 992 1925 populi

213 1935 423 1967 multitudinem,
440 1942 578 1970 quoniam.
594 1935 632 1962 uti
656 1936 795 1970 praelatum
812 1938 864 1968 est,
889 1935 992 1969 absque

213 1981 321 2008 militari
349 1980 475 2016 praesidio
495 1984 581 2008 erant.
598 1981 704 2016 Corpus
728 1985 818 2008 autem
840 1981 989 2008 beatissimi

212 2026 351 2061 martyris.
376 2025 603 2060 quemadmodum
635 2029 725 2061 patres
752 2025 920 2052 afﬁrmabant
943 2025 990 2060 qui

211 2070 276 2097 illuc
289 2071 368 2105 primi
384 2074 575 2104 convenerant,
587 2070 736 2106 permansit
751 2075 846 2098 astans
860 2074 988 2105 tanquam

210 2116 326 2144 orationi
358 2116 527 2148 incumbens,
545 2116 632 2144 donec
660 2116 768 2150 plurimi
795 2120 989 2143 concurrentes

210 2162 361 2189 invenirent
382 2161 448 2189 illud
467 2161 561 2189 eodem
575 2161 656 2189 modo
672 2162 842 2195 consistens;
860 2161 988 2188 nimirum

209 2208 281 2242 quod
299 2207 394 2236 vivens
410 2208 509 2242 saepius
535 2211 637 2242 egerat,
671 2215 736 2235 caro
752 2207 832 2234 etiam
855 2207 990 2235 exanimis

209 2253 369 2281 testabatur.
388 2253 483 2280 Senem
502 2261 609 2288 quoque
618 2257 699 2288 atque
716 2261 797 2280 anum
817 2253 889 2279 illam
907 2260 992 2287 repe-

208 2302 303 2326 rerunt
319 2299 497 2326 observantes
513 2306 574 2326 cum
591 2300 665 2326 luctu
682 2303 708 2326 et
726 2298 826 2334 gemitu
842 2298 989 2332 pretiosis—

208 2345 308 2373 simum
336 2344 465 2372 Ecclesia:
498 2345 608 2372 monile.
639 2343 806 2372 Redinantes
832 2343 868 2377 (ὁ)
897 2343 988 2376 itaque

207 2389 369 2424 triumphale
390 2388 472 2416 funus
483 2408 490 2419 .
515 2395 678 2422 sacrumque
694 2392 775 2422 caput
790 2385 889 2412 cervici
905 2392 989 2419 oppo-

208 2440 321 2466 nentes,
351 2438 551 2469 cooperuerunt
579 2433 758 2465 sindonibus;
794 2439 902 2459 sacrum
923 2438 987 2457 vero

206 2487 332 2508 cruorem
354 2480 401 2515 qui
416 2487 495 2507 secus
520 2478 670 2510 aflluxerat,
685 2477 809 2513 peniculo
833 2479 988 2504 reverenter

205 2527 375 2562 collegerunt
389 2525 425 2560 (ε)

240 2638 279 2674 (α)
298 2638 365 2667 Cod.
392 2641 456 2674 vatL
470 2637 634 2674 622,_nona_
647 2641 671 2663 et
697 2636 818 2674 vicesima
836 2633 986 2674 fit-{Athyr

204 2668 311 2701 mensis.
340 2674 408 2701 Acta
437 2672 576 2705 Combef.,
602 2672 729 2707 πέμπτην
752 2671 798 2697 ἐπὶ
820 2669 914 2696 εἰκάδα
938 2668 983 2695 τοῦ

203 2709 355 2745 Νοξμξρῑου
367 2708 459 2743 μηνός.

238 2741 274 2779 (5)
289 2741 417 2779 Eotemus
429 2741 600 2779 vocabulum.
669 2776 676 2779 η
854 2773 880 2779 Α.
907 2774 912 2779 η
934 2774 949 2779 Δ.

240 2746 263 2778 (b
289 2746 417 2770 Notemus
429 2746 600 2770 vocabulum.

240 2746 275 2812 (ci
291 2777 329 2805 En
343 2784 441 2804 novum
460 2777 645 2803 testimonium
661 2776 695 2804 de
707 2779 828 2803 veterum
851 2773 982 2800 Christia-

203 2820 300 2841 norum
315 2819 380 2839 cura
405 2812 500 2840 devota
523 2813 681 2846 sanguinem
700 2814 848 2843 martyrum
872 2817 982 2835 conser-

1051 934 1096 957 tur
1110 939 1116 958 :
1131 933 1157 957 et
1172 930 1236 957 dum
1251 934 1349 957 neutra
1364 938 1428 965 pars
1443 931 1519 959 alteri
1543 932 1679 965 cederent,
1693 933 1831 968 religionis

1031 976 1211 1011 .obsequium
1234 980 1340 1004 vertere
1366 983 1508 1012 coeperunt
1531 978 1559 1005 in
1585 986 1680 1014 pugnae
1705 979 1829 1014 litigium.

1050 1022 1235 1055 Quorumdam
1259 1022 1362 1050 interea
1386 1028 1542 1051 senatorum
1560 1025 1681 1052 animosa
1702 1025 1828 1060 phalanx,

1049 1077 1082 1097 ex
1101 1069 1143 1097 his
1154 1069 1199 1104 qui
1219 1076 1319 1096 cursus
1334 1069 1372 1104 (d)
1391 1074 1531 1102 vocantur,
1547 1070 1668 1098 videntes
1685 1079 1746 1106 quae
1762 1072 1831 1100 acci-

1049 1115 1155 1147 derant,
1180 1123 1242 1142 nam
1268 1123 1346 1142 secus
1373 1124 1446 1143 mare
1471 1120 1566 1149 erant,
1583 1121 1749 1151 paraverunt
1772 1125 1829 1145 sca-

1049 1161 1141 1195 pham,
1159 1161 1304 1196 subitoque
1329 1161 1492 1196 arripientes
1508 1166 1616 1190 sanctas
1636 1163 1768 1197 reliquias
1781 1164 1830 1190 im-

1049 1211 1198 1242 posuerunt
1213 1207 1354 1240 naviculae,
1374 1211 1400 1235 et
1414 1208 1592 1236 ascendentes
1607 1213 1679 1236 retro
1700 1207 1828 1240 Pharum,

1049 1259 1096 1287 per
1111 1252 1198 1279 locum
1224 1253 1267 1280 cui
1297 1253 1423 1280 Leucado
1438 1253 1598 1281 vocabulum
1623 1258 1681 1287 est,
1698 1259 1830 1282 venerunt

1048 1297 1075 1324 in
1096 1298 1238 1325 ecclesiam
1260 1298 1424 1327 beatissima
1444 1297 1490 1325 Dei
1506 1298 1650 1326 Genitricis
1669 1307 1829 1334 semperque

1047 1341 1160 1377 virginis
1180 1341 1281 1374 Mariae.
1296 1350 1388 1377 quam,
1407 1346 1437 1369 ut
1461 1342 1551 1370 dicere
1573 1349 1756 1378 cmperamus,
1773 1343 1829 1378 ipse

1047 1388 1082 1415 ob
1101 1392 1251 1423 martyrum
1277 1389 1432 1416 cmmeteria
1453 1388 1486 1415 ad
1510 1388 1706 1416 occidentalem
1725 1394 1828 1425 partem

1047 1436 1075 1463 in
1089 1435 1205 1471 quodam
1223 1435 1344 1470 prosatio
1360 1434 1394 1470 (ε)
1405 1439 1605 1462 construxerat.
1621 1435 1698 1462 Tune
1712 1438 1829 1472 populo.

1047 1489 1106 1509 rum
1122 1481 1229 1516 agmina
1244 1488 1294 1508 ceu
1319 1485 1396 1516 rapto
1414 1480 1466 1508 sibi
1488 1481 1592 1508 cmlesti
1619 1481 1764 1514 thesauro,
1783 1483 1830 1510 alii

1047 1534 1094 1561 per
1110 1526 1219 1557 itinera,
1241 1525 1287 1552 alii
1313 1533 1361 1560 per
1377 1524 1454 1552 devia
1469 1533 1583 1560 quaeque
1598 1526 1720 1560 properis
1740 1526 1830 1554 cursi-

1046 1572 1096 1598 bus
1115 1571 1305 1605 insequuntur.
1334 1570 1385 1603 Qui
1406 1570 1514 1598 tandem
1532 1571 1672 1598 venientes
1691 1579 1746 1599 non
1771 1572 1828 1607 jam

1045 1618 1090 1644 ubi
1106 1621 1252 1652 poneretur
1276 1617 1487 1646 altercabantur.
1506 1616 1551 1644 sed
1575 1617 1712 1644 communi
1728 1621 1756 1645 et
1774 1625 1829 1646 non

1045 1662 1224 1698 improbando
1246 1662 1376 1694 consilio,
1413 1663 1490 1697 prius
1508 1670 1569 1689 eum
1591 1662 1774 1690 decreverunt
1801 1664 1828 1690 in

1044 1715 1094 1735 sua
1120 1707 1248 1735 cathedra
1273 1715 1389 1742 ponere,
1425 1711 1452 1735 et
1479 1707 1518 1735 sic
1545 1708 1653 1735 demum
1680 1709 1829 1744 sepultura:

1044 1754 1160 1782 tradere.

1079 1800 1112 1827 Et
1123 1801 1184 1832 hoc,
1197 1800 1408 1836 prudentissime
1421 1801 1516 1834 lector,
1535 1802 1597 1828 nolo
1612 1806 1742 1837 tanquam
1757 1804 1829 1831 otio-

1044 1855 1103 1874 sum
1121 1846 1328 1874 deliramentum
1356 1847 1495 1880 attendas;
1518 1847 1645 1882 quoniam
1671 1848 1693 1875 si
1714 1857 1828 1877 causam

1044 1891 1158 1926 hujusce
1174 1891 1302 1918 novitatis
1314 1889 1451 1923 didiceris,
1468 1890 1572 1918 mirans
1583 1889 1745 1918 laudabilem
1771 1899 1830 1926 po—

1042 1938 1098 1973 puli
1115 1937 1200 1965 zelum
1217 1936 1373 1970 factumque
1394 1936 1533 1971 probabis.
1559 1935 1609 1963 Hic
1633 1936 1704 1963 enim
1729 1936 1829 1964 beatus

1042 1983 1157 2010 antistes
1180 1982 1289 2016 quando
1305 1981 1389 2008 divini
1409 1981 1529 2017 mysterii
1550 1984 1719 2008 sacramenta
1747 1981 1828 2009 cele—

1041 2028 1148 2060 brabat,
1179 2035 1245 2059 non.
1277 2027 1348 2055 sicut
1371 2027 1574 2054 ecclesiasticus
1599 2033 1659 2053 mos
1683 2026 1777 2060 habet,
1799 2027 1828 2054 in

1042 2073 1192 2108 pontiﬁcali
1205 2073 1313 2103 throno.
1330 2072 1378 2099 sed
1392 2071 1418 2098 in
1433 2072 1493 2106 ejus
1509 2071 1682 2106 subpedaneo
1702 2072 1828 2099 scabello

1040 2119 1191 2152 residebat;
1217 2119 1290 2154 quod
1316 2118 1407 2153 populi
1431 2117 1611 2153 aspicientes,
1641 2125 1713 2152 aegre
1745 2118 1828 2145 acci-

1007 2173 1028 2200 D
1041 2165 1160 2200 piebant,
1177 2170 1204 2192 et
1220 2167 1418 2199 conquerentes
1431 2163 1615 2190 acclamabant
1632 2172 1639 2190 :
1660 2162 1786 2198 Oportet,
1810 2171 1828 2190 o

1041 2210 1130 2242 Pater,
1152 2211 1181 2237 in
1195 2213 1241 2237 tua
1254 2213 1280 2237 te
1292 2210 1386 2237 sedere
1404 2209 1548 2242 cathedra;
1563 2213 1590 2236 et
1607 2216 1668 2235 cum
1682 2209 1785 2236 crebro
1799 2209 1828 2236 id

1040 2257 1129 2292 ipsum
1145 2259 1314 2290 repeterent.
1335 2262 1449 2289 surgens
1473 2253 1580 2282 Domini
1600 2254 1724 2281 minister
1749 2255 1828 2289 ejus-

1039 2303 1112 2330 modi
1142 2301 1266 2337 querelas
1290 2300 1436 2335 tranquilla
1451 2307 1517 2328 voce
1531 2300 1657 2331 sedabat,
1672 2303 1699 2326 et
1721 2299 1826 2327 iterum

1039 2349 1066 2376 in
1089 2347 1183 2376 eodem
1199 2346 1317 2374 scabello
1327 2345 1475 2373 residebat.
1495 2345 1607 2373 Cunctis
1626 2349 1715 2372 autem
1734 2345 1827 2372 humi-

1039 2395 1123 2422 litatis
1145 2393 1233 2429 gratia
1261 2392 1312 2418 hoc
1337 2393 1379 2427 agi
1408 2391 1560 2419 videbatur.
1585 2390 1707 2423 Quodam
1728 2395 1825 2418 autem

1038 2446 1142 2474 magna:
1158 2438 1310 2465 festivitatis
1326 2437 1370 2465 die
1387 2444 1449 2464 cum
1468 2443 1546 2464 sacra
1559 2436 1704 2464 missarum
1721 2436 1827 2463 solem—

1037 2487 1082 2513 nia
1099 2489 1202 2521 ageret,
1224 2488 1251 2511 et
1266 2484 1319 2510 tale
1341 2483 1406 2518 quid
1436 2483 1525 2510 facere
1538 2481 1628 2513 vellet,
1659 2489 1714 2509 non
1729 2481 1824 2509 solum

1037 2532 1163 2568 populus,
1178 2530 1225 2558 sed
1238 2530 1318 2557 etiam
1334 2529 1424 2556 clerus
1439 2534 1559 2556 consona
1576 2535 1643 2554 voce
1660 2527 1826 2554 inclaman-

1035 2635 1126 2667 vandi,
1143 2634 1177 2661 de
1198 2639 1250 2667 qua
1265 2639 1294 2658 re
1305 2629 1350 2656 diu
1365 2629 1503 2656 Boldettus
1516 2628 1542 2655 in
1563 2627 1722 2655 Caemeteriis
1748 2625 1823 2654 Mli.

1035 2671 1080 2698 lib.
1099 2676 1193 2704 1,7eap.
1212 2667 1247 2694 27
1264 2673 1339 2700 seqq.
1559 2698 1584 2704 η

1069 2697 1240 2766 (άβῖηῑὲιιίεε
1255 2697 1365 2729 cursum
1378 2698 1515 2734 publicum
1527 2698 1708 2727 vehicularem
1719 2697 1763 2725 vel
1773 2702 1827 2724 nec

1069 2749 1091 2766 Ell
1105 2746 1190 2766 avem.

1034 2740 1190 2767 vicularem.

1068 2775 1101 2811 (ε)
1116 2773 1290 2804 Graecismus,
1305 2777 1353 2805 pro
1370 2769 1505 2796 suburbio.
