1909 3069
56 127 104 155 λεδ

729 122 820 150 ACTA
837 120 993 149 SINCERA.

1619 113 1669 141 ωε

58 193 97 217 tes
109 187 239 214 dixerunt
255 196 260 213 :
289 185 358 214 Sede
380 185 407 212 in
427 185 490 214 sede
517 188 581 215 tua,
599 191 616 210 ο
637 183 775 218 episcope.
792 182 838 209 llle
854 187 875 213 Α
890 170 1004 208 virtutes
1020 178 1075 207 ﬁeri
1105 186 1159 206 non
1174 177 1312 206 deﬁciunt.
1326 176 1374 203 Pia
1400 175 1499 204 etenim
1523 181 1585 203 vota
1601 176 1670 203 felici

58 240 156 266 autem,
181 232 328 268 cujusdam
355 232 475 268 mysterii
503 231 646 263 conscius,
672 230 724 257 hoc
746 228 841 256 audire

58 281 262 314 dissimulavit;
296 279 415 314 datoque
442 277 574 306 reticendi
601 276 724 308 indicio,
754 282 841 309 neque

59 329 129 356 enim
152 328 176 355 ei
192 327 341 362 quisquam
367 325 500 353 obsistere
520 323 687 360 pertinacius
714 321 841 353 audebat,

61 375 139 403 silere
155 381 253 401 omnes
277 372 360 405 fecit,
385 375 412 399 et
428 371 605 398 nihilominus
626 368 748 404 ejusdem
770 367 842 395 sedis

61 419 177 448 scabello
189 417 329 450 subsedit;
341 416 536 451 celebratisque
555 423 587 443 ex
601 422 677 441 more
699 413 842 441 missarum

62 465 219 498 solemniis,
240 463 430 499 unusquisque
449 461 568 490 ﬁdelium
586 460 620 488 ad
638 460 746 496 propria
760 466 845 494 repe—

61 510 142 539 davit.

94 556 143 583 Vir
170 560 262 582 autem
287 553 406 585 Domini,
433 553 540 580 clericis
565 551 718 582 accersitis.
749 549 844 577 intima

62 602 208 630 serenitate
219 600 395 635 tranquillus,
407 606 523 635 arguens
534 606 581 625 eos
595 596 769 625 temeritatis:
779 596 844 626 Cur,

62 648 160 682 inquit,
175 647 309 674 laicorum
323 645 436 672 vocibus
450 643 560 671 admisti
573 651 615 671 me
629 643 774 677 obiurgare
792 647 845 667 non

62 690 369 719 erubuistisi'Attamen
388 688 452 724 quia
474 689 535 716 talis
556 688 708 723 obiurgatio
733 694 788 713 non
813 685 847 713 de

62 739 201 774 iactantiae
217 745 330 765 caenoso
344 740 474 769 torrente,
492 736 538 765 sed
556 736 589 764 de
604 735 751 771 purissimo
773 734 848 762 fonte

63 784 221 811 dilectionis
237 783 366 815 manavit,
383 782 503 817 aperiam
519 781 596 809 vobis
619 780 701 815 hujus
725 779 847 815 mystcrii

65 833 211 857 secretum.
228 828 392 863 Plerumque
403 828 476 855 enim
491 835 552 855 cum
575 827 673 854 throno
687 827 724 854 illi
742 834 849 862 appro-

891 226 1061 254 exauditione
1073 224 1207 255 laetantur,
1222 222 1416 251 infirmantium
1431 222 1560 249 sanitates
1571 226 1672 249 restau-

892 275 996 303 rantur,
1007 270 1181 305 expulsiones
1204 267 1404 296 Immundorum
1428 269 1583 303 spirituum,
1599 275 1672 294 mar-

892 318 959 353 tyris
984 317 1111 344 meritum
1138 314 1327 343 testiﬁcantur.
1347 313 1407 340 llaec
1422 321 1544 345 munera,
1560 313 1672 341 Domine

892 363 973 396 Jesu,
998 367 1043 389 tua
1063 366 1144 394 sunt,
1175 361 1219 388 cui
1248 360 1450 388 consuetudinis
1473 364 1515 387 est
1541 363 1672 396 martyres

893 414 954 437 tuos
980 412 1041 445 post
1067 408 1161 436 mortis
1176 407 1287 435 exitium
1304 407 1343 434 sic
1359 405 1529 442 magniﬁcare
1549 405 1670 438 felicius;

893 455 939 491 qui
965 462 1027 482 cum
1048 453 1128 481 Patre
1149 457 1177 480 et
1201 452 1424 480 consubstantiali
1449 455 1543 479 saneto
1572 451 1672 486 Spiritu

894 501 963 529 vivis
987 504 1015 528 et
1045 506 1142 534 regnas
1166 505 1214 534 per
1243 498 1348 525 infinita
1375 497 1473 526 saecula
1504 497 1672 525 seculorum.

894 548 979 575 Amen
990 545 1038 582 (ι).

932 593 997 621 Post
1024 593 1080 620 haec
1097 591 1213 628 qualiter
1235 590 1288 618 doli
1316 590 1411 618 artifex
1441 590 1536 626 lupus,
1561 589 1611 616 hoc
1636 592 1677 615 est

896 639 995 672 Arius,
1028 638 1108 666 ovina
1139 638 1207 673 pelle
1229 640 1382 667 contectus.
1413 636 1582 663 Dominicum
1608 635 1678 662 ovile

897 685 1027 712 dilaniare
1046 684 1197 714 intraverit,
1215 683 1257 710 vel
1271 691 1324 717 quo
1343 686 1422 718 pacto
1433 681 1576 710 sacerdotii
1591 680 1678 716 digni-

897 735 979 759 tatem
991 737 1122 765 usurpare
1136 729 1258 761 valuerit,
1272 729 1345 757 brevi
1364 729 1451 756 relatu
1469 728 1607 755 insinuare
1623 731 1680 753 sat-

898 785 1019 813 agcmus.
1036 776 1068 803 Et
1091 776 1142 804 hoc
1156 784 1211 803 non
1226 776 1258 802 ad
1275 782 1369 802 eorum
1395 774 1610 809 suggillationem
1632 773 1678 807 qui

899 825 991 851 lolium
1006 822 1162 858 apostatica:
1174 821 1343 858 contagionis
1362 821 1466 848 celesti
1482 819 1630 848 ventilabro
1646 819 1680 846 ab

64 877 167 904 ximare
188 875 260 908 volo,
277 875 356 902 video
370 875 516 910 quamdam
539 874 566 901 in
591 882 624 901 eo
641 874 735 902 sedere
756 875 850 902 virtu-
865 872 885 899 Β
901 870 1021 898 Ecclesia
1032 868 1182 904 projectum
1198 867 1231 895 ad
1249 875 1340 895 aream
1354 867 1500 895 Dominice
1519 865 1616 894 messis
1639 872 1680 892 re-

65 927 116 950 tem
132 923 184 957 (ιι),
199 922 302 957 fulgore
317 921 427 949 luminis
443 921 588 948 admodum
611 921 771 948 radiantem.
788 921 849 948 Mox

65 975 128 1002 ergo
140 967 213 994 inter
229 967 358 1002 gaudium
374 970 401 993 et
412 974 538 1001 pavorem
555 974 704 1001 suspensus
714 987 721 998 ,
733 974 850 1002 agnosco

66 1021 109 1040 me
136 1017 219 1040 tanta
249 1012 381 1040 sessionis
409 1020 522 1047 prorsus
555 1012 711 1048 indignum;
738 1016 765 1040 et
797 1012 850 1040 nisi

68 1056 190 1084 scandali
218 1056 396 1083 seminarium
427 1057 528 1092 populo
552 1057 652 1085 inferre
679 1058 849 1090 titubassem,

67 1102 137 1129 haud
149 1102 262 1129 dubium
289 1102 353 1136 quin
368 1110 418 1129 nec
436 1103 486 1137 ipsi
501 1103 618 1131 scabello
632 1103 753 1131 assidere
769 1110 851 1130 ausus

68 1149 190 1177 fuissem.
219 1148 284 1176 lude
299 1152 350 1180 est,
376 1141 604 1181 charissimi'ﬁlii,
632 1148 704 1183 quod
725 1148 803 1176 vobis
824 1148 852 1175 in

69 1195 117 1222 hoc
129 1194 312 1230 pontiﬁcalem
328 1194 447 1229 regulam
464 1193 594 1221 excedere
608 1193 712 1221 videor.
733 1194 855 1221 Verum—

71 1246 158 1268 tamen
183 1240 324 1268 multoties
346 1240 456 1274 quando
479 1247 540 1268 eam
565 1245 705 1267 vacantem
737 1241 852 1276 aspicio,

70 1288 139 1316 sicut
163 1288 216 1323 ipsi
233 1291 317 1315 testes
331 1287 448 1320 adestis,
466 1296 542 1315 more
557 1288 638 1315 solito
652 1287 746 1315 sedere
762 1288 788 1315 in
809 1287 854 1315 illa

70 1343 122 1362 non
136 1334 241 1362 abnuo.
258 1333 430 1368 Quapropter
456 1333 613 1369 hujusmodi
640 1335 757 1362 scientes
777 1341 855 1361 arca-

70 1389 147 1412 num.
164 1384 193 1408 et
206 1388 257 1416 pro
271 1385 346 1408 certo
360 1384 501 1414 expertum
517 1380 658 1411 habentes.
673 1380 737 1415 quia
753 1380 775 1408 si
790 1380 854 1408 mihi

70 1425 151 1452 fuerit
166 1425 314 1456 indultum,
333 1425 433 1452 sedebo
449 1432 530 1459 super
544 1432 603 1451 eam
613 1445 621 1457 ,
645 1433 698 1452 non
714 1425 857 1461 parvipen-

70 1470 136 1498 dens
153 1470 259 1497 ordinis
274 1469 445 1504 dignitatern,
462 1470 580 1497 omittite
600 1470 656 1504 jam
682 1470 856 1505 popularibus

71 1516 185 1543 ulterius
202 1515 293 1543 favere
302 1515 549 1543 inclamationibus.
566 1516 627 1543 llaec
638 1517 765 1544 nimirum
776 1516 857 1544 Pater

901 923 998 943 vocare
1019 920 1083 943 sunt
1097 915 1154 942 ausi
1169 923 1177 948 ;
1200 914 1226 941 hi
1243 914 1314 941 enim
1329 913 1473 941 sanctitate
1492 911 1682 947 proculdubio

901 963 1021 997 insignes
1048 961 1189 992 habentur,
1210 959 1257 987 sed
1285 963 1374 987 tamen
1396 963 1472 986 tanto
1491 958 1549 985 viro
1571 957 1682 985 credere

902 1007 1127 1043 parvipendcntes
1138 1025 1145 1038 ,
1163 1005 1261 1033 divina:
1282 1005 1414 1040 jussionis
1438 1004 1580 1031 interdicta
1593 1006 1680 1030 trans-

902 1055 986 1090 gressi
1005 1058 1078 1083 sunt.
1097 1054 1164 1088 Quid
1176 1054 1259 1089 ergo?
1285 1052 1507 1088 reprehendimus
1536 1051 1603 1079 eos?
1631 1052 1680 1078 mi-

902 1102 984 1129 nime.
997 1100 1122 1134 Quandiu
1133 1101 1205 1128 enim
1221 1108 1270 1128 nos
1292 1100 1343 1126 hoc
1355 1097 1532 1133 corruptibile
1556 1101 1683 1132 aggravat

902 1155 1002 1182 corpus
1029 1150 1056 1175 et
1086 1146 1213 1182 deprimit
1244 1150 1349 1173 terrena
1382 1145 1542 1172 inbabitatio
1574 1151 1683 1172 sensum

903 1198 1003 1221 nostrae
1018 1193 1201 1224 inﬁrmitatis,
1228 1192 1306 1219 multi
1331 1191 1479 1226 cogitantes
1509 1190 1617 1217 facilius
1636 1189 1684 1216 fal-

903 1241 1007 1272 luntur,
1027 1242 1154 1274 putantes
1183 1238 1284 1273 iustum
1312 1245 1373 1265 esse
1389 1237 1461 1272 quod
1487 1240 1529 1264 est
1551 1236 1683 1270 iniquum,

904 1289 1008 1315 castum
1023 1285 1095 1320 quod
1113 1288 1154 1312 est
1169 1284 1312 1311 incestum.
1328 1283 1483 1311 Gabaonitae
1500 1282 1602 1310 caelesti
1614 1289 1688 1308 corr—

905 1331 1051 1359 minatioue
1066 1330 1174 1366 penitus
1198 1329 1316 1363 delendi,
1341 1336 1402 1356 cum
1429 1327 1502 1356 aliud
1517 1328 1645 1355 haberent
1659 1327 1688 1354 in

906 1383 987 1410 voto,
1018 1381 1045 1404 et
1070 1375 1145 1404 aliud
1171 1375 1199 1403 in
1222 1382 1289 1403 voce
1315 1374 1463 1409 habituque
1481 1372 1686 1408 praetenderent.

905 1424 996 1452 JeSum
1015 1421 1234 1458 repromissionis
1251 1426 1330 1448 terra.
1343 1419 1524 1455 iustissimum
1544 1417 1689 1445 divisorem

907 1470 1023 1498 celerius
1038 1469 1130 1496 fallere
1140 1471 1298 1504 potuerunt.
1317 1467 1400 1494 David
1417 1473 1524 1502 quoque
1540 1465 1690 1500 prophetali

908 1515 1016 1543 flamine
1035 1516 1131 1550 plenus
1151 1523 1212 1542 cum
1230 1514 1310 1541 verba
1327 1513 1481 1540 mentientis
1497 1512 1572 1546 pueri
1589 1511 1623 1547 (c)
1641 1519 1690 1538 au—

71 1562 264 1589 Ianctissimus
280 1562 344 1589 dum
361 1562 449 1589 adhuc
460 1562 561 1590 viveret
578 1562 612 1590 ad
632 1570 739 1591 sacrum
758 1564 859 1591 clerum
873 1551 896 1583 C
911 1561 1012 1593 disset;
1028 1561 1091 1588 licet
1107 1559 1287 1594 iuvestigabili
1307 1559 1435 1593 iustoque
1456 1557 1625 1592 Deijudieio,
1650 1560 1691 1582 ta—

70 1612 182 1636 coactus
197 1607 334 1643 exposuit.

106 1652 213 1680 Horum
229 1659 293 1687 ergo
310 1651 411 1679 Christi
428 1651 521 1680 ﬁdeles
542 1652 587 1687 pia
610 1651 753 1680 devotione
780 1652 862 1680 remi-

71 1698 224 1730 niscentes,
238 1697 361 1725 tulerunt
375 1697 434 1732 ejus
460 1697 676 1725 sacratissimum
694 1706 809 1733 corpus,
836 1702 863 1725 et

71 1743 221 1780 episcopali
240 1743 310 1771 solio
330 1742 507 1778 supersedere
523 1742 655 1771 fecerunt.
677 1743 762 1770 Tanta
786 1743 863 1771 deni-

72 1797 125 1824 que
141 1789 237 1816 lzetitia
256 1793 386 1824 tantaque
402 1789 548 1817 exsultatio
565 1789 673 1816 coalitus
691 1789 790 1824 populo
807 1790 864 1817 col-

73 1834 127 1861 lata
143 1839 199 1865 est,
215 1841 247 1860 ac
264 1834 287 1861 si
301 1841 360 1860 eum
381 1834 529 1860 animatum
546 1841 578 1861 ac
596 1834 729 1860 virentem
745 1834 865 1861 attende-

74 1884 146 1907 rent.
165 1879 268 1906 Deinde
290 1878 434 1907 odoriferis
458 1879 615 1907 condientes
631 1879 798 1907 aromalibus
822 1880 864 1906 in-

75 1924 197 1951 duerunt
227 1924 303 1951 illiun
333 1924 430 1951 sericis
458 1924 647 1958 indumentis;
681 1924 866 1959 unusquisque

75 1970 150 1997 enim
179 1968 254 2005 quod
284 1968 434 2003 anticipare
461 1967 572 1996 ferendo
589 1972 709 2003 poterat,
737 1968 788 1995 hoc
815 1968 867 1996 sibi

76 2015 228 2043 maximum
254 2016 358 2042 lucrum
378 2015 532 2050 deputabat.
548 2014 616 2043 Tum
642 2015 764 2042 victricia
792 2015 867 2051 signa

77 2062 184 2097 palmas
200 2066 336 2097 gerentes.
363 2062 565 2089 flammantibus
581 2062 684 2094 cereis,
703 2069 868 2096 concrepan-

80 2108 154 2135 tibus
172 2107 292 2144 hymnis,
308 2108 538 2144 ﬂagrantibusquc
563 2108 794 2144 thymiamatibus,
814 2115 870 2136 cm-

81 2155 158 2182 lestis
176 2143 298 2182 victoria:
309 2154 476 2189 triumphum
491 2143 671 2187 celebrantes,
685 2143 874 2190 deposuerunt.

81 2205 195 2228 sanctas
213 2200 354 2236 reliquias,
370 2205 397 2228 et
409 2201 573 2236 sepelierunt
595 2209 642 2229 eas
656 2202 684 2229 in
702 2201 868 2234 cmmeterio,
884 2221 906 2248 Β

81 2246 155 2281 quod
177 2245 281 2274 dudum
307 2246 341 2274 ab
363 2254 395 2274 eo
419 2245 506 2274 fuerat
529 2250 731 2280 constructum,
761 2247 807 2274 ubi
834 2254 868 2274 ex

83 2296 148 2320 tunc
173 2296 201 2320 ct
218 2300 306 2328 usque
333 2293 360 2320 in
388 2292 548 2321 hodiernum
579 2292 650 2321 diem
677 2293 870 2321 miraculorum

119 2371 160 2406 (ιι)
176 2371 299 2407 Intellige
311 2372 353 2399 vel
369 2372 457 2406 ipsum
472 2371 556 2407 Deum
572 2371 765 2407 velrangelum.

119 2405 157 2442 (ὁ)
176 2406 243 2440 Quae
269 2405 421 2441 Sequuntur
446 2407 480 2434 de
497 2406 563 2434 Ario
585 2405 729 2442 infeliciter
755 2405 873 2442 a_d_pre-

86 2440 256 2478 sbyteratum
274 2440 417 2478 assumpto
439 2449 455 2478 a
476 2449 635 2478 successore
662 2441 732 2478 Petri
759 2440 872 2478 Achilla,

86 2476 319 2539 {asturgggmnino
343 2476 378 2504 ab
397 2477 473 2504 Actis
491 2476 696 2504 Combeﬁsianis
723 2480 750 2504 et
776 2483 791 2503 a
811 2476 871 2503 cod.

110 2517 147 2540 at.
163 2517 226 2538 622.

124 2549 162 2583 (c)
175 2546 248 2575 Puto
262 2547 305 2575 vel
319 2547 495 2574 Absalomum
509 2546 550 2574 vel
567 2545 669 2579 Sibam,
687 2545 709 2573 ll
729 2545 794 2580 Reg.
818 2554 875 2578 xtv,

123 2625 130 2642 ‘
148 2625 211 2654 litt.
225 2633 267 2658 III,
279 2624 306 2652 9.
344 2625 354 2640 ¹
372 2624 387 2652 Ι
403 2623 482 2652 Joan.
500 2633 519 2658 ι,
533 2624 558 2652 8.

911 1615 973 1634 men
995 1607 1074 1641 longe
1100 1606 1171 1633 aliud
1188 1606 1242 1640 egit
1258 1612 1337 1640 quam
1352 1612 1411 1632 esse
1427 1611 1471 1631 res
1492 1603 1594 1630 habuit.
1623 1602 1692 1635 Quid

911 1653 993 1681 etiam
1011 1653 1140 1688 apostolis
1166 1651 1319 1682 sublimius,
1342 1650 1386 1686 qui
1405 1658 1434 1678 se
1459 1658 1474 1676 a
1498 1653 1590 1676 nostra
1607 1649 1692 1675 imbe-

913 1697 1024 1724 cillitate
1037 1700 1211 1731 sequestrare
1234 1694 1416 1722 uulaverunt?
1434 1692 1500 1720 Nam
1514 1701 1586 1720 unus
1600 1700 1693 1720 eorum

913 1742 1043 1770 describit
1069 1751 1076 1769 :
1102 1741 1135 1768 In
1156 1741 1246 1767 multis
1272 1739 1426 1775 o/fendimus
1456 1746 1541 1765 omnes
1572 1738 1591 1764 ¹.
1621 1737 1694 1765 Alter

915 1796 1039 1823 quoque:
1056 1787 1086 1815 Si
1107 1787 1263 1819 dixerimus,
1285 1785 1382 1821 inquit,
1405 1785 1468 1821 quia
1487 1789 1619 1819 peccatum
1644 1791 1695 1810 non

914 1835 1049 1866 habemus,
1066 1834 1115 1868 ipsi
1130 1842 1176 1861 nos
1192 1832 1340 1860 seducimus
1365 1835 1390 1858 et
1405 1831 1499 1858 veritus
1513 1831 1539 1857 in
1553 1829 1626 1857 nobis
1645 1838 1696 1856 non

915 1885 953 1906 est
968 1880 989 1906 ¹.
1009 1877 1060 1906 Sed
1081 1886 1142 1905 cum
1159 1878 1255 1905 horum
1271 1884 1322 1904 nos
1340 1876 1462 1911 pccnitet,
1488 1879 1564 1902 tanto
1590 1874 1697 1901 facilius

916 1925 1022 1953 veniam
1048 1931 1246 1960 promeremur,
1272 1922 1380 1958 quando
1404 1930 1459 1950 non
1483 1921 1621 1948 voluntate
1650 1919 1697 1947 sed

918 1972 1070 2008 ignorantia
1084 1972 1126 1999 vel
1145 1970 1291 2005 fragilitate
1309 1969 1491 2005 peccavimus.
1507 1968 1539 1994 Et
1554 1971 1627 1995 certe
1648 1967 1697 1994 bu-

916 2019 1035 2054 jusmodi
1049 2017 1150 2045 oﬁ‘ensa
1165 2026 1218 2045 non
1230 2017 1262 2045 de
1275 2015 1504 2052 praevaricationis
1519 2014 1614 2041 affectu
1624 2033 1631 2045 ,
1652 2013 1699 2041 sed

918 2065 951 2094 de
966 2064 1162 2099 compassiouis
1174 2063 1339 2099 indulgentia
1351 2062 1491 2097 processit.
1507 2059 1638 2088 Caeterqu
1653 2067 1700 2086 su-

919 2119 967 2146 per
994 2110 1037 2138 his
1066 2110 1261 2145 apologeticum
1293 2108 1446 2136 describere
1476 2107 1537 2134 aliis
1571 2105 1702 2140 relinqui-

920 2165 981 2184 mus
993 2156 1046 2192 (d);
1067 2164 1117 2184 nos
1129 2160 1217 2183 autem
1231 2155 1304 2190 quod
1321 2155 1403 2182 instat
1417 2161 1538 2189 agamus.
1554 2152 1700 2187 Postquam

921 2202 1004 2237 igitur
1021 2201 1181 2237 magniﬁcus
1206 2204 1389 2237 propugnator
1403 2198 1510 2231 Petrus,
1527 2197 1635 2225 nomine
1652 2203 1701 2223 suo

920 2247 1028 2282 dignus,
1043 2254 1088 2281 per
1099 2246 1220 2282 martyrii
1231 2244 1442 2280 triumphum...

1148 2291 1259 2327 Reliqua
1284 2289 1475 2318 desiderantur.

922 2370 971 2402 55;
984 2377 1038 2401 xvr.
1052 2370 1079 2397 5.

959 2399 998 2440 (ά)
1011 2399 1126 2432 Pulchra
1155 2403 1384 2440 saneidefensio;
1398 2409 1429 2430 ex
1445 2409 1497 2436 qua
1519 2401 1600 2440 etiam
1618 2399 1704 2440 conji-

924 2434 978 2472 οἱὸ.
989 2434 1113 2467 'Graecum
1132 2439 1205 2466 Petri
1228 2434 1408 2474 biographum
1421 2434 1514 2474 prope
1528 2435 1648 2474 abfuisse
1670 2434 1705 2461 ab

925 2475 1047 2509 ejusdem
1064 2475 1241 2509 temporibus,
1255 2471 1473 2510 quandoquidem
1495 2471 1581 2507 ipsius
1595 2476 1706 2510 succes-

927 2504 993 2543 sori,
1010 2510 1088 2545 quasi
1101 2504 1188 2537 adhuc
1210 2504 1325 2538 recentis
1344 2504 1489 2541 memoriae,
1506 2504 1568 2533 'tam
1585 2504 1706 2532 studiose

927 2546 1123 2580 patrocinatur.
