1909 3069
226 115 275 143 ιω
739 116 767 145 S.
786 116 886 144 PETRI
906 117 1139 146 ALEXANDHINI
1155 119 1308 148 EPISCOPI

1791 120 1844 147 168

231 206 1842 228 W

649 323 1035 417 SANCTI
1079 330 1404 418 PETRI

437 494 709 542 EPISCOPI
746 459 1164 542 ALEXAN'DRINI
1203 498 1280 544 ΕΤ
1314 496 1625 544 MARTYRIS

649 613 997 671 EPISTOLA
1044 614 1435 690 CANONICA,

446 735 602 767 Theodori
628 735 828 767 Balsamom‘s
844 740 874 767 et
893 737 1026 768 Joannis
1043 738 1175 769 Zonarw
1189 739 1420 770 commentariis
1436 739 1611 772 illustrata.

253 817 298 850 (S.
310 817 382 842 Petri
392 817 552 842 Alexandrini
563 817 674 855 Canones
688 818 910 855 post‘Gallandlum
922 817 1001 855 edidit
1013 818 1251 855 ‘Ang._Mai._Spicil.
1270 821 1338 855 110m.
1355 827 1397 855 χιι,
1414 821 1470 855 448,
1481 835 1512 840 —
1522 822 1559 847 Ex
1571 824 1646 848 vanis
1661 824 1815 851 lectionibus

604 849 713 878 potiores
724 849 877 880 admisimus;
891 849 1002 880 reliquas
1013 849 1092 876 textui
1105 849 1261 882 subjec'imus.
1275 853 1342 877 Eol'r.
1354 849 1474 884 Phaon.)

222 998 335 1029 BEATI
369 997 480 1025 PETRI
511 998 806 1027 ARCHIEPISCOPI
839 999 1025 1031 ΑιΕΧΑΝη

1058 1002 1118 1028 ΊὉΥ
1144 1003 1330 1029 ΜΑΚΑΡῘΟΥ
1353 1004 1654 1031 ΑΡΧΙΕΠΙΣΚΟΠΟΥ
1678 1006 1844 1033 ΑΛΕΞΑΝ-

256 1033 365 1068 ΙᾸΒΙΝΙ
402 1033 449 1060 ΕΤ
484 1033 672 1061 MARTYRIS
706 1034 902 1064 CANONES.
937 1035 1002 1068 QUI

258 1065 456 1095 FERUNTUR
478 1068 521 1096 IN
540 1069 724 1098 sanam”:
747 1069 837 1099 EJUS
859 1070 906 1097 DE
925 1065 1006 1098 PUE-

256 1103 454 1133 NITENTIA.

536 1197 650 1225 CANON
663 1198 684 1226 l.

258 1253 267 1269 ι
290 1243 424 1277 Quoniam
440 1248 530 1271 autem
553 1249 681 1279 quartum
709 1245 813 1273 Pascha
836 1246 1005 1281 persecutio-

164 1323 166 1325 η
221 1298 230 1315 ι
255 1297 315 1316 nem
329 1290 384 1323 jam
399 1290 586 1325 apprehendit,
605 1290 672 1318 satis
688 1295 729 1319 est
754 1292 783 1318 in
805 1292 839 1319 iis
860 1292 908 1327 qui
921 1291 1002 1319 delati

221 1344 231 1360 ‹
256 1335 364 1369 quidem
381 1336 481 1363 suntin
491 1336 698 1371 custodiamque
714 1339 840 1373 conjecti.
855 1342 1003 1366 tormenta-

223 1390 232 1405 ‹
255 1388 308 1415 que
338 1388 391 1407 non
408 1381 570 1415 suil'erenda,
586 1387 614 1410 et
636 1383 816 1411 intolerabilia
847 1383 949 1419 ﬂagella
977 1389 1003 1412 et

222 1435 231 1450 ι
257 1426 354 1454 multas
377 1427 444 1454 alias
471 1435 568 1462 graves
594 1429 772 1457 necessitates
800 1431 1001 1463 sustinuerunt,

222 1481 231 1497 ι
257 1478 348 1507 postea
363 1477 452 1500 autem
469 1478 533 1501 sunt
547 1482 563 1501 a
582 1476 674 1502 carnis
689 1475 875 1503 imbecillitate
890 1476 1000 1513 proditi,

222 1528 232 1546 ι
253 1519 362 1547 etiamsi
379 1527 433 1547 non
447 1520 481 1547 ab
496 1520 573 1548 initio
588 1521 708 1556 suscepti
733 1525 797 1549 sunt
820 1527 930 1558 propter
941 1531 1002 1558 gra-

219 1573 232 1595 C
253 1573 312 1593 vem
330 1565 435 1601 lapsum
464 1571 641 1595 consecutum
659 1576 665 1593 :
680 1571 771 1594 tamen
795 1568 858 1603 quia
886 1569 1001 1596 multum

223 1621 233 1636 ι
257 1611 431 1639 decertarunt
442 1615 469 1639 et
485 1612 531 1639 diu
547 1612 705 1639 restiterunt
720 1622 726 1640 :
743 1621 798 1640 non
817 1614 889 1641 enim
906 1619 1002 1649 sponte

223 1666 232 1682 ι
256 1657 289 1684 ad
306 1665 338 1684 ea
348 1657 526 1689 devenerunt,
545 1658 592 1685 sed
606 1665 620 1685 a
634 1659 724 1686 carnis
739 1658 926 1688 imbecillitate
938 1668 1002 1695 pro-

222 1713 231 1728 ι
253 1703 301 1730 diti
315 1713 322 1731 :
336 1711 399 1730 nam
426 1707 453 1730 et
474 1704 601 1738 stigmata
620 1703 685 1732 Iesu
709 1704 737 1732 in
762 1705 820 1733 suis
841 1706 1002 1740 corporibus

220 1758 230 1775 ι
253 1754 399 1780 ostentant.
415 1754 441 1777 et
465 1750 589 1777 nonnulli
611 1758 683 1778 anno
703 1751 760 1785 jam
782 1752 862 1779 tertio
878 1752 974 1779 deﬂent
993 1763 1000 1780 :

221 1803 230 1819 ι
254 1796 294 1823 eis
307 1795 341 1822 ab
359 1795 477 1823 adventu
493 1804 540 1832 per
566 1797 766 1824 revocationem
790 1798 817 1825 in
841 1799 1000 1826 memoriam

220 1849 231 1866 ο
255 1841 301 1868 alii
317 1842 498 1878 quadraginta
513 1843 571 1870 dies
588 1843 776 1879 injungantur,
793 1852 862 1879 quos
876 1853 937 1872 cum
955 1846 998 1880 ,ἰο-

219 1895 229 1913 ι
250 1888 374 1922 jnnasset
387 1887 517 1917 Dominus
532 1893 559 1916 et
574 1888 704 1917 Servator
718 1894 811 1918 noster
826 1890 906 1919 Jesus
919 1891 1000 1919 Chri-

219 1942 229 1960 α
253 1937 322 1965 stus,
334 1937 477 1969 postquam
494 1935 648 1970 baptizatus
668 1936 767 1969 fuerat,
785 1941 906 1965 tentatus
922 1941 964 1965 est
983 1945 998 1964 a

219 1989 229 2006 c
252 1979 370 2007 diabolo.
388 1980 415 2007 ln
433 1981 533 2015 quibus
548 1985 574 2009 et
598 1982 648 2016 ipsi
673 1990 735 2009 cum
758 1982 837 2011 valde
858 1983 999 2012 exercitati

219 2034 228 2049 ι
253 2024 362 2056 fuerint,
380 2029 407 2052 et
423 2027 787 2062 constantiusjejunaverint
802 2038 807 2055 :
822 2028 951 2063 deinceps
970 2029 996 2056 in

218 2077 228 2093 ‹
250 2070 419 2097 orationibus
438 2071 772 2106 vigilabuntnneditanles
797 2074 869 2110 quod
895 2074 997 2102 dictum

217 2123 227 2140 ‹
249 2120 291 2142 est
304 2123 319 2142 a
332 2115 446 2143 Domino
460 2117 492 2144 ad
509 2125 569 2145 eum
591 2118 636 2154 qui
655 2119 728 2146 illum
740 2124 833 2151 tentat,
850 2123 880 2146 ut
908 2120 997 2155 ipsum

217 2169 226 2186 ι
250 2161 344 2190 adoret
358 2171 364 2188 :
378 2161 427 2189 Abi
456 2170 531 2197 pone,
554 2163 655 2191 Satana
675 2173 684 2193 :
703 2166 829 2200 scriptum
852 2171 890 2193 est
915 2167 1001 2194 enim:

217 2217 226 2231 ε
251 2207 391 2234 Dominum
408 2214 481 2235 tuum
497 2210 632 2243 adorabis,
651 2216 674 2238 el
691 2211 732 2238 illi
743 2211 794 2238 noli
806 2212 900 2238 servies
918 2218 941 2238 ι.
967 2222 976 2238 ι

1088 1038 1223 1063 ΔΡΕΙΑΣ
1233 1038 1377 1069 ΠΕΤΡΟΥ,
1385 1039 1452 1066 ΚΑΙ
1460 1040 1662 1071 ΜΑΡΤΥΡΟΣ,
1672 1041 1846 1068 ΚΑΝΟΝΕΣ

1085 1071 1352 1109 ΕΜΦΕΡΟΜΕΝΟΙ
1373 1074 1424 1100 ΕΝ
1448 1075 1489 1109 Τῼ
1515 1076 1604 1102 ΠΕΡΙ
1627 1075 1845 1104 ΜΕΤΑΝΟΙΑΣ

1087 1109 1110 1133 Α
1119 1108 1184 1134 ΥΤο
1191 1108 1213 1133 Υ
1229 1110 1251 1135 Α
1258 1109 1338 1143 om.

1367 1199 1487 1226 ΚΑΝΩΝ
1501 1200 1540 1226 Α¹.

1090 1253 1099 1269 ι
1115 1244 1182 1270 Επεὶ
1199 1244 1288 1271 τοίνυν
1306 1244 1435 1281 τέταρτον
1456 1245 1506 1281 ἤδη
1533 1245 1627 1281 Πάσχα
1648 1245 1842 1281 ἐπικατείληφε

1056 1299 1064 1314 ι
1083 1290 1128 1316 τὸν
1138 1289 1267 1325 διωγμὸν,
1277 1291 1420 1327 αὐτάρκως
1428 1291 1483 1326 ἔχει
1493 1292 1549 1323 τοῖς
1564 1291 1612 1326 μὲν
1625 1291 1842 1328 προσενεχθείσι,

1055 1346 1064 1362 ‹
1085 1337 1133 1364 καὶ
1150 1337 1348 1372 φυλακισοεῖσι,
1366 1338 1497 1373 βασάνους
1512 1347 1541 1364 τε
1562 1339 1740 1369 ἀνυποίστους
1753 1339 1760 1353 ¹
1777 1338 1843 1364 ὑπο-

1056 1392 1064 1408 l
1088 1383 1264 1419 μεμενηκόσι,
1283 1384 1330 1410 καὶ
1344 1385 1497 1420 ἀφορήτους
1513 1385 1658 1420 μάστιγας,
1676 1384 1724 1411 καὶ
1741 1384 1842 1415 πολλὰς

1055 1438 1064 1454 ι
1082 1429 1175 1465 ἑτέρας
1191 1430 1313 1464 ἀνάγκας
1329 1424 1427 1462 δεινάς,
1443 1430 1555 1466 ὕστερον
1566 1431 1594 1457 δὲ
1607 1430 1812 1466 προδεδομένοις
1822 1431 1842 1445 ¹⁹

1055 1485 1064 1501 ι
1085 1475 1137 1502 ὑπὸ
1158 1475 1207 1510 τῆς
1225 1476 1366 1507 ἀσθενείας
1387 1476 1437 1511 τῆς
1453 1477 1564 1511 σαρκὸς,
1586 1477 1610 1502 εἰ
1631 1476 1729 1512 καὶμὴ
1746 1476 1843 1513 ἐξάρ-

1055 1531 1064 1547 ι
1084 1522 1134 1557 χῆς
1152 1522 1356 1558 παρεδέχθησαν
1372 1523 1415 1549 διὰ
1439 1522 1487 1558 τὴν
1498 1522 1775 1558 παρακολουθήσασαν
1792 1532 1843 1558 με-

1055 1574 1064 1591 (
1084 1566 1180 1600 γίστην
1207 1566 1320 1598 πτῶσιν,
1349 1567 1424 1602 ὅμως
1439 1567 1483 1593 διὰ
1502 1567 1532 1593 τὸ
1546 1567 1628 1594 πολλὰ
1646 1568 1745 1599 αὐτοὺς
1758 1568 1843 1607 ἠθλη-

1055 1621 1064 1637 ‹
1085 1612 1160 1639 κέναι
1175 1612 1221 1638 καὶ
1235 1613 1281 1639 ἐπὶ
1293 1613 1359 1639 πολὺ
1373 1613 1605 1649 ὰντιμαχέσασοαι
1619 1615 1629 1629 ³
1648 1614 1687 1649 (οὺ
1702 1613 1756 1650 γὰρ
1770 1615 1843 1641 κατὰ

1055 1667 1064 1683 ι
1086 1659 1244 1694 προαίρεσιν
1264 1659 1293 1685 ὲν
1317 1659 1402 1694 τούτῳ
1424 1659 1595 1695 ἐληλύθασιν,
1618 1659 1686 1686 ἀλλὰ
1699 1669 1840 1696 καταπρο-

1054 1713 1063 1729 ‹
1082 1703 1202 1738 δοθέντες
1217 1704 1269 1731 ὑπὸ
1278 1705 1327 1740 τῆς
1341 1698 1482 1736 ἀσθενείας
1494 1705 1542 1740 τῆς
1555 1705 1676 1740 σαρκὸς),
1688 1705 1781 1740 ἐπειδὴ
1793 1707 1842 1732 καὶ

1053 1760 1062 1775 ι
1084 1750 1220 1785 στίγματα
1234 1750 1280 1777 τοῦ
1303 1750 1390 1787 Ἰησοῦ
1408 1751 1586 1778 ἐνδείκνυνται
1601 1753 1627 1778 ὲν
1649 1753 1705 1783 τοῖς
1717 1751 1843 1786 σώμασιν

1053 1806 1061 1822 ι
1081 1796 1184 1824 ἑαυτῶν
1195 1798 1227 1830 ³⁸,
1237 1797 1284 1823 καὶ
1295 1797 1344 1833 ἤδη
1353 1796 1425 1828 τινὲς
1433 1796 1521 1832 τρίτον
1532 1797 1590 1828 ἔτος
1602 1796 1692 1832 ἔχουσι
1705 1805 1843 1823 καταπεν-

1053 1852 1062 1867 σ
1082 1843 1189 1874 θοῦντες
1200 1851 1206 1857 -
1233 1843 1496 1882 προσεπιτιμηθῆναι
1511 1844 1601 1875 αὐτοῖς
1618 1843 1670 1870 ἀπὸ
1690 1843 1741 1878 τῆς
1758 1852 1843 1879 προσ-

1052 1899 1062 1914 (
1080 1888 1212 1920 ελεύσεως
1240 1889 1300 1916 καθ’
1332 1889 1484 1925 ὑπόμνησιν
1519 1889 1601 1921 ἄλλας
1636 1889 1842 1924 τεσσαράκοντα

1053 1946 1061 1961 ι
1082 1935 1197 1972 ἡμέρας.
1212 1935 1255 1968 ἃς,
1268 1936 1368 1972 καίπερ
1380 1935 1529 1972 νηστεύσας
1544 1937 1558 1962 ὁ
1572 1936 1673 1972 Κύριος
1685 1936 1732 1961 καὶ
1744 1935 1841 1971 Σωτὴρ

1052 1991 1061 2007 ε
1082 1981 1160 2016 ἡμῶν
1189 1980 1293 2016 Ἰησοῦς
1319 1980 1450 2016 Χριστὸς,
1488 1979 1556 2015 μετὰ
1580 1981 1610 2006 τὸ
1638 1979 1839 2017 βαπτισθῆναι,

1053 2037 1061 2053 ι
1081 2027 1230 2062 ὲπειράσθη
1254 2026 1306 2053 ὑπὸ
1331 2026 1377 2052 τοῦ
1400 2026 1522 2056 διαϐόλου
1536 2034 1542 2040 -
1576 2026 1615 2057 εἰς
1635 2025 1668 2057 ἃς
1694 2025 1741 2052 καὶ
1762 2025 1840 2051 αὐτοὶ

1053 2085 1061 2100 ι
1081 2074 1150 2100 κατὰ.
1163 2073 1193 2100 τὸ
1207 2073 1334 2108 περισσὸν
1347 2072 1600 2108 διαγυμναεθέντες,
1612 2071 1792 2107 εὐτονώτερόν
1807 2072 1839 2086 ¹·”

1053 2130 1063 2146 ‹
1081 2129 1112 2147 τε
1137 2120 1281 2156 νήψαντες,
1302 2120 1521 2155 γρηγορήσουσιν
1552 2120 1592 2150 εἰς
1618 2118 1772 2155 προσευχὰς
1792 2117 1839 2144 τοῦ

1053 2176 1063 2193 ε
1080 2166 1185 2198 λοιποῦ,
1197 2164 1435 2201 καταμελετῶντες
1449 2164 1480 2191 τὸ
1493 2164 1653 2200 λελεγμένον
1666 2165 1711 2180 ""
1725 2164 1778 2190 ὑπὸ
1792 2164 1839 2190 τοῦ

1053 2221 1062 2236 ‹
1081 2211 1182 2247 Κυρίου
1197 2210 1265 2246 πρὸς
1275 2210 1320 2236 τὸν
1330 2208 1493 2244 πειράζοντα
1506 2210 1596 2240 αὑτὸν,
1609 2209 1650 2236 ἵνα
1661 2211 1838 2246 προσκυνήσῃ

215 2265 226 2282 ι
243 2255 332 2291 αὐτῷ·
354 2256 462 2292 Ὕπαγε
483 2258 578 2289 ὀπίσω
602 2268 673 2294 μου,
688 2259 819 2290 Σατανῶ
842 2259 1001 2294 τέπραπται
1029 2259 1094 2297 γὰρ,
1116 2259 1226 2293 Κύριον
1258 2257 1312 2284 τὸν
1335 2257 1408 2284 Θεόν
1434 2265 1492 2284 σου
1521 2257 1756 2293 προσκυνήσεις,
1791 2257 1838 2284 καὶ

217 2312 226 2330 ι
246 2303 326 2336 αὑτῲ
338 2304 420 2338 μόνῳ
433 2306 619 2340 λατρεύσεις.
638 2317 647 2332 ι

249 2351 329 2380 ΒΑιε.
342 2352 494 2382 Praasenles
509 2362 630 2382 canones
640 2359 760 2383 tractant
773 2356 807 2384 de
821 2356 855 2385 iis
872 2357 917 2391 qui
932 2363 995 2391 pro-
1009 2359 1025 2387 C

1081 2355 1179 2382 ΒΑΛΣ.
1196 2354 1228 2381 Οἱ
1243 2354 1376 2388 παρόντες
1392 2353 1502 2385 κανόνες
1518 2354 1583 2388 περὶ
1598 2353 1652 2380 τῶν
1667 2353 1696 2379 ὲν
1708 2353 1837 2389 διωγμοῖς

213 2396 301 2432 priam
319 2397 397 2426 [idem
413 2399 440 2426 in
454 2401 691 2434 persecutionibus
709 2407 888 2437 negaverunt,
899 2405 926 2429 et
936 2409 996 2436 pte-

214 2442 355 2483 nitentiam
367 2451 491 2479 egerunt.
509 2445 541 2472 Et
555 2447 633 2481 jubet
651 2447 760 2482 quidem
777 2447 882 2482 primus
897 2455 995 2480 canon,

211 2488 253 2517 eis
276 2489 324 2524 qui
345 2494 407 2525 post
430 2492 515 2521 multa
532 2497 666 2520 tormenta
680 2493 880 2525 sacriﬁcarunt.
896 2497 926 2520 ut
949 2494 997 2528 qui

213 2539 325 2569 propter
343 2536 554 2565 imbecillitatem
580 2547 754 2574 perseverare
773 2548 828 2568 non
848 2541 995 2575 potuerint.

213 2583 239 2609 et
251 2580 278 2606 in
291 2581 451 2615 pmnitentia
467 2588 522 2611 tres
537 2592 625 2612 annos
639 2586 832 2621 transegerint,
848 2587 916 2615 alios
929 2595 996 2622 quo-

215 2633 266 2660 que
279 2626 459 2662 quadraginta
484 2629 542 2657 dies
564 2630 679 2666 injungi,
695 2635 722 2659 et
733 2631 773 2659 sic
794 2632 910 2659 admitti.
928 2632 995 2659 Nota

215 2677 365 2708 pmsentes
373 2681 505 2708 canones,
527 2676 574 2711 qui
590 2677 664 2708 varia
681 2677 804 2713 quadam
820 2682 846 2706 et
861 2678 936 2705 utilia
950 2679 997 2706 dc<

268 2756 280 2770 ι
293 2749 389 2779 Matth.
403 2759 440 2784 Iv,
458 2751 503 2780 10.

1048 2400 1245 2437 ἀρνησαμένων
1271 2400 1324 2434 τὴν
1342 2399 1446 2426 οἰκείαν
1470 2399 1570 2431 πίστιν,
1584 2399 1632 2426 καὶ
1656 2399 1837 2434 μετανοησάνς

1047 2456 1111 2479 των,
1137 2445 1358 2485 διαλαμϐάνουσι.
1386 2446 1442 2472 Καὶ
1472 2445 1571 2472 αὐτίκα
1587 2445 1722 2481 όπρῶτος
1748 2444 1837 2471 κανὼν

1048 2492 1243 2524 διακελεύεται,
1259 2491 1321 2523 τοὺς
1338 2491 1472 2523 θύσαντας
1487 2491 1555 2527 μετὰ
1580 2491 1711 2526 βασάνους
1726 2491 1836 2523 πολλὰς,

1048 2539 1086 2570 ὡς
1117 2539 1154 2574 μὴ
1173 2537 1335 2573 δυνηθέντας
1348 2537 1391 2564 διὰ
1406 2537 1548 2564 ἀσθένειαν
1567 2537 1782 2572 ἐγκαρτερῆσαι,
1792 2537 1834 2563 καὶ

1048 2585 1258 2617 διαὸιϐάσαντας
1278 2586 1342 2622 τρία
1363 2585 1409 2620 ἐτη
1423 2585 1451 2611 ἐν
1466 2585 1499 2620 τῇ
1524 2584 1662 2620 μετανοίᾳ,
1678 2591 1832 2619 προσεπιτι-

1051 2631 1168 2668 μηθῆναι
1185 2632 1230 2658 καὶ
1243 2631 1338 2668 ἑτέρας
1358 2630 1561 2666 τεσσαράκοντα
1574 2630 1689 2665 ἡμέρας,
1706 2629 1753 2655 καὶ
1766 2628 1836 2655 οὓτω

1051 2677 1185 2713 δεχθῆναι.
1201 2678 1237 2713 Ση
1243 2678 1356 2713 μείωσαι
1370 2677 1432 2708 τοὺς
1447 2676 1583 2712 παρόντας
1595 2676 1710 2707 κανόνας
1723 2674 1834 2712 διορίζον

854 2810 971 2837 VARI/13
989 2809 1189 2839 LECTlONES.

266 2871 277 2891 ⁸
293 2871 468 2908 ἀνηκέστους.

509 2874 528 2889 ¹¹
547 2875 759 2910 προδιδομένοις.
793 2879 805 2894 ¹
817 2878 1022 2914 ἁντιμάχεσθαι.
1061 2880 1081 2895 ¹”
1096 2879 1194 2907 αὐτῶν.
1234 2880 1266 2895 ²·⁴
1284 2877 1468 2914 ἐντονώτερον.
1503 2878 1549 2894 "“
1565 2877 1720 2913 λεγόμενον.
