1909 3069
70 74 127 102 669

696 74 864 104 EPISTOLA
884 74 1069 103 CANONICA.

1657 79 1710 107 I70

73 130 181 167 μένους
204 129 323 165 διάφορά
340 138 402 157 τινα
415 131 461 157 καὶ
472 130 617 164 ἀναγκαῖα,
629 130 708 171 χάριν
725 130 779 157 τῶν
791 131 870 167 ἀρνη-

929 130 1026 158 ﬁniunt
1039 131 1067 157 in
1082 130 1196 166 gratiam
1208 138 1303 159 eorum
1321 132 1368 167 qui
1393 131 1478 160 Deum
1492 133 1673 169 abnegarunt,
1682 139 1710 163 et

74 177 181 204 σιθέων
194 175 350 212 ζητούντων
374 176 528 212 μετάνοιαν,
546 176 593 203 καὶ
613 177 676 212 περὶ
691 176 743 203 τῶν
759 177 874 213 αὐτομο-

73 223 225 258 λησάντων
248 223 289 253 εἰς
316 222 347 248 τὸ
365 222 513 259 μαρτύριον
527 223 573 249 καὶ
590 223 815 254 ἐκπεπτωκότων,
829 223 875 250 καὶ

74 267 164 296 πάλιν
188 268 416 304 ὁμολογησάντων
444 268 492 304 τὴν
518 268 618 300 πίστιν,
637 269 766 304 καὶπερὶ
787 268 874 296 ἄλλων

73 313 164 340 τινῶν
194 312 335 339 τοιούτων.
362 313 442 347 Ζήτει
458 312 614 346 ἀναγκαίως
627 313 674 340 καί
691 314 752 345 τοὺς
767 313 874 345 πλείους

73 360 199 392 κανόνας
211 360 264 394 τῆς
276 361 305 386 ὲν
328 359 450 395 Ἀγκύρᾳ
464 359 583 387 συνόδου.

112 406 243 433 ΖΩΝΔΡ.
267 406 418 441 Διαιρέσεις
438 407 582 433 ποιεῖταιό
601 407 677 442 ἆγιος
695 402 771 439 οὗτος
781 407 874 442 Πατὴρ

74 453 132 480 τῶν
150 454 180 480 ὲν
211 452 341 488 διωγμοῖς
365 453 562 488 ἀρνησαμένων
586 453 636 489 τὴν
661 453 752 480 πίστιν
767 455 816 488 τὴν
836 454 875 480 ol-

75 499 171 531 πείαν,
188 499 236 526 καί
259 507 351 534 φησιν,
366 499 407 526 ὅτι
428 501 484 531 τοῖς
499 498 605 534 ἀχθεῖσι
624 499 692 534 πρὸς
703 500 765 531 τοὺς
776 500 874 535 τυράν-

76 554 154 578 νους,
169 547 218 572 καὶ
230 546 270 577 εἰς
282 545 405 582 φυλακὴν
420 545 588 582 ὲμὸληθεῖσι,
599 545 728 581 βασάνους
740 555 769 573 τε
780 546 875 582 ἀνηκέ-

78 599 160 623 στους
171 591 405 627 ὑπομεμενηκόσι,
418 591 466 618 καὶ
481 592 650 627 ἀφρονήτους
662 591 693 627 (f.
711 592 874 628 ἀφορήτους)

77 637 231 673 μάστιγας,
239 637 286 663 καὶ
299 637 389 672 σχεδὸν
398 637 523 668 ἀνιάτους
534 637 581 664 καὶ
589 637 636 664 ἀθε
641 638 789 673 ραπεύτους
800 637 874 673 (ἄκος

76 683 134 719 γὰρ
149 684 165 719 ἡ
178 682 312 718 θεραπεία
325 683 394 714 ἐστὶ,
406 682 452 709 καὶ
466 683 612 717 ἀνήκεστον
622 683 653 709 τὸ
668 683 873 719 ἀθεράπευτον),

76 731 126 757 καὶ
135 730 221 761 ἄλλας
231 729 362 764 ἀνάγκας,
372 729 419 755 καὶ
431 729 501 764 μετά
512 729 596 756 ταῦτα
611 729 765 764 ὑποκύψασι
776 730 821 756 καὶ
832 729 875 756 θύ-

79 784 170 806 σασιν,
184 775 223 807 ὡς
242 775 294 802 ὑπὸ
309 775 358 811 τῆς
371 774 511 806 ἀσθενείας
523 775 572 810 τῆς
587 775 686 811 σαρκὸς
709 775 873 812 προδοθεῖσι,

925 177 1112 212 paenitentiam
1123 181 1229 212 petunt,
1244 182 1272 206 et
1283 178 1316 206 de
1331 179 1364 206 iis
1380 180 1426 215 qui
1442 179 1476 207 ad
1492 181 1650 216 martyrium
1669 182 1710 209 ul-

925 228 966 251 tro
983 224 1157 258 advolarunt,
1174 229 1201 252 et
1215 226 1286 261 lapsi
1305 231 1380 260 sunt,
1396 231 1423 255 et
1437 235 1534 255 rursus
1549 228 1628 256 ﬁdem
1644 234 1710 256 sunt

924 269 1093 302 confessi,ct
1110 270 1144 298 de
1169 270 1231 298 aliis
1257 272 1418 306 quibusdam
1441 273 1586 308 ejusmodi.
1614 274 1710 308 Quaere

925 317 1006 344 etiam
1022 324 1077 344 non
1097 317 1201 353 absque
1216 317 1306 345 fructu
1322 319 1454 354 plurimos
1471 327 1589 349 canones
1610 322 1709 357 synodi

925 362 1088 398 Ancyranaa.

961 408 1062 436 Zouaa.
1080 409 1154 437 lnter
1165 418 1212 438 eos
1221 411 1267 445 qui
1282 410 1446 439 turbulentis
1460 412 1627 447 temporibus
1646 421 1710 448 pro—

924 455 1012 490 priam
1030 454 1107 482 ﬁdem
1123 456 1302 490 abnegarunt,
1313 456 1459 484 discrimen
1471 461 1583 485 sanctus
1596 459 1640 485 hic
1657 458 1710 486 Pa-

925 506 967 529 ter
987 501 1093 532 statuit,
1116 502 1218 537 aitque,
1234 502 1281 537 qui
1298 502 1331 529 ad
1347 506 1478 538 tyrannos
1498 504 1538 530 rei
1559 504 1613 531 acti
1634 511 1708 538 sunt,

925 555 957 575 ac
969 548 998 575 in
1012 547 1122 575 vincula
1140 548 1267 582 conjecti,
1286 552 1474 584 tormentaque
1491 550 1652 584 gravissima
1662 551 1710 578 ﬂa-

925 594 1049 630 gellaque
1067 594 1138 621 haud
1156 595 1319 626 tolerabilia,
1336 603 1450 631 qumque
1468 596 1541 623 nulla
1564 605 1709 633 propemo-

925 639 989 666 dum
1005 646 1082 671 cura,
1098 644 1145 665 aut
1159 639 1293 666 medicina
1310 640 1400 667 sanari
1418 644 1530 675 possent
1545 640 1620 676 (ἄκος
1634 649 1712 668 nam-

924 693 978 721 que
998 686 1161 712 curationem
1182 684 1334 720 signiﬁcat,
1358 689 1454 721 estque
1472 687 1620 721 ἀνήκεστον
1639 687 1710 715 idem

924 731 997 766 quod
1008 730 1222 765 immedicabile),
1238 731 1360 766 aliasque
1375 733 1555 760 necessitates
1572 733 1710 761 sustinue-

925 780 1008 809 runt;
1027 783 1058 802 ac
1073 779 1166 811 postea
1181 776 1392 804 succumbentes
1410 777 1596 810 immolarunt,
1614 779 1710 805 veluta

81 822 118 858 μὴ
144 822 308 857 δυνηθείσης
331 822 412 857 μέχρι
432 821 525 853 τέλους
539 822 740 858 ἐγκαρτερῆσαι
753 825 808 855 τοῖς
825 823 870 849 ἀλ-

925 822 1015 850 carnis
1036 821 1221 849 imbecillitate
1243 821 1355 857 proditi,
1378 830 1438 858 quae
1458 823 1491 850 ad
1519 823 1598 851 ﬁnem
1624 832 1710 859 usque

78 870 190 902 γεινοῑς,
207 868 311 904 ἀρκεῖό
327 867 468 902 παρελθὼν
484 867 578 904 χρόνος
589 869 628 900 εἰς
641 868 811 904 ἐπιτίμησιν.
824 869 874 895 Τέ-

80 921 180 948 ταρτον
195 913 250 949 γάρ
262 921 342 949 φησιν
357 913 408 948 ἤδη
432 913 526 948 Πάσχα
541 914 751 950 ὲπικατείληφεν
761 935 768 947 ,
779 915 870 948 ὲξότου

80 959 244 986 τεπτώκσσι
265 959 314 995 τὴν
341 959 470 995 μεγίστην
497 959 610 988 πτῶσιν.
629 961 721 988 Κοιὶεὶ
741 961 812 996 τάχα
827 963 873 988 καὶ

81 1004 110 1037 ἐξ
120 1005 222 1040 ἀρχῆς,
240 1005 283 1031 ὅτε
297 1003 448 1040 προσῆλθον
463 1004 687 1040 μεταμελόμενοι,
698 1005 747 1032 οὐκ
761 1005 873 1040 ἐδέχθη-

81 1059 145 1083 σαν,
161 1051 239 1087 ὅμως
256 1052 298 1078 ὃτι
311 1052 341 1078 οὺ
359 1051 430 1078 κατὰ
458 1052 617 1088 προαίρεσιν
628 1049 711 1086 ἦλθον
727 1052 767 1083 εἰς
780 1051 810 1077 τὸ
827 1051 873 1078 θῦ-

82 1103 136 1128 cat,
155 1096 205 1123 καὶ
219 1096 388 1131 ἀντέστησαν
400 1097 526 1128 bat-nom,
541 1097 588 1124 καὶ
606 1096 743 1131 στίγματα
759 1095 804 1123 τοῦ
823 1097 873 1132 Ἰη-

82 1141 139 1173 σοῦ,
153 1141 240 1178 ἤγουν
259 1141 395 1177 μώλωπας
408 1142 462 1169 τῶν
473 1143 649 1178 τραυμάτων,
666 1139 703 1169 ὧν
718 1142 872 1178 ὑπέστησαν

81 1189 150 1225 ὑπὲρ
165 1189 213 1216 τοῦ
228 1189 357 1225 Χριστοῦ,
374 1189 475 1225 ἔχουσι,
493 1190 540 1216 καὶ
557 1190 607 1226 ἤδη
621 1190 711 1226 τρίτον
727 1190 786 1222 ἔτος
801 1200 872 1227 παρ-

80 1234 162 1270 ῆλθεν
178 1234 350 1262 πενθούντων
367 1235 455 1262 αὐτῶν
471 1236 514 1263 διὰ
526 1236 574 1272 τὴν
590 1236 702 1268 πτῶσιν,
713 1245 872 1272 προσεπιτι-

82 1281 203 1316 μηθῆναι
228 1281 336 1316 ὥρισεν,
355 1281 415 1308 ἀντὶ
427 1282 485 1314 τοῦ,
509 1283 555 1309 ἐπὶ
574 1282 653 1309 πλέον
667 1283 870 1318 ὲπιτιμηθῆναι,

79 1327 163 1359 ἄλλοις
199 1327 407 1363 τεσσαράκοντα
441 1327 548 1363 ἡμέρας
592 1328 683 1360 ἐξότου
719 1328 872 1364 προσῆλθον

80 1372 229 1408 ζητοῦντες
256 1373 403 1409 δεχθῆναι·
424 1374 453 1399 ὲν
476 1371 520 1406 αἷς
549 1375 595 1401 ἐπὶ
619 1374 699 1402 πλέον
719 1375 872 1410 γυμνασίαν

79 1419 276 1452 ἐπιδείξαντες,
289 1421 335 1446 καὶ
347 1419 527 1456 εὐτονώτερον
537 1420 680 1456 νήψαντες,
692 1421 775 1456 ἤγουν
791 1429 872 1447 σπου-

79 1464 221 1501 δαιότερον
248 1466 413 1501 προσχόντες
443 1467 559 1498 ἑαυτοῖς,
588 1467 807 1502 γρηγορήσουσιν
831 1468 870 1498 είς

80 1511 256 1547 προσευχὰς,
282 1512 537 1548 καταμελετῶντες,
569 1513 652 1548 ἦγουν
693 1513 813 1548 συνεχῶς
841 1514 868 1540 ὲν

80 1557 201 1592 φροντίδι
227 1557 393 1593 ποιούμενοι,
409 1558 456 1585 καὶ
477 1557 609 1591 λέγοντες,
623 1559 642 1586 ἃ
653 1561 668 1586 ό
684 1559 785 1595 Κύριος
802 1559 869 1595 πρὸς

80 1603 123 1629 τὸν
134 1603 302 1640 πειράζοντα
321 1601 406 1630 εἶπεν·
423 1604 530 1639 Ὕπαγε
542 1605 637 1632 ὀπίσω
649 1613 718 1640 μου,
733 1605 848 1633 Σατανᾶ
859 1614 867 1622 '

81 1647 240 1682 γέγραπται
254 1648 326 1683 γάρ·
347 1650 455 1683 Κύριον
469 1650 521 1676 τὸν
537 1651 611 1677 Θεόν
626 1658 684 1677 σου
702 1650 871 1685 προσκυνή-

81 1702 156 1727 σεις,
171 1694 221 1721 καὶ
236 1693 316 1726 αὐτῷ
329 1695 412 1729 μόνῳ
426 1695 609 1730 λατρεύσεις.

388 1788 507 1815 ΚΑΝΩΝ
522 1788 558 1815 B’.

119 1842 128 1858 ι
151 1833 214 1865 Τοῖς
227 1834 256 1860 δὲ
271 1833 339 1869 μετά
354 1834 384 1860 τὸ
400 1835 597 1870 φυλακισοῆναι
621 1836 700 1868 μόνον
717 1836 726 1851 ³
739 1837 785 1863 καὶ
802 1836 868 1863 ὐπο-

87 1887 96 1903 σ
112 1879 295 1915 μεμενηκέναι
316 1880 366 1912 τὰς
379 1881 407 1907 ἐν
423 1881 461 1916 τῷ
478 1881 666 1917 δεσμωτηρίῳ,
683 1882 720 1913 ὡς
732 1882 765 1909 ἂν
780 1883 808 1909 ἐν
821 1892 869 1910 πο-

87 1932 96 1949 ι
113 1923 231 1960 λιορκιᾳ,
266 1925 370 1960 θλίψεις
397 1934 426 1952 τε
454 1927 501 1953 καὶ
529 1926 673 1959 δυσωδίας,
703 1927 815 1964 ὕστερον
841 1929 869 1956 δὲ

86 1979 96 1996 ι
114 1970 199 2006 χωρὶς
209 1971 328 2007 πολέμου
343 1971 465 2006 βασάνων
475 1973 630 2008 γενομένοις
640 1974 662 1990 ³⁹
675 1975 868 2010 αἰχμαλώτοις,

87 2025 95 2041 ι
112 2016 183 2044 κατά
209 2017 308 2053 πολλὴν
336 2019 470 2054 πτωχείαν
489 2019 639 2054 δυνάμεως,
655 2021 701 2047 καὶ
720 2021 791 2048 κατά
812 2031 870 2049 τινα

86 2071 95 2087 ι
113 2062 267 2097 τυφλότητα
305 2064 532 2100 τεθραυσμένοις,
567 2066 713 2102 ἐπαρκέσει
748 2068 870 2100 ἐνιαυτὸς

86 2117 95 2133 ι
115 2108 182 2143 πρὸς
205 2108 244 2143 τῷ
266 2110 351 2145 ἑτέρῳ
367 2110 469 2146 χρόνῳ’
492 2111 552 2137 ἐπεὶ
571 2111 638 2143 ὅλως
657 2112 703 2138 καὶ
719 2113 794 2139 αὐτοὶ
810 2113 870 2139 ἐπι-

87 2164 96 2180 (
111 2154 258 2181 δεδώκασιν
286 2156 399 2188 ἑαυτοὺς
424 2157 494 2192 ὑπὲρ
507 2156 554 2183 τοῦ
583 2158 714 2193 ὀνόματος
733 2158 780 2185 ωδ
801 2160 869 2195 Χρι-

87 2210 96 2226 t
114 2201 175 2228 ατοῦ
189 2201 200 2217 ⁸
213 2200 352 2236 θλιϐῆναι·
376 2204 400 2229 εί
421 2204 469 2230 καὶ
488 2202 642 2230 ἀπέλαυσαν
668 2204 697 2230 ὲν
717 2205 755 2240 τῷ
767 2204 871 2240 δεσμωσ-

87 2257 95 2272 l
111 2247 196 2283 τηρίῳ
215 2249 266 2282 τῆς
291 2248 366 2284 παρὰ
394 2249 448 2275 τῶν
474 2249 596 2284 ἀδελφῶν
623 2249 725 2286 πολλῆς
748 2251 872 2278 ἀναπαύ-

87 2303 97 2320 ‹
113 2301 190 2326 σεως.
205 2295 294 2331 Ἂπερ
311 2295 530 2323 πολλαπλασίονα
551 2296 737 2330 ἀποδώσουσι,
759 2297 872 2324 ποθοῦν-

90 2349 159 2372 «ea;
184 2340 355 2376 λυτρωθῆναι
380 2341 433 2368 ἀπὸ
459 2342 509 2377 τῆς
536 2343 703 2379 πικροτάτης
731 2344 870 2379 αἰχμαλω-

89 2396 97 2412 ι
116 2387 174 2419 σίας
185 2387 233 2413 τοῦ
246 2387 380 2419 διαϐόλου,
403 2389 569 2424 μεμνημένοι
588 2390 705 2424 μάλιστα
717 2390 763 2417 τοῦ
776 2391 869 2425 λέγον-

89 2442 98 2460 (
114 2441 168 2466 τος·
179 2434 302 2469 Πνεῦμα
317 2435 370 2461 τοῦ
382 2434 404 2450 ⁸’
417 2436 529 2469 Κυρίου
540 2437 586 2463 ἐπ’
599 2437 661 2471 ἐμὲ,
675 2435 711 2464 οὗ
723 2437 826 2464 ἕνεκεν
836 2440 869 2453 ⁸⁵·

92 2489 99 2504 ι
115 2478 218 2514 ἐχρισέ
225 2488 263 2514 με
275 2488 281 2494 ·
296 2481 548 2515 εὐαγγελίσασθαι
557 2482 685 2516 πτωχοῖς
698 2482 871 2510 ἀπέσταλκά

91 2533 99 2549 ι
114 2533 159 2558 με,
174 2525 303 2558 κηρύξαι
322 2525 522 2560 αἰχμαλώτοις
542 2526 661 2561 ἄφεσιν,
680 2528 728 2556 καὶ
744 2528 870 2563 τυφλοῖς

91 2577 100 2594 ε
117 2568 291 2604 ἀνάϐλεψιν,
304 2570 481 2598 ἁποσ-τείιαι
496 2573 736 2607 τεθραυσμένους
750 2573 785 2600 ἑν
798 2573 870 2608 ἀφέ-

925 867 1060 895 obdurare
1082 867 1109 894 in
1134 867 1275 895 doloribus
1302 867 1375 894 haud
1400 868 1530 903 potuerit,
1548 869 1581 897 iis
1602 870 1711 897 mulclm

924 913 1035 941 nomine
1058 913 1205 941 decursum
1229 913 1286 948 jam
1303 918 1411 948 tempus
1430 914 1562 942 sufﬁcere.
1577 914 1709 948 Quartum

925 960 1071 995 siquidem,
1090 960 1188 995 inquit,
1205 960 1310 988 Pascha
1325 960 1382 994 jam
1398 964 1524 988 exactum
1547 966 1598 994 est,
1611 969 1643 988 ex
1656 970 1710 997 quo

924 1007 952 1034 in
965 1007 1156 1042 gravissimum
1175 1007 1247 1034 hunc
1273 1007 1394 1034 incidere
1420 1014 1526 1034 casum.
1546 1007 1585 1034 Ac
1603 1008 1710 1035 etiamsi

924 1051 994 1080 forte
1010 1052 1089 1079 initio
1106 1060 1168 1079 cum
1184 1052 1346 1087 pmnitentia
1360 1052 1434 1079 ducti
1452 1057 1640 1084 accesserunt,
1655 1060 1710 1080 non

923 1102 988 1126 sunt
1003 1098 1135 1134 suscepti,
1153 1101 1244 1126 tamen
1262 1098 1326 1133 quia
1350 1106 1405 1125 non
1431 1102 1529 1133 sponte
1551 1106 1711 1133 processere

924 1143 958 1171 ad
980 1143 1177 1171 immolandum
1192 1144 1294 1179 diuque
1316 1148 1510 1178 repugnarunt,
1533 1151 1566 1171 ac
1582 1144 1710 1179 stigmata

922 1191 997 1222 Jesu,
1013 1191 1156 1218 vulnerum
1169 1198 1266 1225 nempe
1286 1198 1346 1225 quae
1361 1198 1410 1225 pro
1427 1190 1536 1218 Christo
1552 1191 1709 1219 sustinuere

923 1236 1065 1264 cicatrices
1080 1240 1196 1271 gerunt:
1215 1236 1366 1271 tertiusque
1377 1236 1434 1271 jam
1450 1235 1552 1264 eﬁluxit
1568 1243 1655 1264 annus
1674 1245 1709 1264 ex

922 1291 976 1318 quo
991 1283 1084 1318 lugent
1100 1282 1206 1317 lapsum
1221 1282 1308 1313 illum,
1320 1282 1430 1317 insuper
1442 1282 1579 1314 mulctari,
1593 1283 1644 1309 hoc
1657 1288 1708 1315 est,

922 1328 991 1356 alios
1000 1328 1089 1355 adhuc
1103 1327 1283 1363 quadraginta
1299 1327 1358 1355 dies
1374 1335 1408 1354 ex
1421 1334 1474 1362 quo
1490 1327 1523 1354 ad
1539 1327 1709 1354 communio-

922 1381 984 1402 nem
1003 1374 1108 1401 admitti
1133 1374 1304 1408 postulantes
1326 1376 1518 1405 accesserunt,
1534 1372 1643 1399 mulctze
1657 1380 1708 1400 no-
1744 1383 1752 1393 ν

923 1420 996 1447 mine
1011 1419 1195 1454 injungendos
1206 1427 1266 1447 esse
1277 1419 1410 1447 decernit.
1421 1418 1451 1446 ln
1465 1419 1566 1454 quibus
1577 1418 1709 1454 majorem

923 1465 1012 1492 adhuc
1033 1465 1210 1493 ostendentes
1234 1464 1398 1500 pmnitentiae
1418 1464 1653 1497 exercitationem,
1682 1467 1710 1490 et

922 1511 1065 1543 intentius,
1083 1511 1135 1538 hoc
1157 1515 1209 1542 est,
1228 1511 1374 1538 attentiore
1394 1517 1461 1537 cura
1484 1509 1652 1544 jejunantes,
1665 1514 1708 1536 at-

923 1557 1064 1585 tendentes
1080 1556 1270 1591 sibimetipsis,
1280 1556 1392 1591 vigilent
1410 1555 1438 1582 in
1453 1554 1635 1587 orationibus,
1651 1561 1710 1581 me-

921 1605 1051 1637 ditantes,
1068 1603 1120 1630 hoc
1145 1606 1187 1630 est
1204 1603 1295 1629 animo
1314 1606 1444 1637 perpetuo
1460 1605 1611 1633 versantes,
1627 1608 1709 1629 voce-

921 1659 974 1686 que
986 1654 1153 1685 usurpantes
1170 1656 1230 1684 quaa
1246 1647 1379 1675 Dominus
1394 1646 1428 1674 ad
1444 1651 1605 1675 tentatorem
1618 1646 1684 1674 dixit
1698 1657 1707 1675 :

921 1697 971 1724 Abi
986 1705 1051 1732 pone
1067 1704 1116 1728 me,
1139 1694 1263 1727 Satana;
1281 1694 1407 1728 scriptum
1419 1697 1457 1720 est
1472 1693 1708 1721 enim:Dominum

921 1744 1006 1771 Deum
1022 1748 1094 1770 tuum
1106 1741 1243 1774 adorabis,
1257 1745 1281 1767 et
1294 1740 1335 1768 illi
1348 1740 1399 1767 soli
1413 1739 1519 1767 servies.

1227 1786 1343 1814 CANON
1363 1785 1396 1814 11.

959 1845 970 1861 α
990 1834 1025 1863 lis
1040 1841 1129 1862 autem
1152 1833 1199 1869 qui
1222 1837 1367 1868 postquam
1391 1833 1420 1860 in
1439 1832 1591 1860 custodiam
1617 1831 1708 1858 traditi

925 1892 934 1908 ι
958 1887 1033 1915 sunt,
1047 1885 1074 1909 et
1091 1881 1119 1908 in
1136 1888 1256 1912 carcere,
1281 1883 1411 1915 tanquam
1437 1880 1465 1906 in
1491 1879 1643 1910 obsidione,
1667 1878 1709 1905 af-

925 1937 934 1953 (
959 1926 1093 1954 dictiones
1109 1933 1260 1961 gravesque
1282 1925 1381 1952 tutores
1407 1925 1481 1960 passi
1509 1928 1587 1958 sunt;
1613 1928 1708 1959 postea

925 1983 934 1999 ι
958 1977 1050 2000 autem
1067 1972 1127 2000 sine
1142 1971 1214 1999 bello
1227 1975 1425 1999 tormentorum
1442 1970 1544 2005 captivi
1556 1970 1620 1997 facti
1632 1972 1707 2001 sunt,

925 2029 934 2046 ι
957 2019 1040 2047 nimia
1052 2019 1150 2046 virium
1162 2019 1253 2053 inopia
1264 2023 1290 2045 et
1302 2017 1420 2053 quadam
1431 2018 1555 2045 caecitate
1563 2016 1707 2050 confracti,

925 2075 934 2091 ι
957 2073 1047 2093 annus
1061 2065 1095 2092 ad
1117 2065 1189 2093 aliud
1211 2068 1319 2099 tempus
1334 2064 1475 2099 injunctus
1493 2063 1608 2091 suiliciet
1625 2073 1630 2090 :
1645 2071 1708 2090 nam

925 2121 934 2137 ι
959 2113 1011 2147 ipsi
1023 2119 1132 2146 quoque
1147 2119 1177 2139 se
1195 2111 1307 2139 omnino
1321 2118 1370 2146 pro
1387 2110 1498 2138 nomine
1525 2109 1626 2137 Christi
1642 2109 1710 2136 allli-

887 2175 910 2204 D
925 2166 935 2182 ι
956 2156 1059 2192 gendos
1078 2155 1198 2184 dedere:
1222 2156 1245 2183 si
1261 2156 1344 2183 etiam
1359 2163 1374 2182 a
1399 2155 1530 2182 fratribus
1551 2156 1579 2183 in
1600 2163 1710 2183 carcere

925 2212 935 2229 ‹
958 2203 1071 2230 multam
1083 2202 1297 2230 consolationem
1320 2202 1439 2229 assecuti
1465 2205 1538 2228 sunt.
1566 2200 1632 2234 Quae
1649 2201 1710 2236 qui-

926 2259 935 2275 ι
959 2249 1020 2277 dem
1037 2249 1218 2284 multiplicata
1237 2248 1368 2280 reddent,
1385 2248 1496 2275 liberari
1520 2248 1662 2282 cupientes
1675 2247 1710 2275 ab

925 2305 935 2322 ι
958 2295 1137 2323 acerbissima
1149 2295 1307 2330 captivitate
1320 2294 1433 2326 diaboli,
1451 2294 1512 2329 ejus
1532 2294 1649 2321 maxime
1667 2301 1710 2321 re-

926 2351 936 2368 (
959 2341 1106 2369 cordantes
1121 2342 1168 2376 qui
1186 2341 1253 2368 dicit
1269 2350 1275 2368 :
1295 2340 1412 2375 Spiritus
1435 2339 1542 2367 Domini
1563 2347 1641 2373 super
1656 2347 1707 2371 me,

925 2396 934 2413 ε
957 2395 1038 2422 quam
1059 2387 1091 2414 ob
1107 2394 1217 2414 causam
1231 2389 1309 2413 unxit
1330 2394 1371 2413 me
1386 2394 1395 2412 ι
1410 2390 1438 2412 ιιι
1455 2384 1613 2420 pauperibus
1628 2393 1709 2411 evan-

925 2442 934 2458 ι
957 2434 1099 2468 gelizarem
1113 2432 1185 2460 misit
1202 2440 1252 2464 me,
1270 2436 1294 2459 et
1313 2431 1500 2458 annuntiarem
1518 2430 1627 2465 captivis
1645 2429 1710 2457 libe-

924 2489 935 2506 ι
959 2480 1098 2512 rationem,
1115 2484 1141 2506 et
1156 2479 1231 2506 ca’cis
1246 2479 1317 2506 uisus
1336 2478 1569 2513 recuperationem,
1586 2481 1610 2504 et
1622 2477 1710 2504 mitte-

926 2535 936 2552 ι
957 2534 1012 2553 rem
1038 2526 1138 2560 fractos
1168 2525 1195 2552 in
1221 2525 1413 2557 remissionem,
1440 2524 1584 2557 praedicare
1610 2531 1708 2550 annum

926 2583 936 2598 ι
960 2572 1068 2599 Domini
1084 2571 1282 2605 acceptabilem,
1294 2575 1318 2599 et
1329 2571 1398 2599 diem
1417 2571 1595 2599 retributionis
1608 2577 1632 2598 ι.
1649 2579 1659 2597 I

92 2623 100 2639 ι
116 2623 168 2648 σει,
186 2617 314 2650 κηρύξαι
327 2617 466 2644 ἐνιαυτὸν
479 2619 590 2653 Κυρίου
604 2619 721 2653 δεκτόν,
738 2622 787 2648 καὶ
802 2621 916 2656 ἡμέραν
924 2620 1163 2652 ἀνταποδόσεως.
1178 2630 1188 2646 ι

121 2699 132 2713 ⁸
147 2693 202 2722 lea.
218 2703 277 2728 ut,
296 2696 365 2730 1,2;
379 2695 442 2724 an.
459 2705 496 2730 IV,
517 2697 561 2730 i8,
579 2699 620 2726 19.

707 2754 823 2782 VARUS
842 2753 1043 2782 LECTIONES.

135 2823 145 2839 ⁸
156 2824 234 2858 μόνον
246 2832 301 2852 om.
340 2825 359 2841 ³·
377 2825 539 2860 γενομένων.

579 2826 590 2842 ⁸
603 2826 650 2853 τοῦ
666 2825 783 2861 Χριστοῦ
798 2833 852 2853 om.
892 2825 913 2841 ι’
929 2825 976 2852 τοῦ
992 2833 1047 2853 om.

1086 2819 1119 2836 "’
1131 2825 1244 2853 εἵνεκεν.
