1909 3069
217 104 267 135 Hi

730 99 758 126 S.
776 98 877 126 PETRI
897 97 1131 126 ALEXANDRINI
1154 97 1305 125 EPISCOPI

1779 97 1794 122 ό
1799 95 1830 122 ῖ2

252 160 333 190 Βιιι.
347 159 396 186 Hic
408 165 495 186 canon
511 157 606 185 statuit
621 161 650 184 ut
665 156 711 192 qui
724 156 752 183 in
768 155 892 183 custodia
908 155 990 182 solun

1082 154 1178 180 ΒΑΛΣ.
1195 151 1279 185 Οὗτος
1293 155 1307 180 ὁ
1317 152 1405 180 κανὼν
1417 152 1595 188 διαλαμϐάνει
1609 153 1671 185 τοὺς
1689 153 1772 188 μόνον
1783 162 1832 180 κα-

216 207 286 237 ιηιιο
299 205 387 233 allecti
404 207 478 237 sunt,
495 209 520 232 et
531 203 591 231 sine
602 202 746 230 tormentis
759 202 828 236 lapsi
843 205 916 235 sunt,
935 207 996 236 post

215 250 360 280 triennium
379 249 448 277 alius
464 255 572 283 quoque
591 247 654 274 anni
681 253 762 281 poma
793 246 950 281 puniamur.
967 244 996 273 Si

215 295 285 325 forte
299 295 382 325 enim.
392 294 490 329 inquit,
502 291 716 320 consolationem
731 291 851 318 assecuti
866 294 940 322 sunt,
952 294 996 318 ut-

213 343 278 377 pote
292 339 429 374 aliquibus
447 337 568 366 ﬁdelibus
582 337 644 364 vita:
656 336 779 365 subsidia
800 336 996 371 suppeditanti-

213 387 275 418 bus,
290 385 308 412 ii
325 392 432 420 quoque
449 383 547 411 debent
563 383 669 411 veniam
684 382 816 414 obtinere,
833 385 862 409 ut
874 381 918 417 qui
933 390 996 418 gra-

213 431 255 461 via
268 439 317 469 pro
334 431 385 460 title
399 431 472 465 passi
490 433 562 458 sunt.

248 532 350 564 Zonan.
372 531 401 558 In
419 531 540 561 secundo
557 531 653 558 ordine
669 537 716 558 eos
727 530 799 557 locat
811 529 857 565 qui
874 533 995 558 tantum-

212 579 294 606 modo
309 579 337 606 in
353 578 461 606 vincula
478 577 604 612 coniecti,
614 580 694 612 atque
709 577 736 603 in
749 583 859 604 carcere
871 576 941 603 male
958 575 996 603 al-

213 623 277 654 t‘ecti
295 627 369 656 sunt,
385 628 442 650 tum
460 623 542 650 nullis
556 623 646 650 vexati
667 621 833 649 cruciatibus
860 628 993 656 peccave-

213 674 294 699 runt:
308 670 408 705 quibus
429 673 526 705 praeter
541 668 687 696 decursum
705 671 823 703 tempus,
846 667 992 694 triennium

212 715 339 745 Videlicet
361 714 395 742 de
415 722 469 750 quo
495 722 576 750 supra
601 714 702 741 dictum
729 718 781 745 est,
801 713 865 741 anni
886 721 994 748 quoque

213 765 343 799 praeterea
358 761 439 788 unius
455 760 582 787 mulctam
600 760 714 795 irrogari
728 760 826 795 placet.
858 758 992 792 Quoniam

211 812 239 836 et
254 807 316 844 ipsi,
333 806 431 842 inquit,
447 814 496 842 pro
512 806 612 833 Christi
635 806 745 833 nomine
768 805 885 833 divcxati
911 807 992 838 sunt;

211 853 316 884 etiamsi
331 852 401 881 l'orte
415 851 505 879 solatii
518 851 656 887 quidpiam
673 851 699 878 in
711 859 821 878 carcere
835 859 849 878 a
863 850 992 878 fratribus

211 903 350 928 consecuti
364 902 438 927 sunt.
456 897 601 926 Probabile
619 898 690 925 enim
702 903 743 925 cst
759 898 862 930 ﬁdeles,
874 898 991 932 quicun-

211 953 264 980 que
280 945 355 973 nulla
365 943 490 972 custodia
508 944 710 976 detinebantur,
727 944 753 971 in
776 943 884 971 vincula
899 943 993 977 conje-

211 991 263 1020 ctis
275 990 337 1018 vitae
353 989 474 1017 subsidia
497 989 684 1022 ministrasse,
704 989 792 1024 iisque
816 988 928 1024 proinde
955 989 993 1015 le-

211 1035 328 1064 vationis
340 1035 440 1070 aliquid
454 1035 589 1064 attulisse.
601 1035 666 1068 Quae
680 1034 789 1069 quidem
811 1034 992 1071 multiplicata

211 1082 335 1113 reddent,
355 1088 404 1116 pro
418 1081 452 1108 iis
470 1080 600 1109 nimirum
618 1081 718 1115 quibus
735 1081 761 1106 in
776 1079 900 1107 cuslodia
918 1079 993 1106 obie-

211 1128 275 1155 ctali
288 1132 361 1158 sunt,
375 1127 564 1163 pmnitentiam
582 1129 693 1162 agentes
708 1126 847 1153 vcxabunt
860 1133 890 1152 se
905 1125 991 1160 ipsos,

211 1180 243 1203 ac
269 1173 363 1201 multis
380 1173 469 1201 modis
482 1172 662 1205 amictabunt;
682 1173 705 1199 si
721 1180 753 1199 ex
769 1179 801 1199 eo
816 1171 890 1206 quod
910 1172 991 1198 Chri-

211 1225 281 1247 stum
297 1220 466 1255 abnegarunt
476 1238 483 1250 ,
499 1226 514 1245 a
528 1218 629 1245 diaboli
644 1218 801 1253 captivitate
819 1217 930 1245 liberari
945 1225 992 1244 ve-

212 1265 271 1296 lint,
288 1264 362 1292 illius
376 1263 476 1299 captivi
496 1268 523 1291 et
540 1264 612 1291 servi
630 1263 705 1290 lacti.
726 1263 843 1297 Subjicit
856 1269 917 1289 mox
929 1269 992 1297 pro-

211 1311 297 1347 phetae
311 1310 404 1341 verba,
420 1317 480 1344 quae
495 1314 597 1338 suntex
612 1310 682 1336 lsaia
697 1309 865 1345 deprompta,
876 1316 991 1344 quorum

211 1355 368 1386 meminisse
382 1359 507 1393 oportere
518 1356 592 1391 ipsos
610 1354 735 1384 aliirmat.

513 1400 627 1428 CANON
648 1401 692 1429 ill.

249 1455 258 1472 ι
281 1446 318 1475 lis
337 1450 426 1474 autem
448 1446 494 1481 qui
517 1447 584 1473 nihil
600 1446 733 1481 ejusmodi
757 1448 830 1482 passi
852 1452 925 1480 sunt,
941 1455 992 1476 nec

213 1501 223 1519 ι
245 1491 305 1520 ﬁdei
327 1492 445 1520 fructum
469 1492 663 1524 ostenderunt,
679 1493 726 1520 sed
742 1493 775 1520 ad
796 1494 891 1521 vitium
919 1495 990 1522 ultro
1004 1510 1026 1541 ρ

211 1546 224 1569 ι
245 1537 461 1573 transfugerunt,
478 1545 493 1564 a
506 1542 577 1564 metu
593 1542 619 1564 et
631 1537 774 1564 timiditate
790 1538 888 1574 proditi
899 1547 990 1573 ;nunc

213 1594 223 1612 ι
247 1588 337 1612 autem
354 1584 467 1612 veniunt
489 1583 522 1610 ad
541 1583 740 1618 paenitentiam,
758 1591 871 1612 necesse
897 1588 940 1612 est
963 1588 990 1613 et

212 1640 222 1659 ι
244 1631 408 1659 conveniens
424 1629 590 1665 infrugil‘crae
615 1629 682 1659 licus
706 1631 862 1665 parabolam
887 1639 989 1666 propo-

213 1688 222 1703 ι
245 1685 320 1710 nere,
347 1679 377 1706 ut
402 1676 532 1703 Dominus
558 1675 623 1702 dicit
649 1684 655 1702 :
686 1675 805 1703 Habebat
832 1677 889 1711 quis
909 1677 989 1710 ﬁcum

211 1733 221 1749 ι
243 1723 393 1758 plantatam
406 1722 434 1748 in
448 1730 496 1748 suo
512 1721 596 1749 vineta
611 1730 620 1749 :
636 1727 660 1749 et
682 1723 748 1749 venit
770 1731 887 1758 quaerens
912 1723 938 1750 in
959 1732 991 1751 ea

212 1780 221 1796 ι
244 1770 370 1804 fructum,
393 1773 418 1796 et
439 1776 491 1795 non
516 1769 624 1798 inuenit.
648 1769 722 1796 Dixit
749 1774 835 1796 autent
857 1770 988 1800 vinitori:

213 1825 222 1841 ι
245 1814 311 1844 Ecce
324 1819 375 1841 tres
390 1823 483 1845 annos,
506 1822 538 1842 ex
557 1823 606 1850 quo
633 1824 678 1850 ego
708 1816 780 1843 venio
797 1824 914 1850 quwrens
930 1816 989 1851 fru-

212 1870 221 1887 ‹
247 1865 317 1889 ctum
331 1861 358 1888 in
372 1860 420 1888 hac
441 1861 504 1895 ﬁcu,
524 1865 548 1887 el
565 1869 615 1888 non
635 1862 754 1893 invenio;
769 1862 890 1889 exscinde
906 1871 964 1889 eam
979 1870 988 1889 :

212 1917 221 1932 ι
244 1915 291 1935 cur
308 1912 404 1934 terram
415 1907 530 1934 inaniter
541 1909 671 1942 occupat?
687 1907 738 1935 Ille
753 1916 810 1935 vero
830 1908 988 1943 respondeas

212 1964 220 1980 ι
241 1954 304 1981 dicit
316 1955 377 1982 illi:
398 1954 515 1987 Domine,
528 1954 630 1982 dimitte
642 1954 717 1982 illam
732 1955 779 1982 hoc
791 1963 891 1990 quoque
907 1964 986 1989 anno,

211 2009 221 2027 ι
242 2000 322 2028 donec
340 2001 411 2028 circa
435 2009 493 2028 eam
507 2001 608 2036 fodere,
630 2006 655 2028 et
675 2001 796 2029 [attamen
817 2001 949 2036 t'njecero;
965 2004 989 2029 si

211 2056 220 2072 ι
243 2046 346 2082 quidem
361 2047 477 2081 fructum
494 2047 602 2082 fecerit;
622 2048 664 2074 sin
686 2048 783 2079 minus,
801 2056 858 2077 eam
875 2048 902 2075 in
914 2048 989 2082 futu-

211 2102 221 2119 I
243 2101 302 2120 rum
316 2094 450 2121 exscindes
466 2100 479 2114 ι
492 2104 498 2121 :
515 2102 569 2129 qua
584 2097 647 2121 ante
657 2094 752 2121 oculos
766 2099 886 2130 accepta,
900 2099 927 2122 et
940 2103 986 2123 os-

210 2148 221 2166 (
244 2144 322 2167 tenso
335 2139 416 2174 digno
430 2139 519 2167 fructu
534 2140 710 2175 poenitentiae,
724 2140 752 2168 in
772 2144 847 2168 tanto
857 2142 986 2177 temporis

210 2195 219 2214 ι
242 2185 385 2216 intervallo
400 2185 485 2223 magis
495 2185 670 2221 juvabuntur.
694 2196 704 2213 ι

240 2312 320 2339 Βλιε.
343 2313 396 2340 Eos
410 2313 455 2347 qui
469 2317 580 2347 propter
594 2313 682 2340 solum
699 2316 799 2339 metum
815 2316 842 2338 et
856 2312 988 2339 timidita-

205 2363 259 2387 lem
273 2358 489 2393 transfugerunt,
508 2359 539 2386 ad
556 2358 743 2393 paenitentiam
758 2362 847 2386 autem
861 2366 986 2392 respexev

206 2409 279 2437 runt,
292 2404 410 2432 triennio
425 2405 503 2439 punit
518 2411 606 2431 canon
619 2404 768 2431 secundum
784 2404 941 2438 parabolam
958 2403 987 2430 li-

205 2458 254 2477 cus
267 2457 327 2485 quae
344 2454 386 2478 est
402 2451 431 2476 in
449 2450 614 2484 Evangeliis.
630 2450 761 2477 Dominus
784 2449 856 2476 enim
872 2449 961 2484 inquit
978 2460 983 2477 :

204 2495 266 2523 Jam
282 2495 366 2524 tribue
381 2496 458 2522 annis
470 2495 504 2523 ad
520 2496 588 2522 hanc
604 2496 676 2523 venio
693 2503 810 2530 quaerens
826 2494 951 2528 fructum,
962 2501 986 2521 et

205 2551 256 2572 nou
271 2542 381 2570 invenio.
401 2541 509 2570 Yinilor
520 2545 622 2573 autem,
643 2540 752 2569 Dimitte
772 2541 860 2572 illum,
886 2541 985 2576 inquit,

203 2594 225 2615 et
240 2588 288 2615 hoc
302 2596 381 2615 anno.

239 2633 342 2662 Zomn.
363 2633 524 2668 Quicunque
547 2640 622 2665 vero,
649 2632 748 2668 inquit,
773 2633 838 2660 nihil
865 2633 985 2668 perpessi

203 2679 343 2711 acerbum,
358 2679 393 2706 ob
404 2683 506 2706 metum
525 2678 611 2705 solum
625 2685 658 2705 ac
674 2678 846 2706 timiditatem
863 2678 985 2706 translu-

203 2728 375 2758 gerunt,pro
391 2731 423 2751 eo
437 2723 510 2759 quod
536 2723 587 2758 ipsi
615 2727 713 2758 sponte
738 2725 897 2759 pravitatem
922 2727 984 2752 sunt

204 2769 371 2801 consectati;
385 2776 446 2795 mox
456 2769 577 2797 animum
591 2769 625 2797 ad
645 2770 832 2806 pmnitentiam
848 2769 981 2804 adiecere,

239 2843 252 2859 ο
277 2834 342 2866 Luc.
355 2843 416 2868 xm.
433 2835 488 2865 6-9.

1047 199 1253 234 κοπαθήσαντας
1269 199 1297 225 ἐν
1313 199 1345 233 τῇ
1365 197 1470 233 φυλακῇ
1483 198 1531 224 καὶ
1540 198 1623 233 χωρὶς
1636 198 1764 233 βασάνων
1779 206 1832 225 πα-

1047 243 1269 282 ραπεπτωκότας,
1293 242 1469 277 ἐπιτιμᾶσθαι
1486 242 1554 277 μετὰ
1566 241 1612 267 τὸν
1628 242 1722 277 τριετῆ
1736 241 1832 277 χρόνον

1046 290 1091 317 καὶ
1107 289 1152 315 ἐπὶ
1164 289 1256 324 ἕτερον
1266 288 1396 315 ἐνιαυτόν.
1414 288 1446 314 Εἰ
1463 288 1533 322 τάχα
1542 287 1686 323 γὰρνφησὶ,
1706 288 1755 314 καὶ
1781 288 1833 314 ἁπ-

1045 335 1160 364 έλαυσαν
1183 335 1381 371 παρακλήσεως
1392 354 1399 366 ,
1417 334 1454 366 ὥς
1467 343 1546 362 τινων
1563 334 1666 361 πιστῶν
1679 335 1831 371 χορηγούν-

1044 390 1098 409 των
1114 382 1204 414 aii-toi;
1226 382 1260 409 τὰ
1278 382 1345 417 πρὸς
1357 381 1500 417 διοίκησιν,
1524 381 1591 408 ἀλλὰ
1609 382 1655 407 καὶ
1669 378 1742 408 οὗτοι
1753 381 1831 416 ὀφείς

1045 427 1119 454 λουσι
1136 426 1298 465 συγγνώμης
1314 427 1453 462 ἀξιοῦσθαι
1467 427 1504 459 ὡς
1515 427 1583 464 ὑπὲρ
1595 427 1644 462 τῆς
1652 426 1770 459 πίστεως
1780 435 1830 454 κα‹

1044 472 1257 508 κοπαθήσαντες.

1079 519 1199 547 ΖΩΝΑΡ.
1220 519 1264 545 Ἐν
1283 517 1397 554 δευτέρᾳ
1419 517 1495 550 τάξει
1511 517 1601 552 τίθησι
1611 517 1673 548 τοὺς
1687 516 1768 552 μόνον
1780 525 1831 551 φυ-

1043 564 1228 596 λακισϐέντας,
1243 564 1290 591 καὶ
1312 563 1555 599 κακοπαθήσαντας
1566 564 1594 589 ἐν
1605 564 1637 600 τῇ
1649 563 1768 598 φυλακῇ,
1782 564 1831 590 καὶ

1043 612 1126 646 χωρὶς
1141 610 1263 646 βασάνων
1280 609 1538 645 παραπεπτωκότας·
1551 606 1590 640 οἷς
1600 610 1722 636 ἐνιαυτόν
1731 609 1830 641 ἔταξαν

1044 657 1074 691 (Ῑ.
1090 656 1194 691 ἔταξεν)
1203 657 1242 688 εἰς
1256 656 1390 691 ἐπιτίμιον
1404 655 1473 691 μετὰ
1486 656 1531 682 τὸν
1543 654 1711 690 παρελθόντα
1722 655 1830 691 χρόνον,

1043 703 1125 738 ἤγουν
1140 703 1188 738 τὴν
1206 702 1326 738 τριετίαν
1337 702 1370 739 ἣν
1384 702 1494 738 εἴρηκεν
1508 702 1572 728 ἄνω.
1588 702 1659 729 Διότι
1673 702 1721 728 καὶ
1739 701 1828 734 αὐτοὶ,

1043 749 1133 783 φησιν,
1142 749 1192 775 ύπὲ
1196 757 1211 784 ρ
1219 748 1264 775 τοῦ
1273 749 1399 783 ὀνόματος
1407 747 1551 783 ἐθλιϐησαν
1559 747 1604 774 τοῦ
1611 747 1740 784 Χριστοῦ,
1748 749 1773 774 ει
1781 749 1831 775 καὶ

1042 795 1111 828 τάχα
1124 794 1278 821 ἀπέλαυσαν
1296 794 1325 820 ἐν
1339 793 1377 829 τῷ
1395 793 1571 830 δεσμωτηρίῳ
1585 794 1784 828 παρακλήσεως
1797 794 1831 821 ἐκ

1009 838 1029 866 Β
1043 841 1096 868 τῶν
1112 841 1240 875 ἀδελφῶν.
1259 841 1302 872 Ὠς
1313 840 1384 867 ἔοικε
1400 840 1464 875 γὰρ,
1481 841 1505 866 οἱ
1521 840 1620 872 πιστοὶ,
1638 841 1693 866 ὅσοι
1713 840 1745 866 οὐ
1763 848 1830 866 συν-

1042 887 1201 922 εσχέθησαν,
1214 887 1270 917 τοῖς
1284 885 1488 921 κατειργμένοις
1504 886 1652 921 ἐχορήγουν
1663 886 1698 912 τὰ
1714 887 1754 917 εἰς
1765 885 1832 912 διοί-

1042 940 1132 966 κησιν,
1153 931 1198 957 καὶ
1216 930 1351 957 ἀνέπαυον
1376 929 1483 961 αὐτούς.
1502 930 1590 964 Ἂπερ
1609 929 1831 956 πολλαπλασίονα

1042 977 1234 1010 ἀποδώσουσιν,
1249 977 1309 1003 ἀντὶ
1318 977 1375 1009 τοῦ,
1386 976 1443 1003 ἀνθ’
1454 973 1491 1002 ὧν
1509 975 1666 1011 ἀπήλαυσαν
1683 976 1712 1002 ὲν
1726 976 1761 1010 τῇ
1779 984 1830 1010 φυ-

1042 1023 1110 1059 λακῇ
1139 1022 1329 1058 μετανοοῦντες
1354 1021 1489 1056 θλίψουσιν
1520 1021 1632 1052 ἑαυτοὺς
1659 1020 1705 1047 καὶ
1735 1020 1830 1047 κακώσ-

1043 1077 1118 1097 σουσι
1131 1068 1344 1099 πολλαπλασίως,
1362 1068 1385 1093 ει
1405 1067 1510 1093 θέλουσι
1522 1066 1691 1102 λυτρωθῆναι
1709 1066 1765 1093 ἀπὸ
1778 1066 1829 1101 τῆς

1043 1115 1227 1151 αἰχμαλωσίας
1251 1113 1297 1140 τοῦ
1321 1113 1454 1146 διαῦόλου,
1482 1113 1647 1148 αἰχμάλωτοι
1668 1112 1716 1139 καὶ
1739 1111 1829 1140 δοῦλοι

1042 1161 1182 1195 γεγονότες
1198 1160 1272 1196 αὐτῷ
1296 1159 1340 1187 διὰ
1359 1159 1408 1195 τὴν
1423 1160 1536 1195 ἄρνησιν
1549 1159 1596 1185 τοῦ
1616 1157 1745 1194 Χριστοῦ.
1762 1155 1829 1183 Εἶτα

1042 1208 1138 1242 ἐπάγει
1151 1208 1185 1234 τὰ
1202 1206 1356 1243 προφητικὰ
1381 1207 1500 1243 ῥήματα,
1518 1205 1589 1240 ειπερ
1603 1205 1635 1231 ἐκ
1650 1203 1698 1231 τοῦ
1716 1202 1828 1230 Ἡσαΐου

1042 1254 1105 1286 εἰσὶ,
1121 1253 1206 1287 λέγων
1219 1253 1273 1279 δεῖν
1283 1251 1435 1290 μεμνῆσθαι
1452 1250 1559 1282 αὐτούς.

1344 1387 1390 1414 ΚΑ
1395 1386 1463 1412 ΝΩΝ
1477 1386 1502 1411 Γ¹

1079 1443 1088 1460 ι
1108 1434 1170 1465 Τοῖς
1190 1433 1217 1460 δὲ
1240 1433 1299 1468 μηδ’
1316 1433 1383 1464 ὅλως
1399 1431 1481 1467 μηδέν
1492 1440 1517 1458 τι
1536 1430 1654 1458 τοιοῦτον
1668 1429 1828 1463 πεπονθόσι,

1045 1490 1054 1507 ι
1076 1481 1141 1517 μηδέ
1160 1479 1356 1515 ὲνδειξαμένοις
1376 1477 1478 1513 καρπὸν
1494 1477 1620 1508 πίστεως,
1638 1475 1695 1503 ἀλλ’
1710 1476 1829 1510 αὐτομο-

1044 1537 1053 1553 ι
1071 1527 1169 1562 λήσασι
1191 1525 1258 1561 πρὸς
1278 1525 1327 1560 τὴν
1353 1524 1461 1556 κακίαν,
1489 1521 1692 1559 προδεδομένοις
1710 1521 1763 1548 ὑπὸ
1779 1521 1830 1548 δειο

1043 1583 1052 1599 ι
1070 1573 1129 1605 λίας
1139 1572 1185 1599 καὶ
1193 1572 1285 1606 φόὅου,
1294 1572 1341 1597 νῦν
1349 1571 1377 1597 δὲ
1385 1571 1424 1602 εἰς
1434 1570 1575 1605 μετάνοιαν
1586 1568 1754 1604 ἐρχομένοις,
1763 1568 1828 1594 civ:-

1043 1629 1052 1646 ι
1072 1619 1166 1654 γκαῐόν
1175 1620 1230 1646 ἐστι
1238 1618 1284 1644 καὶ
1291 1617 1408 1652 ἁρμόζον
1425 1617 1474 1652 τὴν
1486 1616 1535 1651 τῆς
1542 1614 1664 1651 ἀκάρπου
1679 1614 1766 1649 συκῆς
1775 1622 1827 1639 πα-

1043 1675 1052 1692 (
1073 1665 1187 1702 ραὸολὴν
1208 1664 1387 1700 παραῦέσθαι,
1407 1663 1444 1694 ὡς
1459 1664 1472 1689 ὁ
1487 1662 1587 1698 Κύριος
1606 1661 1692 1694 λέγει·
1722 1659 1827 1693 Συκῆν

1043 1721 1051 1737 ι
1069 1710 1132 1746 εἶχέ
1145 1720 1189 1744 τις
1210 1708 1436 1744 πεφυτευμένην
1450 1709 1485 1735 ὲν
1500 1707 1540 1740 τῷ
1556 1707 1707 1742 ἀμπελῶνι
1718 1706 1824 1733 αὑτοῦ·

1043 1767 1052 1783 ι
1074 1757 1121 1784 καὶ
1141 1755 1213 1792 ἦλθε
1221 1755 1313 1789 ζητῶν
1327 1754 1443 1789 καρπὸν
1456 1754 1490 1780 ἐν
1498 1752 1586 1787 αὐτῇ,
1599 1753 1646 1780 κιιὶ
1658 1754 1714 1786 οὐχ
1722 1750 1823 1785 εὗρεν.

1043 1813 1051 1828 ι
1070 1803 1143 1830 Eine
1149 1802 1181 1828 δὲ
1190 1802 1263 1835 πρὸς
1271 1801 1324 1827 τὸν
1331 1799 1546 1835 ἀμπελοιφγόν’
1560 1798 1631 1825 Ἰδοὺ
1640 1798 1705 1831 τρία
1713 1797 1766 1830 ἔτη
1775 1797 1825 1831 ἀφ’

1042 1858 1051 1875 ι
1068 1847 1103 1876 οὗ
1117 1849 1237 1882 ἔρχομαι
1248 1846 1339 1880 (qui)?
1348 1844 1463 1880 καρπὸν
1473 1845 1507 1872 ἐν
1521 1844 1556 1878 τῇ
1567 1844 1646 1878 συκῇ
1659 1844 1762 1878 ταύτῃ,
1774 1843 1822 1870 καὶ

1041 1905 1051 1920 ι
1072 1896 1126 1928 οὺχ
1143 1894 1288 1928 εὑρίσκω·
1316 1893 1449 1926 ἔκκοψον
1467 1890 1578 1923 αὑτήν·
1604 1890 1681 1916 ὶνατι
1700 1890 1749 1916 καὶ
1768 1889 1826 1922 τήν

1041 1952 1050 1967 ι
1068 1941 1125 1976 γῆν
1146 1939 1300 1974 acutam-ei;
1318 1939 1344 1964 ’0
1368 1938 1401 1964 δὲ
1425 1937 1595 1970 ἀποκριθεὶς
1624 1935 1705 1971 λέγει
1725 1935 1824 1968 αὐτῷ’

1042 1997 1051 2014 ι
1071 1989 1168 2022 Κύριε,
1179 1987 1253 2021 ἄφες
1265 1985 1361 2020 αὐτὴν
1380 1984 1428 2010 καὶ
1446 1983 1532 2009 τοῦτο
1546 1982 1577 2009 τὸ
1592 1982 1668 2015 ἔτος,
1679 1982 1736 2014 ἕως
1755 1981 1825 2008 ὅτου

1041 2043 1050 2060 ‹
1072 2033 1179 2067 σκάψω
1204 2032 1240 2058 τὰ
1259 2029 1444 2065 περὶμὺτὴν,
1461 2028 1509 2055 καὶ
1527 2027 1613 2060 ,βάλω
1625 2027 1749 2061 κόπρια·
1767 2027 1826 2053 κᾶν

1041 2089 1050 2105 ι
1067 2079 1126 2114 μὲν
1139 2076 1252 2110 ποιήσῃ
1267 2076 1383 2109 καρπόν
1393 2083 1399 2089 ·
1412 2075 1437 2100 εὶ
1453 2073 1486 2100 δὲ
1498 2072 1539 2108 μή
1552 2082 1596 2107 γε,
1609 2074 1652 2105 εὶς
1667 2072 1700 2098 τὸ
1707 2071 1826 2106 μέλλον

1040 2135 1050 2152 ι
1069 2126 1208 2159 ἐκκόψεις
1221 2122 1332 2156 αὐτὴν·
1351 2122 1383 2157 ἥν
1398 2121 1451 2156 πρὸ
1468 2119 1614 2155 ὀφθαλμῶν
1633 2119 1772 2150 λαϐόντες,
1784 2119 1825 2144 ἐν-

1042 2181 1051 2198 (
1068 2170 1218 2206 δειξάρενοί
1234 2178 1263 2195 τε
1289 2168 1393 2205 καρπὸν
1409 2167 1483 2199 ἄξιον
1502 2166 1550 2201 τῆς
1571 2165 1726 2201 μετανοίας,
1745 2165 1775 2191 ἐν
1787 2164 1826 2200 τῷ

1043 2229 1052 2244 ι
1071 2218 1232 2253 διαστήματι
1259 2215 1305 2243 τοῦ
1326 2214 1453 2242 τοσούτου
1473 2213 1566 2249 χρόνου
1588 2211 1687 2247 μᾶλλον
1714 2211 1824 2247 ὠφελη-

1042 2274 1051 2290 ι
1070 2264 1206 2300 θήσονται.
1223 2272 1232 2288 ι

1074 2310 1170 2336 ΒΛΛΣ.
1182 2310 1250 2340 Τοὺς
1265 2308 1354 2343 μέντοι
1368 2307 1410 2334 διὰ
1423 2306 1502 2341 φόὸον
1515 2306 1593 2340 μόνον
1604 2304 1650 2331 καὶ
1661 2302 1761 2330 δειλίαν
1775 2302 1823 2330 αὐ-

1038 2356 1249 2392 τομολήσαντας,
1278 2352 1337 2380 εἶτα
1359 2354 1398 2385 εἰς
1426 2352 1567 2388 μετάνοιαν
1595 2350 1751 2380 ἀπιδόντας,
1780 2348 1824 2375 διὰ

1038 2403 1159 2440 τριετίας
1178 2402 1291 2436 ἐπιτιμᾷ
1307 2401 1320 2426 ὁ
1339 2399 1440 2431 κανὼν,
1456 2403 1525 2425 κατὰ
1538 2398 1586 2432 τὴν
1601 2398 1629 2423 ἐν
1647 2394 1822 2429 Εὑαγγελίοις

1040 2449 1194 2485 παραϐολὴν
1205 2448 1252 2482 τῆς
1262 2447 1356 2481 συκῆς.
1366 2446 1394 2471 Ὀ
1409 2445 1461 2480 γὰρ
1473 2444 1584 2478 Κύριος,
1602 2442 1670 2476 Τρία
1677 2441 1742 2475 ἔτη,
1755 2441 1822 2476 ἐφη-

1036 2503 1093 2526 σεν,
1118 2495 1239 2528 ἔρχομαι
1255 2491 1329 2525 πρὸς
1342 2490 1439 2524 αὐτὴν
1454 2489 1545 2523 ζητῶν
1561 2488 1686 2522 καρπὸν,
1700 2487 1750 2513 καὶ
1766 2487 1821 2519 οὐχ

1034 2541 1162 2574 εὑρίσκω
1172 2549 1178 2554 -
1200 2539 1215 2564 ὀ
1232 2538 1260 2567 δέ
1273 2537 1472 2573 ἀμπελουργὸς,
1497 2536 1593 2570 Ἄφες,
1609 2532 1697 2564 εἶπεν.
1713 2533 1820 2566 αὐτὴν,

1036 2587 1132 2620 Κύριε,
1147 2585 1196 2612 καὶ
1215 2584 1302 2611 τοῦτο
1315 2584 1347 2610 τὸ
1362 2584 1438 2616 ἔτος.

1070 2632 1189 2658 ΖΩΝΑΡ.
1218 2631 1305 2661 Ὅσοι,
1326 2629 1364 2662 δὲ,
1394 2628 1469 2664 φησὶ,
1490 2628 1526 2662 μή
1545 2635 1571 2654 τι
1590 2625 1757 2656 ὑποστάντες
1776 2624 1821 2650 ἀλ-

1035 2676 1134 2712 γεινὸν,
1164 2675 1207 2702 διὰ
1233 2675 1313 2709 φόϐον
1336 2674 1413 2709 μόνον
1437 2674 1483 2700 καὶ
1504 2671 1604 2698 δειλίαν
1619 2670 1818 2706 ηὐτομόλησαν,

1035 2711 1095 2748 ἀντὶ
1117 2720 1174 2752 τοῦ,
1190 2719 1266 2746 αὐτοὶ
1292 2718 1398 2749 ἑκόντες
1419 2716 1568 2752 προσῆλθον
1591 2717 1623 2750 τῇ
1644 2714 1739 2750 κακίᾳ,
1762 2711 1820 2741 εἶτα

1035 2768 1074 2798 εἰς
1099 2766 1241 2802 μετάνοιαν
1269 2764 1388 2795 ἀπεῖδον,
1413 2763 1468 2794 τοῖς
1487 2761 1615 2794 τοιούτοις
1630 2763 1646 2796 ἡ
1667 2761 1716 2797 τῆς
1737 2760 1820 2794 συκῆς
