1909 3069
210 99 264 128 Δ⁶75

741 98 771 127 S.
792 98 895 127 PETRI
915 97 1152 127 ALEXANDBINI
1171 98 1323 127 EPISCOPI

1785 100 1837 126 ετσ

212 169 224 184 ι
245 160 320 188 sunt,
339 156 380 183 vel
396 159 425 183 ut
441 155 487 191 qui
505 155 603 183 altaria
617 155 798 191 pervaserint,
809 157 851 184 vel
867 160 996 191 tanquam

1051 165 1060 181 ι
1078 155 1170 188 θόντες
1187 157 1207 172 ιο
1225 156 1341 192 βωμοὺς,
1359 157 1416 192 ἤτοι
1434 159 1472 189 ὡς
1488 156 1767 193 χειρογραφήσαντες,
1779 159 1837 194 ἦτοι

213 211 223 228 ι
246 202 292 237 qui
310 202 521 237 chirographum
537 201 673 234 dederint,
695 202 738 229 vel
763 206 794 229 ut
821 202 867 238 qui
895 209 944 238 pro
967 210 997 230 se

214 257 222 273 ι
245 248 372 276 ethnicos
399 247 582 280 immiserint;
599 247 681 274 etiam
705 247 730 275 si
754 248 878 275 nonnulli
900 255 995 275 eorum

213 305 224 322 ι
245 295 291 330 qui
312 294 431 322 confessi
457 299 533 326 sunt,
558 298 587 321 ut
616 294 718 325 audivi.
744 294 880 330 aliquibus
901 302 996 322 eorum

214 350 223 366 ε
247 341 421 376 ignoverunt.
444 340 574 376 quoniam
590 340 709 367 maxima
723 341 850 368 cautione
863 341 994 373 vitarunt,

215 398 224 414 ι
245 395 279 415 ne
294 388 346 423 ipsi
364 387 422 415 suis
439 387 564 415 manibus
575 387 663 422 ignem
676 386 807 419 lacerent,
819 390 846 413 et
858 387 997 414 daemonas

215 443 223 457 ι
247 433 369 468 impuros
387 431 509 459 sulIirent
526 441 532 458 :
550 431 613 458 licet
639 438 704 458 vero
734 439 767 459 ex
792 431 898 466 agentis
919 431 997 466 igno-

215 489 224 504 ι
247 479 334 505 rantia
361 486 409 505 eos
434 477 524 511 latuit,
551 478 692 505 semestris
714 481 804 504 tamen
830 477 997 512 paenitentia:

215 535 224 550 1
246 532 326 560 poena
341 525 395 552 illis
407 525 572 559 imponetur.
588 523 635 551 Sic
654 524 726 552 enim
743 523 794 559 ipsi
808 531 916 558 quoque
938 531 997 550 ma-

216 581 224 597 ι
247 572 288 607 gis
302 572 486 606 juvabuntur,
508 571 646 607 prophetae
660 571 761 598 dictum
777 571 953 603 meditantes,
969 574 997 598 et

216 627 224 642 ι
247 617 368 644 dicentes
386 626 392 644 :
411 616 518 644 Puellus
528 617 631 651 genitus
645 620 684 643 est
696 615 782 646 nobis,
792 616 866 650 [ilius
881 620 906 642 et
917 615 997 643 datus

215 673 224 688 ι
247 667 286 690 est
299 662 386 695 nobis,
401 663 477 694 cuius
496 663 662 697 principatus
676 662 754 689 estin
771 661 880 688 humero
901 670 959 693 suo,
972 667 996 689 et

215 720 224 735 ι
248 714 355 737 vocatur
366 717 459 736 nomen
470 708 538 743 ejus,
548 708 638 743 magni
653 708 759 735 consilii
769 707 883 742 Angelus
896 713 919 733 ι.
932 706 996 740 Qui,

215 763 225 780 ι
248 757 278 782 ut
293 754 380 786 scitis,
392 754 419 781 in
431 757 508 781 sexto
526 760 620 780 mense
633 752 832 788 conceptionis,
849 760 910 780 cum
926 753 996 781 alius

216 810 226 827 ι
249 795 340 828 infans
364 799 540 835 praedicasset
559 805 621 826 ante
634 798 774 826 adventum
792 799 849 833 ejus
870 800 997 834 paeniten-

215 856 224 872 ‹
249 848 314 873 tiam
326 847 352 873 in
366 845 546 872 remissionem
571 849 737 879 peccatorum
749 845 775 877 ι),
789 849 938 880 conceptus
953 849 996 873 est
1012 831 1033 860 Β

216 902 225 918 ι
248 896 276 920 et
302 893 360 927 ipse
388 891 422 918 ad
448 890 651 926 praedicandam
673 890 871 924 pmnitentiam.
890 890 995 918 Etenim

216 949 225 964 ι
250 944 381 973 utrosque
396 937 522 966 audimus
537 937 564 964 in
581 937 677 972 primis
688 937 867 972 prtedicantes
883 944 937 964 non
953 945 999 965 so-

216 994 225 1010 ι
249 985 305 1012 lum
321 984 355 1012 de
370 983 544 1019 pmnitentia,
561 982 609 1010 sed
629 987 655 1010 et
682 982 716 1010 de
739 990 823 1018 regno
838 983 969 1010 caelorum
989 993 995 1011 :

215 1041 224 1056 ‹
247 1031 320 1066 quod
336 1031 457 1066 quidem,
475 1033 506 1056 ut
522 1028 678 1063 didicimus,
695 1030 766 1056 intra
782 1038 828 1056 nos
840 1034 912 1062 este,
925 1029 998 1065 quod

215 1086 224 1102 ι
250 1084 329 1112 prope
340 1085 387 1104 nos
399 1076 433 1102 sit
446 1075 552 1103 verbum
569 1075 644 1110 quod
659 1075 798 1103 credimus
812 1076 838 1102 in
850 1085 894 1103 ore
907 1081 996 1104 nostro

215 1133 224 1149 I
248 1128 276 1152 et
289 1123 372 1151 corde
395 1127 502 1154 nostro,
518 1122 593 1158 quod
612 1122 692 1150 Jesus
706 1126 748 1150 est
763 1123 890 1151 Christus
910 1133 916 1151 :
941 1132 998 1151 cre-

215 1179 225 1196 ι
247 1169 337 1198 dentes
347 1170 374 1197 in
389 1169 467 1197 corde
479 1173 579 1200 nostra,
595 1168 664 1203 quod
681 1168 748 1196 Deus
763 1169 848 1203 ipsum
861 1170 997 1197 suscitavit

214 1226 224 1243 ι
247 1225 280 1244 ea;
294 1217 426 1243 mortuis:
442 1219 472 1243 ut
485 1215 533 1250 qui
553 1215 667 1242 audiant
692 1215 764 1250 quod
791 1215 869 1242 corde
893 1216 997 1250 quidem

213 1270 224 1289 ι
247 1261 366 1289 creditur
382 1261 416 1288 ad
428 1260 577 1296 justitiam,
590 1267 635 1286 ore
659 1264 747 1286 autem
771 1260 901 1294 confessio
915 1262 946 1295 ﬁt
961 1261 996 1288 ad

212 1316 224 1333 ι
244 1308 358 1336 salutem
369 1306 394 1335 ά.
418 1317 429 1334 ι

1050 211 1058 227 ι
1077 202 1115 234 ὡς
1144 202 1202 229 ἀνθ’
1229 203 1333 230 ἑαυτῶν
1352 203 1477 238 βαλόντες
1502 203 1634 235 ἐθνικοὺς,
1651 204 1676 230 ει
1699 203 1748 231 καί
1767 212 1837 230 τισιν

1049 257 1059 273 ι
1079 248 1168 275 αὐτῶν
1188 248 1378 284 συνεχώρησάν
1395 258 1466 281 τινες
1483 249 1537 276 τῶν
1552 249 1780 285 ὁμολογησάντων
1794 250 1836 280 ¹⁶’,

1049 301 1058 318 ι
1079 293 1117 324 ὡς
1128 294 1232 328 ἥκουσα
1249 294 1321 329 (ἐπεὶ
1335 294 1452 329 μάλιστα
1480 295 1551 322 κατὰ
1570 295 1670 331 πολλὴν
1693 294 1837 321 εὐλάϐειαν

1050 348 1059 364 ι
1079 338 1210 374 ἐξέφυγον
1230 340 1386 375 αὐτόχειρες
1407 340 1533 375 γενέσθαι
1546 341 1593 368 τοῦ
1611 341 1696 376 πυρὸς
1715 341 1764 367 καὶ
1789 340 1836 376 τῆς

1050 394 1059 411 ι
1079 385 1284 421 ἀναθυμιάσεως
1297 387 1351 413 τῶν
1366 387 1527 423 ἀκαθάρτων
1537 387 1691 423 δαιμόνων)’
1707 387 1770 413 ἐπεὶ
1784 387 1838 413 τοί-

1049 439 1059 456 ‹
1079 439 1126 457 νυν
1139 430 1233 457 ἔλαθεν
1249 431 1346 462 αὐτοὺς
1360 431 1437 467 ἀνοίᾳ
1448 431 1526 458 τοῦτο
1543 430 1698 467 πράξαντας
1713 432 1746 461 ¹¹,
1761 430 1836 465 ὅμως

1049 485 1059 502 ι
1078 476 1211 512 ἑξάμηνος
1225 477 1316 509 αὐτοῖς
1331 477 1519 512 ὲπιτεθὴσεται
1530 477 1578 512 τῆς
1592 478 1620 503 ἐν
1633 476 1765 512 μετανοίᾳ
1777 476 1836 502 ἐπι-

1049 531 1058 548 (
1078 523 1206 558 στροφῆς.
1222 522 1299 549 Οὕτω
1311 523 1364 559 γὰρ
1380 523 1480 558 μᾶλλον
1494 523 1541 549 καὶ
1558 523 1635 549 αὐτοὶ
1644 521 1836 557 ὠφεληθήσον-

1049 579 1059 595 ι
1076 578 1132 601 ται,
1163 569 1401 604 καταμελετῶντες
1425 569 1456 595 τὸ
1483 568 1650 605 προφητικὸν
1678 567 1772 603 ῥητὸν,
1789 567 1835 592 καὶ

1050 626 1058 642 ι
1076 616 1215 650 λέγοντες·
1231 615 1355 642 Παιδίον
1369 613 1514 649 ἐγεννήθη
1544 613 1616 649 ἡμῖν
1636 613 1711 647 υίὸς,
1742 613 1792 640 καὶ
1803 612 1834 627 ’⁸⁸

1050 672 1060 690 ι
1079 663 1167 697 ἐδόθη
1182 662 1264 697 ἡμῖν,
1275 660 1311 690 οὖ
1328 662 1346 696 ἡ
1358 661 1436 696 ἀρχὴ
1450 661 1499 687 ἐπὶ
1514 660 1568 687 τοῦ
1580 659 1662 695 ὤμου
1671 658 1778 690 αὑτοῦ,
1787 659 1836 685 καὶ

1050 720 1060 737 ι
1080 710 1211 738 καλεῖται
1225 709 1258 736 τὸ
1274 709 1367 744 ὄνομα
1379 707 1473 736 αὑτοῦ
1485 707 1618 742 μεγάλης
1631 706 1753 740 ,ϐουλῆς
1773 706 1837 739 Ἀτι-

1050 766 1060 783 ‹
1079 759 1176 792 γελος.
1195 757 1283 792 Ὅπερ
1300 756 1354 787 ¹¹¹“,
1370 755 1408 787 ὡς
1426 755 1493 786 τστε,
1510 755 1538 781 ὲν
1554 754 1592 789 τῷ
1611 754 1682 788 ἕκτῳ
1700 753 1767 788 μηνὶ
1787 752 1836 786 τῆς

1051 813 1060 830 ι
1079 803 1236 838 συλλήψεως
1252 802 1298 829 τοῦ
1315 801 1408 837 ἐτέρου
1420 801 1538 833 παιδίου,
1555 799 1601 826 τοῦ
1613 798 1837 835 προκηρύξαντος

1051 859 1060 875 ι
1083 849 1139 883 πρὸ
1151 847 1312 883 προσώπου
1322 847 1375 881 τῆς
1385 847 1505 874 εἰσόδου
1515 846 1608 873 αὺτοῦ
1617 845 1781 880 μετάνοιαν
1793 845 1837 876 εὶς

1051 905 1062 922 ι
1079 895 1188 930 ἄφεσιν
1207 894 1365 929 ἁμαρτιῶν,
1382 892 1532 929 συνελήφθη
1547 893 1593 919 καὶ
1608 891 1674 919 αὐτὸ
1687 892 1743 907 ³³³⁸·
1754 891 1839 926 κηρύ-

1051 951 1061 968 ‹
1083 941 1127 975 ξαι
1140 941 1292 977 μετάνοιαν.
1309 940 1363 967 Καὶ
1378 939 1432 976 γὰρ
1444 940 1490 966 καὶ
1501 939 1553 966 τῶν
1566 938 1728 974 ἀμφοτέρων
1738 937 1838 964 ἀκούο-

1053 998 1062 1015 ι
1080 997 1129 1024 μεν
1151 989 1180 1015 ὲν
1198 987 1316 1023 πρώτοις
1332 986 1519 1022 κηρυττόντων
1534 986 1555 1002 ¹²
1569 987 1599 1012 οὐ
1617 985 1696 1021 μόνον
1707 984 1773 1020 περὶ
1791 991 1839 1018 με·

1053 1044 1064 1062 ε
1081 1035 1200 1066 τανοίας,
1224 1034 1292 1060 ἀλλά
1307 1034 1355 1060 καὶ
1378 1034 1442 1069 περὶ
1458 1033 1594 1069 βασιλείας
1609 1031 1743 1067 οὐρανῶν,
1764 1030 1837 1065 ἥτις,

1053 1090 1062 1107 ι
1081 1081 1171 1113 καθὼς
1187 1080 1395 1116 μεμαθήκαμεν,
1407 1079 1493 1113 ἐντὸς
1502 1079 1586 1114 ἡμῶν
1598 1079 1676 1110 ἐστι,
1696 1077 1736 1112 τῷ
1747 1077 1838 1111 ἐγγὺς

1054 1137 1064 1152 ε
1080 1126 1164 1161 ἡμῶν
1172 1126 1248 1155 εἶναι
1262 1127 1296 1154 τὸ
1304 1126 1385 1162 ῥῆμα
1402 1126 1416 1152 ὃ
1435 1125 1598 1161 πιστεύομεν
1614 1125 1649 1152 ἐν
1659 1123 1699 1157 τῷ
1711 1124 1839 1158 στόματι

1054 1181 1063 1198 ι
1080 1171 1194 1199 ἑαυτῶν
1217 1172 1264 1198 καὶ
1292 1172 1320 1198 ἐν
1335 1173 1367 1207 τῇ
1390 1171 1487 1207 καρδίᾳ.
1506 1170 1608 1197 ἐαυτῶν
1620 1178 1627 1185 ·
1645 1169 1708 1205 περὶ
1731 1166 1766 1204 ἧς
1793 1169 1839 1194 καὶ

1053 1227 1062 1244 ι
1082 1217 1159 1244 αὐτοὶ
1171 1217 1400 1253 ὑπομνησθέντες,
1415 1217 1581 1253 μαθήσονται
1595 1216 1737 1252 ὁμολογεῖν
1751 1216 1781 1242 ἐν
1799 1215 1838 1250 τῷ

1054 1274 1063 1290 ι
1084 1265 1198 1300 στόματι
1213 1264 1316 1290 ἑαυτῶν
1339 1265 1371 1297 ι’,
1395 1265 1435 1291 ὃτι
1458 1263 1562 1299 Ἰησοῦς
1587 1262 1703 1299 Χριστός
1720 1262 1775 1297 (1)·
1792 1270 1839 1288 πι-

1055 1319 1064 1335 t
1083 1311 1243 1343 στεύοντες
1256 1310 1291 1337 ἐν
1306 1309 1343 1344 τῇ
1355 1310 1459 1344 καρδίᾳ
1469 1308 1593 1341 ἑαυτῶν,
1608 1307 1651 1334 ὅτι
1665 1310 1681 1335 ό
1696 1308 1770 1340 Θεὸς
1787 1308 1839 1334 αὐ⁴

214 1364 224 1380 ε
243 1354 298 1381 τὸν
307 1353 425 1388 ἤγειρεν
437 1353 472 1380 ἐκ
488 1352 609 1386 νεκρῶν
626 1350 673 1378 ἅτε
689 1351 720 1386 δὴ
755 1347 777 1365 ⁸⁵
798 1352 953 1387 ἀκούοντες,
965 1355 1007 1381 ὅτι
1019 1356 1126 1390 καρδίᾳ
1137 1356 1196 1391 μὲν
1211 1357 1379 1384 πιστεύεται
1396 1357 1418 1372 ¹¹
1434 1357 1477 1388 εὶς
1489 1354 1695 1388 δικαιοσύνην,
1711 1354 1839 1388 στόματι

215 1409 226 1427 ο
244 1400 278 1427 δὲ
292 1399 477 1434 ὁμολογεῖται
488 1400 532 1432 εις
542 1399 701 1433 σωτηρίαν.
722 1408 731 1424 ι

247 1447 327 1474 ΒΑις.
349 1446 378 1473 Si
393 1446 439 1480 qui
456 1450 545 1472 autem
561 1445 724 1472 simularunt
750 1452 780 1472 se
805 1445 839 1472 ad
859 1453 920 1473 aras
933 1445 994 1480 qui-

1083 1447 1180 1475 ΒΑΛΣ.
1203 1447 1234 1475 Et
1262 1446 1290 1474 δέ
1319 1455 1391 1479 τινες
1408 1447 1596 1483 ὑπεκρίθησαν
1620 1448 1670 1483 μὲν
1692 1448 1838 1484 προσιέναι

211 1495 274 1523 dem
286 1493 429 1526 accedere,
445 1493 485 1520 vel
499 1492 619 1520 scribere
626 1492 698 1527 quod
717 1491 795 1519 ﬁdem
811 1495 927 1527 negant;
939 1499 994 1519 non

1051 1493 1104 1524 τοῖς
1121 1492 1232 1528 βωμοῖς,
1247 1493 1306 1528 ἦτοι
1319 1492 1433 1528 γράψαι,
1451 1493 1491 1519 ὅτι
1508 1493 1650 1529 ἀρνοῦνται
1667 1483 1721 1528 τὴν
1733 1493 1837 1524 πίστιν,

213 1540 284 1569 unde
301 1544 391 1568 autem
406 1542 434 1566 et
448 1543 541 1574 aperte
557 1538 608 1565 hoc
621 1537 757 1570 iecerunt,
770 1538 816 1565 sed
829 1541 887 1565 arte
903 1538 994 1573 aliqua

212 1595 261 1615 eos
275 1586 322 1622 qui
338 1586 392 1613 vim
404 1583 566 1616 all‘erebant,
582 1583 744 1616 illuserunt;
762 1582 834 1610 sicut
850 1582 935 1610 David
949 1583 996 1618 qui

213 1624 243 1661 se
257 1632 387 1668 epilepsia
401 1635 558 1666 correptum
574 1629 714 1657 simulavit
726 1636 788 1656 cum
800 1628 904 1664 lugeret
928 1629 998 1656 Sau-

213 1680 277 1712 lem,
292 1683 319 1706 et
332 1682 404 1706 esset
415 1677 486 1712 apud
501 1677 686 1711 alienigenas;
700 1679 727 1703 et
741 1675 778 1701 ita
800 1679 914 1702 mortem
935 1682 998 1702 era-

213 1725 250 1752 sit
264 1733 271 1751 :
287 1724 430 1750 illuserunt
447 1726 537 1749 autem
551 1721 725 1748 inimicorum
738 1719 863 1753 insidias,
878 1725 908 1747 ut
916 1720 997 1754 puelli

212 1771 331 1799 consilio
357 1769 556 1805 prudentiaque
587 1767 691 1802 praediti
715 1774 816 1802 pueros
838 1766 998 1801 insipientes

212 1816 328 1845 eludunt
343 1825 350 1843 :
369 1815 467 1849 impios
477 1814 550 1842 enim
565 1813 727 1845 fefellerunt,
746 1812 818 1847 quod
843 1811 999 1839 sacriﬁcare

213 1862 322 1897 quidem
344 1860 396 1887 visi
422 1863 496 1891 sunt,
512 1866 567 1885 non
587 1863 678 1885 tamen
692 1858 903 1885 sacriﬁcarunt:
928 1856 999 1884 forte

213 1908 286 1936 enim
305 1914 354 1942 pro
373 1914 403 1934 se
418 1905 542 1932 ethnicos
563 1904 605 1931 vel
620 1903 741 1930 inﬁdeles
759 1903 955 1934 submiserunt,
971 1906 998 1929 et

215 1961 263 1989 per
289 1953 351 1980 illos
374 1951 530 1980 sacriﬁcare
552 1951 626 1986 ipsos
642 1949 835 1989 existimarunt
853 1958 860 1975 :
877 1949 927 1980 eis,
955 1949 998 1975 in-

215 1987 285 2036 quit,
308 2003 440 2028 semestre
465 2002 572 2032 tempus
592 1991 706 2024 sulliciet
731 1987 770 2022 ad
797 1995 997 2031 pwnitentiam.

214 2046 273 2074 Etsi
286 2046 358 2074 enim
374 2052 428 2072 non
443 2043 639 2073 sacriﬁcarunt.
656 2041 720 2076 quia
737 2045 828 2068 tamen
843 2041 999 2068 sacriﬁcare

215 2091 330 2128 polliciti
355 2094 429 2121 sunt,
449 2090 491 2116 vel
516 2089 585 2116 alios
612 2087 809 2119 submiserunt,
839 2086 998 2122 paenitentia

216 2136 340 2171 indigere
356 2139 420 2162 sunt
435 2133 602 2167 existimati;
618 2132 727 2160 etiamsi
748 2132 888 2160 nonnullis
902 2140 996 2160 eorum

215 2184 378 2218 ignoverunt
404 2180 526 2216 quidam,
547 2180 593 2215 qui
616 2187 665 2215 pro
681 2180 732 2207 ﬁde
751 2178 937 2206 testimonium
952 2178 999 2204 de-

1050 1538 1081 1564 οὐ
1094 1538 1241 1573 γυμνῶςγδὲ
1262 1537 1308 1564 καὶ
1324 1538 1448 1574 φανερῶς
1461 1538 1541 1565 τοῦτο
1555 1538 1696 1574 ἐποίησαν,
1712 1538 1782 1565 ἀλλά
1794 1539 1839 1566 διὰ

1050 1592 1122 1615 τινος
1146 1583 1256 1619 μεθόδου
1269 1583 1407 1617 διέπαιξαν
1429 1585 1492 1616 τοὺς
1517 1584 1657 1619 βιάζοντας
1675 1585 1786 1617 αὐτοὺς,
1800 1585 1838 1617 ὡς

1050 1628 1064 1654 ό
1081 1628 1163 1655 Δαϐὶδ
1179 1629 1222 1655 ὅτε
1242 1629 1286 1656 τὸν
1300 1630 1448 1665 ἐπίληπτον
1475 1630 1620 1666 ὑπεκρίθη,
1646 1630 1755 1665 φεύγων
1793 1631 1838 1658 τὸν

1049 1675 1145 1706 Σαοὺλ,
1163 1676 1210 1701 καὶ
1231 1675 1299 1711 πρὸς
1320 1677 1382 1708 τοὺς
1413 1676 1577 1710 ἀλλοφύλους
1602 1676 1762 1711 γενόμενος,
1791 1676 1839 1703 καὶ

1048 1719 1120 1747 οὓτω
1133 1721 1178 1747 τὸν
1192 1721 1305 1748 θάνατον
1321 1721 1484 1756 διαπέφευγε
1495 1731 1502 1737 ·
1519 1722 1659 1755 διέπαιξαν
1674 1722 1702 1748 δὲ
1718 1722 1768 1754 τὰς
1783 1722 1838 1748 τῶν

1049 1766 1153 1802 ἐχθρῶν
1175 1766 1329 1798 ἐπιϐουλὰς,
1354 1767 1391 1799 ὡς
1418 1767 1510 1794 παιδία
1535 1767 1694 1802 βουλευτικὰ
1714 1767 1838 1803 ἔμφρονα

1049 1812 1233 1844 διαπαίζουσιν
1259 1812 1379 1848 ἄφρονας
1407 1812 1520 1843 παῖδας·
1536 1812 1680 1847 ἠπάτησαν
1702 1812 1757 1848 γὰρ
1774 1813 1839 1844 τοὺς

1049 1857 1167 1891 ἀσεϐεῖς,
1191 1858 1236 1884 διὰ
1255 1859 1285 1885 τὺ
1306 1859 1380 1892 δόξαι
1410 1858 1459 1894 μὲν
1474 1859 1558 1890 θύειν,
1578 1858 1614 1894 μὴ
1632 1858 1711 1885 θῦσαι
1726 1858 1773 1885 δέ’
1791 1867 1839 1885 τυ-

1049 1903 1096 1938 χὸν
1111 1905 1167 1940 γὰρ
1180 1904 1237 1931 ἀνθ’
1263 1904 1367 1931 ἑαυτῶν
1379 1904 1511 1932 ὑπέϐαλον
1526 1904 1647 1936 ἐθνικοὺς
1663 1905 1680 1940 ἢ
1695 1904 1837 1936 ἀπίστους,

1050 1950 1097 1976 καὶ
1110 1950 1143 1976 δι’
1160 1950 1270 1978 ἐκείνων
1295 1950 1422 1986 ἐνόμισαν
1446 1950 1604 1977 τεθυκέναι·
1621 1951 1677 1981 τοῖς
1695 1949 1840 1982 τοιούτοις,

1050 1995 1144 2030 φησὶν,
1174 1994 1308 2031 ἑξάμηνος
1331 1995 1425 2031 καιρὸς
1439 1996 1542 2031 ἀρκέσῃ
1555 1996 1593 2028 εἰς
1607 1994 1762 2030 μετάνοιαν.
1780 1996 1840 2022 Κᾶν

1049 2042 1103 2077 γὰρ
1118 2042 1167 2068 οὐκ
1179 2041 1287 2073 ἔθυσαν,
1306 2041 1362 2068 ἀλλ’
1379 2042 1420 2068 ὁτι
1436 2041 1576 2068 συνέθεντο
1598 2041 1677 2068 θῦσαι
1693 2041 1710 2078 ἢ
1728 2041 1840 2077 ἐτέρους

1050 2089 1193 2119 ὑπέὸαλον,
1207 2088 1386 2123 ἐλογίσθησαν
1393 2087 1495 2115 δεῖσθαι
1508 2088 1662 2124 μετανοίας,
1675 2089 1699 2114 εἰ
1711 2088 1758 2114 καί
1768 2096 1840 2114 τισιν

1050 2134 1138 2160 αὐτῶν
1163 2133 1354 2169 συνεχώρησάν
1371 2142 1444 2165 τινες
1458 2134 1512 2160 τῶν
1527 2133 1760 2169 μαρτυρησάντων
1770 2134 1841 2169 ὑπὲρ

1051 2181 1100 2216 τῆς
1130 2181 1256 2212 πίστεως.
1291 2180 1447 2212 Ἀπεικάζει
1472 2180 1500 2206 δὲ
1522 2180 1630 2212 τούτους
1643 2180 1722 2206 παισὶ
1736 2180 1786 2215 μὲν
1803 2180 1840 2211 ὡς

215 2229 292 2256 dere.
305 2227 359 2256 Eos
371 2230 461 2254 autem
480 2225 573 2261 pueris
587 2225 696 2261 quidem
710 2224 825 2256 confert.
844 2225 930 2258 utqui
944 2231 996 2250 non

1053 2226 1089 2262 μὴ
1111 2226 1244 2262 ἀνδρικῶς
1272 2227 1521 2258 ἀντικαταστάντας
1542 2228 1598 2258 τοῖς
1622 2226 1842 2261 είδωλολάτραις,

213 2276 329 2303 viriliter
341 2273 494 2301 idololatris
507 2273 684 2304 restiterunt;
694 2271 874 2306 prudentibus
887 2278 962 2304 vero,
970 2274 996 2297 ul

1051 2272 1167 2308 ἐμφροσι
1197 2273 1225 2299 δὲ
1248 2273 1286 2305 ὡς
1304 2272 1456 2308 εὐμεθόδως
1479 2273 1528 2308 τὴν
1544 2273 1639 2300 θυσίαν
1652 2273 1839 2303 ἐκκλίναντας.

214 2321 262 2357 qui
279 2319 394 2347 artiﬁcio
407 2318 541 2346 sacriﬁcia
552 2317 734 2345 declinarunt.

251 2365 353 2394 Zomn.
375 2364 404 2392 Si
425 2364 472 2399 qui
496 2371 562 2391 vero
576 2363 610 2390 ad
625 2370 688 2390 aras
703 2363 812 2398 quidem
827 2369 856 2390 se
870 2361 996 2389 accedere

1086 2362 1251 2388 ΖΩΝΑΡ.Εὶ
1277 2363 1305 2389 δέ
1332 2371 1403 2395 τινες
1422 2362 1610 2399 ὑπεκρίθησαν
1629 2362 1678 2398 μὲν
1699 2363 1844 2398 προσιέναι

216 2412 392 2444 simularunt,
405 2414 452 2437 aut
464 2409 584 2437 scribere
596 2408 668 2444 quod
680 2408 759 2436 ﬁdem
775 2413 886 2443 negant,
901 2415 996 2435 verum

1051 2410 1107 2440 τοῖς
1121 2408 1231 2444 βωμοῖς,
1245 2409 1304 2444 ἦτοι
1323 2409 1437 2444 γράψαι,
1455 2410 1497 2436 ὅτι
1513 2409 1656 2444 ἀρνοῦνται
1672 2402 1721 2444 τὴν
1738 2409 1841 2441 πίστιν.

252 2497 266 2512 ι
279 2489 335 2518 ιω.
353 2497 391 2522 ix,
403 2488 430 2516 6.’
469 2488 482 2508 ιι
496 2487 562 2515 Luc.
576 2495 596 2519 ι,
617 2485 660 2519 76,
680 2485 722 2514 77.
762 2491 773 2505 ε
786 2484 851 2512 Luc.
869 2484 990 2515 xvu,2l.

1057 2484 1132 2513 Rom.
1145 2494 1172 2518 χ,
1187 2485 1263 2513 8-10.

850 2555 966 2584 VARUS
986 2555 1185 2585 LECTIONES.

266 2629 288 2646 ¹⁹
306 2628 492 2661 διελθόντας...
524 2628 827 2664 χειρογραφῄσανταςν.
856 2626 993 2664 βαλόντας.
1021 2626 1077 2664 _‘°'
1097 2627 1282 2664 ὁμολογητῶν.
1339 2629 1357 2644 ¹¹
1383 2627 1430 2654 τοῦ
1456 2627 1616 2664 πράξαντος.
1676 2628 1841 2664 ¹¹Ἀὲγενήθη

216 2666 293 2700 ἡμῖν,
309 2664 368 2695 υίὸς
378 2660 452 2700 καις
475 2664 517 2700 "'_‘
525 2660 627 2700 amp:
663 2660 720 2700 1""
737 2661 827 2700 aures:
845 2660 887 2700 ρξ’
907 2660 1120 2700 κηρυσσόντωνζ
1145 2660 1235 2700 {inept
1247 2660 1279 2698 ἧς
1293 2663 1338 2689 καὶ
1351 2663 1425 2690 αὐτοὶ
1441 2660 1658 2699 ὑπομνησθέντες
1674 2660 1841 2699 μαθήσονται

216 2686 396 2735 δῶλόγεῖνιὲν
410 2698 449 2733 τῷ
465 2698 579 2733 στόματι
593 2686 697 2724 ἑαυτῶν
716 2705 770 2724 om.
806 2686 828 2712 θ’
843 2696 881 2724 δέ.
920 2686 1130 2724 “lacessiere...
1148 2686 1310 2733 ὁμολὶγεῖτε.

250 2768 290 2802 tl)
305 2768 363 2794 Ὅτι
383 2769 497 2801 Ἰησοῦς
513 2769 650 2802 Χριστός.
664 2767 818 2795 Harduinus
829 2768 855 2795 in
871 2774 920 2795 sua
934 2767 1002 2794 Con-

215 2803 337 2837 ciliorum
353 2803 472 2837 editione
496 2810 529 2829 ex
554 2810 606 2837 Ins.
629 2802 713 2837 Regio
737 2803 817 2834 2038,
838 2804 878 2829 ὅτι
903 2802 1002 2837 Κύριος

187 2846 196 2857 σ
224 2836 387 2870 ’1ησοῦς.5ἱα
401 2836 514 2871 Bonn.x,
529 2837 554 2864 9.
571 2835 642 2865 Idem
658 2835 738 2871 paulo
751 2842 822 2872 post,
836 2837 882 2864 ἀτε
899 2835 1001 2872 δη.ἸΙίο

1054 2773 1143 2795 autem
1169 2768 1244 2796 locus
1267 2774 1347 2802 paulo
1372 2767 1449 2794 aliter
1469 2767 1580 2796 ell‘crtur
1604 2767 1632 2795 in
1662 2767 1728 2795 edit.
1755 2766 1840 2794 Paris.

1056 2803 1166 2831 Zonara:
1180 2807 1206 2832 et
1220 2802 1399 2831 Balsamonis.
