1909 3069
50 115 101 144 ιτι

673 113 840 142 EPISTOLA
859 111 1044 142 CANONICA.

1623 109 1677 140 678

52 174 81 201 οὗ
101 173 214 215 γυμνῶς
238 174 268 200 δέ
287 174 317 200 τὰ
327 173 394 209 πρὸς
415 173 528 209 ἄρνησιν
547 172 679 208 ἔγραψαν,
706 172 767 199 ἀντὶ
792 172 839 198 τοῦ

905 180 951 208 [me
963 172 997 199 ad
1016 171 1224 207 abnegationem
1247 173 1372 206 spectant
1387 177 1442 198 non
1458 169 1531 197 nude
1558 168 1677 203 scripse-

52 220 101 247 οὐκ
123 218 384 255 ἀπαρακαλύπτος,
402 218 430 245 οὐ
458 219 592 255 φανερῶς,
616 218 684 245 ἀλλὰ
705 219 749 245 διά.
772 223 845 246 τινος

54 262 164 299 μεθόδου
178 262 321 296 διέπαιξαν
336 264 399 294 τοὺς
421 263 562 298 βιάζοντας
576 263 684 296 αὐτοὺς,
702 263 741 295 ὡς
759 264 773 290 ό
791 264 844 289 Δα-

54 308 96 334 ειδ
116 308 161 334 ὅτε
174 308 220 334 τὸν
234 308 383 344 ἐπίληπτον
405 308 537 344 ὺπεκρίθη
564 308 673 343 φεύγων
687 308 734 334 τὸν
749 308 844 339 Σαοὺλ,

55 355 101 381 καὶ
116 354 186 389 πρὸς
204 355 270 386 τοὺς
295 354 461 390 ἀλλοφύλους
474 354 629 389 γενόμενος,
645 354 693 381 καὶ
713 353 784 381 οὕτω
800 354 847 381 τὸν

55 400 169 428 θάνατον
195 400 376 435 διαπέφευγε·
406 400 547 433 διέπαιξαν
574 400 613 432 δὲ,
631 401 708 436 φησὶ,
726 399 847 432 τὰς’τῶν

56 447 159 482 ἐχθρῶν
182 447 340 479 ἐπιϐουλὰς,
361 447 398 480 ὡς
412 447 505 474 παιδία
525 446 694 482 βουλευτικὰ,
711 446 844 481 ἔμφρονα,

57 493 185 529 φρόνιμα,
196 493 243 520 καὶ
256 492 374 525 συνετῶς
382 493 482 528 δηλαδὴ
494 493 683 528 βουλευόμενα,
695 491 848 524 διαπαίζουο

57 548 97 566 σιν
105 541 134 566 ἐν
141 539 243 575 ἄφροσι
251 539 518 575 παιδίοις,Ἔμφροσι
524 539 552 566 δὲ
560 537 702 571 ἀπεικάζει
710 539 773 570 τοὺς
779 538 848 565 ἀπα-

57 588 193 621 τήσαντας
200 586 265 618 τοὺς
272 586 389 618 ἀσεὸεῖς,
402 587 447 612 καὶ
455 585 583 619 δόξαντας
594 586 643 621 μὲν
652 585 736 617 θύειν,
751 585 788 620 μὴ
800 584 847 611 θύ-

59 640 154 663 σαντας
164 632 204 658 δέ·
221 632 358 668 ἔμφρονας
368 632 416 668 μὲν
423 632 459 664 ὡς
470 631 518 667 τὴν
529 632 622 658 θυσίαν
630 631 698 662 τέως
708 631 848 657 ἐκκλίναν-

58 686 104 709 τεις
111 677 144 693 ¹⁸⁶
155 686 162 692 ·
177 678 315 710 παιδείους
323 678 362 709 δὲ,
372 679 410 710 ὡς
420 678 457 714 μὴ
466 678 567 705 τέλειον
575 678 621 705 καὶ
626 677 758 714 ἀνδρῶδες
764 677 820 704 ἐνδε
825 687 847 703 ι-

59 724 190 759 ξαμένους
198 724 336 760 φρόνημα,
347 725 394 751 καὶ
402 724 532 759 γενναίως
538 724 785 755 ἀντικαταστάντας
793 725 848 755 τοῖς

59 770 276 806 εἰδωλολάτραις,
294 770 350 797 ἀλλ’
363 771 436 806 ὅμως
459 770 640 806 συνθεμένους
655 771 746 804 θῦσαι,
763 771 788 797 εἰ
801 770 848 797 καί

58 825 127 849 τινες
139 817 186 833 ¹⁸¹¹
203 816 261 843 ἀνθ’
276 817 380 844 έαυτῶν
391 817 524 844 ὑπέϐαλον
537 817 670 850 ἐθνικοὺς,
686 818 769 853 ῆγουν
783 817 848 844 ἀπί-

60 871 153 895 στους,
182 863 231 889 καὶ
262 862 373 889 ἐκείνων
407 862 545 890 θυσάντων
571 863 750 899 ἐνομίσθησαν
774 863 850 889 αὐτοὶ
866 853 886 880 Β

57 909 211 936 τεθυκέναι.
244 909 308 940 Τοῖς
323 909 463 942 τοιούτοις,
494 910 585 945 φησὶν,
601 910 735 945 ἑξάμηνος
754 910 849 945 καιρὸς

59 955 203 991 ἐξαρκέσει
220 956 261 987 εἰς
287 955 439 990 μετάνοιαν.
462 955 522 982 Κᾶν
535 956 589 991 γὰρ
608 956 658 982 οὐκ
669 956 778 988 ἔθυσαν,
791 956 849 982 ἀλλ’

58 1003 97 1028 ὅτι
122 1001 268 1028 συνέθεντο
293 1002 383 1034 θῦσαι,
405 1003 422 1038 ἤ
453 1003 494 1030 ὃτι
513 1003 622 1039 ἑτέρους
646 1002 789 1034 ὑπέὸαλον,
803 1003 850 1028 καὶ.

58 1046 151 1080 ἔδοξαν
168 1047 247 1073 αὐτοὶ
265 1046 354 1080 θῦσαι,
374 1047 552 1083 ἐλογίσθησαν
570 1047 673 1074 δεῖσθαι
696 1048 849 1084 μετανοίας,

60 1093 83 1117 εὶ
96 1091 143 1118 καί
157 1100 230 1117 τισιν
249 1092 339 1118 αὐτῶν
355 1092 545 1129 συνεχώρησάν
558 1101 630 1125 τινες
647 1093 700 1119 τῶν
717 1092 850 1128 ὁμολογη-

61 1137 176 1164 σάντων.
192 1137 272 1169 Τινὲς
284 1138 338 1173 γὰρ
346 1138 400 1165 τῶν
414 1139 644 1175 μαρτυρησάντων
654 1139 701 1165 καὶ
712 1138 851 1166 παθόντων

61 1183 131 1219 ὑπὲρ
145 1184 197 1217 τῆς
223 1183 342 1216 πίστεως
363 1184 554 1220 συνεχώρησαν
575 1186 631 1217 τοῖς
652 1185 695 1212 διὰ
721 1185 850 1220 μεθόδων,

61 1229 97 1260 ὡς
120 1229 240 1265 εἴρηται,
266 1230 303 1265 μὴ
319 1229 426 1262 θύσασι,
446 1230 493 1257 καὶ
510 1230 632 1263 ἐδέξαντο
655 1232 752 1263 αὐτοὺς
784 1231 852 1266 μετὰ

62 1275 115 1302 τῶν
141 1275 258 1308 πιστῶν,
283 1276 324 1302 ὅτι
343 1276 474 1312 ἐξέφυγον
490 1277 666 1313 πολυτρόπως
679 1278 709 1304 τὸ
726 1278 852 1305 θυσιάσαι

63 1321 117 1352 τοῖς
130 1319 252 1355 δαίμοσι.
267 1320 315 1347 Διὰ
329 1320 357 1347 δὲ
367 1321 416 1356 τὴν
437 1320 570 1356 ἑξάμηνον
589 1321 758 1357 προθεσμίαν
769 1322 853 1357 ἐμνή-

66 1366 114 1401 σθη
140 1366 188 1393 τοῦ
221 1366 264 1393 διὰ
288 1367 407 1402 Γαϐριὴλ
431 1368 597 1403 μηνύματος,
618 1367 664 1394 τοῦ
681 1369 710 1394 ἐν
722 1367 761 1402 τῷ
782 1367 853 1402 ἕκτῳ

65 1413 129 1448 μηνὶ
159 1413 211 1448 τῆς
238 1413 393 1449 συλλήψεως
416 1413 462 1440 τοῦ
485 1414 658 1449 Πρώρόμου,
693 1415 721 1440 ἐν
745 1411 767 1448 ᾧ
791 1422 853 1440 συν-

64 1459 169 1495 ελήφθη
197 1461 212 1486 ό
237 1459 349 1495 Κύριος.
379 1460 518 1496 Ἐπιφέρει
542 1460 570 1486 δὲ
591 1460 637 1486 καὶ
658 1460 770 1496 ῥήματα
783 1460 852 1486 ἀπο-

66 1505 187 1532 στολικῶ

897 222 970 248 runt.
984 218 1036 247 hoc
1052 221 1094 246 est
1105 225 1160 245 non
1171 217 1326 248 manifeste,
1339 224 1393 244 non
1406 220 1514 252 aperte;
1532 215 1579 243 sed
1593 215 1679 242 artiﬁ-

896 264 940 291 cio
952 263 1071 298 quodam
1085 270 1133 290 eos
1147 263 1195 298 qui
1208 262 1262 290 vim
1278 261 1433 289 inferebant
1448 261 1579 289 ludiﬁcati
1590 263 1655 288 sunt
1668 268 1676 287 :

896 316 925 339 ut
940 310 1035 343 David,
1052 310 1098 345 qui
1111 310 1175 337 dum
1191 309 1300 336 Saulem
1315 309 1428 344 fugeret,
1447 316 1479 335 ac
1500 308 1534 335 ad
1554 307 1680 343 alienige-

895 366 946 386 nas
961 357 1126 388 devenissct,
1151 363 1182 384 se
1206 356 1380 391 epilepticum
1397 355 1484 387 ﬁnxit,
1498 362 1584 390 eoque
1600 357 1680 390 pacto

896 407 1011 431 mortem
1025 403 1146 430 evitavit.
1160 401 1305 429 Ludiﬁcati
1318 408 1400 436 porro
1415 405 1489 432 sunt,
1506 401 1605 436 inquit,
1624 400 1678 427 ini-

896 449 1030 476 micorum
1045 447 1178 480 insidias;
1192 447 1277 474 veluti
1293 446 1369 481 pueri
1387 446 1546 481 prudentes,
1563 445 1679 473 consilio

896 492 1026 519 nimirum
1041 499 1073 520 ac
1085 492 1228 528 prudentia
1245 491 1364 526 praediti,
1382 490 1484 525 quique
1508 490 1613 518 scilicet
1635 497 1681 518 so-

896 539 979 566 lerter
995 540 1140 567 consilium
1157 539 1308 573 capientes,
1326 537 1487 572 insipientes
1499 545 1598 572 pueros
1618 537 1681 563 illu-

897 585 976 612 dunt.
991 584 1176 612 Prudentibus
1199 587 1289 611 autem
1314 587 1454 617 comparat
1471 590 1519 610 eos
1543 589 1558 609 a
1582 582 1681 617 quibus

896 631 1003 666 decepti
1020 635 1083 658 sunt
1095 630 1182 666 impii,
1195 631 1298 666 quique
1309 638 1370 658 cum
1385 639 1440 657 non
1455 624 1681 660 sacriﬁcaverint,

898 676 1056 704 sacriﬁcare
1070 675 1250 703 nihilominus
1263 675 1315 703 visi
1339 679 1422 708 sunt;
1450 674 1599 710 prudentes
1622 673 1683 707 qui-

897 722 971 753 dem,
988 721 1074 756 utqui
1090 720 1257 748 sacriﬁcium
1273 727 1396 755 eousque
1416 719 1575 746 evitaverint
1593 727 1600 745 :
1617 725 1683 753 pue-

899 776 944 797 ros
961 773 1062 800 autem,
1079 767 1153 802 quod
1169 766 1320 802 perfectum
1335 773 1367 793 ac
1384 766 1490 793 virilem
1505 772 1616 792 sensum
1633 764 1684 790 mi-

898 815 972 842 nime
984 813 1132 845 induerint,
1152 821 1203 840 nec
1219 819 1350 848 generose
1373 811 1507 838 idolorum
1531 810 1684 838 cultoribus

901 859 1097 895 repugnarint;
1115 866 1209 886 verum
1234 865 1263 886 se
1281 857 1486 885 sacriﬁcaturos
1511 859 1576 884 sunt
1600 855 1683 891 pacti,

899 907 981 934 etiam
990 907 1011 934 si
1021 905 1153 941 quosdam
1170 911 1219 940 pro
1241 911 1271 932 se
1286 902 1474 936 submiserint,
1486 902 1622 934 ethnicos,
1632 901 1684 928 hoc

900 955 953 984 est,
979 951 1112 982 inﬁdeles,
1144 950 1234 986 iisque
1258 949 1490 980 sacriﬁcantibus,
1513 948 1564 983 ipsi
1581 948 1686 976 sacriﬁ-

900 1005 979 1025 casse
990 996 1139 1025 existimati
1158 1000 1232 1024 sunt.
1248 996 1402 1031 Ejusmodi,
1417 995 1516 1029 inquit,
1528 993 1686 1021 hominibus

901 1047 1034 1071 semestre
1048 1047 1155 1077 tempus
1169 1042 1202 1069 ad
1214 1041 1401 1076 pmnitentiam
1418 1040 1543 1067 sulliciet.
1555 1038 1622 1065 Nam
1633 1039 1685 1066 etsi

901 1089 1013 1116 minime
1027 1088 1221 1121 immolarunt;
1243 1092 1332 1114 tamen
1357 1086 1420 1120 quia
1444 1093 1474 1112 se
1498 1084 1686 1111 immolaturos

900 1138 965 1163 sunt
979 1134 1062 1169 pacti,
1079 1135 1120 1161 vel
1144 1133 1217 1169 quod
1246 1133 1314 1160 alios
1340 1132 1501 1163 submisere,
1518 1130 1625 1166 ipsique
1638 1129 1687 1156 im-

901 1180 1020 1208 molasse
1047 1184 1112 1207 sunt
1141 1179 1204 1209 visi.
1233 1178 1393 1214 pcenitentia
1419 1176 1541 1211 indigere
1570 1173 1687 1209 judicati

902 1230 967 1254 sunt
985 1235 992 1253 :
1011 1226 1063 1254 etsi
1079 1225 1243 1261 quibusdam
1261 1232 1294 1252 ex
1315 1224 1382 1259 ipsis
1408 1221 1532 1249 nonnulli
1545 1220 1686 1248 confesso-

903 1281 962 1300 rum
978 1274 1116 1308 ignovere.
1132 1271 1233 1299 Eorum
1249 1278 1345 1306 nempe
1365 1269 1476 1304 quidam
1501 1269 1548 1303 qui
1574 1274 1603 1295 se
1626 1265 1687 1293 ﬁdei

902 1324 987 1347 testes
1003 1319 1186 1347 exhibuerunt
1210 1325 1242 1344 ac
1259 1325 1308 1353 pro
1326 1317 1378 1343 ﬁde
1400 1318 1465 1343 sunt
1480 1315 1565 1349 passi,
1592 1313 1626 1341 iis
1641 1313 1687 1348 qui

904 1365 1020 1393 artiﬁcio
1036 1364 1167 1400 quodam,
1180 1367 1210 1391 ut
1227 1363 1330 1390 dictum
1345 1365 1397 1394 est,
1412 1369 1469 1388 non
1483 1359 1686 1390 sacriﬁcarunt,

903 1411 1045 1446 ignovere,
1062 1417 1093 1436 ac
1108 1409 1170 1436 illos
1187 1415 1250 1436 cum
1276 1407 1402 1434 ﬁdelibus
1417 1405 1450 1433 ad
1467 1404 1687 1432 communionem

904 1456 1050 1488 admisere,
1079 1454 1153 1490 quod
1178 1461 1213 1481 ne
1239 1452 1408 1480 daemonibus
1436 1450 1607 1478 immolarent
1632 1453 1689 1476 stu-

905 1504 982 1532 diose
992 1503 1157 1530 vitaverunt.
1173 1500 1259 1528 Porro
1270 1499 1352 1533 hujus
1367 1497 1508 1525 semestris
1522 1495 1632 1523 termini
1643 1501 1690 1522 oc-

65 1551 188 1583 casione,
208 1552 431 1579 Annuntiationis
448 1559 497 1587 per
510 1551 663 1579 Gabrielem
693 1551 772 1579 facta
793 1550 926 1582 meminit,
945 1553 1024 1577 sexto
1039 1555 1133 1576 mense
1147 1544 1335 1580 conceptionis
1350 1542 1543 1574 Prmcursoris,
1558 1548 1612 1576 quo
1622 1547 1689 1567 con-

65 1602 161 1634 ceptus
175 1603 218 1627 est
229 1598 370 1627 Dominus.
388 1598 456 1626 Tum
475 1599 624 1634 apostolica
637 1599 718 1627 verba
730 1598 888 1634 subjungit:

370 1645 489 1671 ΚΑΝΩΝ
509 1646 554 1678 ς’.

103 1699 114 1716 ‹
131 1691 196 1722 Τοῖς
218 1690 246 1716 δὲ
261 1691 370 1723 δούλους
391 1691 570 1727 Χριστιανοὺς
589 1690 646 1717 ἀνθ’
665 1690 769 1718 ἑαυτῶν
791 1691 857 1717 ὐπο-

70 1746 79 1762 :
96 1736 269 1771 ϐεϐληκὸσιν,
284 1737 313 1775 pi
331 1737 379 1772 μὲν
389 1736 487 1768 δοῦλοι,
505 1736 542 1768 ὼς
554 1737 587 1763 ἂν
599 1736 750 1772 ὑποχείριοι
767 1735 853 1768 ὄντες,

70 1792 80 1809 ι
97 1784 144 1810 καὶ
154 1783 254 1819 τρόπον
261 1783 323 1810 τινὰ
332 1784 377 1810 καὶ
388 1784 463 1810 αὐτοὶ
471 1783 682 1818 φυλακισθέντες
693 1784 745 1810 ὑπὸ
753 1784 806 1810 τῶν
817 1783 857 1810 δε-

71 1840 79 1855 ι
93 1830 211 1862 σποτῶν,
219 1829 463 1865 καταπειληθέντες
470 1830 604 1856 τε¹⁸⁶”’ὑπ’
612 1830 700 1856 αὐτῶν
709 1830 755 1856 καὶ
762 1829 804 1857 διὰ
812 1829 856 1856 τὸν

71 1886 80 1902 ι
99 1876 181 1911 φόὸον
193 1876 282 1902 αὐτῶν
293 1877 333 1907 εις
342 1875 420 1902 τοῦτο
431 1875 588 1912 ἐληλυθότες
600 1876 647 1901 καὶ
656 1875 855 1911 ὸλισθήσαντες,

71 1931 78 1946 ι
96 1922 126 1948 ἐν
143 1922 212 1937 ""“
227 1920 343 1956 ἐνιαυτῷ
356 1921 389 1947 τὰ
407 1920 455 1955 τῆς
481 1921 623 1955 μετανοίας
639 1920 708 1957 ἔργα
730 1920 856 1951 δείξουσι,

44 1980 47 1981 ν
71 1976 79 1992 ι
101 1967 282 2002 μανθάνοντες
293 1967 340 1993 τοῦ
348 1966 451 1998 λοιποῦ,
461 1966 497 1998 ὡς
508 1966 595 1993 δοῦλοι
604 1966 722 2002 Χριστοῦ
734 1967 818 1993 ποιεῖν
827 1966 858 1993 τὸ

71 2023 80 2039 ι
100 2014 208 2049 θέλημα
225 2012 273 2039 τοῦ
290 2012 408 2048 Χριστοῦ
424 2012 514 2044 ""'“,
531 2014 578 2039 καὶ
601 2012 741 2047 φοῦεῐσθαι
758 2012 855 2039 αὐτόν·

70 2068 79 2084 ‹
97 2059 243 2090 ἀκούοντες
261 2058 388 2093 μάλιστα,
404 2058 443 2084 ὅτι
459 2057 587 2090 ἕκαστος
600 2056 654 2083 ἐάν
678 2056 709 2092 μ.
732 2057 746 2084 ὃ
762 2057 806 2092 ἄν]
830 2065 858 2082 τι

70 2115 79 2131 ι
97 2105 212 2139 ποιήσῃ
228 2103 350 2138 ἀγαθὸν,
369 2103 455 2130 τοῦτο
468 2103 621 2138 κομίσεται
638 2103 717 2136 παρὰ
736 2103 857 2136 Κυρίου,

71 2160 79 2175 ι
98 2150 159 2176 εἴτε
175 2148 287 2182 δοῦλος
299 2149 358 2175 εἴτε
374 2148 530 2182 ἐλεύθερός
542 2149 608 2175 ἐστι
630 2149 662 2175 ⁵⁸.
683 2159 691 2174 ι

102 2196 202 2222 ΒΑΛΣ.
217 2195 287 2226 Τοὺς
308 2194 379 2222 κατὰ
394 2195 516 2222 κέλευσιν
540 2195 586 2221 καὶ
607 2195 721 2230 ἀπειλὴν
742 2195 795 2221 τῶν
816 2195 859 2222 δε-

69 2241 176 2268 σποτῶν
200 2240 334 2273 θύσαντας
355 2240 464 2273 δούλους
487 2241 532 2267 ἐπὶ
559 2241 680 2268 ἐνιαυτὸν
706 2241 821 2276 ἐπιτιμᾷ
844 2242 859 2267 ό

68 2288 163 2324 Πατὴρ
181 2284 276 2319 οὗτος·
293 2287 331 2319 ὡς
351 2287 400 2322 μὲν
413 2287 467 2324 γὰρ
484 2287 616 2314 πεισθεῖσι
640 2289 697 2319 τοῖς
715 2287 858 2319 δεσπόταις

1209 1636 1326 1666 CANON
1338 1636 1384 1664 Vl.

945 1698 955 1715 ἰ
973 1687 993 1716 Ii
1005 1691 1095 1716 autem
1112 1686 1159 1722 qui
1183 1693 1276 1714 servos
1290 1683 1461 1712 Christianos
1487 1688 1537 1716 pro
1548 1688 1578 1708 se
1591 1679 1692 1708 subrui-

910 1746 919 1762 ι
937 1738 1042 1767 serunt,
1057 1733 1128 1761 servi
1155 1731 1277 1767 quidem,
1307 1734 1337 1757 ut
1352 1729 1399 1764 qui
1411 1728 1462 1764 ipsi
1482 1727 1534 1755 sub
1550 1734 1631 1754 manu
1647 1734 1692 1753 es-

910 1792 919 1808 ι
936 1785 1006 1813 sent,
1021 1784 1048 1807 et
1063 1776 1263 1814 quodammodo
1275 1776 1327 1811 ipsi
1345 1781 1454 1810 quoque
1470 1774 1497 1800 in
1519 1772 1691 1800 dominorum

910 1838 919 1853 ε
939 1825 1064 1854 custodia
1076 1827 1178 1855 essent,
1194 1822 1329 1856 minisque
1346 1821 1381 1847 ab
1400 1820 1467 1854 ipsis
1478 1818 1575 1848 territi,
1587 1822 1614 1845 et
1629 1824 1693 1851 pro-

911 1882 920 1898 ι
938 1878 998 1908 pter
1010 1877 1106 1899 eorum
1132 1872 1234 1896 metum
1261 1875 1293 1895 eo
1316 1865 1450 1901 compulsi
1467 1868 1494 1892 et
1520 1863 1599 1899 lapsi,
1620 1870 1692 1889 anno

911 1928 920 1945 ι
938 1925 1019 1953 opera
1035 1915 1202 1952 poenitentiae
1223 1913 1377 1945 ostendent,
1393 1917 1419 1939 et
1440 1911 1569 1946 deinceps
1585 1909 1693 1937 discen-

911 1975 920 1991 ι
937 1969 987 1997 tes,
1000 1967 1030 1990 ut
1045 1962 1116 1990 servi
1129 1955 1243 1992 Christi.
1260 1959 1350 1987 facere
1364 1957 1467 1986 Christi
1485 1957 1653 1984 voluntatem
1664 1958 1692 1982 et

912 2019 921 2036 ι
938 2017 1000 2038 eum
1018 2008 1114 2035 timere
1130 2016 1137 2033 ε
1153 2005 1296 2033 audientes
1323 2003 1451 2034 maxime,
1463 2002 1534 2037 quod
1553 2000 1694 2035 unusquis-

912 2065 920 2081 ι
941 2063 1001 2090 que,
1021 2054 1045 2080 εἰ
1061 2053 1123 2088 quid
1148 2051 1208 2078 boni
1225 2051 1327 2085 luerit,
1353 2049 1401 2076 hac
1429 2049 1494 2084 [erat
1518 2056 1535 2074 α
1568 2047 1692 2078 Domino,

912 2110 921 2126 ι
939 2101 991 2127 sive
1002 2106 1090 2126 servus
1103 2098 1157 2124 sive
1173 2097 1238 2123 liber
1254 2096 1289 2123 sit
1303 2102 1327 2123 I.
1345 2105 1355 2122 ›

944 2189 1025 2216 ΒΑιε.
1040 2187 1139 2216 Servos
1150 2186 1196 2222 qui
1213 2185 1385 2213 dominorum
1400 2184 1481 2219 jussu
1494 2191 1526 2211 ac
1552 2183 1635 2210 minis
1647 2190 1693 2210 sa-

910 2237 1078 2268 criﬁcarunt,
1091 2241 1163 2261 anno
1175 2232 1253 2268 punit
1267 2231 1312 2259 hic
1327 2230 1407 2257 Pater
1425 2239 1432 2257 :
1450 2233 1480 2256 ut
1498 2229 1544 2264 qui
1557 2228 1628 2256 enim
1642 2228 1694 2255 do-

910 2282 984 2310 mino
999 2280 1150 2316 paruerint,
1167 2277 1294 2313 ignoscit,
1318 2281 1345 2304 et
1367 2284 1449 2311 grave
1461 2275 1625 2310 supplicium
1639 2282 1694 2302 non

69 2320 268 2369 συγγνωμονεῖ,
279 2333 326 2360 καὶ
341 2320 457 2368 βαρεῖαν,
469 2334 519 2360 οὐκ
529 2333 626 2368 ἐπάγει
639 2333 746 2360 κόλασιν
757 2341 764 2348 ·
779 2333 817 2365 ὡς
830 2333 851 2359 δὲ

911 2328 1007 2363 inﬂigit
1024 2336 1030 2354 :
1047 2329 1077 2354 ut
1093 2326 1139 2360 qui
1155 2328 1244 2352 autem
1268 2323 1324 2351 sint
1334 2323 1421 2357 magis
1438 2320 1542 2348 Christi
1569 2320 1650 2352 servi,
1667 2324 1694 2347 et

67 2379 170 2411 δούλοις
178 2379 297 2415 Χριστοῦ
307 2379 406 2414 μᾶλλον
415 2377 483 2412 οὖσι,
493 2379 617 2406 κάκεῖνον
628 2379 708 2405 πλέον
718 2378 856 2414 φοόεἰσθαι

910 2383 973 2403 eum
984 2374 1084 2402 debent
1097 2372 1184 2408 magis
1197 2375 1330 2401 metuere,
1342 2368 1505 2396 mediocrem
1520 2373 1629 2401 pmnam
1647 2366 1695 2392 im-

68 2413 216 2460 ὀφείλουσι,
224 2413 341 2461 μετρίως
349 2425 471 2461 ἐπιτιμᾷ.
480 2426 626 2458 Ἕκαστος
634 2425 700 2460 γὰρ,
709 2425 776 2460 φησὶ
786 2425 851 2451 κοιτᾶ

906 2421 992 2457 ponit.
1011 2418 1279 2455 Unusquisqueenim,
1291 2414 1391 2450 inquit,
1406 2413 1555 2442 secundum
1567 2419 1694 2447 magnum

69 2459 112 2499 τόν
124 2472 212 2508 μέγαν
225 2459 342 2504 Παύλον,
359 2472 375 2498 ὃ
388 2459 566 2506 ἐὰν-’ποιήσῃ
579 2459 700 2503 ἀγαθὸν,
716 2459 851 2505 τιομιεῖται

908 2467 1034 2498 Paulum,
1049 2465 1116 2501 quod
1130 2464 1218 2500 fecerit
1232 2463 1328 2490 bonum
1340 2470 1358 2489 α
1372 2460 1485 2487 Domina
1511 2459 1626 2493 recipiet,
1642 2459 1695 2485 sive

69 2519 156 2546 τοῦτο
171 2520 252 2552 παρὰ
268 2518 389 2552 Κυρίου,
402 2518 462 2545 εἴτε
479 2517 589 2550 δοῦλος
606 2517 667 2544 εἴτε
689 2518 857 2558 ἐλεύθερος.

105 2565 227 2592 ΖΩΝᾹΡ.
248 2564 326 2596 Τινὲς
342 2564 450 2596 δούλους
465 2564 582 2596 οἰκείους
601 2563 779 2599 Χριστιανοὺς
800 2562 858 2590 ἀνθ’

73 2610 172 2637 ἑαυτῶν
185 2612 234 2638 καὶ
247 2610 368 2638 ἀκόντων
377 2611 408 2647 li.
417 2610 683 2646 ἄκοντας]ὑπέὸαλον
697 2609 779 2637 θύειν,
791 2609 860 2642 Τοὺς

106 2693 118 2708 ι
133 2688 228 2723 ΕρΙιεε.
242 2696 281 2721 vn,
296 2688 323 2716 8.

910 2522 998 2542 servus
1007 2514 1059 2540 sive
1072 2512 1147 2540 liber.

945 2559 1050 2587 Zomn.
1062 2557 1191 2585 Nonnulli
1209 2563 1304 2584 servos
1320 2561 1386 2583 suos
1406 2552 1590 2583 Christianos,
1606 2557 1654 2586 pro
1667 2557 1696 2577 se

912 2607 997 2643 ipsis,
1024 2605 1106 2633 etiam
1130 2604 1230 2633 invitos
1253 2601 1287 2630 ad
1317 2599 1511 2629 immolandum
1534 2597 1696 2626 submisere.

742 2751 859 2780 VARUE
886 2748 1087 2779 LECTIONES.

125 2839 157 2855 "'
174 2839 358 2870 ἐκκλίνοντας.

397 2839 441 2855 ⁴¹¹⁹
456 2838 472 2872 ἧ
488 2837 534 2865 καὶ
549 2838 575 2864 εί
585 2845 664 2870 τινες.
703 2836 756 2854 ‘5’“
771 2845 799 2864 τε
814 2844 869 2865 om.

921 2836 986 2852 "“"
1001 2835 1031 2861 ἐν
1047 2841 1100 2863 om.
1142 2832 1218 2848 "““‘
1234 2830 1311 2858 Θεοῦ.
1350 2830 1371 2846 ’⁸
1386 2829 1461 2857 deest
1476 2828 1543 2856 ἐστι.
