1909 3069
87 72 133 101 ιει

705 77 871 106 ενιετοιι
891 78 1074 108 (ΣᾹΝΟΝΙΟΑ.

1657 89 1709 116 ιιις

89 138 98 154 ι
117 128 203 163 λόγου
218 128 263 155 ἵνα
275 129 455 166 εὐτονώτερον
468 131 675 171 ἀγωνισάμενοι,
688 136 865 168 καταξιωθῶσ

929 145 939 162 ι
960 137 1007 171 qui
1021 137 1192 166 constantius
1212 137 1423 172 decertaverint,
1439 140 1490 176 ipsi
1504 149 1613 178 quoque
1623 151 1710 178 super-

88 183 98 200 ι
115 174 164 201 καὶ
181 175 258 201 αὐτοὶ
276 176 331 204 τοῦ
344 177 486 211 ,βριζβείου
504 178 559 213 τῆς
573 179 632 207 ἄνω
653 181 800 215 κλήσεως.
820 183 874 210 Καὶ

88 230 98 246 ι
115 221 170 257 γὰρ
185 221 321 253 ἑπτάκις.
339 224 415 258 φησὶ,
431 225 564 252 πεσεῖται
579 227 595 253 ό
609 225 722 260 δίκαιος
735 228 783 254 καὶ
802 229 873 255 ἁνα-

87 275 98 293 ‹
116 268 278 300 στιήσεταιι
302 268 372 305 ὅπερ
391 270 415 295 εἰ
432 270 479 296 καὶ
500 271 600 303 πάντες
620 272 645 298 οἱ
666 273 873 306 ἐκπεπτωκότες

87 323 97 340 ι
116 315 315 348 πεποιήκεσαν,
329 315 500 352 τελειοτάτην
517 317 590 353 Ladd.
605 317 649 354 ἂν]
661 319 709 345 καὶ
720 319 874 355 όλοκάρδιον

86 370 96 386 ‹
117 362 262 396 μετάνοιαν
277 362 454 394 ἐνεδείξαντο.
473 372 482 388 ι

118 406 216 433 ΒΑΛΣ.
238 408 317 441 Τινὲς
345 409 584 445 προσηγγέλθησαν
613 410 661 437 καὶ
688 412 873 448 παρεδόθησαν

82 453 136 483 τοῖς
151 453 304 488 τυράννοις,
321 454 337 489 ἢ
354 454 400 481 καὶ
413 454 543 487 ἑκουσίως
559 456 650 488 αὐτοῖς
670 457 781 490 ἑαυτοὺς
806 467 873 494 παρ-

84 497 197 530 έδωκαν,
211 499 375 535 ἡττηθέντες
389 500 417 526 δὲ
429 500 481 527 ὑπὸ
496 501 550 527 τῶν
564 502 711 534 κολάσεων,
728 504 872 531 ἐκπεπτώ-

83 553 145 570 κασι
159 544 210 579 τῆς
227 546 395 581 μαρτυρίας·
417 544 477 574 εἶτα
499 547 731 583 μεταμεληθέντες
747 549 793 576 καὶ
814 551 874 577 ἐπι-

82 590 192 624 γνόντες
210 591 240 617 τὸ
263 592 380 626 ἀγαθον,
402 592 579 629 ὡμολόγησαν
603 592 672 621 εἷναι
698 596 871 631 Χριστιανοὶ,

81 635 150 662 ὥστε
168 637 215 663 καὶ
227 638 267 668 εἰς
283 636 404 671 φυλακὰς
418 637 583 673 ἐμϐληθῆναι
598 639 650 671 καὶ⁴
661 639 791 674 βασάνους
807 640 872 668 ὑπο-

82 683 188 717 στῆναι.
207 683 278 714 Τοὺς
297 683 432 715 τοιούτους
452 681 498 710 οὖν
517 684 628 719 εῠλογον
650 686 738 722 κρίνει
763 687 777 713 ὁ
794 687 871 721 ἅγιος

81 729 150 762 μετὰ
167 729 302 765 θυμηδίας
319 729 444 764 δέχεσθαι
460 731 506 757 καὶ
525 731 719 767 ὲπιρῥωννύειν
739 732 808 767 πρὸς
821 733 870 769 τὴν

79 776 220 813 ὀρθόδοξον
237 778 337 811 πίστιν,
354 778 400 805 καὶ
420 780 556 806 κοινωνεῖν
577 779 668 811 αὐτοῖς
689 779 718 806 ἕν
736 788 765 806 τε
786 789 869 816 προσ-

932 191 941 208 (
960 190 1001 208 na:
1030 183 1175 210 uacationis
1203 183 1295 211 brabio
1331 190 1344 205 ι
1371 185 1526 220 dignentur.
1555 186 1661 216 Etenim
1672 197 1710 217 κ-

927 236 937 253 (
954 228 1032 262 ριὶεε,
1048 228 1147 264 inquit,
1161 229 1237 256 cadet
1246 230 1336 264 justus
1344 235 1368 258 et
1385 237 1500 267 resurget
1517 233 1545 266 ις
1563 234 1636 269 quod
1651 243 1709 270 qut-

926 281 935 298 ι
956 273 1017 301 deni
1033 274 1057 301 si
1067 281 1163 301 omnes
1179 283 1287 310 quoque
1305 276 1374 310 lapsi
1387 276 1526 310 fecissent,
1541 279 1707 313 perfectissi—

925 327 936 344 I
952 326 1023 346 mam
1036 324 1063 346 et
1076 323 1133 347 toto
1148 320 1230 348 corde
1241 325 1397 356 susceptam
1410 324 1597 357 pmnitentiam
1611 330 1706 354 osten-

926 373 934 390 I
956 364 1072 392 dissent.
1093 374 1102 391 ι

959 411 1038 438 Βλιε.
1055 410 1169 443 Quidam
1182 412 1307 446 tyrannis
1322 411 1405 440 delati
1429 417 1456 440 et
1472 414 1572 448 proditi
1588 415 1706 450 fuerant,

922 457 965 483 vel
993 457 1074 484 etiam
1098 457 1149 492 ipsi
1166 458 1284 493 seipsos
1314 459 1369 487 illis
1394 464 1491 494 sponte
1515 461 1706 490 tradiderant:

922 502 985 529 victi
998 505 1087 529 autem
1099 503 1245 530 tormentis
1255 503 1413 531 testimonio
1428 504 1587 532 exciderunt
1604 515 1610 532 :
1631 506 1708 534 dein-

923 547 955 574 de
971 555 1032 574 cum
1063 547 1223 582 pmnitentia
1241 549 1313 576 ducti
1336 553 1437 581 esssnt,
1466 554 1492 577 et
1519 550 1591 585 quod
1607 551 1706 579 bonum
1748 576 1749 579 η

921 597 974 625 cst,
989 594 1173 628 agnovissent,
1188 602 1217 621 se
1227 602 1288 622 esse
1303 595 1476 624 Christianos
1487 597 1608 624 confessi
1624 601 1705 631 sunt;

922 639 990 666 adeo
1004 644 1033 666 ut
1060 639 1087 666 in
1102 639 1256 667 custodiam
1286 641 1416 676 conjecti,
1449 646 1582 670 tormenta
1599 651 1707 678 quoque

922 685 1113 712 sustinuerint.
1126 684 1180 712 Eos
1198 693 1263 720 ergo
1280 693 1389 721 aequum
1411 692 1505 714 censet
1526 693 1638 716 sanctus
1659 688 1704 716 lat-

921 731 991 758 tanti
1008 731 1099 758 animo
1124 731 1275 765 suscipere,
1304 736 1332 759 et
1362 731 1395 758 ad
1422 732 1501 760 fidem
1527 733 1705 762 orthodoxam

921 775 1093 808 confirmare.
1112 780 1138 803 et
1155 777 1195 804 eis
1227 777 1431 805 communicare
1446 782 1474 805 et
1495 778 1523 805 in
1536 779 1706 808 orationibus

79 823 172 857 ευχαῖς
190 823 238 849 καὶ
258 824 290 858 τῇ
308 823 457 859 μεταλήψει
480 824 533 850 τῶν
549 823 736 859 ἁγιασμάτων,
754 825 800 851 καὶ
825 825 867 852 διὰ

923 825 949 848 et
964 826 1199 849 sacramentorum
1213 822 1431 857 participatione,
1452 823 1596 858 verbisque
1611 823 1707 851 adhor-

77 867 157 902 λόγου
176 869 361 904 παρακαλεῖν,
378 870 420 897 ἵνα
442 871 508 905 πρὸς
525 870 570 897 τὸν
586 870 678 904 dryan
695 871 868 908 εὐτονώτεροι

77 914 233 947 γένωνται,
257 915 303 941 καὶ
325 915 512 948 καταξιωθῶσι
533 916 583 951 τῆς
607 916 768 952 ἐπουρανίου
791 916 868 952 βασι-

77 960 163 992 λείας.
180 961 241 988 Ἵνα
255 961 282 987 δέ
299 961 345 997 μὴ,
361 961 426 987 διότι
441 962 609 994 πεπτώκασι,
624 963 786 998 νομίζωνταί
799 971 868 989 τισιν

79 1006 197 1038 ἇδεκτοι,
216 1006 314 1040 ἐπάγει
328 1007 375 1033 καὶ¹
396 1006 547 1042 μαρτυρίαν
560 1007 613 1033 ἀπὸ
627 1008 676 1043 τῆς
694 1007 813 1044 Γραφῆς,
827 1007 865 1034 τό·

84 1051 235 1084 Ἐπτάκις,
250 1051 309 1078 ἀντὶ
328 1053 386 1084 τοῦ,
404 1051 542 1084 πολλάκις,
559 1054 691 1080 πεσεῖται
709 1055 725 1080 ὁ
742 1053 866 1086 δίκαιος,

80 1096 128 1123 καὶ
148 1097 365 1130 ἀναστήσεται.
379 1097 464 1124 Τοῦτο
479 1097 523 1129 δέ,
546 1099 644 1134 φησὶν,
659 1100 684 1126 εί
708 1099 755 1126 καὶ
769 1099 868 1131 πάντες

79 1143 103 1169 οἱ
116 1143 167 1179 τῆς
182 1143 327 1178 ὁμολογίας
343 1144 550 1177 ἐκπεπτωκότες
563 1146 703 1181 ἐποίησαν,
718 1146 748 1172 τὸ
762 1146 861 1183 dvas:-

79 1189 172 1216 λαῖσαι
183 1190 233 1225 τὴν
249 1189 363 1222 πτῶσιν,
379 1190 425 1216 καὶ
439 1190 551 1217 ἐνώπιον
573 1191 628 1217 τῶν
649 1192 787 1227 τυράννων
802 1193 868 1228 Χρι-

81 1236 205 1267 στιανοὺς
221 1235 386 1271 ὁμολογῆσαι
403 1236 523 1269 ἑαυτοὺς,
545 1236 709 1270 ἐνεδείξαντο
722 1237 755 1263 ἂν
766 1237 868 1264 τελειο-

79 1281 164 1317 τάτην
180 1283 333 1317 μετάνοιαν.
350 1282 470 1319 Διαφορὰ
484 1282 549 1318 γοῦν
561 1284 618 1309 ἐστι
634 1283 688 1309 τῶν
700 1283 728 1309 ἐν
741 1283 780 1318 τῷ
797 1292 867 1319 παρ-

79 1328 134 1355 όντι
162 1329 257 1355 κανόνι
285 1329 482 1365 διειλημμένων
508 1329 555 1356 καὶ
578 1329 632 1356 τῶν
654 1330 682 1356 ἐν
703 1329 741 1364 τῷ
768 1329 868 1365 πρώτῳ

80 1376 173 1402 κανόνι
190 1376 393 1412 περιεχομένων
415 1376 482 1412 αὕτη
493 1397 501 1409 ,
522 1377 561 1402 ὅτι
578 1376 635 1402 ἐκεῖ
649 1375 696 1411 μὲν
715 1377 739 1402 οἱ
760 1375 803 1402 διὰ
819 1376 868 1408 τὰς

81 1421 215 1456 βασάνους
238 1419 445 1452 ἐκπεπτωκότες
468 1421 497 1447 οὐ
516 1421 740 1457 μετεστράφησαν
755 1421 868 1448 ἐνώπιον

79 1468 133 1494 τῶν
151 1468 292 1503 τυράννων
316 1468 355 1499 εἰς
373 1467 420 1503 τὴν
436 1467 579 1502 ὁμολογίαν
604 1467 654 1502 τῆς
670 1467 804 1498 πίστεως“
824 1469 867 1494 ἐν-
881 1485 902 1515 c

79 1513 167 1540 ταῦθα
183 1514 213 1540 δὲ
231 1515 255 1540 οἱ
280 1513 485 1545 ἐκπεπτωκότες
505 1513 549 1540 διὰ
564 1513 705 1548 βασάνους,
721 1513 751 1546 ἐξ
765 1513 866 1547 ἀγαθοῦ

82 1559 236 1596 μεταμέλοι)
259 1560 306 1586 ἐπὶ
321 1559 375 1586 τῶν
391 1560 527 1594 τυράννων
548 1559 593 1585 τὸν
609 1559 711 1595 Κύριον
729 1559 868 1596 ὡμολόγη-

81 1615 139 1638 σαν,
154 1606 203 1633 καὶ
218 1606 262 1632 διὰ
275 1605 354 1632 τοῦτο
370 1605 430 1631 ουδέ
449 1605 600 1640 λογίζονται
615 1606 753 1633 ἐκπεσεῖν.

114 1663 237 1690 ΖΩΝΑΡ.
258 1663 291 1689 Εἴ
310 1671 382 1694 τινες
397 1663 434 1694 δέ,
456 1663 531 1697 φησὶ,
555 1661 797 1698 προσηγγέλθησαν
821 1660 867 1687 καὶ

79 1708 267 1745 παρεδόθησαν
280 1709 336 1740 τοῖς
354 1706 540 1743 τυραννοῦσιν,
552 1707 568 1742 ἢ
583 1707 658 1734 αὐτοὶ
673 1707 785 1738 ἑαυτοὺς
797 1715 867 1741 παρ-

80 1755 182 1782 έδωκαν
192 1774 200 1787 ,
228 1754 275 1781 καὶ
290 1753 482 1780 ἐκπεπτώκασι
497 1753 545 1789 τῆς
563 1753 723 1788 μαρτυρίας,
739 1751 868 1788 ἡττηθέν-

79 1810 123 1833 τες
142 1801 196 1828 τῶν
226 1800 381 1832 κολάσεων,
410 1800 457 1826 καὶ
482 1799 519 1836 μὴ
533 1799 661 1836 φέροντες
684 1799 733 1830 τὰς
755 1799 785 1825 ἐν
809 1796 867 1830 ταῖς

80 1847 214 1882 φυλακαῖς
234 1847 383 1881 κακουχίας
403 1846 449 1873 xal.
469 1845 518 1877 τὰς
534 1845 677 1881 βασάνους,
692 1842 750 1870 εἶτα
766 1844 867 1886 ἀνεπά-

79 1894 174 1921 λαισαν
187 1893 237 1929 τὴν
255 1893 369 1925 πτῶσιν,
388 1892 435 1918 καὶ
455 1891 634 1927 ὡμολόγησαν
656 1889 725 1917 εἶναι
740 1891 867 1925 Χριστια-

79 1941 128 1972 νοὶ,
149 1940 221 1966 ὥστε
238 1940 285 1966 καὶ
299 1940 338 1970 εἰς
353 1937 475 1973 φυλακὰς
490 1937 658 1973 ἐμϐληθῆναι
672 1937 719 1963 καὶ
737 1936 867 1971 βασάνους

78 1986 242 2014 ὑποστῆναι·
268 1985 331 2016 τοὺς
359 1983 495 2015 τοιούτους
519 1982 629 2017 εύλογον
654 1983 771 2018 κρίνειὸ
792 1982 867 2017 ἅγιος

79 2030 149 2066 μετὰ
169 2029 303 2066 Θυμηδίας
325 2028 466 2064 δέχεσθαι,
490 2028 537 2054 καὶ
554 2028 708 2062 ἐπισχύειν,
734 2027 793 2054 ἀντὶ
808 2027 865 2060 τοῦ,

77 2071 285 2112 ἐπιρῤωἴινύειν,
303 2074 466 2110 ἐνδυναμοῦν
491 2074 538 2100 καὶ⁵
560 2073 780 2110 παραθαρρύνειν
799 2075 867 2110 πρὸς

77 2122 125 2158 τὴν
138 2121 284 2158 ὁμολογίαν
294 2130 300 2135 ·
321 2121 369 2147 καὶ
383 2121 520 2147 κοινωνεῖν
539 2120 630 2151 αὐτοῖς
643 2121 671 2146 ἐν
686 2121 778 2152 πᾶσιν,
795 2120 822 2147 ἓν
837 2129 866 2147 τε

78 2170 242 2204 προσευχαῖς
257 2168 304 2194 καὶ
322 2168 354 2202 τῇ
378 2165 526 2201 μεταλήψει
539 2165 592 2192 τῶν
610 2166 795 2201 ἀγιασμάτων,
820 2166 866 2192 καὶ

78 2214 121 2240 διὰ
147 2213 228 2247 λόγου
255 2211 440 2248 παρακαλεῖν,
462 2211 520 2246 ἢτοι
545 2210 687 2246 διεγείρειν
706 2211 803 2242 αὐτοὺς
827 2211 866 2242 εἰς

78 2261 125 2296 τὴν
148 2259 321 2296 μαρτυρίαν,
347 2257 391 2283 ἴνα
417 2257 485 2292 πρὸς
508 2256 553 2282 τὸν
577 2255 670 2291 ἀγῶνα
693 2256 865 2292 εὐτονώτεροι

79 2306 221 2339 γένωνται,
239 2304 287 2330 καὶ
308 2302 356 2337 τῆς
371 2301 534 2337 ἐπουρανίου
552 2300 689 2335 βασιλείας
702 2299 862 2331 ἁξιωθῶσιν.

81 2352 137 2378 Ἵνα
153 2351 183 2377 δὲ
203 2350 250 2385 μὴ,
267 2349 333 2375 διότι
358 2346 517 2373 πεπτώκασι
542 2346 671 2376 θύσαντες
682 2365 688 2377 ,
703 2345 865 2380 νομίζωνται

81 2407 146 2424 τισιν
161 2397 279 2428 ἄδεκτοι,
295 2394 392 2428 ἐπάγει
405 2394 452 2421 καὶ
469 2392 620 2429 μαρτυρίαν
635 2393 666 2418 ἐκ
679 2392 729 2427 τῆς
743 2392 864 2427 Γραφῆς,

81 2443 117 2470 τό·
131 2441 278 2474 Ἑπτάκις,
290 2441 349 2466 ἀντὶ
361 2439 418 2470 τοῦ,
426 2438 566 2471 πολλάκις,
575 2437 707 2464 πεσεῖται
718 2437 864 2471 ὀδίκαιος,

82 2489 127 2515 καὶ
145 2487 360 2519 ἀναστήσεται.
377 2484 462 2512 Τοῦτο
481 2484 520 2515 δὲ,
540 2484 636 2519 φησὶν,
653 2484 678 2510 εί
702 2483 749 2509 καὶ
765 2483 864 2515 πάντες

82 2536 104 2561 οἱ
119 2535 167 2570 τῆς
180 2533 325 2569 ὁμολογίας
340 2530 546 2562 ἐκπεπτωκότες
559 2529 699 2564 ἐποίησαν,
715 2529 745 2555 τὸ
761 2530 865 2569 ἀναπα-

83 2581 169 2608 λαῖσαι
184 2579 234 2615 τὴν
252 2579 366 2609 πτῶσιν,
386 2577 433 2604 καὶ
444 2575 559 2603 ἐνώπιον
573 2575 626 2601 τῶν
639 2575 777 2610 τυράννων
797 2575 864 2611 Χρι-

86 2625 201 2657 στιανοὺς
221 2623 388 2660 ὁμολογῆσαι
406 2622 529 2652 ἑαυτοὺς,
547 2620 715 2651 ἀνεδείξαντο
733 2619 765 2655 [Ῑ.
782 2619 864 2655 ἐνεδ-]

86 2672 114 2698 ἂν
127 2670 298 2705 τελειοτάτην
316 2668 469 2704 μετάνοιαν.

130 2790 140 2803 ³
154 2790 271 2823 Philipp.
288 2795 330 2820 Ill,
349 2787 391 2814 ιι.
429 2787 443 2807 ιι
462 2786 538 2815 Prov.
556 2794 627 2818 ntv,
645 2786 688 2815 ιθ.

922 867 974 894 tari
991 872 1021 895 ut
1035 868 1091 896 sint
1112 868 1146 896 ad
1162 873 1300 896 certamen
1323 869 1534 902 constantiores,
1559 873 1585 896 et
1601 869 1704 897 caelesti

921 921 1005 948 regno
1033 913 1108 949 digni
1132 914 1296 942 habeantur.
1325 914 1365 942 Ne
1393 918 1483 942 autem
1499 922 1532 942 eo
1548 915 1620 950 quod
1637 915 1706 950 lapsi

921 963 1002 991 sunt,
1026 960 1138 987 minime
1153 961 1324 996 suscipiendi
1346 959 1499 992 videantur,
1522 961 1704 988 testimonium

919 1013 1030 1040 quoque
1045 1014 1078 1033 ex
1096 1005 1236 1041 Scriptura
1251 1007 1368 1039 inducit.
1383 1007 1456 1042 quod
1478 1012 1528 1040 est,
1546 1006 1657 1042 Septies,
1677 1008 1704 1034 id

919 1055 962 1078 est
977 1058 1058 1086 saepe,
1079 1051 1153 1079 cadet
1169 1052 1257 1082 justus
1276 1057 1301 1079 et
1327 1057 1453 1088 resurget.
1482 1051 1539 1080 lloc
1567 1056 1669 1085 autem,
1681 1051 1705 1079 si

919 1097 1014 1128 etiam,
1031 1097 1130 1132 inquit,
1146 1105 1242 1125 omnes
1255 1098 1302 1133 qui
1317 1106 1331 1124 a
1344 1097 1517 1125 confessione
1530 1097 1701 1128 exciderunt,

919 1142 1059 1174 fecissent,
1075 1147 1105 1170 ut
1116 1143 1222 1170 scilicet
1249 1143 1318 1178 lapsi
1338 1144 1549 1176 reluctarentur,
1568 1147 1595 1170 et
1611 1150 1640 1170 se
1655 1150 1702 1170 co-

919 1195 978 1214 ram
1003 1188 1127 1223 tyrannis
1154 1188 1325 1216 Cliristianos
1345 1188 1506 1221 faterentur,
1534 1188 1705 1223 perfectissi-

917 1241 990 1261 mam
1004 1234 1191 1268 pmnitentiam
1205 1235 1400 1262 ostendissent.
1413 1234 1547 1262 Difl‘erunt
1568 1242 1632 1270 ergo
1644 1243 1704 1271 qua:

918 1278 946 1305 in
973 1278 1024 1305 hoc
1051 1286 1155 1307 canone
1176 1279 1374 1314 comprehensa
1402 1283 1478 1310 sunt,
1503 1280 1537 1307 ab
1557 1280 1590 1308 iis
1603 1281 1704 1315 qua-in

919 1323 1006 1358 primo
1033 1331 1139 1352 canone
1153 1325 1338 1357 continentur,
1361 1325 1434 1360 quod
1456 1325 1511 1352 illic
1524 1326 1632 1360 quidem
1657 1328 1702 1361 qui

917 1371 1026 1403 propter
1040 1373 1174 1396 tormenta
1191 1369 1259 1404 lapsi
1276 1375 1349 1402 sunt,
1369 1369 1402 1397 ad
1417 1370 1597 1398 confitendam
1612 1378 1703 1398 coram

917 1414 1041 1449 tyrannis
1064 1415 1143 1442 tidem
1159 1422 1332 1450 nequaquam
1345 1416 1471 1444 conversi
1496 1420 1581 1444 sunt:
1598 1417 1642 1444 hic
1656 1425 1704 1444 au-
1745 1448 1748 1454 ι

919 1464 972 1487 tem
986 1461 1032 1495 qui
1047 1465 1156 1496 propter
1186 1465 1321 1488 tormenta
1344 1462 1413 1497 lapsi
1431 1467 1505 1494 sunt,
1517 1470 1551 1489 ex
1564 1462 1634 1490 bona
1646 1470 1705 1498 pa:-

919 1505 1033 1533 nitentia
1046 1506 1097 1533 sub
1111 1507 1234 1542 tyrannis
1248 1506 1392 1534 Dominum
1404 1506 1523 1534 confessi
1536 1510 1619 1540 sunt;
1638 1515 1703 1542 pro-

917 1556 1009 1586 pterea
1024 1559 1112 1587 neque
1140 1553 1272 1580 cecidisse
1284 1553 1452 1587 Judicantur.

953 1654 1054 1681 Zomn.
1073 1653 1101 1681 Si
1118 1654 1163 1688 qui
1181 1661 1256 1686 vero,
1285 1654 1384 1689 inquit,
1408 1655 1441 1682 ad
1471 1659 1602 1690 tyrannos
1620 1654 1703 1683 delati

917 1707 948 1727 ac
961 1700 1060 1735 proditi
1077 1704 1151 1731 sunt,
1169 1700 1210 1726 vel
1223 1699 1275 1734 ipsi
1291 1708 1352 1728 sese
1368 1701 1436 1735 ipsis
1468 1701 1641 1734 dediderunt,
1655 1709 1702 1729 ex-

918 1746 1096 1781 cideruntque
1113 1753 1128 1772 a
1143 1746 1301 1773 testimonio
1314 1746 1340 1772 vi
1356 1751 1556 1774 tormentorum
1569 1748 1701 1782 superati,

917 1799 968 1819 nec
982 1799 1118 1819 mrumnas
1130 1792 1230 1827 quibus
1250 1792 1278 1818 in
1302 1799 1413 1819 carcere
1425 1793 1625 1820 afﬂictabantur
1641 1801 1702 1821 cru-

917 1840 1060 1874 ciatusque
1075 1838 1259 1873 perferentes;
1279 1846 1343 1866 mox
1366 1844 1494 1866 revocato
1508 1839 1658 1867 certamine
1671 1847 1702 1868 le

916 1885 1086 1913 Christianos
1102 1893 1164 1913 esse
1180 1884 1300 1911 confessi
1316 1888 1432 1916 sunt,“
1446 1892 1501 1919 quo
1512 1888 1539 1912 et
1552 1884 1579 1911 in
1594 1885 1702 1912 vincula

912 1931 1046 1966 'conjecti,
1062 1934 1088 1958 et.
1104 1931 1274 1959 cruciatibus
1290 1934 1355 1958 sunt
1369 1930 1457 1958 allecti
1474 1939 1481 1956 :
1498 1930 1632 1964 ejusmodi
1649 1931 1702 1958 ho—

917 1978 1005 2005 mines
1017 1985 1079 2004 cum
1108 1977 1291 2005 exsultatione
1311 1977 1399 2011 excipi
1422 1981 1534 2004 sanctus
1546 1975 1590 2002 hic
1603 1977 1701 2003 rationi

917 2028 1130 2051 censentaneum
1141 2023 1247 2057 judicat
1260 2033 1266 2049 :
1279 2026 1336 2050 tum
1350 2023 1480 2049 roborare
1492 2022 1577 2057 ipsos,
1587 2021 1638 2049 hoc
1646 2026 1700 2054 est,

919 2069 1002 2100 vires,
1016 2069 1132 2100 animos,
1146 2068 1326 2103 fiduciamque
1337 2068 1435 2095 addere
1443 2075 1497 2103 quo
1511 2067 1702 2102 profiterentur

918 2113 1014 2147 fidem;
1029 2121 1060 2140 ac
1069 2113 1172 2140 eisdem
1187 2114 1215 2140 in
1227 2112 1356 2140 omnibus
1367 2112 1581 2144 communicare,
1600 2115 1657 2138 tum
1674 2111 1701 2138 in

882 2158 905 2188 D
918 2159 1199 2195 precationibus,tum
1213 2160 1240 2186 in
1256 2159 1431 2194 perceptione
1447 2162 1700 2190 sacramentorum,

921 2206 1066 2239 verbisque
1081 2205 1230 2238 adhortari,
1247 2204 1299 2231 boc
1313 2207 1365 2234 est,
1387 2203 1461 2238 ipsos
1473 2203 1507 2230 ad
1517 2203 1699 2230 exhibendum

920 2251 981 2278 ﬁdei
995 2251 1182 2278 testimonium
1197 2251 1326 2282 excitare,
1341 2253 1371 2276 ut
1388 2250 1590 2276 constantiores
1601 2249 1658 2276 sint
1671 2248 1700 2276 in

917 2297 1075 2330 certamine,
1092 2303 1124 2323 ac
1135 2296 1241 2323 caelesti
1256 2303 1338 2331 regno
1355 2293 1698 2330 dignihabeantur.Verum

917 2351 952 2371 ne
967 2351 999 2370 ex
1019 2350 1051 2370 eo
1068 2342 1139 2377 quod
1152 2342 1221 2377 lapsi
1232 2345 1297 2369 sunt
1316 2341 1513 2371 sacriﬁcantes,
1529 2340 1604 2366 nullo
1619 2340 1699 2367 modo

919 2389 1075 2416 admittendi
1088 2390 1122 2416 ab
1139 2389 1275 2423 aliquibus
1292 2388 1490 2419 existimentur,
1513 2385 1698 2414 testimonium

918 2443 1027 2470 quoque
1042 2436 1107 2462 illud
1120 2443 1153 2463 ex
1168 2435 1254 2462 sacris
1269 2434 1368 2461 litteris
1382 2433 1504 2469 profert:
1519 2431 1629 2466 Septies,
1647 2432 1699 2458 hoc

919 2486 960 2509 est
978 2482 1087 2516 saepius,
1103 2481 1177 2508 cadet
1187 2481 1288 2515 justus,
1306 2489 1337 2506 ac
1354 2484 1479 2514 resurget.
1492 2478 1549 2505 Hoc
1561 2485 1635 2509 vero,
1659 2477 1699 2504 in-

919 2527 988 2562 quit,
1016 2528 1039 2554 si
1067 2527 1113 2553 alii
1138 2534 1234 2554 omnes
1257 2526 1336 2561 quia
1351 2523 1525 2553 confessione
1539 2523 1700 2551 exciderunt

919 2573 1058 2603 fecissent,
1078 2576 1107 2598 ut
1122 2576 1183 2606 post
1208 2572 1313 2606 lapsum
1331 2575 1470 2598 certamen
1491 2571 1652 2604 repeterent,
1667 2575 1700 2595 ac

919 2627 948 2646 se
965 2619 1038 2653 ipsos
1054 2625 1143 2645 coram
1157 2622 1279 2654 tyrannis
1306 2618 1475 2644 Christianos
1499 2615 1701 2651 profiterentur,

920 2664 1073 2692 absolutam
1091 2663 1278 2699 paenitentiam
1295 2663 1501 2690 iudicavissent.
