1909 3069
225 96 281 126 483

527 157 643 185 CANON
663 157 706 184 IX.

261 212 272 230 1
293 202 329 231 [is
342 210 450 239 quoque
462 204 509 239 qui
527 209 657 239 tanquam
674 212 706 231 ex
721 211 817 231 somno
834 204 884 239 ipsi
900 203 934 231 ad
949 211 1008 231 cer-

225 259 236 276 1
258 255 350 277 tamen
365 251 532 286 parturiens,
542 254 569 278 et
579 250 687 278 trahere
701 250 842 280 dill‘erens.
856 250 1009 284 prosiliunt,

225 306 235 323 1
259 297 311 325 sibi
324 301 414 324 autem
431 304 527 332 pugnae
549 297 710 328 maritimae,
732 300 760 323 et
775 296 867 323 multa:
885 296 1008 323 lluxuum

224 352 234 369 ι
258 343 444 370 inundationis
470 343 651 370 tentationem
676 343 835 375 attrahunt,
854 343 896 370 vel
918 343 1008 378 potius

226 398 235 414 1
259 388 390 415 fratribus
406 392 578 423 peccatorum
593 389 740 416 carbonem
762 388 925 420 accendunt,
940 388 1008 423 ipsis

225 444 235 460 1
259 441 369 470 quoque
392 434 648 462 communicandum
665 438 718 467 est,
740 438 770 461 ut
786 435 832 469 qui
847 435 875 462 in
898 434 1008 462 nomine

226 490 236 506 1
259 480 363 508 Christi
382 480 416 507 ad
435 480 461 507 id
480 480 590 508 veniant
605 489 611 507 :
628 480 681 507 etsi
694 481 777 507 verba
792 481 852 514 ejus
867 488 921 508 non
947 481 1007 508 ani-

224 534 233 551 1
257 525 431 552 madvertant
448 545 455 556 ,
472 525 519 560 qui
535 525 615 552 docet
642 533 718 552 orare
732 533 762 551 ne
786 525 966 560 ingrediantur
980 526 1007 552 in

223 582 232 598 1
256 572 424 599 tentationem
439 578 452 592 α
471 591 478 603 ,
505 575 531 599 et
549 579 611 599 eum
626 579 724 599 rursus
739 572 768 598 in
781 571 905 599 oratione
933 571 1007 599 Patri

221 627 231 644 1
254 618 356 651 dicere,
367 618 400 645 Et
410 626 440 645 ne
454 626 500 644 nos
515 618 626 645 inducas
640 619 667 644 in
682 618 911 649 tentationem,sed
925 618 1007 645 libera

222 674 232 690 ο
255 673 302 692 nos
313 674 329 692 a
343 665 414 692 mala
428 665 453 690 δ.
467 663 547 691 Forte
557 669 647 691 autem
656 664 738 691 etiam
751 664 877 699 ignorant
888 668 1007 699 patrem—

221 721 232 738 1
255 711 372 739 familias
384 715 411 738 et
427 710 569 737 Dominum
589 714 723 742 nostrum,
752 718 823 745 saepe
847 710 881 738 ab
904 711 939 738 iis
959 711 1006 745 qui

221 766 231 783 1
253 757 292 784 illi
305 756 426 784 insidiari
442 756 579 787 volebant.
595 755 788 786 secessisse,et
799 756 872 791 quod
882 756 1005 791 quando-

220 813 229 828 1
252 811 305 838 que
322 803 402 830 etiam
420 802 502 829 libere
512 801 583 836 apud
593 808 641 829 eos
660 808 714 828 non
727 801 881 833 incedebat,
893 805 920 828 et
932 801 1005 836 quod

736 99 765 127 S.
787 99 890 128 PETRI
908 97 1143 127 ALEXANDle
1159 98 1312 127 EPISCOPI

1802 103 1855 132 486

1370 156 1489 183 ΚΑΝΩΝ
1508 157 1548 185 8'.

1099 211 1108 227 1
1129 202 1183 229 Καὶ
1194 203 1250 234 τοῖς
1266 202 1294 228 δὲ
1308 203 1383 230 ὼσὰν
1402 203 1432 235 ἐξ
1450 203 1534 230 ὕπνου
1554 204 1666 235 ἑαυτοὺς
1678 203 1702 220 ’⁵
1720 213 1853 240 παραπη-

1062 256 1072 272 ‹
1090 247 1173 274 δῶσιν
1185 249 1223 280 εἰς
1238 249 1282 275 τὸν
1296 249 1390 288 ἀγιῖὲνα
1410 249 1538 276 ὠδίνοντα
1556 250 1602 277 καὶ
1617 250 1750 286 μέλλοντα
1770 251 1852 278 ἑλκῦ-

1062 303 1071 318 1
1092 302 1146 326 σαι,
1165 295 1271 326 ἑαυτοῖς
1283 295 1311 321 δὲ
1328 296 1480 331 πειρασμὸν
1500 296 1734 332 ὲπισπασαμένοις
1751 296 1852 324 θαλατ-

1062 348 1071 366 1
1090 340 1224 375 τομαχίας
1239 341 1287 367 καὶ
1301 340 1401 376 πολλῆς
1421 341 1615 377 κυματώσεως,
1631 341 1729 377 μᾶλλον
1749 342 1778 368 δὲ
1802 341 1853 369 καὶ

1062 394 1071 410 1
1089 386 1146 417 τοῖς
1161 385 1285 420 ἀδελφοῖς
1309 386 1536 421 προσεκκαίουσιν
1545 386 1668 422 ἄνθρακα
1680 388 1702 403 ²⁶
1719 387 1851 423 ἁμαρτω-

1061 437 1071 454 1
1091 429 1144 456 λῶν
1154 437 1161 445 ·
1177 429 1224 456 καὶ
1236 431 1326 462 αὐτοῖς
1342 431 1527 466 κοινωνητέον,
1544 431 1591 458 ἅτε
1605 432 1636 467 δὴ
1648 432 1680 447 ³⁸⁸
1695 432 1724 459 ὲν
1737 432 1851 468 ὀνόματι

1061 482 1070 498 1
1089 473 1207 509 Χριστοῦ
1218 475 1432 510 παρερχομένοις
1441 476 1480 507 εἰς
1488 476 1577 508 τοῦτο,
1585 477 1608 503 εἰ
1623 477 1670 503 καὶ
1683 477 1720 512 μὴ
1729 478 1772 493 ¹⁶¹’
1785 486 1852 512 προ-

1062 527 1071 543 1
1091 519 1214 554 σέχουσιν
1225 519 1306 546 αὑτοῦ
1319 521 1374 552 τοῖς
1391 520 1487 555 λόγοις,
1499 521 1668 554 διδάσκοντος
1684 524 1850 558 προσεύχε-

1061 574 1070 590 ‹
1091 567 1159 592 σθαι
1174 566 1214 600 μὴ
1227 566 1375 594 εἰσελθεῖν
1386 568 1429 600 εὶς
1442 568 1607 603 πειρασμὸν
1621 569 1688 602 ""‘,
1703 569 1750 596 καὶ
1766 569 1850 596 πάλιν

1060 622 1069 637 1
1090 613 1120 639 ὲν
1131 614 1196 649 εὐχῇ
1206 613 1294 647 λέγειν
1308 613 1346 649 τῷ
1356 613 1451 648 Πατρί·
1466 614 1520 641 Καὶ
1529 613 1572 648 μὴ
1585 614 1758 650 εἰσενέγκῃς
1769 614 1850 649 ἡμᾶς

1060 667 1070 684 1
1088 660 1131 691 εἰς
1141 659 1317 694 πειρασμὸν,
1331 659 1411 686 ἀλλὰ
1419 660 1512 694 ῥῦσαι
1527 659 1605 694 ἡμᾶς
1619 660 1678 687 ἀπὸ
1693 660 1746 687 τοῦ
1757 669 1850 695 πονη-

1060 713 1069 729 ‹
1086 704 1154 738 ροῦ,
1172 705 1251 737 Ἴσως
1267 704 1354 731 δὲκαὶ
1370 703 1496 739 ἀγνοοῦσι
1514 704 1564 736 τὰς
1580 704 1710 736 πολλάκις
1736 705 1847 740 γινομέ-

1060 758 1069 774 1
1089 757 1136 781 vu;
1143 750 1211 765 “‘“‘
1219 750 1408 786 ἀναχωρήσεις
1417 749 1463 776 τοῦ
1472 749 1658 776 οἰκοδεσπότου
1667 749 1713 776 καὶ
1719 749 1847 776 διδασκά-

1059 805 1069 821 1
1089 796 1134 822 λου
1147 796 1226 832 ἡμῶν
1245 797 1298 822 ἀπὸ
1311 796 1366 822 τῶν
1380 796 1510 823 θελόντων
1523 796 1719 829 ἐπιϐουλεύειν,
1734 796 1781 822 καὶ
1804 797 1847 823 ὅτι

220 860 230 875 1
250 849 331 877 ctiam
356 848 464 883 quando
486 848 622 883 passionis
640 851 748 883 tempus
766 847 998 884 appropinquavit.

1058 852 1067 868 1
1087 842 1142 869 ἐσθ’
1157 843 1202 869 ὅτε
1213 843 1272 869 ουδὲ
1289 843 1310 858 ³⁷
1333 842 1474 879 παρρησίᾳ
1496 842 1657 878 περιεπάτει
1677 842 1712 869 δι’
1734 844 1846 875 αὐτοὺς,

219 905 228 921 1
252 903 307 923 non
324 903 353 922 se
372 896 460 930 ipsum
479 893 599 926 tradidit,
612 893 659 921 sed
679 894 846 928 exspectavit
867 893 953 922 donec
971 893 1005 921 ad

219 952 228 967 1
252 950 313 970 eum
328 942 452 969 venirent
466 948 527 968 cum
540 940 638 976 gladiis
663 944 691 967 et
711 940 839 968 fustibus.
853 939 924 967 Dicit
939 948 1005 975 ergo

219 997 228 1013 1
252 989 310 1015 eis:
328 986 464 1021 Tanquam
483 985 517 1012 ad
530 985 660 1012 latronem
671 985 774 1012 exiistis
789 993 848 1012 cum
864 985 961 1020 gladiis
979 989 1004 1012 et

217 1042 227 1060 1
248 1032 361 1068 fustibus
390 1031 423 1058 ad
446 1040 486 1058 me
508 1030 778 1065 comprehendendum
797 1035 821 1058 ο.
846 1030 899 1063 Qui
921 1033 1002 1057 etiam

217 1087 226 1104 1
250 1077 416 1105 tradiderunt
431 1077 527 1112 ipsum.
544 1076 643 1111 inquit,
656 1075 745 1102 Pilato
762 1075 788 1103 δ.
808 1075 848 1102 Ad
863 1075 923 1110 ejus
932 1082 1002 1110 quo-

216 1134 225 1150 1
248 1132 301 1159 que
315 1123 519 1151 similitudinem
536 1124 569 1151 iis
587 1123 697 1153 accidit,
723 1122 771 1158 qui
798 1121 860 1156 ejus
888 1128 1002 1156 scopum

216 1179 224 1194 1
249 1170 300 1197 sibi
316 1173 497 1205 proponentes
522 1169 665 1200 incedunt,
683 1168 840 1195 divinorum
866 1167 927 1202 ejus
939 1174 1002 1194 ver-

215 1225 225 1242 1
248 1216 344 1243 borum
360 1215 506 1248 recordati,
525 1216 625 1250 quibus
641 1222 692 1242 nos
707 1213 885 1242 conﬁrmans.
901 1213 934 1239 de
942 1220 1001 1247 per-

215 1269 224 1286 1
248 1261 434 1288 secutionibus
454 1260 544 1288 dicit:
575 1259 709 1287 Attendite
723 1259 794 1286 vobis
814 1259 881 1293 ipsis
897 1265 907 1284 :
944 1263 1000 1284 tra-

215 1315 225 1332 1
247 1306 310 1333 dent
321 1307 389 1333 enim
401 1314 446 1333 vos
461 1306 488 1332 in
498 1305 621 1337 tonsilia,
634 1310 658 1331 et
678 1305 706 1332 in
726 1305 782 1332 suis
800 1304 941 1339 synagogis
954 1311 998 1330 vos

215 1360 224 1377 1
247 1351 418 1386 ﬂagellabant
437 1356 460 1378 ε.
480 1350 596 1378 Tradent
616 1354 726 1383 autem,
755 1350 835 1382 dixit.
858 1358 924 1383 non,
948 1357 997 1377 vos

214 1405 224 1421 1
248 1395 322 1430 ipsos
338 1395 471 1423 tradetis:
488 1401 512 1422 et
527 1395 560 1422 ad
584 1396 712 1430 principes
734 1399 759 1422 et
781 1403 853 1430 reges
865 1394 997 1422 ducentini

213 1453 224 1469 1
246 1448 351 1478 propter
365 1451 458 1469 nomen
472 1451 558 1469 meum
577 1442 599 1473 ί,
616 1449 680 1474 non,
705 1449 754 1469 vos
778 1441 853 1476 ipsos
877 1441 993 1468 ducetis.

213 1497 224 1513 1
246 1487 312 1515 Nam
327 1495 376 1515 nos
395 1495 503 1523 quoque
517 1488 602 1514 vulta
617 1488 676 1515 loco
692 1488 720 1514 in
737 1487 827 1514 locum
845 1486 993 1518 transilire,

1059 898 1068 914 1
1087 889 1134 915 καὶ
1145 889 1186 915 ὅτι
1202 889 1248 915 καλ¹
1260 889 1283 904 ’⁸
1297 889 1341 915 ὅτε
1352 890 1365 915 ὁ
1382 888 1477 924 καιρὸς
1488 889 1534 915 τοῦ
1550 889 1652 921 πάθους
1664 890 1746 916 αὑτοῦ
1759 899 1847 925 προσ-

1057 943 1066 960 1
1087 935 1210 970 ήτγισεν,
1226 935 1275 970 οὐχ
1296 934 1392 961 ἑαυτὸν
1412 934 1579 970 παρέδωκεν,
1593 935 1649 961 ἀλλ’
1667 935 1775 968 ἐδέξατο
1791 936 1846 968 ἕως

1057 990 1067 1006 1
1086 978 1167 1016 ἦλθον
1183 982 1226 1007 ἐπ’
1242 981 1323 1007 αὑτὸν
1341 981 1409 1016 μετὰ
1429 981 1570 1018 μαχαιρῶν
1583 982 1628 1008 καὶ
1643 981 1739 1015 ξύλων.
1761 982 1845 1015 Λέγει

1056 1034 1065 1050 1
1084 1025 1149 1059 γοῦν
1162 1025 1195 1041 ¹⁸“
1212 1026 1280 1061 πρὸς
1293 1026 1390 1058 αὐτούς
1400 1035 1406 1042 ·
1433 1025 1479 1060 Ὡς
1493 1027 1542 1054 ἐπὶ
1561 1027 1683 1061 λῃστὴν
1699 1026 1846 1059 ἐξήλθετε

1056 1080 1064 1096 1
1081 1071 1156 1106 μετὰ
1169 1071 1324 1105 μαχαιρῶν
1338 1072 1387 1099 καὶ
1402 1072 1502 1105 ξύλων
1516 1072 1684 1100 συλλαϐεῖν
1693 1072 1782 1108 με.οἳ
1796 1072 1844 1098 καὶ

1055 1125 1064 1143 1
1084 1118 1258 1151 παρέδωκαν
1273 1118 1384 1150 αὐτὸν,
1403 1119 1479 1154 φησὶ,
1500 1119 1629 1152 Πιλάτῳ.
1655 1119 1725 1146 Καθ’
1752 1118 1844 1154 ὁμοιόι

1054 1171 1063 1187 1
1080 1171 1150 1198 τητα
1158 1163 1223 1198 γοῦν
1234 1163 1380 1196 αὑτοῦ,καὶ
1390 1164 1494 1191 οἱκατὰ
1504 1165 1604 1191 σκοπὸν
1612 1164 1694 1191 αὑτοῦ
1704 1164 1842 1200 βαίνοντες

1053 1217 1062 1234 ι
1081 1209 1241 1242 πεπόνθασι,
1260 1211 1426 1246 μεμνημένοι
1449 1210 1504 1237 τῶν
1527 1211 1607 1238 θείων
1629 1211 1711 1238 αὑτοῦ
1732 1212 1820 1246 λόγων
1833 1231 1842 1241 ,

1052 1264 1061 1280 1
1082 1255 1114 1281 δι’
1130 1252 1167 1281 ὦν
1181 1256 1362 1291 ἐπιστηρίζων
1373 1257 1445 1292 ἡμᾶς
1460 1257 1524 1293 περὶ
1538 1257 1592 1283 τῶν
1606 1257 1733 1293 διωγμῶν
1748 1257 1821 1292 λέγει
1831 1265 1839 1273 ·

1052 1309 1061 1325 1
1082 1301 1249 1335 Προσέχετε
1267 1303 1289 1317 ’³
1310 1302 1426 1336 ἑαυτοῖς
1437 1311 1444 1318 θ
1461 1303 1674 1337 παραδώσουσι
1690 1303 1746 1338 γὰρ
1761 1303 1840 1338 {116(-

1051 1356 1059 1372 1
1079 1349 1122 1380 εις
1131 1347 1284 1382 συνέδρια,
1296 1349 1345 1375 καὶ
1358 1349 1393 1375 ὲν
1407 1349 1471 1382 ταῖς
1480 1349 1667 1384 συναγωγαῖς
1676 1349 1776 1377 αὐτῶν
1782 1359 1840 1385 μα·-

1051 1402 1059 1418 1
1078 1393 1282 1428 στιτώσουσιν
1300 1394 1387 1428 ὑμᾶς.
1400 1395 1616 1429 Παραδώσουσι
1627 1396 1665 1428 δὲ,
1680 1393 1768 1428 εἶπεν,
1779 1397 1837 1423 ἀλλ’

1050 1449 1059 1464 1
1080 1439 1140 1474 οὐχὶ
1153 1439 1186 1455 ¹³¹
1200 1440 1313 1471 ἑαυτοὺς
1328 1439 1512 1475 παραδώσετε·
1524 1441 1572 1467 καὶ
1585 1440 1633 1467 ἐπὶ
1645 1442 1794 1476 ἡγεμόνας
1803 1442 1839 1468 δὲ

1049 1496 1059 1512 1
1080 1487 1127 1513 καὶ
1139 1487 1280 1520 ,βασιλεῖς
1290 1488 1461 1522 ἀχθήσεσθε
1480 1489 1529 1516 διὰ
1543 1489 1574 1516 τὸ
1590 1489 1683 1524 ὄνομά
1693 1499 1762 1525 μου,
1777 1490 1836 1517 ἀλλ’

212 1544 222 1560 1
245 1535 309 1562 dum
331 1539 395 1561 sunt
412 1535 457 1569 qui
482 1542 532 1561 nos
552 1538 753 1569 persequuntur
767 1537 878 1568 propter
894 1540 993 1560 nomen

1053 1541 1056 1557 ι
1077 1532 1137 1566 οὐχὶ
1150 1533 1205 1565 "",
1218 1533 1331 1565 ἑαυτοὺς
1344 1533 1421 1566 ἄξετε
1432 1543 1438 1549 ·
1457 1534 1518 1560 ἐπεὶ
1534 1535 1579 1561 καὶ
1591 1536 1747 1571 μεταπηδᾷν
1761 1537 1837 1571 ἡμᾶς

213 1587 222 1604 1
245 1578 313 1614 ejus.
333 1577 410 1605 Sicut
436 1586 532 1606 rursus
547 1587 609 1606 eum
624 1579 758 1605 dicentem
780 1578 926 1605 audimus:
960 1577 994 1604 Et

212 1635 222 1651 1
241 1625 344 1661 quando
359 1633 403 1652 vos
419 1625 450 1651 ab
467 1625 515 1652 hac
526 1625 631 1652 civitate
645 1625 775 1656 persecuti
786 1624 896 1659 fuerint,
910 1623 994 1659 fugite

211 1681 221 1696 1
244 1673 271 1698 in
288 1671 370 1698 aliam
388 1672 411 1698 Β.
425 1671 484 1698 Non
499 1671 554 1698 vult
566 1671 639 1698 enim
658 1678 709 1698 nos
733 1669 767 1697 ad
787 1669 889 1697 diaboli
907 1670 994 1704 stipa-

211 1728 220 1744 1
243 1721 316 1745 tores
341 1718 525 1753 satellitesque
550 1717 715 1753 confugere,
752 1724 785 1743 ne
799 1715 867 1750 ipsis
882 1722 992 1750 quoque

211 1774 219 1789 1
244 1764 398 1791 multifaria:
413 1763 510 1791 mortis
526 1770 610 1791 causa
628 1763 725 1792 simus.
741 1765 772 1788 ut
783 1762 830 1796 qui
860 1761 950 1796 ipsos,
965 1766 993 1789 et

210 1819 220 1836 1
243 1810 396 1846 asperiores
409 1817 470 1837 esse
486 1817 630 1844 cogamus,
645 1812 672 1835 et
688 1815 768 1842 opera
777 1807 915 1834 mortifera
931 1814 993 1841 per-

210 1865 220 1881 1
243 1863 323 1891 agere
339 1864 345 1882 :
373 1855 418 1883 sed
444 1859 616 1889 exspectare,
634 1857 661 1880 et
676 1853 756 1880 nobis
772 1860 879 1885 cavere,
898 1853 992 1888 uigila-

210 1911 219 1926 1
245 1908 321 1936 reque
334 1905 359 1927 et
374 1908 461 1931 orare,
487 1907 518 1926 ne
544 1900 670 1926 intremus
686 1898 896 1925 intentationem
910 1896 934 1925 δ.
953 1899 992 1925 Ita

209 1957 219 1973 1
245 1947 399 1983 Stephanus
411 1946 527 1982 primus,
543 1945 603 1980 ejus
618 1945 741 1979 vestigiis
757 1945 899 1976 insistens,
919 1952 991 1971 mar-

209 2002 218 2019 1
239 1993 339 2028 tyrium
355 1999 462 2028 passus,
471 1990 667 2026 Hierosolymis
678 1991 712 2017 ab
725 1990 825 2025 iniquis
836 1995 988 2025 correptus,

210 2050 219 2065 1
243 2045 270 2067 et
286 2040 313 2066 in
326 2039 472 2066 concilium
486 2037 596 2070 ductus,
613 2038 750 2073 lapidibus
763 2037 888 2067 obrutus.
902 2037 929 2064 in
945 2045 990 2065 no-

208 2093 218 2109 1
241 2082 314 2110 mine
332 2082 433 2109 Christi
450 2081 618 2116 gloriﬁcatus
628 2085 680 2113 est,
704 2089 814 2116 rogans,
830 2085 857 2109 et
870 2081 963 2109 dicens
980 2091 988 2108 :

207 2138 216 2155 1
241 2128 360 2160 Domine.
373 2136 403 2155 ne
415 2133 518 2154 statuas
533 2127 587 2154 illis
601 2127 648 2154 hoc
664 2132 799 2162 peccatum
821 2128 842 2155 1.
860 2127 899 2154 Ita
912 2127 990 2154 Jaco-

1049 1587 1058 1603 1
1079 1577 1201 1613 βούλεται
1223 1579 1276 1606 ἀπὸ
1297 1579 1378 1606 τόπου
1398 1580 1438 1611 εἰς
1459 1580 1539 1606 τόπον
1551 1579 1572 1596 ³⁸
1593 1580 1772 1616 διωκομένους
1790 1581 1837 1609 διὰ

1048 1633 1057 1650 1
1076 1623 1106 1650 τὸ
1120 1624 1205 1660 ὄνομα
1218 1626 1300 1651 αὑτοῦ
1314 1635 1318 1641 ·
1334 1626 1371 1657 ὡς
1392 1626 1472 1653 πάλιν
1487 1626 1620 1661 ἀκούομεν
1637 1627 1718 1653 αὐτοῦ
1740 1627 1835 1662 λέγον-

1047 1678 1056 1695 1
1075 1678 1137 1701 τος·
1156 1670 1213 1697 Καὶ
1226 1670 1295 1697 ὅθεν
1310 1671 1347 1706 (‘2)
1358 1670 1502 1698 διώκωσιν
1513 1671 1587 1706 ὑμᾶς
1603 1672 1636 1698 ἐκ
1652 1671 1706 1706 τῆς
1715 1674 1834 1706 πόλεως

1046 1725 1056 1741 1
1076 1717 1185 1750 ταύτης
1195 1717 1228 1749 ³¹,
1246 1718 1369 1752 φεύγετε
1382 1718 1425 1750 εἰς
1438 1717 1495 1751 τὴν
1505 1717 1624 1751 ἑτέραν·
1644 1719 1674 1745 οὐ
1691 1719 1745 1754 γὰρ
1761 1719 1836 1746 θέλει

1046 1771 1055 1787 1
1075 1761 1233 1798 αὐτομολεῖν
1252 1762 1324 1798 ἡμᾶς
1339 1762 1408 1798 πρὸς
1435 1764 1497 1795 τοὺς
1511 1763 1558 1790 τοῦ
1574 1764 1696 1791 διαϐόλου
1712 1766 1834 1792 ὑπασπι-

1046 1817 1056 1833 ‹
1077 1807 1142 1839 στὰς
1155 1808 1200 1834 καὶ
1215 1808 1390 1844 δορυφόρους,
1405 1809 1479 1840 ὅπως
1497 1809 1533 1844 μὴ
1549 1810 1595 1835 καὶ
1607 1810 1735 1836 πλειόνων
1749 1810 1835 1838 θανά-

1046 1863 1055 1879 1
1075 1862 1129 1880 των
1145 1854 1225 1881 αἴτιοι
1239 1855 1330 1887 αὐτοῖς
1344 1854 1482 1890 γινώμεθα
1497 1855 1541 1887 ³¹¹,
1557 1856 1593 1888 ὡς
1608 1856 1640 1883 ἂν
1657 1858 1834 1891 καταναγκάέ

1045 1909 1054 1925 ‹
1074 1899 1164 1932 ζοντες
1178 1901 1275 1932 αὐτοὺς
1294 1901 1393 1936 μᾶλλον
1415 1902 1667 1937 κατατραχὺνεσοαι
1686 1902 1734 1929 καὶ
1754 1903 1833 1929 15).:-

1044 1954 1053 1970 1
1076 1947 1210 1982 σιουργεῖν
1233 1946 1268 1973 τὰ
1288 1946 1462 1983 θανατηφόρα
1485 1947 1568 1982 ἔργα·
1594 1947 1649 1973 ἀλλ’
1673 1948 1833 1983 ἐκδέχεσθαι

1045 2001 1054 2016 1
1074 1992 1121 2019 καὶ
1136 1992 1278 2028 προσέχειν
1297 1993 1419 2024 ἑαυτοῖς,
1435 1993 1589 2028 ποηγορεῐν
1607 2001 1639 2020 τε
1663 1993 1711 2019 καὶ
1735 2000 1826 2027 προσ-

1043 2048 1053 2064 1
1073 2039 1223 2073 εὔχεσθαι,
1240 2039 1290 2065 ἵνα
1310 2038 1352 2073 μὴ
1375 2037 1554 2073 εἰσέλθωμεν
1577 2039 1619 2071 εὶς
1649 2039 1829 2073 πειρασμόν.

1043 2093 1053 2109 1
1073 2083 1150 2111 Οὕτω
1159 2083 1291 2119 Στέφανος
1302 2085 1418 2120 πρῶτος,
1428 2085 1487 2111 κατ’
1503 2085 1574 2119 [χνος
1585 2084 1666 2111 αὑτοῦ
1679 2084 1830 2120 μαρτύριον

1043 2139 1052 2155 1
1072 2130 1277 2165 ἀναδεξάμενος,
1292 2131 1321 2157 ὲν
1345 2129 1539 2166 Ἱεροσολύμοις
1558 2131 1756 2166 συναρπασθεὶς
1775 2131 1830 2157 ὑπὸ

207 2186 216 2202 1
241 2176 292 2204 bus
306 2174 443 2203 secundus
470 2175 505 2201 ab
520 2174 628 2202 Herode
643 2174 869 2209 comprehensus,
898 2173 988 2209 gladio

1071 2176 1124 2202 τῶν
1139 2176 1319 2212 παρανόμων⁷
1335 2176 1383 2203 καὶ
1402 2176 1494 2212 ἀχθεὶς
1508 2177 1537 2202 ὲν
1553 2176 1591 2211 τῷ
1601 2177 1741 2212 συνεδρίῳ,
1754 2176 1829 2203 λιθο-

206 2233 215 2249 1
239 2222 328 2258 capite
343 2225 487 2249 truncatus
500 2225 549 2249 est.
567 2220 606 2248 Ita
621 2219 719 2248 Petrus
729 2220 916 2255 apostolorum
928 2220 985 2255 pri-

1070 2210 1230 2257 ϐολοὺμενος
1250 2223 1278 2248 ὲν
1293 2221 1404 2257 ὀνόματι
1421 2210 1544 2258 Χριστοῦ
1567 2210 1722 2258 ἐδοξάσθηξ
1734 2231 1828 2258 παραε

205 2278 216 2294 1
238 2276 309 2299 mus,
328 2275 399 2303 saepe
418 2267 649 2302 comprehensus,
671 2270 697 2294 et
710 2266 842 2294 custodite
856 2265 983 2297 traditus.

203 2323 213 2339 1
236 2313 438 2349 ignominiaque
465 2312 589 2344 allectus,
605 2315 744 2347 postremo
758 2311 851 2338 Romae
874 2310 984 2338 crucili-

204 2371 213 2386 1
238 2369 289 2389 xus
302 2365 356 2389 est.
373 2360 504 2388 Similiter
522 2364 550 2387 et
572 2361 691 2396 inclytus
708 2359 821 2391 Paulus,
837 2367 908 2394 srepe
929 2364 986 2386 tra-

209 2417 220 2434 1
244 2407 328 2439 ditus,
344 2411 371 2434 ct
385 2406 419 2434 ad
436 2410 551 2433 mortem
563 2413 650 2440 usque
679 2405 707 2432 in
727 2404 880 2439 periculum
899 2403 983 2430 addu-

203 2464 213 2480 1
236 2458 307 2486 ctus,
316 2454 400 2480 multa
416 2453 486 2481 mala
499 2460 655 2488 perpessus,
666 2456 694 2479 et
704 2452 732 2479 in
744 2451 838 2479 multis
856 2458 984 2486 persecu-

1042 2277 1051 2293 1
1071 2268 1160 2295 καλῶν
1185 2269 1232 2295 καὶ
1255 2267 1356 2303 λέγων·
1384 2269 1487 2303 Κύριε,
1510 2268 1553 2303 μὴ
1582 2269 1701 2303 στήσῃς
1724 2269 1829 2302 αὐτοῖς

1041 2321 1050 2338 1
1070 2313 1182 2346 ταύτην
1196 2312 1241 2328 ⁹¹“
1256 2312 1312 2346 τὴν
1323 2313 1478 2348 ἁμαρτίαν.
1488 2311 1580 2345 Οὕτως
1594 2312 1720 2344 Ἰάκωϐος
1735 2312 1763 2339 δε
1773 2312 1828 2338 51:—

1041 2368 1050 2384 1
1073 2368 1117 2395 ρος
1129 2358 1289 2394 συλληφθεὶς
1299 2358 1351 2386 ὑπὸ
1365 2359 1494 2395 Ἡρώδου,
1511 2360 1632 2395 μαχαίρᾳ
1644 2359 1692 2394 τὴν
1704 2358 1827 2393 κεφαλὴν

1040 2414 1049 2430 ‹
1070 2405 1225 2441 ἀπετμήθη.
1239 2405 1332 2435 Οὕτως
1344 2406 1358 2432 ὁ
1373 2406 1517 2442 πρόκριτος
1530 2405 1584 2432 τῶν
1601 2405 1757 2432 ἀποστόλων
1772 2404 1827 2430 Πέ-

1041 2460 1050 2476 1
1070 2459 1132 2486 τρος
1145 2471 1153 2482 ,
1177 2451 1305 2483 πολλάκις
1321 2451 1481 2488 συλληφθεὶς
1509 2450 1556 2479 καὶ
1577 2451 1751 2486 φυλακισθεὶς
1776 2450 1824 2477 καὶ

235 2519 247 2533 I
261 2512 358 2540 Matth.
375 2519 449 2545 xxvt,
461 2512 505 2539 Η.
544 2512 558 2532 ιδ
574 2511 671 2538 Mat/It.
689 2519 727 2541 v1.
744 2511 786 2538 15.
809 2516 820 2530 ο
840 2509 936 2537 ΜαιιΙι.
955 2519 998 2537 xx‘

1053 2510 1093 2537 55.
1127 2510 1140 2530 τι
1156 2509 1253 2538 Matth.
1269 2510 1394 2545 xxvn,2.
1417 2517 1428 2531 ο
1441 2511 1537 2538 Matth.
1550 2519 1577 2543 ι,
1592 2511 1635 2538 l7.
1667 2511 1676 2530 ί
1693 2511 1759 2537 ibid.
1778 2510 1822 2540 ts.

199 2552 212 2571 Ι
228 2547 325 2575 Matth.
339 2556 366 2580 κ,
381 2547 427 2575 25.
466 2548 479 2568 1³
497 2546 594 2574 Matth.
618 2555 692 2578 xxvn.
706 2546 751 2573 47.
791 2545 800 2564 ί
817 2545 877 2573 Act.
908 2553 954 2578 vn,
977 2545 1022 2573 59.

862 2588 989 2634 vitam
1002 2604 1202 2634 LECTIONES.

233 2664 255 2680 "
272 2664 387 2695 ἑαυτοῖς.
426 2663 449 2679 ¹⁶
463 2661 690 2699 προσεκκαίοντες
709 2661 870 2699 ἄνθρακαςη
902 2663 937 2679 ’⁸⁵
955 2662 993 2699 δέ.

689 2697 921 2741 ¹⁶⁶Ι”““⁷γενομένας
929 2698 1071 2741 πολλάκις.Ζ
1106 2697 1229 2741 trabes:
1251 2699 1274 2718 "
1285 2699 1360 2741 desst
1376 2700 1433 2741 xui:
1467 2700 1500 2741 ’ξ’
1513 2697 1630 2741 olim-Al"
1646 2697 1821 2741 προσέχεταιξ

200 2698 329 2734 εἰσελθεῖν
342 2700 384 2730 εἰς
396 2698 548 2734 πειρασμόν
559 2699 641 2726 deest.

199 2733 233 2750 ¹⁹“
249 2734 308 2768 οὐχ.
348 2734 394 2750 ¹⁹“
407 2733 466 2768 οὺχ.
503 2734 525 2749 ³⁸
537 2733 627 2760 τόπων
643 2735 683 2766 εὶς
698 2733 807 2765 τόπους.
845 2734 865 2749 ³¹
883 2734 979 2759 ὃταν...
998 2734 1027 2759 ὲν
1042 2734 1073 2769 τῇ
1089 2733 1165 2760 πόλει
1178 2734 1276 2770 ταῦτῃ.

233 2790 272 2825 (2)
286 2789 341 2817 Ka't
361 2791 439 2827 6053'.
467 2791 495 2818 ln
510 2792 642 2827 mstcod.
668 2792 832 2827 bombycino
848 2792 985 2827 amplissi-

197 2825 235 2853 mi
253 2826 387 2853 senatoris
410 2826 541 2854 Bernardi
567 2825 646 2861 Nani,
674 2827 721 2855 fol.
740 2825 802 2861 E08,
816 2827 861 2854 ubi
877 2825 985 2854 eistant

1043 2663 1088 2678 “"
1107 2664 1144 2700 μή
1159 2663 1247 2700 deest.
1266 2699 1271 2700 γ
1294 2663 1355 2700 γ¹⁶¹“
1368 2663 1542 2700 διδάσκοντος
1560 2663 1760 2700 προσεύχεσθαι
1783 2662 1822 2699 μὴ

1315 2734 1348 2750 ³¹⁵
1364 2734 1516 2770 γενώμεθα.
1554 2736 1599 2750 ³¹“
1611 2734 1716 2769 ταύτην
1729 2742 1784 2761 om.

1040 2799 1158 2830 canones
1183 2793 1276 2830 9,710.
1299 2794 1342 2825 12,
1361 2794 1405 2830 ίβ.
1422 2794 1466 2823 Η,
1490 2794 1535 2822 hic
1561 2793 1659 2830 legitur
1683 2794 1730 2821 καὶ
1744 2794 1823 2827 ὅταν,

1039 2831 1068 2855 ιιι
1083 2829 1110 2856 in
1126 2833 1202 2857 textu
1219 2828 1314 2856 Matth.
1330 2837 1357 2863 ιι,
1369 2828 1413 2857 23.
