1909 3069
87 73 144 100 ιεπ

709 79 875 108 EPISTOLA
896 81 1077 112 CANONICA.

1663 89 1714 118 ιεο

88 143 102 160 ι
121 135 299 170 ἀτιμασθεὶς,
314 137 427 173 ὕστερον
441 138 470 164 ὲν
483 138 574 175 Ῥώμῃ
583 139 740 176 ἐσταυρώθη
751 141 866 176 (5)."Kc

921 151 950 171 ηε
974 144 1094 172 tionibus
1119 144 1368 181 atﬁictionibusque
1395 146 1536 181 gloriatus,
1567 147 1594 174 in
1622 148 1716 176 eadem

88 189 102 208 ‹
118 181 135 208 ὁ
160 181 325 217 περιϐόητος
342 183 465 217 Παῦλος,
488 184 629 217 πλεονάκις
650 187 810 222 παραδοθεὶς
835 189 882 214 καὶ

89 236 103 253 ε
122 227 180 260 ἕως
202 228 321 256 θανάτου
335 231 523 263 κινδυνεύσας,
538 233 622 260 πολλά
641 242 670 260 τε
691 234 811 270 ἀθλήσας
835 236 882 262 καὶ

90 281 102 299 ι
122 273 337 309 καυχησάμενος
358 275 386 301 ἐν
407 276 512 308 πολλοῖς
533 277 661 312 διωγμοῖς
683 278 729 304 καὶ
746 277 879 312 θλίψεσιν,

89 328 101 345 σ
123 321 155 346 ἐν
169 321 202 355 τῇ
221 321 290 356 αὐτῇ
312 322 388 348 πόλει
405 323 452 348 καὶ
470 323 550 354 αὐτὸς
565 323 685 359 μαχαίρᾳ
698 323 746 359 τὴν
760 324 880 360 κεφαλὴν

90 372 100 388 ‹
121 363 283 400 ἀπετμήθη·
298 365 328 396 δς
340 366 368 392 ὲν
388 363 427 397 οἷς
440 367 620 402 ἐκαυχήσατο,
637 368 766 404 κατέληξε
780 369 824 384 ³“”·
839 369 878 395 ὅτι

89 419 98 433 ι
122 410 173 435 καὶ
188 410 234 426 ³²“”
247 411 276 436 ὲν
286 412 423 446 Δαμασκῷ
435 413 543 448 σπυρίδι
553 414 687 449 ὲχαλάσθη
708 415 752 441 διὰ
763 414 809 442 τοῦ
826 415 879 441 τεί-

89 464 99 480 ι
119 463 186 490 χους
197 456 306 488 νυκτὸς,
323 457 370 483 καὶ
382 458 495 492 ἐξέφυγε
509 458 557 490 τὰς
574 461 667 495 χεῖρας
677 459 723 487 τοῦ
735 459 876 496 ζητοῦντος

88 510 99 527 ι
117 502 205 528 αὐτὸν
233 503 340 530 πιάσαι.
358 504 394 530 Τὸ
418 505 471 541 γὰρ
490 506 668 542 προκείμενον
680 505 713 542 ἦν
729 507 829 540 αὐτοῖς,
848 508 876 534 ἐν

88 556 98 572 ‹
117 547 241 583 πρώτοις
254 550 474 584 εὐαγγελῑξεσθαι
487 552 534 578 καὶ
547 553 680 580 διδάσκειν
691 554 726 589 (4)
741 554 785 580 τὸν
798 553 876 588 λόγον

88 602 96 618 ι
117 594 169 620 τοῦ
185 595 265 627 Θεοῦ,
280 597 309 622 ὲν
328 594 368 627 οἷς
380 597 618 632 ἐπιστηρίζοντες
637 598 706 632 τοὺς
724 599 875 633 ἀδελφοὺς

86 649 97 665 ε
115 640 262 675 ἐμμένειν
275 643 310 669 ἐν
325 642 362 677 τῇ
379 643 488 675 πίστει,
500 644 546 670 καὶ
558 644 637 670 τοῦτο
651 644 751 679 ἔλεγον,
769 645 813 672 ὅτι
826 645 874 672 διὰ

87 695 97 711 ι
116 687 246 714 πολλῶν
266 688 397 722 θλίψεων
411 689 458 716 δεῖ
475 690 620 717 εἰσελθεῖν
644 692 686 723 εις
709 691 767 724 τὴν
782 691 872 723 ,ϐασι-

87 741 97 758 σ
116 734 208 759 λείαν
224 734 277 761 τοῦ
291 735 374 762 Θεοῦ.
395 735 518 770 Ἐζήτουν
531 736 585 771 γὰρ
599 737 628 762 οὺ
642 736 672 762 τὸ
689 737 791 764 ἑαυτῶν
804 746 872 772 συμ-

86 788 97 806 (
118 780 213 814 φέρον,
229 780 297 807 ἀλλὰ
311 781 342 808 τὸ
362 781 416 808 τῶν
438 781 556 814 πολλῶν,
573 782 615 808 ἵνα
633 783 755 815 σωθῶσι,
771 784 818 810 καὶ
837 783 871 820 ἦν

938 198 947 214 ‹
972 189 1039 217 urbe
1054 190 1112 224 ipse
1126 198 1235 226 quoque
1248 192 1340 226 gladio
1356 192 1445 227 capite
1457 193 1587 221 multatus
1597 197 1640 221 est
1654 195 1717 229 ;qui

937 244 946 261 I
971 235 997 262 in
1014 236 1114 270 quibus
1142 237 1274 272 gloriatus
1290 242 1344 269 cst.
1361 238 1418 273 ipse
1439 240 1466 266 in
1482 240 1516 267 iis
1528 240 1610 267 vitam
1627 241 1714 274 ﬁniit;

936 289 944 306 ι
968 285 995 308 et
1011 281 1082 316 quod
1097 281 1220 310 Damasci
1235 283 1262 309 in
1277 287 1370 317 sporta
1388 289 1469 312 noctu
1484 293 1531 320 per
1545 294 1652 313 murum
1666 286 1715 313 de-

935 335 944 351 ι
968 327 1069 355 missus
1080 332 1131 360 est,
1148 332 1173 355 et
1190 328 1284 363 effugit
1298 329 1359 363 ejus
1373 337 1470 358 manus
1485 331 1530 365 qui
1551 340 1613 359 eum
1628 340 1697 359 cona

934 381 944 397 σ
968 373 1048 400 batur
1063 374 1226 408 opprimere.
1243 375 1304 401 Erat
1319 375 1392 402 enim
1406 376 1447 402 eis
1465 375 1491 403 in
1507 377 1601 410 primis
1614 385 1713 413 propo-

934 427 943 443 ε
968 418 1050 445 situm
1065 418 1264 453 evangelizare.
1279 422 1307 446 et
1332 419 1445 446 verbum
1468 419 1514 447 Dei
1539 421 1658 448 docere:
1683 422 1712 449 in

936 472 945 489 ι
970 463 1071 498 quibus
1086 464 1184 498 fratres
1193 465 1379 499 conﬁrmant“
1394 470 1422 492 ut
1433 471 1565 493 manerent
1579 467 1606 493 in
1619 467 1669 500 ﬁde
1685 473 1711 498 ι,

933 519 942 534 ι
965 509 1139 546 hoc-quoque
1155 510 1292 542 dicebant,
1321 511 1388 546 quod
1403 519 1449 546 per
1463 512 1560 539 multas
1588 512 1712 546 afﬂictio-

931 565 940 580 ι
967 564 1011 582 nes
1020 561 1120 590 oportet
1133 556 1158 582 in
1171 564 1278 590 regnum
1289 556 1337 583 Dei
1348 557 1458 592 ingredi.
1468 556 1631 590 Quaerebam
1639 558 1711 584 enim

930 611 940 627 ‹
963 610 1017 629 non
1031 601 1105 636 quod
1122 602 1173 629 sibi
1187 605 1246 629 erat
1259 601 1334 633 utile,
1348 602 1394 629 sed
1411 603 1484 637 quod
1501 602 1603 632 multis,
1613 606 1642 629 ut
1657 610 1711 630 ser-

929 657 938 673 (
963 652 1103 679 varentur,
1117 653 1143 675 et
1157 648 1242 675 multa
1260 648 1327 682 ipsis
1350 648 1443 675 liceret
1460 648 1493 674 ad
1509 648 1567 675 haec
1584 647 1709 675 facientia

928 701 938 717 ι
961 692 1068 724 dicere,
1100 695 1130 718 ut
1159 692 1241 719 verbo
1272 692 1318 719 Dei
1347 693 1539 719 convenienter
1567 692 1707 720 facerent:

927 747 936 764 ι
964 737 1032 769 Nisi,
1043 742 1072 765 ut
1089 737 1157 765 dicit
1165 737 1321 772 Apostolus,
1337 747 1383 764 nos
1398 743 1497 773 tempus
1518 743 1656 766 narrantes
1664 739 1711 766 de-

925 793 935 810 r
958 785 1044 819 ﬁcere!
1054 784 1077 812 δ.
1090 793 1100 810 ι

86 835 97 852 ι
118 827 207 854 πολλὰ
219 827 309 861 λέγειν
321 829 411 861 αὐτοῖς
424 831 463 861 εἰς
476 829 563 857 ταῦτα
576 830 643 865 πρὸς
662 830 693 857 τὸ
714 831 784 858 κατὰ
798 831 876 866 λόγον
895 832 1037 868 πράσσειν,
1048 833 1072 859 εἰ
1081 830 1183 866 μὴ,ὠς
1193 831 1266 866 λέγει
1279 833 1293 859 ὁ
1307 832 1476 865 Ἀπόστολος,
1485 833 1618 860 ἐπιλίποι
1626 832 1650 848 ³³
1680 831 1706 858 ὃ·

87 882 96 898 ι
115 873 155 900 ἃν
167 874 249 909 ἡμᾶς
265 875 478 910 διηγουμένους
492 878 509 903 ὁ
523 878 640 911 χρόνος.
655 887 664 903 ι

119 932 220 959 ΒΔΛΣ.
239 932 270 959 ΟΣ
286 933 348 969 ἄρτι
359 933 406 960 τοῦ
424 933 507 960 ὕπνου
521 934 732 970 ἐξανιστάμενοι,
745 937 791 963 καὶ
807 937 866 972 μᾶλ-

959 934 1038 962 ΒΑις.
1058 934 1109 968 Qui
1121 943 1136 962 e
1149 942 1245 962 somno
1274 935 1354 962 modo
1369 939 1530 970 exsurgunt,
1548 939 1574 964 et
1587 936 1705 964 maxime

83 977 127 1004 λον
146 980 172 1005 εἰ
190 979 330 1014 ὡμόῦπνοι
345 977 410 1011 εἶεν,
426 980 456 1006 οὐ
474 980 660 1015 καθεστηκότα
680 981 724 1009 τὸν
743 981 870 1018 λογισμὸν

84 1024 202 1059 ἔχουσιν,
219 1024 287 1052 ἀλλὰ
312 1027 511 1061 τεταραγμένον
532 1027 578 1054 καὶ
598 1028 797 1056 ἀκατάστατον·
815 1039 870 1056 τοι-

83 1065 170 1102 ούτοις
196 1071 363 1107 παρείκασεν
377 1073 391 1098 ὁ
415 1073 577 1109 ἱερομάρτυς
597 1063 674 1106 οὗτος
697 1076 755 1107 τοὺς
779 1085 869 1111 παρα-

83 1117 226 1152 πηδῶντας
240 1119 280 1149 εις
303 1117 347 1144 τὸν
369 1118 475 1153 ἀγῶνα,
490 1120 571 1154 ἠγουν
593 1120 656 1152 τοὺς
680 1121 716 1157 μὴ
732 1121 870 1154 εὐτάκτως

83 1163 148 1190 ἀλλὰ
159 1163 286 1199 θρασέως
295 1164 341 1191 καὶ
352 1165 559 1201 ἀπερισκέπτως
569 1166 746 1198 εῑσωθοῦντας
758 1168 869 1200 ἑαυτοὺς

82 1210 120 1241 εις
132 1210 179 1237 τὸν
194 1210 304 1250 ἀγῶνα,
319 1210 446 1237 ὠδίνοντα
461 1211 507 1238 καὶ
526 1211 654 1246 μέλλοντα
670 1212 791 1245 ἐλκῦσαι,
809 1214 868 1240 ἀντὶ

81 1255 138 1287 τοῦ,
153 1257 238 1291 μήπω
246 1257 287 1288 εὶς
301 1256 415 1291 φανερὸν
429 1257 668 1293 ἐκραγῆναι,ίάλλὰ
682 1258 867 1294 μελετώμενον

82 1301 126 1327 καὶ
138 1300 282 1335 μέλλοντα,
296 1301 352 1336 ἦτοι
372 1301 534 1337 βραδύνοντα
556 1302 665 1330 ὲλκῦσαι
682 1305 744 1335 τοὺς
766 1304 867 1338 ἀγωνι-

81 1345 220 1380 ζομένους,
252 1347 348 1378 οἵτινες
369 1347 473 1379 ἑαυτοῖς
502 1349 652 1383 πειρασμὸν
678 1349 865 1380 ἐπισπῶνται.

81 1391 162 1425 ἤγουν
176 1392 218 1423 εἰς
234 1392 347 1424 ἑαυτοὺς
359 1392 466 1420 ἕλκουσι
484 1395 644 1429 πειρασμόν.
659 1395 766 1421 Μᾶλλον
780 1395 807 1422 δὲ
820 1397 866 1422 καὶ

81 1437 168 1470 ἄλλοις
183 1440 290 1470 πιστοῖς
304 1438 467 1466 ἀνάπουσιν
479 1439 615 1475 ἄνθρακας
628 1441 805 1476 ἁμαρτωλῶν,
817 1443 866 1474 τὰς

81 1483 110 1510 ἐκ
135 1484 191 1510 τῶν
215 1484 356 1520 τυράννων
381 1485 499 1520 δηλονότι
527 1486 660 1518 κολάσεις.
680 1487 749 1514 Ἀλλ’
775 1489 798 1514 εἰ
819 1488 866 1515 καὶ

81 1530 199 1556 αἰτιᾶται
215 1530 279 1561 τοὺς
295 1530 366 1557 οὓτω
379 1530 529 1563 ποιοῦντας,
545 1533 680 1558 κοινωνεῖν
693 1533 761 1565 τέως
777 1534 866 1566 αὐτοῖς

81 1574 140 1607 τοὺς
152 1577 266 1607 πιστοὺς
279 1576 458 1609 διατάττεται,
476 1578 516 1604 ὅτι
532 1578 574 1605 διὰ
590 1578 634 1604 τὸν
644 1578 758 1614 Χριστὸν
772 1580 866 1615 ὑπεισ-

920 981 943 1008 si
957 980 1042 1008 crudo
1057 981 1247 1016 profundoque
1260 988 1357 1009 somno
1368 982 1574 1015 premebantur,
1589 989 1643 1009 non
1655 982 1704 1009 ba-

918 1027 983 1054 bent
1001 1030 1172 1054 constantem
1188 1027 1331 1058 rationem,
1355 1027 1400 1054 sed
1418 1027 1601 1062 perturbatam
1615 1032 1643 1056 et
1656 1028 1699 1055 in-

920 1072 1044 1100 stabilem
1064 1081 1070 1099 :
1087 1073 1187 1099 talibus
1203 1072 1338 1100 assimilat
1361 1078 1554 1100 sacrosanctus
1572 1073 1615 1100 hic
1630 1081 1703 1101 mar-

920 1122 962 1153 tyr
975 1125 1023 1146 eos
1043 1118 1088 1153 qui
1105 1126 1157 1145 non
1184 1118 1319 1150 ordinate,
1338 1118 1384 1145 sed
1402 1119 1546 1146 temerarie
1563 1122 1589 1145 et
1607 1119 1701 1147 incon-

919 1163 1036 1191 siderate
1053 1172 1082 1192 se
1097 1164 1124 1191 in
1139 1168 1276 1192 certamen
1300 1164 1444 1191 intrudunt
1461 1173 1468 1197 ;
1494 1165 1659 1198 parturiens,
1674 1169 1701 1192 et

918 1209 1028 1237 trahere
1041 1209 1180 1242 diﬁcrens,
1197 1218 1246 1245 pro
1262 1217 1294 1237 eo
1310 1211 1381 1245 quod
1397 1211 1517 1237 nondum
1535 1211 1561 1237 in
1578 1215 1700 1245 apertum

918 1256 1017 1290 erupit,
1041 1255 1089 1283 sed
1106 1255 1253 1282 meditatur
1268 1259 1295 1282 et
1307 1255 1407 1287 diﬁert,
1425 1263 1473 1282 seu
1497 1259 1642 1282 cunctatur
1653 1255 1701 1283 deo

918 1307 1053 1329 certantes
1066 1301 1186 1333 trahere,
1196 1302 1242 1337 qui
1251 1301 1358 1329 sibimet
1373 1302 1551 1329 tentationem
1565 1302 1698 1333 alliciunt,

917 1348 975 1375 sive
992 1348 1018 1375 in
1033 1356 1062 1375 se
1080 1348 1154 1382 ipsos
1180 1348 1358 1375 tentationem
1383 1348 1504 1374 trahunt.
1521 1347 1636 1375 Maxime
1651 1355 1697 1375 au-

917 1396 981 1424 tem,
997 1397 1024 1420 et
1035 1393 1096 1420 aliis
1110 1392 1233 1420 ﬁdelibus
1256 1395 1429 1428 peccatorum
1445 1393 1578 1420 carbones
1605 1400 1701 1420 acceno

917 1438 996 1470 dunt,
1013 1445 1026 1465 a
1043 1439 1163 1474 tyrannis
1190 1439 1295 1466 scilicet
1320 1439 1485 1473 punitiones.
1510 1437 1562 1465 Sed
1584 1439 1635 1467 etsi
1652 1446 1699 1467 eos

917 1484 963 1518 qui
978 1485 1018 1512 sic
1032 1483 1146 1516 faciunt,
1172 1484 1368 1518 reprehendit;
1387 1484 1465 1518 jubet
1490 1487 1581 1511 tamen
1607 1484 1699 1512 ﬁdeles

916 1529 957 1557 eis
973 1530 1058 1556 nihilo
1073 1530 1162 1557 secius
1181 1529 1398 1561 communicare,
1414 1529 1477 1563 quia
1495 1534 1605 1564 propter
1616 1529 1697 1557 Chri-

917 1579 990 1602 stum
1002 1579 1139 1602 certamen
1150 1575 1303 1606 subierunt,
1318 1575 1442 1609 quamvis
1459 1575 1532 1601 iilius
1544 1575 1697 1602 doctrinam

80 1621 159 1657 ⁴ἦλθον
183 1622 227 1649 τὸν
245 1622 355 1657 ἀγῶνα,
382 1622 432 1650 κᾶν
456 1623 591 1659 ἠγνόησαν
610 1623 659 1660 τὴν
673 1624 776 1651 ἐκείνου
795 1625 866 1651 διδα-

921 1622 1076 1656 ignorarunt
1092 1631 1098 1648 :
1116 1621 1162 1656 qui
1180 1621 1258 1647 docet
1273 1625 1362 1655 petere
1378 1628 1411 1648 ne
1424 1624 1570 1652 tentemur,
1582 1625 1610 1648 et
1624 1622 1697 1657 quod

81 1668 204 1700 σκαλίαν,
220 1668 391 1700 διδάσκοντος
406 1669 490 1696 αἰτεῖν
506 1669 542 1705 μὴ
558 1670 748 1705 πειρασθῆναι,
764 1671 810 1697 καὶ
824 1671 864 1697 ὅτι

81 1714 136 1740 οὐδὲ
162 1714 259 1741 ἑαυτὸν
285 1714 460 1750 παρέδωκεν,
485 1715 552 1742 ἀλλὰ
576 1716 727 1751 παρεδόθη·
750 1717 799 1742 καὶ
827 1716 864 1752 μὴ

81 1759 237 1794 αὐτομολεῖν
252 1759 319 1795 πρὸς
333 1760 396 1791 τοὺς
415 1759 556 1792 κολαστὰς,
572 1761 614 1787 ἵνα
630 1761 666 1796 μὴ
681 1761 760 1787 αἴτιοι
773 1761 862 1792 αὐτοῖς

81 1805 193 1839 γίνοιντο
209 1804 339 1831 πλειόνων
358 1805 445 1840 φόνων
457 1826 464 1837 ,
481 1805 575 1841 ὥσπερ
595 1805 798 1842 παραθήγοντες
814 1808 863 1833 αὺ-

80 1853 139 1884 τοὺς
151 1854 192 1883 εἰς
206 1852 256 1884 τὰς
280 1852 351 1880 κατὰ
369 1852 423 1878 τῶν
444 1852 562 1879 εὐσεϐῶν
582 1853 725 1889 τιμωρίας.
751 1853 862 1888 Ἐπάγει

81 1898 106 1925 δὲ
122 1899 169 1925 καὶ
184 1899 301 1934 διάφορα
316 1898 524 1934 παραδείγματα
540 1899 665 1934 Γραφικὰ
679 1901 693 1926 ὁ
707 1898 808 1926 κανών.

114 1946 235 1972 ΖΩΝΔΡ.
260 1945 292 1972 Οἱ
316 1945 378 1981 ἄρτι
400 1945 448 1972 τοῦ
470 1945 552 1972 ὕπνου
576 1945 795 1980 ἐξανιστάμενοι,
817 1946 863 1972 καὶ

83 1991 177 2026 μᾶλλον
201 1992 224 2017 εξ
245 1990 384 2026 ὠμόῦπνοι
407 1988 476 2022 εἶεν,
500 1991 529 2017 οὺ
548 1990 733 2025 καθεστηκότα
751 1990 796 2017 τὸν
818 1990 863 2017 λο-

81 2036 175 2072 γισμὸν
193 2036 309 2071 ἔχουσιν,
326 2036 393 2062 ἀλλὰ
413 2036 624 2071 τεταραγμένον,
641 2036 688 2062 καὶ
708 2036 862 2063 ἀκατάστα-

81 2091 133 2110 τον.
149 2082 287 2114 Τοιούτοις
309 2082 474 2117 παρείκασεν
488 2083 502 2108 ὁ
521 2082 683 2118 ῑερομάρτυς
703 2079 779 2114 οὗτος
799 2083 863 2114 τοὺς

82 2128 296 2165 παραπηδῶντας
318 2129 357 2159 εἰς
372 2128 434 2159 τοὺς
450 2127 568 2161 ἀγῶνας,
583 2128 666 2163 ἤγουν
677 2128 741 2159 τοὺς
762 2128 798 2164 μὴ
816 2129 861 2155 εὐ-

81 2175 183 2207 τάκτως
197 2175 264 2201 ἀλλὰ
277 2175 399 2212 θρασέως
409 2176 455 2201 καλ¹
466 2175 674 2210 ἀπερισκέπτως
683 2174 861 2206 εἰσωθοῦντας

82 2221 190 2254 ὲαυτοὶς
204 2221 244 2252 εἰς
258 2221 303 2246 τὸν
314 2220 415 2255 ἀγῶνα,
432 2220 559 2247 ὠδίνοντα
575 2221 620 2246 καὶ
638 2220 768 2256 μέλλοντα
785 2219 862 2246 έλκῦ-

83 2275 134 2298 σαι,
154 2267 213 2294 ἀντὶ
237 2266 283 2293 τοῦ
309 2267 391 2302 μήπω
412 2267 452 2298 εις
476 2266 591 2301 φανερὸν
612 2265 775 2301 ἐκραγέντα,
793 2265 860 2292 ἀλλὰ

915 1675 949 1695 ne
962 1675 991 1694 se
1007 1667 1095 1701 ipsum
1112 1667 1220 1702 quidem
1246 1667 1368 1698 tradidit,
1385 1667 1432 1694 sed
1450 1667 1568 1694 traditus
1591 1672 1652 1701 est;
1669 1673 1697 1696 et

915 1720 968 1739 non
985 1720 1045 1740 esse
1069 1712 1102 1739 ad
1132 1718 1248 1740 tortores
1273 1712 1501 1748 confugiendum,
1519 1721 1553 1741 ne
1571 1714 1695 1748 pluribus

914 1766 943 1786 se
968 1757 1088 1785 caedibus
1112 1758 1317 1784 contaminandi
1350 1758 1417 1792 ipsis
1448 1765 1539 1785 causae
1566 1759 1641 1791 sint;
1665 1764 1694 1786 ut

913 1804 960 1839 qui
985 1810 1032 1831 eos
1057 1803 1171 1831 incitent
1202 1803 1235 1830 ad
1265 1803 1397 1831 sumenda
1420 1803 1453 1831 de
1472 1804 1523 1838 piis
1549 1804 1692 1839 supplicia.

913 1849 996 1876 infert
1011 1853 1100 1877 autem
1116 1853 1143 1878 et
1163 1849 1270 1877 diversa
1285 1855 1371 1876 sacrae
1397 1848 1547 1884 Scriptum
1570 1850 1694 1886 exempla

912 1902 1012 1922 canon.

949 1940 1048 1968 Zosan.
1074 1940 1126 1973 Qui
1149 1948 1163 1967 a
1182 1947 1279 1968 somno
1294 1943 1418 1968 recentes
1434 1943 1595 1975 exsurgunt,
1624 1948 1694 1975 prae-

912 1987 1005 2014 sertim
1022 1986 1045 2013 si
1069 1986 1192 2021 graviore
1209 1993 1305 2013 somno
1335 1985 1569 2020 opprimebantur,
1587 1986 1694 2013 ratione

911 2032 1121 2067 haudquaquam
1131 2031 1234 2063 sedata,
1243 2032 1289 2058 sed
1299 2031 1457 2065 perturbata
1473 2031 1693 2065 inconstantique

912 2081 1035 2105 utuntur.
1055 2077 1193 2112 Ejusmodi
1217 2077 1374 2104 hominibus
1401 2081 1514 2104 sanctus
1531 2077 1575 2104 hic
1590 2081 1693 2113 martyr

911 2124 1014 2152 similes
1025 2131 1073 2151 eos
1092 2124 1192 2151 asserit
1209 2124 1255 2158 qui
1281 2123 1309 2149 in
1326 2127 1463 2150 certamen
1478 2127 1623 2158 proruunt,
1642 2123 1692 2150 hoc

910 2173 962 2200 est.
992 2177 1045 2196 non
1061 2169 1184 2196 ordinate
1199 2168 1246 2195 sed
1260 2168 1356 2196 audaci
1383 2176 1415 2195 ac
1429 2169 1574 2196 temerario
1590 2169 1690 2203 impetu

911 2223 940 2243 se
955 2216 1029 2250 ipsos
1046 2215 1190 2242 intrudunt
1205 2215 1230 2241 in
1242 2218 1380 2241 certamen
1395 2223 1402 2247 ;
1415 2214 1578 2248 parturiens,
1596 2221 1628 2241 ac
1639 2218 1693 2240 tra—

912 2261 974 2289 here
991 2261 1130 2291 differens.
1154 2268 1203 2295 pro
1227 2268 1260 2287 eo
1280 2260 1351 2294 quod
1381 2260 1501 2286 nondum
1519 2259 1547 2286 in
1567 2263 1691 2294 apertum

84 2311 263 2347 μελετώμενον
285 2311 332 2337 καὶ
347 2311 485 2346 μέλλοντα,
498 2311 556 2346 ἡτοι
572 2305 734 2346 βραδύνοντα
749 2310 859 2336 έλκῦσαι

921 2307 1010 2343 erupit,
1028 2308 1075 2335 sed
1091 2307 1245 2340 meditatur,
1261 2310 1288 2334 et
1301 2306 1390 2333 differt
1405 2306 1461 2333 sive
1485 2310 1629 2333 cunctatur
1644 2305 1692 2332 de-

83 2357 140 2388 τοὺς
150 2356 366 2391 ἀγωνιζομένους
377 2364 384 2371 ·
399 2356 496 2387 οἵτινες
515 2355 666 2391 πειρασμὸν
680 2355 858 2386 ἐπισπῶνται,

83 2403 159 2438 ἤγουν
175 2404 214 2434 εἰς
230 2403 342 2433 ἑαυτοὺς
358 2401 466 2428 ’ἐλκουσι
482 2401 642 2437 πειρασμὸν,
657 2401 753 2436 μᾶλλον
767 2401 793 2427 δὲ
813 2401 860 2427 καὶ¹

84 2449 165 2481 ἀλλοις
190 2450 296 2480 πιστοῖς
322 2447 485 2475 ἀνάπτουσιν
512 2446 648 2483 ἄνθρακας
674 2446 859 2483 ἁμαρτωλῶν,

132 2532 144 2546 ι
156 2526 213 2554 Act.
226 2533 283 2557 ιιν,
296 2524 342 2552 2i.
379 2524 394 2544 δ
412 2523 538 2555 Ηείιωι,
549 2523 593 2551 52.

913 2358 1049 2381 certantes
1066 2354 1192 2380 trahere:
1215 2353 1262 2387 qui
1278 2352 1386 2387 quidem
1407 2352 1583 2378 tentationem
1598 2359 1692 2378 accer-

913 2404 987 2433 sunt,
1000 2400 1052 2427 boc
1068 2403 1120 2431 est,
1136 2400 1168 2426 ad
1194 2407 1223 2426 se
1247 2399 1320 2434 ipsos
1347 2397 1521 2425 tentationem
1541 2396 1691 2431 peiiicinnt,

913 2446 978 2481 quin
994 2446 1084 2481 potius
1095 2445 1156 2472 aliis
1171 2444 1296 2473 ﬁdelibus
1315 2443 1468 2471 accendunt
1483 2442 1615 2469 carbones
1629 2449 1690 2476 pec-

703 2590 819 2621 VARIIE
841 2589 1043 2617 LECTIONES.

117 2668 138 2686 "
152 2669 249 2705 ὁμοίως
263 2669 326 2696 add.
365 2669 397 2685 ³⁸⁸
413 2667 564 2700 κατέλεξεν.
601 2666 646 2683 ⁸⁸⁸³
665 2665 711 2692 καὶ
726 2666 776 2692 ὃτι.

118 2738 152 2772 (5)
167 2740 305 2773 Ἑσταυρ.
325 2740 390 2766 Καὶ.
406 2738 445 2766 id.
469 2739 554 2765 codex
580 2736 662 2773 Nam.
686 2735 845 2772 ἐσταυρώθη

93 2774 194 2810 ὀμοίως
209 2775 266 2802 καί.
275 2772 343 2801 Mox
357 2774 484 2810 πολλάκις
496 2781 545 2808 pro
552 2772 710 2810 πλεονάκιὲ

120 2807 153 2843 μ)
169 2810 341 2837 Διδάσκειν.
359 2808 399 2837 id.
416 2807 503 2840 cod.{
516 2808 668 2841 φυλάττειν,
690 2807 774 2834 Paulo
796 2809 856 2841 post

823 2664 845 2680 ³³
860 2664 994 2701 ἐπιλείψῃ.

910 2735 1037 2770 ἐμμένειν
1049 2734 1082 2769 τῇ
1101 2733 1200 2770 πζστει,
1219 2732 1321 2770 omissa
1347 2731 1547 2770 prapositione.
1572 2729 1632 2758 Mox
1648 2730 1690 2759 δεῖ

909 2768 981 2805 ἡμᾶς
996 2770 1060 2802 εἰσ.,
1071 2768 1105 2796 "ut
1124 2768 1151 2795 in
1168 2772 1242 2796 textu
1256 2769 1315 2795 Act.
1331 2776 1385 2801 xiv,
1401 2768 1444 2794 2!.
