1909 3069
216 110 268 138 ιῖἹ

725 111 753 139 S.
773 110 876 140 PETRI
898 110 1131 139 ALEXANDRINI
1150 111 1304 140 EPISCOPI

1782 112 1836 140 488

216 176 350 204 catorum,
362 175 496 198 tormenta
507 170 634 198 nimirum
647 178 707 206 quae
719 171 865 206 atyrannis
880 170 1000 198 inferun-

1056 171 1097 202 τὰς
1113 171 1144 197 ὲκ
1157 171 1211 197 τῶν
1221 171 1357 207 τυράννων
1374 168 1495 207 δηλονότι.
1509 169 1642 202 κολάσεις.
1662 169 1733 197 Ἀλλ’
1749 171 1775 197 ει
1789 179 1836 197 και

215 223 271 246 tur.
287 218 340 245 Sed
350 218 476 253 quamvis
489 223 601 244 accuset
617 225 664 245 eos
680 217 726 252 qui
746 218 796 244 hoc
813 217 892 244 modo
907 225 936 244 se
952 224 998 252 ge-

217 267 291 295 runt,
308 264 375 299 ipsis
385 267 476 291 tamen
489 271 503 290 a
520 263 646 290 ﬁdelibus
661 263 921 290 communicandum
937 270 1000 290 esse

216 310 347 341 decernit,
363 310 436 345 quod
453 309 480 336 in
497 309 607 336 nomine
623 308 722 336 Christi
732 309 766 335 ad
780 309 830 335 boc
844 307 997 343 prodeunt:

215 355 330 382 ﬁdentes
344 354 469 382 videlicet
487 353 608 386 Christo,
626 358 673 380 aut
691 354 719 380 in
734 353 794 388 ejus
817 352 928 379 nomine
946 351 998 380 sibi

216 404 353 428 certamen
367 401 548 436 deposcente:
564 409 572 433 ;
596 399 703 427 etiamsi
720 399 790 426 forte
809 399 881 425 illius
897 405 998 432 praece-

215 447 303 483 ptioni
315 447 405 474 minus
422 446 618 481 obtemperent,
630 445 755 472 docentis
763 448 853 479 petere
869 452 902 471 ne
913 447 1000 470 tente-

215 500 286 525 mur,
307 493 348 520 vel
363 492 443 519 etiam
456 492 582 527 ignorent
593 491 737 518 Dominum
753 490 901 518 secessisse
911 489 946 517 ab
957 489 999 516 in-

215 539 392 567 sidiatoribus
404 539 471 572 suis,
488 539 653 573 solitumque
679 536 826 572 aliquando
841 544 894 563 non
909 535 999 571 palam

215 585 400 617 deambulare,
417 591 466 611 nec
486 592 515 612 se
535 584 622 619 ipsum
634 583 788 618 prodidisse
807 587 835 610 ut
851 586 1000 617 pateretur,

214 639 308 659 verum
322 631 356 658 ab
368 631 429 658 aliis
442 631 580 666 proditum
593 639 601 663 ;
619 630 834 665 pnecepisseque
847 628 998 664 discipulis,

215 681 245 704 ut
259 685 313 713 quo
330 680 452 712 tempore
479 676 541 703 illos
565 675 667 702 inimici
694 675 908 705 insectarentur,
925 674 1000 708 fuge-

215 726 276 750 rent
289 730 304 749 e
317 722 429 749 civitate
447 722 473 748 in
486 721 693 751 civitatem,nec
702 728 731 747 se
745 721 819 754 ipsos
833 720 904 746 ultro
915 723 1001 746 torto-

215 767 291 794 ribus
313 766 462 796 tratlerent.
491 773 526 792 ne
550 765 675 800 pluribus
690 771 719 791 se
732 763 853 790 caedibus
867 763 1001 790 contami-

215 812 299 840 nandi
313 819 423 839 causam
437 811 504 846 ipsis
534 811 697 846 praeberent,
713 818 760 837 eos
774 810 847 837 velut
862 809 1000 837 irritantes

1051 217 1170 243 αἰτιᾶται
1181 218 1243 249 τοὺς
1253 217 1339 248 οὓτως
1351 217 1501 249 ποιοῦντας,
1512 218 1646 243 κοινωνεῖν
1659 217 1727 249 τέως
1742 217 1836 248 αὐτοῖς

1050 263 1113 294 τοὺς
1126 263 1238 295 πιστοὺς
1251 263 1430 294 διατάττεται,
1442 263 1483 290 ὅτι
1497 263 1524 290 ὲν
1536 263 1645 298 ὀνόματι
1654 262 1700 289 τοῦ
1715 263 1836 298 Χριστου

1052 307 1232 344 παρέρχονται
1251 310 1289 340 εἰς
1305 310 1399 340 τοῦτο.
1416 309 1578 345 Θαρροῦντες
1593 308 1692 344 δηλαδὴ
1709 308 1749 343 τῷ
1769 309 1837 343 Χρι-

1052 354 1116 390 στῷ,
1132 353 1148 390 ἦ
1163 355 1232 389 ὑπὲρ
1251 353 1298 380 τοῦ
1320 354 1449 389 ὀνόματος
1468 354 1514 380 τοῦ
1540 353 1656 390 Χριστοῦ
1678 353 1837 388 αἱρούμενοι

1050 399 1097 426 τὸν
1112 399 1221 434 ἀγῶνα,
1237 400 1261 426 εἰ
1275 399 1345 435 τάχα
1358 399 1406 426 καὶ
1418 400 1448 426 οὑ
1461 400 1532 426 κατὰ
1546 399 1594 435 τὴν
1605 400 1710 426 ἐκείνου
1726 399 1836 426 ποιοῦσι

1049 444 1232 478 διδασκαλίαν,
1256 446 1426 477 διδάσκοντος
1449 446 1534 472 αἰτεῖν
1555 446 1591 481 μὴ
1612 446 1802 481 πειρασθῆναι,

1051 491 1097 518 καὶ
1113 491 1267 525 ἀγνοοῦσιν,
1282 490 1456 527 ἂιόΚύριος
1472 491 1606 526 ὑπεχώρει
1626 491 1680 517 ἀπὸ
1703 491 1756 517 τῶν
1773 491 1835 516 ὲπι-

1051 537 1231 564 ϐουλευόντων
1249 536 1340 572 αὐτῷ,
1365 537 1412 564 καὶ
1433 537 1506 563 ἐστιν
1524 537 1569 563 ὅτε
1590 537 1636 563 καὶ
1652 537 1683 563 οὺ
1710 536 1836 571 φανερῶς

1051 585 1221 620 περιεπάτει,
1243 584 1290 610 καὶ
1307 585 1347 610 ὅτι
1366 582 1426 610 οὐδὲ
1449 583 1543 610 ἑαυτὸν
1567 584 1706 619 παρέδωκε
1727 582 1834 615 παθεῖν,

1051 631 1118 658 ἀλλὰ
1133 630 1266 666 παρεδόθη
1277 638 1284 645 ·
1303 631 1348 656 καὶ⁸
1370 631 1398 656 ὲν
1414 630 1452 665 τῷ
1467 629 1612 656 διώκεσθαι
1633 630 1696 661 τοὺς
1712 629 1836 664 μαθητὰς

1050 677 1143 709 αὑτοῦ,
1161 677 1299 710 διετάξατο
1325 675 1434 710 φεύγειν
1457 676 1496 707 εἰς
1521 675 1597 702 πόλιν
1610 677 1641 702 ἐκ
1661 675 1776 707 πόλεως,
1790 675 1836 702 καὶ

1053 724 1090 759 μὴ
1106 723 1264 758 αὐτομολεῖν
1286 721 1352 758 προς
1375 722 1437 753 τοὺς
1458 721 1601 752 κολαστὰς.
1625 721 1668 747 ἵνα
1695 720 1732 756 μὴ
1754 721 1836 747 αἴτιοι

1051 770 1141 801 αὐτοῖς
1165 769 1282 803 γίνοιντο
1309 768 1436 794 πλειόνων
1464 767 1567 802 φόνων,
1589 765 1682 803 ὥσπερ
1709 766 1835 802 παραθή-

1050 825 1143 851 γοντες
1157 815 1255 846 αὐτοὺς
1269 815 1309 846 εἰς
1327 814 1375 846 τὰς
1398 813 1469 840 κατὰ
1481 813 1534 839 τῶν
1555 811 1674 839 εὐσεσῶν
1690 811 1835 847 τιμωρίας.

216 857 250 885 ad
266 857 399 892 supplicia
414 857 467 891 piis
493 855 650 883 hominibus
680 855 836 890 irroganda.
863 854 1001 890 Aﬂet‘tque

1056 864 1106 890 Καὶ
1120 863 1182 894 τοὺς
1203 861 1367 892 ἀποστόλους
1393 859 1511 895 παράγει
1536 859 1574 891 εἰς
1602 858 1771 893 ὑπόδειγμα,
1790 857 1836 883 τὸν

216 905 401 939 apostolorum
431 903 595 937 exemplum,
613 901 754 937 Stephani,
774 901 880 934 Jacobi,
905 908 937 929 ac
952 909 1000 928 su-

217 958 370 986 premorum
384 949 489 976 ordinis
504 949 545 975 sui
563 956 706 983 procerum
720 947 794 975 Petri
809 951 836 975 ct
846 946 933 974 Pauli.

524 993 638 1022 CANON
658 993 692 1020 Χ.

254 1050 263 1067 ι
284 1040 362 1068 Unde
378 1048 430 1068 non
453 1044 496 1068 est
524 1048 649 1075 :equum,
670 1043 699 1068 ut
716 1039 758 1067 vel
781 1039 872 1067 clerici
887 1039 933 1074 qui
951 1047 1002 1066 sua

219 1097 228 1113 ι
253 1091 350 1122 sponte
362 1086 535 1122 aufugerunt,
553 1086 622 1121 lapsi
635 1090 724 1113 autem
741 1090 768 1113 et
788 1086 911 1113 reluctati
926 1089 1001 1118 sunt,

219 1142 228 1158 ι
252 1133 369 1168 amplius
381 1133 407 1160 in
423 1140 502 1160 sacro
522 1132 674 1159 ministerio
691 1135 829 1164 maneant,
849 1135 874 1158 ut
889 1131 934 1166 qui
949 1130 1002 1158 Do-

220 1188 229 1204 ι
255 1179 322 1206 mini
349 1186 456 1214 gregem
473 1178 644 1213 reliquerint,
656 1181 683 1205 et
695 1185 725 1205 se
737 1178 812 1212 ipsos
832 1177 1002 1212 vituperave-

220 1235 230 1252 ι
252 1226 324 1253 rint:
337 1225 411 1261 quod
425 1225 518 1252 nullus
532 1225 595 1252 fecit
609 1232 643 1251 ex
658 1224 802 1259 apostolis.
822 1223 928 1251 Etenim
939 1230 1000 1250 cum

220 1281 230 1298 ι
251 1273 352 1300 multas
378 1271 582 1307 persecutiones
610 1270 734 1302 obiisset,
752 1275 778 1298 et
800 1271 887 1298 multa
914 1274 1002 1297 certa-

220 1327 230 1344 t
253 1317 357 1345 minum
370 1317 480 1352 praemia
491 1316 658 1344 ostendisset
672 1316 769 1343 beatus
782 1316 921 1351 apostolus
931 1315 1002 1343 Pau-

220 1372 230 1389 ι
255 1363 307 1394 lus,
324 1363 414 1390 sciens
431 1370 492 1390 esse
503 1362 581 1397 longe
592 1362 689 1389 melius
716 1361 824 1389 dissolvi
838 1367 862 1389 et
874 1370 930 1388 esse
943 1369 1002 1388 cum

221 1418 231 1435 ι
254 1409 362 1437 Christo
387 1415 412 1441 α,
429 1408 510 1435 infert
528 1412 554 1435 et
575 1408 662 1435 dicit:
683 1407 716 1435 In
729 1417 808 1436 carne
834 1413 922 1435 autem
945 1417 1002 1435 ma-

220 1465 231 1481 ι
255 1464 323 1487 nere,
342 1455 426 1490 magis
441 1455 616 1482 necessarium
626 1459 733 1489 propter
743 1463 798 1483 vos,
817 1455 1002 1485 Cousiderans

222 1509 231 1526 ι
252 1502 324 1528 enim
339 1508 393 1528 non
408 1508 496 1533 suam,
515 1500 561 1529 sed
574 1501 720 1528 multorum
737 1501 892 1535 utilitatem,
907 1506 935 1529 ut
946 1510 1003 1530 ser-

222 1555 231 1571 ι
252 1549 362 1577 ventur,
379 1546 465 1581 magis
479 1553 561 1581 quam
574 1553 652 1573 suam
668 1547 798 1582 quietem,
814 1550 1002 1575 necessarium
1017 1543 1038 1571 C

221 1601 232 1617 ι
255 1592 431 1624 existimavit,
448 1592 518 1627 apud
534 1592 632 1620 fratres
661 1600 781 1624 manere,
802 1597 829 1620 ct
846 1601 940 1621 eorum
955 1602 1003 1622 cu-

221 1648 232 1663 ι
255 1646 312 1665 ram
327 1646 430 1674 gerere.
444 1638 495 1672 Qui
515 1639 596 1666 etiam
610 1639 668 1666 vult
692 1646 754 1666 eum
769 1641 816 1674 qui
827 1639 916 1671 docet.
942 1647 1004 1668 esse

223 1694 233 1710 ε
257 1685 285 1712 in
301 1684 422 1711 doctrina
445 1684 592 1719 exemplum
609 1685 623 1704 δ
641 1685 775 1712 ﬁdelibus.
800 1684 878 1712 Unde
903 1687 949 1720 qui
975 1686 1004 1713 in

223 1739 233 1756 ι
257 1737 369 1758 carcere
381 1730 587 1763 contendentes,
599 1738 614 1757 a
629 1731 781 1758 ministerio
793 1731 962 1761 exciderunt.
977 1735 1005 1759 et

222 1787 232 1804 ι
255 1778 377 1805 reluctnti
393 1782 466 1811 sunt,
481 1785 580 1806 sensus
595 1778 675 1812 plane
691 1782 756 1805 sunt
780 1783 916 1813 expertes.
931 1777 1005 1811 Quo-

223 1831 234 1849 ι
256 1822 337 1850 modo
349 1822 421 1850 enim
439 1825 532 1856 petunt
558 1822 632 1857 quod
654 1822 832 1857 reliquerunt,
852 1830 914 1850 cum
931 1824 959 1850 in
973 1831 1004 1850 ea

223 1878 234 1895 ι
257 1871 418 1903 tempestate
441 1875 503 1895 esse
527 1871 639 1902 possent
663 1866 794 1895 fratribus
821 1867 878 1895 suis
899 1868 1006 1896 utiles?

225 1922 233 1938 ι
257 1911 383 1946 Quandiu
397 1911 489 1947 itaque
501 1911 572 1938 llrmi
589 1911 756 1946 stabilesque
769 1912 1006 1945 manserunt,ejus

225 1968 234 1985 ι
259 1959 332 1995 quod
344 1962 442 1994 praeter
453 1958 588 1985 rationem
604 1957 736 1987 fecerant.
746 1958 870 1986 eisvenia
879 1958 1005 1986 dabatur.

225 2014 234 2031 ι
258 2005 375 2039 Quando
397 2008 488 2031 autem
513 2003 583 2038 lapsi
603 2008 678 2036 sunt,
695 2007 726 2031 ut
739 2004 786 2039 qui
812 2011 953 2040 perperam
977 2012 1006 2032 se

225 2061 235 2076 ι
261 2053 405 2085 gesserunt
416 2053 443 2078 et
454 2057 484 2077 se
495 2049 569 2084 ipsos
580 2049 814 2084 vituperaverunt,
829 2058 882 2077 non
891 2055 1007 2086 possunt

226 2105 236 2122 ι
258 2096 376 2131 amplius
386 2102 463 2122 sacra
475 2095 628 2122 ministeria
642 2095 728 2123 obire.
746 2095 777 2122 Et
787 2095 849 2124 ideo
860 2097 947 2131 magis
959 2104 1007 2124 cu-

225 2150 236 2167 c
260 2148 319 2169 ram
334 2145 439 2176 gerant,
455 2141 591 2175 quomodo
606 2140 634 2168 in
649 2140 802 2169 humilitate
825 2142 908 2169 vitam
928 2149 1007 2177 pera-

225 2197 236 2214 ι
259 2191 324 2223 gant
338 2194 353 2214 a
368 2194 439 2214 vana
455 2187 541 2222 gloria
570 2191 721 2215 cessantes.
743 2188 789 2216 Eis
813 2188 885 2216 enim
905 2188 1005 2216 suﬂicit

226 2243 236 2260 ι
258 2233 425 2266 communio,
433 2241 494 2268 qua:
509 2233 655 2268 diligenter
669 2237 697 2261 et
710 2238 837 2262 accurate
853 2234 882 2261 tit
899 2235 1006 2263 duabus

226 2290 236 2307 ι
259 2280 294 2308 de
305 2280 398 2308 causis
407 2299 415 2313 ,
438 2284 496 2306 tum
508 2287 542 2307 ne
556 2279 701 2307 videantur
712 2280 835 2307 molestia
847 2279 927 2312 attici,
944 2280 1008 2308 hinc

227 2336 237 2353 ‹
260 2327 470 2355 dissolutionem
480 2326 506 2354 vi
522 2326 705 2361 arripientes:
723 2329 779 2353 tum
795 2334 829 2353 ne
841 2327 910 2362 lapsi
924 2327 1006 2362 aliqui

227 2382 239 2400 ι
259 2376 408 2401 causentur
415 2380 444 2400 se
457 2377 568 2407 propter
581 2379 668 2407 poenae
682 2373 855 2400 occasionem
871 2372 956 2400 fuisse
968 2381 1009 2400 re-

226 2429 239 2448 s
258 2420 376 2448 missos:
394 2419 446 2452 Qui
468 2418 577 2454 quidem
594 2418 738 2453 plusquam
755 2425 849 2446 omnes
876 2419 1008 2453 probrum

260 2505 274 2520 ι
290 2498 407 2533 Philipp.
428 2505 448 2531 ι,
464 2497 510 2530 25,
526 2495 571 2524 94.
610 2496 624 2516 δ
639 2495 694 2523 Tit.
707 2503 738 2528 ιι,
755 2495 781 2522 7.

1052 910 1185 944 Στέφανον
1197 929 1204 941 ,
1227 908 1272 934 τὸν
1293 906 1436 938 Ὶάκωῦον,
1453 906 1501 933 καὶ
1520 905 1583 937 τοὺς
1607 902 1837 940 κορυφαιοτάτους

1051 956 1154 992 Πέτρον
1168 955 1215 982 καὶ
1226 953 1342 980 Παῦλον.

1360 998 1479 1025 ΚΑΝΩΝ
1498 999 1527 1025 ι’.

1089 1056 1098 1074 t
1117 1047 1196 1074 Ὅθεν
1208 1046 1245 1082 (5)
1259 1047 1308 1074 οὐκ
1319 1046 1391 1072 lcrer
1406 1044 1514 1079 εὔλογον
1528 1044 1588 1071 οὐδὲ
1599 1044 1661 1076 τοὺς
1671 1042 1724 1070 ἀπὸ
1735 1042 1836 1078 κλήρου

1055 1103 1063 1118 ι
1082 1093 1327 1128 αὐτομολήσαντας,
1350 1090 1560 1121 ἐκπεπτωκότας
1575 1098 1604 1116 τε
1624 1089 1671 1116 καὶ
1687 1088 1836 1123 ἀναπαλαί-

1054 1147 1064 1165 ι
1085 1147 1194 1171 σαντας,
1208 1138 1248 1165 ἔτι
1267 1139 1295 1165 ὲν
1311 1139 1343 1173 τῇ
1366 1134 1520 1172 λειτουργίᾳ
1538 1134 1621 1167 εἶναι,
1640 1136 1687 1162 ἆτε
1703 1135 1735 1170 δὴ
1752 1143 1836 1161 κατα-

1055 1194 1064 1210 (
1083 1184 1228 1219 λείψαντας
1244 1184 1274 1210 τὸ
1288 1183 1412 1218 ποίμνιον
1429 1182 1531 1218 Κυρίου
1549 1182 1596 1208 καὶ
1619 1181 1837 1217 μωμησαμένους

1055 1241 1063 1256 ι
1083 1230 1193 1262 ἑαυτούς
1203 1238 1209 1245 ·
1222 1231 1290 1272 ὅπερ
1299 1229 1384 1261 οὐδεὶς
1395 1229 1448 1255 τῶν
1460 1227 1612 1255 ἀποστόλων
1627 1226 1770 1262 πεποίηκε.
1782 1226 1836 1252 Καὶ

1056 1284 1065 1301 t
1085 1275 1139 1311 γὰρ
1155 1277 1168 1302 ὁ
1184 1271 1295 1306 πολλοὺς
1315 1274 1451 1310 διωγμοὺς
1469 1272 1599 1306 ἐξανύσας
1621 1271 1669 1307 (6),
1697 1271 1782 1298 πολλά
1807 1279 1835 1296 τε

1056 1330 1064 1346 ι
1085 1319 1153 1350 ἆθλα
1166 1321 1361 1360 ἀγωνισμάτων
1377 1319 1570 1355 ἐνδειξάμενος,
1589 1320 1603 1345 ό
1619 1318 1753 1354 μακάριος
1769 1318 1837 1344 ἀετό-

1056 1378 1064 1394 t
1084 1368 1175 1399 στολος
1186 1367 1208 1383 ³⁸
1228 1367 1349 1400 Παῦλος,
1371 1366 1498 1402 ἐγνωκώς
1513 1374 1542 1392 τε
1565 1366 1604 1392 ὅτι
1629 1364 1737 1391 κάλλιόν
1764 1363 1838 1389 ἐστιν

1057 1424 1066 1439 ε
1085 1413 1234 1441 ἀναλῦσαι
1256 1412 1302 1439 καὶ
1322 1412 1382 1439 σὺν
1404 1411 1517 1447 Χριστῷ
1534 1409 1620 1442 εἶναι,
1642 1409 1767 1444 ἐπιφέρει
1791 1407 1838 1433 καὶ

1057 1470 1065 1486 ι
1084 1460 1170 1494 λέγει·
1187 1459 1222 1486 Τὸ
1236 1459 1269 1486 δὲ
1283 1459 1427 1494 ἐπιμεῖναι
1446 1458 1482 1492 τῇ
1494 1457 1592 1492 σαρκὶ,
1607 1455 1839 1490 ἀναγκαιότερον

1057 1517 1066 1532 ι
1085 1506 1122 1533 δι’
1138 1506 1224 1541 ὑμᾶς.
1251 1505 1361 1532 Σκοπῶν
1377 1505 1431 1541 γὰρ
1455 1505 1485 1531 οὐ
1511 1503 1541 1530 τὸ
1564 1501 1659 1530 ἑαυτοῦ
1680 1500 1837 1536 συμφέρον,

1058 1561 1066 1577 ι
1086 1551 1153 1578 ἀλλὰ
1171 1551 1201 1578 τὸ
1216 1551 1269 1577 τῶν
1288 1550 1392 1577 πολλῶν
1415 1550 1459 1576 ἴνα
1474 1548 1595 1575 σωθῶσιν
1605 1568 1611 1579 ,
1627 1546 1838 1580 ἀναγκαιότερον

1057 1606 1066 1623 ι
1085 1597 1134 1632 τῆς
1158 1596 1252 1623 ἑαυτοῦ
1278 1595 1456 1626 ἀναπαύσεως
1479 1595 1600 1630 ἡγήσατο
1618 1591 1648 1619 τὸ
1671 1590 1839 1627 παραμένειν

1057 1651 1066 1668 t
1086 1644 1143 1674 τοῖς
1155 1642 1278 1676 ἀδελφοῖς
1291 1642 1338 1668 καὶ
1353 1640 1540 1677 ἐπιμελεῖσθαι
1553 1638 1650 1666 αὐτῶν.
1671 1639 1719 1669 ’ος
1735 1637 1782 1664 καὶ
1793 1637 1838 1662 τὸν

1057 1698 1066 1714 ι
1084 1688 1241 1716 διδάσκοντα
1264 1688 1333 1715 θέλει
1350 1686 1417 1714 εἶναι
1440 1688 1475 1714 ἐν
1494 1685 1531 1721 τῇ
1548 1686 1727 1718 διδασκαλίᾳ
1744 1685 1839 1711 τύπον

1057 1745 1065 1759 ι
1085 1734 1225 1770 γινόμενον
1238 1734 1291 1762 τῶν
1307 1734 1416 1761 πιστῶν.
1431 1734 1512 1760 ὊΘεν
1531 1734 1555 1759 οἱ
1572 1733 1601 1758 ἐν
1615 1733 1648 1767 τῇ
1669 1731 1764 1767 εἱρκτῇ
1779 1731 1839 1756 ἑπι-

1057 1791 1066 1806 ι
1086 1780 1255 1816 δικαζόμενοι
1279 1780 1329 1815 τῆς
1352 1779 1521 1815 λειτουργίας
1545 1777 1767 1808 ἐκπεπτωκότες,
1793 1776 1840 1802 καὶ

1059 1837 1068 1852 ι
1089 1826 1339 1858 ἅναπαλαίσαντες,
1369 1826 1438 1852 πάνυ
1468 1823 1668 1861 ἀναισθητοῦσι.
1699 1823 1762 1854 Πῶς
1785 1823 1840 1857 γὰρ

1059 1883 1068 1900 ι
1086 1863 1240 1901 αἱτοῦσινηνὸ
1266 1872 1444 1907 κατέλειψαν,
1468 1872 1610 1906 δυνάμενοι
1631 1871 1687 1902 τοῖς
1716 1867 1840 1904 ἀδελφοῖς

1058 1929 1068 1945 ‹
1087 1918 1229 1956 εὓχρηστοι
1246 1917 1313 1946 εῖναι
1339 1920 1367 1945 ὲν
1389 1918 1477 1954 καιρῷ
1496 1916 1622 1953 τοιούτῳ;
1640 1917 1711 1947 Ἕως
1728 1915 1778 1950 μὲν
1793 1912 1840 1941 οὖν

1059 1973 1068 1989 ι
1088 1963 1230 1990 ἄπταιστοι
1243 1961 1326 1999 ἦσαν,
1351 1962 1513 1998 συγγνώμην
1533 1959 1604 1997 εἶχον
1626 1960 1672 1987 ἐπὶ
1696 1961 1729 1996 τῇ
1751 1968 1840 1995 παρα-

1060 2019 1068 2035 ι
1087 2009 1158 2045 λόγῳ
1175 2010 1197 2025 ³⁸
1214 2009 1303 2036 αὐτῶν
1328 2008 1441 2044 πράξει·
1471 2007 1515 2034 ὅτε
1534 2007 1562 2034 δὲ
1583 2007 1732 2038 ἔπταισαν,
1747 2006 1784 2037 ὡς
1807 2005 1840 2032 ἂν

1059 2064 1068 2080 ι
1088 2055 1337 2091 περπερευσάμενοι
1348 2055 1394 2080 καὶ
1406 2054 1517 2084 ἑαυτοὺς
1529 2053 1734 2088 μωμησάμενοι,
1749 2051 1840 2078 οὐκέτι

1060 2110 1069 2126 ι
1088 2100 1214 2127 δύνανται
1235 2100 1409 2136 λειτουργεῖν.
1437 2098 1481 2125 Διὸ
1500 2098 1714 2134 φροντιζέτωσαν
1741 2095 1841 2131 μᾶλλον

1060 2155 1069 2171 ι
1090 2146 1119 2172 ὲν
1138 2143 1380 2181 ταπεινοφροσύνῃ,
1397 2145 1454 2175 πῶς
1474 2143 1643 2171 ἐκτελέσουσι
1672 2142 1841 2176 παυσάμενοι

1061 2201 1070 2216 «
1090 2192 1140 2226 τῆς
1168 2191 1328 2224 κενοδοξίας.
1356 2191 1448 2226 Ἀρκεῖ
1477 2190 1530 2225 γὰρ
1554 2189 1644 2220 αὐτοῖς
1675 2189 1690 2223 ἡ
1716 2187 1841 2214 κοινωνία

1061 2247 1070 2262 ι
1093 2238 1150 2273 μετ’
1161 2237 1329 2269 ἐπιστάσεως
1340 2237 1362 2252 ³⁶
1371 2237 1416 2263 καὶ
1426 2235 1565 2271 ἀκριϐείας
1575 2233 1642 2270 πρὸς
1654 2234 1796 2269 ἀμφότερα
1809 2234 1841 2249 ²⁶’

1061 2291 1070 2309 ι
1091 2283 1229 2318 γινομένη,
1246 2283 1293 2309 καὶ
1316 2283 1359 2309 ῐνα
1375 2282 1412 2318 μὴ
1432 2280 1528 2314 δόξωσι
1541 2279 1681 2307 λυπεῖσθαι
1698 2280 1767 2314 μετὰ
1784 2279 1841 2313 βίας

1062 2338 1071 2355 ι
1089 2329 1331 2365 περιδρασσὸμενοι
1347 2329 1396 2364 τῆς
1420 2328 1544 2355 ἐντεῦθεν
1561 2326 1716 2357 ἀναλύσεως
1731 2325 1779 2361 (7),
1799 2325 1842 2351 καὶ

1063 2384 1071 2400 ι
1092 2375 1135 2402 ἵνα
1149 2376 1185 2411 μή
1199 2383 1270 2406 τινες
1288 2374 1457 2406 ἐκπεσόντες,
1474 2373 1692 2410 προφασίξωνται
1703 2372 1724 2388 ³⁷
1735 2372 1811 2398 ὡσὰν
1823 2372 1842 2387 ³¹

1062 2431 1071 2447 ι
1090 2421 1134 2448 διὰ
1159 2422 1207 2456 τὴν
1230 2421 1357 2458 ᾀφορμὴν
1378 2422 1427 2457 τῆς
1451 2420 1590 2456 ἐπιτιμίας
1612 2417 1841 2455 ὐπεκλελυμένοι·

872 2561 989 2590 νΑιιιΑε
1006 2560 1205 2590 LECTIONES.

262 2633 284 2650 "
295 2632 369 2661 deest
381 2632 537 2664 ἀπόστολος.
554 2632 577 2648 ⁸⁸
592 2631 667 2666 παρὰ
677 2629 766 2665 λόγον.
804 2630 826 2646 ³⁵
843 2631 1004 2662 ὲπιτάσεως.
1041 2616 1075 2647 ί⁶¹
1090 2631 1253 2668 ἀμφότερον.
1293 2632 1314 2648 "
1329 2633 1559 2669 προφασίσωνται.
1595 2634 1618 2650 ³⁸
1631 2634 1677 2666 ὡς.

274 2727 301 2759 5)
317 2728 412 2759 Ὅθεν,
426 2734 454 2752 κ.
468 2734 493 2753 τ.
510 2725 535 2751 λ.
561 2725 661 2754 Confer
676 2733 738 2753 cum
760 2724 803 2752 his
826 2728 1010 2759 narrationem

228 2757 418 2797 Epiphaniide
440 2761 598 2794 Meletianis,
629 2761 694 2788 lner.
723 2767 817 2792 ιςνιιι,
842 2768 870 2786 n.
902 2759 920 2786 ‘2
942 2757 1009 2787 e15.

229 2798 500 2865 uigiliam-mc.
517 2830 567 2858 Hs.
582 2831 643 2858 cod.
658 2829 728 2859 Nan.
743 2830 916 2863 ὲξαντλήσας.

1100 2723 1137 2759 (7)
1168 2723 1224 2759 Τῆς
1237 2724 1376 2753 ἐντεῦθεν
1392 2724 1480 2752 (ii-a1.
1507 2725 1627 2751 Zonaras
1652 2727 1678 2750 et
1702 2721 1846 2759 Balsamou

1063 2757 1274 2787 Videntur-litum
1287 2761 1375 2788 locum
1390 2769 1529 2795 perperam
1547 2759 1732 2795 interpretari,
1757 2761 1784 2784 et
1799 2757 1848 2792 τὴν

1064 2795 1187 2823 ἐντεῦθεν
1200 2796 1327 2823 ἀνάλυσιν
1340 2796 1373 2824 de
1389 2793 1474 2823 morte
1487 2796 1618 2830 accipere.
1630 2793 1764 2821 "annum.
