1909 3069
21 112 91 154 ἰεθ

661 130 829 156 EPlSTOLA
848 130 1030 161 CANONICA.

1609 138 1660 166 δυο

46 193 54 208 ι
73 183 167 215 οἵτινες
179 183 264 211 πλέον
279 184 408 212 ἁπάντων
417 185 548 221 αἰσχύνην
560 186 605 212 καὶ
620 185 718 217 ὄνειδος
728 186 827 219 ἕξουσι,

882 195 891 212 ‹
914 191 940 214 et
954 187 1128 222 ignominiam
1138 187 1424 221 habebunt-,sicutille
1440 193 1489 227 qui
1501 192 1662 221 fundamen-

48 238 55 253 ι
74 229 130 254 κατ’
147 229 253 256 ἐκεῖνον
271 229 318 257 τὸν
335 231 475 258 τεθεικότα
488 231 620 266 θεμέλιον,
633 231 680 258 καὶ
702 232 739 267 μὴ
755 232 828 267 ἰσχύ-

48 284 56 300 ι
75 283 155 302 σαντα
178 276 334 304 ἐκτελέσαι·
351 278 507 312 Ἀρξονται
521 278 585 314 γὰρ,
606 279 702 314 φησὶν,
719 279 830 313 πάντες

49 332 58 346 ‹
75 323 99 348 οι
115 324 392 358 παραπορευόμενοι
408 324 556 359 ἐμπαίζειν
565 327 666 359 αὐτὸν,
678 326 828 362 λέγοντες·

50 376 58 392 ι
77 365 167 400 οὗτος
179 370 195 393 ri
209 369 367 403 ἅνθρωπος
391 369 528 405 θεμέλιον
548 371 637 406 ἔθηκε
656 372 689 404 ⁸³,
711 373 757 399 καί
774 374 829 400 οὐκ

51 421 60 438 ι
77 413 207 447 ισχῑ-σεν
221 414 388 443 ἐκτελέσαι.
407 426 415 441 ι

79 458 175 485 ΒΔΛΣ.
198 460 268 495 Περὶ
291 461 532 498 αὐτομολησάντων
548 465 587 496 είς
605 465 650 491 τὸν
666 465 712 491 τοῦ
730 474 830 500 μαρτυ-

49 504 101 540 ρίου
116 505 212 539 ἀγῶνα
225 506 376 542 διαλεχθεὶς
391 510 405 535 ὁ
420 509 524 545 Πατὴρ,
543 510 590 537 νῦν
609 511 656 538 καὶ
677 512 740 548 περὶ
764 512 829 548 κλη-

50 550 126 586 ρικῶν
140 551 271 578 τοιούτων
285 553 331 579 τὸν
344 553 421 588 λόγον
435 558 562 582 ποιεῖται·
579 557 626 584 καί
641 566 731 593 φησιν,
744 559 791 590 ὡς,
806 560 830 586 εἰ

48 595 174 631 κληρικος
183 598 382 633 ηὐτομόλησεν,
397 598 455 627 εἶτα
468 602 504 638 μὴ
519 602 620 636 στέγων
634 603 683 636 τὰς
698 605 830 640 τιμωρίας

48 641 218 673 ἐκπέπτωκε,
234 643 281 670 καὶ
297 642 375 675 αὖθις
394 646 432 677 είς
451 645 546 673 ἑαυτὸν
558 649 711 683 γενόμενος,
729 649 830 676 ἀνεπά-

48 686 119 713 λαισε
143 687 194 723 τὴν
218 689 321 715 οἰκείαν
338 690 457 724 πτῶσιν,
482 692 529 718 καὶ
550 692 712 728 Χριστιανὸν
736 694 830 721 ἑαυτὸν

47 730 218 768 ὡμολόγησεν
231 734 345 761 ἐνώπιον
359 736 411 762 τῶν
426 737 573 772 τυράννων,
587 739 600 764 ὁ
611 739 729 771 τοιοῦτος
740 740 831 766 οὐκέτι

48 778 74 804 ὲν
85 779 116 813 τῇ
132 778 290 815 λειτουργίᾳ
303 780 388 811 ἔσται,
401 781 467 808 διότι
479 783 654 810 καταλέλοιπε
666 785 695 811 τὺ
707 785 830 821 ποίμνιον

48 824 90 850 τοῦ
105 824 211 860 Κυρίου
221 834 227 840 ·
246 826 292 853 καὶ
304 827 349 853 διὰ
364 827 392 854 τὺ
406 829 590 864 αὐτομολῆσαι
613 831 659 857 καὶ
679 832 715 867 μὴ
731 841 827 868 καρτε-

883 242 892 258 ‹
916 238 971 260 tum
987 233 1097 269 posuit,
1121 238 1147 261 ct
1164 242 1217 262 non
1239 236 1325 270 potuit
1348 237 1500 272 perlicere:
1532 238 1660 274 lnripient

883 288 892 304 ι
912 279 1102 314 enim,inquit,
1119 287 1207 307 omnes
1223 282 1268 316 qui
1275 284 1529 317 prmiargrcdiemur,
1543 293 1601 312 eum
1627 286 1659 312 il-

883 333 891 349 ι
916 324 1013 357 ludere,
1028 325 1158 352 dicentes:
1174 325 1225 352 Hic
1233 327 1308 353 homo
1319 329 1405 362 posuit
1417 329 1625 363 fundamentum,
1635 337 1660 358 et

883 379 891 395 ι
915 378 966 397 non
977 371 1061 405 potuit
1074 371 1198 405 perﬁcere
1216 378 1238 398 ι.
1261 381 1270 397 ι

916 458 995 485 Βλις.
1018 458 1055 486 De
1070 459 1104 486 iis
1119 459 1166 493 qui
1184 467 1230 487 sua
1255 465 1350 494 sponte
1370 459 1403 486 ad
1429 461 1550 496 martyrii
1571 465 1660 489 certa-

881 512 941 532 men
955 504 1126 540 confugiunt,
1138 505 1246 534 loculus
1255 506 1345 539 Pater,
1353 514 1427 534 nunc
1434 507 1467 534 de
1476 506 1583 534 clericis
1592 514 1660 542 quo~

880 558 932 586 que
947 551 992 586 qui
1011 555 1076 579 sunt
1091 551 1226 586 ejusmodi
1250 552 1371 587 loquitur
1390 562 1397 580 :
1424 556 1452 580 et
1466 553 1533 580 dicit
1548 553 1620 588 quod
1637 553 1661 581 si

880 597 996 625 clericus
1017 597 1050 624 ad
1067 601 1203 626 certamen
1228 606 1277 626 sua
1295 601 1392 633 sponte
1416 597 1549 634 profugit,
1564 598 1662 626 deinde

880 649 941 669 cum
958 650 1011 670 non
1024 648 1113 678 posset
1130 642 1200 670 ferre
1207 644 1352 676 tormenta,
1364 644 1476 678 excidit,
1487 648 1514 672 et
1527 653 1588 671 cum
1601 652 1662 672 rur-

881 696 928 716 sus
943 688 975 716 ad
991 697 1021 716 se
1035 689 1173 721 rediisset,
1197 689 1301 723 lapsum
1319 697 1398 717 suum
1424 691 1573 723 revocavit,
1589 694 1617 719 et
1632 699 1662 718 se

880 742 972 761 coram
991 735 1115 770 tyrannis
1130 734 1318 762 Christianum
1335 736 1479 765 confessus
1495 741 1552 771 est;
1568 738 1592 765 is
1607 745 1661 765 non

879 779 996 814 amplius
1010 787 1088 806 sacra
1096 779 1245 807 ministeria
1257 780 1352 812 obibit,
1365 788 1398 808 eo
1405 781 1477 816 quod
1493 789 1600 817 gregem
1609 782 1664 809 Do-

880 825 946 852 mini
961 826 1120 860 reliquerit;
1138 830 1164 853 et
1177 833 1210 853 eo
1225 826 1296 861 quod
1310 834 1372 853 cum
1388 835 1436 854 sua
1448 828 1662 863 quidemspome

51 870 126 905 ρῆσαι
142 871 192 903 τὰς
207 871 349 906 βασάνους,
367 873 461 909 μῶμον
480 877 664 911 προσήνεγκεν
683 867 780 913 ἐαυτῷ.
795 879 828 906 Τὸ

880 867 1042 903 confugerit,
1057 874 1083 896 et
1095 873 1230 897 tormenta
1245 869 1360 898 suﬂ‘erre
1381 879 1435 898 non
1454 873 1584 906 potuerit,
1610 874 1662 901 sibi

47 916 74 942 δέ
87 917 295 953 καταφρονῆσαι
311 919 361 954 τῆς
376 919 548 954 διδασκαλίας
565 922 611 949 τοῦ
626 922 690 950 λαοῦ
706 925 751 951 καὶ
765 933 831 960 προ-

46 963 215 998 τιμήσασθαι
239 965 269 991 τὸ
289 965 377 1001 ἐαυτῷ
391 967 544 1002 συμφέρον,
570 969 629 995 οὐδὲ
646 971 668 996 οἱ
689 971 830 998 ἀπόστολοι

47 1010 237 1044 πεποιήκασιν.
255 1010 284 1037 ‘0
301 1011 355 1047 γὰρ
369 1012 455 1047 μέγας
471 1013 585 1046 Παῦλος,
601 1016 668 1050 μετὰ
689 1016 718 1042 τὸ
733 1017 830 1049 πολλὰς

50 1053 182 1088 βασάνους
202 1056 357 1092 ὑπομεῖναι,
371 1059 541 1094 κατανοήσας
555 1062 679 1097 κρεῖττον
695 1060 763 1090 εἶναι
786 1064 831 1090 τὸν

50 1097 103 1132 βίον
118 1100 263 1127 ἀπολιπεῖν
274 1121 281 1133 ,
300 1105 500 1140 προετιμήσατο
516 1103 564 1141 ζῇν
580 1105 627 1133 καὶ
642 1106 830 1141 βασανίζεσθαι

49 1143 89 1170 διὰ
103 1145 153 1180 τὴν
171 1147 307 1184 σωτηρίαν
323 1149 368 1175 καὶ
386 1149 558 1178 διδασκαλίαν
572 1151 617 1178 τοῦ
641 1152 716 1181 λαοῦ.
744 1154 830 1181 Ἀναί-

51 1189 140 1224 σθητοι
159 1192 225 1225 γοῦν
242 1194 310 1220 εἰσιν
327 1195 351 1220 oi
369 1195 506 1228 αἰτοῦντες
529 1197 577 1233 τὴν
598 1197 775 1234 λειτουργίαν,
796 1197 832 1235 ἧς

51 1235 185 1263 ἐθελονταὶ
209 1238 411 1267 ἑκπεπτὼκασι.
428 1241 491 1273 Πῶς
512 1242 566 1278 γὰρ
585 1243 704 1270 αἰτοῦσιν
731 1244 745 1270 ὃ
763 1253 830 1271 κατ-

50 1280 138 1308 έλιπον
149 1301 156 1312 ,
171 1282 315 1318 δυνάμενοι
338 1287 393 1317 τοῖς
413 1286 534 1321 ἀδελφοῖς
551 1287 693 1323 εὖχρηστοι
708 1287 776 1316 εἶναι
801 1291 830 1318 ἐν

51 1326 136 1361 καιρῷ
160 1328 290 1364 τοιούτῳ,
316 1329 434 1365 διωγμοῦ
463 1331 580 1368 δηλαδή;
601 1333 632 1359 Et
657 1334 705 1368 μὲν
729 1332 776 1361 οὖν
799 1335 828 1362 οὺ

51 1371 218 1404 πεπτώκασι,
237 1375 328 1410 φησὶν,
346 1373 418 1411 εἶχον
432 1376 464 1403 ἂν
482 1377 647 1413 συγγνώμην
663 1379 708 1405 ἐπὶ
724 1381 756 1414 τῇ
777 1390 829 1406 πει--

51 1417 154 1453 ρειλόγῳ
169 1419 259 1445 αὐτῶν
281 1420 387 1456 πράξει,
402 1423 450 1457 τῆς
464 1423 668 1458 αὺτομολήσεως
684 1425 792 1461 δηλαδὴ,
811 1426 828 1461 ἢ

49 1463 96 1498 τῆς
117 1465 182 1500 περὶ
202 1466 231 1491 τὸ
245 1466 379 1494 διδάσκειν
397 1468 443 1494 καὶ
464 1468 600 1505 στηρίζειν
622 1471 684 1502 τοὺς
699 1471 829 1506 ἀδελφοὺς

51 1509 201 1545 ῥᾳθυμίας·
220 1512 244 1537 εί
271 1511 298 1538 δέ
326 1513 500 1542 πεπτώκασιν
524 1516 556 1542 ἐκ
579 1517 752 1552 περπερείας,
770 1518 829 1553 ἦτοι

49 1554 216 1589 ἀλαζονείας,
231 1556 361 1592 [τοιοῦτον
373 1559 425 1595 γάρ
435 1561 492 1587 ἐστι
506 1561 536 1587 τὸ
547 1562 748 1598 κατατολμῆσαι
764 1572 830 1600 προ-

49 1601 135 1632 πετῶς
150 1601 205 1628 τῶν
220 1602 406 1637 βασάνων-καὶ
424 1605 460 1640 μὴ
476 1607 614 1641 ἐμμεῖναι,
633 1608 679 1634 καὶ
692 1608 735 1635 διὰ
752 1606 830 1635 τὸῦτο

50 1646 314 1685 ἐθριαμϐεὑθησαψ]
329 1651 419 1677 οὐκέτι
440 1651 565 1679 δύνανται
588 1654 762 1690 λειτουργεῖν.
785 1655 830 1681 Διὸ

49 1694 261 1729 φροντιξέτωσαν
282 1697 381 1732 μᾶλλον
401 1698 458 1730 πῶς
480 1699 649 1727 ἐκτελέσουσι
669 1702 718 1736 τὴν
735 1702 829 1737 ὁμολο-

49 1740 107 1773 γίαν
127 1741 157 1766 ἐν
179 1743 422 1779 ταπεινοφροσύνῃ,
450 1745 617 1781 παυσάμενοι
633 1747 682 1781 τῆς
705 1747 758 1774 ἀπὸ
782 1748 828 1774 τοῦ

49 1784 137 1820 ζητεῖν
149 1786 200 1822 τὴν
214 1786 384 1823 λειτουργίαν
398 1789 564 1822 κενοδοξίας”
581 1792 660 1827 ἀρκεῖ
671 1792 725 1828 γὰρ
739 1794 829 1825 αὐτοῖς

49 1831 63 1865 ἡ
79 1831 148 1866 μετὰ
160 1832 215 1858 τῶν
234 1833 336 1860 πιστῶν
353 1836 478 1862 κοινωνία
492 1836 537 1863 διὰ
557 1837 602 1864 δύο
623 1839 750 1874 γινομένη
769 1840 829 1866 τινὰ

50 1877 114 1912 μετὰ
135 1879 297 1912 ἐπιστασίας
318 1881 447 1915 ἀκριϐοῦς
465 1883 511 1910 καὶ
534 1883 698 1919 οἰκονομίας.
721 1885 751 1911 El
775 1885 829 1922 γὰρ

48 1923 165 1959 εἴπωμεν
180 1925 216 1960 μὴ
240 1924 313 1960 ἔχειν
335 1926 432 1959 αὐτοὺς
454 1930 643 1961 κοινωνικοίις,
667 1929 776 1962 τούτους
798 1939 828 1957 τε

47 1968 211 2006 λυπήσομεν,
227 1971 265 2002 ὡς
276 1971 486 2008 ἀποφαινόμενοι
503 1975 571 2009 μετὰ
588 1975 657 2010 βίας,
672 1977 754 2011 ἤγουν
770 1978 829 2004 ἐπι-

47 2016 262 2051 τετιμημένους,
290 2018 413 2046 ἐντεῦθεν
445 2019 576 2047 ἀναλῦσαι
604 2022 721 2054 αὐτοὺς,
745 2024 827 2058 ῆγουν

48 2061 190 2088 ἀποθανεῖν
201 2070 208 2077 ·
227 2063 274 2090 καὶ
288 2064 350 2095 τοὺς
365 2064 458 2097 ἄλλους
476 2066 503 2092 δὲ
520 2067 685 2100 ἐκπεσόντας
703 2069 766 2101 ἴσως
783 2071 828 2096 κιαι)⁸

49 2107 222 2142 βουλομένους
234 2109 401 2146 ὑποστρέψαι
417 2112 457 2144 είς
468 2112 499 2138 τὸ
509 2112 621 2147 ἀγαθὸν,
638 2114 828 2150 ἐκλελυμένους

48 2153 112 2188 πρὸς
125 2153 206 2180 τοῦτο
220 2155 266 2181 καὶ
281 2156 391 2191 ἀμελεῖς
404 2158 562 2193 ποιήσομεν,
581 2161 827 2195 προφασιζομένους

47 2199 72 2224 τὸ
89 2200 125 2235 μὴ
141 2200 249 2234 μέλλειν
261 2202 358 2233 αὐτοὺς
372 2201 443 2229 εἶναι
457 2206 630 2237 κοινωνικοὺς
643 2207 698 2238 τοῖς
713 2209 826 2239 πιστοῖς.
845 2217 865 2244 υ

47 2244 93 2271 κᾶν
117 2246 305 2282 ὁμολογήσωσι
329 2247 378 2284 τὴν
402 2249 493 2276 πίστιν
515 2251 582 2285 μετὰ
607 2252 656 2286 τὴν
673 2252 825 2280 ἔκπτωσιν*

46 2290 149 2322 οἵτινες,
166 2291 204 2326 μὴ
219 2292 438 2328 ἐπιστρέφοντες,
459 2295 540 2322 πλέον
554 2297 681 2324 ἁπάντων
701 2298 743 2324 ῖνα
759 2299 828 2325 ὀνει-

46 2335 152 2363 δισθῶσι
161 2337 209 2364 καὶ
220 2338 399 2373 αίσχυνθῶσιί
411 2341 482 2368 καθὰ
493 2341 524 2377 (Ῑ.
535 2342 614 2378 κατὰ)
621 2343 666 2369 τὸν
676 2345 825 2380 ποιήσαντα

47 2381 92 2415 μὲν
103 2381 232 2417 θεμέλιον
240 2403 247 2415 ,
264 2383 301 2419 μὴ
318 2384 497 2421 πληρώσαντα
509 2386 537 2413 δέ
545 2388 656 2423 οἴκημα.
667 2389 759 2424 Τούτῳ
773 2390 826 2426 γὰρ

46 2426 159 2454 ἐοίκασιν
178 2429 203 2454 οἱ
226 2429 294 2465 πρὸς
311 2430 441 2465 βασάνους
457 2432 688 2468 αὐτομολήσαντες
712 2436 761 2470 μὲν
782 2435 825 2462 διὰ

45 2471 157 2508 Χριστὸν
178 2474 228 2500 καὶ
248 2474 328 2500 οἱονεὶ
345 2475 425 2502 καλὸν
450 2476 557 2512 θέμενοι
572 2477 708 2512 θεμέλιον,
727 2479 764 2514 μὴ
779 2479 824 2506 δυ-

45 2518 166 2553 νηθέντες
179 2519 209 2546 δὲ
231 2520 373 2547 τελειῶσαι
387 2522 417 2548 τὸ
439 2522 520 2549 καλὸν
543 2523 586 2550 διὰ
610 2525 659 2560 τὴν
679 2524 823 2552 ἔκπτωσιν.

46 2563 196 2599 Σημείωσαι
222 2564 286 2598 οῦν,
300 2567 341 2593 ὅτι
363 2567 422 2595 οὐδὲ
445 2570 462 2605 ἡ
488 2569 532 2596 διὰ
559 2569 675 2604 Χριστὸν
697 2571 825 2606 ὁμολογία

45 2609 210 2646 ἀποκαθιστᾷ
225 2611 272 2638 τὸν
292 2612 365 2645 ἅπαξ
386 2615 419 2640 ἐκ
439 2613 487 2640 τοῦ
503 2615 603 2651 κλήρου
623 2615 824 2649 ἀποξενωθέντα

44 2654 85 2681 διὰ
99 2657 147 2692 τὴν
161 2656 309 2684 ἔκπτωσιν.

78 2739 90 2753 ι
105 2733 170 2762 Luc.
187 2735 298 2767 xw,29,
315 2736 359 2763 50.

882 914 933 949 ipsi
948 914 1034 942 labem
1055 915 1155 943 attulit.
1173 915 1208 943 Ut
1221 921 1311 944 autem
1340 918 1430 952 populi
1447 918 1599 946 doctrinam
1615 928 1664 947 ne-

880 959 1023 994 gligerent,
1039 964 1066 986 et
1077 968 1154 987 suam
1173 961 1316 989 utilitatem
1335 962 1504 996 praaferrent,
1531 971 1581 991 nec
1598 972 1664 1000 apo-

881 1007 944 1034 stoli
956 1007 1086 1034 fecerunt.
1099 1007 1211 1043 Magnus
1219 1009 1291 1036 cnim
1299 1008 1411 1040 Paulus,
1423 1013 1566 1045 postquam
1578 1011 1663 1038 multa

881 1055 1015 1079 tormenta
1039 1053 1179 1085 subiisset,
1209 1053 1364 1088 intelligens
1379 1055 1465 1082 multo
1478 1062 1539 1083 esse
1565 1056 1664 1084 melius

880 1098 963 1125 vitam
979 1099 1144 1135 relinquere,
1156 1100 1253 1127 maluit
1262 1100 1353 1128 vivere
1368 1105 1395 1128 et
1410 1102 1530 1136 torqueri
1551 1106 1663 1137 propter

880 1143 995 1171 salutem
1011 1148 1037 1172 et
1052 1145 1202 1172 doctrinam
1217 1145 1318 1181 populi.
1348 1144 1436 1173 Sensu
1462 1154 1528 1182 ergo
1551 1147 1663 1174 omnino

880 1192 984 1221 carent,
996 1189 1042 1224 qui
1059 1195 1153 1224 petunt
1169 1198 1278 1218 sacrum
1299 1191 1494 1223 ministerium,
1514 1200 1528 1218 a
1544 1200 1599 1227 quo
1612 1200 1662 1220 sua

881 1239 977 1269 sponte
992 1236 1160 1264 exciderunt.
1176 1237 1317 1270 Quomodo
1332 1238 1405 1265 enim
1428 1242 1523 1273 petunt
1535 1238 1607 1274 quod
1620 1247 1663 1266 rc-

881 1280 1028 1315 liquerunt,
1046 1290 1107 1309 cum
1124 1284 1230 1318 possint
1243 1283 1270 1310 in
1282 1283 1333 1310 hac
1345 1287 1518 1318 tempestate,
1532 1291 1661 1319 persecu-

880 1327 962 1355 tionis
976 1328 1090 1359 scilicet,
1108 1328 1239 1356 fratribus
1254 1337 1317 1357 esse
1329 1330 1432 1358 utiles?
1449 1329 1478 1357 Si
1492 1330 1584 1365 itaque
1606 1338 1660 1357 non

881 1373 1052 1406 cecidissent,
1071 1374 1169 1410 inquit,
1187 1375 1248 1410 ejus
1264 1376 1338 1410 quod
1352 1379 1452 1408 praeter
1474 1376 1607 1403 rationem
1621 1376 1656 1404 fe-

880 1421 992 1451 cissent.
1008 1421 1049 1448 eis
1065 1421 1277 1456 dareturvenia,
1291 1428 1448 1456 spontaneae
1468 1422 1573 1449 scilicet
1581 1421 1660 1456 fugat,

880 1466 921 1492 vel
938 1465 966 1493 in
980 1465 1111 1494 fratribus
1123 1466 1254 1494 docendis
1267 1471 1294 1494 et
1309 1466 1504 1495 conﬁrmandis
1519 1467 1660 1494 socordiae.

881 1511 928 1539 Sin
943 1516 1032 1539 autem
1045 1516 1155 1548 propter
1163 1520 1240 1540 suam
1256 1513 1428 1540 insolentiam
1442 1517 1468 1540 et
1478 1513 1661 1548 arrogantiam

843 1545 865 1575 C
880 1559 950 1593 lapsi
967 1563 1030 1586 sunt
1067 1545 1120 1586 tale
1139 1559 1211 1586 enim
1223 1563 1264 1586 est
1279 1567 1308 1587 se
1323 1563 1424 1587 temere
1439 1561 1581 1587 tormentis
1593 1560 1664 1594 obji—

879 1612 942 1633 cerc
952 1604 1062 1637 audere,
1077 1612 1128 1632 nec
1143 1612 1223 1640 posse
1232 1605 1360 1637 tolerare,
1374 1610 1400 1633 et
1415 1610 1557 1640 propterea
1571 1606 1606 1634 de
1620 1606 1661 1633 cis

879 1650 1034 1685 triumphus
1049 1655 1126 1678 actus
1151 1650 1215 1686 est),
1237 1658 1291 1678 non
1319 1656 1434 1686 possunt
1452 1651 1569 1686 amplius
1582 1658 1660 1679 sacra

879 1696 1030 1723 ministeria
1038 1696 1124 1724 obire.
1132 1696 1312 1729 Quamobrem
1325 1697 1411 1733 magis
1419 1703 1516 1726 curent
1524 1698 1661 1734 quomodo

879 1741 1078 1769 confessionem
1093 1741 1120 1768 in
1138 1741 1291 1769 humilitate
1319 1746 1459 1777 peragant,
1491 1747 1630 1771 cessantes
1645 1752 1661 1771 a

879 1795 948 1814 vana
962 1788 1047 1823 gloria
1069 1795 1177 1815 sacrum
1193 1788 1375 1815 ministerium
1402 1789 1511 1823 petendi
1529 1799 1536 1817 :
1564 1789 1662 1817 suilicit

878 1834 950 1861 enim
972 1834 1011 1860 eis
1028 1840 1090 1860 cum
1106 1832 1232 1860 fidelibus
1244 1834 1411 1865 communio,
1427 1842 1488 1869 quze
1505 1834 1535 1861 ﬁt
1552 1839 1662 1870 propter

879 1879 944 1912 duo,
959 1879 1081 1915 diligenti
1095 1879 1222 1906 cautione
1238 1885 1367 1914 reetoqae
1381 1880 1507 1907 consilio.
1535 1879 1562 1907 Si
1589 1881 1660 1908 enim

878 1926 1027 1954 dixerimus
1052 1934 1102 1954 nos
1126 1934 1174 1953 eos
1191 1934 1244 1953 non
1258 1925 1357 1953 habere
1370 1933 1419 1961 pro
1435 1927 1662 1953 communicanti-

879 1973 940 2006 bus,
955 1977 982 2000 et
993 1979 1041 2000 e05
1056 1972 1180 2000 molestia
1195 1972 1344 2000 atliciemus
1355 1977 1483 2008 tanquam
1498 1973 1660 2000 sententiam

880 2019 1008 2053 ferentes,
1023 2028 1081 2052 cos,
1100 2020 1135 2052 vi,
1156 2027 1203 2047 seu
1218 2019 1375 2052 mulctatos,
1390 2020 1454 2047 hinc
1473 2020 1595 2052 dissolvi.
1613 2028 1660 2048 seu

879 2065 965 2098 mori;
980 2070 1007 2093 et
1022 2065 1090 2092 alios
1108 2073 1217 2100 quoque
1232 2065 1279 2100 qui
1309 2065 1425 2093 fortasse
1447 2066 1516 2101 lapsi
1541 2070 1619 2099 sunt,
1635 2071 1662 2094 et

878 2111 972 2139 volunt
986 2111 1020 2138 ad
1035 2111 1107 2146 quod
1125 2111 1225 2138 bonum
1240 2116 1281 2138 cst
1297 2111 1397 2144 redire,
1416 2112 1547 2140 remissos
1561 2112 1594 2140 ad
1610 2113 1662 2140 hoc

878 2161 905 2184 et
914 2157 1080 2192 negligentes
1093 2156 1253 2189 efficiemus.
1270 2162 1416 2185 causantes
1427 2165 1456 2186 se
1471 2157 1595 2186 fidelibus
1606 2166 1661 2186 non

879 2211 940 2231 esse
955 2203 1206 2231 communicaturos
1220 2223 1227 2234 ,
1250 2203 1357 2231 etiamsi
1382 2208 1444 2239 post
1459 2205 1564 2239 lapsum
1581 2205 1661 2233 ﬁdem

878 2249 998 2277 confessi
1012 2249 1129 2277 fuerint:
1145 2250 1191 2286 qui
1208 2251 1230 2277 si
1243 2258 1297 2277 non
1312 2254 1515 2283 convertantur,
1528 2250 1588 2286 plus
1598 2258 1661 2286 pro—

878 2296 921 2323 bri
937 2301 964 2323 et
980 2296 1135 2331 ignominiae
1146 2303 1329 2331 quamomnes
1338 2296 1518 2332 susceperint,
1528 2296 1660 2332 quemad-

877 2341 988 2370 modum
1002 2346 1030 2370 et
1043 2342 1089 2377 qui
1105 2341 1168 2369 fecit
1183 2341 1402 2373 fundamentum,
1432 2341 1543 2369 domum
1569 2347 1659 2370 autem

879 2396 932 2416 non
945 2387 1066 2423 perfecit.
1077 2387 1108 2414 Ei
1119 2387 1192 2416 enim
1209 2389 1274 2414 sunt
1287 2386 1400 2418 similes,
1415 2387 1461 2422 qui
1474 2387 1505 2414 ad
1526 2391 1660 2416 tormenta

878 2434 987 2470 quidem
1009 2438 1119 2468 propter
1146 2433 1285 2461 Christum
1311 2432 1502 2466 confugerunt,
1528 2437 1554 2460 et
1577 2434 1660 2461 veluti

879 2480 1076 2514 pulchrojaclo
1101 2477 1288 2511 fundamento,
1306 2477 1332 2505 id
1346 2477 1418 2513 quod
1445 2477 1588 2505 honestum
1606 2483 1658 2509 est.

879 2525 1007 2559 perﬁcere
1019 2528 1129 2560 propter
1142 2524 1249 2559 lapsum
1261 2531 1315 2551 non
1332 2527 1490 2559 potuerunt.
1504 2523 1572 2551 Nota
1582 2531 1657 2559 ergo,

877 2569 950 2604 quod
969 2576 1004 2597 ne
1026 2568 1163 2596 confessio
1180 2568 1288 2604 quidem
1302 2573 1411 2603 propter
1425 2568 1563 2596 Christum
1580 2570 1659 2596 resti-

878 2618 929 2643 tuit
942 2623 1014 2647 eum,
1027 2614 1074 2650 qui
1086 2614 1170 2642 semel
1187 2622 1203 2642 a
1222 2614 1296 2642 clero
1312 2614 1481 2643 abalienatus
1495 2618 1537 2643 cst
1547 2618 1659 2651 propter

877 2662 997 2697 lapsum.-

693 2797 804 2825 VARLE
824 2797 1023 2825 LECTIONES.

92 2851 114 2866 ι’
131 2851 246 2879 τέθεικε.

223 2900 361 2931 Parnm.
382 2901 438 2934 Gn.
465 2901 580 2931 XVIII.

1436 2903 1475 2935 16
