1909 3069
231 148 278 175 Mli

727 148 757 176 5.
778 148 881 177 PETRI
901 149 1137 178 ALEXANDRZNI
1156 150 1310 179 EPISCOPI

1803 156 1869 184 492*

264 205 367 233 Zona.
385 205 421 233 De
437 206 471 234 iis
484 207 530 241 qui
547 214 577 234 se
589 207 661 234 ultro
670 208 794 243 martyrii
807 209 952 236 certamini
967 209 1001 236 ob

1102 209 1222 236 ΖΩΝΔΡ.
1243 210 1312 246 Περὶ
1332 210 1574 247 αὐτομολησάντων
1595 213 1635 244 είς
1657 212 1703 239 τὸν
1721 212 1768 240 τοῦ
1786 222 1854 250 μαρ-

227 252 351 287 iecerunt
366 252 474 280 locutus
488 252 578 286 Pater,
605 261 679 281 nunc
701 253 734 281 de
750 254 861 283 clericis
884 255 931 290 qui
945 255 1015 282 idem

228 298 352 326 fecerunt
362 298 511 326 orationem
522 299 640 326 instituit
654 309 660 326 :
677 303 759 335 atque
775 300 903 328 clericum
920 301 942 328 si
953 301 1016 336 quis

228 353 257 373 se
272 345 344 372 ultro
371 345 485 378 dedidit,
509 353 572 372 mox
594 345 649 372 vim
674 349 875 373 tormentorum
904 347 1016 374 minime

227 391 367 426 perferens
381 391 474 425 lapsus
491 395 543 422 est,
561 398 593 418 ac
608 399 719 418 rursum
729 399 758 419 se
775 392 865 426 ipsum
882 392 1015 428 colligens

227 438 317 465 denuo
332 445 362 464 se
374 436 407 463 ad
424 440 563 464 certamen
576 437 672 469 erexit,
684 445 716 464 ac
731 437 954 465 seChristianum
967 445 1015 466 co-

227 492 286 512 ram
298 482 422 519 tyrannis
437 486 479 510 est
492 482 641 518 professus,
658 490 713 510 non
728 490 790 510 esse
807 483 942 518 ejusmodi
965 483 1014 511 ho-

227 530 327 557 minem
347 528 380 555 ad
397 535 476 555 sacra
493 528 643 556 ministeria
659 528 776 563 amplius
802 527 1011 556 admittendum.

225 577 396 610 Causamque
409 575 551 610 subjungit
565 585 571 602 ς
599 574 662 610 quia
679 574 810 602 nimirum
828 574 936 602 Domini
952 583 1013 611 gre-

224 631 284 658 gem
296 622 426 654 deseruit,
443 629 474 649 ac
490 630 522 649 ex
544 630 575 649 eo
590 621 662 657 quod
687 625 785 657 sponte
803 629 833 650 se
848 621 950 656 objecit
965 621 1013 649 ho-

225 669 324 702 stibus,
343 676 431 703 neque
457 671 616 696 constanter
639 671 775 695 tormenta
790 668 914 702 pertulit,
935 667 1013 703 igno-

225 714 336 742 miniam
352 714 403 742 sibi
415 714 466 749 ipsi
479 714 643 742 conciliavit.
663 713 698 741 Ut
711 717 802 741 autem
814 715 907 750 populi
930 713 1012 742 insti-

225 761 357 788 tutionem
368 763 584 793 centemnerent,
602 759 890 795 suamqueutilitatem
904 760 1011 788 caeteris

224 808 352 835 omnibus
366 806 543 838 anteferrent,
559 813 594 833 ne
610 806 726 841 apostoli
741 806 850 841 quidem
876 805 1008 835 fecerunt.

224 855 337 890 Magnus
361 861 478 889 namque
502 852 616 887 Paulus,
645 860 708 881 cum
733 853 834 881 multos
852 854 1009 888 pertulisset

1065 256 1159 291 τυρίον
1185 255 1294 290 ἀγῶνα,
1321 256 1469 292 διαλεχθεὶς
1483 258 1497 284 ὁ
1525 258 1635 294 Πατὴρ,
1657 258 1704 286 νῦν
1728 259 1777 286 καὶ
1792 259 1854 295 περὶ

1067 300 1204 336 κληρικῶν
1229 301 1357 328 τοιούτων
1373 302 1418 328 τὸν
1441 302 1519 337 λόγον
1536 305 1669 331 ποιεῖται·
1690 304 1738 331 καί
1761 313 1852 340 φησιν,

1065 346 1114 378 ὡς,
1131 347 1156 373 εἰ
1175 346 1304 383 κληρικὸς
1323 347 1518 383 ηὐτομόλησεν,
1544 347 1603 376 εἶτα
1622 349 1659 385 μὴ
1685 350 1789 384 στέγων
1805 349 1853 381 τάς

1065 390 1200 426 τιμωρίας
1214 391 1385 424 ὲκπέπτωκε,
1399 393 1446 419 καὶ
1460 391 1537 425 αὖθις
1550 394 1590 425 εἰς
1602 394 1698 420 ἑαυτὸν
1710 394 1853 430 γενόμενος

1065 436 1229 463 ἀνεπάλαισε
1237 436 1286 472 τὴν
1299 438 1401 464 οἰκείαν
1411 437 1523 470 πτῶσιν,
1533 438 1581 465 καὶ
1589 439 1750 474 Χριστιανὸν
1759 439 1852 466 ἑαυτὸν

1064 482 1238 519 ὡμολόγησεν
1248 482 1362 510 ἐνώπιον
1372 483 1426 510 τῶν
1440 484 1588 520 τυράννων.
1600 486 1614 511 ὀ
1627 484 1749 517 τοιοῦτος
1762 485 1852 512 οὐκέτι

1064 528 1092 555 ἐν
1106 530 1139 564 τῇ
1152 528 1307 565 λειτουργίᾳ
1326 529 1411 556 ἔσται.
1425 531 1480 557 Καὶ
1500 531 1550 566 τὴν
1565 531 1653 557 αἰτίαν
1667 531 1783 565 ἐπάγει·
1805 532 1851 567 ἥδε

1063 574 1137 601 ἐστίν
1147 583 1153 590 ·
1168 575 1210 601 ὅτι
1223 576 1352 602 κατέλιπε
1368 576 1398 602 τὸ
1413 577 1537 612 ποίμνιον
1555 577 1602 604 τοῦ
1617 578 1730 614 Κυρίου,
1750 578 1797 605 καὶ
1809 578 1852 604 διὰ

1062 621 1093 648 τὸ
1109 621 1293 658 αὐτομολῆσαι
1314 623 1361 649 καὶ
1379 623 1416 660 μὴ
1442 623 1610 659 καρτερῆσαι
1636 624 1685 656 τὰς
1700 624 1851 659 βασάνους,

1064 667 1160 703 μῶμον
1177 669 1362 704 προσήνεγκεν
1374 669 1470 704 ἑαυτῷ.
1487 669 1523 695 Τὸ
1541 670 1568 696 δὲ
1583 670 1789 706 καταφρονῆσαι
1802 671 1853 706 τῆς

1061 713 1235 748 διδασκαλίας
1247 715 1294 742 τοῦ
1312 716 1386 749 λαοῦ,
1405 716 1452 743 καὶ
1467 716 1685 753 προτιμήσασθαι
1698 716 1730 743 τὸ
1746 717 1853 748 ἑαυτοῖς

1063 760 1210 797 συμφέρον,
1235 762 1294 788 οὐδὲ
1319 762 1343 788 at
1369 762 1511 789 ἀπόστολοι
1534 763 1726 798 πεποιήκασιν.
1744 763 1774 789 Ὁ
1797 763 1853 798 γὰρ

1063 806 1148 841 μέγας
1165 806 1281 839 Παῦλος,
1298 807 1365 843 μετά
1384 808 1414 834 τὸ
1429 808 1528 840 πολλὰς
1544 808 1676 844 βασάνους
1695 810 1851 844 ὑπομεῖναι,

1062 853 1233 888 κατανοήσας
1247 855 1369 890 κρεῖττον
1386 852 1455 881 εἶναι
1469 855 1515 882 τὸν
1532 854 1588 890 βίον
1604 855 1758 888 ἀπολιπεῖν,
1785 864 1853 891 προ-

222 900 371 933 cruciatus,
384 899 552 934 sentiretque
565 899 662 927 utilius
679 906 741 927 esse
756 899 809 927 sibi
826 900 910 927 vitam
925 899 1003 928 relin-

1062 886 1211 935 ετιμήσατο
1225 886 1274 936 ζῇν
1296 901 1343 928 καὶ
1367 886 1560 936 βασανίζεσθαι
1576 901 1619 928 διά
1641 901 1689 937 τὴν
1715 886 1852 937 σωτηρίαν

221 955 317 983 quere,
331 950 361 974 ut
373 946 466 981 populi
483 945 564 973 saluti
590 953 622 973 ac
649 945 816 973 institutioni
843 946 1009 980 consuleret,

220 994 304 1022 vitam
329 992 381 1020 sibi
401 999 433 1019 ac
453 994 589 1020 tormenta
609 991 716 1027 potiora
734 991 822 1019 duxit.
849 991 968 1019 Promde
983 996 1012 1020 et

220 1037 436 1067 sensusomnino
451 1040 631 1072 experteseos
644 1037 826 1070 demonstrat,
839 1038 885 1073 qui
899 1045 1009 1066 sacrum

221 1083 273 1114 sibi
287 1082 472 1110 ministerium
486 1081 649 1116 deposcunt,
663 1089 679 1108 a
695 1089 750 1117 quo
763 1083 886 1110 volentes
901 1082 1011 1118 ipsimet

219 1130 388 1159 exciderunt.
406 1128 474 1156 Nam
491 1135 545 1163 quo
562 1128 653 1160 modo,
682 1128 790 1163 inquit,
814 1129 841 1156 id
858 1129 1007 1164 postulant,

219 1177 292 1213 quod
320 1175 467 1211 reliquere,
480 1182 542 1202 cum
552 1174 687 1209 ejusmodi
699 1177 831 1210 tempore,
840 1175 1009 1203 excitataavi-

218 1223 315 1251 :lelicet
323 1222 531 1258 persecutionis,
538 1228 637 1257 magno
645 1220 774 1248 fratribus
782 1221 939 1256 adiumento
946 1228 1008 1249 esse

218 1270 351 1306 possent?
365 1269 493 1303 Quandiu
508 1269 591 1305 igitur
605 1275 620 1295 a
635 1268 713 1304 lapsu
728 1268 864 1297 immunes
878 1268 1005 1300 fuissent,

216 1316 324 1344 veniam
335 1315 519 1343 obtinuissent
533 1314 650 1342 actionis
677 1318 780 1342 temere
803 1319 949 1350 susceptae,
974 1322 1005 1343 se

216 1362 346 1389 nimirum
359 1360 524 1389 adversariis
531 1360 604 1387 ultro
619 1359 761 1392 oilerendi,
777 1360 821 1388 vel
837 1360 864 1387 in
873 1360 1004 1388 erudien-

216 1409 258 1436 dis
276 1407 407 1435 fratribus
415 1406 557 1435 socordiaa.
567 1406 635 1434 Cum
650 1413 716 1433 vero
730 1406 890 1438 ceciderint,
903 1406 1004 1442 quippe

215 1454 263 1489 qui
275 1461 416 1489 perperam
423 1452 537 1488 egerint,
554 1459 633 1479 sacra
641 1451 792 1479 ministeria
801 1451 877 1478 obire
885 1451 1003 1486 amplius

215 1500 287 1529 haud
315 1499 521 1536 permittuntur.
541 1498 570 1526 Si
588 1506 664 1533 ergo,
683 1497 782 1533 inquit,
800 1497 913 1525 minime
930 1497 1002 1525 ceci-

214 1548 330 1580 dissent,
346 1545 453 1574 veniam
466 1546 659 1580 impetrassent
674 1545 709 1572 ob
724 1546 847 1580 ipsorum
865 1551 880 1571 a
896 1544 1002 1571 ratione

213 1595 329 1623 alienant
346 1592 479 1620 actionem
492 1601 501 1626 -,
523 1591 659 1619 actionem
673 1598 689 1618 a
704 1591 810 1618 ratione
824 1589 939 1617 alienam
954 1598 1002 1617 vo-

212 1650 290 1675 cans,
308 1648 364 1669 non
380 1640 468 1668 solum
484 1638 557 1675 quod
572 1646 602 1667 se
616 1638 743 1666 liOstibus
758 1636 924 1669 dediderint,
953 1636 1000 1665 sed

212 1688 302 1724 potius
316 1686 390 1723 quod
404 1685 575 1714 deseruerint
588 1692 698 1720 gregem
709 1683 828 1714 Domini,
847 1690 899 1710 nec
910 1683 999 1718 ipsum

212 1733 402 1767 custodierint,
418 1740 451 1760 ac
468 1732 567 1760 fratres
581 1731 627 1767 qui
651 1729 851 1766 persecutionis
878 1733 1001 1764 tempore

213 1781 382 1810 vexabantur
391 1779 592 1808 conlimiarint.
612 1777 641 1805 Si
654 1785 720 1805 vero
736 1777 895 1805 ceciderunt
912 1784 946 1804 ex
967 1783 1000 1804 eo

209 1829 282 1865 quod
294 1838 323 1858 se
338 1836 481 1865 perperam
500 1827 646 1863 gesserint,
668 1826 825 1862 superbiam
840 1826 896 1858 hic,
913 1829 940 1854 et
955 1833 999 1853 ar-

209 1876 380 1912 rogantiam;
404 1875 453 1910 τὴν
468 1873 636 1909 περπερείαν
662 1880 774 1906 vocans,
787 1871 859 1907 quod
873 1879 905 1899 ex
921 1878 999 1898 arro-

209 1923 302 1959 gantia
318 1921 444 1949 ﬁduciam
458 1921 485 1948 in
501 1929 531 1949 se
552 1921 619 1956 ipsis
636 1927 750 1956 posuere
762 1939 770 1952 ,
798 1918 998 1947 dissolverant-

208 1977 263 2005 que
277 1972 427 2001 certamen,
443 1975 475 1994 ac
492 1975 522 1996 se
548 1967 623 2002 ipsos
638 1966 829 2002 vituperarunt
844 1974 852 1999 ;
877 1964 930 1992 hoc
943 1967 996 1995 est,

209 2016 263 2043 sibi
274 2015 341 2050 ipsis
358 2014 492 2041 maculam
509 2014 545 2042 ob
559 2014 665 2049 lapsum
685 2014 859 2044 inusserunt,
874 2012 900 2039 in
918 2018 998 2040 sacro

209 2061 363 2089 ministerio
379 2059 482 2088 versari
505 2059 571 2094 ipsis
596 2059 713 2094 amplius
739 2058 811 2086 haud
835 2058 908 2085 licet.
927 2056 997 2084 Pro-

209 2111 302 2143 pterea
314 2106 452 2140 studeant,
465 2105 563 2140 inquit,
576 2105 667 2141 potius
679 2105 706 2132 in
721 2104 874 2132 humilitate
888 2103 997 2131 confes-

208 2153 312 2180 sionem
325 2158 466 2186 peragere,
476 2154 617 2178 cessantes
627 2150 753 2178 videlicet
765 2150 799 2177 ab
810 2150 883 2176 inani
895 2148 995 2185 gloria.

207 2197 285 2231 Quod
307 2196 381 2224 enim
406 2203 485 2224 sacro
507 2195 659 2223 ministerio
682 2194 783 2222 ascribi
804 2195 952 2231 postulent,
979 2201 995 2220 τι

1061 945 1108 971 καὶ
1128 945 1300 973 διδασκαλίαν
1322 946 1368 972 τοῦ
1385 946 1459 973 λαοῦ.
1479 946 1532 978 Οὓς
1555 947 1603 973 καὶ
1626 946 1696 973 πάνυ
1720 946 1852 982 ἀναισθή-

1060 1000 1123 1023 τους
1150 992 1347 1027 ἀποφαίνεται,
1368 992 1510 1025 αἰτοῦντας
1531 992 1580 1028 τὴν
1604 992 1791 1029 λειτουργίαν,
1817 991 1852 1029 ἧς

1060 1037 1197 1064 ἐθελονταὶ
1211 1038 1418 1066 ἐκπεπτώκασι.
1437 1039 1500 1071 Πῶς
1511 1038 1574 1074 γὰρ,
1590 1040 1683 1074 φησὶν,
1699 1039 1822 1066 αἰτοῦσιν
1836 1039 1851 1065 ὖ

1059 1083 1214 1116 κατέλιπον,
1237 1084 1380 1120 δυνάμενοι
1394 1086 1449 1117 τοῖς
1468 1084 1591 1120 ἀδελφοῖς
1611 1084 1756 1120 εὔχρηστοι
1779 1083 1851 1111 εἶναι

1058 1130 1087 1156 ἐν
1103 1129 1191 1166 καιρῷ
1210 1130 1336 1166 τοιούτῳ,
1359 1129 1479 1166 διωγμοῦ
1501 1130 1619 1166 δηλαδῆ;
1637 1131 1709 1162 Ἕως
1731 1132 1780 1166 μὲν
1802 1129 1851 1158 οὖν

1057 1175 1201 1202 ἄπεαιστοι
1217 1173 1297 1211 ἦσαν,
1314 1176 1479 1212 συγγνώμην
1495 1176 1566 1213 εἶχον
1583 1177 1631 1204 ἐπὶ
1644 1178 1679 1212 τῇ
1699 1177 1850 1213 παραλόγῳ

1057 1222 1147 1248 αὐτῶν
1169 1222 1278 1258 πράξει,
1300 1223 1333 1258 τῇ
1352 1223 1531 1259 αὐτομολήσει
1553 1223 1661 1259 δηλαδὴ,
1683 1224 1699 1260 ἢ
1723 1225 1755 1259 τῇ
1783 1226 1850 1259 περὶ

1055 1267 1086 1295 τὸ
1104 1268 1238 1296 διδάσκειν
1257 1269 1321 1300 τοὺς
1337 1269 1467 1304 ἀδελφοὺς
1484 1269 1620 1305 ρᾳθυμία-
1643 1270 1688 1296 Era
1701 1269 1729 1295 δὲ
1752 1269 1850 1295 ἔπται-

1057 1323 1116 1346 σαν,
1136 1315 1173 1347 ὡς
1189 1315 1222 1342 ἂν
1247 1316 1510 1352 περπερευσάμενοι,
1532 1315 1623 1343 οὐκέτι
1644 1315 1772 1342 δύνανται
1793 1315 1849 1341 λει-

1055 1362 1188 1397 τουργεῖν.
1210 1362 1242 1388 Et
1260 1356 1308 1398 μὲν
1328 1361 1375 1389 οὖν
1395 1362 1425 1389 οὐ
1449 1361 1623 1394 πεπτώκασι,
1651 1362 1750 1397 φησὶν,
1773 1358 1848 1396 εἶχεν

1055 1407 1088 1434 ἂν
1115 1407 1278 1443 συγγνώμην
1308 1408 1354 1435 ἐπὶ
1376 1409 1409 1444 τῇ
1434 1408 1594 1444 παραλόγως
1613 1407 1702 1434 αὑτῶν
1727 1406 1845 1444 πράξει·

1054 1453 1208 1489 παράλογον
1225 1454 1324 1490 πρᾶξιν
1346 1454 1377 1481 οὐ
1391 1454 1423 1481 τὸ
1440 1454 1622 1490 αὐτομολῆσαι
1641 1454 1720 1490 μόνον
1742 1453 1845 1485 καλῶν,

1054 1501 1121 1528 ἀλλὰ
1141 1500 1239 1536 μᾶλλον
1255 1501 1285 1528 τὸ
1302 1502 1459 1528 καταλιπεῖν
1475 1501 1505 1527 τὸ
1525 1501 1648 1536 ποίμνιον
1662 1500 1709 1528 τοῦ
1727 1501 1844 1537 Κυρίου,

1054 1547 1151 1583 καὶμὴ
1175 1547 1344 1583 παραμένειν
1363 1547 1435 1583 αὐτῷ
1453 1548 1500 1574 καὶ
1525 1547 1661 1583 στηρίζειν
1682 1547 1746 1579 τοὺς
1767 1546 1845 1573 ἀδελ-

1052 1593 1120 1628 φοὺς
1140 1593 1332 1629 κλονουμένους
1347 1595 1375 1621 ὲν
1388 1593 1428 1629 τῷ
1444 1593 1533 1630 καιρῷ
1548 1593 1594 1620 τοῦ
1614 1593 1745 1628 διωγμοῦ.
1767 1594 1799 1620 Εἰ
1816 1593 1844 1620 δὲ

1053 1640 1227 1667 πεπτώκασιν
1242 1641 1273 1666 ὲκ
1292 1640 1458 1676 περπερείας
1470 1660 1477 1672 ,
1496 1640 1660 1676 περπερείαν
1681 1640 1704 1666 δ’
1725 1639 1844 1666 ἐνταῦθα

1050 1687 1100 1723 τὴν
1122 1687 1209 1722 οἴησιν
1236 1687 1282 1714 καὶ
1308 1686 1357 1722 τὴν
1380 1686 1536 1719 ἀλαζονείαν
1558 1685 1651 1713 καλεῖ”
1668 1686 1709 1712 ὅτι
1729 1685 1760 1718 ἐξ
1777 1685 1844 1712 ἀλα-

1050 1733 1155 1766 ζονείας
1171 1733 1326 1769 ἐθάρρησαν
1339 1734 1454 1764 ἑαυτοῖς,
1470 1732 1517 1759 καὶ
1532 1732 1577 1758 τὸν
1594 1732 1686 1766 ἀγῶνα
1702 1731 1843 1758 ὑπέλυσαν

1050 1780 1096 1805 καὶ
1112 1779 1224 1811 ἑαυτοὺς
1237 1779 1427 1815 ὲμωμήσαντο,
1447 1778 1507 1805 ἀντὶ
1526 1777 1584 1810 τοῦ,
1606 1769 1716 1813 διᾶητὴν
1737 1777 1843 1804 πτῶσιν

1052 1825 1146 1861 μῶμον
1160 1826 1313 1862 ἐπήνεγκαν
1328 1826 1448 1857 ἑαυτοῖς,
1466 1825 1557 1851 οὐκέτι
1576 1824 1704 1851 δύνανται
1719 1824 1842 1859 λειτουρ-

1049 1874 1116 1907 γεῖν.
1134 1873 1180 1899 Διὸ
1201 1871 1426 1908 φροντιζέτωσαν,
1444 1871 1528 1906 λέγει,
1551 1870 1649 1906 μᾶλλον
1667 1871 1695 1896 ὲν
1711 1878 1841 1897 ταπεινο-

1049 1918 1187 1955 φροσύνῃ,
1213 1919 1272 1950 πῶς
1292 1918 1462 1946 ὲκτελέσουσι
1486 1917 1535 1952 τὴν
1551 1916 1712 1952 ὁμολογίαν,
1738 1916 1841 1952 δηλαδὴ

1048 1964 1215 1999 παυσάμενοι
1242 1964 1291 1999 τῆς
1325 1962 1486 1995 κενοδοξίας.
1515 1962 1552 1988 Τὸ
1587 1961 1639 1997 γὰρ
1664 1960 1841 1996 λειτουργίαν

1047 2010 1148 2046 ζητεῖν,
1175 2009 1220 2036 διὰ
1240 2009 1407 2043 κενοδοξίαν,
1435 2009 1517 2044 φησὶ,
1535 2008 1648 2042 γίνεται.
1667 2008 1761 2042 Ἀρκεῖ
1784 2007 1841 2043 γάρ

1047 2055 1138 2087 αὐτοῖς
1157 2056 1174 2090 ἡ
1195 2055 1322 2081 κοινωνία
1335 2074 1344 2086 ,
1367 2055 1450 2088 ῆγουν
1473 2054 1504 2080 τὸ
1532 2054 1723 2088 συγκοινωνείν
1747 2053 1840 2083 αὐτοῖς

1046 2101 1109 2133 τοὺς
1125 2101 1253 2133 πιστοὺς,
1274 2101 1333 2136 ἦτοι.
1357 2099 1550 2135 συνεύχεσθαι,
1573 2099 1589 2135 ἢ
1608 2099 1654 2126 καὶ
1674 2099 1730 2125 τῶν
1757 2098 1840 2125 θείων

1048 2147 1204 2183 μυστηρίων
1231 2146 1390 2182 μετάληψις.
1413 2146 1469 2172 Καὶ
1493 2144 1580 2172 ταῦτα
1596 2144 1654 2179 μετ’
1674 2143 1838 2174 ἐπιστασίας

1047 2193 1093 2220 καὶ
1103 2192 1244 2228 ἀκριϐείας
1255 2192 1396 2228 γενόμενα,
1408 2191 1454 2218 καὶ
1466 2191 1509 2218 ἵνα
1523 2190 1559 2227 μὴ
1571 2190 1667 2223 δόξωσι
1678 2189 1837 2219 λυπεῖσθαι.

205 2245 298 2273 studio
310 2243 467 2271 ambitionis
483 2241 676 2277 proficiscitur.
690 2240 795 2268 Sufﬁcit
802 2237 994 2273 namqucipsis

1055 2238 1116 2266 ιετά
1130 2239 1190 2274 βίας
1205 2239 1446 2274 περιδρασσόμενοι
1460 2238 1509 2273 τῆς
1531 2236 1653 2264 ἐντεῦθεν
1667 2236 1836 2266 ἀναλύσεως,

204 2290 373 2323 communio,
385 2293 414 2317 ut
430 2297 492 2316 cum
503 2288 571 2324 ipsis
583 2287 715 2315 nimirum
729 2287 822 2314 ﬁdeles
840 2286 994 2312 communi-

204 2341 277 2371 cent,
292 2345 325 2365 ac
339 2343 393 2364 una
407 2339 551 2371 precentur
561 2354 568 2367 ,
593 2334 638 2362 vel
646 2337 787 2360 sacrorum
799 2330 991 2365 mysteriorum

205 2383 353 2420 perceptio.
370 2385 460 2417 Atque
475 2382 533 2409 hate
546 2380 656 2416 quidem
683 2383 760 2408 certo
775 2379 893 2407 consilio
907 2378 991 2407 sedu-

205 2431 284 2466 laque
300 2428 538 2457 administratione
554 2427 621 2454 [lunt
631 2447 637 2459 ,
654 2430 712 2453 tum
727 2434 761 2454 ne
774 2425 919 2453 videantur
933 2432 992 2451 mov-

205 2477 282 2504 lestia
309 2474 394 2504 allici.
414 2474 477 2500 hinc
499 2472 709 2500 dissolutionem
728 2472 790 2499 vitae
808 2471 991 2506 arripientes,

204 2529 238 2548 ne
252 2520 356 2548 scilicet
372 2518 509 2549 molestia,
525 2517 623 2552 inquit,
649 2516 738 2544 affecti
749 2536 756 2548 ,
773 2515 907 2544 decedant
933 2515 991 2544 sol-

204 2572 308 2599 ventes,
324 2574 338 2593 a
350 2573 465 2601 corpore
475 2563 601 2592 videlicet
617 2562 807 2594 abscedentes,
826 2562 862 2589 ob
874 2562 927 2590 vim
936 2567 992 2589 tor—

203 2619 368 2645 mentorum,
396 2611 658 2645 aﬂlictationumque
675 2616 745 2644 quas
769 2609 796 2635 in
822 2616 931 2636 carcere
943 2616 991 2643 pa-

202 2658 322 2691 tiuntur;
348 2665 380 2685 ac
393 2664 428 2684 ne
440 2656 486 2692 qui
501 2655 707 2684 excusationem
720 2653 866 2689 praeferant
882 2653 991 2680 mulctm

1045 2286 1092 2312 καὶ
1113 2285 1156 2311 ἴνα
1170 2284 1207 2320 μὴ
1224 2284 1403 2320 λυπούμενοι,
1426 2284 1507 2319 φησὶν
1518 2303 1525 2315 ,
1541 2282 1694 2309 ἀπέλθωσιν
1710 2280 1837 2307 ἐντεῦθεν

1046 2332 1215 2364 ἀναλύοντες.
1230 2331 1339 2359 ἀπὸτοῦ
1357 2331 1481 2367 σώματος
1503 2329 1623 2366 δηλονότι
1647 2328 1835 2363 ἐξερχόμενοι,

1046 2379 1115 2414 μετά
1139 2379 1199 2414 βίας
1215 2379 1264 2414 τῆς
1288 2379 1320 2405 ἐκ
1341 2378 1393 2404 τῶν
1416 2377 1553 2404 κολάσεων
1578 2375 1694 2409 καὶτῆς
1719 2376 1748 2401 ὲν
1774 2375 1836 2404 ταῖς

1044 2426 1165 2462 εἱρκταῖς
1190 2425 1389 2457 κακοπαθείας·
1412 2425 1459 2452 καὶ
1480 2425 1523 2451 ἵνα
1548 2423 1585 2459 μή
1602 2430 1673 2453 τινες
1696 2421 1835 2457 πρόφασιν

1045 2472 1128 2507 σχῶσι
1141 2472 1188 2498 τοῦ
1202 2471 1345 2507 ἐκλυθῆναι
1361 2471 1409 2498 καὶ
1421 2469 1591 2507 χαυνωθῆναι
1604 2468 1671 2504 πρὸς
1680 2467 1727 2493 τὸν
1740 2466 1834 2500 ἀγῶνα

1043 2517 1093 2553 τῆς
1104 2517 1263 2552 ὁμολογίας,
1284 2517 1330 2543 καὶ
1353 2516 1396 2543 διὰ
1414 2515 1493 2542 τοῦτο
1508 2515 1634 2542 ἐκπεσεῖν
1645 2533 1652 2545 ,
1671 2512 1722 2548 τὴν
1748 2510 1831 2538 ἐπιτί-

1045 2572 1136 2600 μησιν.
1155 2563 1259 2594 Οῖτινες
1286 2562 1385 2597 μᾶλλον
1407 2561 1641 2597 αίσχυνθήσονται.
1663 2557 1735 2585 κατὰ
1758 2557 1788 2584 τὺ
1804 2557 1833 2583 ὲν

1043 2609 1219 2644 Εύαγγελίοις
1235 2609 1392 2645 εἰρημένον·
1412 2609 1463 2642 ’ος
1476 2607 1613 2644 θεμέλιον
1629 2607 1685 2633 οὐκ
1701 2605 1833 2639 ἴσχυσεν

1042 2654 1208 2681 ἐκτελέσαι.

199 2707 295 2742 hujus,
310 2706 345 2733 ob
356 2713 437 2742 quam
454 2705 480 2732 in
495 2703 681 2732 confessionis
697 2702 849 2730 certamine
870 2701 1022 2729 dissolutos
1033 2710 1066 2729 ac
1087 2703 1200 2737 ignavos
1226 2711 1256 2732 se
1284 2707 1439 2739 gesserunt,
1464 2707 1546 2738 atque
1571 2702 1632 2730 ideo
1660 2699 1830 2729 ceciderunt.

199 2753 251 2785 Qui
279 2753 370 2786 potius
396 2751 496 2779 rubore
515 2750 716 2782 suil‘undentur,
739 2748 816 2784 juxta
834 2748 899 2776 illud
917 2747 989 2783 quod
1008 2749 1034 2776 in
1052 2749 1197 2786 Evangelio
1212 2751 1312 2779 dicitur
1335 2760 1342 2778 :

198 2799 332 2834 per/icere.

1370 2751 1422 2784 Qui
1445 2750 1643 2785 fundamentum
1668 2755 1722 2775 non
1748 2745 1833 2782 potuit
