1909 3069
82 188 131 214 495
700 196 865 226 El’lSTOLA

87 247 287 284 Ἐπεξήτησις
311 253 458 295 φερομέτη
487 256 561 282 κατὰ
593 257 646 284 τοῦ
675 258 868 293 Μονζάλωνος

416 296 527 317 απασα.

120 338 362 375 ’Έπιστησάτωσαν
375 343 404 370 δὲ
420 344 465 370 τὸν
481 345 543 371 νοῦν
560 347 615 377 τοῖς
630 348 704 383 παρὰ
719 349 766 375 τοῦ
785 350 867 385 μεγά-

81 383 123 410 λου
142 386 220 412 τοῦδε
241 388 349 424 Πατρὸς
366 390 411 416 καὶ
436 391 630 428 ίερομάρτυρος
652 383 804 430 εἰρημένοις
822 383 865 423 εν-

79 430 162 457 ταῦθα
183 432 209 458 οι
233 433 358 467 λέγοντες
375 436 503 463 δύνασθαι
524 435 586 469 τοὺς
609 439 744 476 ἀρχιερεῖς
768 451 865 478 παραι-

78 475 180 503 τεῖσθαι
202 478 253 510 τὰς
268 481 413 516 ἐκκλησίας
434 483 532 514 αὐτῶν,
555 485 601 511 καὶ
619 489 804 522 παρακρατεῖν
816 488 864 524 τὴν

79 522 236 559 ἱερωσύνην.
255 525 286 551 ΕΞ
300 526 353 561 γὰρ
369 528 392 553 οἱ
412 528 479 563 πρὸς
491 530 632 565 ὁμολογίας
647 532 739 569 ἀγῷνα
757 522 864 567 ἑκόντες

76 568 246 604 ὁρμήσαντες
275 571 408 607 κληρικοὶ,
427 575 473 600 καὶ
495 577 668 610 κολασθέντες
688 568 734 606 καὶ
752 581 788 616 μὴ
809 582 864 609 ἐπι-

77 615 227 649 μείναντες,
243 617 310 645 ἀλλὰ
324 619 450 652 ἐνδόντες,
469 620 528 649 εἶτα
541 624 770 658 ἀναπαλαίσαντες
787 628 862 662 μόλις

74 661 212 693 ἀξιοῦνται
228 664 400 700 συγγνώμης,
415 668 453 698 εἰς
472 668 501 694 τὸ
518 669 567 704 τὴν
579 670 746 706 λειτουργίαν
761 674 862 700 ἀναδα-

72 707 137 732 λεῖν*
152 708 226 734 κατά
241 709 286 736 τὸν
304 710 373 737 Θεῐον
386 712 479 739 τοῦτον
495 715 614 751 Πατέρα,
627 716 702 743 οὐδὲν
716 718 807 754 ἕτερον
820 721 862 754 ἐγ-

73 752 245 788 καλούμενοι,
266 755 281 790 ἢ
301 756 329 782 τὸ
354 758 510 786 καταλιπεῖν
532 760 594 792 τοὺς
621 752 768 797 ἀδελφοὺς,
782 752 861 791 δυνά-

72 806 146 831 μενοι
163 799 256 832 αὐτοῖς
277 802 306 827 ὲν
324 803 410 838 καιρῷ
432 805 615 839 περιστάσεως
634 807 777 843 εΰχρηστοι
791 807 859 836 εἶναι

70 845 108 875 εἰς
123 845 154 870 τὺ
171 846 310 882 στηρίζειν
324 849 431 881 αὐτοὺς,
446 851 492 877 καὶ
505 851 589 878 ταῦτα
607 855 756 889 μαρτυρίας
775 855 859 888 ἀξιω-

69 889 171 923 θέντες,
184 893 231 918 καὶ
243 893 276 919 τὰ
287 894 420 930 στίγματα
432 897 478 923 τοῦ
495 898 611 933 Χριστοῦ
624 900 652 926 ἐν
665 901 697 935 τῇ
713 902 793 936 σαρκὶ
808 902 858 928 αὺ-

68 936 120 962 τῶν
145 939 358 974 περιφέροντεςο
384 942 441 974 πῶς
466 944 609 980 ἀρχιερεὺς
629 946 675 972 καὶ
698 947 807 982 ποιμὴν,
828 947 856 979 ὃς

66 979 169 1013 ὀφείλει
182 983 284 1010 τιθέναι
296 984 344 1020 τὴν
358 985 445 1023 ψυχὴν
460 988 528 1024 ὑπὲρ
541 989 593 1015 τῶν
611 990 762 1024 προὸάτων,
773 1000 856 1018 κατα-

66 1025 153 1053 λιπὼν
167 1028 217 1063 τὴν
232 1029 456 1064 ἐμπιστευθεῖσαν
470 1034 585 1070 ποίμνην
601 1035 683 1071 αὐτῷ,
698 1037 745 1063 καὶ
756 1046 855 1074 παραια

66 1073 221 1107 ησάμενος
240 1076 289 1111 τὴν
310 1078 394 1113 αὐτῆς
413 1080 539 1115 φροντίδα
561 1082 607 1108 καὶ
627 1073 855 1118 ἐπιμέλειανξκαὶ

66 1119 126 1145 ὅσον
152 1121 183 1146 τὸ
208 1123 268 1148 κατ’
289 1123 369 1150 αὐτὸν
390 1127 445 1158 τοῖς
466 1126 557 1159 λύκοις
573 1128 672 1164 ταύτην
689 1129 852 1162 ἐκδεδωκὼς,

66 1165 227 1199 ἀντέχεσθαι
242 1168 291 1203 τῆς
306 1169 471 1206 λειτουργίας
483 1172 586 1205 δίκαιος
596 1174 795 1210 λογισθήσεται,
807 1175 854 1201 καὶ

65 1210 94 1235 οὐ
113 1210 215 1244 μᾶλλον
243 1212 398 1248 βαρυτάτων
421 1217 563 1252 ἐπιτιμίων
585 1219 743 1255 κριθήσεται
768 1220 852 1252 ἄξιος,

65 1258 106 1284 διὰ
124 1261 174 1295 τὴν
195 1260 243 1287 τοῦ
265 1262 437 1294 ἀνατεθέντος
460 1264 533 1299 αὐτῷ
557 1266 621 1292 λαοῦ
648 1268 851 1304 ὲγκατάλειψιν;

71 1304 150 1331 Ἀλλὰ
163 1306 211 1332 καὶ
223 1307 306 1349 γέρας
321 1308 390 1344 ὑπὲρ
411 1309 511 1344 ταύτης
525 1311 640 1347 αἰτήσει,
654 1313 669 1348 ἢ
690 1314 788 1349 μᾶλλον
804 1316 852 1342 αὺ-

64 1349 108 1380 τὸς
121 1351 212 1386 ἑαυτῷ
228 1346 356 1388 παρέξει·
376 1354 407 1380 τὸ
432 1355 480 1389 μὲν
503 1356 585 1383 κόπον
612 1359 756 1394 προξενοῦν
777 1361 850 1397 αὐτῷ

65 1397 290 1432 παραιτούμενος,
307 1399 356 1434 τὴν
370 1400 540 1429 διδασκαλίαν
562 1404 632 1438 φημὶ
656 1406 702 1432 καὶ
725 1406 773 1442 τὴν
796 1407 851 1434 τῶν

65 1444 256 1479 σφαλλομένων
270 1446 419 1482 διόρθωσιν,
433 1448 462 1474 τὸ
480 1448 507 1475 δὲ
524 1449 599 1482 δόξαν
617 1452 664 1478 καὶ
679 1453 759 1489 τιμὴν
772 1462 850 1490 περι-

64 1490 156 1518 ποιοῦν
181 1493 385 1528 παρακατέχων.
411 1495 456 1520 καὶ
478 1496 670 1531 οἰκειούμενος,
695 1498 742 1525 καὶ
756 1500 849 1527 τούτου

63 1537 145 1573 ἀπρὶξ
161 1538 298 1574 ἐχόμενος,
312 1540 359 1566 καὶ
377 1540 457 1575 μηδὲν
474 1541 676 1578 μεθιστάμενος.
693 1545 723 1571 Εἰ
737 1546 790 1581 γὰρ
804 1547 850 1573 ἐπὶ

61 1583 199 1620 κληρικῶν
227 1585 379 1620 παράλογος
400 1586 544 1623 ὠνομάσθη
566 1590 672 1624 πρᾶξις,
692 1591 721 1617 τὸ
742 1593 848 1621 καταλι-
861 1613 882 1640 C

61 1631 120 1655 πεῖν
131 1630 177 1656 τὸν
200 1630 272 1661 λαὸν,
289 1633 337 1657 καὶ
357 1631 423 1666 πρὸς
440 1632 484 1658 τὸν
499 1633 568 1669 ὑπὲρ
579 1635 716 1668 εὐσεῦείας
734 1637 848 1672 αὐτομο-

61 1675 137 1710 λῆσαι
153 1676 246 1717 ἁγῷνα
255 1685 261 1692 ·
276 1677 351 1712 πόσῳ
366 1677 444 1704 πλέον
457 1679 681 1716 παραλογώτερον
695 1682 727 1708 ἂν
741 1683 845 1720 κριθείη

61 1721 105 1746 ἐπὶ
129 1722 279 1748 ἐπισκόπου
302 1724 495 1756 καταλιπόντος
522 1725 568 1752 τὸν
589 1727 687 1754 οἰκεῖον
703 1727 775 1759 λαὸν,
799 1730 846 1756 καὶ

59 1766 88 1791 οὐ
103 1767 173 1801 πρὸς
197 1767 288 1802 ἀγιέθα
315 1768 473 1803 χωροῦντος,
502 1770 568 1805 πρὸς
589 1771 729 1808 ῥᾳστώνην
749 1773 777 1800 δὲ
800 1775 846 1801 καὶ

59 1812 218 1844 ἀνάπαυσιν,
228 1813 274 1839 καὶ
285 1814 432 1848 φροντίδων
445 1815 514 1850 ὑπὲρ
524 1815 656 1850 ὠφελείας
670 1817 763 1853 ψυχῶν
779 1820 845 1847 ἀπό-

59 1856 130 1884 θεσιν
144 1859 193 1885 καὶ
205 1858 369 1894 ἀπόδρασινς
383 1861 437 1887 Καὶ
453 1862 467 1887 ὁ
480 1864 516 1893 ις’
530 1861 557 1888 δὲ
571 1862 659 1889 κανὼν
668 1864 718 1899 τῆς
728 1865 844 1901 ἑϐδόμης

58 1905 247 1940 οίκουμενικῆς
271 1906 378 1932 συνόδου
400 1907 498 1943 πολλὴν
514 1909 676 1945 ἀῦελτηρίαν
699 1914 845 1948 κατηγορεῖ

58 1949 108 1975 τῶν
124 1950 316 1986 ψηφιζομένων
328 1952 454 1979 δύνασθαι
479 1954 548 1985 τοὺς·
567 1955 704 1990 ἀρχιερεῖς
724 1957 771 1989 τὰς
789 1958 844 1984 ἐπι-

59 1997 159 2028 σκοπὰς
172 1998 371 2033 παραιτεῖσθαι,
384 1999 432 2034 τὴν
443 2000 471 2026 δὲ
486 2001 635 2037 ἱερωσύνην
647 2007 840 2039 παρακρατεῖν.

58 2043 85 2070 Εἰ
98 2043 152 2079 γὰρ
163 2045 234 2071 κατὰ
247 2046 293 2072 τὸν
305 2047 446 2082 εἰρημένον
460 2049 559 2076 κανόνα
573 2052 586 2076 ὁ
598 2051 754 2085 ἐπίσκοπος,
772 2054 842 2090 ὑπὲρ

56 2088 83 2114 τὸ
99 2089 232 2124 ἑξάμηνον
249 2091 298 2125 τῆς
314 2092 417 2124 οἰκείας
435 2094 612 2131 ἀποδημήσας
632 2097 783 2133 ἐπισκοπῆς
797 2088 842 2134 [ἂν

57 2134 103 2170 μή]
123 2136 187 2170 μιᾶς
205 2136 258 2163 τῶν
277 2138 511 2174 ἀπηριθμημένων
530 2141 559 2167 ἐν
577 2142 651 2177 αὐτῷ
674 2144 778 2177 αἰτιῶν,
794 2146 841 2172 καὶ

55 2182 101 2216 τῆς
116 2183 268 2219 ἐπισκοπῆς
283 2185 331 2211 καὶ
347 2186 395 2221 τῆς
417 2187 620 2224 ἀρχιερωσύνης
641 2190 778 2224 ἐκπίπτει,
794 2194 840 2218 καὶ

55 2226 152 2260 ἀμφοῖν
165 2227 342 2264 ἠλλοτρίωται
351 2238 358 2244 ·
372 2230 430 2262 πῶς
441 2232 455 2257 ό
467 2234 702 2269 παραιτησάμενος
716 2236 765 2271 τὴν
781 2237 840 2263 ἐπι-

55 2273 166 2308 σκοπὴν,
178 2274 226 2300 καὶ
239 2275 428 2310 ἀπαγορεύσας
445 2278 541 2313 μηκέτι
556 2279 707 2314 ποιμαίνειν
719 2280 749 2306 τὸ
758 2282 839 2316 ἐμπι-

54 2319 161 2345 στευθὲν
189 2320 263 2355 αὐτῷ
291 2321 423 2357 ποίμνιον,
440 2324 486 2349 καὶ
511 2323 560 2358 τῆς
582 2324 676 2351 τούτου
702 2327 838 2361 φροντίδος

53 2364 94 2391 διὰ
110 2364 169 2399 βίου
187 2367 404 2402 καταφρονήσας,
420 2369 461 2404 εἴη
483 2369 516 2395 ἂν
536 2370 694 2406 ἀρχιερεὺς;
713 2372 744 2398 Et
757 2372 811 2408 γὰρ
824 2375 838 2400 ὁ

52 2409 81 2435 τὸ
93 2407 174 2446 ἦττον
188 2411 361 2447 ἁμαρτάνων,
377 2413 406 2439 τὸ
422 2414 467 2440 ἐπὶ
487 2414 566 2441 πλέον
583 2415 757 2451 ἐξαμηνιαίου
778 2407 838 2444 και-

55 2455 98 2490 ροῦ
118 2457 278 2483 καταλιπεῖν
301 2458 346 2484 τὸν
373 2459 417 2486 ὑπ’
436 2460 516 2486 αὐτὸν
539 2460 602 2487 λαὸν
623 2462 787 2497 ἀποίμαντόν
808 2472 836 2489 τε

53 2502 282 2538 καὶὰτημέλητον,
293 2504 427 2532 ἐκπτώσει
450 2507 496 2532 καὶ
509 2507 558 2541 τῆς
570 2507 721 2543 ἐπισκοπῆς
736 2509 837 2544 καὶτῆς

55 2547 199 2584 ἱερωσύνης
211 2551 355 2584 ἀφίσταται
375 2560 381 2566 '
396 2553 409 2578 ὁ
424 2553 454 2579 τὸ
466 2552 563 2587 μᾶλλον
578 2554 624 2579 καὶ
644 2554 674 2580 τὸ
687 2554 837 2581 πολλαπλά-

54 2601 105 2618 σιον
124 2594 303 2629 πλημμελῶν,
328 2596 358 2622 τὺ
380 2597 412 2623 δι’
427 2597 486 2624 δλου
503 2598 661 2625 καταλιπεῖν
682 2599 716 2626 τὰ
735 2600 834 2636 πλήθη,

54 2637 119 2673 ἆπερ
136 2639 212 2674 αὐτῷ
225 2641 382 2667 ἐπισκοπεῖν
396 2651 425 2668 τε
437 2643 482 2669 καὶ
495 2643 560 2679 ὀρᾷν
573 2645 588 2679 ἡ
603 2644 649 2670 τοῦ
664 2645 734 2672 θείου
749 2646 837 2673 Πνεύ-

56 2692 132 2718 ματος
155 2686 235 2721 χάρις
259 2687 378 2719 ἀνέθετο,
406 2688 503 2724 μᾶλλον
521 2689 553 2715 ἂν
578 2689 619 2724 εἴη
642 2690 746 2723 δίκαιος
770 2699 835 2725 σφο-

53 2727 171 2765 δρότερον
187 2730 411 2765 κολασθήσεσθαι,
428 2733 474 2758 καὶ
500 2732 608 2767 μείζονα
633 2734 764 2769 τιμωρίαν
783 2735 834 2769 ὑφ-

55 2772 118 2805 έξειν
128 2775 176 2810 τῆς
185 2777 248 2802 ὅσον
263 2776 307 2801 ἐπ’
319 2776 413 2812 ἐκείνῳ
426 2777 561 2809 ἀπωλείας
577 2778 711 2813 ποιμνίου,
729 2776 758 2805 οὖ
773 2788 835 2815 προ-

55 2821 182 2855 εχειρίσθη
199 2822 300 2857 ποιμὴν
314 2822 388 2858 παρὰ
398 2823 443 2849 τοῦ
467 2823 574 2859 πρώτου
587 2824 633 2851 καὶ
649 2824 765 2859 μεγάλου
783 2826 833 2860 ἀρ-

56 2866 159 2902 χιεεέωέ
169 2868 216 2894 καὶ
232 2868 433 2903 ὰρχιποιμένος.
446 2870 478 2896 Οἱ
492 2869 519 2896 δὲ
535 2870 582 2896 καὶ
595 2871 677 2906 γέρας
695 2871 769 2907 αὺτῷ
787 2871 833 2898 καὶ

58 2912 167 2950 ἀμοιϐὴν
174 2913 225 2948 τῆς
241 2914 431 2949 παραιτήσεως
447 2915 671 2950 ἐπιψηφιζομενοι
691 2916 740 2951 τὴν
756 2917 833 2952 ἱερω-

855 2284 876 2310 D

885 198 1070 229 CANONICA.
1646 212 1697 240 494

883 263 904 288 Α
919 259 1052 294 Digrcsu'o
1069 269 1127 294 qua:
1141 266 1196 288 tota
1217 262 1340 291 adversus
1360 264 1525 294 Muzalonem
1541 270 1694 300 intenditur.

949 349 1085 383 Adjiciant
1101 358 1182 385 porro
1203 352 1322 380 animum
1347 354 1382 382 iis
1395 364 1454 390 quae
1473 357 1508 384 ab
1531 358 1582 387 hoc
1597 367 1696 396 magno

915 393 1006 426 Patre,
1021 402 1052 422 ac
1069 401 1162 422 sancto
1180 400 1297 432 martyre
1313 398 1366 426 hoc
1380 400 1441 427 loco
1454 402 1535 429 allata
1550 409 1625 438 sunt,
1643 393 1693 441 qui

914 440 1009 468 dicunt
1023 442 1160 477 episcopis
1175 443 1256 471 licere
1277 444 1408 474 ecclesias
1423 455 1487 475 suas
1501 440 1693 485 dimitterepae

914 487 1057 514 sacerdotii
1073 487 1231 522 dignitatem
1257 490 1385 518 retinere.
1412 492 1519 521 Etenim
1544 496 1566 523 si
1587 498 1693 527 clericis

913 532 960 566 qui
971 536 1068 567 sponte
1083 541 1112 560 se
1128 534 1271 562 certamini
1284 536 1466 566 confessionis
1482 541 1647 577 objeccrant,
1660 553 1693 572 ac

912 578 1054 606 tormentis
1069 578 1160 606 affecti
1176 580 1267 608 minus
1282 586 1442 611 constanter
1456 585 1628 621 obstiterant,
1645 591 1692 617 sed

913 626 1055 657 postquam
1078 629 1228 657 cesserant,
1245 626 1273 655 in
1296 631 1433 657 certamen
1452 631 1627 662 redeuntibus
1646 636 1691 663 vit

911 668 1070 696 conceditur
1085 670 1172 702 venia,
1184 671 1257 706 quod
1282 680 1390 702 sacrum
1414 677 1595 706 ministerium
1615 681 1692 710 obire

911 713 1098 748 distulissent;
1122 724 1172 744 nec
1186 725 1219 744 ex
1243 718 1324 752 hujus
1347 720 1431 748 divini
1447 721 1537 751 Patris
1556 728 1690 755 sententia

909 759 1056 795 quidquam
1070 762 1144 788 aliud
1158 763 1224 797 ipsis
1240 764 1380 799 objicitur,
1398 775 1478 802 quam
1498 771 1570 805 quod
1591 771 1689 801 fratres

908 805 1103 839 deseruissent,
1119 815 1181 835 cum
1196 809 1317 838 adversis
1330 819 1362 839 ac
1381 815 1546 844 turbulentis
1561 819 1691 854 tempori-

909 851 960 879 bus
975 859 1086 887 possent
1101 854 1166 889 ipsis
1184 856 1210 882 in
1235 855 1286 884 ﬁde
1300 858 1493 888 conﬁrmandis
1514 869 1575 891 esse
1589 851 1686 898 utiles;

909 894 990 930 idque
1005 905 1065 924 eum
1093 903 1119 925 et
1133 899 1206 934 digni
1225 900 1310 928 habiti
1336 907 1428 931 essent
1441 905 1486 939 qui
1503 894 1686 938 testimonium

872 943 893 971 Β
907 942 1081 976 pcrhiberent
1094 943 1165 977 lidei,
1182 949 1207 972 et
1224 946 1351 981 stigmata
1375 949 1476 978 Christi
1491 952 1518 979 in
1538 961 1588 981 sua
1603 962 1688 984 carne

905 987 1112 1016 circumferrem
1127 999 1133 1016 :
1149 998 1267 1025 quonam
1284 993 1365 1021 modo
1380 1001 1504 1024 summus
1520 1000 1648 1029 sacerdos
1659 1007 1687 1030 ct

905 1038 1007 1068 pastor,
1024 1035 1070 1070 qui
1093 1043 1142 1071 pro
1163 1038 1259 1066 ovibus
1277 1038 1356 1067 debet
1371 1042 1488 1070 animam
1506 1051 1617 1079 ponere,
1637 1048 1686 1076 de-

905 1084 978 1106 serto
993 1088 1074 1116 grege
1093 1082 1144 1109 sibi
1164 1086 1322 1119 commisso,
1341 1087 1453 1124 ejusque
1474 1097 1540 1118 cura
1554 1097 1582 1120 et
1595 1093 1685 1122 admi-

905 1125 1067 1155 nistratione
1087 1129 1239 1164 repudiata,
1257 1136 1284 1159 et
1299 1137 1431 1167 quantum
1451 1136 1561 1171 quidem
1580 1139 1608 1166 in
1623 1140 1684 1177 ipso

903 1176 945 1199 est
957 1180 991 1200 eo
1003 1173 1073 1208 lupis
1086 1175 1204 1209 prodito,
1222 1177 1320 1213 dignus
1331 1181 1470 1215 putabitur
1482 1183 1528 1218 qui
1545 1186 1617 1213 sacri
1631 1173 1684 1214 ini-

903 1218 1009 1246 nisterii
1036 1219 1195 1255 dignitatem
1224 1225 1358 1258 retineat,
1382 1234 1414 1255 ac
1432 1236 1487 1256 non
1513 1232 1682 1265 gravissimis

903 1265 993 1299 potius
1007 1267 1096 1300 poenis
1110 1269 1182 1301 quod
1198 1269 1249 1297 sibi
1261 1273 1478 1302 commendatum
1493 1278 1622 1311 populum
1634 1279 1682 1306 de-

902 1311 1029 1343 seruerit,
1046 1312 1220 1342 mulctandus
1234 1323 1295 1344 esse
1306 1317 1492 1350 judicabitur?
1508 1321 1579 1354 Quin
1591 1324 1681 1358 potius

901 1355 935 1382 ob
951 1364 1010 1384 eam
1033 1365 1090 1385 rem
1108 1362 1250 1394 prtemium
1271 1363 1410 1398 deposcet,
1427 1366 1481 1393 imo
1498 1368 1549 1395 sibi
1562 1368 1682 1403 ipsemet

901 1401 1100 1437 suppeditabit;
1122 1407 1194 1440 quod
1206 1408 1315 1442 quidem
1337 1410 1456 1439 laborem
1472 1412 1524 1447 ipsi
1539 1401 1616 1442 aliert
1637 1423 1682 1443 rc-

900 1453 1012 1480 cusans,
1039 1448 1153 1478 docendi
1177 1452 1303 1481 videlicet
1329 1463 1428 1484 munus
1450 1457 1571 1494 vitiaque
1594 1462 1682 1488 corri-

901 1492 997 1526 gendi;
1022 1495 1095 1529 quod
1107 1502 1173 1523 vero
1188 1497 1303 1532 gloriam
1323 1507 1356 1527 ac
1371 1501 1456 1528 decus
1472 1492 1600 1531 conciliat
1622 1513 1682 1549 am-

899 1539 1030 1573 plectens,
1047 1541 1153 1576 sibique
1178 1543 1326 1577 asciscens,
1351 1547 1543 1584 mordicusque
1565 1550 1593 1578 id
1615 1539 1681 1579 r'eti-

901 1592 978 1617 nens,
1002 1593 1090 1621 neque
1105 1588 1147 1614 vel
1161 1589 1297 1618 tantillum
1321 1593 1473 1622 remittens.
1493 1594 1521 1622 Si
1537 1596 1610 1624 enim
1634 1598 1679 1626 ubi

898 1629 931 1657 de
946 1631 1054 1659 clericis
1074 1637 1117 1661 est
1139 1642 1239 1667 sermo,
1258 1637 1331 1665 actio
1353 1639 1453 1668 rationi
1472 1641 1574 1669 absona
1591 1645 1679 1671 nomi-

897 1679 959 1702 nata
974 1676 1010 1704 sit
1022 1676 1146 1705 deserere
1166 1680 1305 1714 populum,
1322 1685 1403 1718 atque
1418 1684 1451 1711 ad
1467 1690 1605 1715 certamen
1620 1689 1678 1723 pie-

896 1720 960 1748 tatis
976 1728 1059 1749 causa
1081 1724 1290 1759 transmigrare;
1310 1732 1414 1761 quanto
1436 1729 1462 1756 id
1483 1731 1569 1766 magis
1591 1742 1607 1760 a
1620 1720 1677 1761 *η-

896 1765 969 1794 tione
985 1767 1103 1795 alienum
1126 1770 1154 1796 in
1172 1771 1300 1806 episcopo
1316 1772 1494 1809 judicabitur,
1518 1765 1564 1811 qui
1590 1787 1677 1815 popu—

896 1811 951 1839 lum
965 1820 1044 1840 suum
1065 1815 1175 1848 deserit,
1191 1824 1246 1844 non
1263 1822 1293 1844 ut
1309 1819 1342 1845 ad
1356 1824 1493 1849 certamen
1508 1811 1612 1856 tendat,
1627 1811 1676 1853 sed

895 1859 925 1883 ut
939 1858 1022 1892 quieti
1034 1867 1064 1887 se
1082 1867 1113 1887 ac
1133 1861 1287 1890 remissioni
1303 1864 1404 1896 tradat,
1419 1872 1555 1902 curasque
1568 1876 1617 1903 pro
1631 1877 1676 1897 sa-

895 1904 952 1932 lute
966 1905 1117 1934 animarum
1132 1907 1250 1942 deponat
1261 1916 1293 1936 ac
1307 1909 1427 1945 ell'ugiat.
1441 1911 1567 1941 Decimus
1581 1920 1675 1944 sextus

894 1959 1003 1986 quoque
1018 1959 1105 1980 canon
1129 1953 1250 1988 septima:
1267 1956 1442 1984 meumenicte
1461 1959 1568 1993 synodi.
1584 1960 1676 1988 stulti-

895 1997 940 2024 tiae
952 1998 1070 2032 graviter
1086 2003 1196 2027 accusat
1207 2008 1255 2028 eos
1269 2001 1315 2036 qui
1332 2002 1365 2029 ab
1376 2003 1516 2038 episcopo,
1532 2006 1675 2040 repudiato

893 2043 1063 2078 episcopatu,
1077 2044 1147 2072 sacri
1157 2046 1300 2073 ministerii
1311 2047 1470 2082 dignitatem
1478 2050 1588 2078 retineri
1594 2059 1675 2087 posse

892 2089 1051 2117 decernunt.
1071 2089 1099 2117 Si
1118 2098 1235 2126 namque
1251 2099 1284 2120 ex
1299 2094 1412 2122 canonis
1435 2095 1511 2122 allati
1525 2098 1672 2131 sententia,

892 2134 1036 2170 episcopus
1050 2136 1097 2170 qui
1112 2137 1181 2163 ultra
1198 2142 1329 2166 semestre
1345 2142 1454 2176 tempus
1471 2149 1487 2168 a
1503 2149 1553 2170 suo
1565 2143 1673 2178 cpisco—

891 2184 954 2216 patu
972 2181 1100 2214 abfuerit,
1118 2183 1170 2210 nisi
1188 2191 1243 2210 una
1266 2184 1356 2220 aliqua
1371 2194 1405 2214 ex
1426 2187 1460 2215 iis
1478 2195 1538 2224 quae
1561 2189 1597 2217 ibi
1620 2195 1674 2217 nu-‘

891 2232 1041 2259 merantur,
1068 2236 1151 2256 causa
1181 2229 1382 2260 intercesserit.
1406 2237 1433 2260 et
1461 2236 1621 2270 episcopatu
1643 2240 1671 2264 et

891 2271 989 2298 summi
1001 2272 1147 2300 sacerdotii
1163 2273 1295 2308 dignitate
1309 2277 1421 2309 excidit,
1442 2285 1474 2306 ac
1489 2283 1604 2315 utroque
1614 2282 1672 2316 pri-

890 2322 987 2344 vatur:
1001 2326 1118 2352 quonam
1134 2321 1214 2348 modo
1230 2323 1276 2357 qui
1297 2323 1450 2358 repudiavit
1472 2326 1670 2362 episcopatum,

889 2364 1076 2400 creditumque
1089 2366 1141 2393 sibi
1153 2375 1262 2403 gregem
1277 2369 1366 2396 adhuc
1375 2376 1488 2404 pascere
1497 2374 1608 2400 omnino
1621 2374 1671 2401 ab-

888 2410 958 2443 nuit,
973 2411 1087 2446 ejusque
1101 2421 1194 2440 curam
1212 2415 1307 2443 inertis
1320 2416 1380 2443 vitae
1397 2417 1488 2443 studio
1507 2421 1668 2451 contemnit.

888 2456 978 2485 adhuc
996 2459 1024 2486 in
1041 2461 1230 2494 episcoporum
1250 2469 1366 2489 numero
1385 2462 1547 2491 habebitur?
1560 2465 1668 2493 Etenim

888 2502 911 2529 si
927 2503 974 2537 qui
993 2504 1084 2532 minus
1105 2505 1248 2540 delinquit,
1269 2511 1299 2533 ut
1323 2507 1393 2534 ultra
1409 2513 1539 2537 semestre
1560 2513 1670 2546 tempus

887 2549 1038 2581 subiectum
1064 2552 1115 2579 sibi
1138 2552 1264 2587 populum
1286 2553 1401 2587 pastoris
1423 2561 1489 2581 cura
1505 2559 1532 2582 et
1551 2555 1669 2584 admini-

888 2595 1018 2622 stratione
1033 2596 1194 2624 destitutum
1215 2598 1361 2633 relinquat,
1379 2600 1554 2635 episcopatus
1576 2605 1603 2628 et
1623 2610 1669 2629 sa—

886 2647 939 2668 crae
952 2640 1092 2676 dignitatis
1107 2643 1285 2677 privationem
1297 2645 1428 2679 incurrit;
1444 2647 1491 2681 qui
1505 2647 1532 2674 in
1550 2654 1583 2674 eo
1592 2648 1665 2682 quod

886 2686 974 2721 majus
995 2690 1022 2714 et
1041 2688 1133 2715 nmltis
1156 2690 1279 2724 partibus
1303 2692 1413 2726 gravius
1437 2696 1489 2723 est,
1509 2696 1612 2727 peccat,
1637 2698 1667 2721 ut

886 2734 1086 2762 multitudinem
1099 2743 1180 2770 quam
1191 2738 1242 2771 ipsi
1257 2738 1406 2765 curandam
1421 2743 1447 2766 ct
1457 2740 1664 2768 custodiendam

886 2779 972 2806 sancti
993 2778 1110 2813 Spiritus
1131 2781 1218 2815 gratia
1241 2783 1388 2813 commisit,
1411 2784 1523 2811 omnino
1542 2784 1665 2815 deserat;

885 2825 981 2862 merito
997 2825 1075 2860 plane
1095 2826 1223 2860 punietur
1236 2827 1435 2858 vehementius,
1459 2829 1666 2863 graviorcmquc

884 2860 992 2904 ptenam
1007 2872 1152 2906 persolvet,
1166 2872 1274 2908 perditi,
1290 2873 1362 2908 quod
1376 2868 1408 2900 iri
1421 2860 1480 2908 ipse
1495 2878 1548 2905 est.
1563 2860 1663 2909 gregis,

884 2917 962 2952 cujus
976 2917 1032 2952 ipse
1046 2924 1138 2953 pastor
1149 2926 1163 2946 a
1179 2919 1310 2954 primario
1327 2919 1373 2947 illo
1385 2927 1416 2947 ac
1430 2927 1559 2955 supremo
1571 2927 1666 2948 sacer-
