1909 3069
86 83 135 110 ιθτ

702 73 870 104 EPISTOLA
886 72 1070 102 CANONICA.

1651 71 1703 100 ινδ

87 141 206 175 νάμενοι,
224 140 284 174 ἦτοι
308 138 345 174 μὴ
366 136 556 167 τελειώσαντες
580 134 610 161 τὸ
635 133 731 161 καλόν·
757 131 875 160 νῦν-καὶ

929 134 1044 158 mentum
1061 133 1160 156 tectum
1171 137 1280 165 quoque
1292 129 1494 161 fabricaverint,
1503 131 1555 157 'seu
1567 129 1640 164 quod
1654 129 1702 158 bo-

86 185 258 220 κατασκευὴν
273 184 367 212 τούτου
380 192 410 210 τε
421 183 468 211 καὶ
479 182 532 209 τῶν
546 180 646 208 λοιπῶν
658 180 764 214 ἐπάγει,
776 179 872 213 λέγων’

87 233 118 261 οι
130 232 187 268 γὰρ
199 232 230 259 ἐν
246 231 286 267 τῷ
301 232 446 268 βράσματι,
462 231 545 266 ἧγουν
567 230 595 257 ἐν
617 229 649 264 τῇ
666 228 740 263 ἀκμῇ
755 226 802 253 τοῦ
814 226 876 253 διω-

88 279 158 314 γμοῦ
171 279 321 314 ἱστάμενοι,
332 278 380 305 καὶ
392 277 507 313 ὁρῶντες
518 276 551 303 τά
567 275 702 311 μαρτύρια
713 273 767 300 τῶν
780 272 873 306 ἀγίων,

88 325 136 353 καὶ
163 325 240 357 ὅπως
270 324 413 351 σπεύδουσι
439 324 500 355 τοὺς
528 322 557 354 ἐξ
585 321 704 357 οὐρανῶν
731 321 875 355 στεφάνους

88 371 180 398 λαϐεῖν
204 371 275 397 κατὰ
289 370 371 405 ζῆλον
394 370 474 401 θεῖον,
501 367 636 395 ἐπεδίδουν
661 366 773 397 ἑαυτοὺς
789 367 828 397 εἰς
845 365 875 392 τὸ

91 417 241 452 μαρτύρλν
268 416 336 452 μετά
356 415 510 450 παρρησίας
541 413 658 448 πολλῆς,
689 412 736 439 καὶ
761 411 876 448 μάλιστα

89 462 129 489 ὅτι
140 461 256 488 ἐῦλεπόν
262 469 339 492 τινας
350 459 575 495 ὑποσυρομένους,
587 458 646 486 ἀντὶ
660 458 717 490 τοῦ,
730 456 876 492 κλεπτομέ-

89 515 150 539 νους
164 507 212 533 καὶ
235 506 428 541 ἀπατωμένους
445 505 496 532 ὑπὸ
517 505 563 532 τοῦ
586 504 718 536 διαϐόλου,
737 504 783 531 καὶ
798 503 875 529 ἐκπί-

90 562 217 586 πτοντας,
235 554 294 589 ἦτοι
311 552 490 589 ἀρνουμένους
507 552 555 587 τὴν
572 550 727 577 εὐσέϐειαν·
741 547 778 576 ὦν
797 549 876 585 χάριν

89 600 352 636 ὑπσθερμαινόμενοι
364 599 472 631 ἔσωθεν,
485 599 543 633 ἦτοι
553 598 600 633 τὴν
614 597 724 632 καρδίαν
738 595 822 631 πυρού
827 604 875 631 με-

91 655 138 678 νοι,
151 645 191 676 ὡς
212 646 259 672 καὶ
280 645 422 676 ἀκούοντες
444 643 743 679 καταπολεμῆσαι,ἧτοι
767 642 876 677 νικῆσαι

89 691 131 718 διὰ
145 690 245 718 τούτου
268 691 312 717 τὸν
339 690 453 722 ἀλαζόνα
475 690 521 717 καὶ
540 689 724 723 ἀντικείμενον
744 687 874 719 διάϐολον,

90 736 260 763 ἐσπούδασαν
276 735 403 762 ὑποδῦναι
419 735 449 761 τὸ
463 734 620 770 μαρτύριον,
633 734 675 760 ἶνα
691 733 726 769 μὴ
739 733 876 768 καυχήση-

90 792 131 809 ται
146 784 160 809 ὁ
180 782 304 814 διάϐολος
330 782 377 808 καὶ
400 781 462 817 δόξῃ
485 781 572 816 ἐαυτῷ
594 779 723 816 φρόνιμος
745 777 823 811 εἶναι,
839 779 876 811 ὡς

924 183 988 204 num
1005 179 1047 203 est
1072 183 1126 202 non
1148 175 1331 210 perfecerint:
1346 183 1419 203 nunc
1436 175 1519 209 hujus
1541 180 1568 202 et
1582 175 1702 210 reliquo-

924 227 986 247 rum
1000 219 1234 247 conﬂrmationem
1253 219 1366 252 inducit,
1385 220 1478 248 dicens
1493 229 1498 246 :
1511 219 1562 252 Qui
1583 219 1656 247 enim
1674 218 1703 246 in

924 264 1122 301 persecutionis
1144 264 1260 297 fervore,
1285 272 1333 293 seu
1350 265 1520 292 vehementia
1540 269 1654 295 stantes,
1676 268 1704 291 et

924 311 1046 338 videntes
1060 314 1216 338 sanctorum
1230 311 1369 345 martyria,
1387 313 1414 337 et
1429 311 1563 345 quomodo
1577 310 1703 338 cmlestes

925 363 1040 384 coronas
1054 356 1146 383 divino
1162 356 1220 383 zelo
1241 357 1364 391 accipere
1387 356 1560 389 contendant,
1583 364 1612 384 se
1629 357 1705 392 ipsos

926 401 1028 428 dabant
1055 401 1184 437 martyrio
1199 409 1261 428 cum
1287 401 1372 428 multa
1393 401 1526 430 libertate.
1542 406 1569 428 et
1587 402 1705 429 maxime

925 448 990 484 quia
1002 448 1128 475 videbant
1143 447 1276 482 quosdam
1290 448 1454 480 subtractos,
1469 447 1521 474 hoc
1535 451 1577 475 est
1591 447 1704 475 eductos

926 498 953 522 et
969 493 1096 528 deceptos
1111 501 1127 521 ιι
1149 493 1270 526 diabolo,
1285 497 1312 520 et
1328 494 1421 528 lapsos
1440 501 1488 521 seu
1504 498 1633 528 negantes
1647 494 1705 527 pie—

926 544 1009 568 tatem
1023 549 1030 567 :
1047 540 1221 575 quamobrem
1239 540 1353 568 interius
1374 540 1482 568 accensi
1498 548 1544 568 seu
1564 542 1646 568 corde
1661 541 1704 567 in«

926 585 1065 618 ﬂammati,
1080 589 1110 613 ut
1123 586 1169 621 qui
1188 586 1313 613 audirent
1329 594 1358 614 se
1372 593 1419 621 per
1438 586 1490 613 hoc
1505 585 1660 613 debellasse
1674 593 1706 613 ac

926 632 1023 659 vicisse
1049 632 1195 667 superbum
1218 632 1404 660 adversarium
1424 631 1572 662 diabolum,
1592 632 1706 659 studue-

927 683 990 705 runt
1005 678 1097 706 subire
1108 679 1278 714 martyrium,
1296 687 1329 705 ne
1340 678 1471 714 glorietur
1481 677 1605 705 diabolus
1618 681 1644 704 et
1656 678 1706 704 sibi

927 724 1047 760 prudens
1062 732 1123 752 esse
1138 724 1272 756 videatur,
1288 729 1318 751 ut
1329 725 1374 759 qui
1389 724 1537 751 calliditate
1553 731 1602 751 sua
1612 727 1638 751 et
1650 731 1707 750 ma-

926 771 982 798 litia
997 778 1044 798 eos
1058 771 1155 798 vicerit
1171 771 1216 806 qui
1237 778 1287 798 sua
1299 774 1396 805 sponte
1415 770 1449 797 ad
1469 770 1629 805 martyrium
1641 776 1708 796 con-

90 830 204 864 νικήσας
212 828 283 855 κατά
291 828 456 864 πανουργίαν
467 827 528 859 τοὺς
538 826 876 862 αὐτομολήσαντας-είκαὶ
891 811 912 838 Β
926 816 1073 852 ΐυεθτυηῑί
1093 817 1174 844 eum“
1198 817 1222 844 Si
1237 824 1297 844 eum
1321 816 1399 843 Ῑίιῑυῖι
1419 823 1448 843 50
1471 816 1557 850 πωλεῖς
1580 815 1652 864 νίηςξ
1673 815 1708 842 ει)

89 859 219 902 ἐλάνθανε
231 874 330 910 μᾶλλον
344 859 468 901 νικέσθαι
482 873 533 900 ὑπὸ
547 859 739 907 τῶνάθλητῶν
749 871 801 898 τῶν
814 880 877 906 καρ-

929 862 1046 893 athletis,
1061 862 1109 896 qui
1125 865 1259 889 tormenta
1277 861 1382 888 fortiter
1399 861 1520 896 perpessi
1534 864 1607 888 sunt.
1629 859 1709 886 Fidem

89 922 264 958 τερησάντων
284 921 332 953 τὰς
357 921 495 956 βασάνους.
518 920 580 951 Τοῖς
602 919 666 952 γοῦν
682 920 786 949 πιστοῖς
804 917 876 951 ἄξιόν

89 969 173 1000 ἐστιν,
193 967 351 1003 εὐχομένοις
360 966 429 1002 ὑπὲρ
444 965 532 992 αὐτῶν
543 965 596 991 τῶν
610 964 817 1000 τιμωρηθέντων
830 963 877 989 καὶ

89 1013 272 1048 ἡττηθέντων,
287 1013 429 1044 ἐπινεύειν,
446 1013 504 1047 ἦτοι
521 1010 683 1047 συντρέχειν,
700 1011 713 1037 ὃ
730 1019 756 1036 τι
777 1010 822 1036 καὶ
834 1009 876 1036 δέ-

89 1059 193 1091 δοκται,
210 1059 257 1085 καὶ
273 1059 344 1085 κατά
361 1067 386 1085 τι
405 1059 435 1084 οὐ
450 1058 562 1093 βλάπτει
587 1055 757 1092 συμπάσχειν
773 1055 819 1082 καὶ
833 1055 877 1081 λυ-
908 1082 913 1084 ,

93 1104 201 1131 πεῖσθαι
217 1104 287 1139 μετά
303 1105 357 1130 τῶν
367 1103 493 1138 γονέωνῆ
506 1103 558 1130 τῶν
573 1102 658 1134 ἄλλως
673 1101 878 1137 προσῳκειωμέ-

92 1159 143 1176 νων
159 1149 232 1185 ὑπέρ
258 1150 312 1176 τῶν
328 1149 570 1186 μαρτυρησάντων,
593 1149 639 1176 καὶ
663 1147 878 1175 ἐκπεπτωκότων

93 1195 145 1222 ἀπὸ
160 1196 289 1231 μηχανῆς
303 1195 349 1222 τοῦ
359 1194 490 1221 διαϐόλου.
506 1193 676 1228 Γινώσκομεν
687 1192 750 1228 γὰρ,
767 1192 803 1224 ὡς
816 1189 878 1218 πολ-

93 1241 133 1268 λοὶ
149 1243 312 1278 ἀπήλαυσαν
335 1241 380 1268 τοῦ
397 1241 486 1273 ἐλέους
509 1241 555 1267 καὶ
571 1241 620 1275 τῆς
644 1239 808 1274 ἀγαθότητος
831 1237 877 1265 τοῦ

94 1287 159 1314 Θεοῦ
175 1287 220 1313 διὰ
236 1288 318 1323 εὐχῆς
341 1287 451 1323 ἐτέρων.
467 1287 515 1313 Διά
529 1295 568 1313 τοι
584 1286 662 1312 τοῦτο
683 1285 773 1316 αὐτοῖς
789 1293 818 1310 τε
834 1284 878 1310 δο-

94 1333 171 1368 θῆναι
189 1332 287 1367 ἄφεσιν
310 1333 384 1368 παρὰ
405 1331 451 1358 τοῦ
476 1331 544 1358 Θεοῦ
560 1331 745 1365 ἐξαιτήσομεν,
759 1330 806 1356 καὶ
823 1331 879 1361 τοῖς

96 1379 183 1410 ἀλλοις
196 1380 253 1410 τοῖς
270 1379 467 1409 ἐκπεπτωκόσι,
483 1377 527 1404 καὶ
540 1377 606 1412 μετά
620 1377 704 1403 ταῦτα
718 1375 766 1411 τὴν
777 1375 880 1410 πλάνην

95 1423 341 1458 ἀνακαλεσαμένοις
369 1423 415 1450 καὶ
442 1423 623 1459 ὁμολογήσασι
647 1422 696 1457 τὴν
723 1420 878 1451 εὐσέϐειαν,

98 1471 364 1505 συγκοινωνήσομεν,
389 1469 553 1505 μεμνημένοι
566 1468 619 1494 τῶν
642 1468 694 1504 πρὸ
718 1467 766 1502 τῆς
779 1465 914 1514 ἐκπτώ-κὲ

96 1525 163 1547 σεως
189 1515 301 1550 ἀγώνων
318 1515 415 1547 αὑτῶν,
441 1511 478 1541 ὧν
495 1515 650 1549 ὑπήνεγκαν
671 1513 715 1540 διὰ
728 1513 774 1539 τὸν
799 1512 878 1544 Θεὸν,

96 1560 162 1587 ἀλλά
176 1562 230 1596 μὴν
245 1561 292 1587 καὶ
308 1560 353 1587 τοῦ
369 1560 438 1595 μετὰ
450 1559 534 1587 ταῦτα
545 1559 645 1594 ἀγαθοῦ
659 1558 809 1594 μεταμέλοι)
824 1558 881 1585 τού-

95 1614 156 1638 των,
174 1606 223 1633 καὶ
240 1606 280 1632 ὅτι
298 1605 502 1641 μεμαρτύρηται
524 1605 712 1636 ἀπολιτεύτους
727 1603 879 1638 λογίζεσθαι

96 1652 207 1684 ἑαυτοὺς
223 1652 267 1678 διὰ
283 1651 446 1687 ἁμάρτημα·
466 1651 513 1678 καὶ¹
525 1651 555 1678 οὐ
573 1650 650 1685 μόνον
668 1650 880 1685 συγκοινωνήσο-

98 1706 146 1732 μεν
159 1698 262 1728 αὐτοῖς,
279 1696 346 1723 ἀλλὰ
360 1697 407 1723 καὶ
420 1695 602 1731 συνευξόμεθα
615 1695 684 1731 ὑπὲρ
703 1694 815 1730 ἱλασμοῦ
833 1695 880 1721 αὐ-

98 1743 149 1770 τῶν
167 1743 237 1778 μετὰ
249 1743 303 1769 τῶν
325 1743 411 1769 ἄλλων
426 1742 479 1769 τῶν
501 1742 688 1777 καθηκόντων,
712 1741 795 1776 ἧγουν
812 1740 880 1776 μετά

97 1788 149 1815 τῶν
162 1789 327 1823 ὀφειλουσῶν
340 1787 458 1823 γίνεσθαι
469 1787 594 1814 εὐποιιῶν
612 1788 674 1822 περὶ
689 1787 808 1818 τούτους,
839 1796 881 1822 νη-

98 1834 188 1865 στείας
202 1834 333 1869 δηλονότι,
358 1833 537 1869 ἐλεημοσύνης
552 1833 599 1859 καὶ
621 1832 762 1868 μετανοίας
773 1840 780 1847 ’
799 1832 832 1858 δι’
844 1829 880 1858 ὧν

97 1881 111 1907 ὁ
126 1880 268 1915 γινόμενος
293 1880 464 1916 παράκλητος
487 1880 556 1915 ὑπὲρ
579 1880 656 1914 ἡμῶν
682 1878 880 1914 ἐξευμενίζεται

99 1927 163 1961 ἡμῖν
180 1925 226 1952 τὸν
248 1926 365 1961 Πατέρα.
388 1925 454 1952 Εἶτα
478 1925 523 1951 καὶ
546 1926 642 1960 χρήσει
661 1924 792 1960 κέχρηται
813 1931 880 1959 γρα-

99 1973 176 2006 φικῇ,
200 1971 232 1998 Ἡ
250 1971 279 1997 δέ
295 1972 367 1997 ἐστιν
390 1971 421 1997 ἐκ
443 1971 491 2005 τῆς
515 1969 625 2005 πρώτης
649 1968 794 2003 ηθολικῆς
823 1968 881 1994 ἐπι-

99 2019 193 2054 στολῆς
207 2018 254 2045 τοῦ
270 2018 347 2052 ἁγίου
362 2017 507 2045 ἀποστόλου
523 2018 568 2043 καὶ
582 2014 772 2050 εὐαγγελιστοῦ
793 2015 882 2040 Ἰωάν-

97 2073 153 2092 νου.

132 2111 255 2139 ΖΩΝΔΡ.
281 2111 309 2137 Ὀ
331 2111 390 2142 νοῦς
410 2110 456 2136 τοῦ
478 2109 609 2144 παρόντος
629 2107 738 2138 κανόνος
762 2105 880 2136 τοιοῦτός

926 907 999 934 libus
1016 912 1080 942 ergo
1092 907 1234 934 orantibus
1249 914 1356 941 aequum
1372 910 1414 933 est
1429 913 1478 941 pro
1493 906 1559 941 ipsis
1574 906 1708 940 supplicio

927 953 1030 981 atfcctis
1040 958 1066 980 et
1080 952 1194 988 punitis,
1210 959 1340 984 annuere,
1359 952 1416 979 sive
1429 952 1456 978 in
1469 951 1521 978 hoc
1534 959 1708 983 concurrere,

927 998 999 1034 quod
1013 999 1095 1026 etiam
1110 998 1198 1026 visum
1218 1001 1270 1029 est,
1294 1002 1320 1025 et
1337 998 1428 1032 aliquo
1445 997 1525 1024 modo
1541 998 1608 1024 nihil
1625 997 1707 1029 laedit,

927 1052 980 1071 una
995 1052 1057 1071 cum
1071 1044 1230 1079 parentibus
1244 1043 1286 1071 vel
1299 1043 1360 1070 aliis
1376 1042 1577 1071 necessitudine
1593 1043 1709 1078 conjun-

927 1091 990 1122 ctis,
1004 1099 1055 1126 pro
1071 1090 1105 1118 iis
1119 1090 1165 1126 qui
1180 1090 1368 1118 testimonium
1387 1089 1520 1117 dederunt
1533 1090 1709 1124 martyrium-

927 1145 980 1171 que
995 1137 1150 1169 subierunt,
1167 1137 1213 1165 sed
1235 1137 1305 1172 lapsi
1323 1141 1386 1164 sunt
1403 1136 1503 1164 diaboli
1518 1139 1576 1163 arte
1594 1141 1620 1164 et
1641 1136 1709 1163 insi-

928 1182 990 1214 diis,
1014 1183 1106 1210 dolere
1126 1187 1154 1210 et
1179 1183 1291 1211 tristitia
1317 1182 1394 1210 attici.
1413 1181 1520 1211 Scimus
1542 1182 1614 1209 enim
1636 1183 1708 1217 quod

929 1227 1006 1254 multi
1031 1227 1179 1255 bonitatem
1203 1232 1230 1256 et
1254 1228 1469 1256 misericordiam
1500 1227 1548 1255 Dei
1567 1227 1708 1255 consecuti

929 1277 993 1301 sunt
1008 1281 1056 1308 per
1071 1274 1186 1301 aliorum
1199 1274 1348 1302 orationes.
1366 1273 1481 1308 Ideoque
1495 1279 1521 1301 et
1536 1274 1602 1309 ipsis
1619 1273 1677 1300 dari
1692 1281 1708 1300 a

929 1318 984 1346 Deo
998 1323 1171 1354 peccatorum
1187 1320 1374 1348 remissionem
1385 1320 1595 1355 postulabimus,
1609 1322 1636 1346 et
1647 1318 1707 1346 aliis

930 1367 976 1402 qui
992 1367 1059 1401 lapsi
1080 1371 1153 1398 sunt,
1169 1371 1194 1394 et
1211 1370 1303 1401 postea
1320 1374 1441 1394 errorem
1464 1369 1660 1393 revocaverunt
1683 1368 1709 1392 ct

929 1413 1056 1446 pietatem
1074 1411 1193 1438 confessi
1210 1415 1285 1444 sunt,
1311 1411 1584 1443 communicabimus,
1605 1418 1709 1438 memo-

931 1465 975 1485 res
988 1465 1083 1485 eorum
1101 1465 1160 1492 quae
1185 1461 1247 1485 ante
1266 1458 1370 1492 lapsum
1387 1461 1497 1493 propter
1514 1457 1599 1484 Deum
1625 1457 1709 1484 susti—

931 1508 1048 1532 nuerunt
1066 1504 1254 1540 certaminum,
1270 1509 1296 1534 et
1310 1505 1390 1532 etiam
1410 1506 1485 1532 bona:
1499 1512 1592 1532 eorum
1615 1509 1710 1538 postea

930 1551 1108 1586 poenitentiae,
1130 1555 1157 1579 et
1180 1551 1252 1586 quod
1263 1558 1293 1578 se
1314 1552 1388 1586 ipsos
1412 1550 1502 1578 testati
1528 1553 1591 1578 sunt
1612 1557 1673 1586 esse
1694 1557 1710 1577 a

930 1598 1040 1625 civitate
1061 1598 1163 1624 alienos
1179 1601 1289 1632 propter
1304 1600 1442 1631 peccatum
1461 1605 1467 1623 :
1493 1599 1520 1623 et
1544 1603 1597 1622 non
1621 1595 1709 1622 solum

930 1643 997 1678 ipsis
1012 1644 1284 1674 communicabimus,
1308 1643 1353 1671 sed
1368 1649 1391 1671 el
1408 1650 1456 1677 pro
1471 1649 1565 1670 eorum
1584 1642 1709 1668 reconci-

931 1689 1041 1717 liatione
1060 1690 1210 1723 orabiruus,
1229 1697 1289 1716 cum
1316 1690 1376 1716 aliis
1391 1696 1451 1724 quae
1465 1688 1553 1720 decet,
1576 1695 1623 1715 seu
1646 1694 1709 1713 eum

930 1736 1009 1763 bonis
1032 1736 1160 1771 operibus
1185 1742 1244 1769 quae
1264 1735 1363 1761 debent
1388 1733 1421 1760 ab
1442 1733 1508 1768 ipsis
1524 1732 1591 1764 fieri,
1606 1731 1710 1766 jejunio

931 1782 1045 1814 scilicet,
1071 1781 1242 1816 elecmosyna
1267 1785 1293 1807 et
1309 1780 1481 1815 pmnitcnlia;
1502 1786 1550 1813 per
1570 1786 1639 1813 quae,
1663 1778 1710 1812 qui

931 1835 980 1862 pro
1002 1827 1081 1854 nobis
1097 1831 1138 1854 est
1156 1826 1312 1857 advocatus,
1329 1825 1436 1852 Patrem
1462 1824 1540 1851 nobis
1555 1823 1708 1858 propitium

931 1873 1144 1908 benevolumque
1164 1871 1254 1899 eﬂicit.
1276 1871 1378 1899 Deinde
1400 1874 1426 1898 et
1449 1877 1532 1898 sacrm
1560 1869 1710 1903 Scripturai

932 1919 1065 1947 sententia
1083 1926 1149 1946 usus
1164 1922 1215 1946 est.
1236 1917 1273 1945 Ea
1288 1925 1352 1945 vero
1366 1921 1408 1945 est
1420 1925 1451 1944 ex
1468 1917 1554 1952 prima
1567 1915 1704 1943 catholica

931 1965 1043 2000 cpistola
1058 1965 1145 1992 sancti
1160 1964 1273 1999 apostoli
1291 1969 1316 1990 et
1328 1963 1499 1998 evangelista:
1512 1961 1635 1989 Joannis.

967 2097 1067 2124 Zona.
1086 2097 1171 2131 Hujus
1198 2097 1311 2124 canonis
1339 2097 1472 2124 sententia
1499 2095 1631 2131 ejusmodi
1658 2098 1710 2123 est.

99 2159 171 2184 ἐστιν
181 2165 187 2172 ·
202 2157 234 2184 Οἱ
248 2157 276 2182 ἐν
291 2155 329 2191 τῷ
345 2141 490 2191 βράσματι,
503 2141 579 2190 φ-ησὶ,
591 2153 637 2180 τοῦ
652 2152 783 2188 διωγμοῦ,
796 2152 878 2187 ἦγουν

934 2142 984 2175 Qui
1001 2143 1028 2169 in
1055 2141 1173 2175 fervore,
1195 2143 1293 2177 inquit,
1318 2142 1524 2178 persecutionis,
1541 2142 1592 2169 hoc
1617 2145 1658 2168 est
1684 2142 1710 2167 in

98 2204 126 2230 ἐν
141 2204 176 2238 τῇ
193 2203 270 2238 ἀκμῇ
283 2222 290 2232 ,
311 2203 343 2237 τῇ
366 2201 437 2234 ζέσει
460 2200 616 2235 ἱστάμενοι,
641 2199 687 2225 καὶ
707 2198 823 2234 ὁρῶντες
846 2198 880 2224 τὰ

100 2248 237 2285 μαρτύρια
250 2247 304 2274 τῶν
319 2247 420 2281 ἁγίων,
443 2247 489 2273 καὶ
509 2246 582 2276 ὅπως
603 2244 746 2271 σπεύδουσι
771 2244 833 2275 τοὺς
851 2244 879 2275 ἐξ

97 2293 213 2330 οὐρανοῦ
229 2293 376 2327 στεφάνους
389 2291 480 2318 λαϐεῖν
492 2310 500 2322 ,
513 2290 583 2317 κατὰ
601 2290 680 2326 ζῆλον
704 2289 774 2315 θεῖον
791 2288 880 2315 ἐπεδί-

97 2341 159 2368 δουν
176 2339 290 2370 ἑαυτοὺς
304 2339 342 2370 είς
352 2338 386 2364 τὰ
400 2337 546 2373 μαρτύρια,
564 2335 633 2371 μετά
647 2335 801 2371 παρρησίας
815 2334 879 2360 πολ-

96 2386 146 2422 λῆς
170 2386 340 2422 ὁρμήσαντες
363 2384 403 2415 είς
424 2383 470 2409 τὸν
494 2382 602 2416 ἀγῶνα,
626 2380 795 2416 ζηλώσαντες
819 2381 882 2411 τοὺς

82 2431 192 2465 ξάγὶους
204 2430 358 2464 πάσχοντας
368 2449 375 2460 ,
391 2429 437 2455 καὶ
454 2427 590 2458 ἐπιδόντες
602 2426 715 2458 ἑαυτοὺς
733 2424 880 2461 προθύμως

97 2478 130 2512 τῇ
157 2475 297 2512 μαρτυρίᾳ
309 2494 316 2507 ,
341 2475 387 2501 καὶ
404 2473 518 2509 μάλιστα
534 2473 574 2498 ὅτι
594 2471 705 2498 ἔϐλεπον
719 2479 795 2502 τινας
817 2471 882 2496 ὑπο-

100 2522 279 2558 συρομένους,
303 2521 364 2547 ἀντὶ
379 2520 436 2551 τοῦ,
446 2518 642 2554 κλεπτομένοκ
652 2537 659 2548 ,
683 2516 881 2551 ἀπατωμένους

98 2569 144 2595 καὶ
165 2567 350 2604 ἀρνουμένους
366 2566 415 2601 τὴν
430 2564 566 2591 εὐσέὸειαν
578 2584 585 2595 ,
601 2562 860 2598 ὑποθερμαινόμενοι
873 2583 880 2595 ,

99 2615 154 2650 ἦτοι
178 2613 346 2649 πυρούμενοι
364 2612 414 2647 τὴν
437 2610 567 2646 καρδίαν,
582 2609 711 2635 ἔσπευδον
729 2608 880 2634 καταπολε-

101 2660 185 2696 μῆσαι
198 2659 244 2686 τον
260 2659 359 2689 αὐτοὺς
371 2656 539 2692 ὑποσύροντα
556 2655 682 2690 πονηρὸν,
697 2654 741 2681 ἵνα
759 2653 795 2688 μὴ
813 2662 881 2679 καυ-

97 2707 192 2741 χᾶται,
210 2706 249 2737 ὡς
262 2704 351 2740 ὴττῶν
376 2704 438 2736 τοὺς
462 2702 584 2734 εὐσεϐεῖς
596 2709 603 2717 ο
627 2702 650 2727 εί
668 2701 714 2728 καὶ
738 2699 881 2727 ἐλάνοανεν

97 2751 192 2780 ἑαυτὸν
206 2751 330 2786 ἀγνοῶν,
349 2751 389 2777 ὃτι
412 2749 509 2785 μᾶλλον
531 2749 661 2784 ἡττᾶται,
678 2746 781 2773 πολλῶν
802 2745 880 2781 μέχρι

98 2798 214 2825 θανάτου
230 2797 281 2833 τὴν
298 2797 366 2834 ὑπὲρ
390 2796 437 2831 τῆς
457 2795 573 2826 πίστεως
589 2793 713 2821 ἔνστασιν
730 2791 886 2827 ὲνδειξαμὲς

932 2194 1038 2215 summo
1056 2187 1129 2215 illius
1143 2187 1301 2214 discrimine
1320 2187 1611 2222 vehementissimaque
1631 2186 1712 2213 dimi-

931 2233 1038 2260 catione
1062 2233 1213 2265 constituti,
1235 2241 1267 2260 ac
1282 2233 1411 2269 martyria
1432 2237 1587 2261 Sanctorum
1603 2233 1712 2259 intuen-

932 2283 983 2310 tes,
1001 2284 1028 2306 et
1040 2287 1121 2314 quam
1148 2279 1320 2307 vehementer
1343 2278 1375 2306 ad
1391 2278 1565 2313 accipiendas
1585 2278 1710 2305 cmlcstcs

931 2333 1047 2353 coronas
1072 2325 1248 2358 festinarent,
1271 2325 1363 2352 divina
1388 2325 1560 2351 aemulatione
1584 2331 1614 2351 se
1638 2323 1713 2358 ipsos

931 2372 1061 2407 martyrio
1074 2372 1219 2404 tradidere,
1228 2372 1312 2398 multa
1325 2378 1386 2398 cum
1398 2370 1521 2397 libertate
1535 2370 1562 2397 in
1573 2374 1710 2397 certamen

931 2418 1097 2451 desilientes,
1113 2423 1267 2446 sanctorum
1287 2417 1333 2453 qui
1357 2417 1530 2452 patiebantur
1550 2417 1713 2448 imitatione,

932 2472 1014 2499 seque
1027 2469 1167 2499 promptos
1181 2464 1214 2491 ad
1228 2464 1307 2491 ﬁdem
1327 2462 1482 2491 testimonio
1497 2462 1713 2489 confirmandam

931 2512 1065 2543 obtulere,
1085 2516 1141 2538 tum
1156 2511 1191 2537 ob
1207 2510 1233 2537 id
1245 2510 1361 2536 maxime
1373 2509 1437 2544 quia
1453 2508 1554 2535 multos
1569 2510 1715 2534 cernerent

932 2558 978 2595 qui
995 2557 1237 2590 subtrahebantur,
1252 2556 1305 2582 hoc
1329 2559 1371 2583 est
1398 2553 1619 2586 traducebantur,
1638 2553 1715 2581 deci-

932 2604 1084 2640 piebantur,
1097 2603 1223 2638 pietatem
1247 2602 1391 2636 negabant,
1410 2600 1554 2632 ferventes,
1581 2600 1632 2626 hoc
1658 2602 1710 2629 est,

933 2651 1068 2678 flammato
1080 2649 1172 2682 corde,
1192 2649 1319 2676 infestum
1334 2647 1399 2682 ipsis
1416 2646 1600 2674 adversarium
1621 2645 1713 2672 debel-

933 2697 989 2725 lare
1003 2696 1175 2729 studuerunt,
1193 2702 1227 2722 ne
1246 2693 1327 2721 veluti
1349 2692 1455 2728 piorum
1475 2692 1563 2719 victor
1583 2691 1714 2726 gloriare--

933 2748 992 2777 tur;
1009 2743 1134 2778 quamvis
1162 2750 1224 2770 eum
1249 2742 1369 2774 latuerit,
1385 2739 1456 2768 vinci
1480 2747 1510 2767 se
1531 2738 1634 2774 potius,
1650 2745 1716 2764 cum

936 2789 1012 2819 multi
1030 2788 1062 2815 ad
1078 2791 1191 2817 mortem
1206 2795 1293 2823 usque
1308 2794 1357 2823 pro
1387 2786 1438 2814 [ide
1461 2783 1642 2812 constantiam
1659 2790 1717 2819 pra}
