1909 3069
173 62 226 90 499

688 59 717 88 S.
738 59 840 88 PETRI
860 60 1094 89 ALEXANDRINI
1116 60 1271 90 EPISCOPI

1737 67 1791 94 500

175 129 205 149 se
222 121 346 149 tulerint.
357 121 533 149 chlinarunt
547 120 728 156 ergo,inquit,
745 126 775 148 ut
792 121 819 148 id
834 126 954 156 agerent,

1019 130 1069 148 νων.
1085 122 1232 151 Ἐσπευδον
1247 123 1296 158 μὲν
1306 121 1363 156 οὖν,
1372 124 1465 158 φησὶν,
1478 123 1563 156 οὕτως
1577 124 1697 160 ποιῆσαι,
1708 125 1793 161 ἡττη-

175 167 296 202 Buperati
326 171 417 194 autem
435 166 461 193 vi
480 170 675 194 tormentorum
690 166 726 194 ob
744 166 957 194 imbecillitatem

177 213 279 245 carnis,
300 213 397 249 partim
424 213 452 240 in
479 212 611 239 custodiis
636 212 706 239 male
731 213 844 247 accepti,
859 213 957 247 partim

176 266 242 287 vero
255 259 282 286 in
295 259 405 294 judiciis
428 259 517 294 poenis
540 258 641 290 allecti,
657 265 708 285 nec
722 257 839 285 ferentes
855 258 959 293 suppli-

176 305 230 333 cia.
247 305 342 340 Opera:
357 305 474 340 pretium
492 308 534 331 est
550 304 633 339 igitur
643 311 704 330 cum
721 303 757 330 iis
768 305 814 338 qui
838 303 957 339 ipsorum

177 357 261 378 causa
273 350 376 385 lugent,
393 349 598 377 condolescere.
625 348 733 383 Lugent
748 357 841 384 porro,
860 350 957 384 inquit,

178 401 323 431 parentum
343 395 401 425 alii,
418 394 463 420 alii
480 394 606 425 fratrum,
620 394 665 420 alii
681 394 828 421 liberorum
839 395 957 430 lapsum.

179 440 248 468 Cum
269 441 303 468 iis
318 441 401 476 igitur
416 440 462 475 qui
481 440 570 474 lapsos
588 439 690 475 lugent,
709 439 790 467 simul
806 441 897 476 lugere
911 449 960 468 ne-

179 486 280 514 minem
301 486 383 519 laedit,
399 494 449 513 nee
470 493 531 512 cum
560 485 594 513 iis
622 493 676 512 una
699 487 803 521 precari
825 492 852 514 et
868 487 960 514 dolere

179 532 226 567 qui
242 540 291 567 pro
306 531 372 567 ipsis
390 535 496 567 regant,
513 539 574 558 cum
586 532 646 559 aliis
664 540 760 567 nempe
785 532 882 559 rationi
894 540 960 560 con-

180 578 337 612 sentaneis;
353 585 415 606 cum
431 585 463 605 eo
480 577 596 611 scilicet,
611 582 641 604 ut
663 579 710 613 qui
727 579 793 613 lapsi
813 584 885 611 sunt,
908 579 960 606 alia

180 632 290 660 quoque
301 628 442 660 perstent,
455 631 516 660 quas
528 628 681 659 congruunt
697 624 881 659 paenitentiae:
898 629 961 652 sunt

181 672 239 698 lucc
252 679 334 706 porro
345 671 449 706 jejunia
468 676 494 698 et
518 672 653 706 lacrymze,
678 671 790 706 aliaeque
811 671 961 698 alllictatio—

181 724 241 750 nes,
253 717 416 744 mulctarum
428 717 631 746 observationes
645 723 717 744 :tum
733 718 757 745 si
773 718 888 745 facultas
901 726 962 752 sup-

182 765 266 796 petat,
282 761 458 796 pecuniarum
484 761 511 789 in
534 769 666 797 pauperes
683 762 817 797 erogatio;
831 770 899 797 quas
927 762 962 788 ob

182 814 227 834 res
243 807 290 842 qui
303 815 352 842 pro
369 806 447 834 nobis
458 806 606 835 advocatus
624 813 665 835 est
678 807 777 839 factus,
792 807 900 835 Patrem
912 815 961 834 no-
978 798 996 825 Β

182 851 225 881 bis
251 851 398 887 propitium
415 851 519 879 reddet.
544 851 660 880 Adhibet
684 859 747 880 mox
773 852 882 886 petitam
895 860 962 887 quoe

183 904 237 932 que
251 904 283 924 ex
313 898 399 926 sacris
415 897 512 926 litteris
529 899 702 931 sententiam,
717 906 778 934 qua!
799 903 840 926 est
853 907 885 926 ex
906 898 963 934 pri-

183 951 228 972 ma
249 942 371 979 Epistola
389 945 477 974 sancti
502 945 618 980 apostoli
640 950 667 972 et
687 945 860 980 evangelista:
881 943 964 973 Joan-

184 997 239 1017 "15o

477 1036 591 1065 CANON
610 1036 668 1064 Xll.

220 1090 231 1107 ε
252 1080 288 1109 lis
298 1082 370 1109 enim
384 1082 430 1117 qui
444 1083 586 1118 pecuniam
600 1083 745 1115 dederunt,
762 1086 792 1110 ut
813 1082 864 1118 ipsi
891 1082 962 1109 omni

187 1137 196 1152 ι
221 1135 255 1155 σι
270 1133 346 1163 parte
369 1129 403 1157 ab
418 1129 493 1156 omni
518 1129 623 1157 malitia
645 1129 833 1165 impcrturbati
860 1132 963 1160 essent,

187 1183 196 1198 ι
219 1173 323 1201 crimen
339 1174 442 1201 intendi
457 1182 512 1202 non
531 1179 630 1210 potest.
646 1174 780 1202 Damnum
796 1175 867 1202 enim
881 1178 908 1201 et
923 1174 966 1208 ja-

187 1229 196 1245 ι
216 1223 322 1248 cturam
337 1221 517 1256 pecuniarum
534 1222 736 1255 sustinuerunt,
752 1228 786 1248 ne
803 1219 855 1255 ipsi
869 1219 966 1246 anima:

187 1275 196 1291 ι
219 1265 381 1294 detrimento
396 1267 576 1300 afﬁcerentur,
591 1267 634 1295 vel
662 1268 748 1302 ipsam
765 1266 846 1294 etiam
870 1265 966 1301 perde-

188 1322 197 1337 l
219 1317 290 1346 rent,
309 1313 381 1348 quod
399 1314 444 1340 alii
458 1317 568 1349 propter
591 1317 669 1348 turpe
692 1313 797 1340 lucrum
818 1320 872 1340 non
895 1311 967 1339 fece-

188 1367 198 1384 ι
221 1362 286 1386 runt
303 1359 445 1394 :quamvis
466 1359 598 1386 Dominus
621 1359 715 1386 dicatil
729 1368 735 1385 :
749 1357 819 1392 Quid
836 1358 904 1385 enim
919 1357 966 1383 Ιιο-

188 1413 199 1431 ε
222 1404 318 1431 minem
338 1404 452 1440 juvabit,
480 1405 503 1432 si
526 1406 674 1433 universum
695 1405 820 1432 mundum
849 1404 965 1431 lucratus

189 1459 198 1475 ι
221 1450 312 1485 fuerit,
335 1451 431 1478 animo;
454 1456 541 1478 autem
560 1451 714 1478 detrimento
734 1451 814 1485 fuerit
845 1450 964 1484 affectus,
981 1471 1002 1499 ο

189 1506 198 1522 ι
222 1497 261 1524 vel
272 1506 330 1524 eam
345 1497 426 1526 etiam
451 1498 616 1531 perdiderit?
631 1497 664 1524 Et
678 1497 797 1524 rursusb
816 1506 823 1523 :
846 1495 907 1522 Non
924 1503 968 1530 po-

190 1553 198 1566 ι
224 1542 296 1570 testis
312 1542 367 1569 Deo
382 1542 477 1570 servire
487 1547 512 1570 et
524 1550 679 1570 mammona:
695 1549 703 1568 :
723 1542 750 1568 in
764 1541 817 1568 illis
831 1540 903 1568 enim
920 1548 968 1575 ap-

191 1597 200 1612 (
224 1592 373 1624 paruerunt
385 1589 432 1624 qui
445 1588 500 1616 Deo
514 1589 659 1620 servirent,
675 1586 966 1621 exosis,conculcatis,

190 1644 199 1659 ι
224 1635 441 1670 contemptisque
455 1634 590 1670 pecuniis,
608 1638 635 1662 et
654 1634 682 1661 in
705 1641 738 1661 eo
766 1633 968 1667 compleverunt

190 1691 199 1706 ι
224 1681 297 1716 quod
312 1681 445 1715 scriptum
457 1685 520 1708 estc
540 1689 547 1710 ;
569 1679 688 1707 Pretium
707 1678 891 1713 redemptionis
909 1678 969 1704 ani-

191 1736 200 1751 ι
223 1734 272 1753 mw
284 1725 407 1757 hominis,
424 1726 540 1760 propria:
556 1725 665 1752 diuitiw.
682 1723 750 1751 Nam
767 1728 793 1751 et
813 1724 841 1750 in
855 1724 969 1750 Actibus

191 1781 200 1796 ι
224 1778 332 1806 quoque
357 1770 542 1806 apostolorum
562 1770 687 1805 legimus.
701 1777 750 1796 eos
759 1768 806 1804 qui
822 1775 871 1803 pro
886 1767 969 1796 Paulo

191 1827 201 1843 ε
225 1821 253 1844 et
270 1815 325 1844 Sila
335 1815 537 1849 Thessalonica
548 1815 581 1842 ad
595 1816 768 1852 magistratus
782 1815 968 1849 trahebantur,

191 1873 202 1889 ι
225 1871 287 1891 cum
306 1862 399 1890 multis
414 1862 538 1898 pecuniis
556 1862 643 1890 fuisse
660 1862 799 1893 dimissos.
823 1862 969 1897 Postquam

192 1918 202 1934 ‹
225 1909 298 1936 enim
315 1909 389 1944 ipsos
404 1914 514 1943 propter
538 1915 637 1935 nomen
659 1907 774 1934 multum
797 1913 969 1940 onerassent,

193 1964 202 1981 ι
226 1959 253 1983 et
271 1953 474 1989 multitudinem
498 1954 728 1989 magistratusque
755 1954 970 1988 perturbassent,

194 2010 204 2026 ι
227 2000 259 2027 ab
283 2000 393 2033 Iasone,
411 1999 510 2034 inquit,
541 2004 565 2026 et
594 1999 700 2034 reliquis
727 1998 901 2026 satisdatione
925 2007 972 2026 ac-

195 2057 204 2072 ι
227 2051 310 2081 cepta,
323 2054 366 2073 eos
380 2045 547 2073 dimiserunt.
564 2044 673 2072 Fratres
689 2050 777 2072 autem
797 2050 875 2072 noctu
887 2046 972 2080 proti-

196 2103 205 2120 ι
229 2101 278 2120 mts
289 2092 406 2119 Paulum
421 2097 446 2119 et
461 2092 547 2120 Silam
563 2092 689 2119 miserunt
702 2093 729 2118 in
743 2091 907 2121 Berraeamd.
924 2101 933 2119 ι

227 2183 308 2211 ΒΑιε.
328 2182 474 2217 Postquam
490 2181 606 2209 Sanctus
621 2181 654 2209 de
668 2181 702 2210 iis
714 2180 761 2216 qui
775 2189 824 2209 sua
834 2184 930 2216 sponte
940 2180 974 2207 ad

194 2228 353 2264 martyrium
362 2227 533 2263 confugiunt,
544 2227 713 2262 perfecisset,
729 2227 795 2255 dicit
806 2235 853 2254 eos
867 2235 921 2254 non
932 2234 976 2255 es-

194 2283 224 2303 se
243 2274 491 2310 reprehendendos,
505 2274 552 2309 qui
581 2282 610 2301 se
626 2274 700 2308 ipsos
723 2274 794 2301 datis
815 2273 940 2308 pecuniis
960 2280 976 2299 ιι

195 2326 392 2351 tormentorum
401 2321 546 2348 afﬂictione
563 2321 722 2347 liberarunt.
738 2319 890 2350 Malueruut
901 2319 975 2346 enim

194 2374 306 2397 suarum
318 2367 504 2402 pecuniarum,
521 2375 601 2401 quam
614 2374 669 2394 sua:
679 2366 776 2392 animae
789 2365 922 2400 jacturam
934 2363 975 2391 fa-

195 2421 266 2442 cere.
282 2414 384 2442 Deinde
394 2414 446 2442 hoc
464 2414 552 2449 ipsum
568 2413 710 2443 confirmat
724 2417 751 2440 et
773 2412 850 2440 affert
866 2412 973 2440 diversa

231 2489 244 2502 ι
258 2482 355 2510 Matth.
371 2490 428 2516 xvt,
442 2482 487 2510 26.
526 2483 540 2502 ι’
553 2481 650 2509 Matth.
665 2490 700 2514 v1,
710 2481 756 2508 24.

1008 168 1100 199 θέντες
1114 167 1142 194 δὲ
1159 168 1212 195 τῶν
1229 169 1352 204 βασάνων
1365 170 1398 196 δι’
1414 169 1555 197 ἀσθένειαν
1571 171 1620 205 τῆς
1632 170 1734 206 σαρκὸς
1744 190 1752 203 ,
1766 171 1792 196 οἱ

1010 214 1057 249 μὲν
1075 215 1104 240 ὲν
1117 216 1176 246 ταῖς
1191 215 1324 250 φυλακαῖς
1337 215 1554 248 κακοπαθοῦντες
1564 236 1571 248 .
1589 217 1613 243 οἱ
1637 217 1668 243 δὲ
1687 218 1735 244 ἐπὶ
1751 217 1792 244 δι-

1009 259 1156 294 καστηρίου
1171 260 1362 293 κολασθέντες,
1386 261 1434 287 καὶ
1455 260 1492 296 μὴ
1511 261 1669 295 ἐνεγκόντες
1689 262 1740 293 τὰς
1752 271 1792 288 τι-

1010 304 1124 339 μωρίας.
1145 304 1236 337 Ἀξιον
1252 303 1298 332 οὖν
1319 307 1376 332 ἐστι
1395 307 1451 338 τοῖς
1469 306 1539 342 ὑπὲρ
1556 306 1644 335 αὐτῶν
1663 307 1792 334 πενθοῦσι

1010 350 1188 385 συμπάσχειν.
1203 351 1333 378 Πενθοῠσι
1342 351 1381 384 δὲ,
1394 353 1484 387 φησὶν,
1498 353 1522 378 οἱ
1537 352 1586 386 μὲν
1599 352 1668 387 ὑπὲρ
1679 353 1791 387 γονέων,

1009 397 1033 422 οξ
1046 395 1073 422 δὲ
1088 397 1157 431 ὑπὲρ
1178 396 1230 424 τῶν
1250 397 1371 432 ἀδελφῶν
1386 417 1393 429 ,
1409 399 1432 424 οἱ
1454 398 1482 424 δὲ
1505 398 1574 434 ὑπὲρ
1589 398 1691 425 τέκνων
1705 407 1793 434 παρα-

1010 442 1202 469 πεπτωκότων.
1220 442 1256 469 Τὸ
1276 442 1340 477 γοῦν
1362 443 1524 479 συμπενθεῖν
1543 445 1599 476 τοῖς
1621 444 1685 476 τοὺς
1701 452 1792 480 παρα-

1010 487 1188 519 πεπτωκότας
1212 488 1354 515 πενθοῦσιν
1373 488 1465 515 οὐδένα
1482 489 1684 522 καταδλάπτει,
1700 490 1749 519 καὶ
1763 490 1794 515 τὸ

1011 533 1166 560 συνδέεσθαι
1186 534 1233 560 καὶ
1245 533 1384 568 συναλγεῖν
1400 535 1454 566 τοῖς
1467 534 1603 570 δεομένοις
1618 536 1687 571 ὑπὲρ
1704 535 1794 561 αὐτῶν

1013 579 1082 615 μετὰ
1096 579 1150 606 τῶν
1167 579 1253 607 ἄλλων
1268 580 1452 616 καθηκόντων,
1465 580 1547 615 ἤγουν
1564 581 1631 615 μετὰ
1644 581 1691 607 τοῦ
1707 582 1794 607 ποιεῖν

1011 625 1131 658 ἐκείνους
1157 627 1220 658 τοὺς
1253 626 1507 662 παραπεπτωκὸτας
1540 627 1586 653 καὶ⁵
1607 626 1642 655 τὰ
1666 627 1734 654 ἄλλα
1761 627 1794 654 τὰ

1011 672 1150 707 πρέποντα
1162 673 1196 708 τῇ
1211 673 1355 708 μετανοίᾳ·
1374 673 1444 708 ἅπερ
1465 673 1518 699 εἰσὶ
1537 674 1657 708 νηστεῖαι
1677 673 1725 699 καὶ
1744 673 1794 698 δά-

1012 725 1092 753 κρυα,
1108 716 1186 744 ἄλλαι
1198 726 1228 743 τε
1243 718 1440 750 κακοπάθειαι,
1459 718 1602 753 ἐπιτιμίων
1619 718 1748 752 φυλακαί·
1769 719 1794 744 εἰ

1012 763 1034 789 δ’
1050 763 1082 789 ἂν
1095 764 1245 799 εὐποροῖεν,
1261 764 1308 790 καὶ
1320 763 1405 795 δόσεις
1423 765 1568 799 χρημάτων
1583 764 1650 799 πρὸς
1663 764 1794 799 πένητας,

1013 808 1046 835 δι’
1063 806 1099 835 ὧν
1114 810 1128 835 ὁ
1141 809 1281 844 γινόμενος
1298 809 1470 845 παράκλητος
1483 810 1552 845 ὑπὲρ
1564 810 1642 845 ἡμῶν
1655 808 1796 844 ἐξευμενί-

1014 863 1088 883 σεται
1109 856 1174 891 ἡμῖν
1188 855 1234 882 τὸν
1256 856 1373 892 Πατέρα.
1397 853 1462 882 Εἶτα
1484 856 1530 882 καὶ
1547 857 1640 891 χρήσει
1662 855 1795 890 κέχρηται

1012 902 1150 938 γραφικῇ,
1170 902 1230 937 ἥτις
1247 902 1320 928 ἐστὶν
1344 903 1376 928 ὲκ
1396 902 1445 937 τῆς
1461 901 1572 937 πρώτης
1587 901 1731 937 ἐπιπολῆς
1745 899 1795 928 τοῦ

1013 947 1090 981 ἁγίου
1106 947 1253 974 ἀποστόλου
1267 947 1312 974 καὶ
1327 946 1520 982 εὐαγγελιστοῦ
1537 946 1671 973 Ἰωάννου.

1310 1036 1428 1063 ΚΑΝΩΝ
1447 1036 1497 1064 1Β’.

1051 1094 1059 1109 ι
1083 1083 1143 1115 Τοῖς
1159 1082 1213 1119 γὰρ
1229 1082 1347 1120 ἀργύρια
1364 1083 1491 1110 δεδωκόσι
1516 1081 1584 1118 πρὸς
1599 1081 1628 1108 τὸ
1650 1079 1796 1116 ἀνενοχλή-

1018 1142 1026 1155 ι
1049 1139 1111 1162 τους
1122 1131 1218 1161 αὐτοὺς
1227 1130 1249 1146 ⁸⁸
1258 1129 1411 1157 παντάπασι
1423 1128 1548 1164 γενέσθαι
1560 1128 1614 1155 ἀπὸ
1622 1130 1643 1147 ι*
1653 1128 1744 1163 πάσης
1759 1126 1797 1162 (9)

1020 1186 1027 1201 ι
1051 1176 1159 1208 κακίας,
1182 1177 1232 1203 οὐκ
1243 1176 1316 1203 ἐστιν
1339 1176 1462 1211 ἔγκλημα
1483 1175 1668 1211 προσάγειν⁵⁰.
1691 1173 1798 1209 Ζημίαν

1019 1232 1026 1247 ι
1052 1221 1104 1258 γὰρ
1119 1222 1165 1249 καὶ
1187 1222 1323 1249 ἀπώλειαν
1341 1221 1486 1258 χρημάτων
1509 1221 1681 1255 ὑπήνεγκεν,
1697 1219 1742 1245 ἵνα
1760 1217 1798 1253 μὴ

1018 1279 1027 1294 ι
1049 1268 1097 1304 τὴν
1119 1268 1205 1303 ψυχὴν
1217 1268 1319 1295 ἑαυτῶν
1336 1269 1368 1284 ’θ’
1392 1266 1563 1303 ζημιωθῶσιν
1582 1265 1797 1302 ἢάπολέσωσιν,

1019 1324 1027 1339 ι
1051 1315 1119 1350 ὅπερ
1141 1314 1214 1341 ἄλλοι
1237 1314 1307 1341 κατὰ
1328 1313 1548 1349 αἰσχροκέρδειαν
1567 1312 1596 1338 οὐ
1613 1311 1796 1345 πεποιήκασι·

1020 1369 1028 1386 ι
1052 1361 1178 1395 καίτοιγε
1195 1360 1242 1387 τοῦ
1260 1360 1361 1396 Κυρίου
1376 1359 1509 1394 λέγοντος
1531 1358 1560 1385 Tl
1575 1357 1629 1392 γὰρ
1647 1354 1799 1390 ὠφελήσει

1020 1416 1029 1433 ι
1052 1406 1216 1440 ἄνθρωπος,
1229 1406 1283 1433 ἐὰν
1295 1407 1348 1432 τὸν
1363 1406 1478 1439 κόσμον
1490 1404 1564 1431 ὅλον
1576 1401 1708 1436 κερδήσῃ
1719 1421 1727 1433 ,
1742 1400 1800 1434 τὴν

1021 1462 1029 1478 ι
1053 1453 1087 1478 δὲ
1100 1451 1206 1486 ψυχὴν
1220 1451 1312 1478 αὐτοῦ
1331 1449 1467 1486 ζημιωθῇ,
1481 1449 1500 1484 ἢ
1511 1448 1664 1482 ἀπολέσω
1686 1447 1732 1474 καὶ
1746 1447 1800 1478 ὅτι,

1024 1507 1032 1523 ι
1053 1498 1094 1524 Οὐ
1119 1497 1250 1524 δύνασθε
1282 1495 1342 1528 Θεῷ
1377 1495 1533 1522 δουλεύειν
1560 1493 1609 1520 καὶ
1642 1490 1798 1527 μαμμωνᾷ.

1021 1553 1030 1570 ι
1059 1543 1212 1578 Ἐφανησαν
1237 1543 1291 1578 γὰρ
1318 1541 1382 1578 παρ’
1408 1541 1521 1571 ἐκείνοις
1545 1539 1633 1574 Θεῷ⁵¹
1654 1537 1709 1573 (10)
1737 1537 1800 1564 δου-

1021 1598 1030 1614 ι
1052 1587 1267 1620 λεύοντες,τὰ⁵¹·
1280 1586 1398 1623 ἀργύρια
1410 1586 1572 1622 μισήσαντες
1581 1583 1627 1611 καὶ
1644 1582 1803 1618 καταπατή-

1022 1643 1031 1659 ι
1056 1642 1161 1667 σαντες,
1177 1637 1200 1652 ι’
1223 1633 1270 1659 καὶ
1293 1631 1547 1667 καταφρονήσαντες
1564 1628 1668 1661 αὐτῶν,
1682 1627 1801 1662 ἀνεπλή-

1023 1688 1031 1704 ι
1056 1679 1144 1715 ρωσάν
1156 1680 1189 1695 ’ν
1199 1688 1228 1705 τε
1236 1679 1281 1705 καὶ
1293 1679 1321 1704 ἐν
1335 1677 1420 1712 τούτῳ
1430 1677 1459 1703 τὸ
1472 1674 1668 1711 γεγραμμένον
1686 1674 1804 1707 Λύτρογ

1022 1734 1031 1749 ι
1054 1723 1164 1757 ἀνδρὸς
1187 1722 1298 1757 ψυχῆς,
1323 1724 1340 1749 ὀ
1364 1722 1438 1754 ἴδιος
1454 1720 1594 1752 πλοῦτος.
1615 1719 1692 1746 Ἐπεὶ
1702 1718 1750 1745 κα)⁸
1772 1718 1802 1743 ὲν

1023 1778 1031 1793 ι
1053 1770 1112 1800 ταῖς
1126 1767 1244 1804 Πράξεσι
1260 1767 1313 1794 τῶν
1327 1766 1482 1794 ἀποστόλων
1496 1765 1651 1800 ἀνέγνωμεν
1667 1764 1729 1795 τοὺς
1753 1771 1803 1788 συ-

1024 1825 1032 1841 ι
1055 1815 1150 1851 ρέντας
1165 1814 1223 1840 ίίιντι¹
1244 1813 1348 1840 Παύλου
1372 1813 1418 1839 καὶ
1434 1811 1497 1838 Σίλα
1514 1812 1542 1837 ἐν
1557 1809 1741 1844 Θεσσαλονίκῃ
1757 1808 1805 1835 ἐπὶ

1023 1869 1032 1885 ‹
1055 1859 1117 1891 τοὺς
1130 1859 1304 1893 πολιτάρχας,
1327 1857 1395 1892 μετὰ
1414 1858 1461 1883 καὶ
1483 1855 1640 1892 πλησμονῆς
1655 1853 1804 1881 ἀπολυθέν-

1024 1915 1033 1931 ι
1055 1913 1113 1936 τας.
1140 1904 1216 1932 Μετὰ
1231 1903 1286 1938 γὰρ
1300 1903 1331 1929 τὸ
1348 1901 1537 1937 καταῦαρῆσαι
1551 1901 1648 1932 αὐτοὺς
1661 1898 1747 1925 πολλὰ
1760 1898 1805 1925 διὰ

1024 1961 1033 1977 ι
1056 1950 1086 1979 τὸ
1098 1951 1192 1986 ὖνομα,
1203 1950 1249 1976 καὶ
1261 1949 1376 1984 ταράξαι
1388 1947 1432 1974 τὸν
1447 1946 1523 1982 ὄχλον
1539 1947 1585 1973 καὶ
1598 1946 1661 1977 τοὺς
1677 1944 1806 1980 πολιτάρο

1025 2007 1034 2024 ‹
1057 2006 1124 2034 χας,
1137 1997 1301 2028 Λαϐόντες,
1314 1994 1396 2029 φησὶ,
1409 1993 1441 2020 τὸ
1459 1993 1564 2019 litat-or
1583 1991 1663 2025 παρά
1682 1990 1736 2017 τοῦ
1755 1989 1806 2016 Ἰά-

1028 2055 1035 2069 ι
1059 2051 1151 2076 σον-ος
1167 2042 1215 2069 καὶ
1231 2041 1290 2068 τῶν
1308 2039 1436 2071 λοιπῶν,
1449 2038 1607 2065 ἀπέλυσαν
1630 2036 1755 2068 αὐτούς·
1778 2035 1806 2062 οι

987 2099 1011 2126 ι)
1028 2100 1036 2115 ι
1058 2088 1092 2115 δὲ
1106 2088 1230 2122 ἀδελφοὶ
1248 2085 1358 2118 εὐθέως
1371 2085 1420 2111 διὰ
1435 2083 1544 2116 νυκτὸς
1564 2082 1738 2117 ἐξέπεμψαν
1753 2081 1807 2108 τόν

1025 2144 1034 2161 ι
1058 2143 1090 2161 τε
1103 2133 1225 2160 Παῦλον
1239 2132 1287 2158 καὶ
1303 2131 1356 2157 τὸν
1371 2130 1465 2156 Σίλαν
1481 2130 1524 2161 εὶς
1541 2128 1683 2163 Βέιιροιιιν
1705 2128 1761 2152 ³¹“.
1781 2135 1791 2151 ι

1059 2180 1156 2211 ΒΑΛΣ.
1178 2178 1327 2214 Πληρώσας
1339 2178 1353 2204 ὁ
1364 2178 1457 2212 Ἄγιος
1469 2177 1502 2204 τὰ
1516 2176 1580 2212 περὶ
1592 2175 1644 2201 τῶν
1657 2173 1806 2208 αὐτομολη-

1025 2227 1128 2261 σᾴντων
1144 2226 1183 2256 εἰς
1197 2225 1227 2252 τὸ
1245 2224 1407 2261 μαρτύριον,
1426 2223 1507 2258 φησὶν
1526 2220 1734 2251 ἀκαταιτιάτους
1765 2217 1803 2245 εἷ-

1024 2282 1068 2300 ναι
1081 2273 1142 2304 τοὺς
1157 2271 1201 2303 διὰ
1219 2271 1366 2309 χρημάτων
1381 2270 1480 2301 δόσεως
1501 2267 1692 2303 ἀνενοχλήτους
1709 2274 1807 2300 συν-ιη⁴

1026 2319 1160 2355 ρήσαντας
1176 2318 1288 2349 ἑαυτοὺς
1301 2317 1354 2344 ἀπὸ
1369 2316 1418 2351 τῆς
1433 2313 1579 2345 κακώσεως
1593 2312 1647 2339 τῶν
1657 2311 1804 2338 κολάσεων.

1027 2364 1135 2391 Εἴλοντο
1151 2364 1204 2399 γὰρ
1220 2364 1346 2401 χρήματα
1359 2361 1543 2397 ζημιωθῆναι,
1560 2359 1606 2385 καὶ
1627 2359 1663 2393 μὴ
1677 2357 1727 2389 τὰς
1741 2357 1806 2383 ἐαυ-

1025 2409 1080 2437 τῶν
1089 2409 1186 2444 ψυχάς.
1199 2407 1265 2435 Εἶτα
1276 2406 1487 2441 κατασκευάζων
1501 2406 1579 2433 τοῦτο
1591 2404 1666 2438 αὐτὸ,
1680 2402 1804 2438 ὲπιερέρει

797 2480 900 2508 cProv.
919 2487 980 2513 xui,
998 2481 1024 2508 8.
1063 2480 1076 2500 ἀ
1100 2480 1160 2508 Act.
1179 2487 1246 2513 xvu,
1270 2481 1298 2512 9,
1317 2480 1359 2507 10.

823 2550 938 2579 ΥΑΠΙᾸΞ
957 2551 1156 2580 LECTIONES.

232 2613 255 2629 “
267 2613 297 2639 τό
318 2612 380 2639 add.
419 2612 441 2628 δ’
453 2612 516 2638 ὑπό.
553 2612 576 2627 ⁵⁸
595 2611 812 2647 προσαγαγεῖν.η
833 2609 868 2647 "_'
879 2609 979 2647 αὐτῶν.

197 2648 401 2683 ταπατήσαντες
413 2654 468 2674 om.
493 2647 527 2662 δ’·
545 2647 599 2674 ἀπε
605 2644 757 2682 πλήρωσαν.
793 2646 838 2662 ⁵¹⁰
850 2644 972 2679 Βέροιαν.

231 2703 270 2737 (tt)
292 2704 358 2730 Ὑπὸ
374 2711 448 2730 mw.
463 2702 512 2730 Ms.
529 2701 611 2737 Nam,
627 2703 684 2737 ἀπο
703 2710 768 2737 πασ.

233 2734 287 2773 (10)
304 2738 374 2772 Ilap‘
395 2738 519 2770 ἐκείνοις
536 2736 604 2768 Θεῷ.
626 2736 664 2764 ld.
683 2736 756 2773 cod,
777 2737 841 2771 παρ’
867 2734 977 2773 ὲκεζνων

201 2770 309 2809 ςῷθεῷ.
328 2770 400 2806 Mox,
413 2772 448 2800 τὰ
467 2772 521 2807 γὰρ
539 2772 666 2807 ἀργύρια.
682 2771 784 2799 Desunt
800 2770 890 2799 autem
908 2770 974 2797 ibid.

1026 2610 1047 2626 ⁵³
1066 2612 1130 2646 παρ’
1145 2611 1247 2637 ἐκεῖνον
1259 2608 1296 2644 τῷ
1311 2608 1379 2644 Θεῷ,
1422 2609 1456 2625 ⁸¹⁶
1473 2607 1535 2634 add.
1552 2607 1616 2642 γάρ.
1662 2604 1686 2623 ⁵¹
1702 2603 1749 2630 καὶ
1761 2608 1809 2626 κα-

1030 2700 1186 2734 sequentia.
1213 2700 1260 2725 καὶ
1283 2699 1535 2733 καταπατήσαντες.
1565 2697 1597 2725 Et
1626 2696 1706 2732 paulo
1738 2698 1809 2731 post,

1031 2735 1100 2771 μετὰ
1113 2735 1279 2770 πλησμονῆς,
1292 2735 1393 2762 omisso
1412 2734 1467 2760 καί.
