1909 3069
56 82 103 111 SOI
671 81 838 110 EPISTOLA
852 79 1038 109 CANONICA.

1618 76 1671 106 502

56 140 101 168 ut
114 139 230 175 διάφορα
239 140 364 176 γραφικὰ
376 140 422 166 καὶ
439 140 644 175 παραδείγματα
659 140 691 166 ὲκ
706 138 760 165 τῶν
770 139 837 165 ἀπο-

894 137 1038 172 Scripturae
1063 135 1185 170 exempla
1213 143 1246 163 ex
1276 133 1389 163 Actibus
1418 133 1603 170 apostolorum
1639 135 1672 162 de

56 185 184 212 στολικῶν
205 185 338 221 Πρὰξεων
359 185 422 221 περὶ
446 185 493 212 τοῦ
520 185 653 220 μακαρίοδ
688 184 835 210 ἀποστόλου

57 229 162 256 Παύλου
177 229 223 255 καὶ
235 230 347 265 ἑτέρων.

89 275 212 302 ΖΩΝΑΡ.
242 275 274 301 Oi
302 276 331 302 δὲ
353 276 497 311 χρήματα,
523 277 606 312 φησὶ,
628 276 772 308 δεδωκότες
790 277 837 303 καὶ

57 321 235 355 ἐκφυγόντες,
256 321 304 347 καὶ
319 321 411 354 αὐτοῖς
426 323 593 358 τηρήσαντες
616 322 664 358 τὴν
679 322 818 349 εὐσέϐειαν
828 341 835 353 ,

59 366 105 392 οὐκ
117 366 334 401 αἱτιαθήσονται,
349 367 408 394 οὐδὲ
421 367 547 403 ἔγκλημά
561 377 602 400 τις
618 368 739 395 ἐντεῦθεν
754 376 837 404 προσ-

57 412 118 446 άψει
133 412 234 444 αὐτοῖς.
251 413 361 440 Εἰλοντο
374 414 427 450 γὰρ
443 415 570 450 χρήματα
585 412 755 449 ζημιωθῆναι
765 433 772 445 ,
790 413 837 440 καὶ

58 457 95 494 μὴ
111 458 160 489 τὰς
173 458 276 484 ἑαυτῶν
289 458 386 494 ψυχὰς,
411 459 457 486 καὶ
481 460 617 496 ἐφάνησαν
640 459 678 495 τῷ
693 458 752 494 Θεῷ
776 459 836 486 δου-

58 504 143 531 λεύειν
162 504 335 540 βουλόμενοι,
352 505 398 532 καὶ
418 505 448 531 οὐ
463 505 501 541 τῷ
523 506 677 541 μαμμωνᾷ,
700 505 759 540 ἦτοι
782 506 837 537 τοῖς

58 549 187 584 χρήμασι.
219 550 357 585 Ἑπιφέρει
380 550 408 576 δὲ
431 551 477 577 καὶ
500 551 608 586 ῥήματα
630 550 769 586 γραφικὰ,
790 551 838 577 καὶ

59 595 232 630 παράδειγμα
256 597 287 622 ἐκ
317 596 371 622 τῶν
387 595 515 631 Πράξεων
541 597 604 632 περὶ
627 596 673 622 τοῦ
703 595 836 631 μακαρίου

57 640 205 667 ἀποστόλου
226 641 331 667 Παύλου
359 641 405 668 καὶ
421 642 532 678 ἑτέρων.
550 642 586 669 Τὸ
600 642 627 668 δὲ
645 643 837 678 ἀνενοχλήτους

57 687 181 721 γενέσθαι
194 687 250 714 ἀπὺ
263 688 352 722 πάσης
368 688 480 720 κακίας,
502 688 518 724 ἥ
534 689 564 715 τὸ
585 689 622 724 μὴ
634 689 779 724 ὀχληθῆναι
797 690 837 721 εἰς

57 733 170 767 ἄρνησιν
186 733 236 768 τῆς
249 733 390 765 εὐσεὸείας
416 734 488 761 ἐστὶν
501 753 508 766 ,
533 735 605 770 ἥπερ
628 735 717 761 πᾶσαν
739 734 837 762 κακίαν

58 777 134 812 νικᾷ,
158 777 175 812 ἢ
193 777 293 810 κακίας
309 778 358 811 τὰς
374 779 508 812 κακώσεις
527 779 652 815 ὠνόμασε
668 780 716 812 τὰς
732 781 764 806 ὲκ
784 780 837 807 τῶν

58 821 204 848 κολάσεων.

354 870 472 897 ΚΑΝΩΝ
491 871 541 899 1Γ¹.

91 922 101 938 α
123 913 207 941 Ὅθεν
220 914 280 941 οὐδὲ
295 916 352 947 τοῖς
378 917 555 952 καταλείψασι
568 918 655 945 πάντα
671 917 714 944 διὶ
728 917 777 953 τὴν
789 918 838 953 τῆς

59 967 68 983 ‹
88 958 177 993 ψυχῆς
191 960 327 995 σωτηρίαν
338 960 383 987 καὶ
395 961 601 998 ἀναχωρήσασιν
613 962 686 990 ἐστιν
702 963 836 998 ἐγκαλεῖν,

58 1013 67 1028 ι
89 1003 126 1035 ὡς
141 1004 176 1031 ἂν
191 1005 291 1040 ἑτέρων
313 1006 345 1032 δι’
360 1006 456 1039 αὐτοὺς
470 1008 701 1043 κατασχεθέντων.
717 1009 771 1036 Καὶ
784 1011 838 1046 γὰρ

58 1059 67 1074 ι
89 1050 136 1076 καὶ
165 1051 194 1077 ὲν
221 1052 254 1086 τῇ
282 1051 385 1088 Ἐφέσῳ
409 1053 469 1080 ἀντὶ
501 1053 607 1081 Παύλου
616 1055 639 1070 ⁵³
665 1056 838 1091 συνήρπασαν

59 1105 68 1120 ‹
90 1094 172 1123 Γάῖον
195 1097 236 1128 εἰς
259 1097 289 1123 τὸ
304 1097 415 1133 θέατρον
432 1098 479 1125 καὶ
498 1099 690 1136 Ἀρίσταρχον,
709 1101 838 1137 συνεκδή-

59 1150 68 1166 ‹
91 1141 281 1177 μουςΠαύλου,
292 1142 452 1178 βουλομένου
461 1143 495 1159 ⁵³·
502 1144 631 1172 εἰσελθεῖν
641 1147 681 1177 είς
691 1145 735 1173 τὸν
742 1146 836 1182 δῆμον·

60 1196 68 1212 ί
89 1187 152 1215 ἐπεὶ
167 1188 214 1214 καὶ
226 1188 258 1214 δι’
273 1189 354 1215 αὐτὸν
366 1189 496 1217 πείσαντα
510 1191 557 1217 καὶ
572 1192 778 1228 μεταστήσαντα
790 1202 838 1220 πο-

60 1241 69 1257 ι
89 1232 136 1259 λὺν
160 1233 308 1268 δχλονὲπὶ
325 1235 374 1271 τὴν
390 1235 540 1263 θεοσέόειαν
568 1238 584 1272 ἠ
603 1238 695 1269 στάσις
710 1236 743 1274 ἦν
765 1247 838 1273 γενο-

60 1287 69 1302 σ
90 1278 158 1313 μένη
167 1280 315 1307 ⁵³·’.ιδωῠιι
327 1281 396 1308 εἴων
409 1282 502 1309 αὑτὸν
510 1284 537 1310 ot
541 1283 680 1318 μαθηταὶ,
691 1284 782 1319 φησιν.
800 1285 837 1311 Οὐ

60 1331 69 1347 4
92 1323 146 1359 μὴν
163 1324 232 1350 ἀλλά
247 1325 293 1351 καί
309 1333 379 1357 τινες
400 1326 455 1353 τῶν
472 1327 621 1364 Ἀσιαρχῶν
638 1327 713 1360 ὅντες
737 1329 838 1364 αὑτῷ⁵⁵

60 1379 69 1394 ί
91 1370 172 1404 φίλοι,
187 1371 344 1407 πέμψαντες
359 1374 424 1408 πρὸς
438 1373 529 1406 αὑτὸν,
547 1375 717 1410 παρεκάλουν
729 1376 765 1412 μὴ
777 1376 835 1403 δοῦ·

61 1425 70 1440 ι
91 1423 134 1442 ναι
150 1415 248 1443 ἑαυτὸν
270 1418 309 1449 είς
324 1417 354 1444 τὸ
374 1418 496 1454 θέατρον.
516 1420 547 1446 Εἰ
558 1420 586 1446 δὲ
602 1420 754 1455 ὲπιμένοιέν
769 1430 838 1453 τινες

60 1470 70 1486 ς
91 1461 298 1497 ἐρεσχελοῦντες
313 1465 368 1496 τοῖς
384 1464 536 1500 εἰλικρινῶς
553 1465 714 1501 προσέχουσι
735 1466 774 1502 τῷ
794 1467 838 1494 λέ-

63 1515 71 1530 ι
93 1507 198 1540 γοντι⁸⁶
208 1507 278 1543 (ll),
294 1508 394 1539 Σώζων
408 1509 482 1540 σῶζε
497 1509 554 1544 τὴν
570 1512 699 1539 σεαυτοῦ
722 1512 837 1547 ψυχὴν,

62 1562 71 1577 ι
93 1553 142 1579 καὶ
158 1554 193 1569 ⁸⁶⁴
208 1553 251 1588 μὴ
271 1555 453 1591 περιϐλέψῃς
469 1556 514 1572 ⁸⁸⁸·
529 1557 572 1589 εἰς
587 1557 623 1584 τὰ
639 1557 745 1591 ὀπίσω,
775 1559 840 1585 ὑπο-

61 1607 71 1624 (
92 1599 287 1635 μνησθήτωσαν
296 1601 341 1627 καὶ
347 1602 411 1636 περὶ
417 1602 463 1628 τοῦ
473 1602 526 1638 (12)
535 1603 744 1639 προκρίτουτῶν
771 1605 840 1633 ἀπο-

64 1654 72 1669 (
95 1645 196 1673 στόλων
202 1645 512 1684 Πέτρου,,ϐε6λημένου
520 1657 553 1676 τε
563 1649 621 1684 ἤδη
630 1651 673 1684 εὶς
678 1649 821 1685 φυλακὴν
832 1670 839 1683 ,

63 1701 73 1716 ι
95 1691 145 1718 καὶ
155 1694 375 1728 παραδοθέντος
387 1692 524 1730 τέτταρσι
537 1697 699 1732 τετραδίοις
710 1699 732 1714 ⁵⁷
749 1705 839 1732 στρα-

891 183 969 210 beato
982 181 1068 209 Paulo
1082 181 1205 216 apostolo
1218 185 1244 208 et
1258 180 1328 208 aliis.

926 271 1028 298 ZONAR.
1046 270 1098 303 Qui
1129 277 1204 302 vero,
1219 269 1318 305 inquit,
1345 270 1487 305 pecuniam
1513 274 1670 306 erogarunt,

890 326 976 353 eoque
989 316 1088 351 effugio
1105 315 1233 351 pietatem
1251 318 1457 346 conservarunt,
1475 322 1529 343 non
1548 319 1612 344 sunt
1625 323 1671 343 rea

890 362 1085 399 prehendendi,
1104 368 1155 389 nec
1170 361 1206 389 ob
1219 368 1279 388 eam
1296 368 1352 388 rem
1368 360 1429 388 illos
1443 360 1567 396 quisnam
1589 368 1670 388 accu-

890 413 942 436 set.
970 407 1124 436 Maluerunt
1149 414 1266 442 namque
1290 406 1429 441 pecunias,
1445 414 1526 441 quam
1549 407 1670 442 ipsorum

890 455 996 482 animas
1005 454 1128 489 perdere,
1138 452 1371 486 ostenderuntque
1388 459 1417 479 se
1431 451 1486 479 Deo
1501 453 1602 480 servire
1613 454 1671 481 vel-

890 501 925 533 le,
940 508 996 528 non
1009 506 1181 531 mammonae,
1198 498 1249 526 hoc
1261 501 1302 525 est
1317 497 1430 524 divitiis.
1453 496 1560 526 Profert
1581 503 1670 526 autem

890 550 916 573 et
943 545 1091 580 Scriptura:
1107 544 1200 576 verba,
1229 547 1286 570 tum
1313 550 1347 570 ex
1372 542 1448 570 Actis
1475 543 1669 578 apostolorum,

890 592 962 619 beati
975 590 1051 618 Pauli
1068 595 1095 618 et
1108 590 1224 617 aliorum
1241 589 1374 624 exempla.
1390 588 1467 622 Quod
1482 597 1545 616 vero
1559 589 1669 622 dicitur,

890 637 1100 672 imperturbatos
1118 635 1202 664 fuisse
1219 626 1253 663 ab
1273 635 1346 662 omni
1371 634 1555 669 improbitate,
1571 636 1611 663 sic
1626 643 1672 664 ac-

890 683 1046 719 cipiendum
1061 686 1114 715 est,
1136 687 1183 710 aut
1203 682 1413 717 imperturbatos
1434 681 1530 716 fuisse,
1549 682 1621 718 quod
1638 683 1671 710 ad

890 730 999 765 pietatis
1024 729 1230 764 abnegationem
1254 728 1352 755 attinet
1367 736 1428 763 quae
1454 729 1608 756 universam
1626 737 1672 757 su-

891 779 967 811 perat
982 775 1193 811 improbitatem,
1213 774 1256 802 vel
1271 775 1370 806 κακίας
1382 775 1539 802 vexationes
1551 779 1671 803 tormen-

854 819 878 850 Β
892 824 979 849 lorum
996 821 1156 848 nominavit.

1178 865 1293 893 CANON
1313 865 1381 894 XIII.

927 923 936 939 ‹
962 912 1039 940 Unde
1061 919 1112 939 nec
1135 918 1183 939 eos
1203 911 1250 946 qui
1275 912 1366 938 omnia
1381 912 1549 947 reliquerunt
1562 917 1671 948 propter

893 967 901 984 ι
924 959 1039 986 salutem
1061 958 1159 985 animm
1188 961 1214 986 et
1239 962 1427 990 secesserunt,
1451 958 1514 985 licet
1541 949 1671 986 accusare

892 1015 901 1030 ι
925 1009 1055 1039 tanquam
1080 1004 1141 1031 aliis
1162 1008 1273 1039 propter
1297 1003 1371 1038 ipsos
1396 1003 1525 1031 detentis.
1549 1003 1616 1030 Nam
1643 1009 1670 1031 et

892 1059 901 1077 ι
925 1050 1023 1086 Ephesi
1038 1057 1088 1085 pro
1097 1049 1182 1077 Paulo
1195 1048 1292 1085 Gajum
1309 1053 1337 1077 et
1351 1048 1539 1076 Aristarchum
1553 1049 1581 1076 in
1599 1049 1672 1076 thea-

891 1105 900 1122 ε
926 1100 968 1123 tro
979 1095 1263 1130 comprehenderunt,
1280 1102 1332 1122 una
1357 1102 1418 1122 cum
1444 1095 1528 1122 Paulo
1551 1095 1671 1130 peregri-

891 1152 900 1168 ‹
922 1145 1018 1170 nantes
1027 1141 1106 1176 α,ςυί
1121 1141 1226 1169 volebat
1242 1141 1275 1168 ad
1289 1141 1416 1176 populum
1432 1141 1525 1168 adire:
1541 1141 1669 1176 quoniam

892 1198 900 1213 ε
924 1193 1034 1223 propter
1047 1189 1136 1224 ipsum
1151 1187 1197 1223 qui
1209 1191 1392 1223 persuaserat,
1400 1191 1427 1214 et
1440 1186 1552 1214 multam
1563 1186 1669 1213 turbam

892 1245 901 1261 ι
924 1235 958 1262 ad
972 1234 1018 1262 Dei
1038 1235 1141 1262 cultum
1165 1233 1339 1267 traduxerat,
1355 1232 1452 1261 seditio
1476 1233 1547 1260 facta
1570 1232 1668 1259 fuerat.

892 1291 901 1307 ι
923 1281 985 1309 Non
999 1281 1128 1308 sciverunt
1142 1288 1211 1313 eum,
1237 1279 1337 1315 inquit,
1353 1279 1485 1313 discipuli.
1503 1278 1574 1312 Quin
1589 1278 1669 1306 etiam

892 1338 901 1354 ι
924 1327 1048 1355 nonnulli
1060 1335 1093 1355 ex
1106 1326 1247 1354 Asiarchis
1269 1326 1316 1361 qui
1337 1325 1362 1353 ei
1385 1328 1462 1352 erant
1479 1325 1570 1357 amici,
1589 1325 1671 1352 mise-

892 1384 901 1400 (
921 1378 987 1401 runt
1001 1373 1035 1401 ad
1049 1381 1110 1401 eum
1123 1376 1150 1400 et
1163 1375 1321 1404 suaserunt,
1334 1379 1367 1399 ne
1381 1379 1410 1399 se
1421 1371 1527 1399 theatro
1539 1371 1624 1398 darct.
1641 1371 1670 1398 Si

892 1430 901 1446 ι
924 1421 969 1456 qui
991 1425 1081 1447 autem
1104 1427 1166 1446 cum
1192 1419 1225 1447 iis
1243 1418 1407 1447 contendere
1422 1417 1602 1452 porrexerint,
1623 1418 1671 1452 qui

893 1476 902 1493 ‹
925 1467 1044 1494 animum
1061 1467 1198 1494 sincerum
1214 1465 1239 1492 ei
1261 1465 1400 1496 adhibent.
1415 1464 1460 1499 qui
1470 1464 1560 1491 dicitb
1578 1472 1585 1491 :
1602 1464 1672 1491 Dili-

894 1521 902 1538 (
924 1517 1013 1548 genter
1031 1521 1104 1540 serva
1115 1513 1232 1539 animum
1252 1516 1335 1543 tuam,
1347 1515 1372 1538 et
1392 1519 1423 1538 ne
1442 1515 1512 1538 ΤϐίΓο
1527 1512 1671 1544 aspexeris.

894 1567 902 1583 ι
926 1557 1024 1585 Petrus
1035 1565 1142 1593 quoque
1158 1556 1341 1592 apostolorum
1359 1555 1485 1591 princeps
1502 1555 1542 1583 eis
1558 1555 1585 1582 in
1596 1563 1672 1583 men-

894 1613 903 1629 ‹
927 1606 981 1631 tem
996 1607 1149 1635 revocetur,
1169 1603 1215 1638 qui
1233 1602 1292 1637 jam
1307 1602 1334 1629 in
1345 1601 1492 1628 custodiam
1515 1605 1574 1628 erat
1607 1607 1669 1627 con-

894 1657 903 1674 c
922 1649 1020 1683 jactus,
1038 1652 1062 1676 et
1076 1648 1189 1675 traditus
1205 1653 1317 1683 quatuor
1327 1646 1542 1682 quaternionibus
1557 1646 1671 1673 militum

894 1703 902 1720 ε
927 1694 961 1721 ad
974 1703 1033 1722 eum
1048 1694 1203 1721 servandum
1217 1698 1229 1714 ο
1243 1700 1249 1718 :
1269 1693 1315 1728 qui
1331 1700 1393 1720 cum
1409 1696 1490 1720 noctu
1506 1691 1630 1727 fugisset,
1645 1695 1673 1719 et

63 1745 72 1761 ι
94 1737 212 1770 τιωτῶν,
230 1739 402 1773 φυλάσσειν
413 1742 516 1768 αὐτόν.
528 1738 565 1768 Οὗ
576 1743 605 1769 ὲν
621 1743 698 1769 νυκτὶ
711 1743 837 1777 φυγόντος

894 1749 903 1766 ι
926 1748 959 1768 ex
976 1739 1131 1768 Iudaeorum
1147 1746 1228 1766 manu
1253 1742 1377 1766 servatus
1391 1741 1474 1770 esset,
1488 1737 1568 1772 jussu
1584 1738 1671 1773 angeli

63 1791 72 1806 ‹
93 1782 138 1808 καὶ
154 1784 186 1809 ἐκ
200 1785 291 1819 χειρὸς
307 1785 449 1820 ῥυσθέντας
467 1786 520 1813 τῶν
542 1787 674 1815 Ἰουδαίων
690 1789 749 1815 κατ’
768 1789 837 1816 ἐντο-

894 1794 903 1810 ‹
924 1783 1051 1811 Domini:
1068 1783 1163 1815 Facto,
1182 1783 1279 1819 inquit,
1301 1784 1344 1810 die
1364 1784 1433 1810 erat‘
1443 1790 1495 1809 non
1515 1789 1610 1816 paruus
1632 1786 1673 1808 tu-

65 1836 73 1851 ε
93 1827 141 1863 λὴν
156 1829 275 1863 ἀγγέλου
287 1850 294 1860 ,
312 1830 377 1865 φησὶ
388 1851 395 1862 ,
415 1831 517 1867 Κυρίου
528 1852 534 1863 ,
550 1832 713 1868 γενομένης
728 1833 837 1867 ’ἡμέρας

894 1839 903 1855 ι
928 1830 1026 1857 multus
1042 1830 1110 1857 inter
1122 1830 1228 1862 milites,
1247 1829 1372 1864 quidnam
1387 1828 1487 1863 factum
1499 1832 1565 1855 esset
1581 1827 1670 1855 Petro.

64 1881 73 1896 ι
94 1870 132 1907 ἦν
143 1873 275 1908 τάραχος
290 1875 345 1901 οὐκ
358 1876 458 1910 ὀλίγος
470 1877 505 1903 ἐν
520 1877 580 1911 τοῖς
594 1877 795 1912 στρατιώταις,
813 1884 837 1905 τί

894 1885 903 1901 ι
926 1874 1044 1916 Herodes
1061 1878 1148 1902 autem
1158 1882 1216 1901 cum
1232 1882 1291 1901 eum
1307 1873 1481 1908 quasivisset,
1495 1877 1520 1899 et
1538 1880 1590 1899 non
1604 1872 1672 1899 inre-

68 1927 76 1943 ‹
97 1918 154 1952 ἄρα
167 1920 184 1946 ό
198 1919 310 1954 Πέτρος
325 1920 451 1955 ἐγένετο.
470 1922 595 1957 Ἡρώδης
606 1923 650 1955 δὲ,
663 1922 837 1957 ἐπιζητήσας

894 1931 902 1947 ι
922 1922 1013 1954 uisset,
1021 1921 1196 1956 interrogatos
1209 1918 1329 1947 custodes
1337 1919 1420 1953 jussit
1433 1918 1560 1953 cu/focari
1571 1917 1597 1950 α,
1612 1924 1674 1952 pro-

65 1973 74 1988 ‹
95 1965 189 1992 αὑτὸν
201 1966 250 1992 καὶ
262 1966 304 2000 μὴ
316 1967 420 2001 εὑρὼν,
433 1968 596 2003 ἀνακρίνας
609 1969 680 2002 τοὺς
692 1970 837 2004 φύλακας,

894 1977 903 1993 ‹
926 1972 985 2002 pter
996 1975 1065 2002 quos
1080 1967 1154 1994 nulla
1167 1966 1246 2000 culpa
1263 1965 1292 1993 in
1306 1965 1415 1992 Petrum
1428 1964 1568 1992 confertur
1584 1973 1590 1991 :
1608 1964 1673 1991 lice-

64 2021 71 2037 ι
92 2012 256 2039 ἐκέλευσεν
287 2014 475 2049 ἀπαγχθῆναι
502 2016 573 2052 (15),
605 2016 638 2042 δι’
662 2015 708 2048 οὒς
728 2017 837 2052 οὐδεμία

894 2023 902 2039 ι
925 2014 972 2041 bat
986 2014 1058 2049 enim
1073 2014 1113 2048 eis
1125 2013 1171 2040 illo
1189 2013 1248 2040 viso
1268 2012 1340 2047 quod
1356 2010 1458 2038 factum
1474 2010 1562 2038 fuerat
1576 2010 1674 2045 ellluge-

63 2068 71 2083 ι
93 2059 168 2085 αἰτία
179 2059 219 2094 τῷ
228 2059 324 2095 Πέτρῳ
335 2061 531 2096 προσάπτεται.
548 2061 625 2097 Ἐξῆν
649 2061 703 2097 γὰρ
713 2082 720 2094 ,
738 2063 784 2089 καὶ
797 2063 837 2090 αὑ·

894 2069 903 2085 ι
927 2068 975 2092 re;
991 2059 1062 2087 sicut
1076 2064 1103 2087 et
1119 2065 1214 2086 omnes
1234 2057 1352 2085 infantes
1367 2057 1413 2092 qui
1428 2061 1507 2084 erant
1520 2057 1547 2083 in
1566 2055 1674 2083 Bethle-

61 2114 70 2129 Ι
91 2106 154 2136 τοὺς
171 2105 327 2141 ἑωρακότας
342 2107 372 2133 τὸ
388 2106 526 2142 γινόμενον
542 2107 575 2138 ⁸⁸,
588 2108 726 2142 ἐκφυγεῖν,
743 2108 780 2140 ὡς
796 2108 837 2134 καὶ

895 2115 903 2130 ι
927 2106 988 2133 hem
1002 2111 1013 2126 ο
1026 2110 1053 2133 et
1067 2105 1094 2132 in
1117 2105 1244 2132 omnibus
1269 2103 1330 2138 ejus
1349 2103 1460 2136 ﬁnibus,
1478 2103 1502 2131 si
1529 2103 1673 2130 scivissent

63 2160 70 2175 ι
92 2151 182 2178 πάντα
198 2151 233 2179 τὰ
251 2151 344 2178 παιδία
360 2152 393 2178 τὰ
413 2153 441 2178 ὲν
460 2151 583 2188 Βηθλεὲμ
599 2153 645 2179 καὶ
660 2153 689 2179 ὲν
704 2153 770 2180 πᾶσι
787 2154 837 2185 τοῖς

896 2161 904 2176 ε
928 2158 1022 2178 eorum
1038 2154 1165 2186 parentes
1187 2149 1259 2184 quod
1275 2152 1333 2176 erat
1359 2147 1480 2176 futurum
1498 2157 1504 2175 ε
1523 2147 1600 2182 quia
1615 2154 1674 2173 cru—

62 2205 70 2220 Ι
91 2197 177 2232 ὁρίοις
198 2197 301 2232 αὑτῆς,
326 2198 350 2224 εῐ
369 2198 532 2232 ὲγνώκεισαν
550 2199 575 2225 οί
595 2200 683 2233 γονεῖς
705 2199 793 2225 αὐτῶν
811 2199 837 2226 τὺ

896 2205 905 2222 ‹
929 2195 982 2223 deli
993 2195 1129 2222 homicida
1144 2194 1250 2222 Herode
1260 2194 1360 2222 sublati
1372 2197 1446 2226 sunt,
1460 2196 1489 2220 ut
1498 2199 1569 2220 unus
1580 2191 1627 2226 qui
1639 2190 1674 2217 ab

61 2250 70 2266 ‹
93 2241 190 2277 μέλλον
206 2242 315 2270 ἔσεσθαι
325 2252 331 2258 ·
348 2244 418 2280 ἅπερ
431 2243 600 2280 ἀνῃρέθησαν
614 2244 666 2272 ὑπὸ
674 2244 719 2271 τοῦ
732 2245 837 2279 μιαιφό-

896 2251 905 2267 ‹
930 2249 962 2269 eo
977 2241 1150 2276 quarebatur
1171 2240 1262 2268 infans
1287 2240 1397 2276 periret,
1411 2238 1497 2274 quiet
1516 2238 1574 2272 ipse
1593 2237 1673 2271 jussu

62 2296 70 2310 ι
92 2295 138 2313 νου
151 2287 270 2323 Ἡρώδου
279 2287 322 2314 διὰ
329 2288 360 2314 τὸ
368 2288 501 2315 ὑπἀὐτοῦ
518 2288 680 2323 ζητούμενον
694 2288 837 2316 ἀπολέσθαι

896 2297 905 2313 ι
928 2287 1016 2323 angeli
1030 2287 1076 2315 Dei
1094 2286 1195 2322 effugit,
1211 2286 1257 2321 qui
1271 2285 1396 2313 celeriter
1404 2285 1460 2320 jam
1476 2286 1597 2319 cmperat
1609 2288 1673 2317 spo-

897 2343 905 2359 ι
930 2333 966 2360 lia
994 2334 1129 2368 accipere,
1144 2336 1171 2361 et
1193 2333 1293 2359 acriter
1317 2337 1494 2368 praepascere,
1521 2328 1670 2357 secundum

1138 2407 1149 2420 ε
1167 2400 1263 2428 Matth.
1280 2408 1310 2432 ll,
1323 2401 1398 2427 15—
1408 2401 1449 2428 16.

61 2340 70 2357 ι
92 2332 122 2359 ἓν
137 2333 253 2365 παιδίον,
267 2335 335 2369 ὅπερ
350 2334 395 2360 καὶ
410 2335 475 2361 αὐτὸ
485 2335 543 2361 κατ’
557 2335 665 2370 ἐντολὴν
680 2334 793 2369 ἀγγέλου
805 2335 838 2350 ⁵⁸⁵

93 2407 106 2422 ι
121 2401 183 2428 Act.
201 2409 260 2433 xu,
276 2401 368 2428 26-50.
408 2401 494 2429 l>Gen.
508 2410 564 2434 xix,
582 2402 625 2429 I7.
665 2408 676 2422 ο
692 2402 808 2434 .-lct.xu,
825 2401 837 2429 Α

894 2400 979 2427 iibid.
997 2401 1040 2434 18,
1058 2401 1101 2428 l9.

693 2459 809 2489 VARI/ﬁ
825 2459 1024 2487 LECTIONES.

94 2519 116 2535 "
131 2519 213 2545 πάλιν
236 2518 305 2554 add.
324 2518 373 2554 r‘p’"
389 2518 493 2545 Παύλου
507 2519 537 2545 οὺ
554 2518 628 2554 βουλ.
659 2518 704 2534 ""
719 2519 856 2554 γινομένη.

1266 2517 1288 2532 ⁵⁸
1303 2516 1341 2552 τῷ
1360 2516 1463 2550 λέγοντι
1477 2522 1531 2542 om.
1577 2514 1611 2531 διν
1626 2513 1674 2540 καί

62 2561 115 2580 om.
155 2555 199 2569 ⁵⁸³·
218 2553 380 2589 περιϐλέψῃ.
412 2554 434 2569 ³⁷
448 2553 610 2589 τετραδύοις.

893 2518 915 2534 ⁵⁸
929 2519 974 2546 καί
995 2519 1056 2545 add.
1096 2519 1119 2535 ⁸⁵
1136 2518 1226 2545 αὑτοῦ.

651 2554 673 2569 ⁵⁸
684 2554 838 2589 γενόμενον.
871 2554 904 2570 ⁸⁸·
922 2554 1036 2588 ἀγγέλου
1052 2554 1136 2581 deest.

96 2611 151 2645 (ll)
165 2611 354 2645 Προσέχουσι
365 2611 405 2643 τῷ
415 2611 544 2645 λέγοντι.
554 2609 592 2638 Id.
603 2610 664 2646 cod.
677 2618 739 2642 ms.,
757 2619 840 2646 προσ-

65 2646 165 2681 ᾐίουσι,
177 2646 228 2681 γτῷ
249 2646 354 2680 λέγοντι
380 2646 581 2681 πεισθήτωσανν
605 2645 712 2677 Σώζων,
731 2654 758 2672 κ.
774 2645 799 2672 τ.
815 2646 838 2673 λ.

88 2685 153 2708 eete.
172 2680 218 2708 Sic
234 2681 307 2708 enim
323 2682 464 2715 legendum
480 2680 577 2708 suadet
591 2688 653 2707 mox
671 2681 841 2715 subsequens

67 2716 319 2758 ὐτεοειιῖγησθήτωσανἶ
337 2715 403 2758 lluic
423 2716 546 2751 geminus
572 2715 647 2743 locus
667 2720 755 2743 exstat
773 2716 842 2742 infra

68 2753 112 2777 sub
125 2750 202 2777 linem
213 2750 336 2778 canonis
348 2750 391 2777 Η.
427 2750 435 2751 ί

100 2786 151 2820 (12)
168 2786 220 2813 Καὶ
237 2786 304 2820 περὶ
325 2785 385 2812 τοῦ.
412 2785 492 2814 Deest
519 2784 673 2821 praepositio
701 2785 728 2813 in
749 2785 841 2814 eodem

893 2617 943 2637 ms.
962 2609 1012 2638 Ubi
1030 2609 1109 2644 paulo
1125 2614 1184 2645 post
1200 2610 1308 2645 legitur,
1324 2610 1370 2645 καὶ
1385 2608 1674 2645 ρυσθέντοςλὲκιχειρὸξ

892 2645 938 2671 τοῦ
945 2679 955 2680 η
961 2642 1093 2679 φονώδους
1101 2679 1104 2680 ν
1111 2642 1287 2680 Ἠρὼδοῦκαὶ
1296 2642 1390 2680 πάισης
1395 2645 1443 2679 τῆς
1452 2642 1614 2680 προσδοκίας
1627 2642 1674 2670 τοῦ

893 2679 956 2705 λαοῦ
967 2677 1021 2706 τῶν
1043 2677 1184 2710 Ὶουδαίῴν,
1199 2680 1257 2704 κατ’
1271 2677 1371 2709 two)“,
1388 2677 1428 2705 utr
1440 2677 1553 2705 habetur
1568 2677 1594 2703 in
1611 2680 1671 2705 Act.

894 2715 1212 2785 ΧιΐιέἷΙᾺςῑαγχθῆνςιρ.
1241 2748 1278 2775 ld.
1296 2756 1358 2779 ms.,
1385 2749 1548 2774 ἀποκτεῖναι.
1571 2748 1674 2778 Toxlus

894 2784 951 2812 Act.
971 2792 1017 2819 sn,
1038 2784 1079 2818 l9,
1099 2784 1262 2819 ἀπαχθῆναι.
