1909 3069
201 47 254 76 507

712 43 742 72 S.
762 43 865 72 PETRI
880 44 1113 73 ALEXANDRINI
1134 43 1284 73 EPISCOPI

1768 45 1830 74 508

200 105 270 138 bita,
284 105 312 132 in
328 104 491 132 oraillorum
505 103 598 131 vinum
615 101 793 130 infundebant
801 110 834 130 ex
845 103 983 131 libarioni-

1040 104 1122 130 ιύτῶν
1137 103 1243 138 ἐνέχεον
1259 101 1329 129 οἶνον
1342 103 1373 129 ὲκ
1394 103 1448 130 τῶν
1464 103 1583 131 σπονδῶν
1593 124 1600 137 ,
1617 104 1634 140 ἦ
1651 105 1698 131 καὶ
1715 105 1749 131 ὲκ
1767 105 1829 131 τῶν

201 151 263 184 bus,
282 151 324 178 vel
341 150 424 177 etiam
432 157 465 177 ex
478 149 549 177 idolo
560 148 685 176 mactatis
698 148 827 176 carnibus
845 149 982 184 quidpiam

201 196 310 222 illorum
331 195 372 222 ori
389 195 557 228 inserebant,
578 201 610 220 ac
625 194 704 221 thura
720 193 841 228 ipsorum
858 194 984 222 manibus

201 241 367 276 injicientcs.
392 241 466 275 ipsos
494 240 528 267 ad
551 247 626 266 aram
648 239 803 272 trahebant,
816 243 843 267 et
870 247 918 275 per
930 240 983 267 vim

201 287 407 322 comprehensis
418 287 525 314 illorum
536 286 672 317 manibus,
686 290 732 313 aut
745 286 822 313 tburn
832 293 884 313 arae
894 293 985 321 super-

202 333 368 365 fundebant;
385 335 432 359 aut
461 331 544 359 etiam
560 332 693 359 carbones
718 339 780 358 cum
804 332 884 359 thure
899 333 984 367 impo-

201 379 302 406 nebant
327 378 447 412 ipsorum
479 377 624 409 manibus,
644 380 673 403 ut
698 377 804 404 ardoris
832 377 983 404 cruciatum

200 424 314 452 minime
333 424 461 456 ferentes,
477 423 540 451 tbus
551 431 614 451 cum
625 424 790 452 carbonibus
807 424 836 451 in
851 432 926 451 aram
943 424 984 452 ef-

201 470 363 503 funderent;
392 470 426 497 ab
449 470 552 497 eisdem
572 477 669 504 nempe
688 469 890 498 detinebantur.
904 470 985 505 Ejus-

201 517 276 545 modi
298 517 326 544 in
343 523 424 543 sacro
443 516 595 544 ministerio
622 516 730 543 censeri
756 523 836 551 posse
859 515 984 550 allirmat,

202 562 244 590 vel
258 561 349 597 potius
375 561 403 588 in
418 559 608 589 confessorum
622 560 718 587 ordine
740 561 878 588 collocari.
892 560 985 596 Neque

202 608 274 635 enim
290 614 338 634 sua
347 610 443 641 sponte
457 606 497 634 vel
509 606 688 641 degustabant
700 606 852 640 libationes,
865 607 906 634 vel
923 607 986 635 thus

202 654 377 688 imponebant
405 660 469 685 arae,
499 652 546 680 sed
572 652 598 679 vi
623 652 721 683 coacti,
746 653 852 680 ratione
874 653 984 680 illorum

203 699 304 726 actioni
321 698 432 725 minime
455 698 640 725 consentiente
667 707 674 725 :
705 698 933 733 quemadmodum
959 703 986 726 et

202 744 305 779 quibus
319 747 518 771 tormentorum
530 743 693 770 necessitate
704 744 839 772 resolutus
850 743 939 771 fuerat
945 745 986 772 vi-

203 797 253 824 gor
274 789 406 824 corporis,
419 793 449 816 ut
467 797 517 818 nec
528 789 630 816 moveri
645 796 695 816 nec
715 790 788 825 loqui
801 795 922 825 possent,
934 798 985 818 nec

205 834 297 862 vinum
314 834 474 862 libationum
487 834 515 860 in
526 841 573 860 ora
590 834 712 869 ipsorqu
725 842 774 869 per
789 835 843 862 vim
860 835 986 870 injicien-

204 880 278 907 tibus
291 880 435 911 obsistere,
450 879 469 906 ii
487 887 596 914 quoque
613 880 702 906 locum
718 879 789 907 inter
813 880 986 908 confessores

203 925 376 953 obtinebunt.
393 924 508 953 Disserit
518 928 607 952 autem
621 933 682 952 mox
693 925 726 952 de
741 925 774 953 iis
786 926 833 960 qui
843 926 987 954 conscien-

204 971 249 997 tiae
261 970 418 1006 martyrium
431 975 573 1005 peragunt,
600 978 632 998 ac
643 978 690 998 eos
702 978 810 1007 quoque
828 971 855 999 in
879 971 987 1000 confes-

203 1024 297 1043 sorum
312 1024 426 1044 numero
443 1016 523 1044 locat.

497 1061 612 1090 CANON
630 1062 688 1090 XV.

240 1118 250 1134 ι
266 1107 325 1136 Non
346 1109 526 1143 reprehendet
553 1117 602 1137 nos
628 1109 785 1144 quispiam,
813 1113 936 1144 quartam
961 1115 988 1137 et

205 1163 215 1179 ι
237 1159 341 1182 sextam
356 1155 450 1182 feriam
466 1155 656 1186 observantes,
672 1155 699 1182 in
715 1154 815 1190 quibus
828 1155 908 1182 nobis
920 1155 988 1190 jeju-

205 1210 215 1226 ι
235 1207 302 1228 nare
325 1201 475 1228 secundum
491 1200 665 1228 traditionem
693 1208 756 1227 cum
770 1200 876 1228 ratione
887 1209 988 1235 praece-

205 1255 215 1272 ‹
233 1250 308 1281 ptum
336 1250 388 1274 est.
416 1245 546 1279 Quartam
572 1245 680 1280 quidem
709 1251 819 1282 propter
851 1247 948 1274 initum
973 1256 987 1274 a

205 1302 215 1318 ι
233 1292 336 1320 Judaeis
353 1292 500 1320 consilium
514 1292 547 1320 de
567 1292 722 1327 proditione
734 1293 842 1321 Domini
860 1303 867 1322 :
881 1298 986 1322 sextam

207 1348 216 1364 ι
237 1342 339 1371 autem,
357 1338 429 1373 quod
438 1338 496 1372 ipse
509 1346 558 1373 pro
569 1338 647 1366 nobis
659 1347 758 1373 passus
772 1340 817 1367 sit.
833 1339 986 1367 Diemeuim

206 1392 216 1408 ‹
239 1382 409 1410 Dominicum
426 1383 525 1410 laetitia:
539 1383 609 1410 diem
626 1384 743 1418 agimus,
760 1385 831 1419 quod
849 1385 875 1412 in
896 1393 928 1413 eo
944 1393 987 1412 re-

206 1437 216 1453 ι
233 1427 384 1456 surrexerit
401 1437 408 1455 :
421 1428 449 1455 in
465 1435 518 1464 quo
533 1435 582 1455 nec
593 1435 679 1463 genua
692 1430 801 1464 quidem
816 1429 925 1458 ﬂectere
941 1439 987 1457 ac-

206 1482 217 1498 ι
235 1473 366 1507 cepimus.
385 1482 395 1498 ι

239 1518 320 1546 BALs.
344 1517 552 1552 (Ionsequenter
569 1518 738 1554 sexagesimo
762 1525 861 1554 quarto
888 1521 986 1547 canoni

204 1563 366 1599 apostolico,
378 1563 425 1597 qui
441 1562 563 1589 decernit
578 1570 633 1590 non
646 1571 707 1591 esse
719 1563 798 1591 nobis
807 1564 986 1599 jejunandum

205 1609 344 1643 Sabbatis,
360 1612 459 1645 praeter
481 1617 564 1636 unum
581 1609 739 1642 Sabbatum,
768 1617 896 1645 magnum
913 1610 988 1638 scili:

204 1662 263 1691 cet;
280 1661 307 1685 et
326 1656 497 1692 sexagesimo
523 1664 596 1684 nono
612 1656 656 1691 qui
683 1657 761 1684 valde
787 1657 865 1692 punit
879 1665 926 1685 eos
941 1657 988 1692 qui

205 1711 283 1731 sacra
297 1702 511 1737 Quadragesima
527 1710 582 1731 non
591 1703 728 1738 jejunaut,
747 1703 876 1738 omnique
891 1708 988 1739 quarta

205 1754 232 1777 et
248 1753 325 1777 sexta
343 1748 421 1780 feria.
437 1756 555 1784 praesens
569 1757 679 1784 quoque
695 1749 828 1777 decernit.

242 1794 344 1822 ΖοΝΑιι.
361 1794 483 1829 Semper,
500 1794 598 1830 inquit,
625 1799 721 1830 quarta
736 1799 762 1822 et
777 1798 852 1823 sexta
876 1795 989 1830 cujusli-

206 1841 253 1868 bet
269 1840 446 1868 hebdomadae
460 1840 527 1868 feria
541 1841 721 1875 jejunandum
741 1850 747 1867 :
768 1849 819 1868 nec
844 1849 894 1869 nos
913 1841 990 1876 quis-

207 1893 288 1921 quam
299 1885 456 1920 jejunantes
473 1886 651 1921 reprehendet
668 1896 675 1914 :
697 1894 850 1921 causasque
873 1887 989 1921 subjun—

206 1931 256 1967 git.
274 1931 414 1958 Dominica
430 1939 494 1959 vero
502 1932 545 1959 die
561 1940 616 1959 non
631 1937 674 1960 est
686 1932 875 1967 jejunandum,
890 1933 991 1968 quippe

207 1985 268 2012 quae
284 1977 320 2004 sit
333 1978 424 2012 gaudii
440 1977 474 2005 ob
499 1977 604 2005 Domini
631 1979 868 2006 resurrectionem.
899 1978 990 2014 Neque

207 2030 284 2055 vero,
304 2023 401 2057 inquit,
427 2023 456 2051 in
484 2031 515 2051 ea
530 2031 618 2058 genua
643 2023 714 2052 ﬂecti
731 2028 858 2059 oportere
883 2025 990 2059 accepi-

211 2073 282 2092 unus.
296 2064 500 2094 Observandum
514 2067 597 2102 igitur
613 2069 724 2096 verbum
740 2068 818 2101 illud,
831 2069 989 2103 accepimus,

209 2114 236 2137 et
251 2110 328 2143 illud,
354 2111 428 2139 nobis
450 2113 645 2148 exIIraditione
672 2119 831 2149 prwceplum
846 2119 894 2142 est.
922 2115 988 2142 Nam

209 2156 273 2185 hinc
298 2165 407 2193 quoque
426 2164 538 2194 apparet
566 2160 746 2188 inveteratam
766 2161 989 2188 consuetudinem

208 2210 258 2238 pro
280 2203 339 2239 lege
358 2203 444 2232 fuisse
458 2209 607 2240 acceptam.
632 2205 744 2241 Magnus
773 2213 855 2242 porro
873 2206 990 2234 Basilius

207 2256 306 2277 causas
322 2258 430 2285 quoque
442 2251 572 2283 adnectit,
586 2251 621 2279 ob
633 2260 702 2287 quas
715 2252 857 2279 Dominica
872 2253 925 2285 die,
940 2256 989 2280 eta

207 2293 342 2323 Paschate
359 2296 392 2322 ad
410 2295 596 2324 Pentecostem
612 2305 708 2332 lisque,
723 2305 810 2333 genua
823 2297 930 2325 ﬂectere
943 2306 989 2325 ve-

207 2340 288 2368 titum
307 2346 359 2370 est.
375 2341 446 2378 Lege
473 2348 500 2370 et
511 2344 713 2378 sexagesimum
734 2347 839 2371 sextum
858 2344 988 2378 apostoli-

206 2393 270 2415 cum
283 2394 414 2415 canonem
425 2392 452 2416 Cl
466 2390 665 2424 sexagesimum
681 2397 794 2416 nonum.

1034 149 1212 176 εἰδωλοθύτων
1244 148 1331 185 κρεῶν
1361 149 1486 176 ἐνέϐαλον
1499 151 1539 181 εἰς
1553 150 1584 176 τὸ
1607 151 1693 186 στόμα
1714 150 1827 182 αὐτῶν,

1034 196 1080 222 καὶ
1096 196 1155 226 ταῖς
1172 195 1263 230 χερσὶν
1280 194 1370 221 αὐτῶν
1382 195 1546 227 ἐπιτιθέντες
1560 195 1717 229 λιϐανωτὸν,
1728 193 1828 223 εἷλκον

1034 241 1131 272 αὐτοὺς
1147 241 1192 267 ἐπὶ
1210 241 1255 267 τὸν
1271 240 1360 276 βωμὸν
1373 260 1379 272 ,
1397 241 1444 267 καὶ
1464 241 1513 272 τὰς
1534 242 1625 277 χεῖρας
1641 242 1731 269 αὐτῶν
1755 251 1828 278 κρα-

1034 287 1142 318 τοῦντες
1159 286 1215 321 βίᾳ,
1228 286 1273 312 τὸν
1291 286 1437 313 λιϐανωτὸν
1452 287 1562 322 ἐπέχεον
1576 287 1615 323 τῷ
1630 287 1724 324 βωμῷ,
1739 288 1756 324 ἦ
1775 289 1827 314 καὶ

1035 331 1172 367 ἄνθρακας
1202 331 1271 366 μετὰ
1293 331 1440 358 λιϐανωτοῦ
1469 333 1529 363 ταῖς
1560 332 1699 368 παλάμαις
1728 332 1827 360 αὐτῶν

1035 378 1175 405 ἐπετίθουν
1186 400 1193 411 ,
1215 379 1258 404 ἴνα
1279 377 1316 413 μὴ
1333 378 1460 414 φέροντες
1477 378 1528 413 τὴν
1545 378 1640 414 ὀδύνην
1655 378 1704 414 τὴν
1718 380 1751 405 ἐκ
1771 379 1827 413 τῆς

1035 424 1157 455 καύσεως
1168 424 1296 459 ὲπιχέωσι
1311 423 1354 450 τὸν
1370 423 1515 450 λιϐανωτὸν
1529 425 1576 451 σὺν
1588 425 1643 455 τοῖς
1656 424 1770 460 ἄνθραξι
1782 425 1827 460 τῷ

1037 470 1134 505 βωμῷ·
1153 470 1308 505 κατείχοντο
1325 469 1378 505 γὰρ
1395 471 1460 506 παρ’
1473 469 1571 497 αὐτῶν.
1590 470 1659 502 Τοὺς
1681 471 1827 503 τοιούτους

1035 515 1101 551 φησι
1127 515 1255 543 δύνασθαι
1277 513 1346 543 εἶναι
1363 517 1391 543 ἐν
1403 517 1435 550 τῇ
1447 515 1610 551 λειτουργίᾳ,
1624 515 1640 551 ἦ
1655 516 1756 551 μᾶλλον
1773 517 1826 544 καὶ

1036 563 1065 588 ἐν
1092 563 1148 593 τοῖς
1168 561 1348 597 ὁμολογηταῖς
1368 562 1505 597 τετάχθαι·
1531 563 1561 589 ού
1576 562 1630 598 γὰρ
1645 564 1735 598 οἰκείᾳ
1752 571 1826 599 προ-

1035 607 1140 643 αιρέσει
1160 607 1175 643 ἢ
1189 607 1242 634 τῶν
1257 607 1377 634 σπονδῶν
1391 608 1535 642 ἐγεύσαντο
1545 628 1552 640 ,
1576 608 1592 643 ἢ
1613 609 1658 636 τὸν
1672 609 1824 636 λιϐανωτὸν

1036 652 1167 679 ἐπέϐαλον
1180 651 1218 687 τῷ
1235 652 1329 688 βωμῷ,
1342 652 1399 679 ἀλλ’
1415 653 1431 688 ἢ
1448 653 1502 689 βίᾳ,
1525 652 1572 680 τοῦ
1584 653 1713 688 λογισμοῦ
1730 654 1824 681 αὐτῶν

1035 700 1067 734 τῇ
1091 698 1187 734 πράξει
1211 698 1247 734 μὴ
1270 699 1544 734 συγκατατιθεμένου.
1563 699 1666 735 ’Ὠσπερ
1683 700 1731 726 καὶ
1745 700 1770 725 οἱ
1787 701 1823 734 τῇ

1036 744 1089 771 τῶν
1112 744 1236 779 βασάνων
1256 744 1361 780 ἀνάγκῃ
1385 744 1586 781 παραλυθέντες
1608 745 1653 772 τὸν
1677 745 1753 772 τόνον
1773 745 1823 771 τοῦ

1037 789 1177 825 σώματος,
1200 790 1237 821 ὡς
1259 790 1326 825 μήτε
1343 790 1485 826 κινηθῆναι
1497 790 1634 821 δύνασθαι,
1654 791 1721 826 μήτε
1738 789 1825 824 φθέγ-

1037 828 1144 867 ξασθαι,
1169 836 1215 862 καὶ
1229 836 1385 871 ἀντιστῆναι
1402 836 1459 867 τοῖς
1473 835 1518 871 βίᾳ
1535 837 1575 867 είς
1588 835 1622 862 τὰ
1637 835 1758 871 στόματα
1771 836 1824 862 αύ-

1035 880 1088 907 τῶν
1106 880 1216 915 ὲκχέασι
1237 880 1282 907 τὸν
1297 879 1369 907 οἶνον
1391 880 1445 907 τῶν
1466 880 1602 912 σπονδῶν,
1625 881 1744 907 κάκεῖνοι
1764 882 1826 913 τοῖς

1036 925 1214 961 ὁμολογηταξ
1232 925 1471 961 συνταχθήσονται.
1490 925 1568 960 Ἑξῆς
1581 925 1608 952 δὲ
1623 926 1685 961 περὶ
1699 926 1755 952 τῶν
1768 926 1824 953 δια-

1036 972 1152 998 νυόντων
1166 971 1196 997 τὸ
1212 971 1261 1006 τῆς
1278 971 1453 1007 συνειδήσεως
1470 971 1618 1006 μαρτύριον
1631 971 1714 1005 λέγει,
1730 972 1825 999 κακεί-

1036 1025 1096 1048 γους
1114 1017 1169 1048 τοῖς
1185 1015 1365 1051 όμολογηταῖς
1380 1015 1565 1051 συναριθμῶν.

1302 1061 1421 1088 ΚΑΝΩΝ
1441 1061 1481 1087 ιε’
1496 1061 1561 1097 (ιε).

1075 1119 1083 1134 ι
1107 1109 1163 1136 Ούκ
1186 1108 1329 1143 ἐγκαλέσει
1349 1117 1391 1140 τις
1412 1109 1477 1143 ἡμῖν
1496 1109 1748 1144 παρατηρουμένοις
1779 1116 1824 1134 τει

1039 1165 1048 1181 ι
1072 1155 1157 1190 τράδα
1172 1155 1219 1181 καὶ
1236 1155 1422 1190 παρασκευὴν,
1434 1155 1462 1180 ἐν
1477 1152 1520 1186 αἷς
1536 1155 1581 1180 καὶ
1597 1154 1736 1189 νηστεύειν
1755 1155 1822 1190 ἡμῖν

1040 1210 1048 1226 ι
1072 1201 1141 1228 κατὰ
1159 1201 1306 1236 παράδοσιν
1330 1201 1447 1235 εὐλόγως
1473 1201 1681 1236 προσετέτακτο.
1699 1200 1756 1236 Τὴν
1772 1200 1823 1235 μὶν

1041 1258 1049 1273 ι
1071 1247 1125 1283 γὰρ
1138 1247 1255 1283 τετράδα
1269 1246 1324 1284 (l9)
1338 1247 1381 1274 διὰ
1394 1248 1424 1273 τὸ
1437 1248 1580 1282 γενόμενον
1594 1247 1756 1282 συμϐούλιον
1770 1246 1823 1273 ὑπὸ

1040 1302 1049 1318 ι
1072 1292 1126 1318 τῶν
1142 1292 1274 1319 Ἰουδαίων
1291 1293 1336 1319 ἐπὶ
1355 1294 1388 1328 τῇ
1411 1292 1538 1328 προδοσίᾳ
1560 1292 1606 1319 τοῦ
1627 1293 1747 1328 Κυρίου·
1772 1291 1822 1327 ei]:

1041 1347 1049 1364 ι
1072 1338 1100 1364 δὲ
1120 1338 1314 1374 παρασκευὴν,
1338 1338 1378 1364 ὃτι
1400 1338 1480 1369 αὐτὸς
1502 1338 1571 1373 ὑπὲρ
1595 1337 1672 1373 ἡμῶν
1695 1337 1778 1364 ἔπαθε
1787 1337 1820 1363 ⁸⁷.

1041 1392 1049 1408 ι
1074 1382 1213 1418 Κυριακὴν
1231 1383 1259 1409 δὲ
1281 1383 1455 1418 χαρμοσύνης
1471 1383 1576 1418 ἡμέραν
1598 1383 1699 1418 ἄγομεν
1718 1382 1762 1408 διὰ
1776 1381 1823 1408 τὸν

1042 1439 1050 1453 ι
1075 1428 1227 1454 ἀναστάντα
1253 1429 1282 1455 ἐν
1304 1428 1389 1464 αὐτῇ,
1415 1429 1444 1455 ὲν
1510 1427 1570 1454 οὐδὲ
1596 1427 1697 1463 γόνατα
1722 1427 1823 1454 κλίνειν

1042 1484 1051 1499 ι
1075 1474 1293 1509 παρειλήφαμεν.
1317 1483 1327 1499 ›

1070 1522 1337 1554 ΒΑΛΣ,“Ακολούθως
1344 1522 1382 1557 τῷ
1392 1521 1427 1553 ξδ’
1437 1520 1606 1556 ἀποστολικῷ
1615 1520 1716 1552 κανόνι,
1731 1519 1770 1555 τῷ
1783 1519 1823 1545 δι-

1035 1570 1186 1605 οριζομένῳ
1202 1569 1239 1605 μὴ
1249 1568 1388 1604 νηστεύειν
1399 1568 1472 1604 ἡμᾶς
1483 1567 1552 1594 κατὰ
1563 1566 1595 1593 τὰ
1606 1566 1744 1598 Σάϐϐατα,
1754 1565 1822 1600 πλὴν

1033 1614 1080 1641 τοῦ
1091 1615 1150 1646 ἐνὸς
1160 1614 1240 1649 μόνου
1252 1612 1402 1644 Σαϐϐάτου,
1412 1611 1459 1638 τοῦ
1470 1611 1586 1647 μεγάλου
1602 1610 1712 1646 δηλαδή·
1725 1610 1773 1636 καὶ
1783 1609 1822 1644 τῷ

1035 1660 1072 1692 ξο¹
1082 1659 1184 1693 κανόνι,
1192 1658 1230 1694 τῷ
1244 1658 1381 1690 κολάζοντι
1391 1657 1514 1692 μεγάλως
1523 1657 1585 1687 τοὺς
1597 1656 1633 1691 μὴ
1644 1655 1821 1690 νηστεύοντας

1033 1706 1083 1742 τὴν
1102 1705 1182 1740 ἁγίαν
1195 1703 1430 1740 Τεσσαρακοστὴν,
1452 1703 1497 1730 καὶ
1518 1702 1589 1729 κατά
1601 1702 1690 1728 πᾶσαν
1706 1701 1821 1737 τετράδα

1035 1752 1083 1779 καὶ
1093 1750 1279 1787 παρασκευὴν,
1293 1750 1339 1776 καὶ
1353 1750 1366 1776 ὁ
1379 1749 1472 1784 παρὼν
1485 1747 1574 1775 κανὼν
1585 1747 1768 1774 διατάττεται.

1074 1795 1195 1822 ΖΩΝΑΡ.
1216 1795 1269 1822 Ἀεί
1300 1804 1367 1831 φησι
1400 1795 1450 1827 τὰς
1474 1794 1605 1834 τετράδας
1618 1793 1663 1820 καὶ
1675 1793 1725 1824 τὰς
1740 1801 1824 1832 παρα-

1041 1842 1140 1874 σκευὰς
1152 1841 1270 1877 ἑκάστης
1283 1841 1427 1876 ἑϐδομάδος
1443 1840 1581 1876 νηστεύειν
1591 1848 1597 1854 ·
1615 1840 1661 1866 καὶ
1677 1839 1727 1864 οὑκ
1739 1838 1823 1864 αἰτιά-

1041 1888 1116 1914 σεταὶ
1129 1896 1170 1919 τις
1182 1888 1255 1923 ἡμᾶς
1269 1887 1464 1922 νηστεύοντας·
1482 1886 1529 1913 καὶ
1543 1886 1592 1917 τὰς
1607 1885 1695 1915 αἰτίας
1708 1884 1822 1920 προστί-

1041 1934 1129 1970 ῡησιν.
1155 1934 1209 1969 Τὴν
1228 1933 1256 1960 δὲ
1278 1934 1419 1970 Κυριακὴν
1436 1932 1576 1968 νηστεύειν
1599 1932 1628 1958 οὺ
1642 1931 1697 1964 δεῖ,
1723 1930 1825 1966 χαρμό-

1042 1989 1119 2007 συνον
1141 1978 1223 2006 οὖσαν
1244 1979 1286 2006 διὰ
1303 1980 1351 2014 τὴν
1373 1979 1419 2005 τοῦ
1445 1979 1547 2014 Κυρίου
1575 1978 1740 2004 ἀνάστασιν·
1763 1977 1822 2003 οὐδὲ

1040 2027 1104 2060 γόνυ
1118 2026 1218 2052 κλίνειν
1232 2026 1260 2051 ἐν
1275 2025 1353 2060 αὐτῇ.
1377 2025 1452 2060 φησὶ,
1469 2023 1684 2060 παρειλήφαμεν.
1700 2022 1822 2058 Σημειω-

1040 2072 1099 2098 τέον
1118 2069 1164 2097 οὖν
1193 2071 1223 2097 τὸ
1245 2070 1479 2104 παρειλήφαμεν,
1506 2069 1552 2096 καὶ
1572 2069 1601 2095 τὸ
1636 2068 1711 2095 κατὰ
1731 2067 1821 2101 παρὰ·

1006 2129 1030 2158 D
1041 2117 1128 2143 δοσιν
1149 2117 1220 2151 ἡμῖν
1243 2116 1468 2150 προστέτακται.
1494 2114 1648 2141 Κάντεῦθεν
1664 2114 1718 2149 γὰρ
1735 2113 1822 2147 φαίνε-

1040 2172 1100 2195 ται,
1119 2164 1159 2189 ὅτι
1175 2162 1205 2189 τὸ
1227 2163 1273 2188 ἐπὶ
1291 2162 1394 2197 μακρὸν
1419 2161 1560 2197 κρατῆσαν
1580 2160 1640 2191 ἔθος
1656 2159 1716 2186 ἀντὶ
1741 2159 1820 2194 νόμον

1041 2209 1201 2242 λελόγισται.
1221 2208 1249 2234 '0
1269 2208 1296 2234 δὲ
1323 2207 1409 2243 μέγας
1434 2207 1572 2237 Βασίλειος
1595 2206 1642 2232 καὶ
1664 2205 1713 2236 τὰς
1736 2204 1820 2235 αἰτίας

1041 2254 1210 2290 προστίθησι,
1221 2255 1253 2280 δι’
1267 2254 1299 2285 ἃς
1318 2253 1501 2289 ἀπηγόρευται
1522 2252 1620 2279 κλίνειν
1645 2252 1674 2277 ὲν
1696 2251 1819 2286 Κυριακῇ

1040 2300 1103 2334 γόνυ
1119 2300 1166 2327 καὶ
1188 2300 1240 2326 ἀπὸ
1262 2299 1308 2326 τοῦ
1332 2300 1426 2334 Πάσχα
1451 2298 1530 2333 μέχρι
1553 2297 1603 2332 τῆς
1625 2296 1818 2331 Πεντηκοστῆς.

1045 2345 1194 2380 ’Λνάγνωοι
1210 2346 1256 2373 καὶ
1268 2346 1312 2373 τὸν
1327 2345 1368 2378 ἔτ’
1383 2344 1560 2372 ἀποστολικδν
1577 2343 1677 2370 κανόνα
1688 2362 1695 2374 ,
1714 2342 1761 2369 καὶ
1775 2341 1819 2374 ξο’.

849 2446 964 2474 VARUE
981 2447 1180 2476 LECTIONES.

261 2491 284 2508 "
293 2491 336 2518 διὰ
348 2492 378 2518 τὸ
389 2492 550 2520 πεπονθέναι
569 2493 649 2520 αὑτὸν
665 2493 734 2527 ὑπὲρ
745 2492 832 2527 ἡμῶν.

242 2547 298 2582 (l8)
316 2548 421 2575 Κανὼν
438 2552 478 2575 ιε’.
499 2548 528 2575 ln
542 2556 593 2576 ms.
610 2549 685 2583 regio
699 2548 769 2576 2058
787 2548 934 2583 praziigitur
947 2548 992 2574 llic

207 2583 303 2618 titulus
319 2583 382 2610 huic
399 2584 495 2610 canoui
511 2593 517 2611 ι
533 2583 590 2610 Τοῦ
607 2583 700 2612 αὐτοῦ
716 2584 750 2610 ἐκ
766 2583 819 2610 τοῦ
834 2584 926 2618 λόγου
939 2583 992 2609 τοῦ

207 2619 248 2649 sic
266 2617 299 2644 τὸ
315 2618 432 2652 Πάσχα.
454 2619 604 2646 llanooum.

244 2652 299 2687 (l9)
319 2653 442 2687 Τὴνμὲν
452 2654 506 2688 γὰρ
518 2662 592 2686 τετρ.
605 2653 757 2680 Cotelerius
767 2653 799 2680 ad
812 2653 994 2687 Const.apost.

209 2688 256 2714 lib.
279 2695 309 2723 ll,
325 2696 385 2722 cap.
408 2688 453 2718 59.
474 2689 545 2715 hunc
569 2696 700 2723 canonem
722 2696 755 2715 ex
775 2688 856 2723 regiis
876 2696 941 2715 mss.
959 2689 993 2714 ita

210 2722 326 2756 complet
341 2730 378 2758 ac?
388 2724 505 2758 restituit
519 2733 524 2749 :
542 2722 597 2758 Τὴν
615 2723 663 2758 μὲν
682 2723 798 2758 τετράδα
809 2722 857 2749 διὰ
872 2723 902 2749 τὸ
918 2723 993 2758 γενό-

215 2764 292 2783 μενον
308 2757 467 2786 συμϐούλιον
481 2758 532 2784 ὑπὸ
547 2758 598 2784 τῶν
616 2757 747 2785 Ἰουδαίων
760 2758 805 2784 ἐπὶ
819 2759 850 2793 τῇ
868 2757 995 2792 προδοσίᾳ

1043 2548 1218 2592 τοῦὶΚυρίου·
1236 2546 1292 2592 τὴν,
1305 2547 1333 2572 δὲ
1357 2546 1542 2592 napaeas-uiri.
1563 2545 1650 2592 bufo
1666 2545 1820 2588 πεπονθέναι

1044 2584 1123 2622 σξὺῖδν
1148 2581 1217 2622 ὖτὲρ
1234 2581 1330 2622 MN.“
1356 2581 1413 2622 ςὴι
1426 2582 1480 2617 γὰρ
1490 2581 1641 2622 ,Κυρξακὴγ
1654 2582 1820 2622 remeas

1045 2619 1149 2654 ἡμέραν
1166 2612 1266 2653 ἄγομεν
1280 2617 1324 2644 διὰ
1338 2612 1390 2654 τδνῖ
1397 2612 1550 2654 ἀναστάντα
1564 2618 1592 2643 ὲν
1768 2612 1820 2641 obsis

1045 2650 1145 2686 γόνατα
1163 2650 1261 2679 κλίνειν
1281 2652 1495 2713 παρειλίὲφαμεν.
1514 2653 1603 2686 Atque
1623 2650 1779 2685 ita'pariier
1791 2659 1819 2688 ex

1048 2689 1155 2713 laudato
1176 2688 1250 2713 renio
1271 2687 1364 2713 codice
1403 2687 1454 2713 058
1467 2691 1493 2713 et
1510 2687 1570 2713 aliis
1587 2686 1675 2713 locum
1694 2685 1819 2713 sunnlerll

1048 2685 1155 2750 ἶῗιιιιᾶιιρ
1176 2688 1250 2724 regio
1271 2685 1364 2715 codice
1384 2685 1454 2715 2058
1467 2691 1493 2715 et
1510 2685 1570 2714 aliis
1587 2686 1675 2713 locum
1694 2685 1820 2721 supplerit

1073 2732 1101 2750 ar
1123 2732 1211 2750 uinus.

1073 2724 1211 2751 arduinus.
