1909 3069
31 49 83 78 509

736 56 955 86 FRAGMENTA.

1617 61 1669 90 510

34 129 1650 150 mm

658 217 728 274 8.
767 218 1050 274 PETRI

427 324 620 356 EPISTOLA
641 325 694 355 AD
709 325 932 358 ECCLESIAM
950 325 1287 357 ALEXANDRINAM.

759 407 807 433 (Ex
819 405 966 438 Gallandio.)

67 545 171 574 Petrus
193 546 225 574 in
241 546 298 575 ﬁde
318 547 366 575 Dei
381 548 507 576 stabilitis
521 548 628 576 dilectis
648 549 780 578 fratribus
803 549 831 577 in

33 591 148 619 Domino
173 593 310 620 salutem.
329 594 463 626 Quoniam
478 595 592 629 cognovi
610 594 746 622 Meletium
760 595 828 623 nihil

34 645 79 671 per
94 637 254 665 utilitatem
270 638 328 673 (20)
345 639 400 673 (cui
424 647 475 667 nec
491 639 711 668 beatissimorum
723 641 830 676 episco-

34 690 128 718 porum
148 691 183 711 ac
199 687 359 720 martyrum
371 685 485 720 epistola
504 685 628 722 placuit).
646 686 694 714 sed
719 687 830 722 insuper

35 729 193 763 ingressum
211 734 338 757 nostram
355 731 512 766 parmciam,
526 735 628 758 tantum
646 731 697 759 sibi
709 740 831 768 assump-

34 774 112 806 sisse,
131 778 163 801 ut
179 774 269 802 etiam
295 783 329 802 ex
350 783 408 803 mea
419 776 586 804 auctoritate
597 777 769 812 presbyteros
779 799 787 811 ,
803 781 831 805 et

43 851 1616 867 Ἦ

874 550 976 586 quibus
998 551 1162 586 permissum
1180 556 1239 579 erat
1252 555 1361 587 egentes
1374 552 1486 580 visitare
1497 572 1504 584 ,
1515 557 1665 582 conaretur

880 604 1021 631 separare;
1039 600 1066 624 et
1078 597 1207 625 indicium
1220 605 1277 625 sua:
1289 599 1446 635 cupiditatis
1458 599 1484 625 in
1500 598 1663 634 principatu.

880 643 1012 677 quosdam
1039 643 1090 671 sibi
1120 644 1263 672 ordinasse
1290 645 1319 672 in
1342 652 1474 673 carcere:
1495 645 1575 672 modo
1598 644 1664 671 illud

880 689 1022 717 observate
1034 710 1041 723 ,
1061 697 1095 717 ne
1114 690 1138 717 ei
1160 691 1384 723 communicetis,
1413 691 1500 718 donec
1519 698 1661 718 occurram

882 735 919 762 illi
938 742 999 762 cum
1017 735 1187 770 sapientibus
1198 736 1275 769 Viris,
1286 740 1314 764 et
1328 736 1433 764 videam
1449 744 1509 772 qua:
1523 741 1587 765 sunt
1600 744 1660 772 qua:

882 779 1020 815 cogitavit.
1034 779 1137 808 Valete.

1617 857 1655 868 -η

704 935 1002 994 ΠΕΤΡΟΥ

336 1039 405 1066 ΤΟΥ
419 1039 611 1067 ΔΓΙΩΤΔΤΟΥ
629 1041 827 1068 ΕΠΙΣΚΟΠΟΥ
841 1041 1097 1069 ΑΛΕΞΑΝΔΡΕΙΔΣ
1113 1043 1173 1070 ΚΑΙ
1190 1043 1375 1071 ΜΔΡΤΥΡΟΣ

802 1119 848 1145 Ἐκ
863 1119 909 1146 τοῦ

501 1200 626 1243 ΠΕΡΙ
662 1200 957 1245 ΘΕΟΤΗΤΟΣ
993 1202 1210 1247 ΒΙΒΛΙΟΥ

172 1336 361 1381 PETRI
401 1336 771 1382 SANCTISSIMI
809 1338 1214 1383 ALEXANDRUE
1254 1338 1529 1385 EPISCOPI

698 1434 750 1464 ET
778 1434 987 1465 MARTYRIS

440 1517 535 1573 EX
571 1517 780 1574 LIBRO
819 1518 909 1574 DE
953 1518 1266 1575 DEITATE

44 1625 194 1661 (laterprele
205 1627 283 1652 Mario
295 1626 432 1653 Mercatore
445 1627 542 1659 (21).—
551 1627 589 1652 Ex
600 1626 1171 1690 acgstgmcmfoncilq
1180 1635 1205 1659 p.
1218 1627 1277 1653 1051
1290 1628 1331 1653 ed.
1344 1628 1432 1654 Venet.
1443 1628 1510 1659 1⁵128,
1522 1631 1548 1654 et
1558 1631 1605 1654 aet.
1619 1634 1660 1659 ru,

80 1791 193 1826 Ἐπειδὴ
207 1791 255 1817 καὶ
266 1790 374 1826 ἀληθῶς
388 1790 402 1826 ἡ
417 1792 495 1826 χάρις
508 1791 555 1817 καὶ
567 1791 583 1826 ή
597 1791 707 1826 ἀλήθεια
718 1791 761 1818 διὰ
776 1793 827 1827 Ἰη-

912 1790 1046 1824 Quoniam
1065 1793 1138 1817 certe
1156 1788 1242 1824 gratia
1256 1792 1282 1816 et
1296 1787 1397 1815 veritas
1417 1796 1464 1823 per
1475 1787 1567 1815 Jesum
1580 1788 1659 1815 Cini-

45 1837 87 1864 σοῦ
99 1836 224 1873 Χριστοῦ
234 1837 343 1871 ἐγένετο
353 1845 359 1851 ·
375 1836 434 1863 ὅθεν
444 1837 490 1863 καὶ
499 1836 589 1872 χάριτί
599 1837 681 1871 ἐσμεν
693 1838 828 1873 σεσωσμέ-

44 1890 89 1913 νοι,
108 1882 183 1908 κατὰ
198 1881 230 1908 τὸ
247 1880 422 1907 ἁποστολικὺν
438 1881 517 1917 ῥητόν
527 1889 533 1895 ·
551 1881 606 1907 Καὶ
622 1881 719 1913 τοῦτο.
736 1883 828 1917 φησὶν,

45 1929 94 1955 οὐκ
111 1927 147 1960 ἐξ
161 1927 259 1962 ὑμῶν·
280 1927 353 1954 Θεοῦ
370 1927 403 1953 τὸ
419 1926 514 1960 δῶρον
526 1927 591 1963 (22)·
610 1929 665 1954 οὐκ
678 1928 712 1960 ἐξ
725 1928 827 1962 ἔργων,

45 1973 90 2000 ἵνα
105 1973 150 2009 μή
168 1983 214 2006 τις
232 1972 428 2007 καυχήσηται’
447 1972 577 2008 θελήματι
591 1973 657 1999 Θεοῦ
674 1973 729 2008 (25)
751 1974 765 2000 ὁ
779 1974 829 2000 Λό-

45 2026 87 2052 γος
104 2018 175 2054 σὰρξ
186 2018 340 2053 γενόμενος,
356 2018 403 2044 καὶ
418 2018 535 2053 σχήματι
550 2018 670 2053 εὑρεθεὶς
679 2018 716 2050 ὡς
726 2018 829 2054 ἄνθρα»

45 2074 101 2097 πος,
119 2066 151 2092 οὐ
166 2064 327 2100 κατελείφθη
345 2064 399 2100 (24)
416 2065 465 2100 τῆς
484 2064 616 2100 θεότητος.
636 2064 703 2091 Οὐδὲ
716 2064 770 2100 γὰρ
786 2065 828 2091 ἵνα

45 2111 89 2146 τῆς
114 2111 256 2146 δύναμεως
283 2110 364 2137 αὐτοῦ
391 2109 408 2145 ἢ
434 2109 511 2144 δόξης
524 2110 614 2136 τέλεον
626 2110 741 2146 ἀποστῇ,
759 2119 830 2137 πτω-

46 2156 144 2190 χεύσεις
157 2156 283 2187 πλούσιος
296 2155 342 2188 ὢν,
355 2155 432 2181 τοῦτο
445 2155 550 2188 ἐγένετο
559 2163 565 2170 ⁸
580 2154 647 2181 ἀλλὰ
667 2155 710 2182 ἵνα.
724 2155 769 2181 καὶ
783 2155 828 2182 τὸν

45 2201 159 2228 θάνατον
174 2201 244 2236 ὑπὲρ
259 2200 336 2235 ἡμῶν
350 2199 402 2226 τῶν
417 2199 585 2235 ἁμαρτωλῶν
605 2199 772 2235 ἀναδέξηται,
790 2200 828 2226 δί-

46 2255 120 2278 καιος
135 2247 208 2281 ὑπὲρ
220 2246 329 2278 ἀδίκων,
347 2246 420 2277 ὅπως
435 2246 508 2281 ἡμᾶς
525 2245 687 2281 προσαγάγῃ
707 2245 746 2280 τῷ
760 2245 828 2280 Θεῷ,

46 2289 211 2321 θανατωθεὶς
224 2290 272 2325 μὲν
286 2289 376 2325 σαρκὶ,
391 2288 564 2323 ζωοποιηθεὶς
576 2289 604 2315 δὲ
618 2290 760 2325 πνεύματι.
773 2290 829 2318 Καὶ

45 2337 106 2370 μεθ’
120 2335 303 2370 ἔτερασὋθεν
321 2335 368 2361 καὶ
391 2335 406 2361 ὁ
429 2335 624 2370 εὐαγγελιστὴς
645 2335 771 2371 ἀληθεύει
786 2335 831 2362 λέ-

42 2387 105 2412 γων·
143 2382 171 2408 Ὀ
189 2382 284 2417 Λόγος
304 2381 381 2415 σὰρξ
399 2381 525 2416 ἐγένετο,
543 2380 592 2407 καὶ
605 2381 780 2414 ἐσκήνωσεν
797 2381 832 2408 ἐν

80 2459 89 2475 ¹
100 2458 182 2486 Joan.
200 2467 218 2486 ι.
235 2459 278 2486 i7.

48 2495 56 2511 '
69 2494 149 2521 Joan.
165 2503 185 2526 ι,
202 2494 243 2521 14.

80 2552 135 2586 (‘20)
149 2551 307 2579 Utilitatem.
323 2551 511 2586 Suppl.agere.

82 2587 137 2619 (‘21)
155 2587 217 2614 Haec
239 2585 424 2621 interpretatio
449 2585 716 2613 llhnnMrznca-roms
737 2589 825 2613 exstat

50 2630 107 2656 pag.
123 2622 184 2653 175,
199 2621 266 2649 edit.
280 2621 371 2656 Baluz.
389 2622 493 2655 Integer
507 2621 654 2656 autemihic
669 2621 744 2648 locus
755 2621 823 2647 reci—

50 2655 117 2683 tatur
137 2658 218 2684 etiam
238 2657 264 2682 in
284 2655 368 2683 Conc.
381 2656 475 2682 ()halc.
492 2660 549 2683 act.
565 2663 583 2682 ι.
601 2655 697 2682 Latine
719 2660 823 2683 tantum

50 2700 80 2719 ex
95 2692 143 2718 alia
158 2695 250 2719 vetere
262 2691 397 2722 versione,
414 2695 478 2718 tom.
493 2690 537 2722 iV,
554 2698 580 2724 p.
598 2690 674 2718 1158.

83 2726 134 2759 (2‘2)
150 2726 226 2754 Θεοῦ
237 2725 271 2752 τὸ
285 2725 387 2759 δῶρον.
405 2725 465 2752 llaec
485 2733 551 2752 sane
571 2725 596 2751 ili
619 2729 691 2752 textu
708 2725 821 2752 Paulino

52 2761 138 2795 Eph“.
159 2769 189 2795 ιι,
206 2761 235 2794 8,
252 2768 313 2796 quae
335 2764 423 2788 tamen
445 2760 536 2788 omisit
556 2760 696 2795 interpres.
720 2759 771 2787 Sed
789 2768 821 2787 ea

332 2460 342 2474 ¹
354 2458 448 2494 Epltes.
464 2465 495 2490 tl,
513 2458 540 2492 8,
554 2458 580 2486 9.
631 2458 733 2486 ’Joan.
750 2467 769 2490 ι,
786 2459 829 2488 Η.

881 1841 952 1864 stum
982 1835 1052 1862 facta
1068 1840 1110 1863 est
1127 1836 1135 1851 ί
1158 1844 1165 1862 :
1193 1834 1264 1861 unde
1290 1838 1316 1862 et
1331 1834 1417 1869 gratia
1435 1841 1529 1861 sumus
1552 1834 1658 1866 salvati,

879 1883 956 1918 juxta
973 1881 1151 1917 apostolicum
1178 1880 1280 1907 dictum
1295 1881 1305 1896 '
1324 1889 1330 1906 :
1356 1879 1389 1906 Et
1405 1881 1463 1910 hac.
1486 1879 1582 1915 inquit,
1604 1888 1657 1907 mm

880 1935 912 1954 επ
926 1927 1007 1959 vobis,
1017 1935 1097 1962 neque
1112 1934 1144 1954 ea:
1158 1926 1287 1961 operibus,
1308 1935 1340 1953 ne
1368 1927 1427 1960 quis
1452 1925 1585 1961 glorietur.
1605 1924 1658 1953 Vo—

881 1974 984 2001 luntate
998 1972 1116 2000 Verbum
1135 1980 1199 1999 caro
1214 1972 1313 1998 factum
1327 1972 1400 2003 est',
1415 1975 1442 1998 et
1457 1971 1549 1998 habitu
1563 1971 1658 1998 inven-

881 2023 937 2048 tum
950 2022 978 2045 ut
990 2018 1071 2046 homo
1086 2018 1106 2045 ‘.
1123 2016 1182 2044 Non
1197 2020 1238 2045 est
1251 2020 1362 2044 tamena
1372 2017 1470 2044 deitate
1485 2016 1656 2045 destitutum.

880 2064 972 2099 Neque
989 2064 1061 2091 enim
1080 2067 1109 2090 ut
1135 2071 1151 2089 a
1170 2070 1219 2090 sua
1234 2063 1318 2097 gloria
1342 2067 1368 2090 et
1384 2063 1484 2090 virtute
1503 2062 1657 2094 desisteret,

881 2117 943 2137 cum
969 2114 1042 2137 esset
1069 2109 1156 2141 dives,
1186 2116 1288 2143 pauper
1302 2112 1343 2136 est
1370 2108 1495 2142 factus“;
1523 2109 1571 2136 sed
1588 2113 1656 2136 etut

882 2160 996 2182 mortem
1011 2163 1060 2190 pro
1076 2155 1156 2183 nobis
1171 2154 1361 2189 peccatoribus
1376 2154 1432 2189 ipse
1443 2154 1654 2189 sustineret,ju-

879 2204 939 2228 stus
953 2209 1002 2235 pro
1017 2201 1136 2236 injustis,
1149 2205 1174 2228 et
1189 2205 1219 2227 ut
1238 2209 1288 2228 nos
1317 2200 1425 2228 oti'erret
1452 2200 1517 2232 Deo,
1535 2204 1657 2227 mortuus

879 2246 989 2281 quidem
1005 2253 1097 2278 carne,
1117 2247 1267 2273 viviﬁcatus
1287 2249 1376 2272 autem
1391 2245 1489 2279 spiritu
1505 2245 1524 2271 ⁸.
1546 2243 1577 2270 Et
1598 2248 1657 2278 post

881 2292 935 2318 alia
947 2290 1039 2319 :Unde
1051 2295 1078 2318 et
1089 2292 1252 2327 evangelista
1266 2291 1364 2319 asserit
1378 2290 1519 2318 veritatem
1540 2290 1633 2317 dicens
1647 2300 1655 2318 :

885 2336 997 2363 Verbum
1014 2345 1075 2363 caro
1105 2337 1204 2371 factum
1225 2341 1273 2369 est,
1302 2341 1327 2363 et
1343 2335 1468 2362 habitavit
1496 2336 1522 2361 in
1547 2335 1621 2361 nobis
1633 2335 1655 2361 ⁷.

883 2381 993 2410 Scilicet
1007 2391 1040 2411 ex
1056 2391 1110 2418 quo
1120 2383 1232 2418 angelus
1247 2382 1384 2418 Virginem
1397 2381 1535 2413 salutavit,
1545 2380 1655 2408 dicens:

865 2459 1000 2495 ‘Philipp.
1016 2469 1047 2495 ιι,
1061 2461 1087 2489 7.
1124 2457 1173 2486 ⁸11
1182 2458 1307 2492 Cor.vm,
1322 2460 1348 2489 9.
1419 2459 1430 2473 ‘
1451 2458 1462 2475 ’
1482 2459 1550 2486 Patr.
1565 2465 1595 2491 II,
1613 2457 1657 2485 l8.

876 2550 993 2591 fortasse
1008 2551 1120 2591 deerant
1135 2552 1163 2579 in
1175 2560 1224 2580 suo
1235 2552 1391 2588 exemplari,
1407 2556 1437 2580 ut
1448 2551 1608 2587 conjicimus
1622 2559 1657 2579 ex

874 2594 934 2620 ejus
949 2594 1082 2614 versione.

910 2620 965 2656 (‘23)
983 2620 1127 2655 Oslﬁpatt
1146 2622 1176 2656 Θ,
1191 2621 1244 2648 ista
1259 2626 1285 2648 et
1300 2623 1439 2656 sequentia
1459 2621 1575 2649 Grabius
1593 2621 1656 2656 illn—

874 2660 941 2684 strat
957 2657 984 2682 in
998 2656 1097 2683 Annot.
1113 2656 1146 2682 ad
1158 2655 1189 2682 G.
1207 2656 1274 2682 Bnlli
1285 2655 1451 2691 Deﬂuaﬁd.
1468 2656 1528 2684 Nic.
1544 2664 1571 2691 p.
1591 2655 1652 2691 172.

879 2691 1231 2752 Ξκατελείφθη.
1259 2692 1287 2718 ln
1313 2699 1364 2718 ms.
1392 2690 1577 2726 Seguieriano.
1603 2690 1655 2718 οὐκ

873 2734 954 2753 απεΛε
959 2734 1032 2761 ιφυη.
